  <div class='ocr_page' id='page_1' title='image "/cluster/home/n/w/nwhite01/storage/ocr_20150623/10/hvd.32044073501330/202.png"; bbox 0 0 3802 6198; ppageno 0'>
   <div class='ocr_carea' id='block_1_1' title="bbox 193 330 2344 399">
    <p class='ocr_par' dir='ltr' id='par_1_1' title="bbox 193 330 2344 399">
     <span class='ocr_line' id='line_1_1' title="bbox 193 330 2344 399; baseline 0.001 -16"><span class='ocrx_word' id='word_1_1' title='bbox 193 341 281 399; x_wconf 72' lang='lat'><strong>555</strong></span> <span class='ocrx_word' id='word_1_2' title='bbox 1067 332 1154 386; x_wconf 85' lang='lat' dir='ltr'><strong>DE</strong></span> <span class='ocrx_word' id='word_1_3' title='bbox 1187 332 1351 389; x_wconf 82' lang='lat' dir='ltr'><strong>VITA</strong></span> <span class='ocrx_word' id='word_1_4' title='bbox 1390 331 1477 387; x_wconf 82' lang='lat' dir='ltr'>ET</span> <span class='ocrx_word' id='word_1_5' title='bbox 1517 330 1823 388; x_wconf 82' lang='lat' dir='ltr'><strong>SCRIPTIS</strong></span> <span class='ocrx_word' id='word_1_6' title='bbox 1864 332 1920 387; x_wconf 90' lang='lat' dir='ltr'><strong>S.</strong></span> <span class='ocrx_word' id='word_1_7' title='bbox 1961 331 2344 387; x_wconf 74' lang='lat' dir='ltr'><strong>IIIPPOLYTI.</strong></span> 
     </span>
    </p>
   </div>
   <div class='ocr_carea' id='block_1_2' title="bbox 3207 332 3311 389">
    <p class='ocr_par' dir='ltr' id='par_1_2' title="bbox 3207 332 3311 389">
     <span class='ocr_line' id='line_1_2' title="bbox 3207 332 3311 389; baseline 0 0"><span class='ocrx_word' id='word_1_8' title='bbox 3207 332 3311 389; x_wconf 74' lang='lat'><strong>566</strong></span> 
     </span>
    </p>
   </div>
   <div class='ocr_carea' id='block_1_3' title="bbox 199 450 3326 527">
    <p class='ocr_par' dir='ltr' id='par_1_3' title="bbox 199 450 3326 527">
     <span class='ocr_line' id='line_1_3' title="bbox 199 450 3326 527; baseline -0.004 -12"><span class='ocrx_word' id='word_1_9' title='bbox 199 462 439 521; x_wconf 60' lang='lat' dir='ltr'><strong>eiulatu“,</strong></span> <span class='ocrx_word' id='word_1_10' title='bbox 468 477 484 510; x_wconf 74' lang='grc' dir='ltr'><strong>ι</strong></span> <span class='ocrx_word' id='word_1_11' title='bbox 538 456 717 512; x_wconf 88' lang='lat' dir='ltr'><strong>eadem</strong></span> <span class='ocrx_word' id='word_1_12' title='bbox 761 457 1139 527; x_wconf 72' lang='lat' dir='ltr'><strong>interpretatur</strong></span> <span class='ocrx_word' id='word_1_13' title='bbox 1188 456 1254 511; x_wconf 92' lang='lat' dir='ltr'><strong>de</strong></span> <span class='ocrx_word' id='word_1_14' title='bbox 1301 455 1510 509; x_wconf 83' lang='lat' dir='ltr'><strong>duabus</strong></span> <span class='ocrx_word' id='word_1_15' title='bbox 1543 452 1670 507; x_wconf 79' lang='lat' dir='ltr'><strong>Iesu</strong></span> <span class='ocrx_word' id='word_1_16' title='bbox 1700 456 1745 510; x_wconf 86' lang='lat' dir='ltr'><strong>A</strong></span> <span class='ocrx_word' id='word_1_17' title='bbox 1771 453 2115 522; x_wconf 82' lang='lat' dir='ltr'><strong>operabatur,</strong></span> <span class='ocrx_word' id='word_1_18' title='bbox 2152 453 2283 506; x_wconf 87' lang='lat' dir='ltr'><strong>nihil</strong></span> <span class='ocrx_word' id='word_1_19' title='bbox 2314 453 2606 505; x_wconf 87' lang='lat' dir='ltr'><strong>humanum</strong></span> <span class='ocrx_word' id='word_1_20' title='bbox 2642 450 2922 511; x_wconf 77' lang='lat' dir='ltr'><strong>divinitate</strong></span> <span class='ocrx_word' id='word_1_21' title='bbox 2950 451 3185 521; x_wconf 79' lang='lat' dir='ltr'><strong>gerebat.</strong></span> <span class='ocrx_word' id='word_1_22' title='bbox 3225 457 3326 505; x_wconf 79' lang='lat' dir='ltr'><strong>Ve-</strong></span> 
     </span>
    </p>
   </div>
   <div class='ocr_carea' id='block_1_4' title="bbox 198 546 1665 619">
    <p class='ocr_par' dir='ltr' id='par_1_4' title="bbox 198 546 1665 619">
     <span class='ocr_line' id='line_1_4' title="bbox 198 546 1665 619; baseline -0.009 -10"><span class='ocrx_word' id='word_1_23' title='bbox 198 554 342 609; x_wconf 82' lang='lat' dir='ltr'><strong>Christi</strong></span> <span class='ocrx_word' id='word_1_24' title='bbox 364 551 580 615; x_wconf 88' lang='lat' dir='ltr'><strong>naturis,</strong></span> <span class='ocrx_word' id='word_1_25' title='bbox 612 566 699 619; x_wconf 91' lang='lat' dir='ltr'><strong>per</strong></span> <span class='ocrx_word' id='word_1_26' title='bbox 728 550 907 604; x_wconf 89' lang='lat' dir='ltr'><strong>vinum</strong></span> <span class='ocrx_word' id='word_1_27' title='bbox 950 549 1250 619; x_wconf 89' lang='lat' dir='ltr'><strong>intelligens</strong></span> <span class='ocrx_word' id='word_1_28' title='bbox 1291 556 1535 600; x_wconf 88' lang='lat' dir='ltr'><strong>naturam</strong></span> <span class='ocrx_word' id='word_1_29' title='bbox 1580 546 1665 598; x_wconf 92' lang='lat' dir='ltr'><strong>di-</strong></span> 
     </span>
    </p>
   </div>
   <div class='ocr_carea' id='block_1_5' title="bbox 196 640 1665 712">
    <p class='ocr_par' dir='ltr' id='par_1_5' title="bbox 196 640 1665 712">
     <span class='ocr_line' id='line_1_5' title="bbox 196 640 1665 712; baseline -0.002 -15"><span class='ocrx_word' id='word_1_30' title='bbox 196 648 350 705; x_wconf 73' lang='lat' dir='ltr'><strong>rinam;</strong></span> <span class='ocrx_word' id='word_1_31' title='bbox 388 660 475 710; x_wconf 88' lang='lat' dir='ltr'><strong>per</strong></span> <span class='ocrx_word' id='word_1_32' title='bbox 514 659 702 712; x_wconf 89' lang='lat' dir='ltr'><strong>aquam</strong></span> <span class='ocrx_word' id='word_1_33' title='bbox 741 658 871 697; x_wconf 89' lang='lat' dir='ltr'><strong>vero</strong></span> <span class='ocrx_word' id='word_1_34' title='bbox 918 653 1168 696; x_wconf 90' lang='lat' dir='ltr'><strong>naturam</strong></span> <span class='ocrx_word' id='word_1_35' title='bbox 1214 642 1502 695; x_wconf 89' lang='lat' dir='ltr'><strong>humanam</strong></span> <span class='ocrx_word' id='word_1_36' title='bbox 1534 640 1665 708; x_wconf 76' lang='grc'>(81).</span> 
     </span>
    </p>
   </div>
   <div class='ocr_carea' id='block_1_6' title="bbox 188 730 1667 804">
    <p class='ocr_par' dir='ltr' id='par_1_6' title="bbox 188 730 1667 804">
     <span class='ocr_line' id='line_1_6' title="bbox 188 730 1667 804; baseline -0.004 -16"><span class='ocrx_word' id='word_1_37' title='bbox 188 736 349 789; x_wconf 68' lang='grc' dir='ltr'><strong>Μίιίηίι</strong></span> <span class='ocrx_word' id='word_1_38' title='bbox 400 733 448 785; x_wconf 80' lang='lat' dir='ltr'><strong>in</strong></span> <span class='ocrx_word' id='word_1_39' title='bbox 486 735 663 803; x_wconf 81' lang='lat' dir='ltr'><strong>poculo</strong></span> <span class='ocrx_word' id='word_1_40' title='bbox 689 752 784 788; x_wconf 81' lang='lat' dir='ltr'><strong>suo</strong></span> <span class='ocrx_word' id='word_1_41' title='bbox 807 735 981 788; x_wconf 81' lang='lat' dir='ltr'><strong>vinum</strong></span> <span class='ocrx_word' id='word_1_42' title='bbox 1008 734 1207 804; x_wconf 79' lang='lat' dir='ltr'><strong>(inquit</strong></span> <span class='ocrx_word' id='word_1_43' title='bbox 1239 730 1429 799; x_wconf 75' lang='lat' dir='ltr'><strong>ille),t°n</strong></span> <span class='ocrx_word' id='word_1_44' title='bbox 1464 731 1667 800; x_wconf 81' lang='lat' dir='ltr'><strong>Virgine</strong></span> 
     </span>
    </p>
   </div>
   <div class='ocr_carea' id='block_1_7' title="bbox 184 810 1668 891">
    <p class='ocr_par' dir='ltr' id='par_1_7' title="bbox 184 810 1668 891">
     <span class='ocr_line' id='line_1_7' title="bbox 184 810 1668 891; baseline -0.003 -13"><span class='ocrx_word' id='word_1_45' title='bbox 184 828 440 878; x_wconf 75' lang='lat' dir='ltr'><strong>dirinitatem</strong></span> <span class='ocrx_word' id='word_1_46' title='bbox 470 841 614 877; x_wconf 80' lang='lat' dir='ltr'><strong>suam</strong></span> <span class='ocrx_word' id='word_1_47' title='bbox 633 827 813 880; x_wconf 77' lang='lat' dir='ltr'><strong>aniens</strong></span> <span class='ocrx_word' id='word_1_48' title='bbox 844 842 959 879; x_wconf 82' lang='lat' dir='ltr'><strong>cum</strong></span> <span class='ocrx_word' id='word_1_49' title='bbox 992 841 1145 877; x_wconf 83' lang='lat' dir='ltr'><strong>carne</strong></span> <span class='ocrx_word' id='word_1_50' title='bbox 1164 864 1178 888; x_wconf 94' lang='lat'><strong>,</strong></span> <span class='ocrx_word' id='word_1_51' title='bbox 1209 833 1458 891; x_wconf 84' lang='lat' dir='ltr'><strong>tanquam</strong></span> <span class='ocrx_word' id='word_1_52' title='bbox 1483 810 1668 875; x_wconf 13' lang='lat' dir='ltr'><strong>irinum</strong></span> 
     </span>
    </p>
   </div>
   <div class='ocr_carea' id='block_1_8' title="bbox 182 912 1670 987">
    <p class='ocr_par' dir='ltr' id='par_1_8' title="bbox 182 912 1670 987">
     <span class='ocr_line' id='line_1_8' title="bbox 182 912 1670 987; baseline -0.003 -16"><span class='ocrx_word' id='word_1_53' title='bbox 182 936 331 971; x_wconf 72' lang='lat' dir='ltr'><strong>merum</strong></span> <span class='ocrx_word' id='word_1_54' title='bbox 368 934 422 970; x_wconf 84' lang='lat' dir='ltr'><strong>ac</strong></span> <span class='ocrx_word' id='word_1_55' title='bbox 450 918 787 987; x_wconf 76' lang='lat' dir='ltr'><strong>purissimum</strong></span> <span class='ocrx_word' id='word_1_56' title='bbox 817 939 837 987; x_wconf 82' lang='lat'><em>;</em></span> <span class='ocrx_word' id='word_1_57' title='bbox 892 915 1036 976; x_wconf 88' lang='lat' dir='ltr'><strong>sive,</strong></span> <span class='ocrx_word' id='word_1_58' title='bbox 1066 922 1125 967; x_wconf 89' lang='lat' dir='ltr'><strong>ut</strong></span> <span class='ocrx_word' id='word_1_59' title='bbox 1178 912 1306 966; x_wconf 82' lang='lat' dir='ltr'><strong>alibi</strong></span> <span class='ocrx_word' id='word_1_60' title='bbox 1357 913 1521 966; x_wconf 89' lang='lat' dir='ltr'><strong>etiam</strong></span> <span class='ocrx_word' id='word_1_61' title='bbox 1572 912 1670 966; x_wconf 87' lang='lat' dir='ltr'><strong>ha-</strong></span> 
     </span>
    </p>
   </div>
   <div class='ocr_carea' id='block_1_9' title="bbox 178 1004 1669 1079">
    <p class='ocr_par' dir='ltr' id='par_1_9' title="bbox 178 1004 1669 1079">
     <span class='ocr_line' id='line_1_9' title="bbox 178 1004 1669 1079; baseline -0.005 -16"><span class='ocrx_word' id='word_1_62' title='bbox 178 1010 393 1079; x_wconf 70' lang='lat' dir='ltr'><strong>bet(82):</strong></span> <span class='ocrx_word' id='word_1_63' title='bbox 433 1011 653 1066; x_wconf 78' lang='lat' dir='ltr'><strong>Hortale</strong></span> <span class='ocrx_word' id='word_1_64' title='bbox 716 1024 901 1077; x_wconf 83' lang='lat' dir='ltr'><strong>corpus</strong></span> <span class='ocrx_word' id='word_1_65' title='bbox 926 1016 1160 1061; x_wconf 81' lang='lat' dir='ltr'><strong>nostrum</strong></span> <span class='ocrx_word' id='word_1_66' title='bbox 1202 1021 1310 1059; x_wconf 64' lang='lat' dir='ltr'><strong>suae</strong></span> <span class='ocrx_word' id='word_1_67' title='bbox 1335 1004 1669 1057; x_wconf 85' lang='lat' dir='ltr'><strong>admiscendo</strong></span> 
     </span>
    </p>
   </div>
   <div class='ocr_carea' id='block_1_10' title="bbox 175 1100 329 1156">
    <p class='ocr_par' dir='ltr' id='par_1_10' title="bbox 175 1100 329 1156">
     <span class='ocr_line' id='line_1_10' title="bbox 175 1100 329 1156; baseline 0.006 -1"><span class='ocrx_word' id='word_1_68' title='bbox 175 1100 329 1156; x_wconf 70' lang='lat' dir='ltr'><strong>virtuti.</strong></span> 
     </span>
    </p>
   </div>
   <div class='ocr_carea' id='block_1_11' title="bbox 224 1190 1670 1259">
    <p class='ocr_par' dir='ltr' id='par_1_11' title="bbox 224 1190 1670 1259">
     <span class='ocr_line' id='line_1_11' title="bbox 224 1190 1670 1259; baseline 0 -17"><span class='ocrx_word' id='word_1_69' title='bbox 224 1190 530 1257; x_wconf 68' lang='lat' dir='ltr'><strong>Proprietate:</strong></span> <span class='ocrx_word' id='word_1_70' title='bbox 562 1200 611 1244; x_wconf 88' lang='lat' dir='ltr'><strong>et</strong></span> <span class='ocrx_word' id='word_1_71' title='bbox 635 1191 956 1259; x_wconf 80' lang='lat' dir='ltr'><strong>operationes</strong></span> <span class='ocrx_word' id='word_1_72' title='bbox 980 1190 1241 1244; x_wconf 81' lang='lat' dir='ltr'><strong>distincta:</strong></span> <span class='ocrx_word' id='word_1_73' title='bbox 1259 1190 1484 1243; x_wconf 85' lang='lat' dir='ltr'><strong>duarum</strong></span> <span class='ocrx_word' id='word_1_74' title='bbox 1514 1199 1670 1243; x_wconf 78' lang='lat' dir='ltr'><strong>natu-</strong></span> 
     </span>
    </p>
   </div>
   <div class='ocr_carea' id='block_1_12' title="bbox 172 1276 1670 1347">
    <p class='ocr_par' dir='ltr' id='par_1_12' title="bbox 172 1276 1670 1347">
     <span class='ocr_line' id='line_1_12' title="bbox 172 1276 1670 1347; baseline 0.003 -17"><span class='ocrx_word' id='word_1_75' title='bbox 172 1293 305 1330; x_wconf 76' lang='lat' dir='ltr'><strong>rarum</strong></span> <span class='ocrx_word' id='word_1_76' title='bbox 329 1277 377 1329; x_wconf 84' lang='lat' dir='ltr'><strong>in</strong></span> <span class='ocrx_word' id='word_1_77' title='bbox 398 1276 517 1331; x_wconf 79' lang='lat' dir='ltr'><strong>Jesu</strong></span> <span class='ocrx_word' id='word_1_78' title='bbox 550 1278 1145 1333; x_wconf 62' lang='lat' dir='ltr'><strong>Christo—Caeterum</strong></span> <span class='ocrx_word' id='word_1_79' title='bbox 1177 1279 1353 1333; x_wconf 87' lang='lat' dir='ltr'><strong>inanis</strong></span> <span class='ocrx_word' id='word_1_80' title='bbox 1382 1280 1670 1347; x_wconf 90' lang='lat' dir='ltr'><strong>scrupulus</strong></span> 
     </span>
    </p>
   </div>
   <div class='ocr_carea' id='block_1_13' title="bbox 170 1371 1670 1443">
    <p class='ocr_par' dir='ltr' id='par_1_13' title="bbox 170 1371 1670 1443">
     <span class='ocr_line' id='line_1_13' title="bbox 170 1371 1670 1443; baseline 0.002 -18"><span class='ocrx_word' id='word_1_81' title='bbox 170 1378 275 1425; x_wconf 76' lang='lat' dir='ltr'><strong>esset</strong></span> <span class='ocrx_word' id='word_1_82' title='bbox 298 1372 505 1440; x_wconf 81' lang='lat' dir='ltr'><strong>upinari,</strong></span> <span class='ocrx_word' id='word_1_83' title='bbox 534 1371 926 1443; x_wconf 74' lang='lat' dir='ltr'><strong>Eutychianam</strong></span> <span class='ocrx_word' id='word_1_84' title='bbox 974 1372 1219 1426; x_wconf 70' lang='lat' dir='ltr'><strong>hazresim</strong></span> <span class='ocrx_word' id='word_1_85' title='bbox 1262 1372 1532 1442; x_wconf 82' lang='lat' dir='ltr'><strong>designari</strong></span> <span class='ocrx_word' id='word_1_86' title='bbox 1572 1375 1670 1428; x_wconf 89' lang='lat' dir='ltr'><strong>hac</strong></span> 
     </span>
    </p>
   </div>
   <div class='ocr_carea' id='block_1_14' title="bbox 170 1463 1671 1533">
    <p class='ocr_par' dir='ltr' id='par_1_14' title="bbox 170 1463 1671 1533">
     <span class='ocr_line' id='line_1_14' title="bbox 170 1463 1671 1533; baseline 0.004 -20"><span class='ocrx_word' id='word_1_87' title='bbox 170 1480 265 1518; x_wconf 74' lang='lat' dir='ltr'><strong>rore</strong></span> <span class='ocrx_word' id='word_1_88' title='bbox 292 1463 457 1532; x_wconf 71' lang='grc' dir='ltr'><strong>μίξας,</strong></span> <span class='ocrx_word' id='word_1_89' title='bbox 485 1464 820 1527; x_wconf 78' lang='lat' dir='ltr'><strong>admiscens;</strong></span> <span class='ocrx_word' id='word_1_90' title='bbox 844 1474 1034 1533; x_wconf 69' lang='lat' dir='ltr'><strong>prazter</strong></span> <span class='ocrx_word' id='word_1_91' title='bbox 1066 1463 1206 1517; x_wconf 88' lang='lat' dir='ltr'><strong>enim</strong></span> <span class='ocrx_word' id='word_1_92' title='bbox 1254 1464 1502 1531; x_wconf 89' lang='lat' dir='ltr'><strong>superius</strong></span> <span class='ocrx_word' id='word_1_93' title='bbox 1533 1465 1671 1519; x_wconf 84' lang='lat' dir='ltr'><strong>reci-</strong></span> 
     </span>
    </p>
   </div>
   <div class='ocr_carea' id='block_1_15' title="bbox 170 1554 1671 1624">
    <p class='ocr_par' dir='ltr' id='par_1_15' title="bbox 170 1554 1671 1624">
     <span class='ocr_line' id='line_1_15' title="bbox 170 1554 1671 1624; baseline 0.001 -15"><span class='ocrx_word' id='word_1_94' title='bbox 170 1566 246 1609; x_wconf 77' lang='lat' dir='ltr'><strong>tata</strong></span> <span class='ocrx_word' id='word_1_95' title='bbox 272 1556 582 1624; x_wconf 83' lang='lat' dir='ltr'><strong>apertissima</strong></span> <span class='ocrx_word' id='word_1_96' title='bbox 628 1555 969 1619; x_wconf 88' lang='lat' dir='ltr'><strong>testimonia,</strong></span> <span class='ocrx_word' id='word_1_97' title='bbox 1006 1556 1288 1608; x_wconf 88' lang='lat' dir='ltr'><strong>innumera</strong></span> <span class='ocrx_word' id='word_1_98' title='bbox 1318 1554 1519 1622; x_wconf 91' lang='lat' dir='ltr'><strong>pariter</strong></span> <span class='ocrx_word' id='word_1_99' title='bbox 1566 1555 1671 1610; x_wconf 89' lang='lat' dir='ltr'><strong>hoc</strong></span> 
     </span>
    </p>
   </div>
   <div class='ocr_carea' id='block_1_16' title="bbox 167 1644 1669 1715">
    <p class='ocr_par' dir='ltr' id='par_1_16' title="bbox 167 1644 1669 1715">
     <span class='ocr_line' id='line_1_16' title="bbox 167 1644 1669 1715; baseline 0.001 -17"><span class='ocrx_word' id='word_1_100' title='bbox 167 1645 255 1699; x_wconf 84' lang='lat' dir='ltr'><strong>loco</strong></span> <span class='ocrx_word' id='word_1_101' title='bbox 274 1645 439 1699; x_wconf 74' lang='lat' dir='ltr'><strong>aﬂ’erre</strong></span> <span class='ocrx_word' id='word_1_102' title='bbox 470 1662 796 1715; x_wconf 84' lang='lat' dir='ltr'><strong>possumus,</strong></span> <span class='ocrx_word' id='word_1_103' title='bbox 830 1661 948 1715; x_wconf 66' lang='lat' dir='ltr'><strong>quae</strong></span> <span class='ocrx_word' id='word_1_104' title='bbox 984 1646 1052 1700; x_wconf 92' lang='lat' dir='ltr'><strong>ab</strong></span> <span class='ocrx_word' id='word_1_105' title='bbox 1074 1644 1221 1700; x_wconf 89' lang='lat' dir='ltr'><strong>omni</strong></span> <span class='ocrx_word' id='word_1_106' title='bbox 1252 1644 1455 1698; x_wconf 88' lang='lat' dir='ltr'><strong>erroris</strong></span> <span class='ocrx_word' id='word_1_107' title='bbox 1495 1646 1669 1715; x_wconf 89' lang='lat' dir='ltr'><strong>suspi-</strong></span> 
     </span>
    </p>
   </div>
   <div class='ocr_carea' id='block_1_17' title="bbox 168 1736 1662 1805">
    <p class='ocr_par' dir='ltr' id='par_1_17' title="bbox 168 1736 1662 1805">
     <span class='ocr_line' id='line_1_17' title="bbox 168 1736 1662 1805; baseline 0.001 -14"><span class='ocrx_word' id='word_1_108' title='bbox 168 1738 281 1791; x_wconf 80' lang='lat' dir='ltr'><strong>cione</strong></span> <span class='ocrx_word' id='word_1_109' title='bbox 304 1752 450 1805; x_wconf 88' lang='lat' dir='ltr'><strong>super</strong></span> <span class='ocrx_word' id='word_1_110' title='bbox 487 1738 592 1793; x_wconf 88' lang='lat' dir='ltr'><strong>hoc</strong></span> <span class='ocrx_word' id='word_1_111' title='bbox 627 1738 856 1792; x_wconf 88' lang='lat' dir='ltr'><strong>articulo</strong></span> <span class='ocrx_word' id='word_1_112' title='bbox 884 1738 1033 1790; x_wconf 92' lang='lat' dir='ltr'><strong>illum</strong></span> <span class='ocrx_word' id='word_1_113' title='bbox 1073 1738 1301 1792; x_wconf 89' lang='lat' dir='ltr'><strong>reddunt</strong></span> <span class='ocrx_word' id='word_1_114' title='bbox 1350 1736 1662 1792; x_wconf 88' lang='lat' dir='ltr'><strong>immunem.</strong></span> 
     </span>
    </p>
   </div>
   <div class='ocr_carea' id='block_1_18' title="bbox 166 1828 1665 1900">
    <p class='ocr_par' dir='ltr' id='par_1_18' title="bbox 166 1828 1665 1900">
     <span class='ocr_line' id='line_1_18' title="bbox 166 1828 1665 1900; baseline 0.001 -17"><span class='ocrx_word' id='word_1_115' title='bbox 166 1831 321 1883; x_wconf 81' lang='lat' dir='ltr'><strong>Etenim</strong></span> <span class='ocrx_word' id='word_1_116' title='bbox 348 1831 395 1883; x_wconf 91' lang='lat' dir='ltr'><strong>in</strong></span> <span class='ocrx_word' id='word_1_117' title='bbox 424 1840 653 1885; x_wconf 88' lang='lat' dir='ltr'><strong>tractatu</strong></span> <span class='ocrx_word' id='word_1_118' title='bbox 685 1830 881 1884; x_wconf 82' lang='lat' dir='ltr'><strong>Contra</strong></span> <span class='ocrx_word' id='word_1_119' title='bbox 918 1828 1144 1883; x_wconf 84' lang='lat' dir='ltr'><strong>Noetum</strong></span> <span class='ocrx_word' id='word_1_120' title='bbox 1169 1874 1182 1896; x_wconf 93' lang='lat'><strong>,</strong></span> <span class='ocrx_word' id='word_1_121' title='bbox 1210 1831 1511 1900; x_wconf 75' lang='lat' dir='ltr'><strong>peculiares</strong></span> <span class='ocrx_word' id='word_1_122' title='bbox 1540 1846 1665 1900; x_wconf 88' lang='lat' dir='ltr'><strong>pro-</strong></span> 
     </span>
    </p>
   </div>
   <div class='ocr_carea' id='block_1_19' title="bbox 165 1922 1666 1992">
    <p class='ocr_par' dir='ltr' id='par_1_19' title="bbox 165 1922 1666 1992">
     <span class='ocr_line' id='line_1_19' title="bbox 165 1922 1666 1992; baseline 0.002 -17"><span class='ocrx_word' id='word_1_123' title='bbox 165 1924 359 1991; x_wconf 81' lang='lat' dir='ltr'><strong>prietates</strong></span> <span class='ocrx_word' id='word_1_124' title='bbox 386 1924 834 1992; x_wconf 82' lang='lat' dir='ltr'><strong>Operationesque</strong></span> <span class='ocrx_word' id='word_1_125' title='bbox 868 1922 1056 1976; x_wconf 90' lang='lat' dir='ltr'><strong>tribuit</strong></span> <span class='ocrx_word' id='word_1_126' title='bbox 1084 1922 1294 1977; x_wconf 89' lang='lat' dir='ltr'><strong>duabus</strong></span> <span class='ocrx_word' id='word_1_127' title='bbox 1325 1922 1528 1977; x_wconf 85' lang='lat' dir='ltr'><strong>Christi</strong></span> <span class='ocrx_word' id='word_1_128' title='bbox 1571 1939 1666 1978; x_wconf 86' lang='lat' dir='ltr'><strong>na-</strong></span> 
     </span>
    </p>
   </div>
   <div class='ocr_carea' id='block_1_20' title="bbox 165 2010 1666 2083">
    <p class='ocr_par' dir='ltr' id='par_1_20' title="bbox 165 2010 1666 2083">
     <span class='ocr_line' id='line_1_20' title="bbox 165 2010 1666 2083; baseline 0.003 -21"><span class='ocrx_word' id='word_1_129' title='bbox 165 2010 264 2063; x_wconf 86' lang='lat' dir='ltr'><strong>turis</strong></span> <span class='ocrx_word' id='word_1_130' title='bbox 299 2021 345 2064; x_wconf 89' lang='lat' dir='ltr'><strong>et</strong></span> <span class='ocrx_word' id='word_1_131' title='bbox 386 2011 603 2080; x_wconf 86' lang='lat' dir='ltr'><strong>quidem</strong></span> <span class='ocrx_word' id='word_1_132' title='bbox 654 2011 741 2066; x_wconf 89' lang='lat' dir='ltr'><strong>bis</strong></span> <span class='ocrx_word' id='word_1_133' title='bbox 776 2012 952 2066; x_wconf 82' lang='lat' dir='ltr'><strong>verbis</strong></span> <span class='ocrx_word' id='word_1_134' title='bbox 980 2011 1089 2081; x_wconf 77' lang='lat'>(85)</span> <span class='ocrx_word' id='word_1_135' title='bbox 1121 2031 1135 2066; x_wconf 88' lang='lat'><strong>:</strong></span> <span class='ocrx_word' id='word_1_136' title='bbox 1174 2030 1191 2063; x_wconf 78' lang='grc' dir='ltr'>ι</span> <span class='ocrx_word' id='word_1_137' title='bbox 1228 2011 1318 2066; x_wconf 86' lang='lat' dir='ltr'><strong>Sic</strong></span> <span class='ocrx_word' id='word_1_138' title='bbox 1359 2013 1519 2083; x_wconf 81' lang='lat' dir='ltr'><strong>igitur</strong></span> <span class='ocrx_word' id='word_1_139' title='bbox 1565 2014 1666 2067; x_wconf 88' lang='lat' dir='ltr'><strong>hu-</strong></span> 
     </span>
    </p>
   </div>
   <div class='ocr_carea' id='block_1_21' title="bbox 163 2102 1667 2173">
    <p class='ocr_par' dir='ltr' id='par_1_21' title="bbox 163 2102 1667 2173">
     <span class='ocr_line' id='line_1_21' title="bbox 163 2102 1667 2173; baseline 0.005 -21"><span class='ocrx_word' id='word_1_140' title='bbox 163 2116 276 2153; x_wconf 81' lang='lat' dir='ltr'><strong>mana</strong></span> <span class='ocrx_word' id='word_1_141' title='bbox 315 2117 401 2154; x_wconf 86' lang='lat' dir='ltr'><strong>sua</strong></span> <span class='ocrx_word' id='word_1_142' title='bbox 452 2118 559 2156; x_wconf 89' lang='lat' dir='ltr'><strong>non</strong></span> <span class='ocrx_word' id='word_1_143' title='bbox 612 2113 862 2167; x_wconf 82' lang='lat' dir='ltr'><strong>recusat,</strong></span> <span class='ocrx_word' id='word_1_144' title='bbox 893 2102 984 2173; x_wconf 90' lang='lat' dir='ltr'><strong>qui</strong></span> <span class='ocrx_word' id='word_1_145' title='bbox 1034 2103 1507 2159; x_wconf 85' lang='lat' dir='ltr'><strong>demonstrabatur</strong></span> <span class='ocrx_word' id='word_1_146' title='bbox 1547 2120 1667 2160; x_wconf 88' lang='lat' dir='ltr'><strong>esse</strong></span> 
     </span>
    </p>
   </div>
   <div class='ocr_carea' id='block_1_22' title="bbox 163 2189 1665 2263">
    <p class='ocr_par' dir='ltr' id='par_1_22' title="bbox 163 2189 1665 2263">
     <span class='ocr_line' id='line_1_22' title="bbox 163 2189 1665 2263; baseline 0.004 -21"><span class='ocrx_word' id='word_1_147' title='bbox 163 2189 289 2253; x_wconf 78' lang='lat' dir='ltr'><strong>Deus,</strong></span> <span class='ocrx_word' id='word_1_148' title='bbox 314 2208 492 2245; x_wconf 89' lang='lat' dir='ltr'><strong>cum...</strong></span> <span class='ocrx_word' id='word_1_149' title='bbox 522 2208 693 2263; x_wconf 85' lang='lat' dir='ltr'><strong>super</strong></span> <span class='ocrx_word' id='word_1_150' title='bbox 717 2194 993 2261; x_wconf 72' lang='lat' dir='ltr'><strong>pulvinum</strong></span> <span class='ocrx_word' id='word_1_151' title='bbox 1028 2193 1267 2257; x_wconf 88' lang='lat' dir='ltr'><strong>dormit,</strong></span> <span class='ocrx_word' id='word_1_152' title='bbox 1301 2194 1391 2262; x_wconf 89' lang='lat' dir='ltr'><strong>qui</strong></span> <span class='ocrx_word' id='word_1_153' title='bbox 1417 2201 1665 2247; x_wconf 88' lang='lat' dir='ltr'><strong>naturam</strong></span> 
     </span>
    </p>
   </div>
   <div class='ocr_carea' id='block_1_23' title="bbox 161 2281 1668 2352">
    <p class='ocr_par' dir='ltr' id='par_1_23' title="bbox 161 2281 1668 2352">
     <span class='ocr_line' id='line_1_23' title="bbox 161 2281 1668 2352; baseline 0.001 -19"><span class='ocrx_word' id='word_1_154' title='bbox 161 2281 276 2335; x_wconf 79' lang='lat' dir='ltr'><strong>habet</strong></span> <span class='ocrx_word' id='word_1_155' title='bbox 295 2282 584 2335; x_wconf 86' lang='lat' dir='ltr'><strong>insomnem</strong></span> <span class='ocrx_word' id='word_1_156' title='bbox 612 2324 627 2347; x_wconf 96' lang='lat'><strong>,</strong></span> <span class='ocrx_word' id='word_1_157' title='bbox 659 2294 719 2335; x_wconf 91' lang='lat' dir='ltr'><strong>ut</strong></span> <span class='ocrx_word' id='word_1_158' title='bbox 759 2281 989 2335; x_wconf 90' lang='lat' dir='ltr'><strong>Deus....</strong></span> <span class='ocrx_word' id='word_1_159' title='bbox 1021 2297 1144 2336; x_wconf 90' lang='lat' dir='ltr'><strong>cum</strong></span> <span class='ocrx_word' id='word_1_160' title='bbox 1178 2282 1245 2335; x_wconf 88' lang='lat' dir='ltr'><strong>ab</strong></span> <span class='ocrx_word' id='word_1_161' title='bbox 1274 2281 1480 2337; x_wconf 85' lang='lat' dir='ltr'><strong>Herode</strong></span> <span class='ocrx_word' id='word_1_162' title='bbox 1518 2298 1668 2352; x_wconf 84' lang='lat' dir='ltr'><strong>sper-</strong></span> 
     </span>
    </p>
   </div>
   <div class='ocr_carea' id='block_1_24' title="bbox 160 2373 1670 2442">
    <p class='ocr_par' dir='ltr' id='par_1_24' title="bbox 160 2373 1670 2442">
     <span class='ocr_line' id='line_1_24' title="bbox 160 2373 1670 2442; baseline 0.002 -18"><span class='ocrx_word' id='word_1_163' title='bbox 160 2373 283 2437; x_wconf 85' lang='lat' dir='ltr'><strong>nitur,</strong></span> <span class='ocrx_word' id='word_1_164' title='bbox 306 2375 387 2442; x_wconf 89' lang='lat' dir='ltr'><strong>qui</strong></span> <span class='ocrx_word' id='word_1_165' title='bbox 410 2382 581 2427; x_wconf 89' lang='lat' dir='ltr'><strong>totam</strong></span> <span class='ocrx_word' id='word_1_166' title='bbox 612 2383 810 2427; x_wconf 90' lang='lat' dir='ltr'><strong>terram</strong></span> <span class='ocrx_word' id='word_1_167' title='bbox 836 2373 1176 2442; x_wconf 74' lang='lat' dir='ltr'><strong>iudicaturus</strong></span> <span class='ocrx_word' id='word_1_168' title='bbox 1206 2382 1353 2427; x_wconf 89' lang='lat' dir='ltr'><strong>est...</strong></span> <span class='ocrx_word' id='word_1_169' title='bbox 1384 2383 1438 2427; x_wconf 90' lang='lat' dir='ltr'><strong>et</strong></span> <span class='ocrx_word' id='word_1_170' title='bbox 1470 2388 1500 2427; x_wconf 91' lang='lat' dir='ltr'><strong>a</strong></span> <span class='ocrx_word' id='word_1_171' title='bbox 1531 2375 1670 2428; x_wconf 87' lang='lat' dir='ltr'><strong>mili-</strong></span> 
     </span>
    </p>
   </div>
   <div class='ocr_carea' id='block_1_25' title="bbox 160 2460 1668 2530">
    <p class='ocr_par' dir='ltr' id='par_1_25' title="bbox 160 2460 1668 2530">
     <span class='ocr_line' id='line_1_25' title="bbox 160 2460 1668 2530; baseline 0.003 -14"><span class='ocrx_word' id='word_1_172' title='bbox 160 2463 264 2518; x_wconf 87' lang='lat' dir='ltr'><strong>tibus</strong></span> <span class='ocrx_word' id='word_1_173' title='bbox 281 2465 506 2519; x_wconf 89' lang='lat' dir='ltr'><strong>illuditur</strong></span> <span class='ocrx_word' id='word_1_174' title='bbox 536 2467 714 2530; x_wconf 91' lang='lat' dir='ltr'><strong>is,cui</strong></span> <span class='ocrx_word' id='word_1_175' title='bbox 740 2474 919 2519; x_wconf 82' lang='lat' dir='ltr'><strong>astant</strong></span> <span class='ocrx_word' id='word_1_176' title='bbox 944 2466 1111 2519; x_wconf 87' lang='lat' dir='ltr'><strong>millia</strong></span> <span class='ocrx_word' id='word_1_177' title='bbox 1135 2460 1385 2529; x_wconf 88' lang='lat' dir='ltr'><strong>millium,</strong></span> <span class='ocrx_word' id='word_1_178' title='bbox 1414 2474 1466 2519; x_wconf 88' lang='lat' dir='ltr'><strong>et</strong></span> <span class='ocrx_word' id='word_1_179' title='bbox 1488 2466 1668 2520; x_wconf 89' lang='lat' dir='ltr'><strong>decies</strong></span> 
     </span>
    </p>
   </div>
   <div class='ocr_carea' id='block_1_26' title="bbox 158 2554 1666 2627">
    <p class='ocr_par' dir='ltr' id='par_1_26' title="bbox 158 2554 1666 2627">
     <span class='ocr_line' id='line_1_26' title="bbox 158 2554 1666 2627; baseline 0.001 -18"><span class='ocrx_word' id='word_1_180' title='bbox 158 2565 328 2609; x_wconf 80' lang='lat' dir='ltr'><strong>centena</strong></span> <span class='ocrx_word' id='word_1_181' title='bbox 356 2558 517 2611; x_wconf 84' lang='lat' dir='ltr'><strong>millia</strong></span> <span class='ocrx_word' id='word_1_182' title='bbox 560 2558 896 2627; x_wconf 83' lang='lat' dir='ltr'><strong>angelorum.</strong></span> <span class='ocrx_word' id='word_1_183' title='bbox 933 2576 951 2609; x_wconf 86' lang='grc'>›</span> <span class='ocrx_word' id='word_1_184' title='bbox 987 2556 1043 2610; x_wconf 92' lang='lat' dir='ltr'><strong>In</strong></span> <span class='ocrx_word' id='word_1_185' title='bbox 1074 2564 1305 2611; x_wconf 87' lang='lat' dir='ltr'><strong>tractatu</strong></span> <span class='ocrx_word' id='word_1_186' title='bbox 1342 2554 1539 2610; x_wconf 82' lang='lat' dir='ltr'><strong>Contra</strong></span> <span class='ocrx_word' id='word_1_187' title='bbox 1562 2557 1666 2610; x_wconf 91' lang='lat' dir='ltr'><strong>Be-</strong></span> 
     </span>
    </p>
   </div>
   <div class='ocr_carea' id='block_1_27' title="bbox 158 2648 1668 2719">
    <p class='ocr_par' dir='ltr' id='par_1_27' title="bbox 158 2648 1668 2719">
     <span class='ocr_line' id='line_1_27' title="bbox 158 2648 1668 2719; baseline 0.003 -21"><span class='ocrx_word' id='word_1_188' title='bbox 158 2662 291 2701; x_wconf 78' lang='lat' dir='ltr'><strong>nnnm</strong></span> <span class='ocrx_word' id='word_1_189' title='bbox 315 2664 563 2718; x_wconf 79' lang='lat' dir='ltr'><strong>expresse</strong></span> <span class='ocrx_word' id='word_1_190' title='bbox 598 2650 790 2713; x_wconf 91' lang='lat' dir='ltr'><strong>docet,</strong></span> <span class='ocrx_word' id='word_1_191' title='bbox 816 2648 1204 2703; x_wconf 85' lang='lat' dir='ltr'><strong>incarnationis</strong></span> <span class='ocrx_word' id='word_1_192' title='bbox 1234 2649 1547 2719; x_wconf 85' lang='lat' dir='ltr'><strong>mysterium</strong></span> <span class='ocrx_word' id='word_1_193' title='bbox 1575 2650 1668 2703; x_wconf 89' lang='lat' dir='ltr'><strong>de-</strong></span> 
     </span>
    </p>
   </div>
   <div class='ocr_carea' id='block_1_28' title="bbox 158 2738 1670 2811">
    <p class='ocr_par' dir='ltr' id='par_1_28' title="bbox 158 2738 1670 2811">
     <span class='ocr_line' id='line_1_28' title="bbox 158 2738 1670 2811; baseline 0.003 -20"><span class='ocrx_word' id='word_1_194' title='bbox 158 2749 406 2811; x_wconf 88' lang='lat' dir='ltr'><strong>monstrare</strong></span> <span class='ocrx_word' id='word_1_195' title='bbox 437 2741 580 2795; x_wconf 92' lang='lat' dir='ltr'><strong>duas</strong></span> <span class='ocrx_word' id='word_1_196' title='bbox 619 2740 949 2794; x_wconf 88' lang='lat' dir='ltr'><strong>substantias</strong></span> <span class='ocrx_word' id='word_1_197' title='bbox 993 2738 1295 2810; x_wconf 83' lang='lat' dir='ltr'><strong>perfectas,</strong></span> <span class='ocrx_word' id='word_1_198' title='bbox 1336 2739 1573 2793; x_wconf 85' lang='lat' dir='ltr'><strong>divinam</strong></span> <span class='ocrx_word' id='word_1_199' title='bbox 1616 2747 1670 2795; x_wconf 86' lang='lat' dir='ltr'><strong>et</strong></span> 
     </span>
    </p>
   </div>
   <div class='ocr_carea' id='block_1_29' title="bbox 158 2829 1669 2903">
    <p class='ocr_par' dir='ltr' id='par_1_29' title="bbox 158 2829 1669 2903">
     <span class='ocr_line' id='line_1_29' title="bbox 158 2829 1669 2903; baseline 0.002 -20"><span class='ocrx_word' id='word_1_200' title='bbox 158 2829 395 2885; x_wconf 81' lang='lat' dir='ltr'><strong>humanam</strong></span> <span class='ocrx_word' id='word_1_201' title='bbox 418 2832 529 2903; x_wconf 67' lang='grc'>(84)</span> <span class='ocrx_word' id='word_1_202' title='bbox 564 2851 577 2885; x_wconf 93' lang='lat'>:</span> <span class='ocrx_word' id='word_1_203' title='bbox 614 2850 632 2883; x_wconf 70' lang='grc' dir='ltr'>ι</span> <span class='ocrx_word' id='word_1_204' title='bbox 665 2831 973 2903; x_wconf 84' lang='lat' dir='ltr'><strong>Mysterium</strong></span> <span class='ocrx_word' id='word_1_205' title='bbox 1008 2846 1241 2901; x_wconf 87' lang='lat' dir='ltr'><strong>namque</strong></span> <span class='ocrx_word' id='word_1_206' title='bbox 1270 2832 1463 2886; x_wconf 68' lang='lat' dir='ltr'><strong>divina:</strong></span> <span class='ocrx_word' id='word_1_207' title='bbox 1491 2832 1669 2887; x_wconf 87' lang='lat' dir='ltr'><strong>incar-</strong></span> 
     </span>
    </p>
   </div>
   <div class='ocr_carea' id='block_1_30' title="bbox 159 2924 1670 2994">
    <p class='ocr_par' dir='ltr' id='par_1_30' title="bbox 159 2924 1670 2994">
     <span class='ocr_line' id='line_1_30' title="bbox 159 2924 1670 2994; baseline 0.003 -20"><span class='ocrx_word' id='word_1_208' title='bbox 159 2925 403 2978; x_wconf 84' lang='lat' dir='ltr'><strong>nationis...</strong></span> <span class='ocrx_word' id='word_1_209' title='bbox 430 2924 687 2994; x_wconf 67' lang='lat' dir='ltr'><strong>perl&#39;ectae</strong></span> <span class='ocrx_word' id='word_1_210' title='bbox 725 2924 940 2979; x_wconf 88' lang='lat' dir='ltr'><strong>deitatis</strong></span> <span class='ocrx_word' id='word_1_211' title='bbox 983 2933 1037 2979; x_wconf 88' lang='lat' dir='ltr'><strong>et</strong></span> <span class='ocrx_word' id='word_1_212' title='bbox 1074 2925 1245 2994; x_wconf 69' lang='lat' dir='ltr'><strong>plenae</strong></span> <span class='ocrx_word' id='word_1_213' title='bbox 1291 2924 1670 2979; x_wconf 89' lang='lat' dir='ltr'><strong>demonstrati-</strong></span> 
     </span>
    </p>
   </div>
   <div class='ocr_carea' id='block_1_31' title="bbox 155 3016 1669 3086">
    <p class='ocr_par' dir='ltr' id='par_1_31' title="bbox 155 3016 1669 3086">
     <span class='ocr_line' id='line_1_31' title="bbox 155 3016 1669 3086; baseline 0.003 -20"><span class='ocrx_word' id='word_1_214' title='bbox 155 3031 248 3068; x_wconf 71' lang='lat' dir='ltr'><strong>vum</strong></span> <span class='ocrx_word' id='word_1_215' title='bbox 285 3016 665 3084; x_wconf 88' lang='lat' dir='ltr'><strong>humanitatis;</strong></span> <span class='ocrx_word' id='word_1_216' title='bbox 739 3035 759 3068; x_wconf 84' lang='grc'><strong>›</strong></span> <span class='ocrx_word' id='word_1_217' title='bbox 802 3026 855 3071; x_wconf 90' lang='lat' dir='ltr'><strong>et</strong></span> <span class='ocrx_word' id='word_1_218' title='bbox 903 3026 1189 3086; x_wconf 90' lang='lat' dir='ltr'><strong>utramque</strong></span> <span class='ocrx_word' id='word_1_219' title='bbox 1238 3026 1489 3071; x_wconf 88' lang='lat' dir='ltr'><strong>naturam</strong></span> <span class='ocrx_word' id='word_1_220' title='bbox 1542 3032 1669 3074; x_wconf 82' lang='lat' dir='ltr'><strong>suas</strong></span> 
     </span>
    </p>
   </div>
   <div class='ocr_carea' id='block_1_32' title="bbox 156 3108 1668 3177">
    <p class='ocr_par' dir='ltr' id='par_1_32' title="bbox 156 3108 1668 3177">
     <span class='ocr_line' id='line_1_32' title="bbox 156 3108 1668 3177; baseline 0.002 -19"><span class='ocrx_word' id='word_1_221' title='bbox 156 3110 456 3176; x_wconf 79' lang='lat' dir='ltr'><strong>praprietates</strong></span> <span class='ocrx_word' id='word_1_222' title='bbox 508 3120 569 3163; x_wconf 88' lang='lat' dir='ltr'><strong>et.</strong></span> <span class='ocrx_word' id='word_1_223' title='bbox 612 3109 951 3177; x_wconf 86' lang='lat' dir='ltr'><strong>operationes</strong></span> <span class='ocrx_word' id='word_1_224' title='bbox 999 3108 1271 3162; x_wconf 86' lang='lat' dir='ltr'><strong>naturales</strong></span> <span class='ocrx_word' id='word_1_225' title='bbox 1319 3109 1521 3177; x_wconf 86' lang='lat' dir='ltr'><strong>absque</strong></span> <span class='ocrx_word' id='word_1_226' title='bbox 1560 3109 1668 3161; x_wconf 89' lang='lat' dir='ltr'><strong>ulla</strong></span> 
     </span>
    </p>
   </div>
   <div class='ocr_carea' id='block_1_33' title="bbox 156 3202 1667 3269">
    <p class='ocr_par' dir='ltr' id='par_1_33' title="bbox 156 3202 1667 3269">
     <span class='ocr_line' id='line_1_33' title="bbox 156 3202 1667 3269; baseline 0.001 -17"><span class='ocrx_word' id='word_1_227' title='bbox 156 3202 400 3254; x_wconf 85' lang='lat' dir='ltr'><strong>mutatione</strong></span> <span class='ocrx_word' id='word_1_228' title='bbox 442 3216 698 3254; x_wconf 78' lang='lat' dir='ltr'><strong>servasse</strong></span> <span class='ocrx_word' id='word_1_229' title='bbox 732 3218 746 3254; x_wconf 89' lang='lat'><strong>:</strong></span> <span class='ocrx_word' id='word_1_230' title='bbox 784 3219 801 3250; x_wconf 75' lang='grc' dir='ltr'>ι</span> <span class='ocrx_word' id='word_1_231' title='bbox 839 3204 1139 3255; x_wconf 84' lang='lat' dir='ltr'><strong>secundum</strong></span> <span class='ocrx_word' id='word_1_232' title='bbox 1179 3209 1468 3269; x_wconf 87' lang='lat' dir='ltr'><strong>utrumque</strong></span> <span class='ocrx_word' id='word_1_233' title='bbox 1507 3215 1667 3254; x_wconf 90' lang='lat' dir='ltr'><strong>suum</strong></span> 
     </span>
    </p>
   </div>
   <div class='ocr_carea' id='block_1_34' title="bbox 158 3292 1670 3362">
    <p class='ocr_par' dir='ltr' id='par_1_34' title="bbox 158 3292 1670 3362">
     <span class='ocr_line' id='line_1_34' title="bbox 158 3292 1670 3362; baseline 0.002 -19"><span class='ocrx_word' id='word_1_234' title='bbox 158 3306 319 3360; x_wconf 63' lang='lat' dir='ltr'><strong>semper</strong></span> <span class='ocrx_word' id='word_1_235' title='bbox 342 3308 670 3362; x_wconf 84' lang='lat' dir='ltr'><strong>permanens</strong></span> <span class='ocrx_word' id='word_1_236' title='bbox 702 3293 818 3347; x_wconf 86' lang='lat' dir='ltr'><strong>sine</strong></span> <span class='ocrx_word' id='word_1_237' title='bbox 849 3308 978 3347; x_wconf 87' lang='lat' dir='ltr'><strong>casu</strong></span> <span class='ocrx_word' id='word_1_238' title='bbox 1000 3332 1014 3355; x_wconf 95' lang='lat'><strong>,</strong></span> <span class='ocrx_word' id='word_1_239' title='bbox 1040 3293 1239 3361; x_wconf 89' lang='lat' dir='ltr'><strong>quibus</strong></span> <span class='ocrx_word' id='word_1_240' title='bbox 1267 3292 1446 3346; x_wconf 87' lang='lat' dir='ltr'><strong>divine</strong></span> <span class='ocrx_word' id='word_1_241' title='bbox 1471 3293 1670 3361; x_wconf 89' lang='lat' dir='ltr'><strong>pariter</strong></span> 
     </span>
    </p>
   </div>
   <div class='ocr_carea' id='block_1_35' title="bbox 156 3384 1668 3455">
    <p class='ocr_par' dir='ltr' id='par_1_35' title="bbox 156 3384 1668 3455">
     <span class='ocr_line' id='line_1_35' title="bbox 156 3384 1668 3455; baseline 0.003 -20"><span class='ocrx_word' id='word_1_242' title='bbox 156 3396 194 3435; x_wconf 78' lang='lat' dir='ltr'><strong>et</strong></span> <span class='ocrx_word' id='word_1_243' title='bbox 218 3384 419 3439; x_wconf 86' lang='lat' dir='ltr'><strong>humane</strong></span> <span class='ocrx_word' id='word_1_244' title='bbox 444 3392 709 3455; x_wconf 85' lang='lat' dir='ltr'><strong>operatus</strong></span> <span class='ocrx_word' id='word_1_245' title='bbox 740 3394 821 3439; x_wconf 84' lang='lat' dir='ltr'><strong>est</strong></span> <span class='ocrx_word' id='word_1_246' title='bbox 850 3403 863 3439; x_wconf 91' lang='lat'>:</span> <span class='ocrx_word' id='word_1_247' title='bbox 900 3386 1279 3454; x_wconf 79' lang='lat' dir='ltr'><strong>perfectionem</strong></span> <span class='ocrx_word' id='word_1_248' title='bbox 1325 3400 1419 3453; x_wconf 91' lang='lat' dir='ltr'><strong>per</strong></span> <span class='ocrx_word' id='word_1_249' title='bbox 1451 3401 1668 3440; x_wconf 90' lang='lat' dir='ltr'><strong>omnem</strong></span> 
     </span>
    </p>
   </div>
   <div class='ocr_carea' id='block_1_36' title="bbox 157 3477 1668 3546">
    <p class='ocr_par' dir='ltr' id='par_1_36' title="bbox 157 3477 1668 3546">
     <span class='ocr_line' id='line_1_36' title="bbox 157 3477 1668 3546; baseline 0.003 -20"><span class='ocrx_word' id='word_1_250' title='bbox 157 3478 387 3546; x_wconf 82' lang='lat' dir='ltr'><strong>utriusque</strong></span> <span class='ocrx_word' id='word_1_251' title='bbox 408 3479 680 3532; x_wconf 89' lang='lat' dir='ltr'><strong>rationem</strong></span> <span class='ocrx_word' id='word_1_252' title='bbox 709 3477 810 3530; x_wconf 86' lang='lat' dir='ltr'><strong>sibi</strong></span> <span class='ocrx_word' id='word_1_253' title='bbox 833 3478 1149 3531; x_wconf 89' lang='lat' dir='ltr'><strong>naturaliter</strong></span> <span class='ocrx_word' id='word_1_254' title='bbox 1175 3477 1668 3531; x_wconf 89' lang='lat' dir='ltr'><strong>incommutabilem</strong></span> 
     </span>
    </p>
   </div>
   <div class='ocr_carea' id='block_1_37' title="bbox 158 3566 1669 3638">
    <p class='ocr_par' dir='ltr' id='par_1_37' title="bbox 158 3566 1669 3638">
     <span class='ocr_line' id='line_1_37' title="bbox 158 3566 1669 3638; baseline 0 -16"><span class='ocrx_word' id='word_1_255' title='bbox 158 3581 368 3634; x_wconf 79' lang='lat' dir='ltr'><strong>terrans;</strong></span> <span class='ocrx_word' id='word_1_256' title='bbox 416 3590 434 3621; x_wconf 75' lang='grc' dir='ltr'><strong><em>ι</em></strong></span> <span class='ocrx_word' id='word_1_257' title='bbox 479 3579 650 3638; x_wconf 89' lang='lat' dir='ltr'><strong>atque</strong></span> <span class='ocrx_word' id='word_1_258' title='bbox 691 3569 810 3623; x_wconf 89' lang='lat' dir='ltr'><strong>ideo</strong></span> <span class='ocrx_word' id='word_1_259' title='bbox 852 3568 1092 3622; x_wconf 84' lang='lat' dir='ltr'><strong>divinum</strong></span> <span class='ocrx_word' id='word_1_260' title='bbox 1140 3566 1369 3622; x_wconf 86' lang='lat' dir='ltr'><strong>Verbum</strong></span> <span class='ocrx_word' id='word_1_261' title='bbox 1410 3569 1669 3623; x_wconf 89' lang='lat' dir='ltr'><strong>miracula</strong></span> 
     </span>
    </p>
   </div>
   <div class='ocr_carea' id='block_1_38' title="bbox 156 3660 1669 3731">
    <p class='ocr_par' dir='ltr' id='par_1_38' title="bbox 156 3660 1669 3731">
     <span class='ocr_line' id='line_1_38' title="bbox 156 3660 1669 3731; baseline 0.001 -18"><span class='ocrx_word' id='word_1_262' title='bbox 156 3664 379 3730; x_wconf 76' lang='lat' dir='ltr'><strong>patrabat,</strong></span> <span class='ocrx_word' id='word_1_263' title='bbox 412 3679 549 3719; x_wconf 89' lang='lat' dir='ltr'><strong>caro</strong></span> <span class='ocrx_word' id='word_1_264' title='bbox 572 3678 698 3717; x_wconf 86' lang='lat' dir='ltr'><strong>vero</strong></span> <span class='ocrx_word' id='word_1_265' title='bbox 733 3662 1034 3731; x_wconf 89' lang='lat' dir='ltr'><strong>patiebatur</strong></span> <span class='ocrx_word' id='word_1_266' title='bbox 1060 3661 1171 3731; x_wconf 81' lang='lat'>(85)</span> <span class='ocrx_word' id='word_1_267' title='bbox 1200 3678 1212 3712; x_wconf 93' lang='lat'>:</span> <span class='ocrx_word' id='word_1_268' title='bbox 1249 3680 1267 3712; x_wconf 83' lang='grc'><em>‹</em></span> <span class='ocrx_word' id='word_1_269' title='bbox 1304 3660 1508 3716; x_wconf 87' lang='lat' dir='ltr'><strong>Deitate</strong></span> <span class='ocrx_word' id='word_1_270' title='bbox 1544 3662 1669 3731; x_wconf 83' lang='lat' dir='ltr'><strong>qui-</strong></span> 
     </span>
    </p>
   </div>
   <div class='ocr_carea' id='block_1_39' title="bbox 156 3752 1664 3824">
    <p class='ocr_par' dir='ltr' id='par_1_39' title="bbox 156 3752 1664 3824">
     <span class='ocr_line' id='line_1_39' title="bbox 156 3752 1664 3824; baseline 0.001 -19"><span class='ocrx_word' id='word_1_271' title='bbox 156 3753 243 3806; x_wconf 83' lang='lat' dir='ltr'><strong>dem</strong></span> <span class='ocrx_word' id='word_1_272' title='bbox 268 3755 502 3810; x_wconf 86' lang='lat' dir='ltr'><strong>divina...</strong></span> <span class='ocrx_word' id='word_1_273' title='bbox 549 3770 776 3824; x_wconf 89' lang='lat' dir='ltr'><strong>operans</strong></span> <span class='ocrx_word' id='word_1_274' title='bbox 802 3773 816 3821; x_wconf 91' lang='lat'><strong>;</strong></span> <span class='ocrx_word' id='word_1_275' title='bbox 849 3752 1183 3807; x_wconf 90' lang='lat' dir='ltr'><strong>humanitate</strong></span> <span class='ocrx_word' id='word_1_276' title='bbox 1207 3767 1335 3807; x_wconf 92' lang='lat' dir='ltr'><strong>vero</strong></span> <span class='ocrx_word' id='word_1_277' title='bbox 1362 3753 1617 3808; x_wconf 89' lang='lat' dir='ltr'><strong>humana.</strong></span> <span class='ocrx_word' id='word_1_278' title='bbox 1645 3774 1664 3806; x_wconf 70' lang='grc' dir='ltr'><strong><em>ν</em></strong></span> 
     </span>
    </p>
   </div>
   <div class='ocr_carea' id='block_1_40' title="bbox 206 3844 1669 3902">
    <p class='ocr_par' dir='ltr' id='par_1_40' title="bbox 206 3844 1669 3902">
     <span class='ocr_line' id='line_1_40' title="bbox 206 3844 1669 3902; baseline 0.002 -6"><span class='ocrx_word' id='word_1_279' title='bbox 206 3844 249 3897; x_wconf 90' lang='lat' dir='ltr'><strong>In</strong></span> <span class='ocrx_word' id='word_1_280' title='bbox 275 3848 606 3902; x_wconf 87' lang='lat' dir='ltr'><strong>humanitate</strong></span> <span class='ocrx_word' id='word_1_281' title='bbox 643 3863 737 3901; x_wconf 90' lang='lat' dir='ltr'><strong>sua</strong></span> <span class='ocrx_word' id='word_1_282' title='bbox 777 3846 1022 3901; x_wconf 87' lang='lat' dir='ltr'><strong>Salvator</strong></span> <span class='ocrx_word' id='word_1_283' title='bbox 1049 3855 1229 3900; x_wconf 89' lang='lat' dir='ltr'><strong>noster</strong></span> <span class='ocrx_word' id='word_1_284' title='bbox 1257 3846 1481 3899; x_wconf 86' lang='lat' dir='ltr'><strong>esurivit</strong></span> <span class='ocrx_word' id='word_1_285' title='bbox 1508 3854 1561 3899; x_wconf 90' lang='lat' dir='ltr'><strong>et</strong></span> <span class='ocrx_word' id='word_1_286' title='bbox 1595 3846 1669 3900; x_wconf 84' lang='lat' dir='ltr'><strong>si-</strong></span> 
     </span>
    </p>
   </div>
   <div class='ocr_carea' id='block_1_41' title="bbox 156 3936 1671 4006">
    <p class='ocr_par' dir='ltr' id='par_1_41' title="bbox 156 3936 1671 4006">
     <span class='ocr_line' id='line_1_41' title="bbox 156 3936 1671 4006; baseline 0.003 -19"><span class='ocrx_word' id='word_1_287' title='bbox 156 3936 275 4001; x_wconf 78' lang='lat' dir='ltr'><strong>tirit;</strong></span> <span class='ocrx_word' id='word_1_288' title='bbox 302 3949 351 3993; x_wconf 89' lang='lat' dir='ltr'><strong>et</strong></span> <span class='ocrx_word' id='word_1_289' title='bbox 388 3941 440 3995; x_wconf 89' lang='lat' dir='ltr'><strong>in</strong></span> <span class='ocrx_word' id='word_1_290' title='bbox 478 3940 767 3995; x_wconf 79' lang='lat' dir='ltr'><strong>divinitate</strong></span> <span class='ocrx_word' id='word_1_291' title='bbox 805 3955 900 3993; x_wconf 89' lang='lat' dir='ltr'><strong>sua</strong></span> <span class='ocrx_word' id='word_1_292' title='bbox 939 3954 1045 3992; x_wconf 89' lang='lat' dir='ltr'><strong>uno</strong></span> <span class='ocrx_word' id='word_1_293' title='bbox 1088 3938 1384 4006; x_wconf 91' lang='lat' dir='ltr'><strong>eodemque</strong></span> <span class='ocrx_word' id='word_1_294' title='bbox 1430 3947 1671 4006; x_wconf 83' lang='lat' dir='ltr'><strong>tempore</strong></span> 
     </span>
    </p>
   </div>
   <div class='ocr_carea' id='block_1_42' title="bbox 157 4029 1678 4101">
    <p class='ocr_par' dir='ltr' id='par_1_42' title="bbox 157 4029 1678 4101">
     <span class='ocr_line' id='line_1_42' title="bbox 157 4029 1678 4101; baseline -0.001 -18"><span class='ocrx_word' id='word_1_295' title='bbox 157 4032 433 4087; x_wconf 77' lang='lat' dir='ltr'><strong>adorabatur</strong></span> <span class='ocrx_word' id='word_1_296' title='bbox 480 4033 554 4086; x_wconf 90' lang='lat' dir='ltr'><strong>ab</strong></span> <span class='ocrx_word' id='word_1_297' title='bbox 601 4032 803 4101; x_wconf 78' lang='lat' dir='ltr'><strong>angelis</strong></span> <span class='ocrx_word' id='word_1_298' title='bbox 836 4031 987 4101; x_wconf 87' lang='lat'>(86):</span> <span class='ocrx_word' id='word_1_299' title='bbox 1040 4050 1059 4082; x_wconf 74' lang='grc' dir='ltr'>ι</span> <span class='ocrx_word' id='word_1_300' title='bbox 1098 4029 1400 4084; x_wconf 88' lang='lat' dir='ltr'><strong>Humanam</strong></span> <span class='ocrx_word' id='word_1_301' title='bbox 1451 4030 1678 4098; x_wconf 88' lang='lat' dir='ltr'><strong>quidem-</strong></span> 
     </span>
    </p>
   </div>
   <div class='ocr_carea' id='block_1_43' title="bbox 157 4122 1673 4193">
    <p class='ocr_par' dir='ltr' id='par_1_43' title="bbox 157 4122 1673 4193">
     <span class='ocr_line' id='line_1_43' title="bbox 157 4122 1673 4193; baseline -0.003 -16"><span class='ocrx_word' id='word_1_302' title='bbox 157 4124 288 4192; x_wconf 86' lang='lat' dir='ltr'><strong>ipsius</strong></span> <span class='ocrx_word' id='word_1_303' title='bbox 310 4138 556 4181; x_wconf 88' lang='lat' dir='ltr'><strong>naturam</strong></span> <span class='ocrx_word' id='word_1_304' title='bbox 592 4126 747 4179; x_wconf 78' lang='lat' dir='ltr'><strong>facile</strong></span> <span class='ocrx_word' id='word_1_305' title='bbox 786 4134 866 4178; x_wconf 89' lang='lat' dir='ltr'><strong>est</strong></span> <span class='ocrx_word' id='word_1_306' title='bbox 912 4138 1237 4193; x_wconf 82' lang='lat' dir='ltr'><strong>agnoscere,</strong></span> <span class='ocrx_word' id='word_1_307' title='bbox 1265 4124 1482 4191; x_wconf 86' lang='lat' dir='ltr'><strong>quando</strong></span> <span class='ocrx_word' id='word_1_308' title='bbox 1504 4122 1673 4175; x_wconf 88' lang='lat' dir='ltr'><strong>esurit</strong></span> 
     </span>
    </p>
   </div>
   <div class='ocr_carea' id='block_1_44' title="bbox 157 4212 1672 4283">
    <p class='ocr_par' dir='ltr' id='par_1_44' title="bbox 157 4212 1672 4283">
     <span class='ocr_line' id='line_1_44' title="bbox 157 4212 1672 4283; baseline 0 -18"><span class='ocrx_word' id='word_1_309' title='bbox 157 4224 194 4266; x_wconf 84' lang='lat' dir='ltr'><strong>et</strong></span> <span class='ocrx_word' id='word_1_310' title='bbox 225 4216 377 4271; x_wconf 81' lang='lat' dir='ltr'><strong>sitit...</strong></span> <span class='ocrx_word' id='word_1_311' title='bbox 414 4216 609 4268; x_wconf 82' lang='lat' dir='ltr'><strong>Divina</strong></span> <span class='ocrx_word' id='word_1_312' title='bbox 657 4228 785 4268; x_wconf 89' lang='lat' dir='ltr'><strong>vero</strong></span> <span class='ocrx_word' id='word_1_313' title='bbox 832 4213 1005 4283; x_wconf 89' lang='lat' dir='ltr'><strong>ipsius</strong></span> <span class='ocrx_word' id='word_1_314' title='bbox 1046 4221 1237 4266; x_wconf 90' lang='lat' dir='ltr'><strong>natura</strong></span> <span class='ocrx_word' id='word_1_315' title='bbox 1286 4227 1392 4265; x_wconf 92' lang='lat' dir='ltr'><strong>non</strong></span> <span class='ocrx_word' id='word_1_316' title='bbox 1439 4212 1672 4266; x_wconf 87' lang='lat' dir='ltr'><strong>obscure</strong></span> 
     </span>
    </p>
   </div>
   <div class='ocr_carea' id='block_1_45' title="bbox 156 4301 1669 4377">
    <p class='ocr_par' dir='ltr' id='par_1_45' title="bbox 156 4301 1669 4377">
     <span class='ocr_line' id='line_1_45' title="bbox 156 4301 1669 4377; baseline -0.001 -20"><span class='ocrx_word' id='word_1_317' title='bbox 156 4305 365 4372; x_wconf 82' lang='lat' dir='ltr'><strong>cernitur,</strong></span> <span class='ocrx_word' id='word_1_318' title='bbox 391 4306 614 4377; x_wconf 85' lang='lat' dir='ltr'><strong>quando</strong></span> <span class='ocrx_word' id='word_1_319' title='bbox 642 4305 710 4359; x_wconf 89' lang='lat' dir='ltr'><strong>ab</strong></span> <span class='ocrx_word' id='word_1_320' title='bbox 752 4304 953 4375; x_wconf 80' lang='lat' dir='ltr'><strong>angelis</strong></span> <span class='ocrx_word' id='word_1_321' title='bbox 984 4303 1306 4358; x_wconf 73' lang='lat' dir='ltr'><strong>adoratum</strong></span> <span class='ocrx_word' id='word_1_322' title='bbox 1337 4301 1457 4357; x_wconf 92' lang='lat' dir='ltr'><strong>Uno</strong></span> <span class='ocrx_word' id='word_1_323' title='bbox 1486 4303 1669 4367; x_wconf 82' lang='lat' dir='ltr'><strong>verbo,</strong></span> 
     </span>
    </p>
   </div>
   <div class='ocr_carea' id='block_1_46' title="bbox 158 4395 1671 4466">
    <p class='ocr_par' dir='ltr' id='par_1_46' title="bbox 158 4395 1671 4466">
     <span class='ocr_line' id='line_1_46' title="bbox 158 4395 1671 4466; baseline 0.001 -19"><span class='ocrx_word' id='word_1_324' title='bbox 158 4400 450 4463; x_wconf 82' lang='lat' dir='ltr'><strong>operationes</strong></span> <span class='ocrx_word' id='word_1_325' title='bbox 480 4400 597 4453; x_wconf 70' lang='lat' dir='ltr'><strong>ista:</strong></span> <span class='ocrx_word' id='word_1_326' title='bbox 623 4398 755 4452; x_wconf 90' lang='lat' dir='ltr'><strong>adeo</strong></span> <span class='ocrx_word' id='word_1_327' title='bbox 789 4397 1053 4452; x_wconf 80' lang='lat' dir='ltr'><strong>distinctae</strong></span> <span class='ocrx_word' id='word_1_328' title='bbox 1079 4405 1236 4461; x_wconf 91' lang='lat' dir='ltr'><strong>sunt,</strong></span> <span class='ocrx_word' id='word_1_329' title='bbox 1265 4395 1419 4466; x_wconf 75' lang='lat' dir='ltr'><strong>juxta</strong></span> <span class='ocrx_word' id='word_1_330' title='bbox 1451 4395 1507 4449; x_wconf 90' lang='lat' dir='ltr'><strong>S.</strong></span> <span class='ocrx_word' id='word_1_331' title='bbox 1540 4395 1671 4465; x_wconf 84' lang='lat' dir='ltr'><strong>Hip-</strong></span> 
     </span>
    </p>
   </div>
   <div class='ocr_carea' id='block_1_47' title="bbox 1770 545 3332 613">
    <p class='ocr_par' dir='ltr' id='par_1_47' title="bbox 1770 545 3332 613">
     <span class='ocr_line' id='line_1_47' title="bbox 1770 545 3332 613; baseline 0.002 -15"><span class='ocrx_word' id='word_1_332' title='bbox 1770 561 1888 599; x_wconf 91' lang='lat' dir='ltr'><strong>rum</strong></span> <span class='ocrx_word' id='word_1_333' title='bbox 1928 545 2049 600; x_wconf 87' lang='lat' dir='ltr'><strong>licet</strong></span> <span class='ocrx_word' id='word_1_334' title='bbox 2085 554 2332 599; x_wconf 89' lang='lat' dir='ltr'><strong>mortuus</strong></span> <span class='ocrx_word' id='word_1_335' title='bbox 2374 552 2455 599; x_wconf 91' lang='lat' dir='ltr'><strong>est</strong></span> <span class='ocrx_word' id='word_1_336' title='bbox 2498 554 2755 613; x_wconf 81' lang='lat' dir='ltr'><strong>tanquam</strong></span> <span class='ocrx_word' id='word_1_337' title='bbox 2798 546 2993 611; x_wconf 87' lang='lat' dir='ltr'><strong>homo,</strong></span> <span class='ocrx_word' id='word_1_338' title='bbox 3031 554 3210 599; x_wconf 89' lang='lat' dir='ltr'><strong>tamen</strong></span> <span class='ocrx_word' id='word_1_339' title='bbox 3244 560 3332 601; x_wconf 83' lang='lat' dir='ltr'><strong>se-</strong></span> 
     </span>
    </p>
   </div>
   <div class='ocr_carea' id='block_1_48' title="bbox 1771 636 3327 707">
    <p class='ocr_par' dir='ltr' id='par_1_48' title="bbox 1771 636 3327 707">
     <span class='ocr_line' id='line_1_48' title="bbox 1771 636 3327 707; baseline 0.001 -17"><span class='ocrx_word' id='word_1_340' title='bbox 1771 636 2005 691; x_wconf 89' lang='lat' dir='ltr'><strong>cundum</strong></span> <span class='ocrx_word' id='word_1_341' title='bbox 2050 637 2348 691; x_wconf 82' lang='lat' dir='ltr'><strong>divinitatis</strong></span> <span class='ocrx_word' id='word_1_342' title='bbox 2396 647 2645 689; x_wconf 85' lang='lat' dir='ltr'><strong>naturam</strong></span> <span class='ocrx_word' id='word_1_343' title='bbox 2694 637 2890 689; x_wconf 89' lang='lat' dir='ltr'><strong>mansit</strong></span> <span class='ocrx_word' id='word_1_344' title='bbox 2942 638 3096 690; x_wconf 86' lang='lat' dir='ltr'><strong>vivus</strong></span> <span class='ocrx_word' id='word_1_345' title='bbox 3134 637 3266 707; x_wconf 89' lang='lat'>(88).</span> <span class='ocrx_word' id='word_1_346' title='bbox 3304 656 3327 691; x_wconf 72' lang='grc' dir='ltr'><strong><em>ι</em></strong></span> 
     </span>
    </p>
   </div>
   <div class='ocr_carea' id='block_1_49' title="bbox 1770 725 3334 797">
    <p class='ocr_par' dir='ltr' id='par_1_49' title="bbox 1770 725 3334 797">
     <span class='ocr_line' id='line_1_49' title="bbox 1770 725 3334 797; baseline 0.003 -19"><span class='ocrx_word' id='word_1_347' title='bbox 1770 725 1947 781; x_wconf 85' lang='lat' dir='ltr'><strong>Habes</strong></span> <span class='ocrx_word' id='word_1_348' title='bbox 1991 727 2155 797; x_wconf 83' lang='lat' dir='ltr'><strong>igitur</strong></span> <span class='ocrx_word' id='word_1_349' title='bbox 2200 728 2336 781; x_wconf 91' lang='lat' dir='ltr'><strong>duas</strong></span> <span class='ocrx_word' id='word_1_350' title='bbox 2364 725 2561 780; x_wconf 89' lang='lat' dir='ltr'><strong>Christi</strong></span> <span class='ocrx_word' id='word_1_351' title='bbox 2618 739 2839 781; x_wconf 58' lang='lat' dir='ltr'><strong>natura:</strong></span> <span class='ocrx_word' id='word_1_352' title='bbox 2871 727 3169 781; x_wconf 84' lang='lat' dir='ltr'><strong>formaliter</strong></span> <span class='ocrx_word' id='word_1_353' title='bbox 3221 729 3334 784; x_wconf 85' lang='lat' dir='ltr'><strong>dis-</strong></span> 
     </span>
    </p>
   </div>
   <div class='ocr_carea' id='block_1_50' title="bbox 1770 817 3334 887">
    <p class='ocr_par' dir='ltr' id='par_1_50' title="bbox 1770 817 3334 887">
     <span class='ocr_line' id='line_1_50' title="bbox 1770 817 3334 887; baseline 0 -14"><span class='ocrx_word' id='word_1_354' title='bbox 1770 819 2007 886; x_wconf 86' lang='lat' dir='ltr'><strong>tinctas,</strong></span> <span class='ocrx_word' id='word_1_355' title='bbox 2059 819 2478 887; x_wconf 86' lang='lat' dir='ltr'><strong>earumdemque</strong></span> <span class='ocrx_word' id='word_1_356' title='bbox 2531 817 2812 871; x_wconf 78' lang='lat' dir='ltr'><strong>distinctas</strong></span> <span class='ocrx_word' id='word_1_357' title='bbox 2872 818 3209 887; x_wconf 82' lang='lat' dir='ltr'><strong>operationes</strong></span> <span class='ocrx_word' id='word_1_358' title='bbox 3275 824 3334 873; x_wconf 86' lang='lat' dir='ltr'><strong>in</strong></span> 
     </span>
    </p>
   </div>
   <div class='ocr_carea' id='block_1_51' title="bbox 1769 909 3333 981">
    <p class='ocr_par' dir='ltr' id='par_1_51' title="bbox 1769 909 3333 981">
     <span class='ocr_line' id='line_1_51' title="bbox 1769 909 3333 981; baseline 0.001 -17"><span class='ocrx_word' id='word_1_359' title='bbox 1769 911 1893 965; x_wconf 82' lang='lat' dir='ltr'><strong>divo</strong></span> <span class='ocrx_word' id='word_1_360' title='bbox 1938 911 2224 981; x_wconf 87' lang='lat' dir='ltr'><strong>Hippolyto</strong></span> <span class='ocrx_word' id='word_1_361' title='bbox 2254 920 2490 965; x_wconf 80' lang='lat' dir='ltr'><strong>asset-tas</strong></span> <span class='ocrx_word' id='word_1_362' title='bbox 2520 909 2807 978; x_wconf 69' lang='lat' dir='ltr'><strong>conspicis.</strong></span> <span class='ocrx_word' id='word_1_363' title='bbox 2843 909 3333 965; x_wconf 82' lang='lat' dir='ltr'><strong>Demonstrandum</strong></span> 
     </span>
    </p>
   </div>
   <div class='ocr_carea' id='block_1_52' title="bbox 1770 1000 3335 1074">
    <p class='ocr_par' dir='ltr' id='par_1_52' title="bbox 1770 1000 3335 1074">
     <span class='ocr_line' id='line_1_52' title="bbox 1770 1000 3335 1074; baseline -0.001 -16"><span class='ocrx_word' id='word_1_364' title='bbox 1770 1012 2049 1074; x_wconf 88' lang='lat' dir='ltr'><strong>superest,</strong></span> <span class='ocrx_word' id='word_1_365' title='bbox 2078 1011 2346 1058; x_wconf 82' lang='lat' dir='ltr'><strong>vetustum</strong></span> <span class='ocrx_word' id='word_1_366' title='bbox 2398 1002 2542 1055; x_wconf 88' lang='lat' dir='ltr'><strong>hunc</strong></span> <span class='ocrx_word' id='word_1_367' title='bbox 2592 1000 2844 1055; x_wconf 73' lang='lat' dir='ltr'><strong>Ecclesiae</strong></span> <span class='ocrx_word' id='word_1_368' title='bbox 2884 1000 3129 1067; x_wconf 88' lang='lat' dir='ltr'><strong>Patrem,</strong></span> <span class='ocrx_word' id='word_1_369' title='bbox 3168 1020 3335 1058; x_wconf 87' lang='lat' dir='ltr'><strong>unam</strong></span> 
     </span>
    </p>
   </div>
   <div class='ocr_carea' id='block_1_53' title="bbox 1770 1095 3336 1166">
    <p class='ocr_par' dir='ltr' id='par_1_53' title="bbox 1770 1095 3336 1166">
     <span class='ocr_line' id='line_1_53' title="bbox 1770 1095 3336 1166; baseline 0.003 -18"><span class='ocrx_word' id='word_1_370' title='bbox 1770 1096 2054 1165; x_wconf 79' lang='lat' dir='ltr'><strong>agnovisse</strong></span> <span class='ocrx_word' id='word_1_371' title='bbox 2103 1096 2154 1147; x_wconf 92' lang='lat' dir='ltr'><strong>in</strong></span> <span class='ocrx_word' id='word_1_372' title='bbox 2190 1095 2406 1149; x_wconf 85' lang='lat' dir='ltr'><strong>Christo</strong></span> <span class='ocrx_word' id='word_1_373' title='bbox 2452 1107 2729 1160; x_wconf 83' lang='lat' dir='ltr'><strong>personam</strong></span> <span class='ocrx_word' id='word_1_374' title='bbox 2758 1134 2773 1158; x_wconf 92' lang='lat'><strong>,</strong></span> <span class='ocrx_word' id='word_1_375' title='bbox 2811 1111 3086 1165; x_wconf 90' lang='lat' dir='ltr'><strong>unumque</strong></span> <span class='ocrx_word' id='word_1_376' title='bbox 3135 1098 3336 1166; x_wconf 81' lang='lat' dir='ltr'><strong>princi-</strong></span> 
     </span>
    </p>
   </div>
   <div class='ocr_carea' id='block_1_54' title="bbox 1770 1187 3337 1260">
    <p class='ocr_par' dir='ltr' id='par_1_54' title="bbox 1770 1187 3337 1260">
     <span class='ocr_line' id='line_1_54' title="bbox 1770 1187 3337 1260; baseline 0.004 -21"><span class='ocrx_word' id='word_1_377' title='bbox 1770 1188 1915 1256; x_wconf 88' lang='lat' dir='ltr'><strong>pium</strong></span> <span class='ocrx_word' id='word_1_378' title='bbox 1958 1187 2333 1255; x_wconf 89' lang='lat' dir='ltr'><strong>operationum</strong></span> <span class='ocrx_word' id='word_1_379' title='bbox 2384 1189 2662 1255; x_wconf 91' lang='lat' dir='ltr'><strong>omnium,</strong></span> <span class='ocrx_word' id='word_1_380' title='bbox 2706 1204 2827 1260; x_wconf 59' lang='lat' dir='ltr'><strong>qua;</strong></span> <span class='ocrx_word' id='word_1_381' title='bbox 2879 1189 3094 1259; x_wconf 88' lang='lat' dir='ltr'><strong>utrique</strong></span> <span class='ocrx_word' id='word_1_382' title='bbox 3130 1200 3337 1245; x_wconf 61' lang='lat' dir='ltr'><strong>natura}</strong></span> 
     </span>
    </p>
   </div>
   <div class='ocr_carea' id='block_1_55' title="bbox 1770 1281 2116 1334">
    <p class='ocr_par' dir='ltr' id='par_1_55' title="bbox 1770 1281 2116 1334">
     <span class='ocr_line' id='line_1_55' title="bbox 1770 1281 2116 1334; baseline -0.003 0"><span class='ocrx_word' id='word_1_383' title='bbox 1770 1281 2116 1334; x_wconf 86' lang='lat' dir='ltr'><strong>conveniunt.</strong></span> 
     </span>
    </p>
   </div>
   <div class='ocr_carea' id='block_1_56' title="bbox 1842 1372 3339 1446">
    <p class='ocr_par' dir='ltr' id='par_1_56' title="bbox 1842 1372 3339 1446">
     <span class='ocr_line' id='line_1_56' title="bbox 1842 1372 3339 1446; baseline 0.004 -21"><span class='ocrx_word' id='word_1_384' title='bbox 1842 1372 1893 1426; x_wconf 92' lang='lat' dir='ltr'><strong>Id</strong></span> <span class='ocrx_word' id='word_1_385' title='bbox 1923 1389 2051 1427; x_wconf 82' lang='lat' dir='ltr'><strong>vero</strong></span> <span class='ocrx_word' id='word_1_386' title='bbox 2084 1373 2484 1429; x_wconf 84' lang='lat' dir='ltr'><strong>evidentissime</strong></span> <span class='ocrx_word' id='word_1_387' title='bbox 2515 1375 2785 1429; x_wconf 82' lang='lat' dir='ltr'><strong>constabit</strong></span> <span class='ocrx_word' id='word_1_388' title='bbox 2822 1376 3115 1446; x_wconf 87' lang='lat' dir='ltr'><strong>unicuique</strong></span> <span class='ocrx_word' id='word_1_389' title='bbox 3150 1376 3233 1439; x_wconf 92' lang='lat' dir='ltr'><strong>vel</strong></span> <span class='ocrx_word' id='word_1_390' title='bbox 3261 1377 3339 1431; x_wconf 79' lang='lat' dir='ltr'><strong>lc-</strong></span> 
     </span>
    </p>
   </div>
   <div class='ocr_carea' id='block_1_57' title="bbox 1770 1468 3338 1537">
    <p class='ocr_par' dir='ltr' id='par_1_57' title="bbox 1770 1468 3338 1537">
     <span class='ocr_line' id='line_1_57' title="bbox 1770 1468 3338 1537; baseline 0.003 -20"><span class='ocrx_word' id='word_1_391' title='bbox 1770 1468 1905 1521; x_wconf 80' lang='lat' dir='ltr'><strong>viter</strong></span> <span class='ocrx_word' id='word_1_392' title='bbox 1937 1468 2228 1522; x_wconf 87' lang='lat' dir='ltr'><strong>attendenti</strong></span> <span class='ocrx_word' id='word_1_393' title='bbox 2264 1482 2402 1536; x_wconf 88' lang='lat' dir='ltr'><strong>quos</strong></span> <span class='ocrx_word' id='word_1_394' title='bbox 2451 1469 2700 1537; x_wconf 88' lang='lat' dir='ltr'><strong>superius</strong></span> <span class='ocrx_word' id='word_1_395' title='bbox 2728 1469 3005 1523; x_wconf 89' lang='lat' dir='ltr'><strong>attulimus</strong></span> <span class='ocrx_word' id='word_1_396' title='bbox 3029 1476 3206 1522; x_wconf 80' lang='lat' dir='ltr'><strong>textus</strong></span> <span class='ocrx_word' id='word_1_397' title='bbox 3227 1508 3241 1531; x_wconf 90' lang='lat'><strong>,</strong></span> <span class='ocrx_word' id='word_1_398' title='bbox 3278 1477 3338 1522; x_wconf 90' lang='lat' dir='ltr'><strong>ut</strong></span> 
     </span>
    </p>
   </div>
   <div class='ocr_carea' id='block_1_58' title="bbox 1770 1561 3339 1620">
    <p class='ocr_par' dir='ltr' id='par_1_58' title="bbox 1770 1561 3339 1620">
     <span class='ocr_line' id='line_1_58' title="bbox 1770 1561 3339 1620; baseline 0 -5"><span class='ocrx_word' id='word_1_399' title='bbox 1770 1561 2178 1620; x_wconf 82' lang='lat' dir='ltr'><strong>distinctionem</strong></span> <span class='ocrx_word' id='word_1_400' title='bbox 2206 1562 2436 1614; x_wconf 89' lang='lat' dir='ltr'><strong>duarum</strong></span> <span class='ocrx_word' id='word_1_401' title='bbox 2483 1572 2800 1615; x_wconf 89' lang='lat' dir='ltr'><strong>naturarum</strong></span> <span class='ocrx_word' id='word_1_402' title='bbox 2846 1570 3106 1615; x_wconf 86' lang='lat' dir='ltr'><strong>assertam</strong></span> <span class='ocrx_word' id='word_1_403' title='bbox 3149 1577 3179 1615; x_wconf 89' lang='lat' dir='ltr'><strong>a</strong></span> <span class='ocrx_word' id='word_1_404' title='bbox 3211 1561 3339 1615; x_wconf 88' lang='lat' dir='ltr'><strong>divo</strong></span> 
     </span>
    </p>
   </div>
   <div class='ocr_carea' id='block_1_59' title="bbox 1770 1651 3337 1723">
    <p class='ocr_par' dir='ltr' id='par_1_59' title="bbox 1770 1651 3337 1723">
     <span class='ocr_line' id='line_1_59' title="bbox 1770 1651 3337 1723; baseline 0.001 -18"><span class='ocrx_word' id='word_1_405' title='bbox 1770 1651 2057 1723; x_wconf 81' lang='lat' dir='ltr'><strong>Hippolyto</strong></span> <span class='ocrx_word' id='word_1_406' title='bbox 2088 1654 2494 1721; x_wconf 80' lang='lat' dir='ltr'><strong>evinceremus;</strong></span> <span class='ocrx_word' id='word_1_407' title='bbox 2536 1670 2600 1708; x_wconf 83' lang='lat' dir='ltr'><strong>ex</strong></span> <span class='ocrx_word' id='word_1_408' title='bbox 2642 1654 2747 1709; x_wconf 91' lang='lat' dir='ltr'><strong>illis</strong></span> <span class='ocrx_word' id='word_1_409' title='bbox 2776 1654 2918 1707; x_wconf 85' lang='lat' dir='ltr'><strong>enim</strong></span> <span class='ocrx_word' id='word_1_410' title='bbox 2958 1658 3124 1722; x_wconf 88' lang='lat' dir='ltr'><strong>probe</strong></span> <span class='ocrx_word' id='word_1_411' title='bbox 3159 1654 3337 1707; x_wconf 85' lang='lat' dir='ltr'><strong>mani-</strong></span> 
     </span>
    </p>
   </div>
   <div class='ocr_carea' id='block_1_60' title="bbox 1770 1744 3339 1814">
    <p class='ocr_par' dir='ltr' id='par_1_60' title="bbox 1770 1744 3339 1814">
     <span class='ocr_line' id='line_1_60' title="bbox 1770 1744 3339 1814; baseline 0.001 -16"><span class='ocrx_word' id='word_1_412' title='bbox 1770 1744 1965 1800; x_wconf 84' lang='lat' dir='ltr'><strong>festum</strong></span> <span class='ocrx_word' id='word_1_413' title='bbox 1997 1745 2136 1808; x_wconf 89' lang='lat' dir='ltr'><strong>erit,</strong></span> <span class='ocrx_word' id='word_1_414' title='bbox 2162 1747 2305 1814; x_wconf 90' lang='lat' dir='ltr'><strong>quod</strong></span> <span class='ocrx_word' id='word_1_415' title='bbox 2351 1747 2473 1801; x_wconf 88' lang='lat' dir='ltr'><strong>licet</strong></span> <span class='ocrx_word' id='word_1_416' title='bbox 2518 1747 2746 1801; x_wconf 88' lang='lat' dir='ltr'><strong>duarum</strong></span> <span class='ocrx_word' id='word_1_417' title='bbox 2791 1755 3106 1799; x_wconf 88' lang='lat' dir='ltr'><strong>naturarum</strong></span> <span class='ocrx_word' id='word_1_418' title='bbox 3142 1745 3339 1799; x_wconf 85' lang='lat' dir='ltr'><strong>distin-</strong></span> 
     </span>
    </p>
   </div>
   <div class='ocr_carea' id='block_1_61' title="bbox 1768 1834 3360 1903">
    <p class='ocr_par' dir='ltr' id='par_1_61' title="bbox 1768 1834 3360 1903">
     <span class='ocr_line' id='line_1_61' title="bbox 1768 1834 3360 1903; baseline -0.001 -14"><span class='ocrx_word' id='word_1_419' title='bbox 1768 1836 1873 1890; x_wconf 89' lang='lat' dir='ltr'><strong>ctio</strong></span> <span class='ocrx_word' id='word_1_420' title='bbox 1908 1835 2193 1903; x_wconf 83' lang='lat' dir='ltr'><strong>perspicue</strong></span> <span class='ocrx_word' id='word_1_421' title='bbox 2236 1844 2531 1900; x_wconf 88' lang='lat' dir='ltr'><strong>asseratur,</strong></span> <span class='ocrx_word' id='word_1_422' title='bbox 2573 1834 2929 1887; x_wconf 90' lang='lat' dir='ltr'><strong>nihilominus</strong></span> <span class='ocrx_word' id='word_1_423' title='bbox 2972 1849 3083 1888; x_wconf 88' lang='lat' dir='ltr'><strong>nna</strong></span> <span class='ocrx_word' id='word_1_424' title='bbox 3126 1842 3360 1889; x_wconf 82' lang='lat' dir='ltr'><strong>tantum.</strong></span> 
     </span>
    </p>
   </div>
   <div class='ocr_carea' id='block_1_62' title="bbox 1769 1926 2629 1995">
    <p class='ocr_par' dir='ltr' id='par_1_62' title="bbox 1769 1926 2629 1995">
     <span class='ocr_line' id='line_1_62' title="bbox 1769 1926 2629 1995; baseline -0.005 -14"><span class='ocrx_word' id='word_1_425' title='bbox 1769 1927 1822 1981; x_wconf 91' lang='lat' dir='ltr'><strong>in</strong></span> <span class='ocrx_word' id='word_1_426' title='bbox 1847 1926 2062 1981; x_wconf 89' lang='lat' dir='ltr'><strong>Christo</strong></span> <span class='ocrx_word' id='word_1_427' title='bbox 2092 1941 2322 1995; x_wconf 89' lang='lat' dir='ltr'><strong>persona</strong></span> <span class='ocrx_word' id='word_1_428' title='bbox 2351 1926 2629 1981; x_wconf 86' lang='lat' dir='ltr'><strong>astruitur.</strong></span> 
     </span>
    </p>
   </div>
   <div class='ocr_carea' id='block_1_63' title="bbox 1842 2016 3340 2087">
    <p class='ocr_par' dir='ltr' id='par_1_63' title="bbox 1842 2016 3340 2087">
     <span class='ocr_line' id='line_1_63' title="bbox 1842 2016 3340 2087; baseline 0 -15"><span class='ocrx_word' id='word_1_429' title='bbox 1842 2016 2027 2072; x_wconf 84' lang='lat' dir='ltr'><strong>Unitas</strong></span> <span class='ocrx_word' id='word_1_430' title='bbox 2068 2034 2299 2087; x_wconf 66' lang='lat' dir='ltr'><strong>persona:</strong></span> <span class='ocrx_word' id='word_1_431' title='bbox 2330 2019 2385 2070; x_wconf 80' lang='lat' dir='ltr'><strong>in</strong></span> <span class='ocrx_word' id='word_1_432' title='bbox 2410 2016 2539 2070; x_wconf 79' lang='lat' dir='ltr'><strong>Jesu</strong></span> <span class='ocrx_word' id='word_1_433' title='bbox 2562 2016 2791 2070; x_wconf 80' lang='lat' dir='ltr'><strong>Christo.</strong></span> <span class='ocrx_word' id='word_1_434' title='bbox 2812 2045 2883 2056; x_wconf 85' lang='lat'><strong>——</strong></span> <span class='ocrx_word' id='word_1_435' title='bbox 2909 2016 3028 2086; x_wconf 90' lang='lat' dir='ltr'><strong>Ipse</strong></span> <span class='ocrx_word' id='word_1_436' title='bbox 3057 2017 3257 2087; x_wconf 87' lang='lat' dir='ltr'><strong>quippe</strong></span> <span class='ocrx_word' id='word_1_437' title='bbox 3285 2026 3340 2073; x_wconf 76' lang='grc' dir='ltr'><strong>ει</strong></span> 
     </span>
    </p>
   </div>
   <div class='ocr_carea' id='block_1_64' title="bbox 1768 2108 3340 2180">
    <p class='ocr_par' dir='ltr' id='par_1_64' title="bbox 1768 2108 3340 2180">
     <span class='ocr_line' id='line_1_64' title="bbox 1768 2108 3340 2180; baseline -0.001 -15"><span class='ocrx_word' id='word_1_438' title='bbox 1768 2110 2040 2180; x_wconf 81' lang='lat' dir='ltr'><strong>perlectus</strong></span> <span class='ocrx_word' id='word_1_439' title='bbox 2087 2109 2225 2164; x_wconf 84' lang='lat' dir='ltr'><strong>Deus</strong></span> <span class='ocrx_word' id='word_1_440' title='bbox 2265 2118 2376 2175; x_wconf 84' lang='lat' dir='ltr'><strong>est,</strong></span> <span class='ocrx_word' id='word_1_441' title='bbox 2407 2117 2460 2163; x_wconf 90' lang='lat' dir='ltr'><strong>et.</strong></span> <span class='ocrx_word' id='word_1_442' title='bbox 2498 2108 2769 2178; x_wconf 82' lang='lat' dir='ltr'><strong>perfectus</strong></span> <span class='ocrx_word' id='word_1_443' title='bbox 2799 2108 2997 2174; x_wconf 91' lang='lat' dir='ltr'><strong>homo;</strong></span> <span class='ocrx_word' id='word_1_444' title='bbox 3028 2109 3143 2178; x_wconf 91' lang='lat' dir='ltr'><strong>ipse</strong></span> <span class='ocrx_word' id='word_1_445' title='bbox 3178 2119 3340 2178; x_wconf 88' lang='lat' dir='ltr'><strong>prout</strong></span> 
     </span>
    </p>
   </div>
   <div class='ocr_carea' id='block_1_65' title="bbox 1769 2200 3338 2271">
    <p class='ocr_par' dir='ltr' id='par_1_65' title="bbox 1769 2200 3338 2271">
     <span class='ocr_line' id='line_1_65' title="bbox 1769 2200 3338 2271; baseline 0.002 -17"><span class='ocrx_word' id='word_1_446' title='bbox 1769 2201 1862 2257; x_wconf 85' lang='lat' dir='ltr'><strong>Dei</strong></span> <span class='ocrx_word' id='word_1_447' title='bbox 1889 2200 2146 2265; x_wconf 82' lang='lat' dir='ltr'><strong>Verbum,</strong></span> <span class='ocrx_word' id='word_1_448' title='bbox 2175 2202 2412 2255; x_wconf 84' lang='lat' dir='ltr'><strong>divinam</strong></span> <span class='ocrx_word' id='word_1_449' title='bbox 2442 2201 2674 2255; x_wconf 87' lang='lat' dir='ltr'><strong>habebat</strong></span> <span class='ocrx_word' id='word_1_450' title='bbox 2705 2210 2951 2255; x_wconf 90' lang='lat' dir='ltr'><strong>naturam</strong></span> <span class='ocrx_word' id='word_1_451' title='bbox 2971 2240 2987 2267; x_wconf 89' lang='lat'><strong>,</strong></span> <span class='ocrx_word' id='word_1_452' title='bbox 3016 2209 3177 2271; x_wconf 90' lang='lat' dir='ltr'><strong>prout</strong></span> <span class='ocrx_word' id='word_1_453' title='bbox 3208 2217 3338 2257; x_wconf 89' lang='lat' dir='ltr'><strong>vero</strong></span> 
     </span>
    </p>
   </div>
   <div class='ocr_carea' id='block_1_66' title="bbox 1768 2290 3342 2357">
    <p class='ocr_par' dir='ltr' id='par_1_66' title="bbox 1768 2290 3342 2357">
     <span class='ocr_line' id='line_1_66' title="bbox 1768 2290 3342 2357; baseline 0.002 -13"><span class='ocrx_word' id='word_1_454' title='bbox 1768 2290 1896 2347; x_wconf 70' lang='lat' dir='ltr'><strong>Adae</strong></span> <span class='ocrx_word' id='word_1_455' title='bbox 1934 2293 2109 2357; x_wconf 84' lang='lat' dir='ltr'><strong>ﬁlius,</strong></span> <span class='ocrx_word' id='word_1_456' title='bbox 2140 2292 2371 2347; x_wconf 87' lang='lat' dir='ltr'><strong>habebat</strong></span> <span class='ocrx_word' id='word_1_457' title='bbox 2410 2302 2663 2346; x_wconf 90' lang='lat' dir='ltr'><strong>naturam</strong></span> <span class='ocrx_word' id='word_1_458' title='bbox 2698 2292 2991 2348; x_wconf 91' lang='lat' dir='ltr'><strong>humanam</strong></span> <span class='ocrx_word' id='word_1_459' title='bbox 3022 2314 3036 2348; x_wconf 85' lang='lat'><strong>:</strong></span> <span class='ocrx_word' id='word_1_460' title='bbox 3079 2291 3222 2349; x_wconf 88' lang='lat' dir='ltr'><strong>Deus</strong></span> <span class='ocrx_word' id='word_1_461' title='bbox 3262 2295 3342 2347; x_wconf 85' lang='lat' dir='ltr'><strong>in.</strong></span> 
     </span>
    </p>
   </div>
   <div class='ocr_carea' id='block_1_67' title="bbox 1769 2386 3340 2458">
    <p class='ocr_par' dir='ltr' id='par_1_67' title="bbox 1769 2386 3340 2458">
     <span class='ocr_line' id='line_1_67' title="bbox 1769 2386 3340 2458; baseline 0.001 -16"><span class='ocrx_word' id='word_1_462' title='bbox 1769 2396 2026 2442; x_wconf 89' lang='lat' dir='ltr'><strong>carnatus</strong></span> <span class='ocrx_word' id='word_1_463' title='bbox 2064 2393 2178 2452; x_wconf 85' lang='lat' dir='ltr'><strong>est,</strong></span> <span class='ocrx_word' id='word_1_464' title='bbox 2221 2405 2240 2438; x_wconf 87' lang='grc'><em>‹</em></span> <span class='ocrx_word' id='word_1_465' title='bbox 2292 2386 2435 2441; x_wconf 91' lang='lat' dir='ltr'><strong>Deus</strong></span> <span class='ocrx_word' id='word_1_466' title='bbox 2478 2387 2891 2455; x_wconf 89' lang='lat' dir='ltr'><strong>incorporatus;</strong></span> <span class='ocrx_word' id='word_1_467' title='bbox 2942 2406 2961 2438; x_wconf 72' lang='grc' dir='ltr'><strong><em>ι</em></strong></span> <span class='ocrx_word' id='word_1_468' title='bbox 3005 2398 3057 2442; x_wconf 86' lang='lat' dir='ltr'><strong>et</strong></span> <span class='ocrx_word' id='word_1_469' title='bbox 3099 2388 3188 2443; x_wconf 88' lang='lat' dir='ltr'><strong>ille</strong></span> <span class='ocrx_word' id='word_1_470' title='bbox 3224 2392 3340 2458; x_wconf 86' lang='lat' dir='ltr'><strong>ipse</strong></span> 
     </span>
    </p>
   </div>
   <div class='ocr_carea' id='block_1_68' title="bbox 1768 2474 3340 2548">
    <p class='ocr_par' dir='ltr' id='par_1_68' title="bbox 1768 2474 3340 2548">
     <span class='ocr_line' id='line_1_68' title="bbox 1768 2474 3340 2548; baseline 0.001 -18"><span class='ocrx_word' id='word_1_471' title='bbox 1768 2484 1883 2539; x_wconf 91' lang='lat' dir='ltr'><strong>est,</strong></span> <span class='ocrx_word' id='word_1_472' title='bbox 1916 2476 2009 2545; x_wconf 90' lang='lat' dir='ltr'><strong>qui</strong></span> <span class='ocrx_word' id='word_1_473' title='bbox 2044 2485 2202 2531; x_wconf 88' lang='lat' dir='ltr'><strong>natus</strong></span> <span class='ocrx_word' id='word_1_474' title='bbox 2237 2485 2387 2530; x_wconf 89' lang='lat' dir='ltr'><strong>est...</strong></span> <span class='ocrx_word' id='word_1_475' title='bbox 2423 2474 2566 2530; x_wconf 91' lang='lat' dir='ltr'><strong>Deus</strong></span> <span class='ocrx_word' id='word_1_476' title='bbox 2604 2484 2659 2530; x_wconf 89' lang='lat' dir='ltr'><strong>et</strong></span> <span class='ocrx_word' id='word_1_477' title='bbox 2697 2477 2895 2531; x_wconf 90' lang='lat' dir='ltr'><strong>homo:</strong></span> <span class='ocrx_word' id='word_1_478' title='bbox 2928 2476 3069 2531; x_wconf 88' lang='lat' dir='ltr'><strong>idem</strong></span> <span class='ocrx_word' id='word_1_479' title='bbox 3101 2487 3212 2545; x_wconf 89' lang='lat' dir='ltr'><strong>est,</strong></span> <span class='ocrx_word' id='word_1_480' title='bbox 3244 2478 3340 2548; x_wconf 87' lang='lat' dir='ltr'><strong>qui</strong></span> 
     </span>
    </p>
   </div>
   <div class='ocr_carea' id='block_1_69' title="bbox 1776 2566 3334 2639">
    <p class='ocr_par' dir='ltr' id='par_1_69' title="bbox 1776 2566 3334 2639">
     <span class='ocr_line' id='line_1_69' title="bbox 1776 2566 3334 2639; baseline 0.003 -20"><span class='ocrx_word' id='word_1_481' title='bbox 1776 2585 1794 2619; x_wconf 77' lang='grc' dir='ltr'>ι</span> <span class='ocrx_word' id='word_1_482' title='bbox 1826 2569 1893 2623; x_wconf 90' lang='lat' dir='ltr'><strong>ab</strong></span> <span class='ocrx_word' id='word_1_483' title='bbox 1936 2566 2146 2623; x_wconf 84' lang='lat' dir='ltr'><strong>Herode</strong></span> <span class='ocrx_word' id='word_1_484' title='bbox 2194 2568 2490 2638; x_wconf 89' lang='lat' dir='ltr'><strong>spernitur,</strong></span> <span class='ocrx_word' id='word_1_485' title='bbox 2518 2576 2572 2621; x_wconf 90' lang='lat' dir='ltr'><strong>et</strong></span> <span class='ocrx_word' id='word_1_486' title='bbox 2614 2569 2685 2622; x_wconf 89' lang='lat' dir='ltr'><strong>ab</strong></span> <span class='ocrx_word' id='word_1_487' title='bbox 2725 2570 2929 2639; x_wconf 85' lang='lat' dir='ltr'><strong>angelis</strong></span> <span class='ocrx_word' id='word_1_488' title='bbox 2968 2571 3265 2637; x_wconf 85' lang='lat' dir='ltr'><strong>aduratur;</strong></span> <span class='ocrx_word' id='word_1_489' title='bbox 3312 2588 3334 2623; x_wconf 75' lang='grc' dir='ltr'><strong><em>ι</em></strong></span> 
     </span>
    </p>
   </div>
   <div class='ocr_carea' id='block_1_70' title="bbox 1769 2658 3337 2731">
    <p class='ocr_par' dir='ltr' id='par_1_70' title="bbox 1769 2658 3337 2731">
     <span class='ocr_line' id='line_1_70' title="bbox 1769 2658 3337 2731; baseline 0.003 -20"><span class='ocrx_word' id='word_1_490' title='bbox 1769 2659 1863 2728; x_wconf 92' lang='lat' dir='ltr'><strong>qui</strong></span> <span class='ocrx_word' id='word_1_491' title='bbox 1892 2676 1909 2709; x_wconf 72' lang='grc' dir='ltr'>ι</span> <span class='ocrx_word' id='word_1_492' title='bbox 1937 2658 2119 2713; x_wconf 86' lang='lat' dir='ltr'><strong>divina</strong></span> <span class='ocrx_word' id='word_1_493' title='bbox 2157 2674 2411 2729; x_wconf 86' lang='lat' dir='ltr'><strong>operatur</strong></span> <span class='ocrx_word' id='word_1_494' title='bbox 2441 2668 2496 2713; x_wconf 89' lang='lat' dir='ltr'><strong>et</strong></span> <span class='ocrx_word' id='word_1_495' title='bbox 2533 2659 2807 2727; x_wconf 89' lang='lat' dir='ltr'><strong>humana,</strong></span> <span class='ocrx_word' id='word_1_496' title='bbox 2842 2680 2860 2712; x_wconf 74' lang='grc' dir='ltr'>ι</span> <span class='ocrx_word' id='word_1_497' title='bbox 2897 2661 2991 2731; x_wconf 90' lang='lat' dir='ltr'><strong>qui</strong></span> <span class='ocrx_word' id='word_1_498' title='bbox 3029 2680 3048 2713; x_wconf 72' lang='grc' dir='ltr'><strong><em>ι</em></strong></span> <span class='ocrx_word' id='word_1_499' title='bbox 3086 2662 3337 2728; x_wconf 87' lang='lat' dir='ltr'><strong>moritur,</strong></span> 
     </span>
    </p>
   </div>
   <div class='ocr_carea' id='block_1_71' title="bbox 1738 2750 3342 2823">
    <p class='ocr_par' dir='ltr' id='par_1_71' title="bbox 1738 2750 3342 2823">
     <span class='ocr_line' id='line_1_71' title="bbox 1738 2750 3342 2823; baseline 0.006 -24"><span class='ocrx_word' id='word_1_500' title='bbox 1738 2760 1823 2804; x_wconf 50' lang='lat' dir='ltr'><strong>ret</strong></span> <span class='ocrx_word' id='word_1_501' title='bbox 1857 2759 2039 2805; x_wconf 89' lang='lat' dir='ltr'><strong>manet</strong></span> <span class='ocrx_word' id='word_1_502' title='bbox 2060 2751 2241 2806; x_wconf 63' lang='lat' dir='ltr'><strong>vivus.</strong></span> <span class='ocrx_word' id='word_1_503' title='bbox 2282 2770 2300 2803; x_wconf 70' lang='grc' dir='ltr'><strong><em>ι</em></strong></span> <span class='ocrx_word' id='word_1_504' title='bbox 2344 2750 2628 2816; x_wconf 85' lang='lat' dir='ltr'><strong>Quomodo</strong></span> <span class='ocrx_word' id='word_1_505' title='bbox 2656 2753 2933 2807; x_wconf 90' lang='lat' dir='ltr'><strong>conciliari</strong></span> <span class='ocrx_word' id='word_1_506' title='bbox 2974 2754 3087 2808; x_wconf 68' lang='lat' dir='ltr'><strong>haec</strong></span> <span class='ocrx_word' id='word_1_507' title='bbox 3110 2763 3342 2823; x_wconf 90' lang='lat' dir='ltr'><strong>possunt</strong></span> 
     </span>
    </p>
   </div>
   <div class='ocr_carea' id='block_1_72' title="bbox 1770 2842 3339 2898">
    <p class='ocr_par' dir='ltr' id='par_1_72' title="bbox 1770 2842 3339 2898">
     <span class='ocr_line' id='line_1_72' title="bbox 1770 2842 3339 2898; baseline 0.001 -2"><span class='ocrx_word' id='word_1_508' title='bbox 1770 2857 1893 2896; x_wconf 90' lang='lat' dir='ltr'><strong>cum</strong></span> <span class='ocrx_word' id='word_1_509' title='bbox 1923 2842 2271 2897; x_wconf 88' lang='lat' dir='ltr'><strong>distinctione</strong></span> <span class='ocrx_word' id='word_1_510' title='bbox 2301 2843 2662 2896; x_wconf 80' lang='lat' dir='ltr'><strong>naturarum?</strong></span> <span class='ocrx_word' id='word_1_511' title='bbox 2704 2842 2843 2898; x_wconf 80' lang='lat' dir='ltr'><strong>Audi</strong></span> <span class='ocrx_word' id='word_1_512' title='bbox 2871 2844 3122 2898; x_wconf 90' lang='lat' dir='ltr'><strong>eumdem</strong></span> <span class='ocrx_word' id='word_1_513' title='bbox 3151 2844 3339 2897; x_wconf 85' lang='lat' dir='ltr'><strong>divum</strong></span> 
     </span>
    </p>
   </div>
   <div class='ocr_carea' id='block_1_73' title="bbox 1770 2912 3389 3007">
    <p class='ocr_par' dir='ltr' id='par_1_73' title="bbox 1770 2912 3389 3007">
     <span class='ocr_line' id='line_1_73' title="bbox 1770 2912 3389 3007; baseline 0.002 -22"><span class='ocrx_word' id='word_1_514' title='bbox 1770 2932 2116 3003; x_wconf 85' lang='lat' dir='ltr'><strong>Hippolytum</strong></span> <span class='ocrx_word' id='word_1_515' title='bbox 2160 2934 2394 3002; x_wconf 87' lang='lat' dir='ltr'><strong>perbelle</strong></span> <span class='ocrx_word' id='word_1_516' title='bbox 2430 2934 2532 2988; x_wconf 91' lang='lat' dir='ltr'><strong>hoc</strong></span> <span class='ocrx_word' id='word_1_517' title='bbox 2567 2934 2923 3004; x_wconf 82' lang='lat' dir='ltr'><strong>explicantem</strong></span> <span class='ocrx_word' id='word_1_518' title='bbox 2963 2935 3117 3007; x_wconf 87' lang='lat'><strong>(89):</strong></span> <span class='ocrx_word' id='word_1_519' title='bbox 3168 2955 3188 2987; x_wconf 87' lang='grc'><em>‹</em></span> <span class='ocrx_word' id='word_1_520' title='bbox 3239 2936 3339 2991; x_wconf 90' lang='lat' dir='ltr'><strong>Se-</strong></span> <span class='ocrx_word' id='word_1_521' title='bbox 3372 2912 3389 2932; x_wconf 69' lang='grc'><strong><em>’</em></strong></span> 
     </span>
    </p>
   </div>
   <div class='ocr_carea' id='block_1_74' title="bbox 1772 3017 3341 3097">
    <p class='ocr_par' dir='ltr' id='par_1_74' title="bbox 1772 3017 3341 3097">
     <span class='ocr_line' id='line_1_74' title="bbox 1772 3017 3341 3097; baseline 0.003 -18"><span class='ocrx_word' id='word_1_522' title='bbox 1772 3024 2009 3079; x_wconf 90' lang='lat' dir='ltr'><strong>cundum</strong></span> <span class='ocrx_word' id='word_1_523' title='bbox 2054 3035 2349 3095; x_wconf 89' lang='lat' dir='ltr'><strong>utrumque</strong></span> <span class='ocrx_word' id='word_1_524' title='bbox 2397 3042 2556 3081; x_wconf 92' lang='lat' dir='ltr'><strong>suum</strong></span> <span class='ocrx_word' id='word_1_525' title='bbox 2603 3042 2815 3096; x_wconf 88' lang='lat' dir='ltr'><strong>semper</strong></span> <span class='ocrx_word' id='word_1_526' title='bbox 2856 3042 3179 3097; x_wconf 89' lang='lat' dir='ltr'><strong>permanens</strong></span> <span class='ocrx_word' id='word_1_527' title='bbox 3203 3017 3341 3084; x_wconf 59' lang='lat' dir='ltr'><strong>&#39;sine</strong></span> 
     </span>
    </p>
   </div>
   <div class='ocr_carea' id='block_1_75' title="bbox 1698 3117 3341 3189">
    <p class='ocr_par' dir='ltr' id='par_1_75' title="bbox 1698 3117 3341 3189">
     <span class='ocr_line' id='line_1_75' title="bbox 1698 3117 3341 3189; baseline 0.003 -18"><span class='ocrx_word' id='word_1_528' title='bbox 1698 3132 1739 3189; x_wconf 71' lang='grc' dir='ltr'>ο</span> <span class='ocrx_word' id='word_1_529' title='bbox 1773 3131 1933 3181; x_wconf 89' lang='lat' dir='ltr'><strong>casu,</strong></span> <span class='ocrx_word' id='word_1_530' title='bbox 1989 3117 2187 3185; x_wconf 88' lang='lat' dir='ltr'><strong>quibus</strong></span> <span class='ocrx_word' id='word_1_531' title='bbox 2235 3118 2419 3173; x_wconf 90' lang='lat' dir='ltr'><strong>divine</strong></span> <span class='ocrx_word' id='word_1_532' title='bbox 2464 3119 2665 3187; x_wconf 76' lang='lat' dir='ltr'><strong>pariter</strong></span> <span class='ocrx_word' id='word_1_533' title='bbox 2702 3127 2756 3172; x_wconf 90' lang='lat' dir='ltr'><strong>et</strong></span> <span class='ocrx_word' id='word_1_534' title='bbox 2798 3119 3036 3174; x_wconf 88' lang='lat' dir='ltr'><strong>humane</strong></span> <span class='ocrx_word' id='word_1_535' title='bbox 3085 3128 3341 3189; x_wconf 90' lang='lat' dir='ltr'><strong>operatus</strong></span> 
     </span>
    </p>
   </div>
   <div class='ocr_carea' id='block_1_76' title="bbox 1768 3206 3341 3266">
    <p class='ocr_par' dir='ltr' id='par_1_76' title="bbox 1768 3206 3341 3266">
     <span class='ocr_line' id='line_1_76' title="bbox 1768 3206 3341 3266; baseline 0.002 -4"><span class='ocrx_word' id='word_1_536' title='bbox 1768 3216 1916 3263; x_wconf 78' lang='lat' dir='ltr'><strong>est...</strong></span> <span class='ocrx_word' id='word_1_537' title='bbox 1961 3228 1979 3260; x_wconf 79' lang='grc' dir='ltr'><strong><em>ι</em></strong></span> <span class='ocrx_word' id='word_1_538' title='bbox 2022 3206 2087 3261; x_wconf 87' lang='grc' dir='ltr'><strong>Ει</strong></span> <span class='ocrx_word' id='word_1_539' title='bbox 2115 3209 2278 3263; x_wconf 90' lang='lat' dir='ltr'><strong>alibi:</strong></span> <span class='ocrx_word' id='word_1_540' title='bbox 2322 3228 2341 3261; x_wconf 82' lang='grc'><strong><em>‹</em></strong></span> <span class='ocrx_word' id='word_1_541' title='bbox 2376 3210 2606 3263; x_wconf 86' lang='lat' dir='ltr'><strong>Sibimet</strong></span> <span class='ocrx_word' id='word_1_542' title='bbox 2630 3209 2849 3263; x_wconf 91' lang='lat' dir='ltr'><strong>modum</strong></span> <span class='ocrx_word' id='word_1_543' title='bbox 2883 3226 3106 3266; x_wconf 84' lang='lat' dir='ltr'><strong>servans</strong></span> <span class='ocrx_word' id='word_1_544' title='bbox 3145 3227 3341 3266; x_wconf 87' lang='lat' dir='ltr'><strong>secun-</strong></span> 
     </span>
    </p>
   </div>
   <div class='ocr_carea' id='block_1_77' title="bbox 1769 3302 3343 3372">
    <p class='ocr_par' dir='ltr' id='par_1_77' title="bbox 1769 3302 3343 3372">
     <span class='ocr_line' id='line_1_77' title="bbox 1769 3302 3343 3372; baseline 0.002 -17"><span class='ocrx_word' id='word_1_545' title='bbox 1769 3302 1897 3355; x_wconf 92' lang='lat' dir='ltr'><strong>dum</strong></span> <span class='ocrx_word' id='word_1_546' title='bbox 1941 3310 2231 3370; x_wconf 91' lang='lat' dir='ltr'><strong>utrumque</strong></span> <span class='ocrx_word' id='word_1_547' title='bbox 2281 3302 2703 3367; x_wconf 88' lang='lat' dir='ltr'><strong>immutabilem,</strong></span> <span class='ocrx_word' id='word_1_548' title='bbox 2753 3318 2849 3372; x_wconf 91' lang='lat' dir='ltr'><strong>per</strong></span> <span class='ocrx_word' id='word_1_549' title='bbox 2886 3318 3046 3372; x_wconf 92' lang='lat' dir='ltr'><strong>quem</strong></span> <span class='ocrx_word' id='word_1_550' title='bbox 3089 3314 3343 3372; x_wconf 86' lang='lat' dir='ltr'><strong>Operatus</strong></span> 
     </span>
    </p>
   </div>
   <div class='ocr_carea' id='block_1_78' title="bbox 1770 3392 3342 3463">
    <p class='ocr_par' dir='ltr' id='par_1_78' title="bbox 1770 3392 3342 3463">
     <span class='ocr_line' id='line_1_78' title="bbox 1770 3392 3342 3463; baseline 0.004 -17"><span class='ocrx_word' id='word_1_551' title='bbox 1770 3400 1853 3447; x_wconf 89' lang='lat' dir='ltr'><strong>est</strong></span> <span class='ocrx_word' id='word_1_552' title='bbox 1894 3400 2126 3462; x_wconf 87' lang='lat' dir='ltr'><strong>utraque</strong></span> <span class='ocrx_word' id='word_1_553' title='bbox 2169 3394 2379 3447; x_wconf 91' lang='lat' dir='ltr'><strong>decenti</strong></span> <span class='ocrx_word' id='word_1_554' title='bbox 2424 3410 2575 3448; x_wconf 91' lang='lat' dir='ltr'><strong>more</strong></span> <span class='ocrx_word' id='word_1_555' title='bbox 2601 3392 2732 3463; x_wconf 87' lang='lat'><strong>(90).</strong></span> <span class='ocrx_word' id='word_1_556' title='bbox 2766 3413 2783 3445; x_wconf 78' lang='grc' dir='ltr'><strong>ι</strong></span> <span class='ocrx_word' id='word_1_557' title='bbox 2825 3393 2905 3448; x_wconf 81' lang='lat' dir='ltr'><strong>Ex</strong></span> <span class='ocrx_word' id='word_1_558' title='bbox 2955 3395 3208 3450; x_wconf 85' lang='lat' dir='ltr'><strong>omnibus</strong></span> <span class='ocrx_word' id='word_1_559' title='bbox 3254 3397 3342 3452; x_wconf 91' lang='lat' dir='ltr'><strong>his</strong></span> 
     </span>
    </p>
   </div>
   <div class='ocr_carea' id='block_1_79' title="bbox 1770 3486 3342 3555">
    <p class='ocr_par' dir='ltr' id='par_1_79' title="bbox 1770 3486 3342 3555">
     <span class='ocr_line' id='line_1_79' title="bbox 1770 3486 3342 3555; baseline 0.003 -16"><span class='ocrx_word' id='word_1_560' title='bbox 1770 3501 1891 3554; x_wconf 66' lang='lat' dir='ltr'><strong>quae</strong></span> <span class='ocrx_word' id='word_1_561' title='bbox 1937 3486 2096 3541; x_wconf 86' lang='lat' dir='ltr'><strong>modo</strong></span> <span class='ocrx_word' id='word_1_562' title='bbox 2145 3486 2425 3539; x_wconf 89' lang='lat' dir='ltr'><strong>attulimus</strong></span> <span class='ocrx_word' id='word_1_563' title='bbox 2466 3486 2643 3555; x_wconf 84' lang='lat' dir='ltr'><strong>quoad</strong></span> <span class='ocrx_word' id='word_1_564' title='bbox 2691 3486 3151 3551; x_wconf 86' lang='lat' dir='ltr'><strong>incarnationem,</strong></span> <span class='ocrx_word' id='word_1_565' title='bbox 3206 3487 3342 3542; x_wconf 80' lang='lat' dir='ltr'><strong>inie-</strong></span> 
     </span>
    </p>
   </div>
   <div class='ocr_carea' id='block_1_80' title="bbox 1770 3576 3344 3648">
    <p class='ocr_par' dir='ltr' id='par_1_80' title="bbox 1770 3576 3344 3648">
     <span class='ocr_line' id='line_1_80' title="bbox 1770 3576 3344 3648; baseline 0 -15"><span class='ocrx_word' id='word_1_566' title='bbox 1770 3578 1996 3633; x_wconf 88' lang='lat' dir='ltr'><strong>rendum</strong></span> <span class='ocrx_word' id='word_1_567' title='bbox 2020 3585 2133 3640; x_wconf 86' lang='lat' dir='ltr'><strong>est,</strong></span> <span class='ocrx_word' id='word_1_568' title='bbox 2158 3577 2341 3631; x_wconf 86' lang='lat' dir='ltr'><strong>divum</strong></span> <span class='ocrx_word' id='word_1_569' title='bbox 2376 3576 2718 3648; x_wconf 86' lang='lat' dir='ltr'><strong>Hippolytum</strong></span> <span class='ocrx_word' id='word_1_570' title='bbox 2752 3578 2805 3631; x_wconf 93' lang='lat' dir='ltr'><strong>in</strong></span> <span class='ocrx_word' id='word_1_571' title='bbox 2840 3579 2956 3633; x_wconf 89' lang='lat' dir='ltr'><strong>suis</strong></span> <span class='ocrx_word' id='word_1_572' title='bbox 2989 3579 3204 3648; x_wconf 87' lang='lat' dir='ltr'><strong>scriptis</strong></span> <span class='ocrx_word' id='word_1_573' title='bbox 3226 3594 3344 3633; x_wconf 79' lang='lat' dir='ltr'><strong>ma-</strong></span> 
     </span>
    </p>
   </div>
   <div class='ocr_carea' id='block_1_81' title="bbox 1770 3668 3343 3738">
    <p class='ocr_par' dir='ltr' id='par_1_81' title="bbox 1770 3668 3343 3738">
     <span class='ocr_line' id='line_1_81' title="bbox 1770 3668 3343 3738; baseline -0.001 -15"><span class='ocrx_word' id='word_1_574' title='bbox 1770 3668 1966 3723; x_wconf 77' lang='lat' dir='ltr'><strong>nifeste</strong></span> <span class='ocrx_word' id='word_1_575' title='bbox 2000 3669 2258 3723; x_wconf 89' lang='lat' dir='ltr'><strong>damnare</strong></span> <span class='ocrx_word' id='word_1_576' title='bbox 2304 3677 2412 3721; x_wconf 90' lang='lat' dir='ltr'><strong>tres</strong></span> <span class='ocrx_word' id='word_1_577' title='bbox 2454 3668 2741 3737; x_wconf 90' lang='lat' dir='ltr'><strong>primarias</strong></span> <span class='ocrx_word' id='word_1_578' title='bbox 2779 3668 3012 3722; x_wconf 72' lang='lat' dir='ltr'><strong>hmreses</strong></span> <span class='ocrx_word' id='word_1_579' title='bbox 3056 3677 3179 3738; x_wconf 89' lang='lat' dir='ltr'><strong>post</strong></span> <span class='ocrx_word' id='word_1_580' title='bbox 3224 3668 3343 3737; x_wconf 89' lang='lat' dir='ltr'><strong>ejus</strong></span> 
     </span>
    </p>
   </div>
   <div class='ocr_carea' id='block_1_82' title="bbox 1769 3758 3341 3829">
    <p class='ocr_par' dir='ltr' id='par_1_82' title="bbox 1769 3758 3341 3829">
     <span class='ocr_line' id='line_1_82' title="bbox 1769 3758 3341 3829; baseline -0.001 -15"><span class='ocrx_word' id='word_1_581' title='bbox 1769 3771 2001 3815; x_wconf 90' lang='lat' dir='ltr'><strong>mortem</strong></span> <span class='ocrx_word' id='word_1_582' title='bbox 2048 3769 2306 3814; x_wconf 78' lang='lat' dir='ltr'><strong>exortas:</strong></span> <span class='ocrx_word' id='word_1_583' title='bbox 2356 3758 2821 3829; x_wconf 82' lang='lat' dir='ltr'><strong>Eutychianorum</strong></span> <span class='ocrx_word' id='word_1_584' title='bbox 2863 3759 3096 3825; x_wconf 86' lang='lat' dir='ltr'><strong>scilicet,</strong></span> <span class='ocrx_word' id='word_1_585' title='bbox 3148 3759 3341 3813; x_wconf 83' lang='lat' dir='ltr'><strong>Mono-</strong></span> 
     </span>
    </p>
   </div>
   <div class='ocr_carea' id='block_1_83' title="bbox 1770 3847 3340 3919">
    <p class='ocr_par' dir='ltr' id='par_1_83' title="bbox 1770 3847 3340 3919">
     <span class='ocr_line' id='line_1_83' title="bbox 1770 3847 3340 3919; baseline 0.001 -16"><span class='ocrx_word' id='word_1_586' title='bbox 1770 3851 2082 3903; x_wconf 88' lang='lat' dir='ltr'><strong>thelitarum</strong></span> <span class='ocrx_word' id='word_1_587' title='bbox 2156 3857 2209 3902; x_wconf 90' lang='lat' dir='ltr'><strong>et</strong></span> <span class='ocrx_word' id='word_1_588' title='bbox 2263 3847 2708 3906; x_wconf 85' lang='lat' dir='ltr'><strong>Nestorianorum</strong></span> <span class='ocrx_word' id='word_1_589' title='bbox 2756 3851 3035 3918; x_wconf 89' lang='lat' dir='ltr'><strong>:primam</strong></span> <span class='ocrx_word' id='word_1_590' title='bbox 3089 3850 3340 3919; x_wconf 86' lang='lat' dir='ltr'><strong>quidem,</strong></span> 
     </span>
    </p>
   </div>
   <div class='ocr_carea' id='block_1_84' title="bbox 1770 3936 3440 4007">
    <p class='ocr_par' dir='ltr' id='par_1_84' title="bbox 1770 3936 3440 4007">
     <span class='ocr_line' id='line_1_84' title="bbox 1770 3936 3440 4007; baseline 0.001 -13"><span class='ocrx_word' id='word_1_591' title='bbox 1770 3941 1898 3995; x_wconf 90' lang='lat' dir='ltr'><strong>dum</strong></span> <span class='ocrx_word' id='word_1_592' title='bbox 1938 3940 2131 3995; x_wconf 87' lang='lat' dir='ltr'><strong>astruit</strong></span> <span class='ocrx_word' id='word_1_593' title='bbox 2159 3942 2213 3994; x_wconf 89' lang='lat' dir='ltr'><strong>in</strong></span> <span class='ocrx_word' id='word_1_594' title='bbox 2240 3939 2458 3995; x_wconf 90' lang='lat' dir='ltr'><strong>Christo</strong></span> <span class='ocrx_word' id='word_1_595' title='bbox 2490 3941 2627 3995; x_wconf 83' lang='lat' dir='ltr'><strong>duas</strong></span> <span class='ocrx_word' id='word_1_596' title='bbox 2658 3950 2880 3995; x_wconf 88' lang='lat' dir='ltr'><strong>naturas</strong></span> <span class='ocrx_word' id='word_1_597' title='bbox 2909 3942 3228 4007; x_wconf 87' lang='lat' dir='ltr'><strong>distinctas;</strong></span> <span class='ocrx_word' id='word_1_598' title='bbox 3263 3957 3344 3995; x_wconf 85' lang='lat' dir='ltr'><strong>se-</strong></span> <span class='ocrx_word' id='word_1_599' title='bbox 3434 3936 3440 3947; x_wconf 68' lang='grc'><strong><em>³</em></strong></span> 
     </span>
    </p>
   </div>
   <div class='ocr_carea' id='block_1_85' title="bbox 1772 4030 3339 4097">
    <p class='ocr_par' dir='ltr' id='par_1_85' title="bbox 1772 4030 3339 4097">
     <span class='ocr_line' id='line_1_85' title="bbox 1772 4030 3339 4097; baseline 0.001 -12"><span class='ocrx_word' id='word_1_600' title='bbox 1772 4033 2003 4085; x_wconf 86' lang='lat' dir='ltr'><strong>c‘undam</strong></span> <span class='ocrx_word' id='word_1_601' title='bbox 2052 4047 2180 4087; x_wconf 90' lang='lat' dir='ltr'><strong>vero</strong></span> <span class='ocrx_word' id='word_1_602' title='bbox 2200 4073 2214 4097; x_wconf 95' lang='lat'><strong>,</strong></span> <span class='ocrx_word' id='word_1_603' title='bbox 2241 4030 2370 4085; x_wconf 90' lang='lat' dir='ltr'><strong>dum</strong></span> <span class='ocrx_word' id='word_1_604' title='bbox 2399 4031 2535 4087; x_wconf 87' lang='lat' dir='ltr'><strong>duas</strong></span> <span class='ocrx_word' id='word_1_605' title='bbox 2561 4032 2796 4086; x_wconf 87' lang='lat' dir='ltr'><strong>admittit</strong></span> <span class='ocrx_word' id='word_1_606' title='bbox 2820 4032 3123 4086; x_wconf 88' lang='lat' dir='ltr'><strong>voluntates</strong></span> <span class='ocrx_word' id='word_1_607' title='bbox 3156 4033 3211 4086; x_wconf 92' lang='lat' dir='ltr'><strong>in</strong></span> <span class='ocrx_word' id='word_1_608' title='bbox 3244 4047 3339 4086; x_wconf 67' lang='grc' dir='ltr'><strong>εον</strong></span> 
     </span>
    </p>
   </div>
   <div class='ocr_carea' id='block_1_86' title="bbox 1771 4119 3342 4190">
    <p class='ocr_par' dir='ltr' id='par_1_86' title="bbox 1771 4119 3342 4190">
     <span class='ocr_line' id='line_1_86' title="bbox 1771 4119 3342 4190; baseline 0.001 -17"><span class='ocrx_word' id='word_1_609' title='bbox 1771 4120 1892 4173; x_wconf 85' lang='lat' dir='ltr'><strong>dem</strong></span> <span class='ocrx_word' id='word_1_610' title='bbox 1915 4119 2154 4187; x_wconf 86' lang='lat' dir='ltr'><strong>Christo,</strong></span> <span class='ocrx_word' id='word_1_611' title='bbox 2181 4121 2425 4189; x_wconf 86' lang='lat' dir='ltr'><strong>duasque</strong></span> <span class='ocrx_word' id='word_1_612' title='bbox 2451 4121 2813 4190; x_wconf 88' lang='lat' dir='ltr'><strong>operationes,</strong></span> <span class='ocrx_word' id='word_1_613' title='bbox 2844 4137 2964 4190; x_wconf 59' lang='lat' dir='ltr'><strong>quae</strong></span> <span class='ocrx_word' id='word_1_614' title='bbox 2986 4121 3215 4176; x_wconf 88' lang='lat' dir='ltr'><strong>duarum</strong></span> <span class='ocrx_word' id='word_1_615' title='bbox 3245 4137 3342 4177; x_wconf 90' lang='lat' dir='ltr'><strong>na-</strong></span> 
     </span>
    </p>
   </div>
   <div class='ocr_carea' id='block_1_87' title="bbox 1771 4212 3342 4281">
    <p class='ocr_par' dir='ltr' id='par_1_87' title="bbox 1771 4212 3342 4281">
     <span class='ocr_line' id='line_1_87' title="bbox 1771 4212 3342 4281; baseline 0.004 -19"><span class='ocrx_word' id='word_1_616' title='bbox 1771 4219 2016 4266; x_wconf 88' lang='lat' dir='ltr'><strong>turarum</strong></span> <span class='ocrx_word' id='word_1_617' title='bbox 2056 4226 2184 4266; x_wconf 90' lang='lat' dir='ltr'><strong>sunt</strong></span> <span class='ocrx_word' id='word_1_618' title='bbox 2215 4212 2486 4281; x_wconf 69' lang='lat' dir='ltr'><strong>propriae;</strong></span> <span class='ocrx_word' id='word_1_619' title='bbox 2524 4213 2734 4267; x_wconf 85' lang='lat' dir='ltr'><strong>tertiam</strong></span> <span class='ocrx_word' id='word_1_620' title='bbox 2777 4213 3025 4280; x_wconf 88' lang='lat' dir='ltr'><strong>tandem,</strong></span> <span class='ocrx_word' id='word_1_621' title='bbox 3057 4213 3184 4268; x_wconf 91' lang='lat' dir='ltr'><strong>dum</strong></span> <span class='ocrx_word' id='word_1_622' title='bbox 3218 4215 3342 4269; x_wconf 87' lang='lat' dir='ltr'><strong>uni-</strong></span> 
     </span>
    </p>
   </div>
   <div class='ocr_carea' id='block_1_88' title="bbox 1773 4302 2752 4372">
    <p class='ocr_par' dir='ltr' id='par_1_88' title="bbox 1773 4302 2752 4372">
     <span class='ocr_line' id='line_1_88' title="bbox 1773 4302 2752 4372; baseline 0.001 -17"><span class='ocrx_word' id='word_1_623' title='bbox 1773 4310 1936 4356; x_wconf 88' lang='lat' dir='ltr'><strong>tatem</strong></span> <span class='ocrx_word' id='word_1_624' title='bbox 1962 4318 2205 4372; x_wconf 85' lang='lat' dir='ltr'><strong>personae</strong></span> <span class='ocrx_word' id='word_1_625' title='bbox 2236 4303 2287 4355; x_wconf 92' lang='lat' dir='ltr'><strong>in</strong></span> <span class='ocrx_word' id='word_1_626' title='bbox 2310 4302 2529 4356; x_wconf 87' lang='lat' dir='ltr'><strong>Christo</strong></span> <span class='ocrx_word' id='word_1_627' title='bbox 2556 4311 2752 4357; x_wconf 77' lang='lat' dir='ltr'><strong>tuetur.</strong></span> 
     </span>
    </p>
   </div>
   <div class='ocr_carea' id='block_1_89' title="bbox 1844 4392 3340 4463">
    <p class='ocr_par' dir='ltr' id='par_1_89' title="bbox 1844 4392 3340 4463">
     <span class='ocr_line' id='line_1_89' title="bbox 1844 4392 3340 4463; baseline 0.002 -17"><span class='ocrx_word' id='word_1_628' title='bbox 1844 4392 2041 4463; x_wconf 80' lang='lat' dir='ltr'><strong>Scopus</strong></span> <span class='ocrx_word' id='word_1_629' title='bbox 2085 4395 2486 4448; x_wconf 82' lang='lat' dir='ltr'><strong>incarnationis.</strong></span> <span class='ocrx_word' id='word_1_630' title='bbox 2540 4393 2969 4448; x_wconf 79' lang='lat' dir='ltr'><strong>Circumstantia:</strong></span> <span class='ocrx_word' id='word_1_631' title='bbox 3011 4397 3340 4449; x_wconf 75' lang='lat' dir='ltr'><strong>incarnatio-</strong></span> 
     </span>
    </p>
   </div>
   <div class='ocr_carea' id='block_1_90' title="bbox 159 4485 3341 4560">
    <p class='ocr_par' dir='ltr' id='par_1_90' title="bbox 159 4485 3341 4560">
     <span class='ocr_line' id='line_1_90' title="bbox 159 4485 3341 4560; baseline 0.002 -22"><span class='ocrx_word' id='word_1_632' title='bbox 159 4486 349 4556; x_wconf 76' lang='lat' dir='ltr'><strong>polytum</strong></span> <span class='ocrx_word' id='word_1_633' title='bbox 372 4489 670 4560; x_wconf 87' lang='lat' dir='ltr'><strong>(87),quod</strong></span> <span class='ocrx_word' id='word_1_634' title='bbox 694 4487 952 4552; x_wconf 81' lang='lat' dir='ltr'><strong>Verbum,</strong></span> <span class='ocrx_word' id='word_1_635' title='bbox 977 4488 1159 4542; x_wconf 76' lang='lat' dir='ltr'><strong>(.Ilihll</strong></span> <span class='ocrx_word' id='word_1_636' title='bbox 1180 4488 1417 4543; x_wconf 87' lang='lat' dir='ltr'><strong>divinum</strong></span> <span class='ocrx_word' id='word_1_637' title='bbox 1447 4503 1672 4558; x_wconf 87' lang='lat' dir='ltr'><strong>corpore</strong></span> <span class='ocrx_word' id='word_1_638' title='bbox 1703 4488 1746 4541; x_wconf 92' lang='lat' dir='ltr'><strong>D</strong></span> <span class='ocrx_word' id='word_1_639' title='bbox 1776 4488 1875 4542; x_wconf 71' lang='lat' dir='ltr'><strong>nis.</strong></span> <span class='ocrx_word' id='word_1_640' title='bbox 1906 4515 1977 4525; x_wconf 90' lang='lat'><strong><em>—</em></strong></span> <span class='ocrx_word' id='word_1_641' title='bbox 2003 4485 2152 4541; x_wconf 87' lang='lat' dir='ltr'><strong>Finis</strong></span> <span class='ocrx_word' id='word_1_642' title='bbox 2174 4502 2238 4541; x_wconf 88' lang='lat' dir='ltr'><strong>ac</strong></span> <span class='ocrx_word' id='word_1_643' title='bbox 2271 4502 2468 4556; x_wconf 87' lang='lat' dir='ltr'><strong>scopus</strong></span> <span class='ocrx_word' id='word_1_644' title='bbox 2508 4486 2896 4548; x_wconf 83' lang='lat' dir='ltr'><strong>incarnationis</strong></span> <span class='ocrx_word' id='word_1_645' title='bbox 2921 4487 3023 4545; x_wconf 82' lang='lat' dir='ltr'><strong>fuit</strong></span> <span class='ocrx_word' id='word_1_646' title='bbox 3060 4489 3341 4545; x_wconf 89' lang='lat' dir='ltr'><strong>hominum</strong></span> 
     </span>
    </p>
   </div>
   <div class='ocr_carea' id='block_1_91' title="bbox 207 4614 653 4689">
    <p class='ocr_par' dir='ltr' id='par_1_91' title="bbox 207 4614 653 4689">
     <span class='ocr_line' id='line_1_91' title="bbox 207 4614 653 4689; baseline 0.007 -17"><span class='ocrx_word' id='word_1_647' title='bbox 207 4614 283 4656; x_wconf 64' lang='grc' dir='ltr'><strong>’σι’</strong></span> <span class='ocrx_word' id='word_1_648' title='bbox 316 4617 470 4675; x_wconf 86' lang='lat' dir='ltr'><strong>Prov.</strong></span> <span class='ocrx_word' id='word_1_649' title='bbox 498 4638 576 4689; x_wconf 69' lang='grc' dir='ltr'><strong>ιι,</strong></span> <span class='ocrx_word' id='word_1_650' title='bbox 598 4629 653 4676; x_wconf 72' lang='grc'>2.</span> 
     </span>
    </p>
   </div>
   <div class='ocr_carea' id='block_1_92' title="bbox 210 4775 1663 4855">
    <p class='ocr_par' dir='ltr' id='par_1_92' title="bbox 210 4775 1663 4855">
     <span class='ocr_line' id='line_1_92' title="bbox 210 4775 1663 4855; baseline 0.001 -20"><span class='ocrx_word' id='word_1_651' title='bbox 210 4775 319 4855; x_wconf 34' lang='lat'><strong>(31.)</strong></span> <span class='ocrx_word' id='word_1_652' title='bbox 337 4779 500 4855; x_wconf 74' lang='lat' dir='ltr'><strong>Idem,</strong></span> <span class='ocrx_word' id='word_1_653' title='bbox 525 4782 578 4836; x_wconf 90' lang='lat' dir='ltr'><strong>in</strong></span> <span class='ocrx_word' id='word_1_654' title='bbox 606 4781 737 4855; x_wconf 70' lang='lat' dir='ltr'><strong>illud</strong></span> <span class='ocrx_word' id='word_1_655' title='bbox 772 4782 1037 4855; x_wconf 83' lang='lat' dir='ltr'><strong>Proverb.</strong></span> <span class='ocrx_word' id='word_1_656' title='bbox 1092 4792 1375 4855; x_wconf 34' lang='grc' dir='ltr'><strong>ιιι-ποιῇ.</strong></span> <span class='ocrx_word' id='word_1_657' title='bbox 1423 4785 1444 4837; x_wconf 91' lang='lat' dir='ltr'><strong>I</strong></span> <span class='ocrx_word' id='word_1_658' title='bbox 1499 4784 1663 4855; x_wconf 84' lang='lat' dir='ltr'><strong>0pp.,</strong></span> 
     </span>
    </p>
   </div>
   <div class='ocr_carea' id='block_1_93' title="bbox 160 4849 1664 4976">
    <p class='ocr_par' dir='ltr' id='par_1_93' title="bbox 160 4849 1664 4976">
     <span class='ocr_line' id='line_1_93' title="bbox 160 4849 1664 4976; baseline 0.005 -73"><span class='ocrx_word' id='word_1_659' title='bbox 160 4849 471 4976; x_wconf 51' lang='lat' dir='ltr'><strong>gf:</strong></span> <span class='ocrx_word' id='word_1_660' title='bbox 502 4858 644 4922; x_wconf 85' lang='lat' dir='ltr'><strong>apud</strong></span> <span class='ocrx_word' id='word_1_661' title='bbox 688 4852 955 4917; x_wconf 87' lang='lat' dir='ltr'><strong>Galland.,</strong></span> <span class='ocrx_word' id='word_1_662' title='bbox 1000 4862 1130 4908; x_wconf 90' lang='lat' dir='ltr'><strong>tom.</strong></span> <span class='ocrx_word' id='word_1_663' title='bbox 1172 4853 1214 4905; x_wconf 92' lang='lat' dir='ltr'><strong>Il</strong></span> <span class='ocrx_word' id='word_1_664' title='bbox 1256 4854 1506 4909; x_wconf 81' lang='lat' dir='ltr'><strong>Biblioth.</strong></span> <span class='ocrx_word' id='word_1_665' title='bbox 1544 4849 1664 4910; x_wconf 72' lang='lat' dir='ltr'><strong>PP.</strong></span> 
     </span>
    </p>
   </div>
   <div class='ocr_carea' id='block_1_94' title="bbox 160 4925 466 4974">
    <p class='ocr_par' dir='ltr' id='par_1_94' title="bbox 160 4925 466 4974">
     <span class='ocr_line' id='line_1_94' title="bbox 160 4925 466 4974; baseline 0.023 -6"><span class='ocrx_word' id='word_1_666' title='bbox 160 4925 315 4971; x_wconf 78' lang='lat' dir='ltr'><strong>colum.</strong></span> <span class='ocrx_word' id='word_1_667' title='bbox 346 4925 466 4974; x_wconf 76' lang='grc'>488.</span> 
     </span>
    </p>
   </div>
   <div class='ocr_carea' id='block_1_95' title="bbox 215 4988 1669 5059">
    <p class='ocr_par' dir='ltr' id='par_1_95' title="bbox 215 4988 1669 5059">
     <span class='ocr_line' id='line_1_95' title="bbox 215 4988 1669 5059; baseline 0.01 -19"><span class='ocrx_word' id='word_1_668' title='bbox 215 4988 301 5059; x_wconf 71' lang='lat'>(82)</span> <span class='ocrx_word' id='word_1_669' title='bbox 341 5010 359 5042; x_wconf 85' lang='lat'><strong>(</strong></span> <span class='ocrx_word' id='word_1_670' title='bbox 394 4992 547 5058; x_wconf 78' lang='lat' dir='ltr'><strong>Quod</strong></span> <span class='ocrx_word' id='word_1_671' title='bbox 588 4994 733 5047; x_wconf 89' lang='lat' dir='ltr'><strong>enim</strong></span> <span class='ocrx_word' id='word_1_672' title='bbox 768 4992 860 5047; x_wconf 89' lang='lat' dir='ltr'><strong>Dei</strong></span> <span class='ocrx_word' id='word_1_673' title='bbox 892 4992 1126 5047; x_wconf 88' lang='lat' dir='ltr'><strong>Verbum</strong></span> <span class='ocrx_word' id='word_1_674' title='bbox 1164 5009 1286 5047; x_wconf 91' lang='lat' dir='ltr'><strong>cum</strong></span> <span class='ocrx_word' id='word_1_675' title='bbox 1322 5006 1463 5049; x_wconf 90' lang='lat' dir='ltr'><strong>esset</strong></span> <span class='ocrx_word' id='word_1_676' title='bbox 1490 4998 1669 5054; x_wconf 87' lang='lat' dir='ltr'><strong>carnis</strong></span> 
     </span>
    </p>
   </div>
   <div class='ocr_carea' id='block_1_96' title="bbox 161 5063 1667 5135">
    <p class='ocr_par' dir='ltr' id='par_1_96' title="bbox 161 5063 1667 5135">
     <span class='ocr_line' id='line_1_96' title="bbox 161 5063 1667 5135; baseline 0.007 -25"><span class='ocrx_word' id='word_1_677' title='bbox 161 5069 337 5135; x_wconf 61' lang='lat' dir='ltr'><strong>expers,</strong></span> <span class='ocrx_word' id='word_1_678' title='bbox 374 5075 611 5117; x_wconf 89' lang='lat' dir='ltr'><strong>sanctam</strong></span> <span class='ocrx_word' id='word_1_679' title='bbox 642 5079 860 5135; x_wconf 87' lang='lat' dir='ltr'><strong>carnem</strong></span> <span class='ocrx_word' id='word_1_680' title='bbox 892 5079 957 5117; x_wconf 83' lang='lat' dir='ltr'><strong>ex</strong></span> <span class='ocrx_word' id='word_1_681' title='bbox 987 5078 1169 5118; x_wconf 89' lang='lat' dir='ltr'><strong>sancta</strong></span> <span class='ocrx_word' id='word_1_682' title='bbox 1200 5063 1417 5135; x_wconf 84' lang='lat' dir='ltr'><strong>Virgine</strong></span> <span class='ocrx_word' id='word_1_683' title='bbox 1461 5068 1667 5132; x_wconf 90' lang='lat' dir='ltr'><strong>induit,</strong></span> 
     </span>
    </p>
   </div>
   <div class='ocr_carea' id='block_1_97' title="bbox 160 5133 1671 5203">
    <p class='ocr_par' dir='ltr' id='par_1_97' title="bbox 160 5133 1671 5203">
     <span class='ocr_line' id='line_1_97' title="bbox 160 5133 1671 5203; baseline 0.011 -29"><span class='ocrx_word' id='word_1_684' title='bbox 160 5133 370 5196; x_wconf 83' lang='lat' dir='ltr'><strong>tanquam</strong></span> <span class='ocrx_word' id='word_1_685' title='bbox 403 5149 632 5199; x_wconf 90' lang='lat' dir='ltr'><strong>sponsus</strong></span> <span class='ocrx_word' id='word_1_686' title='bbox 670 5134 773 5188; x_wconf 89' lang='lat' dir='ltr'><strong>sibi</strong></span> <span class='ocrx_word' id='word_1_687' title='bbox 811 5137 981 5202; x_wconf 89' lang='lat' dir='ltr'><strong>ipsam</strong></span> <span class='ocrx_word' id='word_1_688' title='bbox 1023 5136 1077 5186; x_wconf 88' lang='lat' dir='ltr'><strong>in</strong></span> <span class='ocrx_word' id='word_1_689' title='bbox 1112 5137 1285 5188; x_wconf 89' lang='lat' dir='ltr'><strong>crucis</strong></span> <span class='ocrx_word' id='word_1_690' title='bbox 1311 5133 1553 5203; x_wconf 85' lang='lat' dir='ltr'><strong>patibulo</strong></span> <span class='ocrx_word' id='word_1_691' title='bbox 1581 5154 1671 5190; x_wconf 85' lang='lat' dir='ltr'><strong>ve-</strong></span> 
     </span>
    </p>
   </div>
   <div class='ocr_carea' id='block_1_98' title="bbox 162 5204 1672 5273">
    <p class='ocr_par' dir='ltr' id='par_1_98' title="bbox 162 5204 1672 5273">
     <span class='ocr_line' id='line_1_98' title="bbox 162 5204 1672 5273; baseline 0.009 -26"><span class='ocrx_word' id='word_1_692' title='bbox 162 5204 265 5248; x_wconf 76' lang='lat' dir='ltr'><strong>stem</strong></span> <span class='ocrx_word' id='word_1_693' title='bbox 290 5212 601 5267; x_wconf 79' lang='lat' dir='ltr'><strong>contexens;</strong></span> <span class='ocrx_word' id='word_1_694' title='bbox 642 5219 750 5273; x_wconf 91' lang='lat' dir='ltr'><strong>quo</strong></span> <span class='ocrx_word' id='word_1_695' title='bbox 798 5204 1049 5257; x_wconf 88' lang='lat' dir='ltr'><strong>nimirum</strong></span> <span class='ocrx_word' id='word_1_696' title='bbox 1086 5206 1314 5257; x_wconf 90' lang='lat' dir='ltr'><strong>mortale</strong></span> <span class='ocrx_word' id='word_1_697' title='bbox 1346 5221 1542 5273; x_wconf 89' lang='lat' dir='ltr'><strong>corpus</strong></span> <span class='ocrx_word' id='word_1_698' title='bbox 1576 5222 1672 5260; x_wconf 89' lang='lat' dir='ltr'><strong>no-</strong></span> 
     </span>
    </p>
   </div>
   <div class='ocr_carea' id='block_1_99' title="bbox 163 5273 1673 5346">
    <p class='ocr_par' dir='ltr' id='par_1_99' title="bbox 163 5273 1673 5346">
     <span class='ocr_line' id='line_1_99' title="bbox 163 5273 1673 5346; baseline 0.01 -33"><span class='ocrx_word' id='word_1_699' title='bbox 163 5273 436 5346; x_wconf 32' lang='lat' dir='ltr'><strong>strum-sua:</strong></span> <span class='ocrx_word' id='word_1_700' title='bbox 464 5273 752 5346; x_wconf 81' lang='lat' dir='ltr'><strong>adunando</strong></span> <span class='ocrx_word' id='word_1_701' title='bbox 787 5275 993 5346; x_wconf 73' lang='lat' dir='ltr'><strong>virtuti,</strong></span> <span class='ocrx_word' id='word_1_702' title='bbox 1026 5283 1079 5328; x_wconf 86' lang='lat' dir='ltr'><strong>et</strong></span> <span class='ocrx_word' id='word_1_703' title='bbox 1105 5276 1451 5343; x_wconf 86' lang='lat' dir='ltr'><strong>corruptibile</strong></span> <span class='ocrx_word' id='word_1_704' title='bbox 1496 5277 1673 5328; x_wconf 88' lang='lat' dir='ltr'><strong>incor-</strong></span> 
     </span>
    </p>
   </div>
   <div class='ocr_carea' id='block_1_100' title="bbox 166 5339 1671 5414">
    <p class='ocr_par' dir='ltr' id='par_1_100' title="bbox 166 5339 1671 5414">
     <span class='ocr_line' id='line_1_100' title="bbox 166 5339 1671 5414; baseline 0.007 -26"><span class='ocrx_word' id='word_1_705' title='bbox 166 5339 405 5413; x_wconf 80' lang='lat' dir='ltr'><strong>ruptibili,</strong></span> <span class='ocrx_word' id='word_1_706' title='bbox 462 5344 729 5397; x_wconf 70' lang='lat' dir='ltr'><strong>infirmum</strong></span> <span class='ocrx_word' id='word_1_707' title='bbox 778 5344 905 5398; x_wconf 85' lang='lat' dir='ltr'><strong>forti</strong></span> <span class='ocrx_word' id='word_1_708' title='bbox 969 5346 1207 5399; x_wconf 87' lang='lat' dir='ltr'><strong>miscens</strong></span> <span class='ocrx_word' id='word_1_709' title='bbox 1241 5339 1286 5411; x_wconf 64' lang='grc'><strong>,’</strong></span> <span class='ocrx_word' id='word_1_710' title='bbox 1320 5346 1519 5398; x_wconf 86' lang='lat' dir='ltr'><strong>homini</strong></span> <span class='ocrx_word' id='word_1_711' title='bbox 1579 5348 1671 5414; x_wconf 86' lang='lat' dir='ltr'><strong>qui</strong></span> 
     </span>
    </p>
   </div>
   <div class='ocr_carea' id='block_1_101' title="bbox 163 5414 1669 5532">
    <p class='ocr_par' dir='ltr' id='par_1_101' title="bbox 163 5414 1669 5532">
     <span class='ocr_line' id='line_1_101' title="bbox 163 5414 1669 5532; baseline 0.005 -70"><span class='ocrx_word' id='word_1_712' title='bbox 163 5414 372 5532; x_wconf 40' lang='lat' dir='ltr'><strong>gignit,</strong></span> <span class='ocrx_word' id='word_1_713' title='bbox 411 5415 632 5468; x_wconf 82' lang='lat' dir='ltr'><strong>salutem</strong></span> <span class='ocrx_word' id='word_1_714' title='bbox 662 5420 959 5485; x_wconf 64' lang='lat' dir='ltr'><strong>przestaret‘.</strong></span> <span class='ocrx_word' id='word_1_715' title='bbox 994 5434 1011 5467; x_wconf 76' lang='grc' dir='ltr'><strong><em>ι</em></strong></span> <span class='ocrx_word' id='word_1_716' title='bbox 1059 5414 1238 5483; x_wconf 90' lang='lat' dir='ltr'><strong>Idem,</strong></span> <span class='ocrx_word' id='word_1_717' title='bbox 1278 5415 1354 5469; x_wconf 87' lang='lat' dir='ltr'><strong>De</strong></span> <span class='ocrx_word' id='word_1_718' title='bbox 1392 5416 1630 5469; x_wconf 78' lang='lat' dir='ltr'><strong>Antio/tr.</strong></span> <span class='ocrx_word' id='word_1_719' title='bbox 1655 5456 1669 5481; x_wconf 93' lang='lat'><strong>,</strong></span> 
     </span>
    </p>
   </div>
   <div class='ocr_carea' id='block_1_102' title="bbox 194 5489 353 5534">
    <p class='ocr_par' dir='ltr' id='par_1_102' title="bbox 194 5489 353 5534">
     <span class='ocr_line' id='line_1_102' title="bbox 194 5489 353 5534; baseline 0.05 -10"><span class='ocrx_word' id='word_1_720' title='bbox 194 5489 285 5528; x_wconf 87' lang='lat' dir='ltr'><strong>um.</strong></span> <span class='ocrx_word' id='word_1_721' title='bbox 305 5489 353 5534; x_wconf 62' lang='grc'><strong>4.</strong></span> 
     </span>
    </p>
   </div>
   <div class='ocr_carea' id='block_1_103' title="bbox 218 5548 1213 5622">
    <p class='ocr_par' dir='ltr' id='par_1_103' title="bbox 218 5548 1213 5622">
     <span class='ocr_line' id='line_1_103' title="bbox 218 5548 1213 5622; baseline 0.001 -12"><span class='ocrx_word' id='word_1_722' title='bbox 218 5548 309 5622; x_wconf 52' lang='grc' dir='ltr'>(ᾆξ’)</span> <span class='ocrx_word' id='word_1_723' title='bbox 345 5550 717 5622; x_wconf 78' lang='lat' dir='ltr'><strong>Idem,Contra</strong></span> <span class='ocrx_word' id='word_1_724' title='bbox 743 5553 923 5622; x_wconf 82' lang='lat' dir='ltr'><strong>Noet.,</strong></span> <span class='ocrx_word' id='word_1_725' title='bbox 949 5571 1098 5609; x_wconf 91' lang='lat' dir='ltr'><strong>num.</strong></span> <span class='ocrx_word' id='word_1_726' title='bbox 1128 5555 1213 5611; x_wconf 82' lang='lat' dir='ltr'><strong>I8.</strong></span> 
     </span>
    </p>
   </div>
   <div class='ocr_carea' id='block_1_104' title="bbox 219 5618 1671 5697">
    <p class='ocr_par' dir='ltr' id='par_1_104' title="bbox 219 5618 1671 5697">
     <span class='ocr_line' id='line_1_104' title="bbox 219 5618 1671 5697; baseline 0 -16"><span class='ocrx_word' id='word_1_727' title='bbox 219 5618 680 5697; x_wconf 37' lang='lat' dir='ltr'><strong>l85)‘|_dém,_ddv.</strong></span> <span class='ocrx_word' id='word_1_728' title='bbox 721 5618 999 5697; x_wconf 56' lang='grc' dir='ltr'><strong>Βενοηζ-ςι</strong></span> <span class='ocrx_word' id='word_1_729' title='bbox 1038 5625 1242 5692; x_wconf 65' lang='lat' dir='ltr'><strong>Helia,</strong></span> <span class='ocrx_word' id='word_1_730' title='bbox 1272 5630 1415 5693; x_wconf 68' lang='lat' dir='ltr'><strong>ftom.</strong></span> <span class='ocrx_word' id='word_1_731' title='bbox 1454 5627 1473 5681; x_wconf 93' lang='lat' dir='ltr'><strong>I</strong></span> <span class='ocrx_word' id='word_1_732' title='bbox 1513 5627 1671 5697; x_wconf 83' lang='lat' dir='ltr'><strong>0pp.,</strong></span> 
     </span>
    </p>
   </div>
   <div class='ocr_carea' id='block_1_105' title="bbox 168 5684 1677 5808">
    <p class='ocr_par' dir='ltr' id='par_1_105' title="bbox 168 5684 1677 5808">
     <span class='ocr_line' id='line_1_105' title="bbox 168 5684 1677 5808; baseline 0.006 -64"><span class='ocrx_word' id='word_1_733' title='bbox 289 5689 381 5745; x_wconf 77' lang='grc' dir='ltr'>22Ἱ</span> <span class='ocrx_word' id='word_1_734' title='bbox 414 5702 465 5748; x_wconf 90' lang='lat' dir='ltr'><strong>et</strong></span> <span class='ocrx_word' id='word_1_735' title='bbox 492 5684 593 5750; x_wconf 85' lang='grc'>228</span> <span class='ocrx_word' id='word_1_736' title='bbox 613 5737 626 5763; x_wconf 88' lang='grc'><em>,</em></span> <span class='ocrx_word' id='word_1_737' title='bbox 658 5705 710 5752; x_wconf 87' lang='lat' dir='ltr'><strong>et</strong></span> <span class='ocrx_word' id='word_1_738' title='bbox 744 5698 885 5767; x_wconf 87' lang='lat' dir='ltr'><strong>apud</strong></span> <span class='ocrx_word' id='word_1_739' title='bbox 915 5684 1166 5767; x_wconf 67' lang='lat' dir='ltr'><strong>Calland.</strong></span> <span class='ocrx_word' id='word_1_740' title='bbox 1189 5738 1204 5765; x_wconf 94' lang='lat'><strong>,</strong></span> <span class='ocrx_word' id='word_1_741' title='bbox 1228 5684 1447 5754; x_wconf 71' lang='lat' dir='ltr'><strong>colum.</strong></span> <span class='ocrx_word' id='word_1_742' title='bbox 1480 5684 1603 5754; x_wconf 60' lang='lat'><strong>467&#39;</strong></span> <span class='ocrx_word' id='word_1_743' title='bbox 1623 5684 1677 5755; x_wconf 76' lang='lat' dir='ltr'><strong>ct</strong></span> 
     </span>
    </p>
   </div>
   <div class='ocr_carea' id='block_1_106' title="bbox 1844 4793 3341 4869">
    <p class='ocr_par' dir='ltr' id='par_1_106' title="bbox 1844 4793 3341 4869">
     <span class='ocr_line' id='line_1_106' title="bbox 1844 4793 3341 4869; baseline -0.001 -20"><span class='ocrx_word' id='word_1_744' title='bbox 1844 4798 1957 4867; x_wconf 79' lang='lat'>(85)</span> <span class='ocrx_word' id='word_1_745' title='bbox 2000 4796 2354 4869; x_wconf 73' lang='lat' dir='ltr'><strong>Idem,_ibid.,</strong></span> <span class='ocrx_word' id='word_1_746' title='bbox 2382 4798 2543 4869; x_wconf 89' lang='lat' dir='ltr'><strong>apud.</strong></span> <span class='ocrx_word' id='word_1_747' title='bbox 2564 4798 2803 4864; x_wconf 89' lang='lat' dir='ltr'><strong>Fabric.,</strong></span> <span class='ocrx_word' id='word_1_748' title='bbox 2832 4813 2953 4868; x_wconf 71' lang='lat' dir='ltr'><strong>pag.</strong></span> <span class='ocrx_word' id='word_1_749' title='bbox 2981 4795 3107 4859; x_wconf 85' lang='grc'>226,</span> <span class='ocrx_word' id='word_1_750' title='bbox 3133 4802 3187 4849; x_wconf 92' lang='lat' dir='ltr'><strong>et</strong></span> <span class='ocrx_word' id='word_1_751' title='bbox 3215 4793 3341 4849; x_wconf 58' lang='lat' dir='ltr'><strong>Gal.</strong></span> 
     </span>
    </p>
   </div>
   <div class='ocr_carea' id='block_1_107' title="bbox 1772 4866 2216 4922">
    <p class='ocr_par' dir='ltr' id='par_1_107' title="bbox 1772 4866 2216 4922">
     <span class='ocr_line' id='line_1_107' title="bbox 1772 4866 2216 4922; baseline 0 -1"><span class='ocrx_word' id='word_1_752' title='bbox 1772 4868 1917 4922; x_wconf 85' lang='lat' dir='ltr'><strong>land.</strong></span> <span class='ocrx_word' id='word_1_753' title='bbox 1957 4869 2058 4921; x_wconf 91' lang='lat' dir='ltr'><strong>col.</strong></span> <span class='ocrx_word' id='word_1_754' title='bbox 2091 4866 2216 4921; x_wconf 70' lang='grc'><strong>469.</strong></span> 
     </span>
    </p>
   </div>
   <div class='ocr_carea' id='block_1_108' title="bbox 1844 4942 3347 5030">
    <p class='ocr_par' dir='ltr' id='par_1_108' title="bbox 1844 4942 3347 5030">
     <span class='ocr_line' id='line_1_108' title="bbox 1844 4942 3347 5030; baseline 0.001 -18"><span class='ocrx_word' id='word_1_755' title='bbox 1844 4959 1954 5028; x_wconf 81' lang='grc'>(86)</span> <span class='ocrx_word' id='word_1_756' title='bbox 1993 4957 2167 5023; x_wconf 90' lang='lat' dir='ltr'><strong>Idem,</strong></span> <span class='ocrx_word' id='word_1_757' title='bbox 2198 4962 2251 5013; x_wconf 80' lang='lat' dir='ltr'><strong>in</strong></span> <span class='ocrx_word' id='word_1_758' title='bbox 2280 4960 2414 5028; x_wconf 83' lang='lat' dir='ltr'><strong>psul.</strong></span> <span class='ocrx_word' id='word_1_759' title='bbox 2449 4977 2518 5026; x_wconf 87' lang='grc' dir='ltr'><strong>ιι,</strong></span> <span class='ocrx_word' id='word_1_760' title='bbox 2551 4970 2683 5015; x_wconf 92' lang='lat' dir='ltr'><strong>tom.</strong></span> <span class='ocrx_word' id='word_1_761' title='bbox 2713 4959 2731 5013; x_wconf 94' lang='grc'><strong>1</strong></span> <span class='ocrx_word' id='word_1_762' title='bbox 2776 4960 2908 5030; x_wconf 87' lang='lat' dir='ltr'><strong>Opp.</strong></span> <span class='ocrx_word' id='word_1_763' title='bbox 2930 5000 2944 5023; x_wconf 92' lang='lat'><strong>,</strong></span> <span class='ocrx_word' id='word_1_764' title='bbox 2972 4976 3094 5030; x_wconf 80' lang='lat' dir='ltr'><strong>pag.</strong></span> <span class='ocrx_word' id='word_1_765' title='bbox 3115 4958 3224 5013; x_wconf 83' lang='grc'><strong>268</strong></span> <span class='ocrx_word' id='word_1_766' title='bbox 3245 5001 3260 5024; x_wconf 85' lang='grc'>,</span> <span class='ocrx_word' id='word_1_767' title='bbox 3294 4942 3347 5013; x_wconf 70' lang='lat' dir='ltr'><strong>et</strong></span> 
     </span>
    </p>
   </div>
   <div class='ocr_carea' id='block_1_109' title="bbox 1774 5028 3344 5100">
    <p class='ocr_par' dir='ltr' id='par_1_109' title="bbox 1774 5028 3344 5100">
     <span class='ocr_line' id='line_1_109' title="bbox 1774 5028 3344 5100; baseline 0.003 -17"><span class='ocrx_word' id='word_1_768' title='bbox 1774 5028 2019 5083; x_wconf 74' lang='lat' dir='ltr'><strong>Gulland.</strong></span> <span class='ocrx_word' id='word_1_769' title='bbox 2039 5069 2058 5100; x_wconf 51' lang='grc' dir='ltr'><em>ρ</em></span> <span class='ocrx_word' id='word_1_770' title='bbox 2082 5031 2182 5083; x_wconf 90' lang='lat' dir='ltr'><strong>col.</strong></span> <span class='ocrx_word' id='word_1_771' title='bbox 2211 5032 2334 5085; x_wconf 66' lang='grc'><strong>486.</strong></span> <span class='ocrx_word' id='word_1_772' title='bbox 2362 5030 2495 5084; x_wconf 83' lang='lat' dir='ltr'><strong>Vide</strong></span> <span class='ocrx_word' id='word_1_773' title='bbox 2519 5041 2573 5085; x_wconf 90' lang='lat' dir='ltr'><strong>et</strong></span> <span class='ocrx_word' id='word_1_774' title='bbox 2602 5033 2743 5100; x_wconf 86' lang='lat' dir='ltr'><strong>apud</strong></span> <span class='ocrx_word' id='word_1_775' title='bbox 2774 5028 3016 5093; x_wconf 72' lang='lat' dir='ltr'><strong>Fabric.,</strong></span> <span class='ocrx_word' id='word_1_776' title='bbox 3047 5028 3170 5099; x_wconf 82' lang='lat' dir='ltr'><strong>pag.</strong></span> <span class='ocrx_word' id='word_1_777' title='bbox 3200 5030 3308 5083; x_wconf 81' lang='grc'><strong>226</strong></span> <span class='ocrx_word' id='word_1_778' title='bbox 3331 5071 3344 5087; x_wconf 89' lang='grc'><strong>.</strong></span> 
     </span>
    </p>
   </div>
   <div class='ocr_carea' id='block_1_110' title="bbox 1773 5098 3347 5227">
    <p class='ocr_par' dir='ltr' id='par_1_110' title="bbox 1773 5098 3347 5227">
     <span class='ocr_line' id='line_1_110' title="bbox 1773 5098 3347 5224; baseline -0.001 -71"><span class='ocrx_word' id='word_1_779' title='bbox 1773 5109 1827 5222; x_wconf 49' lang='grc' dir='ltr'><strong>εἰ</strong></span> <span class='ocrx_word' id='word_1_780' title='bbox 2011 5098 2074 5165; x_wconf 93' lang='lat' dir='ltr'><strong>II,</strong></span> <span class='ocrx_word' id='word_1_781' title='bbox 2114 5116 2234 5171; x_wconf 86' lang='lat' dir='ltr'><strong>pag.</strong></span> <span class='ocrx_word' id='word_1_782' title='bbox 2259 5103 2350 5169; x_wconf 68' lang='grc'><strong>24,</strong></span> <span class='ocrx_word' id='word_1_783' title='bbox 2382 5102 2471 5167; x_wconf 69' lang='grc'>27,</span> <span class='ocrx_word' id='word_1_784' title='bbox 2497 5102 2590 5166; x_wconf 73' lang='grc'><strong>28,</strong></span> <span class='ocrx_word' id='word_1_785' title='bbox 2623 5098 2714 5167; x_wconf 67' lang='grc'><strong>45,</strong></span> <span class='ocrx_word' id='word_1_786' title='bbox 2748 5112 2800 5155; x_wconf 83' lang='lat' dir='ltr'><strong>et</strong></span> <span class='ocrx_word' id='word_1_787' title='bbox 2836 5112 2969 5155; x_wconf 92' lang='lat' dir='ltr'><strong>tom.</strong></span> <span class='ocrx_word' id='word_1_788' title='bbox 2997 5098 3059 5167; x_wconf 30' lang='lat' dir='ltr'><strong>I,’</strong></span> <span class='ocrx_word' id='word_1_789' title='bbox 3087 5114 3212 5169; x_wconf 85' lang='lat' dir='ltr'><strong>pag.</strong></span> <span class='ocrx_word' id='word_1_790' title='bbox 3240 5100 3347 5153; x_wconf 83' lang='grc'><strong>265</strong></span> 
     </span>
     <span class='ocr_line' id='line_1_111' title="bbox 1774 5185 1981 5227; baseline 0.019 -4"><span class='ocrx_word' id='word_1_791' title='bbox 1774 5185 1802 5223; x_wconf 91' lang='lat' dir='ltr'><strong>e</strong></span> <span class='ocrx_word' id='word_1_792' title='bbox 1967 5214 1981 5227; x_wconf 94' lang='lat'><strong>.</strong></span> 
     </span>
    </p>
   </div>
   <div class='ocr_carea' id='block_1_111' title="bbox 1849 5258 3346 5331">
    <p class='ocr_par' dir='ltr' id='par_1_111' title="bbox 1849 5258 3346 5331">
     <span class='ocr_line' id='line_1_112' title="bbox 1849 5258 3346 5331; baseline 0.004 -18"><span class='ocrx_word' id='word_1_793' title='bbox 1849 5261 1958 5329; x_wconf 79' lang='grc'>(87)</span> <span class='ocrx_word' id='word_1_794' title='bbox 1997 5258 2140 5315; x_wconf 87' lang='lat' dir='ltr'><strong>Idem</strong></span> <span class='ocrx_word' id='word_1_795' title='bbox 2161 5301 2183 5331; x_wconf 14' lang='grc' dir='ltr'><strong>,ί</strong></span> <span class='ocrx_word' id='word_1_796' title='bbox 2205 5261 2403 5315; x_wconf 84' lang='lat' dir='ltr'><strong>Contra</strong></span> <span class='ocrx_word' id='word_1_797' title='bbox 2435 5261 2680 5315; x_wconf 75' lang='lat' dir='ltr'><strong>Rei-onem</strong></span> <span class='ocrx_word' id='word_1_798' title='bbox 2702 5301 2716 5325; x_wconf 96' lang='lat'><strong>,</strong></span> <span class='ocrx_word' id='word_1_799' title='bbox 2748 5277 2897 5317; x_wconf 92' lang='lat' dir='ltr'><strong>num.</strong></span> <span class='ocrx_word' id='word_1_800' title='bbox 2933 5260 2965 5315; x_wconf 93' lang='lat'><strong>8</strong></span> <span class='ocrx_word' id='word_1_801' title='bbox 2987 5304 3000 5329; x_wconf 96' lang='lat'><strong>,</strong></span> <span class='ocrx_word' id='word_1_802' title='bbox 3032 5260 3174 5331; x_wconf 82' lang='lat' dir='ltr'><strong>apud</strong></span> <span class='ocrx_word' id='word_1_803' title='bbox 3215 5259 3346 5319; x_wconf 83' lang='lat' dir='ltr'><strong>Gal-</strong></span> 
     </span>
    </p>
   </div>
   <div class='ocr_carea' id='block_1_112' title="bbox 1775 5330 2248 5393">
    <p class='ocr_par' dir='ltr' id='par_1_112' title="bbox 1775 5330 2248 5393">
     <span class='ocr_line' id='line_1_113' title="bbox 1775 5330 2248 5393; baseline 0.006 -11"><span class='ocrx_word' id='word_1_804' title='bbox 1775 5330 1919 5384; x_wconf 84' lang='lat' dir='ltr'><strong>land.</strong></span> <span class='ocrx_word' id='word_1_805' title='bbox 1939 5370 1953 5393; x_wconf 97' lang='lat'><strong>,</strong></span> <span class='ocrx_word' id='word_1_806' title='bbox 1988 5332 2092 5385; x_wconf 90' lang='lat' dir='ltr'><strong>col.</strong></span> <span class='ocrx_word' id='word_1_807' title='bbox 2124 5330 2248 5386; x_wconf 75' lang='grc'><strong>469.</strong></span> 
     </span>
    </p>
   </div>
   <div class='ocr_carea' id='block_1_113' title="bbox 1849 5422 3344 5491">
    <p class='ocr_par' dir='ltr' id='par_1_113' title="bbox 1849 5422 3344 5491">
     <span class='ocr_line' id='line_1_114' title="bbox 1849 5422 3344 5491; baseline 0.003 -17"><span class='ocrx_word' id='word_1_808' title='bbox 1849 5422 1958 5490; x_wconf 88' lang='grc'>(88)</span> <span class='ocrx_word' id='word_1_809' title='bbox 1996 5422 2137 5477; x_wconf 90' lang='lat' dir='ltr'><strong>Idem</strong></span> <span class='ocrx_word' id='word_1_810' title='bbox 2161 5467 2175 5490; x_wconf 92' lang='lat'><strong>,</strong></span> <span class='ocrx_word' id='word_1_811' title='bbox 2222 5424 2509 5478; x_wconf 85' lang='lat' dir='ltr'><strong>Comment.</strong></span> <span class='ocrx_word' id='word_1_812' title='bbox 2545 5426 2601 5476; x_wconf 79' lang='lat' dir='ltr'><strong>in</strong></span> <span class='ocrx_word' id='word_1_813' title='bbox 2630 5422 2867 5476; x_wconf 80' lang='lat' dir='ltr'><strong>Genesim</strong></span> <span class='ocrx_word' id='word_1_814' title='bbox 2892 5462 2905 5488; x_wconf 92' lang='lat'><strong>,</strong></span> <span class='ocrx_word' id='word_1_815' title='bbox 2944 5432 3054 5478; x_wconf 88' lang='lat' dir='ltr'><strong>tom</strong></span> <span class='ocrx_word' id='word_1_816' title='bbox 3100 5425 3121 5477; x_wconf 89' lang='grc' dir='ltr'>Ι</span> <span class='ocrx_word' id='word_1_817' title='bbox 3167 5424 3344 5491; x_wconf 75' lang='grc' dir='ltr'><strong>ορρ..</strong></span> 
     </span>
    </p>
   </div>
   <div class='ocr_carea' id='block_1_114' title="bbox 1777 5493 2849 5564">
    <p class='ocr_par' dir='ltr' id='par_1_114' title="bbox 1777 5493 2849 5564">
     <span class='ocr_line' id='line_1_115' title="bbox 1777 5493 2849 5564; baseline 0.004 -19"><span class='ocrx_word' id='word_1_818' title='bbox 1777 5493 2016 5564; x_wconf 64' lang='lat' dir='ltr'><strong>pag.24,</strong></span> <span class='ocrx_word' id='word_1_819' title='bbox 2048 5504 2101 5547; x_wconf 85' lang='lat' dir='ltr'><strong>et</strong></span> <span class='ocrx_word' id='word_1_820' title='bbox 2126 5497 2267 5564; x_wconf 87' lang='lat' dir='ltr'><strong>apud</strong></span> <span class='ocrx_word' id='word_1_821' title='bbox 2297 5495 2568 5559; x_wconf 88' lang='lat' dir='ltr'><strong>Galland.,</strong></span> <span class='ocrx_word' id='word_1_822' title='bbox 2592 5494 2695 5547; x_wconf 88' lang='lat' dir='ltr'><strong>col.</strong></span> <span class='ocrx_word' id='word_1_823' title='bbox 2724 5494 2849 5549; x_wconf 68' lang='lat' dir='ltr'><strong>«I78.</strong></span> 
     </span>
    </p>
   </div>
   <div class='ocr_carea' id='block_1_115' title="bbox 1871 5562 3345 5689">
    <p class='ocr_par' dir='ltr' id='par_1_115' title="bbox 1871 5562 3345 5689">
     <span class='ocr_line' id='line_1_116' title="bbox 1871 5562 3345 5635; baseline 0.002 -20"><span class='ocrx_word' id='word_1_824' title='bbox 1871 5562 1958 5633; x_wconf 82' lang='lat'>89)</span> <span class='ocrx_word' id='word_1_825' title='bbox 1998 5562 2181 5628; x_wconf 64' lang='lat' dir='ltr'><strong>Idem,</strong></span> <span class='ocrx_word' id='word_1_826' title='bbox 2219 5566 2416 5619; x_wconf 80' lang='lat' dir='ltr'><strong>Contra</strong></span> <span class='ocrx_word' id='word_1_827' title='bbox 2454 5564 2643 5617; x_wconf 85' lang='lat' dir='ltr'><strong>Beron.</strong></span> <span class='ocrx_word' id='word_1_828' title='bbox 2667 5602 2682 5627; x_wconf 86' lang='lat'><strong>,</strong></span> <span class='ocrx_word' id='word_1_829' title='bbox 2718 5573 2849 5617; x_wconf 88' lang='lat' dir='ltr'><strong>tum.</strong></span> <span class='ocrx_word' id='word_1_830' title='bbox 2883 5562 2940 5629; x_wconf 86' lang='grc' dir='ltr'><strong>Ι,</strong></span> <span class='ocrx_word' id='word_1_831' title='bbox 2973 5579 3095 5635; x_wconf 87' lang='lat' dir='ltr'><strong>pag.</strong></span> <span class='ocrx_word' id='word_1_832' title='bbox 3126 5563 3263 5627; x_wconf 82' lang='grc'>228,</span> <span class='ocrx_word' id='word_1_833' title='bbox 3290 5572 3345 5618; x_wconf 77' lang='lat' dir='ltr'><strong>et</strong></span> 
     </span>
     <span class='ocr_line' id='line_1_117' title="bbox 1871 5632 2778 5689; baseline 0.002 -5"><span class='ocrx_word' id='word_1_834' title='bbox 1871 5633 1916 5685; x_wconf 80' lang='lat' dir='ltr'><strong>id</strong></span> <span class='ocrx_word' id='word_1_835' title='bbox 1946 5632 2213 5689; x_wconf 88' lang='lat' dir='ltr'><strong>Galland..</strong></span> <span class='ocrx_word' id='word_1_836' title='bbox 2250 5636 2351 5688; x_wconf 93' lang='lat' dir='ltr'><strong>col.</strong></span> <span class='ocrx_word' id='word_1_837' title='bbox 2384 5634 2517 5689; x_wconf 70' lang='grc'><strong>468.</strong></span> <span class='ocrx_word' id='word_1_838' title='bbox 2548 5649 2698 5687; x_wconf 90' lang='lat' dir='ltr'><strong>num.</strong></span> <span class='ocrx_word' id='word_1_839' title='bbox 2726 5635 2778 5687; x_wconf 69' lang='grc'><strong>4.</strong></span> 
     </span>
    </p>
   </div>
   <div class='ocr_carea' id='block_1_116' title="bbox 1778 5648 3341 5830">
    <p class='ocr_par' dir='ltr' id='par_1_116' title="bbox 1778 5648 3341 5830">
     <span class='ocr_line' id='line_1_118' title="bbox 1778 5648 2778 5701; baseline -0.001 -14"><span class='ocrx_word' id='word_1_840' title='bbox 1778 5648 1916 5701; x_wconf 86' lang='lat' dir='ltr'><strong>apuu</strong></span> <span class='ocrx_word' id='word_1_841' title='bbox 1946 5648 2213 5698; x_wconf 71' lang='lat' dir='ltr'><strong>uananu.,</strong></span> <span class='ocrx_word' id='word_1_842' title='bbox 2250 5648 2351 5688; x_wconf 70' lang='grc' dir='ltr'><strong>σοι.</strong></span> <span class='ocrx_word' id='word_1_843' title='bbox 2384 5648 2517 5695; x_wconf 68' lang='lat' dir='ltr'><strong>ams,</strong></span> <span class='ocrx_word' id='word_1_844' title='bbox 2548 5649 2698 5687; x_wconf 90' lang='lat' dir='ltr'><strong>num.</strong></span> <span class='ocrx_word' id='word_1_845' title='bbox 2726 5648 2778 5687; x_wconf 70' lang='lat'><strong>4.</strong></span> 
     </span>
     <span class='ocr_line' id='line_1_119' title="bbox 1778 5701 3341 5830; baseline 0.006 -77"><span class='ocrx_word' id='word_1_846' title='bbox 1778 5702 2080 5830; x_wconf 30' lang='lat' dir='ltr'><strong>468803;!!an</strong></span> <span class='ocrx_word' id='word_1_847' title='bbox 2104 5705 2274 5830; x_wconf 61' lang='lat' dir='ltr'><strong>,8ibid.</strong></span> <span class='ocrx_word' id='word_1_848' title='bbox 2299 5743 2315 5769; x_wconf 90' lang='lat'><strong>,</strong></span> <span class='ocrx_word' id='word_1_849' title='bbox 2342 5720 2465 5775; x_wconf 75' lang='lat' dir='ltr'><strong>pag.</strong></span> <span class='ocrx_word' id='word_1_850' title='bbox 2495 5705 2601 5758; x_wconf 82' lang='grc'><strong>250</strong></span> <span class='ocrx_word' id='word_1_851' title='bbox 2620 5744 2634 5771; x_wconf 86' lang='grc'><em>,</em></span> <span class='ocrx_word' id='word_1_852' title='bbox 2660 5714 2713 5760; x_wconf 88' lang='lat' dir='ltr'><strong>et</strong></span> <span class='ocrx_word' id='word_1_853' title='bbox 2741 5704 2882 5775; x_wconf 87' lang='lat' dir='ltr'><strong>apud</strong></span> <span class='ocrx_word' id='word_1_854' title='bbox 2914 5704 3161 5765; x_wconf 88' lang='lat' dir='ltr'><strong>Galland.</strong></span> <span class='ocrx_word' id='word_1_855' title='bbox 3184 5745 3201 5773; x_wconf 83' lang='lat'><strong>,</strong></span> <span class='ocrx_word' id='word_1_856' title='bbox 3232 5701 3341 5762; x_wconf 80' lang='lat' dir='ltr'><strong>col.</strong></span> 
     </span>
    </p>
   </div>
   <div class='ocr_carea' id='block_1_117' title="bbox 1888 5790 2165 5842">
    <p class='ocr_par' dir='ltr' id='par_1_117' title="bbox 1888 5790 2165 5842">
     <span class='ocr_line' id='line_1_120' title="bbox 1888 5790 2165 5842; baseline 0.011 -17"><span class='ocrx_word' id='word_1_857' title='bbox 1888 5814 1903 5842; x_wconf 88' lang='lat'><strong>,</strong></span> <span class='ocrx_word' id='word_1_858' title='bbox 1932 5790 2080 5829; x_wconf 89' lang='lat' dir='ltr'><strong>num.</strong></span> <span class='ocrx_word' id='word_1_859' title='bbox 2114 5790 2165 5830; x_wconf 79' lang='grc' dir='ltr'><strong>δ.</strong></span> 
     </span>
    </p>
   </div>
  </div>
