3844 6188
350 274 452 331 367

1294 277 1380 333 DE
1420 278 1583 334 VITA
1621 277 1710 332 ET
1750 275 2064 336 SCRIPTIS
2099 278 2156 332 S.
2198 275 2583 334 IIIPPOLYTI.

3475 277 3590 332 368

348 402 495 457 salus
523 400 668 473 (9I);
702 400 830 455 hinc
859 418 876 450 ι
907 397 1141 455 Verbum
1176 415 1206 456 e
1231 401 1386 457 caelis
1413 401 1755 457 descendit...
1789 409 1913 458 ut...
1945 404 1991 462 Α
2022 407 2173 454 notat
2210 400 2309 471 (3‘,
2335 417 2399 455 ex
2432 401 2519 464 iis,
2559 411 2679 470 quae
2729 397 2910 452 statim
2971 403 3288 466 sequuntur,
3351 394 3588 464 quisque

348 496 583 551 salvaret
630 493 838 559 Adam,
880 495 970 566 qui
1014 495 1323 563 ceciderat,
1357 505 1410 552 et
1458 495 1918 550 immortalitatem

347 589 634 657 largiretur
666 587 734 642 iis
799 587 890 657 qui
929 587 1211 643 crederent
1252 587 1305 642 in
1344 586 1564 642 nomine
1594 587 1780 658 ejus...
1814 584 1918 642 Ne-

344 699 452 754 que
493 698 620 738 caro
660 698 757 752 per
809 699 868 739 se
924 682 1042 738 sine
1093 683 1274 738 Verbo
1331 683 1627 738 subsistere
1667 689 1915 752 poterat;

344 776 471 846 quia
512 777 565 831 in
614 775 790 831 Verbo
831 775 1060 830 habebat
1100 775 1538 835 subsistentiam,
1575 773 1672 846 τὴν
1722 773 1918 827 σύστα-

345 887 446 923 σιν.
483 867 768 924 Incarnato
801 867 978 923 Verbo
1009 875 1062 923 et
1089 866 1232 922 facto
1261 867 1500 933 homine,
1533 865 1694 922 Pater
1716 874 1834 922 crat
1859 867 1914 921 in

341 961 514 1028 Filio,
551 971 605 1016 et
645 959 818 1016 Filius
856 959 910 1014 in
940 958 1165 1014 Patre...
1199 958 1316 1014 Non
1352 973 1445 1030 per
1480 958 1747 1013 ﬁctionem
1771 999 1786 1025 ,
1819 958 1914 1014 sed

341 1069 466 1108 vere
493 1053 669 1108 factus
692 1060 775 1108 est
801 1052 964 1106 homo
992 1051 1126 1122 (92).
1163 1071 1182 1104 ι
1215 1049 1338 1106 Haec
1368 1051 1668 1107 incarnatio
1693 1061 1912 1122 peracta

341 1158 426 1206 est
468 1150 522 1204 in
562 1148 800 1220 Virginis
831 1157 1019 1213 utero,
1051 1155 1306 1218 operante
1349 1145 1554 1216 Spiritu
1585 1156 1775 1203 sancto
1804 1165 1819 1203 :
1858 1156 1912 1203 et

342 1260 495 1301 error
531 1253 613 1298 est
652 1241 896 1313 opinari,
931 1239 1165 1295 Verbum
1214 1249 1316 1312 (aut
1357 1240 1572 1295 aliunde
1643 1256 1805 1310 quam
1843 1240 1910 1295 de

343 1336 465 1390 sinu
498 1333 737 1403 Virginis
774 1347 992 1388 carnem
1027 1332 1355 1400 sumpsisse,
1398 1341 1490 1386 aut
1523 1347 1740 1386 carnem
1769 1332 1908 1386 hanc

341 1430 408 1483 de
449 1425 588 1482 coelo
621 1424 889 1490 traxisse;
918 1437 1039 1477 cum
1073 1432 1197 1478 ante
1237 1423 1660 1478 incarnationem
1699 1422 1906 1476 nullum

341 1534 541 1589 corpus
565 1518 814 1581 haberet,
840 1524 1090 1586 essetque
1127 1530 1297 1584 purus
1333 1515 1577 1584 spiritus.
1624 1513 1906 1584 Prophetas

341 1613 526 1683 utique
559 1611 753 1666 Filium
797 1609 888 1664 Dei
922 1609 1328 1679 appellaverunt
1354 1608 1514 1663 etiam
1564 1607 1760 1663 Filium
1805 1609 1903 1662 bo-

339 1703 532 1770 minis,
566 1703 659 1760 sed
695 1718 789 1772 per
826 1700 1262 1770 anticipationem
1284 1741 1296 1761 ,
1324 1699 1524 1754 scilicet
1564 1707 1784 1769 propter
1818 1697 1904 1752 fu-

340 1806 513 1851 turam
549 1794 668 1866 ejus
704 1793 1129 1850 incarnationem
1173 1807 1186 1843 :
1236 1809 1252 1842 ‹
1281 1790 1518 1846 Vocatus
1565 1805 1595 1844 a
1636 1789 1901 1860 principio

337 1889 508 1944 Filius
531 1887 790 1958 hominis,
829 1894 1046 1956 propter
1087 1883 1326 1938 Iuturum
1347 1924 1362 1950 ,
1390 1883 1637 1952 quamvis
1663 1883 1899 1937 nondum

334 1991 478 2038 esset
516 1981 678 2036 homo
707 1980 839 2051 (93).
865 1998 882 2030 ι
915 1977 980 2032 Ει
1004 1977 1132 2032 alibi
1161 1997 1172 2032 :
1205 1995 1222 2029 r
1255 1975 1480 2043 Qualem
1511 1976 1675 2045 igitur
1704 1975 1897 2029 Filium

333 2091 492 2130 suum
523 2075 664 2128 Deus
686 2089 781 2142 per
804 2086 1022 2128 carnem
1053 2071 1230 2136 misit,
1258 2069 1364 2125 nisi
1396 2069 1657 2133 Verbum,
1689 2068 1834 2138 quod
1867 2083 1900 2122 a

331 2165 597 2236 principio
621 2163 826 2220 scilicet
855 2162 1052 2216 Filium
1079 2162 1312 2228 vocavit,
1337 2161 1459 2231 quia
1489 2160 1732 2216 futurum
1784 2170 1900 2215 erat

330 2267 390 2313 ut
419 2267 597 2313 ortum
621 2257 874 2327 caperet?
897 2256 961 2311 Et
989 2271 1113 2311 cum
1144 2254 1316 2309 Filius
1338 2261 1583 2319 vocatur,
1609 2267 1898 2309 commune

328 2366 525 2406 nomen
557 2350 760 2405 amoris
788 2364 915 2420 erga
943 2347 1194 2402 homines
1214 2346 1378 2401 sumit
1405 2345 1537 2416 (94).
1578 2365 1596 2398 ι

399 2444 644 2498 Christus
667 2459 731 2498 ea:
759 2443 951 2498 semine
977 2439 1147 2494 David
1173 2455 1318 2494 verus
1340 2438 1476 2493 Deus
1496 2454 1669 2492 omnes
1693 2436 1897 2492 salvere

327 2532 457 2588 uult.
494 2563 564 2572 ——
598 2531 677 2587 Ex
709 2531 820 2586 divi
849 2529 1123 2602 Hippolyti
1154 2532 1376 2598 insuper
1415 2529 1658 2584 doctrina
1691 2528 1897 2597 colligi-

325 2640 474 2689 mus,
501 2624 644 2694 quod
673 2623 818 2679 Deus
846 2638 1036 2679 omnes
1061 2620 1308 2676 homines
1346 2620 1557 2676 salvare
1585 2619 1712 2675 velit
1744 2618 1856 2690 (95)
1876 2658 1892 2684 ,

327 2715 472 2787 quod
501 2715 766 2770 Dominus
792 2722 978 2770 noster
997 2711 1158 2768 Jesus
1183 2711 1434 2767 Christus
1459 2711 1531 2766 sit
1561 2725 1721 2765 verus
1748 2710 1893 2766 Deus

328 2810 444 2882 (96)
471 2809 615 2865 Patri
642 2817 946 2864 coaeternus
977 2805 1110 2876 (97),
1137 2805 1252 2876 ipse
1278 2803 1332 2860 in
1363 2804 1540 2870 Patre,
1573 2813 1625 2861 et
1654 2804 1812 2860 Pater
1839 2806 1894 2860 in

325 2901 552 2958 Christo
580 2902 651 2957 sit
674 2899 819 2972 (98);
852 2899 996 2970 quod
1025 2897 1186 2954 Pater
1215 2913 1430 2954 omnem
1463 2907 1783 2968 potestatem
1811 2901 1894 2954 ei-

326 2993 449 3049 dem
479 2992 686 3048 dederit
734 2992 867 3062 (99),
909 2998 963 3046 et
993 2991 1244 3045 eumdem
1290 2991 1628 3046 constituerit
1654 2991 1889 3062 judicem

2025 492 2327 561 perspicere
2353 501 2560 562 potest,
2595 491 2650 546 S.
2679 490 2892 546 Patrem
2923 505 2988 545 ex
3027 493 3193 558 stirpe
3230 488 3446 558 quidem
3478 486 3583 542 Da-

2021 584 2194 639 vidica
2221 595 2396 639 ortum
2421 584 2603 640 Jcsum
2627 584 2902 640 Christum
2927 598 3220 653 agnoscere
3246 600 3260 644 ;
3285 581 3357 635 ita
3380 589 3584 645 tamen,

2019 684 2080 730 ut
2105 687 2264 748 neget
2297 676 2473 746 ipsum
2503 692 2564 732 ea
2590 685 2768 730 ortum
2804 693 2824 727 ι
2860 690 2926 729 ex
2962 673 3179 729 Davidis
3210 673 3413 728 semine
3436 691 3455 724 ι
3491 687 3584 726 ra-

2017 768 2163 824 tione
2191 768 2432 840 vulgari,
2463 785 2569 840 qua
2597 767 2773 824 czeteri
2810 766 3079 831 homines,
3106 767 3305 836 quippe
3334 783 3354 814 ‹
3388 763 3480 834 qui
3514 764 3584 819 de

2019 859 2224 931 Spiritu
2271 872 2458 918 sancto
2493 871 2786 932 conceptus
2824 859 3014 928 fuerit,
3047 869 3100 915 et
3134 875 3200 915 ex
3234 867 3423 915 sancto
3462 873 3585 930 ger-

2016 953 2162 1009 mine
2187 970 2218 1009 e
2243 964 2382 1008 terra
2412 953 2755 1026 processerit.
2787 971 2805 1004 ι

2518 1063 2916 1120 AH-TIC‘ULUS
2953 1063 3066 1118 VII.

2077 1176 2145 1215 DE
2182 1176 2367 1215 ΒΕΑΤΕ
2409 1175 2586 1215 ΙΛΜᾸΞ
2626 1175 2972 1214 VIBGINITATE
3013 1176 3080 1214 ET
3119 1173 3522 1214 HATERNITATB.

2079 1251 2399 1322 Quanquam
2452 1261 2674 1308 sanctus
2714 1251 3032 1322 llippolytus
3082 1252 3273 1306 nullibi
3323 1251 3585 1306 beatissi»

2011 1354 2152 1393 mam
2187 1338 2458 1412 Virginem
2515 1339 2736 1395 Mariam
2787 1341 2943 1395 titulo
2991 1339 3234 1410 Deipara:
3275 1341 3585 1411 (Θεοτὸκος)

2010 1428 2299 1499 iusigniat,
2330 1431 2688 1488 nihilominus
2728 1441 2907 1486 tamen
2945 1431 3432 1502 ejusmodipassim
3468 1433 3580 1486 uti-

2007 1529 2096 1577 tur
2153 1524 2405 1594 loquendi
2460 1525 2828 1591 l’ormulis,ex
2875 1526 3073 1596 quibus
3124 1525 3240 1580 luce
3278 1525 3581 1580 meridiana

2006 1614 2214 1672 clarius
2233 1618 2488 1687 patescit,
2522 1627 2768 1672 sanctum
2803 1618 3114 1688 episcopum
3146 1618 3357 1672 beatam
3392 1616 3582 1687 Virgi-

2005 1723 2125 1762 nem
2151 1717 2203 1762 et
2236 1708 2458 1765 Matrem
2481 1709 2583 1764 ‘Dei
2615 1710 2933 1778 credidisse,
2964 1719 3019 1765 et
3060 1720 3117 1765 ut
3154 1711 3313 1766 talem
3349 1726 3584 1764 venera-

2004 1808 2116 1854 tum
2160 1800 2344 1857 fuisse.
2392 1802 2602 1858 Etenim
2645 1803 2864 1860 disertis
2900 1803 3078 1858 verbis
3117 1803 3426 1873 proﬁtetur,
3471 1803 3582 1856 Ma-

2003 1893 2136 1948 riam
2178 1893 2273 1950 Dei
2319 1894 2557 1950 Verbum
2610 1897 2663 1950 in
2711 1906 2866 1952 utero
2913 1905 2967 1952 et
3017 1898 3329 1966 concepisse
3375 1907 3429 1952 et
3483 1913 3584 1966 ge-

2002 1995 2176 2042 stasse
2207 1989 2307 2059 (ιί),
2341 2007 2358 2040 ‹
2389 1986 2717 2044 Salvatorem
2743 2005 2805 2045 ex
2837 2005 2898 2045 ea
2923 2000 3131 2056 natum,
3155 2001 3206 2044 et
3234 1991 3351 2046 sine
3379 1990 3583 2046 confu-

2000 2079 2151 2134 sione
2189 2079 2354 2135 Deum
2393 2089 2446 2136 et
2483 2081 2754 2135 hominem
2789 2083 2892 2152 (5);
2932 2104 2950 2136 ι
2991 2092 3152 2152 atque
3186 2081 3369 2137 Jesum
3409 2082 3575 2138 Chri-

1999 2180 2141 2224 stum
2169 2187 2289 2226 esse
2311 2188 2500 2227 verum
2535 2170 2701 2226 Deum
2733 2186 2797 2226 ac
2822 2173 3093 2228 hominem
3131 2172 3229 2242 (6).

2069 2259 2211 2313 Idem
2256 2275 2474 2330 quoque
2522 2271 2742 2316 sanctus
2781 2259 2938 2316 Pater
2979 2262 3035 2316 in
3085 2261 3396 2316 beatissima
3448 2260 3582 2316 Vir-

1997 2351 2119 2422 gine
2170 2350 2336 2404 Maria
2394 2361 2707 2421 perpetuam
2752 2352 2900 2409 illius
2951 2353 3313 2423 virginitatem
3356 2355 3581 2426 egregie

1995 2444 2366 2506 commendat,
2397 2444 2524 2498 dum
2564 2444 2635 2499 ita
2667 2446 2894 2501 scribit:
2940 2465 2957 2498 ι
2997 2445 3384 2502 Uuiversorum
3436 2465 3579 2503 eon-

1995 2535 2133 2589 ditor
2157 2550 2223 2588 ex
2259 2535 2602 2591 sanctissima
2643 2553 2840 2606 semper
2872 2536 3082 2609 Virgine
3114 2539 3290 2593 Maria
3319 2558 3412 2610 per
3442 2560 3577 2597 Con-

1995 2625 2276 2694 ceptionem
2300 2626 2654 2680 inviolabilem
2686 2628 2802 2682 sine
2829 2630 3284 2686 conversihilitate
3309 2633 3577 2689 substan-

1996 2715 2136 2771 tians
2163 2716 2381 2771 sibimet
2413 2717 2649 2772 animam
2691 2719 3102 2775 intellectualem
3149 2737 3272 2776 cum
3305 2725 3577 2780 sensitivo

1993 2823 2239 2878 corpore,
2258 2820 2452 2865 natura
2498 2810 2672 2867 factus
2711 2822 2794 2868 est
2845 2814 3007 2869 homo
3047 2813 3144 2884 (7).
3193 2833 3211 2866 ι
3258 2814 3574 2886 Singularis

1993 2909 2172 2955 autem
2208 2901 2264 2955 S.
2299 2900 2567 2973 Hippolyti
2595 2919 2718 2974 erga
2755 2903 3036 2974 Deiparam
3073 2907 3264 2977 pietas,
3294 2923 3414 2977 quae
3449 2909 3571 2964 hae-

1993 2992 2249 3047 reditario
2289 2994 2522 3063 quodam
2560 2994 2682 3064 jure
2717 2996 2819 3066 ipsi
2863 2997 3061 3063 cessit,
3097 3015 3282 3068 quaeve
3319 3015 3383 3054 ex
3429 3016 3572 3070 apo-

326 3101 390 3142 ac
417 3100 597 3155 regem
622 3083 863 3140 omnium
897 3090 1268 3137 creaturarum
1310 3082 1362 3136 in
1401 3083 1586 3148 caelis,
1637 3085 1690 3138 in
1735 3084 1890 3140 terris
1918 3103 1959 3160 ο
1992 3084 2130 3140 stolo
2169 3083 2376 3140 Joanne
2419 3085 2472 3140 in
2507 3084 2896 3158 Polycarpum,
2931 3104 2994 3143 ex
3035 3089 3332 3161 Polycarpo
3361 3092 3414 3145 in
3449 3093 3572 3148 Ire-

324 3191 377 3235 (ιι
411 3180 464 3233 in
501 3177 728 3242 inferis;
775 3175 921 3246 quod
955 3175 1206 3228 voluntas
1241 3173 1417 3227 Patris
1468 3173 1540 3228 sit
1587 3175 1702 3243 ipse
1731 3174 1889 3230 Chri-

324 3283 440 3328 stus
467 3272 565 3341 (l).
602 3269 738 3324 Dum
771 3283 897 3321 vero
923 3267 988 3320 de
1026 3264 1145 3318 Filii
1176 3265 1458 3334 temporali
1489 3266 1766 3320 nativitate
1808 3267 1891 3322 lo-

323 3366 528 3435 quitur,
567 3363 620 3418 in
648 3359 1010 3431 suspicionem
1037 3357 1182 3412 venit
1219 3356 1274 3412 S.
1307 3356 1596 3426 episcopus
1621 3357 1888 3415 Portuen-

323 3459 398 3512 sis
417 3499 432 3522 ,
463 3455 619 3527 quasi
645 3467 842 3523 negare
872 3450 1134 3506 voluisset
1156 3449 1432 3504 Christum
1461 3449 1659 3506 Filium
1695 3450 1791 3507 Dei
1819 3467 1885 3509 ex

320 3545 490 3601 David
531 3542 894 3609 descendisse,
926 3541 1155 3612 ejusque
1191 3557 1258 3596 ex
1289 3542 1497 3597 semine
1533 3540 1769 3607 factum;
1809 3544 1887 3600 ait

319 3641 466 3696 enim
515 3640 594 3710 (Ξ)
640 3656 653 3690 :
705 3655 724 3689 ‹
766 3636 1016 3691 Catulum
1069 3635 1242 3690 leonis
1278 3636 1492 3691 vocavit
1524 3637 1785 3707 propheta
1817 3640 1882 3706 “,

319 3732 412 3802 qui
434 3747 501 3787 ex
530 3729 666 3785 Juda
699 3737 753 3784 et
783 3727 985 3782 Davide
1012 3726 1309 3781 secundum
1335 3742 1554 3782 carnem
1585 3726 1761 3784 factus
1780 3737 1882 3796 est,

318 3839 428 3879 non
456 3823 672 3895 quidem
701 3837 766 3876 ex
797 3819 1014 3875 Davidis
1053 3817 1254 3874 factum
1290 3821 1526 3888 semine,
1555 3819 1648 3876 sed
1689 3821 1783 3892 qui
1817 3822 1884 3877 de

320 3917 525 3988 Spiritu
567 3924 756 3972 sancto
780 3914 1140 3985 concipiatur,
1167 3921 1222 3969 et
1255 3929 1320 3968 ex
1358 3924 1546 3969 sancto
1580 3916 1820 3984 germine
1853 3931 1883 3971 e

318 4019 457 4065 terra
501 4011 835 4081 procederet.
874 4028 892 4062 ›
927 4007 1148 4073 Verum,
1178 4017 1236 4061 ut
1272 4005 1472 4076 optimc
1509 4005 1881 4064 'I‘illemontiu's

307 4131 311 4134 -
389 4103 431 4134 “
458 4099 595 4158 Gen.
631 4117 779 4167 xux,
807 4101 860 4153 9.

386 4193 497 4263 (9i)
541 4191 598 4263 β.
632 4190 926 4263 Hippolyt.,
959 4185 1362 4263 Contrn_1\'oet.,
1396 4202 1547 4263 num.
1581 4186 1666 4240 I7.

383 4257 498 4332 (92)
540 4257 888 4332 Idem,'ibid.,
917 4275 1066 4314 nuru.
1108 4258 1167 4332 Iti
1195 4267 1414 4313 ctnum.
1444 4257 1496 4310 4.

413 4333 502 4403 95)
536 4332 680 4403 Idem
708 4372 723 4398 ,
749 4331 905 4403 ibid.,
939 4331 1176 4403 num._i_I_.

407 4400 496 4473 94)
534 4402 698 4473 Idem,
725 4402 878 4467 ibid.,
915 4416 1066 4473 num.
1097 4400 1183 4454 I5.

1991 3191 2166 3230 meum
2191 3217 2204 3242 ,
2235 3192 2298 3231 ex
2338 3175 2538 3232 Irenaeo
2577 3178 2630 3231 in
2672 3177 3013 3251 Hippolytum
3037 3221 3050 3244 ,
3091 3190 3425 3252 caaterosque
3459 3183 3570 3240 fuit

1988 3279 2312 3341 propagata,
2373 3279 2594 3339 apparet
2661 3286 2726 3325 ex
2781 3271 2930 3328 hisce
2986 3273 3227 3343 ejusdem
3282 3277 3568 3344 praeclaris

1987 3362 2166 3416 verbis
2203 3361 2280 3431 (8)
2309 3378 2322 3413 :
2371 3381 2389 3413 ι
2423 3358 2542 3424 Quo
2587 3372 2825 3433 tempore
2869 3366 3178 3423 adveniens
3214 3367 3465 3424 Salvator
3491 3388 3563 3428 ex

1988 3455 2207 3527 Virgine
2239 3454 2386 3526 (arca
2418 3469 2553 3510 auro
2583 3457 2786 3511 mundo
2815 3457 3073 3514 deaurata
3094 3500 3110 3524 ,
3144 3461 3290 3518 intus
3333 3465 3562 3531 quidem

1989 3546 2200 3612 Verbo,
2254 3544 2387 3600 foris
2439 3546 2604 3600 verbo
2647 3545 2850 3616 Spiritu
2897 3549 3104 3619 sancto)
3155 3566 3313 3605 suum
3352 3567 3563 3623 corpus

1987 3640 2190 3695 mundo
2221 3639 2478 3710 protulit;
2508 3638 2675 3704 adeo,
2715 3648 2772 3694 ut
2811 3641 3010 3697 veritas
3045 3641 3415 3698 demonstrata
3450 3648 3560 3714 sit,

1986 3742 2038 3787 et
2087 3730 2430 3787 manifestata
2463 3747 2610 3784 arca.
2667 3749 2686 3781 ι
2737 3729 2894 3784 Paria
2943 3740 3121 3786 autem
3170 3750 3234 3788 ex
3282 3733 3560 3810 Hippolyti

1985 3823 2200 3892 scriptis
2251 3822 2306 3875 in
2366 3821 2632 3891 psalmum
2693 3837 2808 3874 χχιι
2861 3823 3091 3877 servavit
3142 3823 3559 3896 Theodoretus,

1982 3913 2190 3984 Dialog.
2247 3914 2297 3976 I,
2332 3928 2451 3984 pag.
2483 3913 2570 3977 56,
2593 3923 2724 3968 tom.
2752 3911 2817 3966 IV
2844 3913 2974 3969 edit.
3010 3913 3406 3975 Sirmondianze
3437 3922 3556 3992 (9):

1987 4026 2006 4059 ι
2042 4005 2212 4062 Porro
2245 4014 2424 4060 autem
2456 4019 2580 4059 arca
2605 4019 2672 4058 ex
2728 4004 2887 4076 lignis
2932 4021 3052 4076 quae
3091 4017 3401 4076 putrescere
3438 4029 3558 4070 non

1980 4189 2277 4252 exstiterit;
2309 4188 2643 4243 terrestrium
2676 4201 2838 4249 vero,
2871 4187 3015 4257 quod
3068 4189 3230 4244 homo
3270 4190 3412 4246 inter
3450 4193 3557 4247 ho-

1979 4263 2154 4336 mines
2177 4269 2335 4314 natus
2355 4268 2467 4322 est,
2505 4268 2619 4313 uta
2656 4257 2856 4336 seipse
2896 4259 3164 4314 Adamum
3200 4260 3558 4336 reformaret;

1985 4331 2316 4386 infernorum
2343 4338 2520 4383 autem
2542 4369 2555 4392 ,
2589 4329 2733 4398 quod
2764 4329 2914 4400 inter
2948 4338 3193 4385 mortuos
3226 4329 3552 4400 reputatus,

1980 4410 2290 4455 sanctorum
2324 4400 2609 4454 animabus
2634 4399 2930 4468 praedicans
2949 4440 2963 4466 ,
2992 4412 3162 4455 morte
3187 4399 3360 4457 victor
3391 4418 3552 4458 mor-

542 4492 585 4546 ¢_
608 4458 809 4546 omnes
842 4458 999 4546 vult,
1040 4485 1228 4524 omnes
1263 4468 1476 4546 salvare
1520 4467 1807 4522 desiderat.
1849 4487 1868 4521 ι
1905 4458 1950 4514 ῐ)
1979 4470 2358 4546 ιίειῳιειίιξς..)
2394 4468 2561 4546 Idem,
2599 4458 2670 4546 Ue
2698 4458 2960 4546 Auriana,
2994 4485 3145 4546 num,
3171 4470 3258 4527 16.

313 4546 370 4603 S.
394 4540 691 4616 Ilippolyt.,
722 4543 794 4595 De
819 4541 1232 4616 Antir(i_.,num.
1263 4540 1314 4594 5.

383 4599 555 4686 (96)(
588 4599 712 4686 Haec
733 4612 926 4684 (omnia
959 4599 1211 4686 Christus
1251 4610 1582 4686 (economice
1617 4618 1870 4686 tanquam

310 4680 484 4743 homo
512 4682 851 4754 precabatur,
901 4683 1006 4754 qui
1041 4690 1156 4735 erat
1197 4697 1360 4736 verus
1407 4680 1568 4735 Deus.
1608 4699 1627 4732 ›
1686 4683 1868 4748 Idem,

306 4751 766 4814 Contra—Iudaea,
801 4767 952 4805 num.
979 4751 1032 4804 4.

381 4828 492 4899 (97)
536 4844 554 4877 ι
597 4823 793 4899 Filium
852 4820 1090 4875 auctoris
1141 4819 1869 4899 beneficiorum_interfcce-

309 4890 455 4964 runt,
476 4890 593 4968 ipse
607 4895 762 4968 enim
793 4901 872 4968 est
893 4900 1197 4968 coaeternus
1215 4890 1394 4946 Patri:
1424 4894 1513 4964 Τῷ
1544 4892 1717 4962 Πατρὶ
1747 4909 1869 4944 συν-

305 4961 516 5033 amicis.-
544 4987 562 5020 ι
603 4965 765 5030 Idem,
795 4962 951 5027 ibid.,
981 4977 1132 5015 num.
1167 4961 1217 5033 7.

377 5031 554 5111 (98)__i
586 5039 646 5111 In
693 5042 1024 5111 quo_autem
1061 5040 1144 5086 est
1195 5031 1362 5111 Deus,
1394 5034 1498 5090 nisi
1543 5035 1596 5111 in
1650 5031 1865 5111 Christo

303 5103 673 5174 Jesu,'Verbo
696 5103 902 5166 Patris,
934 5104 1649 5174 etmysteriomconomize,
1693 5103 1746 5174 id
1782 5112 1865 5158 est

303 5171 694 5236 incarnationis
714 5178 800 5230 ?...
837 5174 988 5241 Quod
1019 5171 1198 5228 autem
1236 5173 1403 5242 dixit,
1435 5176 1490 5228 in
1521 5189 1566 5227 le
1595 5182 1670 5227 est
1698 5171 1858 5239 Deus,

303 5253 540 5306 ostendit
579 5248 894 5321 mysterium
938 5245 1286 5321 oeconomiae,
1321 5245 1375 5298 id
1412 5254 1494 5321 est
1534 5245 1862 5321 incarnatio—

301 5323 389 5375 nis
410 5361 424 5386 ,
452 5313 938 5392 quod.,'incarna_to
971 5315 1142 5392 Verbo
1173 5327 1225 5369 et
1251 5314 1392 5370 facto
1417 5317 1633 5368 homine
1659 5354 1673 5378 ,
1704 5313 1860 5392 lia-ter

299 5383 418 5445 erat
443 5383 496 5444 in
525 5383 696 5456 Filio,
729 5399 782 5446 et
806 5388 976 5444 Filius
1005 5389 1056 5442 in
1089 5386 1278 5451 Patre,
1307 5394 1661 5441 conversante
1719 5383 1856 5438 Filio

298 5473 424 5516 Cum
450 5463 781 5517 hominibus.
807 5481 824 5515 ι
862 5461 1024 5525 Idem,
1047 5459 1229 5514 Contr.
1264 5456 1442 5522 Noet.,
1475 5473 1627 5511 num.
1651 5457 1704 5511 4.

371 5531 482 5600 (99)
527 5550 547 5582 ί
583 5532 810 5586 Omnem
843 5541 1157 5601 potestatem
1192 5529 1453 5594 ostendit,
1477 5543 1597 5598 quae
1633 5543 1662 5581 a
1694 5526 1859 5601 Patre

299 5597 422 5664 data
447 5597 528 5656 est
550 5597 1187 5672 Filio,qui'cmlestium,
1229 5597 1560 5654 terrestrium
1594 5609 1647 5653 et
1691 5597 1855 5672 infer-
1953 5615 1989 5670 ιι

298 5688 492 5726 norum
541 5687 636 5743 rex
675 5668 1033 5743 omniumque
1072 5673 1232 5740 judcx
1275 5678 1490 5743 creatus
1534 5679 1636 5725 cst.
1680 5668 1854 5743 Coale-

2047 4542 2123 4611 (I)
2168 4539 2491 4613 i__Voluntas
2517 4539 2690 4613 Patris
2718 4548 2801 4594 est
2832 4537 2990 4594 Jesus
3018 4541 3283 4598 Christus.
3311 4560 3328 4593 ι
3358 4540 3508 4599 Idem
3529 4587 3546 4613 ,

1976 4609 2156 4665 Contr.
2187 4609 2367 4672 Noct.,
2393 4625 2542 4664 num.
2574 4610 2658 4663 15.

2043 4682 2118 4750 (2)
2161 4679 2456 4751 Hippolyt.,
2489 4681 2678 4751 lib._de
2703 4679 2967 4743 Antichr.,
3004 4697 3153 4736 num.
3179 4683 3233 4737 8.

2042 4753 2118 4817 (5)
2160 4749 2451 4805 Tillembnt
2482 4791 2498 4816 ,
2557 4749 2823 4817 Mémoir.,
2869 4760 3002 4808 tom.
3055 4751 3154 4821 III,
3197 4764 3306 4809 not.
3365 4753 3400 4809 6
3446 4771 3546 4810 sur

1969 4821 2029 4878 S.
2063 4821 2363 4892 Ilippolyt.,
2387 4837 2506 4892 pag.
2537 4821 2660 4875 515.

2040 4891 2182 4961 (4)(
2219 4892 2315 4947 Dic
2346 4892 2498 4957 mihi,
2522 4908 2555 4947 o
2588 4893 2741 4963 beata
2781 4891 2969 4958 Maria,
3000 4893 3127 4963 quid
3160 4905 3277 4950 erat
3319 4910 3349 4950 a
3393 4904 3445 4950 te
3481 4897 3542 4952 in

1967 4972 2122 5036 utero
2155 4972 2506 5036 conceptum,
2537 4962 2742 5036 etquid
2774 4979 2802 5016 a
2843 4972 2893 5036 t_e
2933 4962 3245 5036 geStabatur
3275 4966 3326 5019 in
3362 4968 3539 5036 virgi-

1965 5035 2075 5107 nali
2120 5032 2404 5107 matrlmﬁi
2433 5032 2665 5107 Verbum
2707 5042 2825 5087 erat
2858 5033 3033 5107 Dei.)
3074 5032 3540 5107 Ilippolytsap'ud

1964 5103 2311 5178 Theodoret.',
2329 5103 2547 5178 _Dit_z_l_og.
2597 5103 2659 5178 I,_
2678 5113 2888 5178 ettom.
2919 5102 2939 5156 Ι
2971 5101 3126 5178 Opp.,
3144 5101 3432 5178 'pag;267.

2033 5179 2110 5248 (5)
2150 5175 2387 5248 Idem_in
2419 5175 2547 5229 illud
2575 5191 2588 5227 :
2622 5174 2895 5248 Sapientia
2927 5174 3534 5244 tedi/icaritfProverb.

1961 5244 2117 5314 tx,'I;
2146 5259 2278 5302 tom.
2305 5245 2322 5298 l
2351 5244 2506 5314 Opp.,
2539 5262 2659 5315 pag.
2685 5245 2810 5298 9.82.

2054 5318 2107 5386 6)
2153 5316 2281 5370 Vide
2310 5317 2523 5371 articul.
2556 5317 2877 5386 praecedent.

2054 5390 2106 5456 7)
2146 5385 2793 5460 SCHippolytq’Cont‘ra
2837 5388 3095 5460 Heronem
3145 5398 3194 5444 et
3243 5388 3531 5460 Heliam,

1957 5475 2109 5513 num.
2138 5458 2191 5529 8,
2223 5473 2276 5529 p7.
2314 5460 2437 5519 M59,
2463 5458 2601 5529 apud
2627 5457 2902 5523 Galland.,
2927 5469 2976 5514 et
3009 5461 3114 5514 250
3139 5460 3279 5529 apud
3307 5457 3542 5522 Fabric.

2028 5531 2103 5600 (8)
2146 5527 2204 5600 S.
2226 5527 2494 5599 Hippolyti
2515 5528 2885 5597 Interpretatio
2909 5532 2963 5584 in
2983 5527 3276 5589 Danielem,
3293 5545 3448 5583 num.
3471 5532 3538 5599 6,

1991 5616 2076 5669 ag.
2114 5599 2212 5655 tut
2238 5640 2252 5664 ,
2274 5603 2326 5653 in
2352 5599 2570 5654 Danielc
2591 5600 2887 5670 secundum
2917 5599 3058 5654 LXX
3080 5643 3094 5666 ,
3128 5601 3332 5666 Romae,
3361 5600 3540 5670 I772,

2026 5668 2101 5740 (9)
2142 5670 2463 5742 Hippolytus
2485 5671 2625 5738 apud
2648 5668 2892 5742 Fab_ri_c._,
2908 5679 3056 5742 tom.
3083 5671 3258 5742 I'Opp.
3280 5713 3294 5737 ,
3312 5687 3364 5740 p.
3383 5668 3539 5742 268.

298 5745 463 5800 stium
513 5742 761 5815 quidem,
803 5738 960 5812 quod
992 5738 1226 5798 Verbum
1271 5739 1448 5799 Patris
1486 5750 1612 5798 ante
1657 5738 1851 5796 stecula
1952 5738 2158 5812 etap‘ud
2179 5738 3050 5806 Gallandium,tomollBiblioth.
3077 5738 3541 5813 PP'.,coI.II96.,
