3802 6198
454 253 552 312 871

1436 251 1522 308 DE
1562 251 1721 309 VITA
1762 251 1850 307 ET
1893 247 2212 306 SCRIPTIS
2250 249 2307 305 S.
2341 251 2720 308 lllPPOLYTI.

3541 257 3630 314 τιἺῖ

453 378 568 452 Ego
606 394 722 434 sum
763 377 914 448 panis
948 375 1068 430 vita:
1115 375 1180 430 “.
1217 374 1416 446 Ecquis
1440 391 1568 430 vero
1595 376 1732 431 alius
1759 375 1908 430 dabit
1935 376 2011 430 ci-
2038 379 2089 438 Α
2117 382 2229 438 tur,
2272 389 2380 428 non
2422 375 2672 441 m‘oritur,
2712 387 2887 443 neque
2925 387 2955 427 a
2993 371 3158 428 clavis
3196 379 3248 426 et
3282 372 3456 428 lancea
3487 376 3636 444 perro-

452 473 580 528 bum
607 471 959 541 principibus,
991 485 1151 539 quam
1179 467 1438 524 Dominus
1472 477 1656 524 noster
1675 467 1834 523 Jesus
1860 467 2020 522 Chri-

453 566 608 621 stus?
635 563 752 618 Non
788 572 999 617 tantum
1026 562 1092 616 iis
1117 561 1210 630 qui
1254 560 1482 614 credunt
1527 577 1557 614 e
1612 561 1879 630 gentibus,
1927 561 2019 616 sed

453 659 618 715 etiam
644 672 711 713 ex
743 655 1174 720 circumcisione,
1227 655 1318 724 qui
1352 653 1712 723 principatum
1747 661 1928 707 tenent
1966 653 2020 706 in

455 751 582 816 ﬁde,
620 751 723 805 hoc
757 757 840 803 est
877 748 1122 818 patribus
1159 757 1211 801 et
1254 747 1592 816 patriarchis,
1628 755 1680 800 et
1725 745 2019 816 prophetis,

456 845 820 912 omnibusque
845 840 1190 897 credentibus
1229 839 1283 892 in
1319 854 1516 893 nomen
1549 839 1668 909 ejus
1712 855 1774 894 ac
1813 838 2023 910 passio-

457 951 579 992 nem
613 935 747 1004 (14).
786 952 806 986 ι

528 1027 870 1084 Eucharistia
920 1041 1106 1094 corpus
1154 1022 1353 1077 Christi
1397 1031 1447 1076 et
1495 1020 1816 1088 sacriﬁcium
1875 1035 2026 1072 mun-

458 1119 584 1172 dum
620 1135 682 1170 ac
712 1118 1064 1170 incruentum.
1096 1143 1166 1152 —
1200 1112 1313 1167 Hoc
1343 1127 1559 1182 corpus,
1594 1126 1657 1166 ac
1705 1112 2027 1165 venerabilis

458 1210 681 1281 sanguis
705 1207 942 1278 quotidie
980 1221 1141 1275 super
1180 1213 1367 1258 nostra
1412 1204 1605 1257 altaria
1640 1203 1938 1257 oﬁeruntur
1974 1204 2027 1258 in

462 1302 784 1358 memoriam
816 1300 1005 1370 prima:
1037 1312 1208 1352 omnm
1245 1296 1354 1364 (l5)
1394 1313 1407 1350 :
1441 1315 1458 1347 ‹
1494 1295 1624 1362 Qua:
1660 1295 1713 1348 in
1753 1310 1946 1350 arcana
1979 1304 2032 1350 et

459 1396 643 1450 divina
675 1408 884 1457 mensa,
925 1390 1101 1460 inquit
1126 1388 1184 1443 S.
1233 1387 1572 1460 Hippolytus,
1608 1387 1850 1457 quotidie
1872 1387 2033 1456 perﬁ-

460 1489 681 1544 ciuntur
706 1496 760 1540 et
809 1484 1238 1548 sanctiﬁcantur,
1294 1482 1351 1536 in
1389 1481 1710 1536 memoriam
1753 1495 2030 1549 nunquam

461 1595 569 1634 non
603 1576 902 1633 recolenda:
935 1574 1210 1630 memorize
1235 1573 1422 1644 primae
1453 1574 1600 1628 illius
1629 1572 1827 1627 divinae
1863 1579 1919 1626 et
1947 1587 2034 1625 ar-

461 1687 613 1726 cana:
645 1685 832 1725 coenre.
877 1687 894 1720 ι
932 1667 988 1720 ln
1033 1683 1212 1738 opere,
1247 1667 1391 1736 quod
1435 1665 1752 1720 inscribitur
1793 1663 1869 1718 De
1911 1663 2036 1717 cha-

464 1762 768 1816 rismatibus
809 1759 1024 1815 traditio
1067 1758 1379 1828 apostolica,
1426 1756 1825 1812 Eucharistiam
1875 1764 2034 1810 vocat

463 1855 791 1911 sacriﬁcium
829 1853 1088 1906 mundum
1116 1866 1179 1906 ac
1215 1851 1557 1905 incruentum
1595 1849 1663 1903 ah
1686 1848 1956 1918 episcopis
1979 1858 2032 1902 et

462 1945 792 2016 presbyteris
841 1944 1105 1998 duntaxat
1159 1941 1511 1996 oﬁ‘erendum.
1575 1939 1654 1993 En
1717 1940 1860 1993 illius
1914 1954 2034 1994 ver-

464 2039 533 2092 ba
562 2037 673 2106 (l6)
697 2056 710 2090 :
748 2055 766 2087 (
789 2035 1002 2090 Primus
1025 2035 1195 2104 igitur
1225 2043 1422 2087 natura
1446 2031 1697 2086 Pontifex
1725 2031 2035 2102 unigenitus

463 2129 716 2184 Christus
737 2144 844 2182 non
871 2127 974 2181 sibi
1008 2126 1269 2180 honorem
1306 2125 1506 2195 rapuit,
1541 2124 1631 2178 sed
1657 2139 1688 2178 a
1717 2123 1876 2179 Patre
1907 2139 2038 2178 con-

467 2221 692 2275 stitutus
722 2229 838 2286 est;
889 2218 982 2288 qui
1021 2216 1196 2272 factus
1235 2222 1400 2271 homo
1444 2225 1662 2286 pr0pter
1701 2231 1823 2281 nos,
1859 2217 2039 2286 etspi-

467 2311 664 2366 rituale
705 2310 1034 2366 sacriﬁcium
1083 2308 1314 2363 oﬁ‘erens
1346 2308 1446 2378 ipsi
1485 2307 1596 2362 Deo
1628 2323 1690 2362 ac
1733 2307 1878 2360 Patri
1915 2317 2039 2362 ante

467 2404 800 2474 passionem,
854 2403 1005 2457 nobis
1063 2401 1334 2455 constituit
1385 2399 1512 2454 solis
1557 2401 1654 2453 hoc
1688 2399 1879 2470 facere,
1916 2399 2040 2454 licet

471 2495 755 2550 nobiscum
805 2503 990 2549 essent
1038 2493 1128 2548 alii
1183 2491 1496 2548 consimiles
1544 2505 1783 2561 quoque,
1840 2491 1932 2560 qui
1984 2491 2040 2544 in

471 2603 594 2642 eum
626 2586 971 2644 crediderunt
1001 2601 1225 2640 :verum
1259 2601 1366 2639 non
1397 2585 1578 2640 statim
1605 2601 1670 2640 ac
1701 2585 1896 2654 aliquis
1923 2599 2040 2639 cre-

472 2681 628 2746 didit,
649 2682 767 2749 jam
797 2691 846 2736 et
883 2683 1127 2736 sacerdos
1158 2682 1472 2735 constitutus
1511 2680 1634 2746 fuit,
1677 2689 1768 2733 aut
1809 2679 2042 2750 dignita-

473 2781 576 2826 tem
621 2773 978 2843 pontiﬁcalem
1022 2773 1240 2828 obtinet.
1289 2772 1394 2828 Sed
1439 2781 1564 2843 post
1615 2774 2041 2842 assumptionem

473 2866 622 2921 illius
654 2881 755 2922 uos
793 2867 952 2936 juxta
989 2867 1233 2938 ejusdem
1277 2869 1721 2923 constitutionem
1771 2867 2041 2936 oﬁe‘rentes

473 2959 796 3028 sacriﬁcium
825 2959 1076 3012 mundum
1116 2977 1177 3013 ac
1207 2961 1535 3014 incruentum
1562 2961 1810 3032 elegimus
1843 2962 2043 3030 episco-

2123 477 2297 530 ratur,
2335 481 2443 520 non
2473 465 2652 531 sudat,
2698 481 2806 520 non
2854 464 3032 520 fundit
3079 465 3408 535 sanguinem.
3453 485 3470 518 ι
3511 466 3639 537 Ejus-

2125 559 2271 614 modi
2309 559 2515 614 naturis
2535 566 2790 613 constant
2839 557 3034 627 angeli,
3085 566 3139 612 et
3174 559 3360 612 animae
3399 561 3642 628 corporeis

2122 653 2354 707 vinculis
2377 652 2670 718 exsolutae;
2707 650 2879 704 ambae
2911 651 3053 704 enim
3080 651 3195 704 istae
3227 659 3425 704 naturae
3447 661 3560 706 sunt
3577 653 3644 709 al-

2125 745 2293 801 terius
2321 744 2555 816 generis,
2578 753 2631 798 et
2660 744 2886 798 diversa:
2922 759 2953 796 a
2992 743 3259 797 creaturis
3287 743 3441 812 hujus
3463 746 3642 811 mundi,

2124 853 2246 908 qua:
2301 837 2404 893 sub
2459 845 2735 907 aspectum
2789 835 3008 902 cadunt,
3054 844 3108 890 et
3147 836 3468 905 corruptioni
3505 838 3648 908 subji-

2122 931 2342 984 ciuntur
2363 929 2494 999 (l7).

2197 1021 2274 1076 Ex
2329 1021 2416 1076 his
2471 1019 2774 1074 clarissime
2829 1017 3063 1082 eruitur,
3110 1016 3295 1072 divum
3346 1015 3650 1088 Hippolytum

2128 1115 2414 1186 agnovisse
2438 1111 2674 1166 animam
2718 1121 2912 1165 natura
2961 1125 3059 1198 s.ua
3102 1109 3654 1176 immortalem;etan—

2129 1208 2276 1279 gelos
2312 1206 2390 1261 uti
2428 1206 2760 1260 substantias
2800 1219 2933 1273 pure
2963 1202 3296 1272 spirituales,
3321 1209 3372 1256 et
3396 1217 3424 1255 a
3460 1204 3657 1260 materia

2130 1303 2354 1358 omnino
2390 1310 2625 1356 secretas
2658 1317 2672 1353 :
2720 1314 2840 1368 qua:
2873 1297 3094 1368 quidem
3123 1297 3242 1350 duae
3269 1297 3564 1352 essentiales
3590 1313 3660 1352 ve-

2131 1394 2318 1448 ritates
2367 1392 2547 1464 aliqua
2589 1392 2937 1446 involvuntur
2967 1389 3299 1444 obscuritate
3345 1389 3397 1442 in
3439 1389 3658 1443 omnibus

2134 1483 2304 1542 ferme
2350 1486 2710 1557 scriptoribus
2753 1484 2943 1548 sacris,
2981 1482 3076 1553 qui
3121 1492 3246 1537 ante
3289 1482 3458 1551 ipsum
3492 1482 3658 1539 ﬂorue-

2135 1589 2282 1635 runt.

2208 1670 2536 1731 Resurrectio
2578 1670 2854 1741 generalis.
2886 1702 2956 1719 —
2983 1669 3196 1724 Anima:
3230 1683 3438 1737 quoque
3469 1667 3660 1722 immor-

2140 1763 2401 1818 talitatem
2434 1763 2634 1818 diserte
2683 1763 2881 1817 astruit
2927 1771 3176 1817 vetustus
3225 1761 3310 1814 hic
3352 1758 3516 1823 Pater,
3555 1761 3663 1814 dum

2139 1856 2590 1912 resurrectionem
2635 1854 2937 1926 generalem
2982 1855 3246 1910 adversus
3273 1852 3532 1906 Platonem
3561 1868 3658 1921 pro-

2138 1948 2230 2004 bat
2272 1949 2348 2003 ita
2395 1949 2670 2004 disserens
2717 1967 2729 2002 :
2769 1965 2786 1999 ι
2837 1946 2894 2002 In
2923 1963 3033 2017 quo
3077 1947 3424 2002 continentur
3454 1959 3665 1999 omnium

2137 2041 2356 2107 animm,
2397 2055 2570 2110 usque
2605 2041 2672 2094 ad
2728 2049 2940 2109 tempus
3006 2039 3156 2109 quod
3205 2037 3345 2093 Deus
3380 2038 3664 2093 determina-

2140 2135 2234 2199 vit,
2271 2144 2399 2189 tunc
2433 2134 2665 2187 omnium
2690 2133 3121 2186 resurrectionem
3161 2131 3414 2201 facturus,
3445 2144 3541 2185 non
3571 2131 3670 2188 ani.

2140 2241 2258 2281 mas
2301 2242 2366 2278 ex
2415 2241 2641 2295 corpore
2683 2224 2739 2278 in
2781 2239 2983 2294 corpus
3034 2223 3187 2278 aliud
3217 2222 3553 2286 detrudendo,
3590 2221 3667 2278 sal

2139 2316 2328 2372 eadem
2359 2317 2473 2386 ipsa
2505 2331 2735 2386 corpora
2773 2317 2968 2371 iterum
3003 2315 3314 2371 excitando.
3365 2313 3488 2381 Quae
3515 2315 3666 2369 disso-

2140 2408 2254 2463 luta
2280 2409 2544 2474 videntes,
2591 2411 2636 2465 si
2691 2409 2853 2464 ﬁdem
2891 2409 3194 2480 denegatis,
3223 2425 3256 2464 ο
3290 2408 3472 2476 Grzeci,
3507 2408 3670 2464 discite

2142 2516 2252 2555 non
2281 2515 2401 2556 esse
2431 2500 2718 2555 increduli.
2746 2501 2994 2554 Animam
3021 2502 3165 2554 enim
3190 2501 3448 2554 credentes
3481 2505 3669 2569 tactam,

2142 2601 2191 2646 et
2224 2591 2576 2646 immortalem
2609 2608 2640 2644 a
2686 2590 2792 2645 Deo
2831 2592 3106 2646 conditam
3156 2592 3454 2646 secundum
3492 2599 3676 2645 senten-

2145 2684 2274 2739 tiam
2320 2682 2583 2751 Platonis,
2631 2685 2685 2738 in
2742 2693 3020 2755 tempore;
3075 2700 3195 2738 non
3227 2684 3428 2739 debetis
3459 2697 3556 2736 non
3578 2696 3676 2735 cre-

2145 2776 2294 2842 dere,
2329 2777 2473 2847 quod
2503 2776 2647 2832 Deus
2689 2786 2882 2846 potens
2931 2784 3034 2843 est,
3083 2792 3160 2830 ex
3202 2776 3389 2831 iisdem
3435 2771 3676 2830 clementis

2145 2870 2507 2939 compositum
2554 2877 2610 2924 et
2656 2866 2882 2935 factum,
2928 2871 2997 2922 ad
3044 2868 3217 2923 vitam
3268 2867 3394 2922 illud
3431 2880 3675 2931 revocans,

2145 2959 2453 3018 immortale
2479 2962 2742 3018 reddere:
2782 2961 2915 3014 illud
2949 2959 3094 3014 enim
3131 2959 3413 3029 possibile,
3450 2957 3545 3012 hoc
3571 2970 3677 3009 vero

472 3067 567 3119 pos
595 3060 642 3104 et
667 3050 996 3121 presbyteros
1039 3059 1094 3105 et
1135 3052 1397 3106 diaconos
1429 3068 1657 3106 numero
1693 3063 1916 3136 septem.
1959 3051 2044 3108 Ea:
2070 3069 2112 3126 ο
2147 3051 2480 3121 impossibile
2502 3068 2610 3108 non
2640 3053 2848 3108 dicetur
2867 3052 2933 3107 de
2956 3050 3084 3106 Deo.
3109 3049 3237 3108 Nos
3263 3067 3388 3122 ergo
3442 3051 3678 3107 credimus

477 3142 559 3196 Im
590 3141 842 3213 (septem)
877 3157 1020 3196 unus
1050 3151 1167 3196 erat
1198 3142 1527 3212 Stephanus,
1554 3143 1743 3198 beatus
1768 3153 2037 3214 martyr...

473 3233 756 3301 Nusquam
793 3233 1034 3287 cernitur
1069 3233 1136 3287 iis
1186 3249 1318 3287 usus
1354 3248 1474 3288 esse
1512 3231 1887 3302 (Stephanus).
1922 3249 2042 3304 quae

477 3325 658 3380 ollicio
711 3325 927 3380 diaconi
973 3339 1082 3379 non
1141 3325 1524 3392 convenirent;
1572 3341 1674 3379 non
1726 3327 2044 3394 sacriﬁcium

470 3415 750 3482 obtulisse,
778 3424 870 3468 aut
895 3432 1078 3469 manus
1104 3415 1333 3484 cuipiam
1357 3416 1683 3484 imposuisse,
1709 3416 1802 3469 sed
1829 3415 2044 3470 diaconi

477 3507 728 3563 ordinem
757 3523 932 3577 usque
976 3508 1043 3562 ad
1101 3507 1262 3560 ﬁnem
1305 3507 1628 3562 custodisse.
1678 3525 1696 3558 ›
1734 3505 2047 3576 Desumpsi-

480 3614 608 3653 mus
637 3599 754 3654 hac
797 3613 864 3653 ex
903 3598 1228 3669 Διδασκαλίᾳ
1275 3598 1666 3668 apostolorum,
1721 3613 1843 3669 quae
1884 3599 2046 3669 vulgo

481 3689 548 3745 ὃ.
574 3698 762 3744 nostro
795 3687 1086 3762 Hippolyto
1113 3689 1426 3746 ascribitur.

1002 3801 1400 3860 ARTICULUS
1437 3802 1528 3858 IX.

483 3929 552 3971 ΣΒ
591 3933 801 3974 Νλτυκλ
825 3931 1139 3972 Ακςειοκωί
1179 3933 1247 3970 ΕΤ
1282 3931 1577 3980 ΑΝΙΜΔΒΠΗ,
1603 3917 2049 3972 ἠεευκιιερτιοκε

557 4003 906 4051 κοιιτυοιιωι,
937 4002 1186 4042 εἰΤΒΕΜΟ
1209 4003 1434 4048 JUDICIO,
1461 4003 1672 4041 ΡΒᾸΞΜΙΟ
1693 4004 1755 4040 AC
1785 4004 2052 4045 SUPPLICIO

554 4073 832 4114 PROBORUI
865 4075 934 4111 ΕΤ
975 4073 1333 4123 ηιριιοιιοιιυκ,
1368 4074 1633 4120 MUNDIQUE
1673 4074 1948 4112 INTERITU.

558 4148 1054 4204 Statusvliominum
1099 4159 1216 4218 post
1276 4151 1724 4203 resurrectionem.
1767 4150 1949 4219 Angeli
2003 4166 2053 4208 et

486 4243 679 4297 anima:
731 4242 1056 4296 immortales
1106 4259 1169 4294 ac
1216 4240 1664 4310 incorruptibiles.
1704 4271 1773 4280 ——
1820 4241 2054 4298 Sanctus

489 4334 809 4406 Hippolytus
857 4343 1058 4389 statum
1115 4333 1394 4388 hominum
1441 4341 1564 4395 post
1601 4335 2056 4389 resurrectionem

2147 3158 2348 3213 corpus
2401 3154 2858 3200 resurrecturum.
2898 3142 2955 3198 Si
3005 3143 3154 3198 enim
3189 3143 3560 3213 corrumpitur,
3589 3156 3680 3196 non

2145 3236 2374 3290 omnino
2413 3236 2692 3306 perditur;
2731 3244 2877 3290 terra
2915 3235 3058 3290 enim
3106 3235 3376 3305 recipiens
3411 3234 3545 3288 illius
3577 3232 3682 3288 relic

2149 3329 2328 3400 quias,
2383 3329 2504 3383 illas
2535 3337 2736 3392 servat,
2764 3339 2817 3385 et
2843 3327 3194 3382 elllorescunt
3238 3327 3389 3383 factae
3425 3327 3582 3382 instar
3612 3339 3683 3380 se-

2151 3419 2337 3484 minis,
2367 3430 2420 3474 et
2450 3428 2606 3474 terrae
2626 3418 2937 3487 pinguedini
2966 3418 3278 3488 implicata,
3328 3427 3382 3474 et
3418 3417 3674 3487 immersae;

2151 3520 2206 3566 et
2250 3512 2574 3568 seminatum
2602 3512 2818 3581 quidem
2851 3526 3102 3581 granum,
3158 3511 3365 3565 nudum
3398 3509 3683 3571 seminatur,

2155 3604 2222 3660 ad
2258 3603 2546 3672 imperium
2575 3618 2704 3658 vero
2743 3602 2837 3657 Dei
2870 3602 3143 3658 Creatoris
3198 3604 3420 3668 ﬂorens,
3467 3602 3685 3657 indutum

2153 3706 2207 3753 et
2226 3695 2521 3767 gloriosum
2557 3692 2818 3764 exsurgit,
2858 3709 2968 3748 non
3000 3702 3125 3748 ante
3155 3711 3323 3765 quam
3353 3695 3575 3749 moriens
3601 3690 3688 3745 dis—

2157 3788 2418 3854 solvatur,
2449 3795 2504 3842 et
2525 3796 2680 3841 terra:
2701 3785 3140 3839 commisceatur.
3172 3787 3324 3842 Adeo
3363 3794 3420 3840 ut
3450 3799 3550 3838 non
3575 3794 3690 3835 vane

2157 3879 2443 3936 credamus
2485 3877 2940 3932 resurrectionem
2988 3891 3305 3946 corporum.
3342 3874 3473 3930 Nam
3506 3870 3688 3928 etiamsi

2159 3973 2227 4028 ad
2283 3981 2496 4041 tempus
2550 3970 2790 4025 solvatur
2831 3985 3049 4040 corpus,
3101 3980 3323 4040 pr0pter
3377 3969 3591 4038 primam
3631 3962 3689 4017 ab

2160 4066 2314 4121 initio
2353 4063 2834 4134 transgressionem
2888 4071 3298 4132 perpetratam;
3356 4071 3597 4130 tauquam
3641 4057 3685 4109 in

2161 4155 2480 4213 conﬁatorio
2509 4163 2665 4208 terra:
2703 4151 3012 4215 mandatur,
3047 4167 3267 4207 rursum
3305 4150 3582 4220 aliquando
3618 4162 3689 4200 re-

2163 4250 2508 4307 formandum
2547 4265 2560 4301 :
2596 4261 2702 4300 non
2734 4246 2857 4312 tale,
2887 4244 3047 4314 quale
3072 4259 3237 4308 nunc,
3270 4250 3690 4299 resurrecturum,

2162 4345 2255 4399 sed
2289 4357 2509 4414 purum,
2545 4349 2599 4394 et
2638 4354 2746 4392 non
2783 4338 3014 4406 amplius
3041 4336 3376 4405 corruptioni
3410 4333 3692 4390 obnoxium.

487 4428 565 4482 ita
595 4427 836 4497 depingit
880 4444 893 4479 :
937 4445 956 4478 ί
1010 4426 1206 4493 Erunt,
1249 4425 1425 4496 inquit
1465 4424 1521 4480 S.
1573 4426 1916 4497 Hippolytus,
1964 4428 2061 4482 ho-
2091 4429 2135 4484 D
2166 4436 2229 4490 Et
2269 4435 2490 4490 cuilibet
2511 4432 2730 4501 corpori
2760 4445 2856 4485 sua
2883 4429 3099 4499 propria
3132 4431 3314 4484 anima
3360 4428 3624 4487 reddetur;
3651 4434 3696 4474 et

489 4520 670 4573 mines
694 4520 748 4572 in
789 4520 1187 4574 resurrectione
1226 4520 1367 4574 sicut
1417 4519 1591 4590 angeli
1641 4519 1753 4583 Dei,
1801 4521 2058 4575 nimirum

489 4611 856 4680 corruptionis
871 4620 1135 4680 expertes,
1173 4611 1529 4678 immortales,
1559 4611 1694 4666 nihil
1713 4611 1930 4667 deﬂuxu
1961 4614 2060 4668 ali-

491 4718 604 4774 quo
636 4703 930 4766 deperdere
965 4703 1142 4772 soliti;
1186 4719 1313 4763 nam
1353 4703 1675 4758 immortalis
1713 4713 1902 4759 natura
1952 4719 2061 4758 non

492 4803 783 4868 generat,.
817 4810 927 4850 non
977 4803 1286 4866 generatur,
1345 4809 1455 4848 non
1506 4805 1752 4864 augetur,
1786 4811 1894 4850 non
1932 4795 2061 4850 dor-

494 4891 615 4958 mit,
649 4903 758 4943 non
789 4887 982 4954 esurit,
1011 4902 1122 4941 non
1161 4885 1297 4953 Sitit,
1331 4901 1441 4941 non
1472 4885 1747 4957 fatigatur,
1777 4903 1885 4942 non
1928 4887 2065 4957 pati—

591 5019 806 5081 "Joan.
839 5040 917 5090 vi,
947 5023 1037 5088 35,
1085 5021 1177 5076 48.

569 5140 682 5212 (Μ)
718 5140 1015 5212 Hippolyt.,
1047 5137 1455 5212 Fragment..ex
1487 5134 1838 5212 Commentar.
1869 5135 1931 5212 in_
1967 5133 2066 5188 Ge-

569 5157 682 5212 (14)
720 5157 1015 5263 Πιρροιῖῐη
1047 5157 1455 5208 rragmenr..ex
1487 5157 1838 5220 bomr‘neutar.
1869 5157 1922 5186 ιη
1967 5157 2062 5188 ue-

499 5213 855 5337 :(eE-inistom.
949 5209 989 5278 Ι,
1037 5224 1160 5280 pag.
1214 5206 1304 5271 28,
1343 5215 1396 5262 et
1435 5207 1580 5276 apud
1610 5205 1881 5270 (:ahand.,
1913 5203 1952 5258 ι.
1981 5221 2062 5275 ια,

497 5282 607 5339 col.
637 5282 762 5337 681.

574 5353 795 5423 (l5)cEt
826 5352 1036 5422 paravit
1063 5365 1293 5403 mensam
1337 5364 1525 5411 suam,
1566 5347 1892 5418 promissam
1933 5361 2064 5423 san-

500 5418 602 5478 cta:
631 5418 913 5479 Trinitatis
957 5423 1346 5488 cognitionem,
1404 5432 1504 5471 nec
1547 5435 1652 5473 non
1699 5418 2070 5472 venerandum

503 5503 861 5563 sanctumque
892 5495 1011 5563 ejus
1030 5487 1260 5563 reorpus,
1296 5506 1360 5563 ac
1383 5489 1724 5563 sanguinem,
1751 5504 1872 5556 qum
1908 5487 1962 5540 in
1989 5503 2071 5540 ar-

505 5578 664 5627 cana,
693 5573 746 5617 et
773 5559 956 5618 divina
992 5559 1179 5617 mensa
1212 5560 1452 5632 quotidie
1485 5559 1861 5628 perﬁciuntur,
1895 5568 1948 5632 et
1982 5573 2070 5632 sa-

506 5634 824 5688 crilicantur
849 5634 903 5686 iu
936 5628 1255 5686 memoriam
1294 5646 1574 5700 nunquam
1622 5644 1728 5684 non
1773 5628 2070 5682 recolendte

507 5702 784 5759 memoriae
811 5706 998 5772 prima:
1022 5703 1185 5774 illius,
1218 5713 1270 5759 et
1293 5703 1488 5758 divinae
1513 5711 1563 5757 et
1591 5714 1803 5757 arcana:
1825 5714 2013 5755 cmnaz.
2042 5716 2063 5750 ο

2164 4529 2256 4584 illo
2301 4528 2510 4590 induta,
2565 4541 2674 4579 non
2708 4537 2942 4579 mmrore
2988 4531 3306 4587 marcescct,
3340 4521 3432 4576 sed
3461 4534 3576 4574 cum
3617 4515 3704 4569 illo.

2163 4619 2452 4692 gaudebit,
2487 4632 2624 4688 pura
2672 4632 2869 4686 purum
2919 4615 3249 4670 inhabitans.
3309 4612 3408 4668 Cui
3454 4624 3590 4666 nunc
3649 4605 3694 4657 in

2163 4712 2366 4766 mundo
2388 4711 2533 4780 juste
2563 4723 2746 4764 comes
2779 4707 2940 4770 facta,
2978 4717 3032 4760 et
3064 4721 3172 4760 non
3215 4704 3418 4759 habens
3444 4702 3496 4754 in
3523 4699 3619 4754 ulla
3647 4709 3696 4747 re

2164 4805 2316 4858 illum
2374 4801 2780 4863 insidiatorem,
2834 4799 3107 4868 rapietur,
3144 4808 3197 4852 et
3241 4795 3529 4865 accipietur
3585 4801 3693 4842 cum

2167 4897 2315 4952 omni
2347 4895 2567 4967 gaudio.
2604 4893 2795 4963 lnjusti
2827 4906 2956 4947 vero
2996 4905 3104 4945 nou-
3133 4890 3413 4943 immutata
3443 4883 3695 4939 assument

2169 5128 2227 5183 S.
2251 5125 2541 5195 Hippolyt,
2566 5121 2617 5174 in
2650 5120 2777 5174 illud
2801 5115 3054 5195 Pnoverb.
3084 5129 3162 5179 rx,
3188 5105 3556 5195 lnz‘Sapientia

3187 5182 3314 5246 282,
3352 5168 3404 5234 et
3425 5174 3557 5246 apud
3586 5168 3695 5225 Gal—

2168 5261 2345 5331 land.,
2367 5276 2501 5319 tom.
2530 5262 2590 5325 ll,
2617 5263 2720 5315 col.
2754 5261 2935 5331 4882‘
3051 5327 3064 5331 _
3311 5319 3381 5331 η,
3419 5319 3430 5331 _
3484 5315 3496 5327 ,

2269 5319 2352 5406 is)
2391 5334 2550 5388 Tom.
2579 5319 2595 5384 i
2623 5331 2757 5406 app,
2788 5330 2846 5406 ξι
2879 5319 3694 5406 HippomeneFabricium:

2168 5381 2357 5464 25S;
2621 5381 2762 5473 apud
2795 5381 3092 5462 ὸθιιειῖιὶιη⁴
3117 5381 3246 5451 ιόωῖ
3281 5393 3344 5459 ll,
3392 5388 3492 5444 col.
3527 5381 3621 5437 512
3651 5383 3698 5429 et

2169 5480 2292 5536 515.
3549 5518 3579 5536 ,.

2242 5531 2354 5619 (ΓΤ)
2423 5546 2484 5603 5-
2549 5545 2849 5619 Ηίρβοιγιη,
2906 5546 3141 5619 tractat._
3183 5531 3693 5619 “Denresurrfflt‘onf‘.

2173 5586 2359 5676 teriri
3179 5586 3445 5662 Sananda,
3492 5604 3615 5647 tom.
3644 5586 3701 5648 ll.

2173 5693 2276 5749 col.
2303 5691 2428 5746 495.
