3844 6188
271 270 360 324 573
1210 261 1298 315 DE
1336 261 1503 317 VITA
1541 260 1628 315 ET
1669 258 1978 316 SCRIPTIS
2017 258 2075 314 S.
2109 256 2510 314 HIPPOLYTI.‘

3352 262 3457 317 371

273 402 477 460 corpora,
501 401 598 441 nec
635 384 861 441 liberata
910 384 1191 440 affectibus
1228 394 1281 440 et
1325 386 1551 451 morbis,
1609 399 1785 455 neque
1814 390 1856 444 Α
1887 396 1990 451 pus
2010 395 2388 453 corrumpens,
2419 378 2512 436 sed
2544 379 2843 450 irrequieto
2884 382 3073 437 dolere
3115 398 3180 439 ex
3230 387 3459 445 corpore

268 482 342 537 illa
366 478 632 548 gluriﬁcata
655 480 941 547 accipient,
969 478 1063 533 sed
1096 479 1149 532 in
1181 479 1268 541 iis,
1296 479 1496 547 quibus
1529 478 1787 533 ﬁnierunt

264 573 417 633 vitam,
450 571 665 635 morbis,
715 580 769 625 et
801 571 989 639 quales
1015 571 1069 624 in
1114 572 1491 626 incredulitate
1512 572 1783 635 vixerunt,

258 665 367 719 tales
406 676 545 718 certe
582 662 973 731 judicabuntnr
1003 662 1135 733 (18).
1197 683 1215 715 ι
1260 663 1337 717 Ex
1386 664 1473 718 his
1518 665 1787 734 colligitur

249 765 465 809 sanctum
526 762 775 808 nostrum
831 754 1147 824 episcopum
1204 754 1558 809 conformiter
1617 772 1785 811 sacra:

247 846 508 913 Scriptura:
560 846 813 901 docuisse
895 862 1339 916 unumquemque
1396 862 1517 901 cum
1567 850 1784 917 proprio

241 952 439 1005 corpore
465 952 586 991 esse
614 946 1074 1004 resurrecturum;
1102 952 1330 1007 corpora
1364 938 1636 1008 justorum
1670 940 1783 1012 glo-

236 1032 377 1091 riosa,
414 1029 795 1099 impassibilia,
840 1030 1207 1099 corruptionis
1259 1032 1498 1100 expertia
1547 1032 1685 1098 fore,
1729 1042 1782 1087 et

235 1138 324 1175 una
371 1138 488 1175 cum
537 1123 722 1177 anima
769 1124 925 1178 beata
987 1126 1285 1179 teternitate
1330 1125 1557 1179 fruitura
1624 1142 1777 1193 esse;

229 1226 425 1268 econtra
457 1224 639 1268 autem
678 1231 905 1285 corpora
942 1218 1229 1287 impiorum
1281 1235 1389 1273 non
1433 1220 1776 1274 immutatum

226 1304 312 1369 iri,
372 1304 673 1374 iisdemque
714 1307 918 1361 morbis
972 1323 1034 1361 ac
1080 1308 1485 1363 inlirmitatibus
1544 1309 1775 1365 obnoxia

222 1392 339 1455 fore.
371 1397 569 1464 quibus
604 1396 658 1449 in
692 1398 794 1451 hoc
824 1399 1025 1453 saeculo
1059 1399 1210 1453 fuere
1234 1399 1490 1455 obnoxia.

278 1486 415 1539 Idem
451 1505 646 1557 corpus
680 1500 933 1559 resurget.
964 1520 1036 1530 —
1076 1490 1132 1544 In
1170 1490 1408 1560 Epistola
1450 1492 1518 1547 ad
1563 1493 1775 1549 Severi-

218 1594 321 1633 nam
355 1579 512 1633 tradit
544 1581 637 1636 hic:
672 1580 726 1634 S.
757 1581 933 1644 Pater,
963 1583 1477 1638 nixus'auctoritate
1503 1583 1558 1639 S.
1596 1585 1770 1651 Pauli,

216 1670 336 1722 idem
400 1686 608 1739 corpus
669 1680 1121 1726 resurrecturum.
1200 1691 1219 1724 ι
1287 1671 1559 1729 Primitias
1609 1676 1771 1745 igitur

214 1758 337 1815 hunc
366 1760 701 1833 (Christum)
732 1763 975 1818 nominat
1008 1763 1228 1831 (Paulus
1268 1764 1289 1816 l
1329 1764 1499 1835 Epist.
1555 1740 1769 1821 ad—Co-
1803 1740 1843 1793 Β

212 1851 356 1903 rintb.
402 1867 501 1914 xv,
560 1852 659 1922 ΞΟ)
706 1854 1111 1921 dormientium,
1153 1865 1207 1910 et
1242 1856 1659 1927 primogenitum
1702 1875 1769 1913 ex

212 1942 417 1997 mortuis
447 1944 513 2008 ¹³,
548 1945 648 2012 qui
687 1960 977 2014 resurgens
998 1954 1050 2000 et
1071 1947 1258 2000 volens
1284 1949 1591 2013 ostendere,
1622 1949 1767 2019 quod

209 2030 330 2085 idem
357 2033 455 2086 hoc
478 2043 637 2088 esset
661 2036 1065 2103 resuscitatum,
1098 2037 1241 2107 quod
1269 2048 1323 2092 et
1356 2048 1631 2093 mortuum
1661 2040 1771 2095 l'ue-

205 2131 314 2190 rat,
375 2124 763 2181 dubitantibus
822 2128 1101 2198 discipulis
1159 2145 1445 2185 accersens
1501 2131 1765 2186 Thomam

205 2215 322 2267 dixit
354 2217 396 2246 “
444 2235 457 2269 :
512 2217 735 2271 Accede
769 2220 894 2285 huc,
930 2228 1110 2289 tange,
1163 2230 1217 2274 et
1259 2223 1399 2288 vide,
1445 2224 1573 2292 quia
1608 2224 1767 2293 spiri—

204 2311 277 2358 tus
298 2321 509 2359 carnem
547 2317 612 2361 et
648 2324 771 2363 ossa
812 2326 918 2364 non
953 2312 1133 2377 habet,
1187 2313 1328 2367 sicut
1371 2329 1455 2367 me
1480 2314 1627 2369 vides
1672 2315 1768 2369 ha-

202 2394 411 2449 bentem.
446 2397 606 2452 ltleni
670 2399 915 2469 (Paulus)
962 2402 1013 2454 in
1065 2403 1251 2457 eadem
1300 2403 1539 2474 Epistola
1586 2408 1767 2476 appel-

198 2487 299 2541 lans
347 2490 523 2558 ipsum
573 2493 842 2560 primitias
868 2496 930 2561 ’⁷,
965 2496 1333 2550 testimonium
1382 2507 1583 2553 nostra
1616 2516 1767 2553 asse-

198 2581 436 2633 verationi
472 2582 782 2650 perhibuit,
830 2584 971 2653 quod
1010 2601 1075 2640 ex
1104 2586 1289 2641 eadem
1325 2603 1502 2642 massa
1545 2605 1764 2643 carnem

198 2681 510 2739 assumptam
552 2672 815 2728 Servatur
846 2677 1209 2732 resuscitavit.
1256 2676 1461 2733 faciens
1490 2694 1608 2733 eam
1648 2679 1762 2748 pri-

199 2762 361 2817 mitias
386 2766 586 2820 carnis
609 2767 905 2835 justorum,
941 2778 999 2822 ut
1025 2784 1218 2824 omnes
1252 2772 1535 2826 credentes
1566 2772 1763 2829 ﬁducia

198 2852 339 2923 hujus
362 2859 685 2914 resuscitati
720 2872 1094 2929 exspectemus
1134 2862 1373 2918 futuram
1405 2865 1763 2920 resurrectio-

194 2960 298 3001 nem
328 2950 456 3020 (ιθ).
501 2970 521 3003 ι

250 3038 518 3097 Iudicium
571 3056 880 3104 extremum.
911 3079 981 3091 —
1007 3050 1083 3105 De
1114 3058 1360 3106 extremo
1401 3048 1607 3120 judicio
1653 3048 1764 3119 agit

193 3128 244 3187 S.
271 3132 601 3207 Hippolytus
627 3148 740 3194 tum
770 3141 824 3195 in
858 3142 997 3197 libro
1035 3142 1110 3197 De
1154 3144 1495 3210 Antichrislo,
1545 3152 1657 3195 tum
1706 3143 1761 3196 in

189 3229 401 3280 tractatu
433 3230 702 3283 adversus
736 3231 1031 3287 Platonem.
1066 3234 1121 3288 In
1163 3236 1265 3290 hoc
1309 3236 1495 3290 scribit
1532 3234 1599 3287 de
1624 3233 1713 3287 illo
1744 3250 1759 3287 :

193 3332 209 3363 ι
237 3315 378 3381 Quod
402 3337 634 3393 omnes,
661 3324 775 3378 sive
800 3325 932 3394 justi
965 3328 1076 3381 sive
1111 3328 1317 3397 injusti,
1352 3329 1620 3384 ducentur
1660 3348 1755 3386 co-

189 3421 284 3460 ram
312 3409 419 3465 Deo
450 3410 643 3468 Verbo
676 3433 693 3470 :
724 3416 797 3470 illi
821 3419 965 3471 enim
1003 3418 1166 3473 Pater
1195 3438 1343 3473 omne
1364 3422 1633 3490 judicium
1662 3426 1754 3480 ἀει
1801 3466 1816 3476 .

188 3499 255 3551 dit
289 3502 347 3565 “,
380 3514 435 3557 et
466 3506 575 3558 ille
614 3507 946 3563 voluntatem
986 3510 1161 3566 Patris
1196 3513 1427 3581 implens
1456 3516 1620 3584 judex
1664 3518 1758 3570 ad-

188 3592 378 3659 veniet;
406 3596 520 3662 ille,
564 3596 807 3666 inquam,
832 3616 991 3669 quem
1026 3618 1125 3656 nos
1149 3602 1427 3657 Christum
1458 3622 1715 3663 vocamus
1742 3627 1755 3661 :

187 3698 340 3753 neque
376 3690 532 3742 enim
573 3689 765 3758 Minos,
794 3702 887 3746 aut
908 3692 1352 3750 Rhadamanthus
1375 3708 1501 3753 sunt
1524 3698 1758 3768 judices,

187 3786 237 3828 ut
263 3782 575 3835 secundum
606 3798 724 3848 vos,
767 3785 999 3853 ethnici;
1033 3787 1125 3841 sed
1169 3788 1274 3853 ille,
1316 3805 1477 3858 quem
1530 3790 1670 3845 Deus
1702 3805 1756 3847 et

183 3864 324 3926 Pater
347 3875 708 3944 gloriﬁcavit,
740 3878 807 3931 de
851 3895 961 3949 quo
1003 3881 1131 3935 alibi
1178 3883 1545 3951 particulatim
1582 3886 1757 3943 disse—

184 3963 375 4019 ruimus
414 3967 472 4021 in
512 3970 751 4037 gratiam
781 3985 967 4023 eorum
1020 3973 1113 4040 qui
1154 3984 1406 4041 quaerunt
1444 3978 1755 4047 veritatem;

183 4049 262 4107 ille
296 4055 411 4125 ipse
442 4058 665 4127 justum
695 4061 958 4129 judicium
996 4061 1171 4117 Patris
1205 4065 1258 4117 in
1284 4083 1474 4122 omnes
1496 4085 1757 4126 exercens

184 4146 671 4220 ordinabit,‘quod
712 4167 926 4221 aequum
966 4167 1017 4208 et
1052 4156 1257 4224 justum
1293 4160 1418 4221 erit,
1462 4161 1758 4231 unicuique

184 4239 470 4293 secundum
496 4255 671 4309 opera
703 4261 716 4295 :
750 4243 1120 4312 cujusjudicio
1157 4248 1411 4311 sistentur
1438 4268 1633 4315 omnes,
1666 4252 1760 4304 Iw-

182 4332 350 4397 tnines,
380 4334 564 4404 angeli
596 4334 935 4405 (dtemones),
969 4346 1021 4391 et
1053 4340 1340 4397 unanimes
1373 4360 1559 4398 vocem
1599 4346 1758 4399 emit-

182 4428 279 4477 tent
308 4444 320 4478 :
354 4425 582 4481 Justum
618 4436 701 4482 est
724 4428 983 4497 judicium
1011 4440 1162 4487 tuum
1198 4434 1362 4505 (20).»

240 4516 537 4573 Prwmium
581 4524 856 4586 bonorum,
889 4532 936 4575 et
978 4540 1129 4592 poma
1162 4527 1445 4584 malorum.
1486 4559 1557 4571 —
1593 4549 1611 4581 ι
1651 4530 1761 4585 Hu-

177 4606 256 4676 jus
282 4614 436 4668 vocis
471 4615 729 4684 aequitas,
758 4620 1107 4688 prosequitur
1141 4620 1199 4674 S.
1230 4620 1572 4693 Hippolytus,
1594 4641 1760 4695 appa-

186 4713 257 4755 ret
286 4705 341 4757 in
375 4707 730 4761 retributione
759 4710 812 4762 in
866 4720 1107 4781 utroque,
1159 4731 1278 4767 cum
1318 4716 1760 4785 benefacientibus

180 4792 302 4855 iuste
326 4798 523 4866 [ruitio
554 4810 751 4853 aztcrna
782 4805 1099 4869 praebeatur,
1124 4805 1384 4859 malorum
1406 4824 1520 4861 vero
1553 4809 1758 4877 cupidis

183 4898 424 4942 cternum
454 4892 780 4960 supplicium
818 4894 1194 4964 distribuatur,
1228 4907 1277 4951 et
1310 4900 1650 4966 expendatur.
1687 4901 1756 4957 Et

184 4975 263 5029 Ito:
312 4992 496 5035 manet
550 4986 689 5053 ignis
727 4986 1205 5058 inexstinguibilis,
1266 4999 1314 5045 et
1364 4993 1453 5061 qui
1494 5010 1759 5065 nunquam

180 5068 403 5139 ﬁnietur,
441 5088 500 5129 et
543 5079 731 5131 vermis
760 5080 941 5149 igneus
976 5097 1081 5134 non
1126 5084 1351 5137 moriens
1400 5086 1465 5149 ‘9,
1496 5100 1604 5140 non
1634 5102 1755 5141 cor-

246 5207 546 5293 ",EOIQSAS;
576 5229 630 5293 ές
673 5214 761 5269 18.
824 5218 882 5293 A“
934 5216 1068 5275 Luc.
1118 5237 1266 5288 xxrv,
1309 5223 1399 5279 59.
1477 5224 1518 5255 ¹⁷
1549 5224 1764 5281 lCor.1

1891 5228 1980 5283 25.

177 5271 371 5344 44,65.
455 5282 507 5313 ³⁸
530 5280 545 5333 Ι
571 5271 698 5339 Cor.
728 5303 788 5351 Il,
817 5288 872 5343 9.

242 5418 461 5497 (l8)__S.
509 5417 799 5497 Hippolytn
837 5423 1086 5497 lib.__adv.
1132 5425 1338 5481 Graecos
1378 5439 1426 5481 et
1461 5428 1749 5497 Platonem,

181 5503 322 5571 nuru.
359 5491 418 5571 ἢ,
490 5497 617 5571 tom.
671 5491 906 5571 I_Qpp.;
936 5494 1171 5561 Fabric,
1218 5516 1337 5568 pag.
1373 5500 1499 5563 2‘2l,
1535 5513 1586 5555 et
1612 5491 1749 5571 apud

183 5557 450 5620 Galland.,
483 5561 679 5614 colum.
700 5557 825 5616 452.

248 5630 469 5711 (ηυνξ.
517 5630 807 5711 Hippolyt,
846 5634 991 5711 apud
1041 5634 1388 5711 The_od9rct.,
1448 5640 1645 5711 dialog.
1693 5644 1747 5702 2,

248 5650 359 5697 μυ)
392 5650 469 5711 ρ.
517 5650 807 5756 ηινροιὲιη
850 5650 991 5703 apud
1054 5650 1388 5701 Ineeoorct.,
1448 5650 1645 5711 dialog.
1693 5650 1747 5702 2,

186 5712 299 5769 pag.
340 5701 476 5763 i555;
514 5707 648 5771 apud
743 5705 936 5765 abric..
968 5716 1099 5760 tom.
1146 5707 1165 5759 ι
1211 5708 1342 5777 Opp.
1395 5727 1513 5780 pag.
1568 5713 1657 5773 92,
1698 5724 1751 5767 et

1889 473 2247 529 eﬁervescens
2269 482 2323 527 et
2349 472 2654 527 ebulliens:
2691 473 2797 527 illis
2830 488 3056 529 somnus
3093 475 3457 531 cessationem

1888 574 1943 621 et
1974 564 2209 635 quietem
2241 579 2347 617 non
2375 563 2707 629 conciliabit,
2738 578 2843 617 non
2880 580 2985 618 nox
3028 565 3195 619 leniet
3232 573 3285 618 et
3317 564 3461 620 mul-

1887 656 2032 710 cebit
2054 655 2292 719 dolores,
2324 670 2432 707 non
2465 669 2612 709 mors
2640 654 2901 723 suppli’cia
2938 655 3129 709 solvet.
3168 654 3286 710 Non
3309 656 3460 725 juva-

1886 746 1967 801 bit
2013 747 2319 802 exhortatio
2358 745 2597 799 alIinium
2647 747 3096 812 intercessorum;
3147 763 3272 801 nam
3323 747 3460 817 justi

1884 857 1993 896 non
2034 842 2267 909 amplius
2304 839 2371 893 ab
2413 840 2521 894 illis
2560 840 2909 904 videbuntur,
2952 850 3007 895 et
3036 856 3145 895 non
3174 851 3300 895 sunt
3337 840 3459 896 illo-

1882 949 2003 988 rum
2039 936 2301 988 memoria
2354 934 2523 1004 digni.
2558 932 2670 987 Soli
2702 933 2844 986 enim
2874 933 3007 1002 justi
3038 948 3259 1002 operum
3280 932 3458 1003 justo-

1881 1043 2002 1082 rum
2034 1038 2196 1081 erunt
2231 1041 2520 1093 memores,
2564 1042 2658 1096 per
2698 1040 2819 1095 quae
2862 1034 3219 1094 pervenerunt
3256 1023 3347 1079 ad'
3371 1041 3459 1080 rc-

1881 1134 2045 1189 gnum
2078 1120 2318 1184 caeleste,
2351 1119 2404 1171 in
2435 1134 2543 1187 quo
2578 1133 2677 1173 nec
2719 1132 2964 1182 somnus,
3012 1132 3112 1172 nec
3150 1117 3324 1180 dolor,
3356 1131 3460 1174 nec

1878 1209 2177 1277 corruptio,
2210 1223 2308 1263 nec
2338 1208 2662 1271 sollicitudo,
2712 1223 2811 1264 nec
2856 1224 2983 1273 nox,
3019 1224 3117 1262 nec
3164 1208 3280 1264 dies
3317 1219 3457 1263 tem-

1877 1314 2007 1367 pore
2038 1308 2372 1365 mensurata,
2424 1314 2524 1354 nec
2571 1299 2652 1354 sol
2711 1300 3034 1355 necessitate
3084 1300 3317 1369 quadam
3361 1315 3457 1369 per

1876 1392 2141 1445 circulum
2184 1393 2306 1446 caeli
2348 1408 2570 1448 cursum
2604 1409 2762 1447 suum
2789 1394 3018 1463 agitans,
3046 1406 3151 1446 non
3188 1393 3330 1447 lunae
3355 1392 3455 1446 de-

1876 1500 2069 1541 cursus
2100 1495 2152 1540 et
2182 1487 2600 1550 incrementum,
2633 1502 2753 1555 quae
2781 1495 3080 1555 temporum
3126 1488 3455 1543 mutationes

1874 1579 2101 1645 inducit,
2140 1588 2193 1633 et
2228 1589 2424 1633 terram
2462 1578 2733 1632 madidam
2777 1580 3025 1633 reddens.
3076 1578 3191 1635 Non
3232 1580 3315 1635 sol
3359 1595 3454 1634 ar-

1874 1669 2031 1735 dens,
2085 1685 2192 1723 non
2233 1667 2369 1722 Ursa
2413 1668 2701 1733 versatilis,
2738 1684 2843 1722 non
2875 1666 3090 1723 Orionis
3132 1678 3304 1733 ortus,
3342 1682 3454 1723 non

1873 1775 2143 1817 astrorum
2168 1776 2383 1815 errores
2414 1762 2703 1824 innumeri,
2731 1777 2835 1816 non
2860 1761 3001 1815 invia
3038 1770 3201 1824 terra,
3231 1775 3339 1814 non
3368 1760 3454 1814 in-

1872 1862 2034 1907 ventu
2059 1852 2287 1908 dillicilis
2310 1851 2547 1922 paradisi
2566 1852 2709 1919 aula,
2737 1868 2842 1906 non
2867 1853 3128 1907 molestus
3154 1851 3321 1905 maris
3343 1850 3454 1906 fre-

1872 1944 2059 2009 mitus,
2094 1942 2413 2012 impediens,
2440 1943 2735 2011 quominus
2751 1958 2781 1997 a
2804 1952 3017 1997 vectore
3035 1942 3262 2013 pedibus
3277 1942 3453 1997 calce-

1873 2034 2155 2104 tnr;justis
2171 2034 2313 2087 enim
2332 2042 2385 2087 et
2399 2034 2571 2103 ipsum
2591 2034 2854 2104 pervium,
2868 2034 3082 2089 etiamsi
3102 2034 3324 2088 humido
3342 2049 3452 2088 non

1870 2127 2131 2196 privetur.
2172 2126 2379 2181 Caelum
2413 2143 2521 2182 non
2567 2127 2672 2181 erit
2717 2126 3056 2181 inaccessum
3112 2127 3447 2192 hominibus,
3526 2158 3529 2165 ι

1870 2230 1925 2274 et
1954 2221 2060 2284 via,
2100 2236 2206 2289 qua
2243 2221 2461 2275 ascendi
2488 2229 2538 2275 et
2572 2221 2757 2275 scandi
2795 2220 2985 2289 possit,
3023 2235 3131 2273 non
3170 2218 3294 2273 talis
3325 2218 3449 2284 erit,

1868 2328 1989 2381 quae
2012 2328 2118 2365 non
2152 2314 2320 2381 possit
2345 2312 2593 2367 inveniri.
2625 2311 2743 2365 Non
2776 2322 2916 2366 terra
2947 2312 3098 2366 rudis
3137 2320 3190 2365 et
3222 2310 3449 2376 inculta,

1870 2414 1920 2460 et
1969 2405 2280 2459 hominibus
2327 2405 2591 2472 laborem,
2640 2412 2694 2457 et
2743 2404 3044 2458 molestiam
3098 2418 3312 2465 ereans,
3355 2401 3451 2457 sed

1869 2504 2061 2564 sponte
2098 2494 2309 2550 fructus
2350 2496 2731 2565 progcminans
2760 2496 2824 2548 ad
2849 2495 3055 2548 cultum
3086 2502 3139 2548 et
3169 2503 3446 2548 ornatum.

1866 2585 1983 2640 Non
2030 2588 2234 2641 iteratae
2268 2586 2508 2641 ferarum
2550 2588 2948 2656 generationes,
2989 2600 3164 2655 neque
3213 2585 3446 2639 aliorum

1871 2680 2192 2733 animalium
2254 2679 2613 2734 effervescens
2676 2689 2730 2733 et
2783 2678 3049 2733 ebulliens
3104 2678 3442 2745 substantia;

1868 2787 2043 2840 neque
2077 2772 2222 2825 enim
2272 2772 2522 2825 homines
2577 2781 2705 2825 tunc
2767 2785 2959 2823 rursus
3008 2781 3287 2841 generant,
3352 2772 3446 2827 sed

1866 2871 2051 2914 manet
2084 2862 2449 2918 indesinenter
2487 2879 2750 2918 numerus
2791 2864 3061 2934 justorum
3111 2879 3233 2918 cum
3280 2864 3447 2932 justis

1866 2953 2091 3021 angelis,
2124 2963 2173 3008 et
2199 2955 2496 3024 spiritibus.
2523 2955 2620 3009 llis
2650 2956 2827 3010 verbis
2858 2956 3243 3025 obtemperate,
3273 2968 3325 3011 et
3356 2957 3445 3009 illa

1866 3046 2168 3112 credentes,
2200 3064 2233 3101 0
2283 3047 2565 3102 homines!
2619 3048 2772 3102 eritis
2812 3048 3085 3117 justorum
3136 3057 3442 3113 consortes,

1866 3147 1922 3195 et
1948 3138 2252 3193 futurorum
2284 3142 2549 3195 bonorum
2579 3140 2884 3211 potiemini,
2923 3155 3045 3209 quae
3094 3155 3270 3209 neque
3310 3141 3446 3196 vidit

1866 3234 2079 3297 oculus,
2116 3248 2290 3302 neque
2332 3233 2482 3287 auris
2523 3233 2750 3296 audivit,
2781 3249 2956 3303 neque
2986 3234 3351 3288 ascenderunt
3388 3235 3444 3288 in

1865 3341 1961 3381 cor
1992 3327 2248 3391 hominis,
2278 3342 2399 3398 qua:
2432 3327 2755 3397 praeparavit
2792 3326 2932 3383 Deus
2970 3326 3037 3381 iis
3090 3329 3183 3396 qui
3213 3326 3445 3397 diligunt

1866 3420 2017 3474 illum
2044 3420 2107 3474 ¹⁰.
2148 3439 2165 3471 ι

1937 3510 1992 3563 1η
2032 3511 2168 3564 libro
2200 3519 2378 3563 autem
2410 3509 2486 3564 De
2515 3510 2857 3576 Amic/triste,
2892 3526 3044 3565 num.
3079 3509 3170 3571 63,
3215 3524 3281 3565 ex
3308 3508 3442 3566 Novi

1867 3609 1917 3655 et
1958 3600 2166 3654 Veteris
2223 3599 2557 3653 Tcslamcnti
2602 3598 2882 3669 Scriptura
2917 3602 3111 3670 probat
3145 3600 3202 3655 S.
3240 3601 3444 3673 Hippo-

1865 3692 2009 3761 lytus
2044 3691 2496 3743 resurrectionem
2542 3692 2870 3759 generalem,
2905 3692 3124 3759 praemia
3154 3702 3208 3759 et
3236 3694 3444 3763 suppli—

1864 3783 1945 3835 cia
1979 3782 2279 3835 hominum.
2314 3779 2551 3834 Numero
2593 3790 2772 3835 autem
2822 3782 2911 3847 6i,
2965 3784 3040 3837 ita
3096 3784 3162 3838 de
3219 3785 3440 3840 interitu

1868 3874 2054 3927 mundi
2091 3873 2327 3942 loquitur
2361 3891 2373 3926 :
2413 3891 2430 3923 ι
2472 3863 2567 3926 His
2600 3876 2783 3943 itaque
2826 3874 3025 3928 futuris
3183 3894 3201 3926 ι
3237 3890 3303 3931 ac
3325 3877 3441 3945 jam

1866 3965 2057 4018 mundi
2104 3964 2337 4018 universi
2383 3983 2401 4014 ‹
2434 3975 2717 4035 appetente
2770 3966 3256 4032 consummatione,
3306 3967 3440 4036 quid

1865 4059 2133 4127 reliquum
2164 4067 2264 4124 est,
2300 4075 2461 4128 quam
2496 4068 2555 4112 ut
2593 4058 2855 4114 Dominus
2884 4068 2938 4113 et
2973 4058 3221 4113 Salvator
3253 4069 3439 4115 noster

1860 4148 2019 4204 Jesus
2070 4150 2320 4206 Christus
2366 4151 2508 4206 Deus
2561 4152 2613 4205 in
2668 4152 2820 4206 cmlis
2866 4162 3142 4221 appareat,
3176 4152 3233 4206 in
3274 4168 3439 4222 quem

1864 4244 2243 4311 speravimus?
2269 4244 2371 4311 Qui
2410 4244 3246 4315 conﬂagrationem,ejustumque
3284 4245 3435 4315 judi-

1861 4336 2004 4389 cium
2038 4337 2252 4391 cunetis
2288 4337 2611 4392 inducturus
2642 4337 2730 4404 sit,
2778 4338 2869 4407 qui
2912 4338 2965 4391 in
3002 4353 3126 4392 eum
3160 4353 3433 4418 non'crea

1790 4431 1833 4484 D
1862 4429 2133 4483 diderunt.
2165 4447 2185 4480 θ

2395 4519 2795 4577 ARTICULUS
2833 4525 2901 4577 Χ.

2395 4629 2461 4666 DE
2504 4631 2881 4672 ANTICHRISTO.

1934 4718 2093 4792 Origo
2129 4724 2462 4780 Antichristi.
2498 4724 2632 4792 Ejus
2670 4744 2875 4784 nomen.
2903 4759 2976 4769 —-
3007 4729 3116 4785 Pro
3134 4731 3313 4801 {hujus
3342 4746 3435 4786 ca-

1858 4812 1984 4881 pitis
2041 4816 2296 4869 coronide
2358 4817 2603 4885 quaedam
2659 4818 2948 4876 aﬂ‘ercmus
2993 4821 3103 4876 divi
3163 4820 3435 4892 Hippolyti

1858 4903 1976 4957 loca
2003 4906 2147 4960 circa
2173 4908 2586 4964 Antichristum.
2623 4898 2956 4968 Nebulonem
2999 4913 3144 4968 hunc
3173 4928 3240 4967 ex
3290 4914 3435 4968 tribu

1860 4993 1975 5049 Dan
2016 4999 2351 5053 nasciturum
2382 5002 2540 5058 docet
2566 5015 2789 5061 sanctus
2816 5007 2935 5078 .iste
2978 5006 3432 5078 episcopusrﬁl),

1863 5103 2128 5159 suamque
2194 5094 2517 5149 sententiam
2585 5098 2804 5153 ﬁrmare
2870 5097 3052 5153 studet
3105 5098 3435 5155 auctoritate

2060 5230 2102 5261 "
2134 5227 2289 5285 Joan.
2333 5247 2386 5300 ν,
2422 5233 2514 5289 22.
2594 5236 2637 5268 ⁸⁸
2667 5235 2772 5293 lsa.
2818 5253 2969 5307 me,
3011 5238 3119 5306 34;
3151 5236 3317 5295 Marc.
3361 5259 3438 5311 Ix,

1859 5434 2129 5500 Galland.,
2159 5446 2292 5493 tom.
2321 5438 2386 5502 ll,
2413 5443 2516 5497 col.
2554 5444 2679 5500 499.

1929 5506 2042 5586 (ἐρ)
2084 5510 2140 5561 S.
2190 5508 2479 5631 llippolyt.,
2524 5516 2640 5591 adv.
2676 5514 2845 5570 (ἔναιε.
2875 5526 2925 5571 et
2955 5517 3256 5591 Platonem,
3288 5526 3438 5597 apud

1929 5578 2097 5631 ,ιη-ιο..
2127 5592 2257 5631 ιοιη.
2318 5621 2337 5631 .
2365 5598 2481 5631 nae.
2507 5583 2630 5631 222-
2657 5594 2710 5631 et
2735 5588 2875 5631 annd
2898 5588 3124 5631 Callnnd
3203 5604 3314 5631 ηιπι
3376 5596 3412 5631 ιιι

1859 5573 2273 5661 ξᾳμιγίρκέοιηί
2293 5573 2337 5645 ἰ,
2364 5573 2481 5661 pag.
2507 5583 2710 5661 222,};
2735 5588 2875 5657 apud
2898 5573 3354 5661 Galland;
3370 5573 3412 5648 il

1861 5645 1998 5701 Bibl.
2042 5646 2178 5710 PP.,
2205 5645 2561 5714 nuni.’5,'col.
2591 5655 2716 5710 453.

1952 5718 2040 5786 2|)
2072 5719 2127 5772 S.
2166 5718 2505 5792 Hippolytus,
2540 5725 2631 5781 lib.
2668 5727 2745 5782 De
2772 5728 3122 5803 Antichristo,
3152 5751 3303 5791 nutu.
3340 5736 3424 5792 Η.
