3802 6198
447 257 552 314 375
679 211 685 224 ’
1431 261 1518 316 ne
1561 255 1720 317 VlTA
1750 261 1836 317 ET
1877 260 2196 319 SCRIPTIS
2229 263 2288 321 s.
2325 264 2711 324 HIPPOLYTI.
3547 277 3633 333 ωδ

447 371 877 442 Scripturarum,
911 383 965 430 et
1003 375 1270 446 pracipue
1315 377 1543 436 Genesis
1597 395 1716 452 cap.
1776 397 1926 448 sua,
1974 397 2026 438 v'.
2060 386 2107 443 Α
2135 381 2428 438 bitabunt?
2465 383 2632 440 Vana
2661 399 2726 440 ac
2757 383 2977 440 inutiles
3012 386 3330 456 quastiones
3371 400 3490 446 sunt
3522 392 3636 462 ista,

445 465 535 530 17,
580 476 633 520 et
656 464 906 522 Jeremia
929 483 1047 539 cap.
1088 485 1208 534 vui,
1237 487 1289 524 ν.
1324 471 1411 526 16.
1445 471 1644 528 Verum
1681 473 1866 544 opinio
1903 473 2019 529 hac
2120 491 2350 546 quarum
2373 487 2576 533 certam
2600 478 2925 534 solutionem
2951 478 3116 534 latere
3137 495 3235 535 nos
3255 482 3418 537 voluit
3438 483 3639 554 Spiritus

443 559 512 613 ad
544 574 820 613 summum
847 568 906 615 ut
932 561 1161 632 simplex
1188 564 1504 635 conjectura
1545 565 1775 637 proferri
1810 575 2014 638 potest;
2119 574 2362 634 sanctus,
2408 569 2568 623 sicuti
2611 577 2666 622 et
2696 568 3112 624 determinatum
3148 577 3355 641 tempus
3416 590 3516 644 quo
3541 595 3640 634 om-

442 651 587 707 hanc
655 653 854 723 quippe
905 656 1176 721 retulisse,
1243 658 1510 715 refutasse
1551 669 1652 726 est,
1688 671 1746 716 ιιι
1789 659 2018 732 quilibet
2118 656 2207 710 nia
2236 658 2790 725 consummabuntur;
2821 658 2968 728 quod
2999 667 3209 728 tempus
3229 661 3558 722 nihilominus
3584 669 3642 724 ad

440 742 611 810 probe
642 743 941 812 dignoscet,
970 746 1016 800 si
1050 748 1131 800 vel
1166 748 1355 803 leviter
1383 752 1713 822 perpendere
1745 754 1875 808 velit
1907 757 2014 808 duo
2116 750 2321 803 exitum
2349 750 2485 805 sexti
2512 750 2801 805 millenarii
2833 751 2902 806 ab
2930 751 3120 807 eodem
3151 749 3210 806 So
3241 750 3511 828 Hippolyto
3527 775 3643 828 pra-

441 831 532 887 illa
581 831 877 904 Scriptura
907 840 1237 908 testimonia,
1278 842 1478 912 quibus
1517 842 1635 914 ejus
1665 845 1870 915 Opinio,
1906 855 2017 900 tota
2116 840 2315 910 figitur.
2366 840 2445 896 Ex
2471 843 2670 913 quibus
2699 858 2829 898 sane
2848 845 3213 913 peculiaribus
3247 844 3355 900 divi
3404 845 3640 924 Hippolyti

440 937 646 994 quanta
678 937 784 993 est,
826 930 1096 986 innititur.
1131 931 1321 1000 Quoad
1350 935 1673 992 Antichristi
1702 953 1920 1004 nomen,
1952 954 2016 994 ea
2116 930 2464 998 opinionibus
2498 932 2665 1002 Ρτοδθ
2691 932 3048 1003 oonjionnnso
3094 951 3218 990 eum
3255 935 3308 989 in
3359 945 3642 1008 exponendo

441 1027 632 1073 sancto
662 1018 951 1093 Hippolyto
981 1025 1170 1094 opinio
1220 1027 1388 1096 stetit,
1439 1028 1544 1085 hoc
1589 1031 1862 1101 designari
1909 1032 2015 1087 illis
2116 1022 2331 1078 Ῑίιιεΐειιί
2363 1024 2764 1094 scripturarum
2816 1041 2982 1082 sons“
3017 1043 3211 1098 Parnm
3256 1031 3530 1087 admodum
3570 1050 3642 1090 εἰσ

440 1109 796 1184 Apocalypsis
819 1116 1000 1171 verbis
1031 1117 1142 1189 (22)
1182 1137 1196 1174 :
1233 1119 1302 1172 Et
1332 1137 1578 1176 numerus
1626 1121 1740 1186 eius
1781 1126 2014 1178 sexcenti
2115 1116 2389 1170 (idinisse-

437 1206 716 1274 sexaginta
745 1223 835 1260 ερας
858 1209 935 1276 ¹¹;
965 1221 1019 1265 et
1040 1212 1166 1266 licet
1185 1213 1411 1270 delinire
1438 1219 1546 1271 non
1569 1217 1767 1272 audeat
1793 1227 2015 1274 sanctus
2185 1203 2525 1260 ωιπναετενεδ
2596 1207 2928 1261 Αηίίείδτίδίί·
2983 1238 3054 1250 ³-
3099 1209 3451 1268 Felioioribns
3490 1216 3642 1271 Vonns

438 1298 747 1368 episcopus,
778 1301 1056 1371 quodnam
1098 1321 1293 1360 nomen
1337 1323 1402 1363 ex
1441 1309 1546 1364 hoc
1576 1325 1806 1366 numero
1837 1327 1939 1366 emt

2142 1311 2263 1351 nare
2306 1297 2450 1352 istud
2504 1299 2774 1367 enavigat,
2826 1315 2951 1355 cum
2981 1299 3141 1356 docet
3188 1300 3316 1373 (27)-
3345 1303 3643 1361 seductorem

439 1406 565 1460 gere
590 1394 793 1460 possit,
823 1394 1177 1454 nihilominus
1198 1413 1264 1454 ex
1289 1400 1603 1471 conjectura
1625 1403 1877 1472 opinatur
1901 1404 2013 1473 (25)
2114 1388 2281 1456 nunc.
2318 1400 2376 1444 υῑ
2399 1388 2613 1446 {nonius
2643 1391 2892 1448 homines
2926 1393 3192 1463 ἀθοίρί³ιν
3227 1405 3501 1452 vonlnl‘nm
3547 1414 3646 1456 esse

434 1494 560 1554 post
591 1484 647 1540 S.
690 1484 974 1554 lrenaum,
1011 1488 1363 1559 impostorem
1397 1492 1542 1548 hunc
1573 1492 1803 1549 fortasse
1833 1510 1935 1565 app

2170 1480 2437 1536 tibusdam
2473 1483 2619 1538 notis
2639 1499 2702 1538 ac
2729 1483 2899 1553 signis
2917 1485 3263 1554 distinctum,
3289 1489 3478 1558 quain
3503 1491 3645 1547 sacris
3669 1493 3671 1498 “

435 1577 537 1631 lari
566 1578 764 1634 debere
790 1579 894 1636 hoc
924 1582 1142 1637 nomine
1181 1600 1202 1637 θ
1240 1583 1398 1638 Titan
1431 1586 1550 1641 sive
1580 1585 1872 1650 Evam/tas,
1900 1588 2014 1643 sive
2113 1571 2255 1625 Ῑίιιθΐ
2260 1571 2305 1626 is
2325 1569 2452 1626 Josn
2472 1570 2582 1628 Chr
2587 1573 2690 1629 i510
2724 1575 3073 1644 n'ibnnnlni‘;
3131 1576 3383 1632 sodnoior
3417 1579 3566 1647 enim.
3599 1591 3647 1636 in

441 1669 700 1736 Lamus;
730 1687 852 1741 qua;
884 1673 1103 1743 quidem
1141 1675 1478 1747 conjectum,
1525 1692 1677 1748 1eque
1709 1693 1775 1733 ac
1814 1679 2009 1748 prima,
2113 1663 2188 1716 ait
2211 1671 2432 1719 sanctus
2460 1662 2799 1734 Hippolytus,
2829 1681 2924 1736 per
2949 1668 3137 1723 omnia
3163 1669 3356 1724 similis
3377 1670 3531 1726 videri
3553 1673 3648 1730 vult

435 1761 606 1817 futilis
627 1772 728 1818 est.
2039 1755 2085 1815 B
2114 1756 2250 1813 Filio
2276 1756 2391 1812 Dei.
2428 1777 2446 1810 ‹
2489 1756 2598 1812 Leo
2631 1760 2849 1828 quidem
2883 1759 3141 1817 Christus
3165 1803 3181 1829 ,
3217 1778 3283 1817 ex
3316 1765 3478 1821 sacris
3521 1764 3647 1822 Scri-

510 1851 731 1922 Tempus
760 1855 1092 1913 Antichristi.
1120 1887 1189 1896 —
1211 1856 1328 1914 Non
1356 1874 1509 1930 aque
1539 1869 1717 1927 nutat,
1748 1861 1890 1932 quod
1913 1861 2011 1916 do-

2142 1849 2319 1916 nturis;
2367 1859 2421 1904 et
2467 1865 2533 1905 ex
2583 1850 2774 1907 iisdem
2813 1851 3110 1923 Scripturis
3160 1854 3246 1911 leo
3295 1855 3643 1914 Antichristus.

435 1955 520 2000 cet
546 1947 686 2002 idem
721 1958 942 2003 sanctus
977 1960 1181 2022 martyr
1211 1950 1277 2005 de
1299 1960 1538 2021 tempore
1564 1953 1881 2008 Antichristi
1911 1969 1936 2008 a

2147 1945 2229 1996 lex
2276 1941 2560 2009 Christus;
2617 1957 2680 1998 ac
2713 1959 2808 1998 rex
2855 1944 3250 2002 Antichrislus.
3286 1945 3552 2005 Exhibitus
3581 1960 3648 2006 est

433 2048 667 2105 ventus;
704 2039 860 2095 docet
905 2041 1105 2112 quippe
1135 2042 1249 2111 (24)
1286 2044 1432 2098 hunc
1490 2044 1795 2114 iniquitatis
1836 2047 1934 2100 νὶιί

2144 2031 2364 2087 ialvator
2394 2045 2454 2086 ul.
2483 2047 2692 2099 agnus;
2745 2033 2861 2104 ipse
2903 2051 3124 2106 quoque
3158 2038 3363 2108 pariter
3400 2047 3456 2094 ut
3501 2055 3645 2112 agnus

434 2130 490 2184 in
521 2131 624 2185 line
648 2132 835 2186 mundi
861 2143 1144 2188 venturum
1180 2151 1336 2202 esse;
1373 2136 1521 2206 quod
1556 2146 1609 2192 et
1651 2138 2015 2194 communiter
2114 2123 2414 2193 apparobn-
2442 2122 2589 2179 Μίείῐ
2635 2125 2897 2182 Dominus
2929 2129 3210 2197 aPOSlolos
3245 2129 3298 2184 in
3323 2145 3502 2188 omnes
3541 2148 3648 2202 Και-

431 2222 590 2276 docet
621 2221 879 2278 Ecclesia.
907 2225 1174 2280 (laterum
1207 2243 1312 2281 non
1339 2227 1428 2282 ille
1465 2244 1586 2284 sum
1627 2243 1728 2299 ego
1750 2268 1764 2292 ,
1794 2229 1887 2298 qui
1920 2246 1932 2284 :

2146 2233 2233 2284 es;
2267 2218 2442 2271 mittet
2463 2227 2517 2272 et
2540 2218 2654 2288 ipse
2689 2220 2910 2288 perinde
2954 2221 3458 2293 pseudoapostolos.
3527 2223 3647 2279 Con-

433 2315 624 2368 sentiri
653 2317 859 2385 possim
888 2317 948 2373 D.
990 2316 1278 2391 Hippolyto
1311 2321 1558 2390 quadam
1590 2319 1884 2390 Scriptura

2145 2308 2354 2378 'regavit
2401 2306 2650 2363 Salvator
2677 2324 2806 2364 oves
2831 2349 2846 2373 ,
2877 2325 2999 2380 qua
3035 2310 3303 2381 dispersa
3330 2322 3508 2378 erant;
3551 2313 3646 2384 ipse

432 2410 692 2466 stimonia
729 2414 795 2468 de
828 2416 1055 2484 praciso
1086 2416 1410 2472 Antichristi
1463 2417 1697 2471 adventu
1749 2417 1933 2486 interpr

2144 2412 2331 2466 iuoque
2355 2398 2554 2466 pariter
2583 2398 2842 2468 populum
2872 2401 3248 2471 congregabit,
3283 2401 3375 2472 qui
3403 2403 3645 2472 dispersus

431 2503 605 2568 tanti;
631 2503 797 2559 veluti
827 2522 951 2560 cum
991 2507 1067 2560 ait
1099 2507 1248 2577 (25),
1280 2507 1678 2563 Antichristum
1724 2485 2012 2562 venturum
2113 2495 2215 2540 es"
2249 2485 2403 2540 Ded“
2435 2486 2701 2542 Dominus
2731 2488 2977 2543 ﬁdelibus
3011 2490 3132 2545 snis
3169 2490 3528 2562 Signaculum;
3551 2495 3646 2564 ipse

428 2594 485 2649 in
510 2606 785 2666 postrema
835 2600 1178 2668 septuaginta
1222 2600 1685 2655 hebdomadarum
1727 2599 2008 2654 Danielis:
2115 2591 2330 2646 quomte
2356 2577 2607 2631 similiter
2639 2578 2806 2635 dabit.
2842 2579 3108 2648 Apparuit
3148 2581 3393 2638 Salvator
3441 2583 3646 2640 hominis

428 2695 644 2742 constat
682 2687 826 2740 enim
851 2727 865 2751 ,
904 2697 964 2741 ut
999 2687 1127 2740 alibi
1150 2687 1263 2758 jam
1304 2688 1568 2751 vidimus,
1615 2686 1929 2742 hebdomad:

2146 2669 2338 2736 abitu;
2368 2669 2482 2740 ipse
2507 2683 2723 2741 quoque
2751 2671 2804 2725 in
2837 2672 3076 2728 hominis
3111 2674 3304 2731 habitu
3334 2677 3522 2732 veniet.
3557 2677 3647 2732 Ex-

427 2779 571 2832 hanc
600 2778 761 2833 finem
790 2780 1048 2835 habuisse
1072 2780 1125 2834 in
1149 2781 1327 2850 primo
1352 2780 1483 2837 Jesu
1515 2779 1721 2836 Christi
1753 2780 2007 2843 adventu,
2115 2762 2300 2817 οίῑίινίι
2330 2761 2597 2830 Sannio".
2627 2779 2692 2820 ao
2715 2777 2958 2820 8300mm
2997 2765 3226 2822 domum
3271 2785 3423 2824 suam
3455 2780 3510 2825 ιιι
3532 2779 3647 2825 lem-

425 2887 539 2941 quo
590 2881 810 2942 peracto
866 2873 1292 2929 circumstantia
1361 2888 1552 2928 omnes
1601 2871 2012 2928 notabilissima
2113 2855 2262 2924 Plnnl
2284 2853 2443 2921 reo“;
2484 2855 2810 2925 ipsonnlom
2843 2858 3104 2927 tominum
3143 2859 3410 2930 lapidibus
3428 2871 3648 2918 consul”

428 2961 664 3031 impleta
689 2971 991 3032 sunt,quas
1015 2962 1223 3032 impleri
1252 2963 1448 3016 debere
1474 2963 1526 3015 in
1554 2962 1644 3016 illa
1674 2961 2010 3016 hebdomada
2113 2956 2259 2999 Clum
2292 2943 2679 3016 Hieroso'ymis
2729 2946 3005 3002 ειοίιδδίίο
3054 2966 3073 3000 ³
3113 2947 3182 3003 Hi
3218 2958 3379 3017 sunt:
3407 2950 3549 3021 lima
3597 2949 3644 3004 δ·

429 3049 726 3120 Scriptura
755 3053 1154 3107 nuntiaverant.
1185 3050 1398 3107 Extunc
1421 3053 1620 3122 quippe
1652 3051 1782 3106 urbs
1808 3051 2006 3121 inclyta
2113 3034 2481 3108 Ηίρροιγιυπη.
2511 3037 2853 3094 Character“
2884 3040 2977 3110 qni
3012 3039 3068 3094 in
3095 3042 3336 3111 Spooiom
3356 3040 3479 3097 ’05“
3510 3041 3647 3097 Ch’i'

426 3139 728 3196 Jerusalem
754 3142 1028 3196 destructa
1053 3141 1179 3208 fuit,
1207 3142 1467 3212 templum
1511 3156 1783 3206 eversum,
1829 3155 1923 3196 sac

2145 3135 2198 3180 to
2224 3135 2275 3180 et
2309 3126 2642 3182 Antichristo
2687 3141 3005 3185 communes
3040 3141 3239 3199 erunt;
3295 3133 3485 3202 quibus
3522 3132 3646 3186 aliud

426 3235 612 3289 ﬁcium
635 3237 919 3300 abolitum,
943 3235 1277 3291 abominatio
1300 3235 1653 3290 desolationis
1680 3235 1782 3289 fuit
1810 3235 1862 3288 in
1885 3235 1927 3289 le

2147 3217 2358 3288 djungit
2381 3217 2514 3290 (28),
2549 3236 2656 3274 non
2688 3235 2838 3290 aque
2855 3230 3098 3291 certum;
3125 3225 3277 3296 quod
3303 3225 3516 3292 scilicet,
3539 3240 3644 3280 cum

428 3337 662 3394 sancto;
692 3328 1148 3398 quemadmodum
1171 3328 1538 3383 ecclesiastica
1564 3338 1748 3380 narrat
1775 3326 2000 3382 historia
2114 3308 2362 3365 Salvam“
2388 3312 2596 3366 venor“
2628 3313 2682 3367 in
2717 3314 3135 3390 ononmolSiono
3169 3318 3511 3392 immundum
3530 3361 3543 3387 θ
3569 3332 3647 3372 Vo'

427 3434 498 3473 ex
553 3418 658 3473 fide
713 3421 954 3488 ipsorum
1011 3418 1383 3484 Hebraorum,
1438 3417 1562 3488 qui,
1599 3431 1722 3471 cum
1770 3432 1928 3486 propr

2147 3406 2215 3458 iet
2235 3413 2287 3459 et
2315 3403 2404 3459 ille
2426 3404 2695 3461 similiter.
3642 3437 3648 3442 ~

427 3509 604 3564 oculis
635 3508 976 3565 calamitates
1009 3508 1130 3566 illas
1157 3507 1592 3578 conspexissent,
1638 3506 1832 3562 litteris
1871 3523 2002 3563 con-
2172 3500 2286 3556 Hoc
2315 3512 2497 3557 autem
2537 3513 2697 3573 pacto
2735 3522 2764 3560 a
2799 3522 2928 3563 vero
2951 3508 3177 3566 Christo
3224 3509 3433 3566 secerni
3474 3506 3646 3580 poterit

425 3602 728 3672 “gnarum,
1798 3672 1802 3674 γ
2099 3593 2353 3649 seductor
2384 3594 2510 3649 ille:
2556 3595 2660 3650 erit
2703 3597 2904 3668 quippe
2953 3598 3214 3668 politicus
3249 3609 3524 3672 tyrannus,
3563 3596 3644 3668 qui

411 3695 415 3707 ·
498 3693 680 3748 Eme],
707 3703 752 3748 ει
780 3693 961 3749 Elius,
989 3725 1059 3734 _
1083 3695 1191 3751 Nec
1215 3696 1354 3749 υιιηι
1388 3695 1710 3766 Caninium
1750 3694 1882 3750 ﬁnes
1907 3709 2000 3748 va-
2100 3685 2344 3740 omnium
2385 3695 2777 3742 tormentorum
2812 3690 2924 3762 (29)
2952 3706 3149 3761 genere
3180 3693 3561 3748 animadvertet
3596 3690 3644 3742 in

425 3792 584 3855 gatur
605 3785 772 3839 altera
803 3786 917 3842 hac
945 3786 1002 3840 S.
1031 3785 1301 3857 Hippolyti
1326 3787 1510 3856 opinio
1534 3785 1682 3856 (26);
1717 3783 1997 3838 Enocbum
2097 3793 2212 3844 eos,
2241 3778 2333 3848 qui
2363 3779 2508 3835 illius
2539 3780 2846 3835 doctrinam
2889 3784 3086 3838 sectari
3118 3785 3398 3852 abnuerit;
3447 3784 3645 3854 insuper

425 3876 634 3932 scilicet
663 3885 716 3930 et
750 3875 922 3931 Eliam
954 3878 1248 3948 prophetas
1279 3892 1374 3947 per
1399 3877 1682 3932 dimidium
1714 3885 1999 3946 septuage-
2097 3868 2248 3926 falsis
2278 3871 2736 3941 promissionibus
2761 3874 2978 3930 allicere
2994 3877 3258 3944 tentabit;
3284 3892 3379 3947 per
3401 3888 3644 3932 summam

427 3967 581 4022 sima
600 3967 950 4024 hebdomada
970 3979 1305 4039 pugnaturos
1338 3984 1462 4024 cum
1490 3968 1859 4033 Antichristo;
1899 3982 1998 4022 nec
2096 3962 2464 4032 arrogantiam
2497 3961 2708 4018 divinos
2737 3965 2974 4021 honores
2999 3969 3257 4036 exquiret
3295 3969 3442 4040 (50):
3499 3980 3643 4036 quem

424 4070 536 4110 non
589 4056 965 4127 insumpturos
1003 4059 1057 4112 in
1105 4059 1486 4128 pradicatione
1519 4077 1536 4110 t
1575 4058 1659 4114 bis
1698 4058 1865 4123 mille,
1912 4058 1996 4113 bis
2095 4052 2310 4107 tandem
2344 4050 2607 4108 Dominus
2636 4054 2962 4119 humiliabit,
2991 4066 3044 4111 et
3079 4073 3300 4126 poenam
3345 4057 3539 4129 inlliget
3569 4055 3644 4108 ni-

425 4155 646 4202 centum
686 4150 965 4219 sexaginta
995 4150 1140 4216 dies;
1179 4170 1197 4203 ι
1232 4151 1374 4219 quod
1404 4165 1558 4220 aquo
1595 4151 1860 4204 incertum
1890 4158 1991 4205 est.
2094 4145 2218 4199 mia
2247 4145 2391 4213 illius
2429 4145 2699 4214 superbia
2738 4145 3001 4202 debitam.
3051 4147 3213 4205 Jesus
3251 4149 3495 4204 Christus
3535 4160 3642 4201 eum

423 4235 612 4292 Enoch
637 4248 691 4293 et
713 4237 858 4294 Elias
879 4241 1218 4310 apparebunt
1248 4241 1435 4310 utique
1463 4240 1780 4295 Antichristi
1812 4249 1990 4306 atate,
2108 4235 2494 4291 exterminabit
2515 4237 2706 4308 spiritu
2735 4238 2848 4293 oris
2889 4241 2973 4294 sui
3001 4238 3111 4311 (51)
3137 4259 3153 4306 ;
3193 4250 3248 4296 et
3293 4241 3535 4308 deinceps
3567 4251 3644 4291 ve-

421 4325 671 4384 homines
694 4330 760 4384 ad
795 4332 1165 4400 paenitentiam
1191 4331 1556 4397 cohortantes,
1607 4330 1764 4386 sicuti
1803 4329 1991 4385 eodem
2093 4327 2204 4382 niet
2223 4327 2468 4397 judicare
2495 4343 2688 4384 omnes
2714 4330 2982 4386 homines.
3012 4329 3138 4386 llaec
3163 4343 3292 4387 sunt
3317 4330 3636 4392 notabiliora,

423 4418 546 4474 loco
577 4431 763 4476 noster
791 4422 881 4477 hic
903 4433 1093 4479 auctor
1120 4427 1296 4479 docet.
1325 4423 1546 4486 Verum,
1578 4438 1813 4492 quonam
1854 4437 1992 4491 pra-
2092 4435 2213 4489 qua
2240 4419 2296 4473 in
2330 4419 2452 4475 divo
2485 4419 2772 4493 Hippolyto
2804 4406 2983 4493 quoad
3025 4424 3221 4494 dogma
3255 4421 3635 4495 deprehendere

422 4511 535 4566 cise
567 4521 805 4582 tempore
833 4517 1210 4586 apparebunt?
1238 4518 1380 4586 Quot
1411 4517 1602 4573 diebus
1645 4527 1847 4571 terram
1888 4517 1988 4570 ba-
2092 4510 2263 4582 potui-

491 4629 536 4662 ³⁸
571 4629 740 4701 Apoc.
770 4649 893 4700 xm,
917 4636 1003 4690 il.

644 4747 706 4828 'S_.
740 4748 1013 4828 Hippolyt.
1037 4755 1131 4810 lib.
1168 4756 1245 4811 De
1277 4759 1428 4826 Αηι,,
1457 4775 1609 4814 num.
1632 4759 1721 4814 48,
2022 4759 2066 4814 D
2098 4763 2329 4828 stomus,
2385 4753 2573 4828 homilr.
2605 4755 2640 4808 2
2688 4755 2810 4828 adv.
2849 4753 3086 4824 Judaos,
3116 4765 3169 4812 et
3199 4755 3549 4828 Hieronymus
3587 4749 3634 4803 in

491 4819 604 4894 (ἓξ)
644 4818 965 4894 idem,'ibid'.
1414 4818 1425 4826 ⁷
2094 4824 2331 4880 Danielis
2356 4841 2434 4886 ιχ.
2473 4826 2673 4894 aliique
2704 4826 2925 4880 ibidem.

646 4888 814 4967 idem,
845 4893 1000 4967 ibid“
1026 4911 1179 4950 num.
1206 4897 1292 4953 19.
2156 4895 2269 4967 (26)
2398 4888 2696 4967 Ηίρροι’)ιι.,
2733 4895 2832 4951 lib.
2865 4896 2940 4950 De
2978 4895 3325 4964 Antichristo,
3344 4908 3488 4950 num.
3517 4889 3591 4946 L5.

515 4960 605 5030 25)
646 4959 793 5043 idem
825 5005 840 5030 ,
873 4965 1038 5043 ξυμ,
1066 4969 1344 5043 nam};
1394 4978 1450 5024 et
1497 4986 1671 5043 seqq.
1735 4972 1983 5043 Captatio

1735 4972 1983 5043 Captatio
2303 4959 2869 5043 l_deltl,'i_liiti_.,'ntttn.
2909 4967 2942 5043 εἰ
2989 4975 3043 5022 et
3073 4982 3223 5038 seqq.

417 5029 537 5112 hac
555 5029 688 5086 certi
711 5029 975 5112 temporis
1003 5029 1440 5112 Antichristi,ut
1469 5050 1524 5097 et
1549 5029 1748 5112 Cliristi
1789 5029 1854 5098 ald
1895 5044 1984 5112 ju-
2157 5029 2272 5112 (ἓξ)
2311 5029 2475 5112 Hom}
2506 5029 2667 5112 Ϊδίάιζ
2703 5037 2958 5112 num--6:

418 5098 623 5180 (licium
653 5098 1437 5180 vgituri,_omninogcaven'da,
1480 5111 1624 5180 quod
1658 5127 1820 5168 nosse
1870 5098 1984 5168 h'ac
2155 5098 2268 5180 (29)
2303 5098 2542 5180 Εᾷθωζμ
2571 5098 2958 5180 ennium-35-

418 5172 676 5228 mortales
701 5171 1044 5232 Providentia
1071 5177 1326 5234 noluerit.
1359 5171 1634 5238 Videiidus
1666 5181 1724 5238 S.
1750 5182 1987 5254 Chryso-
2301 5171 2468 5254 Mem;
2495 5177 2532 5254 Ε.
2557 5171 2640 5243 c.,
2655 5194 2805 5233 num.
2842 5179 2916 5254 52
2941 5188 3181 5254 ensem.

2175 5244 2262 5319 51)
2303 5245 2470 5316 idem,
2495 5247 2532 5301 l.
2559 5263 2631 5318 c.,
2653 5266 2804 5306 nun).
2829 5251 2899 5308 65
2920 5258 2979 5309 ct
3003 5249 3045 5303 Il
3075 5244 3317 5304 T'liessal.
3349 5261 3407 5312 ιι,
3432 5244 3480 5299 1.
