3802 6198
956 290 1046 347 DE
1088 288 1251 348 VITA
1289 291 1379 347 ET
1412 288 1730 350 SCRIPTIS
1761 292 1830 348 ιδ.
1883 290 2291 354 HIPPOLYTL

641 690 1301 753 OBSERVATIONES
1356 686 1739 751 MORALES
1775 691 1875 752 ET
1931 672 2560 757 Dl/SCIPLINARES.

543 813 937 871 ARTICULUS
991 814 1033 873 Ι.

406 923 602 962 PCNCTA
638 924 869 963 ιιοῐιΑιιΑ
903 925 1153 972 QUEDAH.

139 1001 263 1055 Caute
287 1017 341 1053 ac
378 1017 491 1053 cum
523 1011 660 1054 metu
694 1004 935 1056 veritates
975 1001 1245 1073 religionis
1292 1002 1563 1056 tradenda:

87 1103 188 1147 irrit.
213 1119 269 1131 -
291 1090 505 1146 Sanctus
535 1100 720 1147 noster
742 1093 1031 1163 episc0pus
1056 1092 1211 1147 initio
1249 1093 1333 1147 sui
1368 1102 1566 1148 tracta-

90 1196 148 1238 tus
193 1183 252 1236 De
296 1183 605 1237 Amic/arista
651 1184 935 1239 lectionem
985 1184 1187 1254 praebet
1229 1183 1295 1239 iis
1349 1201 1562 1241 summe

88 1275 385 1336 necessariam,
415 1275 610 1344 quibus
637 1275 778 1331 Deus
816 1276 1052 1331 indolem
1081 1292 1145 1331 ac
1191 1277 1369 1332 dotem
1404 1288 1561 1333 caete-

86 1385 144 1423 ros
160 1367 342 1421 docendi
371 1367 591 1437 largitus
618 1378 720 1423 est.
746 1367 805 1423 In
831 1384 896 1424 eo
925 1369 1097 1439 posita
1125 1380 1303 1424 autem
1335 1379 1417 1425 est
1447 1372 1561 1427 hare

84 1460 323 1529 lectio(5':’.),
361 1461 502 1530 quod
542 1461 751 1517 scilicet
792 1461 1071 1531 religionis
1103 1463 1359 1518 veritates
1404 1462 1560 1519 facile

84 1573 155 1609 non
192 1555 371 1608 tradant
417 1555 503 1619 iis,
536 1555 632 1624 qui
663 1555 727 1609 ad
769 1556 1082 1611 earumdem
1121 1556 1350 1611 abusum
1402 1559 1557 1627 proni

81 1654 166 1698 sunt
187 1660 235 1697 ac
258 1644 509 1713 dispesiti,
558 1647 654 1699 sed
698 1645 801 1715 piis
837 1646 1179 1701 solummodo
1218 1648 1554 1717 hominibus,

84 1736 202 1805 quiin
238 1736 404 1789 timore
446 1736 543 1790 Dei
592 1736 801 1802 vivunt,
833 1737 885 1791 in
915 1738 1202 1793 sanctitate
1237 1749 1289 1795 et
1324 1741 1584 1807 iustitia,

79 1832 130 1883 llli
158 1830 251 1899 ipsi,
276 1831 356 1899 qui
386 1831 603 1893 docent,
629 1830 823 1885 docere
848 1830 1044 1885 debent
1070 1847 1193 1887 cum
1234 1843 1379 1887 metu
1398 1875 1411 1898 ,
1458 1849 1558 1889 ncc

78 1922 247 1977 orlestia
266 1922 425 1991 eloqui
466 1920 691 1986 debent,
727 1921 832 1975 nisi
872 1922 1112 1978 Charitas
1156 1932 1345 1993 urgeat
1382 1942 1395 1977 :
1430 1924 1558 1980 hinc

80 2016 153 2081 ipse
175 2013 373 2082 gentium
410 2012 710 2082 Apostolus
737 2028 857 2069 cum
886 2026 1033 2069 metu
1056 2024 1109 2069 et
1149 2024 1306 2071 caute
1338 2015 1407 2070 de
1441 2033 1555 2088 my-

80 2106 201 2159 steriis
233 2104 337 2159 fidei
393 2104 759 2175 loquebatur;
812 2106 940 2177 quia
973 2121 1093 2162 cum
1127 2117 1255 2163 tunc
1296 2110 1555 2178 temporis

79 2212 141 2248 nec
162 2211 313 2250 omnes
351 2196 605 2252 homines
658 2197 973 2266 crederent,
1005 2216 1105 2255 nec
1138 2200 1236 2255 toti
1286 2209 1552 2255 terrarum

78 2290 154 2341 orbi
183 2287 286 2343 lides
319 2288 686 2356 illucesceret,
728 2288 876 2360 justa
906 2290 1212 2347 formidinis
1258 2308 1424 2348 causa
1476 2294 1553 2348 illi

79 2378 323 2444 nondeeral,
349 2378 459 2433 fore
492 2390 556 2433 ut
576 2379 689 2434 haec
718 2382 974 2451 mysteria
1005 2381 1241 2453 indignis
1268 2394 1320 2438 et
1346 2384 1410 2439 ad
1433 2400 1558 2441 con-

80 2480 257 2540 temptum
287 2489 487 2528 summe
515 2473 806 2543 dispositis
851 2475 1285 2543 innotescerent;
1326 2476 1556 2548 ideoque

78 2560 277 2617 Timotheo
311 2564 579 2634 discipulo
633 2580 736 2619 suo
774 2564 937 2620 etiam
982 2574 1144 2636 atque
1184 2568 1349 2622 etiam
1400 2585 1552 2625 corn-

77 2654 239 2719 mendat,
267 2663 316 2707 ut
346 2670 449 2709 non
490 2655 675 2709 tradat
704 2656 960 2711 veritates
986 2672 1017 2717 a
1053 2672 1111 2712 sc
1134 2658 1244 2728 jam
1278 2671 1550 2730 acceptas,

76 2744 139 2796 nisi
154 2747 231 2813 piis
256 2762 309 2801 ac
333 2748 610 2818 religiosis
635 2748 788 2813 viris,
816 2749 907 2819 qui
930 2751 1066 2807 alios
1088 2753 1301 2821 possint
1333 2754 1549 2809 easdem

74 2837 245 2891 veritates
285 2838 486 2894 docere.
551 2858 583 2911 r
610 2839 748 2895 Cum
797 2842 962 2913 igitur
1002 2843 1193 2899 beatus
1236 2843 1549 2916 Apostolus,

78 2927 337 3000 subjungitS.
359 2928 705 3000 Hippolytus,
730 2931 844 2987 hinc
866 2940 1098 2990 cauteac
1117 2949 1240 2989 cum
1271 2944 1417 2989 metu
1442 2942 1552 2988 tra-

76 3018 185 3085 deret,
304 3021 485 3077 videns
506 3020 724 3077 scilicet
747 3024 963 3093 Spiritu,
987 3040 1095 3080 non
1136 3040 1257 3081 esse
1304 3026 1549 3081 omnium

72 3109 205 3177 ﬁdem;
232 3124 413 3180 quanto
441 3129 544 3169 res
577 3115 737 3170 nobis
762 3116 986 3185 majoris
1009 3116 1235 3186 periculi
1258 3115 1369 3185 ﬁet,
1396 3117 1441 3171 si
1473 3127 1550 3173 te-

72 3216 165 3257 mere
200 3205 425 3276 nullaque
471 3207 695 3263 ratione
736 3208 979 3278 profanis
1024 3209 1335 3265 hominibus
1389 3220 1552 3281 atque

71 3294 230 3366 indignis
252 3301 630 3357 tradiderimus
654 3302 834 3356 divina
852 3302 1100 3372 eloquia!
1132 3322 1149 3355 ι
1174 3301 1323 3358 Hanc
1339 3319 1553 3359 summe
1593 3345 1601 3363 ι

1585 2168 1629 2227 Β

1595 814 1642 871 Α
1672 818 1948 874 attendere
1974 820 2229 875 deberent
2264 820 2503 876 haeretici
2528 819 2699 875 nostri
2732 817 2893 890 hujus
2918 818 3238 886 saeculi,nec

1665 923 1773 963 non
1811 911 1968 964 multi
2002 911 2097 982 qui
2135 911 2272 966 inter
2297 912 2609 969 Catholicos
2643 911 2783 965 male
2816 911 3026 968 vivunt.

1737 1000 1871 1056 Cum
1901 1004 1964 1056 de
2010 1005 2275 1073 mysteriis
2308 1005 2506 1075 agitur,
2542 1004 2803 1057 curiosius
2832 1020 2935 1057 non
2970 1004 3236 1075 inquiren-

1662 1093 1900 1146 dum.-——
1928 1092 2037 1149 Nec
2064 1095 2291 1151 minoris
2337 1102 2420 1150 est
2468 1096 2715 1150 utilitatis
2774 1095 2828 1149 id
2893 1096 3038 1165 quod
3081 1096 3238 1150 docet

1661 1184 1768 1239 alio
1797 1185 1914 1240 loco
1938 1186 2077 1239 idem
2107 1185 2165 1240 S.
2202 1186 2526 1257 Hippolytus
2559 1186 2670 1258 (34)
2706 1205 2717 1241 :
2757 1186 2983 1253 scilicet,
3012 1202 3133 1241 cum
3167 1187 3234 1240 de

1658 1276 1933 1348 mysteriis
1955 1277 2154 1348 agitur,
2176 1278 2447 1334 curiosius
2470 1295 2577 1334 non
2609 1278 3014 1347 inquirendum.
3033 1277 3231 1331 Exem-

1658 1366 1807 1437 plum
1836 1366 2179 1436 proferamus
2210 1369 2278 1423 ab
2302 1369 2489 1424 eodem
2522 1379 2858 1439 excerptum,
2882 1370 3027 1439 quod
3055 1379 3138 1425 est
3163 1370 3231 1424 de

1659 1460 2004 1529 generatione
2043 1460 2204 1515 Verbi
2244 1480 2258 1516 :
2297 1460 2432 1516 «Sed
2465 1462 2607 1516 dicet
2635 1462 2762 1516 mihi
2800 1462 2998 1532 aliquis
3030 1462 3233 1534 (verba

1658 1559 1785 1605 sunt
1835 1551 1892 1606 S.
1951 1551 2306 1623 Hippolyti):
2360 1553 2646 1619 Quomodo
2712 1551 2948 1608 Verbum
2989 1556 3229 1625 genitum

1656 1644 1772 1698 est?
1804 1643 2232 1714 Explicationcm
2283 1645 2446 1715 hujus
2498 1646 2738 1717 mysterii
2775 1648 3049 1716 quomodo
3093 1648 3230 1717 petis

1658 1744 1738 1802 tu,
1760 1737 1851 1806 qui
1889 1736 2109 1791 modum
2130 1737 2493 1805 generationis
2522 1736 2773 1791 humanae
2797 1753 2904 1793 non
2936 1746 3088 1808 potes
3104 1754 3231 1807 per-

1657 1827 1798 1885 fecte
1827 1829 2057 1885 efferre?
2098 1828 2217 1884 Non
2256 1831 2389 1885 satis
2420 1840 2503 1884 est
2545 1832 2639 1885 tibi
2689 1831 2827 1885 scire
2903 1832 3047 1900 quod
3088 1830 3231 1887 Deus

1655 1922 1920 1977 mundum
1954 1923 2214 1987 condidit,
2246 1923 2351 1977 nisi
2388 1922 2589 1979 audeas
2630 1923 2907 1993 inquirere
2955 1924 3231 1993 quomodo

1656 2014 1934 2070 condidit?
1988 2012 2106 2068 Non
2161 2014 2358 2070 sufﬁcit
2403 2016 2501 2070 tibi
2542 2030 2902 2086 cognoscere,
2938 2016 3085 2086 quod
3136 2014 3231 2070 Fi-

1656 2108 1763 2163 lius
1821 2107 1917 2162 Dei
1965 2107 2059 2162 tibi
2109 2108 2359 2177 apparuit
2409 2107 2475 2162 ad
2524 2107 2795 2171 salutem,
2852 2105 2898 2160 si
2951 2113 3130 2159 tamen
3176 2104 3231 2159 id

1657 2200 1832 2256 credis
1857 2218 1870 2267 ;
1906 2200 1998 2255 sed
2025 2200 2243 2269 insuper
2267 2199 2541 2268 quomodo
2571 2198 2787 2268 genitus
2816 2206 2900 2252 est
2925 2196 3228 2252 secundum

1654 2292 1905 2362 spiritum
1930 2292 2145 2346 curiose
2169 2291 2432 2361 indagas?
2465 2290 2631 2361 Atqui
2672 2288 3078 2361 generationem
3109 2288 3230 2358 ejus

1653 2383 1951 2439 secundum
2008 2398 2224 2437 carnem
2272 2397 2530 2437 enarrare
2588 2397 2697 2436 non
2739 2380 2987 2451 pluribus
3063 2394 3229 2449 quam

1653 2476 1869 2531 duobus
1896 2474 2181 2547 (Matthaao
2218 2484 2269 2529 et
2302 2473 2502 2544 Lucae)
2538 2472 2908 2529 concreditum
2937 2481 3048 2527 est:
3083 2479 3138 2525 et
3167 2480 3227 2524 tu

1653 2566 1820 2623 audes
1862 2566 2266 2635 generationem
2310 2564 2611 2621 secundum
2665 2564 2918 2633 spiritum
2964 2561 3232 2617 scrutari?

1661 2680 1679 2713 ι
1712 2658 1884 2727 Quam
1915 2660 2316 2730 generationem
2355 2657 2494 2728 apud
2519 2671 2577 2712 se
2609 2655 2771 2710 Pater
2807 2663 3027 2721 servat,
3069 2670 3227 2710 reve-

1660 2771 1678 2805 r
1718 2753 1928 2807 laturus
1967 2761 2095 2807 tunc
2119 2751 2344 2817 sanctis,
2396 2749 2490 2820 qui
2530 2757 2591 2803 ut
2623 2747 2818 2802 faciem
2856 2747 2976 2816 ejus
3013 2747 3231 2802 videant

1659 2864 1678 2898 ι
1716 2844 1863 2915 digni
1887 2851 2068 2899 erunt.
2100 2861 2119 2895 ι
2159 2841 2303 2897 Satis
2332 2842 2489 2906 habe,
2526 2840 2669 2910 quod
2704 2855 2735 2893 a
2774 2838 2992 2893 Christo
3023 2838 3228 2892 dictum

1651 2943 1734 2992 est
1772 2952 1784 2989 :
1821 2934 1975 3000 Quod
2030 2944 2215 2988 natum
2244 2944 2322 2987 est
2360 2949 2424 2986 ea:
2466 2932 2682 3003 spiritu,
2744 2930 2961 3000 spiritus
3012 2938 3089 2983 est
3131 2929 3178 2962 ⁸⁸
3206 2968 3225 2995 ,

1657 3069 1671 3084 .
1709 3066 1725 3082 .
1758 3068 1773 3083 .
1813 3068 1826 3082 .
1865 3026 2147 3081 Sufficiam,
2183 3026 2298 3080 hmc
2328 3023 2636 3079 testimonia
2687 3021 2939 3076 ﬁdelibus
2980 3019 3228 3095 veritatis

1653 3117 1945 3185 studiosis;
1980 3117 2224 3172 infideles
2258 3116 2403 3171 enim
2433 3115 2565 3168 nulli
2601 3114 2849 3168 credunt.
2892 3131 2911 3164 ι

1628 3232 1643 3257 τ.
1724 3208 1983 3278 Charitas
2002 3206 2329 3262 Christiana.
2364 3205 2583 3276 Figurw
2599 3203 2955 3258 Ecclesiw.—
2972 3201 3226 3257 Charitas

1652 3299 1779 3368 Iesu
1809 3301 2009 3356 Christi
2038 3310 2120 3355 est
2144 3300 2326 3353 anima
2352 3297 2628 3363 Ecclesiae,
2660 3305 2713 3350 et
2743 3304 2825 3351 est
2847 3294 3013 3349 veluti
3037 3293 3230 3347 vincu-

72 3392 341 3447 necessariam
375 3395 609 3451 moralis
644 3404 853 3465 partem
894 3396 1183 3451 conﬁrmat
1206 3395 1453 3451 doctrina
1497 3407 1551 3451 et
1652 3392 1765 3446 lum
1821 3407 1931 3463 quo
1988 3391 2173 3447 ﬁdeles
2226 3391 2509 3445 uniuntur.
2540 3387 2645 3443 Per
2696 3388 2836 3490 hanc
2886 3387 3228 3490 charitatem,

72 3484 192 3547 praxis
214 3500 530 3542 summorum
574 3488 824 3545 virorum
858 3490 1126 3556 omnium,
1159 3488 1252 3559 qui
1282 3490 1335 3543 in
1362 3488 1549 3545 Eccle-
1657 3486 1819 3542 sicuti
1877 3494 1931 3539 et
1961 3500 2059 3555 per
2107 3484 2291 3549 ﬁdem,
2328 3481 2568 3537 Ecclesia
2613 3480 2806 3550 recipit
2854 3479 3223 3549 Baptismum:

72 3576 119 3626 sia
138 3576 399 3635 ﬂoruerunt.
417 3580 835 3637 Observandum
857 3591 1139 3651 prarterea,
1170 3582 1321 3652 quod
1340 3598 1400 3637 ex
1427 3583 1548 3637 lau—

1612 3578 1623 3630 .'
1659 3600 1677 3633 ι
1722 3580 1963 3636 Ecclesia
1994 3595 2087 3649 per
2125 3578 2284 3632 ﬁdem
2321 3618 2335 3632 .
2364 3617 2378 3630 .
2404 3617 2419 3630 .
2451 3618 2464 3632 .

2504 3585 2559 3630 et
2585 3575 2905 3628 charitatem
2938 3575 2993 3627 in
3026 3572 3221 3638 Deum,

1576 3649 1625 3669 \l:

71 3664 159 3721 datis
184 3668 231 3727 S.
260 3668 520 3745 Hippolyti
557 3672 738 3728 verbis
778 3673 1037 3728 invictum
1074 3693 1093 3726 ι
1131 3689 1227 3743 pro
1264 3674 1549 3744 disciplina

70 3760 223 3813 amni)
248 3764 425 3831 primis
470 3764 735 3821 Ecclesia:
780 3765 995 3822 saeculis
1043 3776 1228 3822 sancte
1256 3770 1547 3837 custodita,

70 3862 355 3918 argumentum
378 3857 701 3913 deducatur.

112 3941 191 4003 Quo
212 3957 344 4013 pacto
367 3959 575 4017 oportet
601 3947 765 4019 legere
786 3967 847 4003 ac
869 3950 1158 4021 intelligere
1178 3952 1381 4006 divinas
1405 3950 1550 4006 Scri—

67 4042 207 4096 Ρῖεναε.
239 4068 300 4077 —
334 4039 435 4106 Qui
466 4042 523 4094 in
561 4040 971 4111 Scripturarum
998 4058 1275 4097 sacrarum
1318 4044 1547 4099 lectione

69 4139 218 4194 operam
244 4132 413 4191 locant
450 4152 642 4202 suam,
685 4136 793 4191 duo
839 4152 949 4207 pra:
981 4137 1154 4192 oculis
1199 4138 1401 4194 habere
1451 4140 1546 4215 de-

68 4215 162 4276 lent.
198 4225 241 4279 l°
272 4226 342 4282 Ex
384 4228 563 4284 sacris
597 4228 684 4284 his
711 4228 883 4297 [libris
917 4228 1142 4284 modum
1182 4230 1546 4301 cognoscendi

69 4306 195 4380 Deum,
221 4318 486 4390 eidemque
516 4319 818 4374 famulandi
850 4336 1041 4376 eruere
1072 4322 1290 4387 debent,
1323 4338 1445 4377 cum
1480 4339 1546 4377 ex

70 4401 120 4456 his
143 4406 338 4466 fontibus
364 4412 715 4468 solummodo
747 4413 861 4467 haec
886 4413 1089 4467 hauriri
1117 4414 1358 4483 possint;
1387 4415 1444 4469 2°
1491 4414 1546 4469 in

70 4493 101 4545 id
124 4512 415 4572 summopere
448 4505 763 4559 incumbere
795 4504 1011 4571 debent,
1033 4514 1089 4559 ut
1114 4522 1299 4560 verum
1331 4522 1547 4561 carum-

69 4583 144 4687 ἀξίω
165 4587 533 4687 Scriptigm'um
554 4611 771 4651 sensum
803 4595 1139 4666 percipiant,
1171 4605 1223 4652 et
1253 4598 1546 4652 abhorrere

68 4676 109 4729 ab
130 4685 242 4737 omni
264 4676 697 4756 irnLrpqitationc
729 4689 795 4742 ad
828 4689 1111 4743 arbitrium
1148 4692 1376 4745 conﬁcta
1397 4730 1411 4754 ,
1462 4691 1545 4745 vel

68 4782 144 4835 tua:
162 4778 383 4846 peculiari
415 4789 604 4835 nostro
637 4781 849 4850 spiritui
879 4824 892 4848 ,
930 4783 1239 4852 nostrisque
1262 4784 1545 4853 passioni-

1604 3666 1670 3735 ἶ.
1705 3715 1719 3728 .
1754 3714 1768 3729 .
1807 3711 1821 3724 .
1868 3672 2062 3740 recipit
2100 3670 2379 3724 lavacrum
2415 3666 2844 3738 regenerationis
2874 3666 3011 3736 (55).
3057 3684 3077 3718 ι
3119 3665 3225 3732 Qui

1651 3773 1774 3836 post
1826 3772 2139 3832 susceptum
2194 3760 2532 3828 Baptismum
2587 3756 3065 3823 transgrediuntur
3126 3754 3221 3809 Dei

1651 3856 1929 3920 mandata,
1966 3853 2049 3907 vel
2082 3849 2329 3922 religioni
2353 3848 2948 3904 Christianmnuntium
2979 3847 3219 3912 mittunt,

1649 3957 1905 4003 aeternam
1952 3944 2181 4016 propria:
2228 3943 2422 3996 animae
2451 3950 2680 3996 mortem
2715 3938 2973 3993 inferunt.
3016 3936 3222 3993 Pecca-

1649 4051 1765 4096 tum
1797 4054 1943 4094 mors
1967 4047 2051 4093 est
2074 4038 2290 4102 animai,
2323 4037 2501 4106 inquit
2532 4042 2756 4089 sanctus
2783 4033 2874 4087 hic
2896 4031 3055 4087 Pater
3086 4030 3218 4101 (36),

1649 4132 1951 4205 praesertim
1992 4140 2171 4185 autem
2208 4129 2477 4194 moechia;
2512 4127 2640 4196 quia
2681 4125 2825 4180 enim
2857 4126 3037 4179 anima
3072 4124 3224 4178 Chri-

1649 4236 1733 4282 sto
1757 4224 2004 4295 copulata
2039 4223 2373 4278 discessione
2400 4235 2429 4274 a
2461 4220 2636 4274 ﬁdein
2665 4232 2958 4288 perennem
2990 4216 3221 4270 traditur

1647 4327 1905 4384 mortem,
1939 4317 2004 4371 ad
2045 4316 2163 4387 ejus
2193 4316 2269 4369 rei
2304 4314 2465 4368 ﬁdem
2489 4312 2693 4367 violato
2723 4325 2941 4379 quoque
2965 4324 3222 4378 corpora-

1646 4413 1778 4467 lium
1808 4412 2121 4482 nuptiarum
2168 4408 2371 4463 fuedere
2406 4406 2785 4477 perversisque
2828 4402 3084 4457 thalamis
3135 4403 3221 4457 lex

1647 4519 1861 4574 pinnam
1891 4502 2087 4557 mortis
2122 4498 2337 4555 indixit.
2372 4499 2432 4550 In
2484 4505 2672 4551 sancto
2704 4492 2994 4565 Hippolon
3053 4494 3221 4548 variae

1647 4593 1827 4665 quoad
1881 4591 2181 4647 Ecclesiam
2226 4586 2677 4656 comparationes
2721 4600 2784 4640 ac
2838 4584 3220 4638 similitudines

1646 4695 1972 4752 occurrunt;
2020 4685 2072 4738 in
2105 4681 2296 4753 primis
2327 4688 2608 4749 comparat
2641 4693 2761 4732 eam
2801 4678 2923 4730 navi
2964 4676 3218 4730 fluctibus

1645 4783 1820 4854 pelagi
1868 4781 2082 4852 jactatze
2107 4818 2120 4843 ,
2155 4792 2276 4846 qua:
2311 4784 2491 4828 tamen
2524 4772 2813 4843 naufragio
2863 4770 3007 4824 haud
3047 4772 3216 4839 lperit,

69 4857 511 4933 bassitconl‘ormis,
541 4886 650 4925 uno
673 4872 859 4937 verbo,
887 4872 1088 4926 nullam
1113 4872 1410 4943 Scripturis
1435 4876 1541 4929 vim
1577 4865 1618 4920 D
1648 4875 1776 4946 quia
1820 4889 1850 4928 a
1895 4870 2115 4926 Christo
2164 4869 2518 4939 gubernatur.
2564 4864 2643 4919 En
2696 4866 2998 4935 elegantem
3055 4862 3217 4930 hujus

69 4949 206 5009 inferre
222 4960 432 5016 debent:
466 4980 484 5012 ι
525 4960 643 5018 Νοιι
674 4964 972 5017 secundum
998 4965 1271 5033 propriam
1295 4966 1543 5022 volunta-

70 5052 165 5113 θέω,
200 5068 353 5123 neque
383 5057 679 5112 secundum
729 5058 1009 5127 proprium
1063 5074 1305 5120 sensum.
1366 5076 1542 5129 neque

70 5142 135 5192 Tim
170 5144 430 5204 inferentes
478 5151 532 5204 in
572 5166 656 5215 ea,
695 5167 816 5220 quae
848 5150 916 5205 ab
961 5166 1027 5205 eo
1064 5151 1187 5206 data
1241 5163 1400 5221 sunt;
1446 5153 1541 5209 sed

72 5236 265 5292 inomodo
295 5240 404 5308 ipse
434 5241 621 5310 (Deus)
644 5258 739 5311 per
766 5251 981 5296 sanctas
1010 5241 1320 5313 Scripturas
1347 5245 1542 5300 docere

72 5322 197 5392 voluit,
223 5330 291 5385 sic
318 5332 676 5404 intelligamus
710 5334 898 5392 (53)..)
946 5331 1078 5400 Quae
1112 5335 1329 5407 quidem
1376 5338 1539 5393 verba

114 5434 143 5466 ”
168 5438 298 5498 loan.
341 5462 418 5513 nr,
458 5446 510 5503 6.

307 5576 589 5652 Hippolyt.,
624 5584 717 5638 lib.
754 5586 826 5638 De
851 5584 1117 5650 Amic/in,
1164 5596 1315 5638 num.
1347 5585 1397 5640 Ι.

227 5639 389 5720 idem;
410 5639 530 5720 ὶιάῦ.
566 5639 743 5720 Νοεε.,
774 5671 926 5709 num.
963 5657 1015 5711 9.

132 5709 195 5781 ξι)
226 5709 376 5781 Idem,
401 5719 549 5781 ibid..
576 5709 743 5779 num:
762 5727 847 5779 16.

122 5776 201 5852 (ἓν)
228 5776 373 5860 Idem,
404 5789 495 5848 lib.
526 5776 601 5851 De
622 5776 986 5868 notitiai-isto,
1024 5813 1175 5855 num.
1211 5797 1300 5854 59.

1650 4962 2076 5038 comparationis
2104 4959 2524 5029 descriptionem
2552 4958 2621 5011 ab
2674 4956 2963 5027 Hippolyto
2995 4954 3221 5008 adorna-

1650 5073 1759 5118 tam
1796 5058 1944 5130 (57):
1988 5075 2006 5108 ι
2047 5054 2161 5109 Ala:
2196 5053 2406 5106 narium
2442 5064 2567 5106 sunt
2596 5050 2869 5115 Ecclesirc,
2900 5062 3042 5100 more
3066 5061 3219 5097 mun-

1648 5154 1768 5218 dus,
1803 5151 1856 5205 in
1890 5162 2000 5219 quo
2028 5144 2270 5201 Ecclesia
2312 5143 2567 5199 ﬂuctibus
2600 5142 2838 5212 jactatur
2859 5181 2873 5206 ,
2919 5153 3010 5191 nec
3044 5145 3216 5191 tamen

1646 5244 1927 5316 naufragio
1954 5240 2114 5311 perit,
2138 5238 2336 5308 quippe
2358 5252 2481 5291 cum
2517 5236 2764 5291 solertem
2802 5232 3216 5300 gubernatorem

1647 5340 1914 5397 Christum
1967 5348 2152 5391 secum
2182 5332 2411 5399 habeat;
2455 5326 2561 5384 fert
2603 5341 2730 5382 vero
2756 5325 2921 5380 etiam
2949 5323 3007 5377 in
3036 5323 3214 5377 medio

1721 5582 1912 5659 (56)S.
1951 5578 2244 5659 llippolyt.,
2278 5581 2493 5659 tractat.
2522 5569 3212 5659 in‘Sitsonrr‘an‘tlgpurl-Fat-

1642 5639 1956 5719 bri‘e.,'tom.
1983 5639 2200 5719 l'Opp'.,
2228 5639 2349 5717 pag.
2373 5644 2499 5707 276,
2539 5651 2593 5698 et
2616 5643 2757 5712 apud
2786 5641 3056 5708 Galland.,
3086 5651 3122 5695 t.
3149 5639 3211 5705 ll,

1641 5731 1844 5868 cog?)
1870 5721 2262 5861 ngHippolytq
2288 5785 2383 5841 lib.
2418 5783 2496 5841 De
2530 5783 2796 5847 Amicitia.
2825 5799 2943 5855 cap.
2975 5781 3064 5839 59.
