3844 6188
445 218 514 273 ῗ9
1378 213 1466 270 DE
1501 214 1662 270 VITA
1701 215 1787 269 ET
1834 215 1977 271 εειιι

2091 216 2142 272 lS
2178 219 2234 273 s.
2278 216 2684 291 l-llPPOLYTl..

3521 221 3625 276 580

405 347 644 397 erectum
681 338 941 391 adversus
981 345 1210 390 mortem
1247 345 1532 408 tropzeum,
1557 355 1678 409 quae
1723 341 1971 396 videlicet
1999 346 2043 402 Α
2071 341 2142 396 sit
2175 341 2426 397 Ecclesia:
2458 341 2826 412 magisterium
2854 359 2866 394 :
2907 358 2926 391 ‹
2960 340 3053 394 Est
3093 341 3236 395 enim
3263 339 3499 397 Ecclesia
3527 360 3619 398 or-

406 446 610 484 crucem
653 428 862 482 Domini
897 442 1080 481 secum
1123 435 1318 497 portet.
1357 427 1450 482 Est
1469 429 1612 482 enim
1645 431 1765 497 ejus
1809 447 1971 500 prora

405 518 619 584 Oriens,
647 517 840 588 puppis
883 532 1012 570 vero
1069 516 1365 585 Occidens,
1410 521 1614 574 cavitas
1675 521 1967 588 Meridies;

406 609 540 663 clavi
565 609 668 662 duo
707 608 1074 672 Testamenta;
1102 610 1306 664 circum
1350 613 1551 666 extenti
1579 613 1730 682 funes
1771 613 1972 668 Christi

404 700 658 764 charitas,
684 717 800 770 qua
833 699 1128 755 Ecclesiam
1153 703 1432 773 astringit;
1477 705 1663 769 linum,
1703 707 1848 775 quod
1890 723 1974 762 se-

406 807 528 846 cum
578 790 701 856 fert,
748 791 1017 845 lavacrum
1068 802 1144 846 est
1189 797 1592 864 regenerationis
1653 797 1804 864 (58);
1854 815 1975 868 quae

405 881 590 936 ﬁdeles
619 893 860 936 renovat.
896 881 1045 936 Venti
1083 885 1202 938 loco
1233 886 1385 940 adest
1418 879 1648 955 Spiritus
1688 888 1778 942 ille
1813 906 1838 941 e
1876 905 1976 943 cte-

405 972 495 1036 lis,
526 989 634 1043 quo
671 974 853 1029 ﬁdeles
880 976 1270 1045 consignantur
1298 976 1442 1042 Deo;
1483 979 1643 1033 habet
1665 982 1864 1050 pariter
1885 983 1973 1037 illa

405 1066 632 1120 comites
659 1075 712 1119 et
746 1066 940 1134 ferreas
981 1072 1259 1131 anchoras,
1307 1082 1490 1124 sancta
1534 1074 1784 1128 nimirum
1823 1074 1976 1130 Chri-

409 1158 474 1210 sti
524 1157 797 1222 mandata,
851 1172 973 1227 quae
1015 1157 1142 1212 ferri
1203 1161 1368 1215 robur
1413 1163 1587 1232 ipsum
1651 1165 1971 1235 praeferant;

407 1247 539 1315 quin
574 1256 627 1302 et
665 1258 859 1304 nautas
889 1265 919 1302 a
956 1250 1160 1305 dextris
1199 1262 1361 1322 atque
1399 1256 1636 1314 sinistris
1673 1269 1974 1314 sanctorum

407 1338 710 1405 angelorum
744 1355 884 1393 more
907 1343 1230 1409 assistentes,
1258 1360 1477 1414 quorum
1499 1364 1590 1417 ope
1615 1352 1848 1404 munitur
1877 1351 1974 1406 Ec-

407 1429 586 1484 clesia.
613 1429 669 1485 ln
697 1447 759 1486 ea
792 1433 958 1498 scala,
992 1450 1111 1501 quae
1140 1435 1192 1488 in
1231 1437 1398 1491 altum
1432 1440 1498 1494 ad
1529 1451 1816 1497 antenuam
1847 1447 1976 1499 sub-

407 1524 588 1590 vehit,
623 1527 798 1594 imago
835 1539 907 1580 est
943 1528 1199 1582 salutaris
1222 1529 1420 1585 Christi
1449 1537 1745 1604 passionis,
1792 1538 1976 1596 ﬁdeles

407 1613 648 1680 trahens,
684 1624 742 1668 ut
771 1616 823 1668 in
851 1616 1018 1671 caelos
1049 1619 1362 1674 ascendant.
1397 1620 1558 1691 Signa
1596 1639 1757 1692 super
1785 1635 1977 1681 anten-

407 1718 534 1756 nam
561 1703 612 1756 in
667 1705 832 1757 altum
863 1707 1074 1760 sublata
1097 1749 1111 1774 ,
1167 1711 1558 1777 prophetarum,
1607 1725 1898 1783 martyrum
1924 1726 1971 1770 et

411 1795 770 1863 apostolorum
816 1797 871 1849 in
903 1797 1100 1852 Christi
1132 1817 1286 1869 regno
1328 1804 1702 1872 quiescentium
1747 1810 1974 1876 stipatus

409 1888 561 1940 ordo.
601 1907 620 1939 ι
652 1887 936 1958 Colligitur
959 1905 1024 1944 ex
1051 1891 1134 1945 his
1161 1894 1368 1949 ultimis
1393 1896 1590 1962 verbis,
1621 1900 1977 1966 quemadmo-

407 1977 536 2031 dum
570 1977 714 2032 bene
733 1978 984 2034 observat
1016 1981 1084 2035 cl.
1117 1981 1419 2036 Ceillierius
1445 1984 1841 2053 (59),sanctum
1880 2002 1977 2042 no-

408 2078 582 2123 strum
611 2071 920 2140 episcopum
952 2075 1314 2130 communiter
1341 2076 1410 2129 ab
1429 2077 1668 2147 antiquis
1706 2087 1976 2148 receptam

409 2162 730 2215 sententiam
783 2174 1028 2219 secutum
1079 2164 1286 2231 fuisse,
1343 2167 1488 2234 quod
1537 2169 1793 2223 nimirum
1852 2184 1977 2239 pro-

407 2254 602 2321 phetas,
643 2257 872 2323 apostoli
906 2269 959 2311 et
988 2267 1254 2329 martyres
1287 2257 1597 2314 felicitatem
1637 2271 1892 2316 aeternam
1920 2262 1975 2316 in

409 2344 564 2398 caelis
588 2345 764 2414 adepti
801 2346 1021 2402 fuerint.

480 2435 718 2492 Ecclesia
751 2441 940 2492 mulier
977 2440 1082 2494 sole
1109 2442 1326 2495 amicta.
1347 2473 1415 2482 —
1439 2441 1608 2499 Paulo
1634 2443 1772 2498 infra
1815 2445 1976 2498 aliam

408 2528 474 2583 de
520 2529 756 2586 Ecclesia
778 2533 1186 2588 similitudinem
1221 2535 1395 2602 aﬁ'ert,
1424 2535 1551 2589 dum
1595 2536 1684 2590 illa
1712 2537 1978 2608 Apocaly-

331 2643 343 2654 -
409 2634 566 2688 pseos
605 2622 768 2676 verba
797 2638 915 2691 cap.
959 2641 1052 2690 xu,
1089 2624 1207 2677 1-6:
1242 2624 1310 2678 Et
1341 2627 1448 2680 vidi
1487 2629 1694 2698 signum
1729 2645 1978 2699 magnum

409 2719 458 2762 et
485 2711 746 2778 mirabile,
775 2715 1043 2768 mulierem
1072 2718 1319 2770 amictam
1345 2718 1472 2785 sole,
1501 2730 1628 2787 etc.,
1656 2721 1709 2775 in
1736 2736 1857 2791 qua:
1903 2721 1978 2775 ita

409 2814 808 2860 commentatur
849 2807 992 2877 (40):
1043 2827 1061 2859 ι
1100 2808 1377 2866 Mulierem
1419 2813 1670 2868 amictam
1721 2814 1834 2868 sole
1869 2815 1982 2869 cla-

409 2892 627 2947 rissime
665 2893 961 2949 Ecclesiam
1009 2897 1332 2967 signiﬁcavit
1370 2897 1700 2970 (Joannes),
1743 2900 1977 2956 Paterno

410 2985 657 3038 indutam
685 2984 880 3049 Verbo,
906 2989 1049 3056 quod
1090 2990 1202 3044 sole
1239 2991 1530 3045 Inicautius
1579 2993 1841 3061 splendet.
1887 2994 1980 3048 Di-
2005 3011 2045 3068 (ς

411 3077 582 3132 cendo
617 3091 746 3131 vero
781 3080 962 3131 lunam
993 3079 1086 3131 sub
1114 3081 1329 3145 pedibus
1378 3082 1512 3151 ejus,
1542 3084 1748 3138 emlesti
1801 3085 1980 3140 chari-

411 3175 522 3223 tate
552 3169 693 3223 lunae
725 3169 778 3223 in
819 3185 1023 3228 morem
1057 3181 1303 3226 ornatam
1329 3175 1585 3229 ostendit.
1611 3175 1764 3241 Quod
1798 3188 1978 3233 autem

409 3260 507 3324 ait,
534 3261 588 3312 in
621 3261 790 3329 capite
821 3261 932 3329 ejus
971 3278 1163 3316 corona
1200 3265 1472 3318 stellarum
1501 3267 1794 3335 duodecim,
1840 3271 1978 3327 duo-

411 3352 586 3406 decim
619 3354 897 3422 apostolos
931 3354 1194 3424 designat,
1232 3371 1326 3425 per
1347 3373 1485 3426 quos
1517 3357 1740 3415 fundata
1765 3371 1846 3417 est
1879 3361 1982 3418 Ec-

413 3445 600 3499 clesia.
618 3443 685 3498 Et
706 3445 899 3500 habens
919 3447 972 3498 in
991 3456 1136 3500 utero
1163 3447 1424 3502 clamabat
1445 3455 1765 3520 parturiens,
1791 3464 1840 3508 et
1863 3471 1982 3508 cru-

413 3537 657 3590 ciabatur
680 3578 696 3603 ,
732 3548 789 3591 ut
815 3549 1051 3609 pareret;
1081 3541 1207 3611 quia
1244 3557 1352 3598 non
1394 3554 1572 3600 cessat
1622 3545 1862 3603 Ecclesia
1915 3565 1982 3604 ex

416 3635 577 3688 corde
601 3633 835 3692 Verbum
870 3639 1118 3709 gignere,
1154 3639 1296 3710 quod
1328 3639 1381 3694 in
1407 3642 1610 3700 mundo
1645 3645 1713 3698 ah
1755 3646 1983 3701 inﬁdeli-

417 3730 520 3787 bus
546 3735 972 3802 persecutionem
997 3734 1218 3802 patitur.
1250 3734 1317 3788 Et
1337 3738 1556 3806 peperit,
1583 3738 1777 3810 inquit,
1809 3740 1981 3809 ﬁlium

417 3825 735 3891 masculum,
761 3827 849 3896 qui
887 3837 998 3880 erat
1023 3836 1258 3882 recturus
1281 3845 1456 3883 omnes
1485 3841 1689 3900 gentes;
1717 3833 1972 3887 nimirum

419 3914 678 3981 Ecclesia,
702 3915 830 3970 dum
853 3915 1130 3971 Christum
1149 3916 1264 3982 Dei,
1284 3919 1580 3973 masculam
1606 3935 1668 3974 ac
1686 3921 1976 3989 perfectam

417 4005 644 4073 prolem,
676 4007 766 4075 qui
802 4005 944 4062 Deus
981 4016 1034 4061 et
1077 4008 1240 4061 homo
1267 4007 1607 4075 prtedicatur,
1653 4025 1864 4079 semper
1889 4027 1984 4080 pa-

419 4097 523 4159 rit,
554 4097 712 4153 docet
748 4115 936 4153 omnes
969 4108 1174 4167 gentes.
1199 4097 1368 4152 Porro
1399 4099 1649 4167 dicendo,
1685 4113 1863 4172 raptus
1895 4116 1974 4160 est

419 4190 564 4258 [ilius
595 4190 705 4258 ejus
745 4191 813 4243 ad
853 4190 1039 4254 Deum,
1074 4201 1122 4245 et
1147 4193 1216 4245 ad
1257 4193 1500 4246 thronum
1527 4195 1672 4259 eius;
1705 4198 1980 4254 ccelestem

419 4295 618 4348 regem,
651 4297 758 4334 non
809 4289 1080 4335 terrenum
1131 4297 1254 4336 esse
1305 4283 1591 4352 signiﬁcat,
1650 4287 1743 4355 qui
1787 4304 1852 4342 ex
1888 4291 1978 4346 illa

2074 431 2238 498 diuis,
2285 447 2389 486 non
2429 431 2764 488 confusionis
2793 431 3068 500 magistra.
3105 449 3124 481 ι
3148 429 3349 485 Notent
3380 431 3481 486 sibi
3514 433 3621 488 hac

2075 523 2236 576 verba
2287 538 2421 576 auro
2482 524 2751 592 eedroque
2815 521 2974 591 digna
3033 522 3286 577 Ecclesia:
3340 523 3617 588 antistites,

2076 613 2464 684 theologiseque
2491 615 2760 669 doctores.

2613 702 3005 760 ARTICULUS
3040 702 3101 757 ll.

2423 811 2842 850 OBSERVATIONES
2868 809 3280 848 DISCIPLINABES.

2079 871 2104 886 '
2149 885 2368 956 Tempus
2403 888 2472 940 ad
2494 887 2820 956 Baptismum
2846 887 3195 956 recipiendum
3219 885 3619 954 pra/initum.—

2076 979 2264 1046 Quoad
2286 979 2648 1050 disciplinam,
2692 982 2803 1034 haec
2835 979 3171 1034 observanda
3218 979 3442 1032 veniunt
3486 980 3617 1046 apud

2080 1068 2136 1122 S.
2193 1068 2537 1140 Hippolytum
2583 1088 2595 1124 :
2639 1071 2848 1138 primo,
2901 1069 3299 1124 solemnitatem
3354 1067 3620 1124 Paschalis

2076 1157 2245 1215 fuisse
2273 1170 2483 1232 tempus
2523 1162 2840 1231 prmﬁnitum
2878 1162 2944 1215 ad
2976 1161 3391 1215 ministrandum
3418 1170 3470 1214 et
3496 1162 3623 1216 reci-

2075 1251 2327 1321 piendum
2357 1254 2706 1322 Baptismum.
2730 1255 2817 1308 Ait
2840 1255 2981 1308 enim
3016 1263 3237 1309 sanctus
3271 1255 3552 1323 episcOpus
3575 1254 3624 1307 in

2077 1346 2256 1402 illud:
2313 1347 2450 1400 Dum
2501 1347 2831 1400 observarent
2878 1347 3015 1400 diem
3095 1357 3277 1414 aptum
3309 1346 3396 1410 ³³,
3487 1361 3626 1398 com-

2077 1449 2325 1495 mentans
2353 1440 2494 1510 (ll):
2534 1439 2732 1506 «Quem
2761 1453 2946 1508 porro,
2971 1438 3074 1491 nisi
3100 1437 3241 1492 diem
3271 1436 3511 1499 Paschze,
3541 1452 3628 1506 per

2077 1550 2235 1604 quem
2277 1534 2548 1588 lavaCrum
2583 1535 2635 1586 in
2668 1532 2910 1602 pomario
2941 1531 3293 1586 aestuantibus
3321 1531 3579 1600 paratur?
3607 1549 3627 1580 ι

2147 1625 2526 1694 Dispositiones
2557 1626 2624 1678 ad
2657 1625 3005 1694 Baptismum.
3031 1654 3099 1662 —
3119 1622 3516 1692 Dispositiones
3549 1638 3635 1675 au-

2080 1724 2182 1770 tem
2207 1716 2404 1770 ibidem
2435 1724 2678 1770 vetustus
2712 1715 2800 1769 hic
2827 1713 2986 1766 Pater
3018 1722 3450 1779 commemorat,
3509 1713 3625 1765 dum

2077 1808 2150 1861 ita
2211 1808 2586 1878 prosequitur:
2648 1825 2666 1858 ι
2711 1807 2961 1862 Susanna
3027 1806 3213 1860 lavans
3259 1805 3462 1860 munda
3531 1803 3629 1857 Deo

2078 1915 2275 1969 sponsa
2331 1899 2540 1954 sistitur
2591 1915 2714 1954 cum
2751 1899 2962 1953 duabus
2995 1897 3126 1951 solis
3159 1896 3372 1965 puellis.
3411 1895 3634 1960 Quando

2077 1989 2219 2044 enim
2249 1987 2490 2044 Ecclesia
2526 2004 2590 2043 ex
2625 1995 2775 2043 mare
2823 1988 2973 2057 cupit
3019 1987 3295 2040 lavacrum
3341 1983 3637 2052 suscipere,

2077 2079 2213 2135 duas
2235 2080 2542 2135 necessario
2569 2079 2794 2134 ancillas
2825 2078 3051 2133 comites
3076 2077 3267 2142 habet;
3303 2075 3512 2130 etenim
3545 2073 3642 2127 Ec-

2079 2173 2240 2226 clesia
2274 2188 2368 2242 per
2399 2173 2556 2226 ﬁdem
2587 2172 2640 2225 in
2674 2171 2981 2234 Christum,
3021 2180 3075 2224 et
3108 2184 3201 2238 per
3227 2167 3558 2222 charitatem
3600 2167 3646 2218 iu

2079 2260 2248 2316 Deum
2294 2263 2544 2316 confessa
2593 2262 2784 2330 recipit
2819 2261 3114 2315 lavacrum.
3153 2276 3170 2309 ι
3211 2257 3348 2311 llinc
3380 2255 3652 2326 Baptismi

2079 2351 2302 2406 comites
2328 2352 2460 2406 ﬁdes
2489 2360 2541 2406 et
2567 2352 2827 2407 charitas.

2155 2441 2358 2508 Oleum,
2385 2453 2538 2514 atque
2559 2445 2733 2496 unctio
2764 2444 2818 2495 in
2838 2441 3204 2510 Baptismo.—-
3223 2439 3424 2495 Eodem
3448 2439 3511 2491 in
3538 2437 3662 2494 loco

2081 2533 2138 2589 S.
2167 2533 2500 2606 llippolytus-
2533 2537 2670 2592 inter
2697 2537 2834 2590 ritus
2879 2535 2932 2588 in
2982 2533 3258 2603 Baptismo
3315 2531 3668 2588 conferendo

2080 2626 2321 2680 adhiberi
2357 2627 2545 2682 solitos
2595 2637 2839 2682 recenset
2885 2628 3062 2682 oleum
3109 2635 3271 2696 atque
3306 2626 3670 2680 unctionem.

2083 2717 2280 2772 Scribit
2310 2719 2476 2786 ,enim
2525 2719 2579 2772 in
2645 2734 2864 2773 versum
2918 2717 2984 2772 17
3059 2717 3346 2773 Danielis:
3391 2717 3676 2785 Dixitque

2081 2809 2533 2880 puellis:A/ferte
2580 2811 2708 2864 mihi
2759 2809 2931 2864 oleum
2989 2826 3010 2866 :
3065 2829 3083 2861 ι
3138 2809 3372 2863 Proinde
3425 2809 3592 2862 ﬁdes
3628 2816 3681 2862 et

2083 2901 2338 2965 charitas,
2389 2903 2568 2957 oleum
2621 2910 2675 2956 et
2731 2909 3028 2972 smegmata
3075 2901 3381 2955 lavantibus
3427 2907 3679 2969 parant.

2082 2994 2337 3061 Quaznam
2362 3008 2488 3046 vero
2510 3004 2827 3062 smegmata,
2851 2991 2957 3046 nisi
2981 2989 3135 3045 Verbi
3154 2991 3447 3044 mandata?
3477 2987 3688 3054 Quod-

2081 3105 2206 3143 nam
2241 3095 2418 3140 autem
2445 3086 2644 3149 oleum,
2677 3085 2783 3140 nisi
2821 3084 2991 3138 virtus
3021 3082 3255 3152 Spiritus
3276 3081 3499 3137 sancti?
3545 3083 3690 3152 qui-

2082 3182 2183 3237 bus
2209 3193 2328 3252 post
2348 3181 2624 3234 lavacrum
2654 3188 2909 3248 tanquam
2935 3186 3208 3247 unguento
3239 3175 3425 3230 ﬁdeles
3446 3190 3688 3244 perun—

2083 3285 2302 3346 guntur.
2335 3273 2542 3326 Cuncta
2572 3273 2686 3327 haec
2729 3289 2826 3342 per
2856 3273 3068 3326 beatam
3104 3268 3412 3324 Susannam
3475 3266 3687 3324 nostri

2081 3381 2245 3422 causa
2275 3367 2644 3437 ﬁgurabantur
2671 3381 2684 3418 :
2714 3381 2782 3419 ne
2813 3362 3236 3425 modoscilicet,
3258 3362 3353 3431 qui
3390 3361 3518 3416 Deo
3547 3377 3685 3416 cre-

2082 3460 2282 3526 dimus,
2323 3474 2388 3514 ea
2423 3473 2547 3528 qua:
2595 3455 3060 3526 inpraesentiarum
3103 3455 3158 3508 in
3202 3453 3444 3508 Ecclesia
3500 3455 3683 3515 ﬁunt,

2085 3559 2342 3620 tanquam
2369 3566 2504 3604 nova
2532 3564 2593 3603 ac
2628 3547 2906 3616 peregrina
2935 3546 3331 3601 existimemus.
3363 3564 3383 3598 ι

2159 3642 2377 3712 Tempus
2405 3640 2700 3695 celebrandi
2717 3639 3097 3694 solemnitatem
3114 3638 3433 3709 paschalem.
3462 3667 3557 3678 —
3579 3635 3674 3690 Se-

2081 3733 2259 3788 cundo
2281 3732 2445 3787 tradit
2469 3733 2557 3787 hic
2583 3742 2827 3788 vetustus
2853 3731 3110 3786 Ecclesiae
3148 3729 3326 3794 Pater,
3361 3727 3673 3782 Paschatis

2045 3853 2048 3855 λ
2083 3824 2478 3878 solemnitatem
2509 3824 2769 3879 celebrari
2797 3824 3051 3879 debuisse
3088 3819 3372 3876 Dominica
3404 3829 3542 3890 post
3575 3819 3670 3872 de-

2082 3914 2277 3968 cimam
2315 3924 2561 3982 quartam
2599 3915 2782 3969 lunam
2809 3913 3015 3981 Martii,
3069 3912 3174 3966 nisi
3203 3912 3411 3966 decima
3451 3920 3663 3980 quarta

2080 4005 2206 4059 luna
2251 4004 2507 4058 incideret
2545 4005 2597 4058 in
2645 4007 2784 4059 diem
2839 4005 3096 4069 Sahbati;
3127 4018 3238 4072 quo
3267 4018 3398 4057 sane
3431 4003 3490 4055 in
3524 4017 3656 4055 casu

2077 4094 2230 4162 juxta
2258 4093 2506 4146 eumdem
2535 4093 2794 4148 celebrari
2831 4111 2936 4149 non
2963 4093 3191 4149 debebat
3213 4091 3384 4146 festus
3409 4090 3655 4145 Pascha-

2079 4187 2150 4240 tis
2190 4185 2306 4240 dies
2341 4183 2622 4241 Dominica
2649 4187 2913 4254 sequenti,
2949 4187 3041 4241 sed
3072 4185 3355 4240 transferri
3388 4187 3440 4240 in
3483 4185 3645 4238 aliam

2082 4279 2496 4349 subsequentem
2527 4279 2886 4344 Dominicam,
2927 4294 2992 4333 ne
3025 4278 3193 4334 festus
3225 4279 3313 4332 hic
3348 4279 3461 4332 dies
3504 4276 3642 4330 celev

418 4386 632 4438 semper
663 4373 924 4426 nascitur.
967 4391 985 4424 ι
1030 4373 1173 4428 Idem
1209 4371 1266 4426 S.
1304 4372 1463 4432 Pater
1490 4377 1544 4432 in
1580 4387 1810 4434 tractatu
1858 4397 1977 4451 per-

2091 4371 2329 4425 braretur
2373 4371 2559 4426 eodem
2610 4372 2714 4438 die,
2775 4385 2884 4440 quo
2939 4368 3202 4425 Dominus
3249 4377 3434 4424 noster
3485 4367 3640 4422 Jesus

419 4461 566 4514 brevi
596 4461 669 4516 De
699 4461 944 4518 Susanna
976 4467 1160 4524 multis
1198 4470 1361 4524 etiam
1392 4471 1645 4537 ostendit,
1673 4470 1980 4527 Susannam

417 4552 647 4621 ﬁguram
671 4555 905 4624 gessisse
933 4557 1206 4616 Ecclesiae.
1241 4561 1294 4615 ln
1333 4578 1494 4632 opere
1527 4578 1655 4619 vero
1691 4564 1765 4618 De
1813 4567 1983 4618 tradi-

420 4649 556 4703 tione
574 4651 926 4718 apostolorum
945 4656 1117 4720 docet,
1133 4672 1360 4712 numero
1384 4657 1468 4720 l9,
1485 4657 1625 4727 apud
1641 4656 1979 4712 Gallandium

418 4749 567 4796 torno
586 4742 624 4795 ll
642 4743 978 4802 Bibliotheca:
1005 4749 1246 4816 Patrum,
1274 4749 1526 4804 columna
1553 4749 1678 4816 507,
1703 4752 1974 4820 quodnam

522 4858 568 4888 "
607 4857 740 4914 Dan.
783 4878 902 4928 xm,
947 4865 1030 4920 l5.

473 4995 610 5077 .(58l_
646 4993 800 5060 Quod
843 4997 942 5077 sic
972 4998 1187 5077 lavacro
1239 5004 1664 5077 regenerationis
1704 5017 1981 5075 comparet

420 5063 775 5147 Hippolytus,
811 5067 946 5147 nihil
997 5070 1139 5147 aliud
1187 5063 1526 5147 commodius
1573 5075 1682 5147 lino
1716 5063 1976 5142 occurrit,

420 5151 530 5217 quo
553 5137 632 5217 sic
661 5137 946 5217 capiuntur
977 5139 1174 5217 pisces,
1215 5143 1444 5217 et‘cujus
1472 5145 1808 5213 metaphora,
1842 5137 1978 5217 prie-'-

421 5209 620 5278 dicatio
645 5209 954 5278 evangelica
1002 5209 1195 5264 Proclo
1217 5252 1232 5274 ,
1262 5209 1675 5278 Clirysostomo,
1705 5209 1856 5278 etc.,'
1885 5220 1980 5273 de-

419 5277 680 5350 claratur.
714 5277 842 5345 Ejus
871 5279 1048 5349 itaque
1080 5283 1254 5347 navis,
1277 5298 1398 5350 qua:
1421 5277 1781 5348 Ecclesiaest,
1811 5277 1978 5341 linum

422 5348 699 5422 capiendis
727 5348 1033 5422 pisciculis,
1059 5360 1111 5403 et
1143 5361 1201 5405 ut
1229 5348 1344 5422 jain
1381 5352 1585 5408 Christi
1631 5371 1694 5410 ac
1725 5356 1982 5412 Ecclesiae

423 5419 664 5471 membra
694 5421 803 5474 sint
830 5431 979 5475 extra
1003 5423 1188 5475 mundi
1221 5419 1433 5493 profani
1459 5425 1806 5484 salsedinem.
1829 5429 1978 5482 lava-

612 5499 695 5543 est
730 5493 1183 5562 regenerationis,
1228 5510 1335 5564 quo
1370 5495 1447 5549 sic
1476 5493 1694 5552 Christo
1736 5498 1983 5568 incorpo-

503 5572 626 5606 ιιιιΓ.

503 5572 626 5610 Ill".

2083 4465 2333 4520 Christus
2368 4472 2615 4519 mortuus
2653 4471 2735 4518 est
2766 4463 2898 4530 (42).

2153 4556 2334 4611 Tertio
2369 4557 2522 4612 docet
2550 4555 2861 4611 solvendum
2903 4569 3023 4610 esse
3054 4545 3264 4620 Quadi"
3340 4549 3526 4609 simale
3549 4548 3630 4617 je-

2077 4649 2291 4719 junium
2326 4649 2601 4703 Dominica
2630 4647 2940 4702 Paschalis:
2967 4665 2985 4698 ι
3015 4638 3245 4700 Solvere
3267 4633 3447 4699 autem
3478 4656 3626 4712 opor-

2084 4750 2157 4797 tet
2182 4741 2468 4812 jejunium,
2505 4741 2595 4796 ubi
2629 4739 2909 4794 Dominica
2937 4737 3184 4793 inciderit
3208 4735 3342 4809 (45).
3374 4755 3394 4788 ι

2156 5020 2267 5090 (39)
2310 5019 2459 5105 ligni
2485 5018 2720 5085 Ceillier,
2757 5016 2896 5072 Hist.
2939 5016 3112 5088 genir.
3133 5015 3221 5070 des
3253 5019 3617 5084 auteurs,tom.

2085 5087 2300 5159 ll,‘pa'g.
2332 5090 2454 5144 37L
2944 5087 2951 5088 ί

2157 5160 2267 5231 (40)
2307 5160 2366 5231 S.
2400 5157 2925 5231 llippnlyt.,_lib._Dc
2957 5158 3224 5222 Antichr.,
3257 5173 3411 5231 nutu.
3447 5157 3542 5231 30.

2158 5227 2414 5301 (τίη-Ιώ,
2470 5227 2621 5286 tractv.
2667 5229 2746 5301 De
2808 5229 3088 5301 Susanna,
3157 5230 3310 5301 apud
3364 5227 3643 5301 Callandn

2087 5297 2220 5384 tom.
2256 5299 2546 5384 llkcqlum.
2590 5300 2695 5355 445
2726 5309 2780 5354 et
2808 5299 2948 5367 444,;
2971 5309 3024 5355 ct
3047 5298 3187 5370 apud
3219 5297 3464 5367 Fabric.,
3515 5311 3648 5363 tom.

2086 5369 2128 5438 l,
2166 5385 2286 5438 pag.
2315 5371 2440 5423 275.

2159 5439 2271 5510 (42)
2309 5440 2414 5511 ld.,
2449 5439 2520 5492 De
2534 5439 2688 5511 ry‘clo
2723 5440 2900 5511 pasch.

2159 5511 2269 5581 (ιδ)
2308 5509 2472 5579 Idem,
2503 5509 2631 5565 ibid.
