3802 6198
588 293 699 352 385

1560 295 1649 352 DE
1687 245 1849 353 Vtra
1885 294 1976 349 ET
2014 292 2331 352 SCRIPTIS
2368 293 2427 353 s.
2461 272 2829 350 HlPPOLYTI'

3660 302 3746 360 38$

658 410 840 483 Stylus
886 411 1055 465 sancti
1097 410 1392 483 Hippolyti.
1429 444 1500 456 —
1546 413 1699 482 Quod
1750 423 1929 470 autem
1984 415 2158 471 sancti
2188 427 2231 481 Α
2266 437 2291 465 τ
2333 412 2408 467 hil
2460 412 2623 467 habet
2672 412 2908 475 irritum,
2941 410 3187 482 quamvis
3229 410 3278 467 ei
3320 412 3436 483 ει]ιί
3463 412 3749 479 Atheniensis

586 503 858 575 Hippolyti
909 502 1122 559 dicendi
1170 505 1552 576 scribendique
1594 505 1822 561 formam
1852 508 2154 575 concernit,

586 596 704 650 haec
747 610 937 649 omnes
984 595 1235 650 amabilis
1265 595 1561 665 primorum
1598 598 1918 653 saeculorum
1946 598 2155 668 simpli-

583 685 763 739 citatis
790 698 902 753 prae
928 699 987 739 se
1015 682 1118 739 fert
1143 686 1511 741 characteres.
1544 683 1659 742 Hac
1690 694 1867 741 tamen
1907 702 2018 742 non
2057 688 2155 743 ob-

584 787 759 833 stante
810 776 969 832 divus
1019 776 1382 849 Hieronymus
1416 794 1667 849 magnam
1693 779 2013 849 eloquentiae
2043 781 2152 835 vim

582 877 773 925 sancto
818 876 1004 924 nostro
1056 870 1277 925 ascribit
1306 870 1419 940 (50)
1466 889 1480 925 :
1530 871 1799 941 siquidem
1847 861 2154 943 eloquentia

582 959 810 1014 multum
864 960 1138 1016 sociabilis
1181 968 1262 1016 est
1312 977 1437 1016 cum
1497 962 1863 1033 simplicitate,
1897 979 2061 1034 quam
2099 965 2153 1019 in

581 1046 701 1116 ejus
734 1046 952 1115 scriptis
978 1048 1412 1106 observavimus.
1439 1049 1756 1121 Eloquentia
1790 1053 1934 1107 enim
1968 1054 2013 1110 is
2038 1068 2155 1109 om-

583 1138 713 1191 nino
756 1138 918 1203 valet,
946 1153 1261 1209 quanquam
1306 1141 1539 1212 simplici
1586 1151 1770 1198 utatur
1802 1144 1962 1217 stylo,
1997 1146 2152 1216 quis-

580 1228 706 1298 quis
735 1237 856 1298 apte
882 1236 935 1283 et
954 1230 1199 1299 apposite
1226 1232 1292 1285 ad
1321 1234 1754 1302 persuadendum
1781 1237 2034 1303 disserit;
2064 1238 2153 1292 ille

583 1330 761 1375 autem
796 1324 1118 1390 persuadere
1156 1335 1353 1395 potest,
1382 1328 1476 1397 qui
1519 1331 1852 1399 argumentis
1885 1331 2057 1386 utitur
2085 1332 2152 1389 ad

581 1413 1003 1471 commovendos
1030 1425 1083 1470 et
1110 1416 1381 1474 sedandos
1410 1418 1637 1475 allectus
1671 1423 1905 1478 maxime
1936 1429 2163 1480 accom—'

583 1502 837 1559 tuodalis.

649 1592 915 1649 Caeterum
956 1598 1129 1667 stylus
1156 1596 1276 1667 ejus
1309 1606 1427 1653 erat
1455 1599 1656 1670 gravis,
1685 1600 1886 1666 clarus,
1924 1602 2149 1669 nitidus,

577 1684 850 1752 concisus,
886 1686 1167 1743 inutilibus
1208 1689 1370 1745 rebus
1415 1691 1637 1746 minime
1676 1692 1899 1748 omnino
1926 1693 2151 1748 intrica~

2263 521 2282 557 «
2331 504 2510 561 desint
2561 504 2794 575 lepores.
2841 501 2960 558 Non
3010 518 3136 558 vera
3182 507 3396 573 promit,
3424 512 3476 559 et
3524 506 3573 560 in
3598 511 3749 578 primis

2262 614 2282 648 ι
2332 594 2581 666 Epistolas
2627 595 2695 650 ad
2747 594 3002 651 Hebraeos
3044 592 3272 649 Paulum
3315 611 3416 650 non
3458 612 3566 653 esse
3604 612 3750 657 aucto-

2262 707 2282 741 «
2329 689 2746 760 rem.i...Apud
2772 688 3020 744 eumdem
3058 696 3331 743 auctorem
3362 687 3632 764 (Photium)
3654 695 3751 752 alibi

2261 780 2536 854 Hippolyti
2583 781 2957 838 commentarii
3001 781 3282 850 cujusdam
3329 781 3383 835 in
3434 781 3672 839 Danielem
3709 790 3754 846 ﬁt

2256 872 2512 927 mentio:
2560 889 2580 923 «
2612 870 2840 927 Etiamsi
2888 885 2997 924 non
3051 871 3303 941 explicet,
3351 871 3517 941 inquit
3555 872 3753 942 Photius,

2259 964 2443 1019 «illum
2473 963 2790 1034 prephctam
2818 962 2883 1017 ad
2909 962 3166 1027 litteram,
3199 962 3372 1032 ipsum
3403 971 3565 1019 tamen
3590 969 3754 1024 nullum

2260 1055 2534 1111 «omittere
2560 1069 2800 1119 sensum,
2840 1055 3146 1125 priscorum
3196 1070 3347 1109 more
3374 1070 3457 1111 res
3499 1059 3754 1130 explicare,

2259 1161 2396 1201 «non
2421 1162 2548 1201 vero
2580 1147 2654 1201 ita
2684 1156 2956 1211 accurate,
2986 1156 3046 1202 ut
3074 1147 3271 1203 exinde
3304 1152 3696 1220 suntexpositaz;
3717 1165 3758 1210 at

2260 1253 2396 1292 tnon
2424 1238 2542 1293 ideo
2555 1241 2800 1294 censoria
2815 1238 3040 1311 dignum
3065 1255 3188 1295 esse
3214 1240 3439 1309 virgula,
3457 1242 3573 1311 quia
3589 1259 3757 1313 aequum

2259 1346 2395 1384 tnon
2424 1340 2506 1386 est
2551 1331 2621 1385 ab
2667 1332 2753 1394 iis,
2781 1331 2876 1401 qui
2920 1332 3165 1387 scientiae
3212 1330 3552 1388 fundamenta
3573 1334 3757 1405 jaciunt,

2260 1421 2503 1490 «exigere
2556 1431 2618 1477 ut
2647 1422 2782 1476 nihil
2821 1422 3111 1478 omittant:
3146 1433 3335 1478 contra
3379 1440 3501 1480 vero
3528 1442 3614 1482 eos
3641 1428 3761 1486 laude

2258 1512 2481 1581 «dignos
2501 1528 2646 1578 esse,
2677 1513 2822 1584 quod
2853 1515 3013 1584 primi
3048 1530 3141 1569 res
3171 1517 3492 1586 aperuerint,
3519 1528 3567 1574 et
3588 1519 3760 1578 invene-

2265 1604 2459 1658 «rint.»
2514 1604 2782 1659 Cancrum
2838 1620 3051 1661 errasse
3114 1604 3461 1679 Hippolytum
3514 1625 3622 1665 cum
3669 1614 3759 1670 linis

2253 1687 2442 1748 mundi
2473 1702 2686 1763 tempus
2723 1695 2948 1751 delinire
2970 1697 3167 1764 voluit,
3200 1708 3254 1753 et
3282 1700 3583 1757 Antichristi
3608 1703 3759 1759 adven-

579 1786 687 1845 tus,
724 1788 887 1849 atque
937 1796 1214 1836 sacrarum
1267 1782 1670 1853 Scripturarum
1721 1785 2150 1855 interpretationi
2183 1781 2223 1835 B
2253 1793 2367 1840 tum
2399 1802 2561 1857 quem
2591 1786 2750 1844 Jcsus
2775 1788 2945 1843 voluit
2966 1791 3249 1845 occultum
3271 1790 3557 1862 discipulis,
3582 1795 3758 1851 velcum

578 1872 813 1925 maxime
842 1886 1167 1943 congruens.
1201 1872 1305 1928 Sed
1339 1875 1549 1945 lepores
1582 1891 1646 1932 ac
1674 1885 2014 1932 venustatem
2047 1877 2151 1933 ele-

575 1961 772 2029 gantiae
795 1962 986 2016 Atticm
1015 1979 1121 2017 non
1152 1965 1330 2020 habet.
1357 1964 1576 2037 Regulae
1601 1982 1819 2038 quoque
1847 1968 1914 2023 ad
1947 1984 2149 2024 sermo.

576 2053 663 2107 nis
690 2052 1010 2123 elegantiam
1045 2055 1410 2112 conducentes
1436 2057 1707 2113 interdum
1754 2059 1823 2115 ab
1868 2075 1934 2116 eo
1967 2062 2147 2133 negle-

574 2151 673 2196 cta:
699 2141 937 2197 fuerunt.
970 2143 1096 2200 Haec
1137 2145 1204 2201 de
1241 2147 1442 2215 indole,
1475 2149 1713 2221 ingenio,
1741 2151 2045 2208 eruditione
2081 2168 2146 2210 ac

574 2233 715 2303 ston
739 2234 911 2289 sancti
941 2233 1211 2307 Hippolyti
1234 2237 1522 2294 clarissimi
1547 2240 1649 2295 viri
1671 2257 1702 2296 e
1728 2243 2145 2314 congregatione

575 2318 762 2376 Sancti
795 2320 966 2376 Mauri
996 2326 1440 2392 pronuntiarunt.

645 2410 811 2468 Crisis
844 2414 1100 2469 Ceillierii
1125 2417 1189 2471 de
1211 2417 1440 2488 ingenio,
1462 2420 1754 2476 eruditione
1778 2439 1841 2477 ac
1860 2423 1997 2493 ston
2020 2440 2144 2478 san-

570 2504 642 2558 cti
680 2503 974 2576 Hippolyti.
1004 2538 1075 2548 —
1117 2506 1198 2563 Ab
1247 2511 1440 2564 horum
1488 2511 1729 2567 virorum
1770 2513 1976 2584 judicio
2031 2531 2141 2571 non

568 2595 773 2651 abludit
801 2597 960 2653 crisis
992 2598 1290 2655 doctissimi
1322 2600 1596 2670 Ceillierii,
1630 2619 1740 2674 quo
1782 2605 1968 2676 judice
2010 2622 2139 2663 san-

569 2696 690 2743 ctus
717 2698 901 2743 noster
928 2687 1251 2763 Hippolytus
1276 2693 1465 2749 habuit
1488 2695 1765 2765 ingenium
1797 2698 2136 2767 praeclarum,

567 2779 697 2834 mite
726 2788 889 2850 atque
918 2796 950 2836 a
980 2790 1161 2854 satyra
1190 2784 1415 2840 omnino
1445 2786 1765 2843 abhorrens.
1794 2787 2140 2845 Cohaerenter

567 2870 789 2939 cogitat,
828 2871 1011 2928 nativo
1042 2874 1255 2929 dicendi
1293 2892 1488 2947 genere
1529 2879 1718 2946 utitur,
1761 2880 1935 2937 solide
1969 2882 2138 2938 ratio-

569 2963 806 3018 cinatur.
850 2962 975 3021 Suis
1009 2965 1063 3021 in
1094 2983 1305 3024 sacram
1337 2969 1675 3041 Scripturam
1708 2975 2136 3045 expositionibus

565 3055 688 3124 plus
714 3056 942 3113 inhaeret
962 3059 1176 3128 spiritui
1208 3076 1370 3130 quam
1396 3063 1607 3120 litterae.
1645 3064 1840 3121 Verum
1870 3069 2135 3140 allegoria:

565 3147 711 3202 illius
740 3158 867 3204 sunt
895 3160 1156 3218 venustae,
1182 3161 1236 3207 et
1262 3154 1581 3225 plerumque
1608 3157 1740 3212 satis
1769 3161 2045 3229 appositae.
2065 3161 2134 3218 At

567 3252 693 3294 vero
719 3240 984 3309 expositio
1033 3258 1227 3299 sensus
1274 3244 1521 3302 litteralis
1569 3263 1676 3303 non
1728 3254 1864 3305 adeo
1906 3252 2135 3309 feliciter

563 3331 740 3386 eidem
790 3332 1059 3389 interdum
1105 3338 1387 3394 successit.
1424 3338 1607 3396 Genus
1640 3341 1758 3411 ejus
1783 3343 1997 3400 dicendi
2024 3347 2134 3403 cla-

563 3437 708 3487 rum,
754 3438 917 3493 grave
962 3439 1027 3479 ac
1075 3426 1446 3494 succinctum;
1499 3431 1972 3513 quamvis.autem
2014 3437 2132 3507 ejus

564 3513 797 3568 orationi
824 3529 931 3570 non
964 3515 1133 3571 insint
1153 3532 1343 3573 omnes
1367 3520 1489 3592 styli
1512 3520 1859 3581 Atheniensis
1882 3537 2134 3583 venusta-

563 3611 643 3659 tes
663 3647 677 3670 ,
708 3614 934 3662 ornatus
975 3615 1178 3677 tamen,
1205 3610 1427 3678 nobilis,
1462 3611 1663 3671 ﬂuidus
1688 3624 1741 3670 et
1770 3631 2020 3675 amamus
2048 3628 2132 3677 est

562 3696 707 3752 illius
736 3698 907 3769 stylus
939 3699 1075 3769 (5|).

632 3788 897 3843 Craterum
942 3798 997 3844 et
1033 3789 1264 3847 Maurini
1297 3795 1489 3862 nostri,
1522 3803 1577 3851 et
1609 3796 1887 3869 Remigius
1912 3801 2128 3859 Ceillie-

559 3876 675 3933 rius
706 3878 760 3933 in
786 3880 1134 3950 dijudicando
1160 3883 1398 3954 ingenio,
1430 3888 1569 3958 stylo
1601 3898 1654 3943 et
1683 3891 1985 3946 eruditione
2005 3907 2131 3947 sau-

558 3970 630 4024 Cti
662 3969 933 4044 Hippolyti
982 3974 1155 4030 secuti
1198 3976 1541 4044 potissimum
1577 3994 1704 4035 sunt
1729 3982 1903 4037 virum
1947 3982 2128 4039 erudi-

557 4058 828 4114 tissimum
857 4060 1130 4128 Photium,
1162 4067 1320 4135 cujus
1349 4081 1638 4123 censuram
1673 4070 1936 4143 integram
1964 4072 2128 4131 refert

559 4149 823 4219 Dupinius
848 4168 946 4208 sua
979 4155 1032 4208 in
1060 4155 1386 4210 Bibliotheca
1405 4157 1538 4229 (52),
1557 4160 1629 4215 ita
1661 4161 1926 4232 loquens:
1956 4182 1975 4215 «
1997 4163 2127 4236 Hip-

556 4241 724 4314 polyti
766 4254 953 4299 contra
1005 4247 1288 4303 hzereticos
1330 4248 1526 4304 librum
1561 4251 1763 4323 legerat
1797 4253 2043 4323 Pbotius,
2072 4266 2127 4313 et

556 4350 621 4387 en
654 4335 782 4404 quid
822 4336 888 4391 de
918 4352 984 4392 eo
1019 4339 1253 4393 sentiat:
1302 4358 1320 4391 «
1355 4338 1663 4414 Hippolyti,
1698 4343 1886 4401 Irenaai
1918 4348 2125 4405 audito-

560 4442 581 4476 «
628 4426 721 4527 ris,
751 4435 936 4534 contra
976 4428 1047 4483 32
1088 4430 1308 4534 hereses
1341 4432 1443 4503 legi
1472 4433 1747 4502 libellum;
1781 4454 1812 4492 a
1839 4436 2119 4495 Dosithea-
2158 4477 2199 4531 Β

557 4530 578 4564 t
624 4514 708 4568 nis
745 4517 975 4582 orditur,
1016 4527 1069 4573 et
1120 4521 1187 4575 ad
1224 4520 1455 4578 Noetum
1499 4540 1673 4595 usque
1718 4535 1772 4582 et
1822 4527 2118 4587 Noetiauos

557 4622 579 4656 ι
625 4605 816 4675 pergit.
852 4606 960 4690 Eas
1014 4625 1206 4668 omnes
1245 4615 1411 4670 tradit
1461 4617 1528 4671 ab
1562 4617 1761 4674 lrenteo
1810 4622 2116 4681 conlutatas

559 4715 577 4748 ι
625 4696 793 4755 fuisse
837 4701 1088 4767 haereses,
1120 4715 1174 4760 et
1227 4723 1286 4762 se
1335 4709 1388 4762 in
1437 4725 1503 4764 eo
1539 4711 1718 4766 libello
1766 4715 1899 4769 nihil
1943 4718 2112 4784 aliud,

557 4807 577 4840 «
624 4804 784 4859 quam
821 4791 966 4847 illius
993 4793 1170 4851 Patris
1212 4799 1494 4855 ratiocinia
1526 4811 1579 4857 et
1608 4816 1925 4874 argumenta
1950 4810 2115 4865 colle-

554 4898 574 4931 ι
621 4881 783 4952 gisse.
814 4882 1104 4955 Perspicua
1133 4896 1237 4956 est,
1285 4899 1336 4946 et
1369 4894 1547 4963 gravis
1574 4895 1692 4965 ejus
1716 4899 1910 4965 oratio,
1943 4908 1997 4956 et
2028 4902 2113 4956 ni-

618 4973 665 5005 ⁸⁵
694 4972 832 5030 Gen.
859 4991 944 5041 tu,
974 4977 1027 5033 1.

618 5065 811 5151 (50):“
839 5066 1158 5151 Hippolytus
1209 5072 1293 5127 vir
1341 5074 1759 5151 disertissimus.
1787 5102 1809 5136 ι
1849 5084 2111 5151 lllieron.,

853 5130 925 5193 ad
944 5130 1277 5223 licinium.
1320 5162 1357 5223 εἱ

545 5206 855 5296 ειτιὶίξξὶιρί.
870 5228 922 5296 γ».
944 5209 1294 5296 Hartyrolog.
1320 5206 1574 5296 Romam,
1590 5206 1949 5296 '221Augusli.

618 5276 730 5348 (5i)
771 5276 925 5333 Remi
958 5276 1191 5349 Ceillier,
1222 5276 1364 5339 IIist.
1415 5290 1531 5357 gen.
1562 5276 1669 5346 'des
1698 5276 1949 5361 auditi,
1974 5305 2015 5350 t.
2046 5295 2108 5363 ll,

544 5360 602 5417 p.
629 5347 735 5417 _37l
769 5357 824 5404 et
847 5349 972 5405 572.

617 5415 990 5500 (summa...
1017 5422 1302 5500 ῥίψαιμι,
1340 5434 1381 5480 ι.
1417 5429 1458 5493 ι,
1511 5445 1565 5500 p.
1604 5432 1705 5490 ns
1749 5443 1803 5490 et
1848 5436 1951 5493 179
1979 5437 2108 5494 edit.

545 5482 720 5542 Latin.
745 5482 1165 5556 ColdniaéJiOS.

582 5557 726 5637 .(53)
768 5556 901 5640 Vide
930 5562 1093 5633 hujus
1122 5574 1253 5620 sect.
1286 5582 1404 5638 cap.
1437 5569 1489 5634 -Ι,
1518 5584 1620 5627 art.
1655 5573 1742 5636 10.
1777 5576 1868 5631 ubi
1906 5579 1972 5635 de
2002 5581 2112 5634 ori-

546 5642 689 5751 ῗμηθν
722 5643 941 5685 nomine
989 5648 1054 5688 ac
1094 5644 1332 5706 tempore
1359 5640 1676 5698 Antichristi
1707 5647 2106 5718 disseruimus;

566 5710 634 5751 HC
680 5696 943 5751 duntaxat
994 5702 1172 5751 adhuc
1218 5708 1696 5751 mtirnmlvprtimnc
1765 5721 1907 5751 ηηηιι
1962 5723 2106 5751 ,νη-ιι,-

566 5696 634 5751 uc
680 5696 943 5755 duntaxat
994 5702 1172 5761 adhuc
1202 5696 2109 5789 animadvertimus;quod-"nullo

2251 1875 2522 1931 instanter
2574 1876 2643 1931 ab
2691 1891 2760 1932 eo
2796 1887 3059 1947 peterent.
3098 1897 3118 1931 ι
3151 1878 3229 1948 ld,
3273 1881 3461 1952 inquit,
3507 1884 3600 1939 500
3637 1888 3757 1944 annis

2253 1966 2714 2036 «postCltristum,
2738 1970 2903 2024 lixum
2922 1970 3117 2037 voluit,
3141 1973 3300 2042 quasi
3315 1975 3540 2030 mundus
3554 1991 3634 2030 sex
3650 1979 3757 2034 mille

2254 2058 2441 2114 «annis
2465 2073 2571 2114 non
2595 2059 2828 2129 amplius
2856 2060 3157 2118 duraturus
3187 2072 3331 2119 esset
3362 2082 3376 2118 :
3408 2065 3459 2119 id
3483 2067 3628 2123 nimis
3660 2070 3756 2125 sub-

2251 2151 2400 2207 «tie.
2429 2151 2563 2222 Ejus
2595 2153 2866 2208 scribendi
2892 2154 3032 2211 ratio
3068 2157 3359 2227 perspicua
3402 2168 3500 2227 est,
3532 2169 3581 2215 et
3607 2162 3755 2231 nitida,

2250 2252 2335 2297 «et
2355 2243 2421 2298 ad
2445 2245 2895 2299 commentarium
2933 2255 3079 2317 apta,
3106 2248 3239 2304 licet
3270 2263 3300 2304 a
3325 2251 3444 2321 styli
3468 2250 3754 2308 Atheniensis

2249 2335 2490 2405 olegibus
2511 2347 2565 2390 et
2589 2337 2822 2407 puritate
2856 2340 3092 2394 recedat.
3129 2339 3322 2396 Exstat
3344 2343 3500 2397 etiam
3533 2344 3678 2416 ipsius
3700 2345 3753 2399 De

2247 2424 2494 2481 «Christo
2519 2428 2906 2484 etAnticItristo
2936 2430 3260 2498 ltomilia,in
3286 2450 3414 2504 qua,
3439 2436 3533 2491 etsi
3556 2438 3752 2493 eumdem

2245 2517 2549 2572 «scribendi
2576 2519 2798 2574 modum
2827 2523 3148 2589 servaverit,
3181 2525 3475 2595 simplicior
3491 2536 3645 2583 tamen
3673 2539 3750 2595 est,

2245 2614 2327 2661 ret
2353 2609 2526 2678 magis
2553 2611 2756 2667 redolet
2784 2612 3224 2683 antiquitatem»
3257 2614 3353 2671 His
3380 2616 3543 2673 Photii
3560 2620 3670 2675 locis
3692 2620 3752 2673 in-

2238 2702 2475 2754 notescit
2502 2715 2610 2755 non
2654 2702 2833 2758 solum
2870 2702 3149 2778 Hippolyti
3181 2722 3423 2778 operum,
3444 2726 3555 2781 quae
3577 2710 3748 2781 legerat.

2237 2799 2635 2860 argumentum,
2680 2795 2771 2850 sed
2809 2807 2863 2851 et
2896 2797 3043 2853 illius
3071 2800 3317 2855 auctoris
3342 2807 3451 2856 tum
3479 2802 3645 2873 stylus,
3668 2811 3751 2856 tum

2235 2885 2534 2942 character.
2567 2907 2586 2940 ι
2622 2885 2894 2945 Hactenus
2925 2892 3220 2961 perdoctus
3246 2893 3406 2951 Ellies
3430 2895 3680 2966 Dupinius.

2777 3002 3182 3072 ARTICULUS
3222 3006 3288 3063 ll.

2319 3108 2642 3152 WCULIARES
2676 3110 2949 3152 OPINIONES
2977 3113 3040 3153 AC
3067 3115 3314 3158 ERRORES
3347 3118 3391 3157 S.
3426 3115 3686 3156 HlPPOLYTl.

2306 3181 2449 3237 Num
2481 3182 2538 3238 S.
2577 3184 2894 3255 Hippolytus
2923 3188 3016 3241 sub
3034 3188 3371 3245 Antichristo
3399 3191 3641 3244 diabolum
3667 3205 3754 3258 per-

2230 3284 2493 3340 sonatum,
2525 3286 2573 3330 et
2617 3287 2902 3346 serpentem
2933 3278 3307 3335 intellexerit?
3330 3313 3398 3322 —
3427 3279 3568 3348 Quod
3595 3289 3754 3350 spectat

2231 3365 2298 3421 ad
2324 3366 2604 3436 Opiniones
2627 3370 2927 3438 peculiares
2957 3386 3294 3443 erroresque
3318 3373 3483 3429 sancti
3511 3373 3650 3442 hujus
3669 3372 3751 3439 epi-

2231 3457 2401 3527 scopi,
2460 3467 2656 3528 praeter
2700 3461 2815 3532 jam
2855 3462 2998 3516 dicta
3047 3462 3310 3532 'superius
3356 3465 3492 3520 circa
3532 3462 3752 3517 Antichri-

2231 3557 2372 3603 stum
2403 3548 2539 3620 (55),
2568 3551 2971 3609 observandum
2993 3556 3195 3625 pariter
3234 3558 3323 3614 hic
3351 3559 3506 3623 venit,
3529 3557 3652 3627 quod
3682 3570 3749 3609 ve-

2228 3646 2408 3695 tustus
2446 3640 2535 3696 hic
2568 3640 2725 3698 Pater
2763 3644 2815 3698 in
2859 3645 2995 3700 libro
3024 3646 3097 3701 De
3130 3647 3349 3704 Christo
3380 3661 3426 3705 et
3455 3648 3743 3709 Antichristo,

2229 3746 2283 3786 ιι.
2317 3731 2402 3799 ll,
2433 3743 2805 3792 commentans
2834 3736 2887 3791 in
2920 3737 3052 3793 illud
3090 3738 3294 3797 Genes.
3324 3756 3465 3808 thx,
3492 3741 3587 3795 l7:
3650 3737 3745 3790 Fiat

2226 3820 2347 3875 Dan
2414 3838 2648 3892 serpens,
2685 3825 2865 3879 sedens
2920 3827 2975 3881 in
3031 3837 3197 3897 terra,
3235 3833 3468 3886 mordens
3489 3830 3742 3884 calcatum

2226 3915 2382 3984 equi;
2437 3930 2534 3985 per
2596 3915 3073 3989 interrogationem
3134 3924 3401 3979 scribat:
3482 3923 3744 3989 «Quisnam

2226 4004 2389 4074 igitur
2418 4021 2659 4076 serpens,
2694 4009 2800 4063 nisi
2827 4011 3219 4079 Antichristus,
3267 4015 3512 4071 seductor
3552 4014 3646 4077 ille,
3673 4009 3746 4081 qui

2228 4096 2406 4152 dictus
2454 4097 2507 4151 in
2560 4097 2756 4155 Genesi
2773 4098 2819 4131 “
2847 4112 2950 4169 est,
2978 4104 3072 4172 qui
3110 4106 3327 4162 seduxit
3356 4107 3534 4173 Evam,
3566 4116 3611 4161 et
3634 4104 3744 4157 Ada-

2225 4202 2371 4241 mum
2405 4189 2770 4259 supplantavit
2801 4192 2948 4266 (54)?
2968 4214 2987 4247 ι
3019 4193 3076 4250 Si
3104 4212 3231 4251 eum
3263 4200 3435 4269 ipsqu
3469 4204 3741 4268 serpentem.

2224 4282 2316 4351 qui
2345 4282 2549 4352 primos
2574 4292 2824 4352 parentes
2845 4287 3059 4342 seduxit
3078 4297 3133 4343 et
3162 4291 3520 4361 supplantavit
3543 4289 3591 4341 in
3619 4299 3743 4356 para-

2224 4373 2364 4440 diso,
2397 4375 2525 4429 velit
2557 4375 2876 4449 Hippolytus
2898 4394 3019 4435 esse
3048 4380 3464 4447 Antichristum,
3496 4390 3543 4435 et
3568 4380 3617 4433 in
3646 4391 3742 4446 per-

2713 4467 2807 4536 qui
2855 4467 2945 4523 illa
2991 4470 3170 4539 specie
3218 4473 3466 4542 apparuit
3488 4479 3537 4526 et
3567 4470 3741 4523 locutus

2216 4562 2318 4618 est,
2348 4554 2463 4624 ipse
2513 4565 2661 4611 tanta
2700 4556 2812 4623 illa,
2855 4574 2976 4626 qua:
3026 4559 3092 4615 de
3135 4560 3467 4618 Autichristo
3513 4560 3738 4619 feruntur,

2216 4646 2287 4699 sit
2335 4655 2679 4715 Operaturus,
2707 4650 2802 4719 qui
2853 4666 2979 4706 vere
3018 4652 3135 4722 ipse
3187 4654 3453 4718 diabolus,
3486 4660 3589 4716 aut,
3609 4654 3739 4720 prout

2216 4734 2531 4808 Hippolytus
2549 4750 2724 4806 vocat,
2742 4742 2940 4797 diaboli
2965 4743 3108 4800 lilius
3142 4745 3234 4812 sit,
3262 4762 3368 4801 non
3396 4746 3561 4801 solum
3588 4741 3737 4795 imita—

2215 4828 2379 4895 tione,
2413 4829 2507 4884 sed
2541 4831 2702 4886 etiam
2731 4843 2961 4901 natura;
2992 4851 3134 4891 unus
3167 4839 3374 4893 scilicet
3408 4837 3524 4907 quis
3552 4833 3736 4902 nequis-

2216 4918 2476 4973 simorum
2509 4919 2948 4991 daemonum,etsi
2967 4925 3227 4997 nonlorte
3248 4927 3336 4983 ille
3360 4927 3587 4982 omnium
3608 4921 3735 4994 prin-

2216 5095 2379 5184 modo
2418 5099 2716 5184 audiendus
2750 5104 3070 5184 sitsanctus
3110 5106 3462 5184 HipptﬂytusL
3478 5106 3563 5184 qui
3586 5117 3728 5184 .com:

2216 5168 2545 5245 plementum
2565 5177 2935 5245 -septuaginta
2986 5168 3379 5234 hebdomadu'm
3429 5168 3641 5231 Da'ttielis
3671 5171 3725 5225 ad

2213 5239 2505 5315 secundum
2556 5239 2757 5298 Christi
2790 5239 3110 5315 adwntum,
3162 5261 3216 5304 et
3266 5250 3330 5303 ad
3376 5247 3725 5301 Antichristum

2213 5307 2409 5385 trahit;
2464 5325 2587 5365 cum
2640 5316 2829 5385 reliqui
2872 5307 3124 5373 Ecclesia:
3172 5319 3354 5374 Patres
3383 5334 3445 5373 ac
3472 5317 3727 5385 Scriptura:

2213 5377 2773 5460 interpretes__meliu_§
2816 5386 2884 5441 ad
2932 5387 3134 5444 Christi
3189 5391 3420 5460 primum
3471 5377 3724 5460 adventum

2213 5457 2454 5530 ἓρθοιίινθ
2477 5452 2677 5530 velint,
2696 5455 2921 5530 ejusque
2947 5461 3138 5514 mortis
3169 5452 3485 5530 pmrtamiet
3505 5455 3727 5530 Hieroso-

2211 5517 2477 5602 lymorum
2506 5517 2795 5602 excidium,
2819 5517 3185 5602 Romanorum
3206 5531 3349 5602 duce
3369 5526 3488 5602 Tito
3510 5520 3733 5602 3‘1"?“d0

2210 5596 2402 5665 exusto
2434 5594 2652 5661 templo,
2680 5595 2759 5649 sic
2788 5598 3005 5652 victima
3039 5601 3272 5656 cessavit
3301 5606 3365 5652 et
3392 5594 3580 5665 libatio,
3600 5594 3732 5650 deso-

2210 5657 2331 5730 lato
2359 5660 2478 5715 loco
2507 5657 2615 5730 quo
2640 5657 2815 5720 solum
2842 5666 3017 5723 facere
3043 5669 3254 5727 licebat.

2280 5729 2394 5802 (54)
2437 5730 2807 5808 S..Hippolyt.,
2843 5737 2915 5792 De
2938 5737 3202 5811 Antichr.,
3237 5759 3291 5798 ιι.
3336 5737 3418 5795 Η.
