3802 6198
113 316 191 371 3,35
979 300 1068 358 DE
1112 297 1270 354 \‘lTA
1302 297 1390 352 ET
1436 293 1746 351 SCRIPTlS
1776 292 1832 347 S.
1875 288 2260 346 HlPPOLYTl.

3131 289 3238 346 383

110 449 226 503 ceps,
245 440 287 485 et
315 428 408 480 κατ’
429 423 609 494 ἐξοχὴν
649 419 896 476 diabolus
922 437 936 474 :
963 419 1098 473 nihil
1137 415 1561 474 ecclesiasticum
1592 418 1638 477 Δ
1668 425 1812 503 nam,
1845 418 1903 464 ut
1927 410 2139 480 egregie
2172 405 2454 503 subjungit
2485 405 2846 503 eruditusille
2873 405 3116 503 criticus,
3141 411 3232 477 qui

109 537 191 590 est,
221 524 289 578 sed
313 533 497 590 prorsus
529 516 818 570 abhorrens
848 528 877 567 a
909 512 1032 575 ﬁde,
1070 512 1184 566 sive
1230 510 1562 580 intelligatur

110 617 201 672 fore
217 609 466 667 Antichristi
493 608 686 665 anima.
724 605 838 658 sive
863 604 997 658 alias
1033 603 1109 656 illi
1140 617 1391 672 persona.
1434 600 1566 653 Ani-

109 725 196 763 mos
211 704 430 758 hominum
452 699 590 752 aliud
615 713 783 767 genus
814 695 1102 764 spirituum
1136 693 1382 765 agnoscit
1405 693 1558 760 tides,

102 815 128 853 ε
162 792 428 855 substantiis,
457 805 587 859 quas
638 787 777 842 Deus
821 795 972 842 extra
1015 801 1243 855 corpora
1287 784 1559 850 condidit;

101 905 169 945 nec
189 900 305 942 sacra
327 883 553 936 doctrina
580 881 830 944 admittit,
850 888 1002 934 extra
1027 877 1239 933 divinas
1263 876 1556 943 Personas,

95 995 261 1051 quarum
287 977 355 1030 vis
382 975 600 1037 intinita,
634 988 794 1043 posse
826 987 990 1026 unum
1023 971 1174 1026 alteri
1203 986 1234 1025 a
1265 986 1321 1026 se
1347 971 1562 1025 diverso

96 1084 302 1142 personam
346 1082 473 1127 esse,
523 1081 615 1120 seu
675 1065 746 1119 illi
808 1064 1144 1134 hypostatice
1193 1062 1354 1116 uniri.
1403 1061 1558 1128 Quod

94 1181 180 1218 vero
215 1160 536 1215 Antichristns
579 1160 652 1213 ita
701 1159 960 1213 daemonis
1008 1157 1200 1227 spiritu
1243 1155 1471 1221 aflletnr,
1501 1164 1562 1212 ut

91 1259 169 1310 suis
200 1254 416 1307 omnibus
443 1253 590 1305 illum
637 1251 857 1314 referat,
887 1260 941 1306 et
966 1252 1120 1321 quasi
1155 1253 1292 1306 alter
1323 1251 1412 1306 ille
1442 1266 1558 1305 ser-

93 1363 180 1412 pt'ns
201 1345 418 1411 antiquus
460 1342 724 1407 videatur,
755 1342 869 1410 ipse
917 1342 1169 1396 seductor
1216 1341 1385 1408 orbis,
1415 1341 1559 1395 velut

93 1439 152 1490 ille
170 1436 243 1488 fuit
268 1435 539 1502 primorum
577 1441 878 1502 parentum,
911 1449 941 1486 a
981 1433 1133 1486 Pauli
1161 1431 1337 1486 verbis
1366 1447 1560 1487 sensua

88 1545 155 1597 quc
178 1542 256 1580 non
283 1524 469 1578 abludit
505 1541 519 1577 :
547 1533 802 1592 recteque
829 1524 998 1579 sensit
1029 1522 1368 1593 Hippolytus,
1409 1522 1453 1578 si
1484 1523 1554 1576 ita

85 1619 214 1676 voluit,
236 1617 319 1670 etsi
349 1615 646 1684 simplicius
677 1615 887 1670 loeutus
921 1624 1003 1669 est
1036 1633 1048 1669 :
1084 1631 1183 1668 nec
1217 1613 1556 1683 itnprobabili

84 1709 330 1776 conjectura.
362 1707 624 1775 setpentis
679 1707 757 1760 sic
799 1705 1104 1760 insidiantis
1150 1714 1276 1776 typo
1305 1705 1556 1774 designa-

84 1811 157 1853 tum
182 1817 203 1853 ι
225 1797 394 1853 Iacobo
434 1798 828 1853 Antichristum
862 1799 1116 1854 ostendit.
1160 1797 1328 1852 Verba
1356 1797 1558 1854 Graecis

81 1901 179 1950 sunt,
215 1891 313 1958 ὄφις
353 1890 432 1958 ἐφ’
461 1890 608 1952 ὀδοῦ,
641 1890 1005 1960 ἐγκαθήμενος
1053 1890 1144 1943 ἐπὶ
1194 1891 1398 1960 τρίϐου.
1449 1888 1558 1944 Nec

81 1983 171 2036 forte
202 1983 326 2035 aliter
361 1983 642 2050 scripserit
689 1981 1026 2052 Hippolytus.
1057 1981 1259 2034 Auctor
1290 1981 1555 2036 subtlititii

78 2072 197 2139 operis
219 2071 280 2124 De
307 2073 626 2126 Antichristo
663 2083 712 2126 et
761 2073 940 2125 mundi
979 2075 1426 2127 consummatione
1458 2090 1552 2128 ex-

80 2164 159 2230 poni
181 2180 261 2216 non
292 2174 471 2232 potest.
505 2166 642 2234 quin
681 2180 865 2219 verum
893 2173 1085 2218 natura
1113 2165 1410 2220 dzemonem
1442 2165 1555 2220 An-

79 2254 295 2308 tichristutn
328 2258 614 2321 putaverit,
644 2258 736 2327 qui
767 2257 873 2311 sibi
906 2274 1088 2312 verum
1119 2257 1464 2330 Hippolytum
1500 2260 1552 2313 in

78 2359 155 2396 mn
177 2360 354 2399 sensum
383 2347 611 2400 traxerit
645 2369 655 2402 :
687 2349 826 2416 quod
857 2364 984 2403 vero
1019 2348 1302 2419 Hippolyto
1338 2367 1445 2404 non
1471 2349 1554 2405 of-

80 2433 187 2496 ficiat,
210 2435 314 2503 quin
351 2436 642 2504 posteriori
672 2452 799 2491 vero
832 2453 991 2493 sensu
1019 2439 1212 2507 exponi
1243 2450 1422 2508 queat.

120 2522 169 2575 De
189 2537 304 2577 statu
327 2528 627 2580 animarum
653 2537 768 2596 post
792 2537 1098 2596 praesentem
1132 2529 1312 2583 vitam.
1339 2560 1410 2569 —
1438 2529 1550 2586 Ob-

78 2617 308 2669 semndum
331 2619 592 2682 secundo,
614 2621 768 2688 juxta
798 2628 1042 2675 sanctum
1075 2620 1548 2694 llippolytutn(55)

76 2707 384 2762 subterraneum
414 2711 711 2779 quemdam
745 2711 922 2766 locum
953 2711 1159 2777 haberi,
1191 2712 1241 2766 in
1267 2730 1426 2784 quem
1461 2731 1549 2770 se-

74 2799 204 2852 cedunt
224 2815 390 2856 omnes
419 2803 678 2858 homines
701 2813 823 2873 post
847 2815 1163 2875 praesentem
1196 2807 1335 2864 hanc
1359 2809 1545 2877 vitam;

72 2887 166 2944 hunc
189 2891 331 2947 locutu
372 2909 620 2951 cetevum
651 2911 771 2951 esse
813 2897 1036 2962 mundo,
1068 2907 1284 2969 tresque
1307 2901 1548 2958 diversas

71 2982 170 3036 sales
189 2987 638 3055 comprehendere.
670 2986 872 3054 Prima,
900 3005 1062 3059 quam
1086 2990 1175 3044 ille
1198 3003 1353 3047 vocat
1374 2993 1548 3048 Abra-

71 3073 121 3128 hz
143 3077 297 3144 sinum,
319 3081 477 3149 justis
502 3090 596 3136 est
625 3083 896 3152 assignata
920 3101 934 3150 ;
969 3085 1202 3140 secunda
1232 3097 1542 3154 peccatores
1572 3102 1613 3160 ο

72 3168 302 3239 retinet,qtri
329 3171 524 3226 ibidem
554 3173 836 3242 patiuntur
865 3176 1184 3244 temporales
1210 3192 1399 3247 ptenas
1427 3197 1546 3235 ma-

73 3253 112 3310 lis
140 3272 279 3312 eorum
323 3261 579 3330 operibus
611 3263 854 3329 debitas;
887 3267 1099 3320 tertiam
1144 3267 1394 3324 etl‘ormat
1417 3272 1544 3340 qui-

71 3348 148 3401 dam
184 3351 295 3420 ignis
319 3355 501 3409 teterni
537 3356 710 3421 lacus,
739 3373 900 3428 quem
952 3359 1136 3415 nullus
1169 3360 1349 3417 adhuc
1390 3363 1545 3433 juxta

73 3439 434 3517 S.llippolytum,
467 3450 751 3518 ingressus
787 3461 904 3518 est;
954 3452 1056 3507 hoc
1099 3452 1297 3524 quippe
1341 3456 1548 3525 suppli-

70 3534 178 3600 dum,
203 3548 245 3592 ut
285 3541 366 3597 ille
391 3543 487 3609 ait,
517 3544 590 3598 ad
621 3545 846 3600 extremi
876 3545 1064 3613 judicii
1099 3555 1341 3616 tempora
1372 3563 1548 3602 reser-

69 3634 187 3680 vatum
212 3639 298 3684 est.
326 3632 475 3687 Tunc
515 3633 728 3702 injusti,
764 3634 938 3704 inquit
971 3635 1078 3699 ille,
1109 3645 1314 3692 atterno
1343 3638 1548 3708 suppli-

69 3716 121 3768 cio
137 3721 578 3790 adjudicabuntur;
609 3725 741 3794 justi
775 3741 902 3780 vero
934 3727 1238 3796 regnabant
1272 3729 1324 3782 in
1354 3745 1545 3799 perpe-

69 3816 187 3875 ιωιως
210 3830 340 3885 teque
367 3819 511 3873 enim
538 3819 696 3873 docet
714 3819 797 3874 hic
823 3829 1016 3873 auctor
1033 3829 1288 3874 aeternam
1315 3822 1544 3890 gloriam

67 3900 172 3964 iustis
193 3918 489 3962 reservatam
512 3925 637 3964 esse
661 3919 781 3979 post
807 3911 1163 3966 universalth
1189 3913 1546 3968 resurrectio-

69 4008 160 4060 tum,
178 4001 258 4053 etsi
301 4012 420 4072 post
466 4013 702 4058 mortem
748 4006 983 4059 maxima
1025 4005 1375 4074 perfruantur
1401 4018 1547 4063 tran-

68 4091 254 4154 quillitate
281 4098 328 4150 in
356 4099 817 4168 contemplatione
847 4100 1142 4154 visibilium
1177 4101 1467 4168 bonorum,
1493 4113 1547 4159 et

69 4178 98 4229 in
117 4196 183 4250 spe
210 4189 494 4253 perfruendi
540 4190 754 4244 tandem
785 4190 1077 4260 aliquando
1111 4192 1427 4247 coelestibus
1449 4193 1546 4249 bo-

68 4271 132 4325 nis.
157 4274 380 4344 Opinatur
422 4283 648 4351 insuper
674 4283 830 4338 divus
862 4281 1202 4352 Hippolytus,
1235 4285 1287 4338 in
1327 4286 1542 4340 subter-

69 4379 175 4420 raneo
195 4373 269 4425 illo
294 4373 406 4429 loco
429 4375 658 4444 angelos
688 4375 877 4431 adesse
899 4377 989 4446 qui
1013 4377 1236 4446 praesint
1257 4378 1542 4434 animabus

68 4453 198 4514 ibidem
222 4464 454 4533 detentis,
477 4482 717 4536 quorum
751 4468 915 4537 aliqui
942 4468 1172 4523 debeant
1193 4469 1371 4537 justos
1397 4485 1461 4525 eo
1485 4470 1539 4524 in

68 4543 144 4600 lam
164 4556 374 4610 comitari
399 4577 414 4624 ;
463 4559 559 4612 alii
592 4576 718 4614 vero
743 4560 1066 4628 promeritas
1109 4575 1298 4629 ptenas
1326 4561 1542 4630 injustis

68 4634 250 4709 inﬂigere.
277 4647 566 4718 Opiniones
588 4651 700 4704 ista:
725 4648 1046 4706 audaciores
1077 4660 1222 4718 sunt,
1249 4667 1412 4721 quam
1445 4667 1543 4723 par

69 4741 140 4794 ειη
160 4736 245 4791 imo
263 4756 439 4798 earnm
466 4745 659 4812 aliqum
677 4743 880 4799 erroris
906 4753 1087 4798 notam
1115 4758 1223 4798 non
1246 4743 1506 4814 effugiunt
1527 4767 1540 4800 :

70 4833 120 4875 ast
138 4843 448 4894 agnoscamus
487 4851 610 4889 cum
643 4835 834 4891 Photio
874 4835 986 4906 (56)
1016 4851 1228 4890 errores
1251 4836 1405 4902 istos,
1438 4837 1544 4891 sic-

70 4916 115 4965 nti
149 4929 190 4971 et.
229 4925 369 4989 alios,
405 4927 498 4995 qni
532 4928 585 4981 in
615 4927 854 4997 ejusdem
889 4927 1128 4982 auctoris
1156 4926 1412 4996 operibus
1449 4927 1543 4982 de—

70 5007 251 5066 trebendi
291 5027 533 5084 possunt,
566 5019 866 5086 primorum
921 5017 1171 5073 Ecclesiae
1220 5019 1538 5073 saeculorum

73 5093 232 5156 indolem
281 5122 493 5176 sapere;
526 5109 750 5180 ideoque
798 5126 952 5179 aequo
993 5110 1115 5178 jure
1167 5109 1269 5163 hac
1321 5125 1429 5163 una
1476 5110 1542 5164 de

73 5199 179 5244 tiusti
215 5211 450 5267 magnum
496 5201 641 5256 hunc
691 5202 868 5256 virum
905 5201 1153 5255 damnari
1184 5215 1292 5254 non
1326 5213 1486 5268 posse
1524 5217 1536 5252 :

115 5351 193 5422 (ΞΕ)
229 5355 278 5410 S.
306 5357 568 5431 llippolyt.
606 5363 659 5415 in
689 5368 916 5415 tractatu
948 5360 1065 5431 arl_v.
1103 5355 1308 5431 Grte'cos
1331 5366 1378 5410 et
1409 5356 1542 5431 Plat

75 5425 384 5499 Etttm,_apud'
408 5425 646 5494 Fabric”
681 5431 811 5499 Opp-
848 5440 975 5484 ῑοῐη·
1005 5427 1044 5491 lo
1076 5445 1127 5498 Ρ·
1154 5428 1277 5494 22ον
1313 5436 1366 5481 εί
1389 5427 1541 5499 apud

74 5483 285 5574 satisan,“
308 5499 414 5574 en
453 5483 708 5574 Βῶζῖάέῂῖ
727 5483 871 5574 ἰδῆ
901 5483 1101 5574 colum:
1120 5483 1338 5561 tsnn.
1376 5498 1430 5552 t.

225 5566 434 5644 Photius
463 5574 512 5625 in
541 5572 817 5644 Biblioth.,
853 5573 969 5626 cod.
1002 5586 1137 5644 con,
1213 5642 1221 5644 _
1267 5588 1274 5597 '

120 5634 250 5712 ἥδη]
290 5640 420 5693 Audi
442 5645 581 5710 quod
604 5643 822 5712 gravius
857 5653 908 5696 et
938 5641 1294 5710 periculosius
1318 5648 1432 5704 est;
1468 5638 1544 5692 ait

78 5703 169 5754 enim
191 5703 329 5763 Vates
374 5703 548 5780 regius
583 5703 632 5768 ς’
657 5713 826 5767 Darsa
879 5703 1057 5767 eorum
1098 5727 1298 5783 semper
1325 5703 1539 5764 incurva

1667 501 2068 571 Scripturarum
2118 499 2376 570 mysteria
2427 506 2482 552 et
2524 497 2838 554 abscondita
2873 498 3140 568 explicare
3173 513 3238 554 ac

1663 593 1909 648 evolvere
1958 591 2199 663 aggressi
2253 599 2380 644 sunt
2427 589 2671 643 omnium
2719 589 2903 658 primi,
2935 589 3238 659 vituperari

1663 700 1770 739 non
1803 685 2019 748 debent,
2055 685 2099 739 si
2142 698 2248 736 non
2287 682 2471 736 omnia
2507 690 2880 752 penetrarunt,
2913 682 3022 736 imo
3047 698 3076 737 e
3102 699 3237 738 con-

1662 791 1818 829 verso
1861 775 2231 830 commendari
2276 774 2434 828 debet
2465 789 2650 827 eorum
2685 774 2851 838 zelus,
2884 774 3238 843 quantumvis

1660 882 1850 936 parum
1887 865 2216 936 profecerint
2251 866 2304 919 in
2336 864 2674 934 expositione
2699 880 2888 920 eorum
2916 879 3036 935 quae
3068 880 3237 937 expo-

1661 957 1839 1012 nenda
1874 965 2251 1024 susceperunt.

1729 1046 1896 1100 Error
1930 1045 1987 1100 S.
2023 1046 2295 1116 Hippolyti
2329 1046 2472 1099 circa
2502 1047 2832 1116 septuaginta
2885 1046 3230 1102 hebdomade:

1659 1137 1896 1191 Danielis
1927 1139 2155 1207 primum
2189 1139 2241 1190 in
2273 1138 2498 1190 adventu
2535 1137 2848 1191 Antichristi
2879 1140 3234 1209 complendas.

1659 1259 1727 1267 —
1761 1229 2046 1293 Inpuimus
2069 1229 2180 1298 jam
2217 1230 2468 1298 superius
2523 1239 2790 1284 vetustum
2836 1230 2981 1285 hunc
3017 1230 3233 1288 Patrem

1658 1329 1968 1376 assecutum
2027 1336 2134 1375 D0“
2187 1336 2308 1376 esse
2370 1336 2554 1375 verum
2622 1337 2842 1376 sensum
2893 1323 3234 1394 septuaginta

1659 1413 2146 1480 hebdomadarum,
2200 1412 2268 1468 de
2317 1413 2516 1483 quibus
2565 1422 2648 1469 est
2674 1430 2854 1469 sermo
2888 1415 2940 1468 in
2972 1417 3233 1487 prepbeta

1658 1503 1895 1569 Daniele,
1952 1505 2374 1574 earumdemque
2425 1505 2887 1560 hebdomadarum
2937 1510 3229 1564 terminum

1657 1595 1886 1648 nimium
1921 1596 2237 1664 protendere
2263 1614 2276 1662 ;
2322 1596 2415 1665 qui
2443 1612 2573 1651 sane
2602 1613 2756 1652 error
2787 1600 3117 1656 excusabilis
3147 1611 3229 1657 est

1657 1686 1820 1740 etiam
1850 1687 1918 1742 ob
1950 1687 2167 1741 allatam
2194 1688 2355 1742 modo
2379 1687 2668 1744 rationem.
2728 1689 2928 1745 Verum
2955 1708 3108 1763 aequa
3143 1692 3229 1748 fa-

1590 1761 1630 1816 Β
1660 1778 1862 1832 cilitate
1896 1779 2143 1833 excusari
2193 1794 2302 1832 non
2351 1787 2527 1848 potest
2572 1780 2708 1835 alter
2761 1781 3003 1850 ejusdem
3051 1800 3226 1849 error,

1666 1869 1884 1938 quando
1919 1870 2125 1924 scilicet
2152 1872 2345 1926 asserit
2377 1880 2589 1942 tempus
2619 1873 2958 1944 Babylonica:
3003 1877 3229 1946 captivi—

1663 1961 1785 2013 tatis
1805 1958 1971 2015 fuisse
1997 1975 2263 2014 annorum
2293 1963 2813 2034 quadringentorum
2844 1965 3058 2034 triginta
3091 1966 3226 2037 (57),

1656 2067 1777 2105 cum
1813 2060 1989 2106 tamen
2019 2049 2300 2121 Scriptura
2348 2054 2688 2123 septuaginta
2725 2063 2932 2108 tantum
2959 2071 3225 2111 annorum

1655 2141 1823 2196 fuisse
1874 2142 2052 2207 dicat;
2107 2143 2266 2197 sicuti
2303 2142 2481 2198 videre
2512 2153 2595 2199 est
2620 2145 2673 2198 in
2704 2145 2962 2215 prOpheta
2995 2144 3227 2202 Jeremia

1653 2249 1772 2304 cap.
1811 2250 1933 2297 xxv,
1970 2251 2020 2288 ν.
2061 2234 2093 2288 9
2123 2244 2174 2289 ct
2198 2235 2284 2290 Η.

2176 2327 2571 2383 ARTICULUS
2609 2329 2700 2383 ιιι.

1808 2434 2105 2490 ΕρΙΤΙΟΝῐῚΜ
2144 2436 2191 2475 S.
2232 2435 2509 2474 HIPPOLYTI
2550 2435 2760 2474 OPERUM
2797 2437 3070 2478 RECENSIO.

1720 2508 1859 2564 Ante
1914 2511 2128 2565 initium
2187 2514 2469 2581 praesentis
2525 2514 2707 2567 saeculi
2754 2515 2936 2568 nullus
2983 2515 3224 2570 virorum

1651 2601 1984 2656 eruditorum
2038 2603 2090 2658 id
2144 2604 2346 2658 laboris
2397 2621 2459 2658 ac
2489 2605 2673 2672 studii,
2721 2607 2865 2674 quod
2921 2615 3098 2659 tamen
3149 2614 3227 2660 tot

1652 2692 1772 2747 aliis
1824 2693 1981 2764 longe
2015 2693 2334 2748 inferiorum
2369 2705 2421 2749 et
2455 2702 2760 2765 temporum
2805 2705 2858 2751 et
2909 2699 3221 2752 meritorum

1651 2785 2006 2854 scriptoribus
2039 2787 2342 2855 impensum
2377 2796 2461 2841 est
2486 2789 2654 2842 multa
2687 2805 2810 2843 cum
2847 2789 3050 2857 laude,.
3074 2790 3128 2844 in
3165 2806 3224 2846 sc

1650 2875 1908 2944 suscepit,
1966 2883 2027 2929 ut
2057 2874 2114 2928 S.
2147 2874 2334 2930 lrenzei
2367 2877 2640 2946 discipuli,
2668 2887 2720 2932 et
2754 2890 2913 2934 tantae
2943 2881 3224 2936 vetustatis

1650 2976 1918 3037 tantmque
1943 2969 2286 3023 auctoritatis
2309 2968 2570 3036 doctoris,
2595 2971 2764 3025 sancti
2796 2972 3003 3027 scilicet
3024 2972 3225 3044 llippo—

1648 3061 1739 3132 lyti
1787 3060 2103 3118 Portuensis
2151 3063 2390 3134 episcopi
2437 3079 2501 3117 ac
2549 3066 2802 3136 martyris
2843 3081 3027 3135 opera,
3074 3083 3222 3136 qure-

1649 3167 1864 3223 cunqne
1892 3155 2114 3224 reperiri
2146 3164 2390 3225 possent,
2423 3156 2718 3224 colligeret,
2762 3157 3095 3228 collectaque
3123 3174 3224 3228 pu-

1648 3242 1891 3298 blicaret.
2411 3312 2416 3317 ι

1716 3334 1953 3402 Primus,
2005 3337 2095 3406 qui
2127 3354 2245 3392 eam
2281 3339 2332 3393 in
2364 3339 2749 3410 e0gitationem
2788 3338 3088 3406 descendit,
3123 3356 3221 3396 ne-

1649 3427 1984 3498 glectamque
2037 3431 2320 3502 hucusque
2364 3441 2603 3501 spartam
2636 3433 2882 3498 tentavit,
2916 3441 3034 3488 erat
3085 3450 3221 3504 prte-

1648 3519 1982 3574 clarissimus
2022 3520 2105 3573 vir
2129 3519 2368 3576 Joannes
2398 3522 2617 3586 Millius,
2653 3522 2816 3592 quive
2840 3523 2985 3577 illam
3017 3539 3221 3578 ornan-

1648 3609 1770 3663 dam
1800 3611 2065 3679 sumpsit,
2099 3613 2476 3683 potuissetque
2503 3614 2717 3682 egregie
2735 3629 2951 3680 ornare,
2970 3616 3072 3670 nisi
3097 3626 3222 3671 ante

1647 3717 1866 3755 manum
1902 3702 2144 3755 ultimam
2176 3703 2479 3773 appositam
2512 3705 2767 3760 humanis
2809 3707 2972 3760 rebus
3001 3715 3221 3776 ereptus

1647 3789 1860 3845 fuisset.
1915 3789 2103 3845 Omnis
2134 3793 2350 3860 quidem
2387 3809 2510 3862 spes
2543 3809 2667 3848 cum
2701 3793 2852 3848 Millii
2886 3809 3111 3863 corpore
3136 3811 3223 3850 se-

1646 3882 1793 3952 pulta
1823 3897 1931 3935 non
1961 3882 2302 3949 credebatur,
2337 3901 2459 3938 cum
2495 3886 2732 3954 spissum
2758 3887 3009 3940 volumen
3044 3887 3222 3940 anim-

1645 3974 2027 4028 adversionum
2074 3973 2193 4042 ejus
2243 3974 2309 4028 ad
2363 3973 2420 4028 S.
2452 3974 2722 4046 Hippolyti
2758 3977 2953 4045 scripta
2982 3975 3216 4032 Joannes

1646 4065 1966 4120 Guilielmus
1998 4064 2167 4122 Janus
2196 4067 2489 4122 academiae
2518 4067 2964 4140 Wittebergensis
3005 4067 3216 4139 profes-

1647 4174 1738 4212 sor
1787 4168 1980 4213 nactus
2007 4168 2171 4227 esset,
2223 4157 2669 4233 llippolyteisque
2712 4161 2927 4230 scriptis
2957 4161 3214 4232 colligen-

1645 4251 1751 4315 dis,
1800 4251 2138 4320 expoliendis
2167 4259 2331 4320 atque
2363 4251 2676 4321 evnlgandis
2707 4252 2962 4306 insudare
2999 4251 3218 4307 nuntia-

1645 4352 1812 4396 retur.
1880 4341 1982 4397 Sed
2011 4343 2288 4398 incassum
2333 4343 2571 4399 cultores
2597 4343 2935 4413 antiquitatis
2960 4344 3217 4400 ecclesia-

1573 4447 1616 4502 ι)
1647 4438 1794 4492 sticze
1817 4437 1964 4490 hunc
1995 4436 2311 4490 thesaurum
2339 4444 2726 4506 exspectarunt
2764 4437 2832 4490 ab
2861 4437 3071 4491 eodem.

1713 4526 1895 4580 Edttio
1936 4525 2337 4582 Greco-Latina
2361 4525 2618 4580 Fabricii.
2643 4557 2716 4568 --
2740 4529 2951 4584 Interea
2977 4528 3216 4583 celeber-

1641 4618 1815 4673 rimus
1845 4616 2126 4671 Fabricius
2173 4617 2361 4671 doctor
2388 4625 2437 4671 et
2481 4616 2759 4686 professor
2795 4616 2894 4671 SS.
2933 4617 3214 4687 tlteologiae

1643 4712 1697 4767 in
1730 4710 2010 4784 gymnasio
2053 4711 2468 4779 liamburgensi,
2503 4720 2582 4768 tot
2621 4711 2850 4781 egregiis
2887 4710 3000 4780 jam
3042 4709 3214 4780 operi-

1642 4813 1745 4868 bus
1779 4813 2070 4868 litteratum
2109 4812 2293 4866 orbcm
2343 4809 2442 4866 sibi
2483 4808 2796 4862 devinctum
2822 4806 3050 4870 habens,
3084 4804 3214 4874 Ilip-

1642 4905 1829 4975 polyti,
1884 4905 1950 4959 de
1983 4904 2139 4973 cujus
2189 4917 2420 4973 persona
2468 4909 2520 4954 et
2550 4899 2766 4968 scriptis
2803 4913 2901 4968 pro
2926 4896 3212 4952 diﬂusissi-

1644 5013 1729 5051 ma
1761 5012 1858 5051 sua
1887 4996 2115 5052 lectione
2150 4994 2489 5049 Bibiiothecw
2524 5009 2632 5048 suae
2662 4992 2858 5046 (ἕνωσίν
2890 4992 2980 5046 lib.
3011 5007 3063 5054 ν,
3087 5005 3207 5059 cap.

1645 5086 1696 5153 l,
1755 5085 1902 5158 ΜΒ,
1953 5086 2363 5157 diligentissime
2401 5083 2677 5149 disseruit,
2733 5096 3069 5152 quaecunque
3117 5095 3210 5134 su-

1643 5187 1887 5248 ρει-ευιιι,
1943 5185 2292 5232 monumenta
2348 5176 2401 5229 in
2454 5190 2621 5228 ιιιιυηι
2674 5187 2873 5242 corpus
2926 5185 3116 5242 c0gcre
3144 5184 3209 5226 ac

1651 5355 1830 5429 (Psal.
1858 5367 2049 5429 vattt,
2079 5351 2191 5420 24).
2212 5349 2292 5429 _ld
2321 5358 2424 5429 est.
2473 5358 2530 5401 nt
2556 5346 2803 5429 serviant
2821 5342 3072 5429 gentibus
3098 5355 3206 5429 not}

1644 5411 2053 5498 quadringentis
2084 5411 2439 5498 quadraginta
2469 5419 2648 5498 annis,
2681 5425 2737 5469 nt
2765 5411 3206 5498 Baliy'l‘o'ne,r.sed

1645 5481 2178 5566 seraper,vinquit.'itt
2203 5481 2512 5545 set-Vitutetn
2531 5489 2774 5540 incurva.
2790 5503 2808 5535 ι
2832 5481 2892 5537 S.
2905 5481 3203 5564 llippolyt..

1645 5570 1739 5624 lib.
1778 5575 1944 5621 contr.
1994 5563 2231 5622 Judwos,
2281 5575 2432 5613 num.
2463 5559 2525 5623 6;
2582 5556 2720 5624 apud
2759 5553 2973 5608 Fabric.
3004 5563 3132 5624 tom.
3161 5547 3208 5605 ll

1645 5570 1739 5624 lib.
1765 5563 1944 5621 contr.
1994 5563 2231 5622 Judwos,
2281 5575 2432 5613 num.
2463 5563 2525 5623 6;
2582 5563 2720 5624 apud
2759 5563 2973 5608 Fabric.
3004 5563 3132 5606 tom.

1650 5639 1806 5709 0pp.,
1839 5651 1958 5707 pag.
1987 5635 2052 5702 5;
2083 5643 2137 5689 et
2166 5631 2306 5702 apud
2338 5627 2583 5686 Galland.
2619 5635 2749 5680 tom.
2784 5624 2848 5694 ll,
2877 5626 2980 5680 col.
3009 5622 3136 5679 449.
