3802 6198
573 308 678 365 387

1555 302 1644 358 DE
1681 300 1850 358 VITA
1886 297 1975 354 ET
2015 294 2327 355 SCRIPTIS
2359 296 2421 352 S.
2450 294 2836 352 HIPPOLYTI.

3649 305 3733 362 588

574 428 852 502 splendide
897 428 1164 484 illustrata
1190 425 1392 498 publici
1432 427 1574 498 juris
1600 426 1781 480 facere
1809 423 1864 478 in
1898 423 2139 478 animum
2171 428 2217 483 Α
2245 418 2520 471 duodecim
2551 417 2824 487 apostolis,
2886 413 3105 469 ubinam
3132 413 3359 484 quisque
3383 429 3556 470 eorum
3586 423 3740 486 praui.

576 521 811 587 induxit,
842 522 1049 577 inscius
1085 520 1262 574 adhuc
1285 535 1446 590 quem
1481 519 1689 574 exitum
1718 517 2028 572 habiturum
2056 528 2144 568 es—

577 629 661 675 set
685 619 754 674 cl.
780 617 902 672 lani
933 617 1222 672 consilium
1250 615 1307 670 in
1332 614 1555 671 edendis
1589 613 1696 669 divi
1718 609 1991 681 Hippolyti
2021 624 2148 680 ope.

577 712 749 766 ribus.
802 709 935 764 Post
993 708 1321 763 indefessam
1378 707 1542 777 igitur
1600 705 1654 759 in
1709 701 2028 772 indagandis
2084 715 2148 755 ac

575 795 911 870 colligendis,
959 813 1081 868 quae
1130 797 1332 868 injuria
1361 805 1664 865 temporum
1707 792 1947 847 nondum
1980 790 2148 844 inter-

576 893 848 956 ciderunt,
905 889 1077 946 sancti
1130 890 1305 945 nostri
1355 890 1590 959 scriptis,
1616 886 1826 942 duobus
1854 883 2147 938 volumini-

576 983 679 1038 bus
705 984 756 1037 in
789 981 920 1037 folio
951 983 1165 1036 minore
1196 979 1544 1052 Hippolytum
1597 975 1867 1047 evolgavit
1898 975 2148 1029 laudatus

577 1074 830 1129 Albertus
884 1071 1168 1127 Fabricius
1235 1069 1571 1140 Hamburgi,
1627 1081 1860 1138 quorum
1913 1065 2148 1136 primum

577 1168 831 1222 volumen
886 1179 1031 1220 anno
1082 1163 1240 1230 1716,
1295 1164 1524 1218 alterum
1576 1160 1725 1216 1718.
1753 1159 1929 1214 lucem
1973 1159 2150 1228 publi~

581 1278 699 1316 cam
733 1261 887 1316 vidit.

661 1355 718 1408 In
749 1355 999 1408 volumen
1037 1353 1187 1422 prius
1223 1351 1498 1423 congessit
1525 1364 1866 1421 quaecunque
1900 1347 2154 1419 Hippoly-

583 1447 625 1500 ti
662 1446 822 1516 hujus
858 1444 1092 1514 reperire
1137 1445 1329 1514 potuit.
1415 1441 1597 1498 Primo
1629 1443 1747 1497 loco
1769 1454 1990 1511 apparet
2019 1442 2156 1495 liber

584 1523 1063 1601 De"Aitticltristo,
1132 1537 1288 1606 cujus
1353 1535 1644 1590 editionem
1705 1532 2156 1588 Combelisianam

581 1627 856 1681 recensuit
887 1626 952 1680 ad
990 1625 1220 1695 primam
1265 1623 1631 1678 Parisiensem
1683 1622 1986 1677 Gudianam
2030 1627 2160 1680 anni

584 1716 742 1781 1661,
779 1732 878 1772 nec
909 1728 1081 1787 pauca
1109 1715 1432 1770 emendavit.
1495 1712 1794 1768 Substrataa
1837 1712 1998 1766 etiam
2027 1721 2153 1766 sunt

583 1807 812 1878 singulis
843 1807 1054 1878 paginis
1087 1805 1464 1860 adnotationes
1493 1803 1841 1871 Combelisii;
1897 1804 2024 1858 item
2053 1817 2151 1866 eae,

583 1914 720 1969 quas
756 1916 868 1955 sure
910 1899 1134 1954 editioni
1182 1913 1345 1952 manu
1391 1898 1610 1967 propria
1642 1896 1898 1951 alleverat
1925 1895 2152 1959 Gudius,

583 2007 692 2044 non
727 1990 945 2044 omissis
974 1989 1062 2050 iis,
1091 2003 1228 2058 quas
1285 1987 1543 2056 Epistolis
1596 1988 1712 2044 suis
1770 1989 1971 2042 criticis
2016 1988 2159 2042 inse-

584 2091 767 2136 ruerat
808 2081 1162 2151 Tanaquillus
1188 2080 1382 2135 Faber.
1437 2079 1534 2135 His
1569 2095 1697 2135 suas
1719 2081 1923 2150 passim
1963 2079 2158 2147 adjecit

585 2173 990 2229 observationes
1046 2174 1161 2243 ipse
1209 2173 1513 2240 Fabricius,
1566 2174 1657 2242 qui
1709 2182 1764 2227 et
1809 2182 2050 2227 veterum
2091 2174 2158 2228 de

587 2266 679 2319 illo
709 2267 847 2319 libro
885 2267 1194 2320 testimonia
1227 2267 1494 2336 adjunxit.
1554 2264 1812 2336 Sequitur
1855 2265 2036 2320 Canon
2063 2283 2160 2336 pa-

586 2356 804 2422 schalis,
852 2356 907 2410 in
958 2356 1072 2426 jam
1121 2365 1423 2410 memorata
1472 2366 1650 2411 statua
1699 2371 2040 2418 marmorea,
2090 2361 2159 2410 ad

588 2447 779 2502 urbem
825 2447 1052 2501 Romam
1089 2446 1307 2513 effossa,
1357 2446 1542 2503 Graece
1574 2457 1628 2502 et
1658 2447 1868 2511 Latine,
1911 2463 2032 2502 cum
2069 2448 2156 2516 iis,

588 2553 710 2607 quae
752 2553 860 2592 non
913 2540 1089 2594 solum
1138 2537 1190 2592 in
1223 2536 1485 2592 Canonem
1515 2539 1662 2594 hunc
1690 2536 1958 2608 Josepbus
1990 2538 2161 2594 Scali-

588 2644 712 2699 ger,
766 2628 1058 2700 Dionysius
1098 2625 1385 2696 Petavius,
1437 2629 1684 2700 Egidius
1726 2629 2058 2698 Bucherius,
2107 2629 2157 2687 J.

588 2717 906 2776 Dominicus
934 2719 1230 2786 Cassinus;
1267 2721 1359 2777 sed
1389 2721 1550 2775 etiam
1593 2721 1646 2774 in
1683 2720 1996 2792 Catalagum
2025 2723 2160 2775 scri-

587 2822 798 2879 ptorum
843 2811 1155 2884 Hippolyti,
1224 2813 1278 2866 in
1345 2813 1530 2868 eadem
1583 2821 1756 2868 statua
1806 2813 2158 2883 descriptum,

591 2903 896 2974 Stephanus
954 2906 1004 2960 le
1052 2905 1267 2977 Moyne,
1329 2905 1567 2961 Thomas
1615 2905 1836 2974 Galcus,
1877 2906 2161 2963 Eduardus

588 2994 916 3062 Bernardus,
966 2996 1110 3054 Guil.
1154 2997 1366 3053 Caveus
1419 2998 1770 3069 scripserunt,
1818 2999 1998 3054 addita
2045 3000 2161 3069 ipsa

589 3089 789 3147 statua,
847 3083 1023 3138 tribus
1073 3085 1270 3139 tabulis
1318 3087 1481 3140 aeneis
1524 3101 1802 3156 expressa.
1858 3087 1994 3142 Cum
2031 3104 2160 3144 vero

587 3182 782 3242 praeter
822 3173 1088 3229 Cononem
1129 3176 1430 3246 paschalem
1457 3177 1618 3232 etiam
1652 3178 2161 3233 Demonstrationem

590 3271 878 3332 temporum
911 3264 1192 3319 Paschatis
1218 3275 1270 3319 et
1299 3263 1593 3320 Chronicon
1645 3266 1966 3340 Hippolytus
2013 3285 2162 3324 com-

589 3357 850 3424 posuerit,
897 3359 1211 3414 testimonia
1254 3370 1520 3426 veterum,
1572 3363 1626 3416 in
1673 3363 1872 3432 quibus
1907 3364 2069 3419 unius
2095 3380 2160 3420 ex

589 3447 676 3503 his
719 3449 894 3503 tribus
937 3451 1140 3504 mentio
1191 3451 1269 3518 lit,
1322 3451 1652 3521 conjunctim
1701 3454 2026 3510 exhibentur
2054 3471 2161 3510 una

592 3554 714 3593 cum
763 3540 982 3609 antiqua
1025 3542 1272 3597 versione
1318 3541 1507 3597 Latina
1562 3543 1845 3611 Chronici,
1899 3547 2044 3617 quod
2092 3562 2160 3602 ex

591 3631 776 3685 multis
818 3631 1040 3700 judiciis
1075 3632 1140 3687 ad
1175 3631 1524 3706 Hippolytum
1577 3636 1810 3691 retulere
1861 3638 2160 3695 doctissimi

589 3721 711 3776 viri.
775 3720 935 3779 Hisce
966 3724 1215 3793 adjunxit
1239 3725 1501 3797 integram
1532 3727 1968 3784 dissertationem
1990 3729 2160 3785 Fran-

589 3815 719 3868 cisci
747 3813 1027 3869 Blanchini
1056 3817 1132 3871 De
1159 3816 1367 3872 Canone
1389 3820 1628 3888 paschali
1655 3821 1948 3892 Hippolyti,
1975 3823 2160 3880 Romae

589 3921 734 3960 anno
786 3907 924 3961 1705
965 3909 1206 3974 editam,
1261 3921 1316 3966 et
1363 3913 1801 3982 disceptationes,
1853 3909 2159 3986 quibus'de

589 4011 734 4050 anno
780 3999 956 4067 primo
1000 4001 1211 4070 imperii
1247 4002 1431 4059 Severi
1455 4005 1768 4068 Alexandri,
1823 4008 1874 4060 in
1903 4009 2157 4064 cathedra

588 4103 897 4145 marmorea
948 4090 1218 4165 Hippolyti
1246 4105 1566 4162 memorato,
1618 4098 1756 4152 inter
1781 4115 1836 4154 se
1869 4102 2158 4157 contende-

588 4187 717 4232 runt
757 4177 1032 4249 Virginius
1069 4180 1410 4248 Valsecbius,
1463 4185 1744 4255 Philippus
1785 4189 1850 4242 de
1885 4188 1935 4242 la
1965 4189 2154 4255 Turre,

590 4279 646 4324 et
669 4267 824 4326 Joan.
862 4270 1166 4343 Vignolius.
1221 4274 1351 4342 Quae
1372 4291 1534 4344 porro
1565 4278 1653 4332 hic
1683 4280 1904 4349 scripta,
1937 4283 2020 4336 vel
2045 4282 2156 4336 fra-

590 4372 806 4432 gmenta
835 4362 1125 4436 Hippolyti,
1162 4376 1289 4421 sunt
1320 4386 1333 4422 :
1366 4368 1759 4424 Demonstratio
1781 4371 2027 4427 adversus
2055 4373 2157 4428 Ju-

2185 1771 2226 1826 Β

2187 3125 2229 3181 C

2249 506 2473 573 caverit,
2508 522 2571 561 ac
2609 506 2699 559 ubi
2731 512 3136 559 consummatus
3165 503 3250 567 sit,
3285 518 3439 572 quam
3464 507 3638 561 nudam
3657 511 3741 576 jam

2244 600 2612 671 publicaverat
2644 597 2924 651 Fabricius
2952 611 3098 650 anno
3130 595 3283 658 17M,
3341 611 3560 650 unacum
3605 601 3742 657 tribus

2245 691 2353 747 illis
2384 689 2458 742 De
2489 690 2597 742 vita
2625 687 2825 757 Moysis
2874 686 3046 751 libris,
3097 684 3364 739 Gaulmini
3409 693 3743 746 commentario

2248 782 2533 838 illustratis
2563 795 2683 850 pag.
2714 778 2840 843 508,
2873 781 2965 833 sed
3005 793 3148 831 nunc
3176 778 3424 845 stipatam
3449 781 3745 848 amplissimis

2249 873 2689 929 adnotationibus
2710 871 2981 925 Francisci
3007 868 3334 923 Combelisii.
3354 868 3478 924 Item
3495 870 3559 924 De
3578 885 3746 940 septua-

2249 967 2400 1036 ginta
2447 963 2744 1031 apostolis,
2795 977 2857 1016 ac
2890 976 3009 1030 qua:
3045 959 3272 1029 reperiri
3325 971 3536 1029 potuere
3560 977 3617 1016 ex
3645 969 3750 1018 scri-

2253 1059 2362 1131 ptis
2384 1056 2656 1128 Hippolyti
2682 1055 2917 1126 junioris
2947 1052 3211 1109 Thebani.
3237 1051 3511 1107 Volumina
3536 1057 3752 1123 posterioo

2247 1153 2294 1205 ri
2329 1151 2521 1205 horum
2571 1163 2791 1218 operum
2846 1147 3196 1201 continentur
3226 1163 3238 1199 :
3268 1142 3528 1215 Hippolyti
3569 1145 3752 1199 Demon-

2252 1241 2440 1294 stratio
2491 1239 2740 1292 adversus
2771 1235 3010 1303 Judazos,
3061 1235 3411 1304 ejusdemque
3438 1237 3653 1287 adversus
3673 1236 3757 1289 hc-

2253 1335 2393 1388 resin
2425 1331 2604 1396 Nocti,
2646 1341 2874 1400 utraque
2899 1343 3044 1382 nunc
3064 1329 3301 1398 primum
3326 1327 3501 1382 Graece
3526 1344 3584 1383 ex
3613 1332 3757 1387 codice

2257 1425 2519 1480 Vaticano
2545 1440 2648 1479 ms.
2681 1423 2844 1487 edita,
2885 1437 3006 1476 cum
3029 1423 3217 1474 eadem
3254 1418 3495 1473 Turriani
3537 1422 3755 1489 versione,

2256 1525 2310 1570 et
2349 1515 2536 1570 iisdem
2582 1514 2743 1578 notis,
2791 1527 2912 1582 qua:
2942 1512 3053 1581 jam
3103 1511 3211 1565 vol.
3245 1512 3285 1576 Ι,
3329 1526 3446 1580 pag.
3475 1509 3570 1564 228
3597 1513 3755 1580 el235,

2256 1609 2472 1664 inserta:
2523 1607 2886 1678 reperiuntur.
2939 1605 3265 1674 Fragmenta
3307 1620 3372 1657 ex
3413 1603 3754 1659 Commentariis

2257 1702 2314 1754 in
2357 1699 2596 1768 Genesin,
2636 1698 2819 1754 Graece
2844 1707 2896 1752 et
2922 1697 3110 1750 Latine
3156 1696 3342 1750 itidem
3376 1697 3589 1766 primum
3624 1697 3667 1750 in
3696 1699 3758 1751 lu-

2255 1807 2371 1847 cem
2399 1789 2597 1846 emissa
2629 1806 2694 1845 ex
2713 1789 2914 1844 Catena
2938 1788 3161 1842 Patrum
3194 1787 3495 1843 Graecorum
3522 1787 3582 1841 88
3606 1789 3757 1842 biblio—

2255 1886 2425 1940 thecae
2475 1883 2931 1946 Vindobonensis,
2981 1897 3101 1951 quae
3141 1882 3419 1936 continent
3445 1880 3756 1936 adnotationes

2255 1977 2324 2032 ad
2349 1976 2542 2031 Genes.
2577 1991 2614 2039 ιι,
2650 1975 2703 2038 5,
2730 1975 2795 2041 6;
2833 1991 2913 2041 ιιι,
2949 1974 3012 2039 8;
3045 1990 3200 2036 xux,
3230 1960 3283 2041 3,
3317 1975 3372 2034 ll.
3405 1973 3456 2040 5,
3488 1972 3757 2039 11,1Ξ,16.

2256 2071 2373 2126 Alia
2417 2069 2664 2139 quaedam
2709 2065 3031 2136 fragmenta,
3087 2073 3148 2118 ut
3197 2065 3263 2119 de
3291 2063 3528 2126 Ezechia,
3573 2063 3618 2116 in
3644 2063 3758 2116 Isaia:

2256 2174 2487 2226 xxxvttt,
2519 2157 2572 2222 5,
2607 2173 2673 2211 ex
2703 2156 2820 2210 cod.
2854 2152 3081 2208 Coislin.
3116 2153 3245 2208 195.
3281 2152 3454 2208 Locus
3473 2169 3530 2207 ex
3555 2151 3756 2222 Hippoly-

2256 2253 2297 2306 ti
2330 2264 2579 2305 sermone
2603 2248 2637 2300 2
2659 2287 2672 2310 ,
2705 2247 2759 2300 in
2797 2245 3092 2309 Danielem,
3110 2245 3312 2300 citatus
3341 2243 3644 2305 Eustrathio,
3669 2258 3758 2311 cap.

2256 2343 2322 2397 19
2345 2341 2603 2396 adversus
2626 2337 3225 2409 Psychopannychitas,
3261 2346 3314 2391 et
3343 2335 3585 2391 nonnulla
3615 2336 3658 2388 in
3677 2334 3758 2388 Re-

2256 2436 2478 2492 naudoti
2539 2434 2783 2488 Ilistoria
2841 2431 3275 2502 patriarcharum
3327 2431 3616 2496 Alexandr.,
3665 2446 3755 2499 pag.

2257 2528 2380 2592 560,
2445 2525 2734 2596 Hippolyto
2785 2524 3041 2593 ascripta,
3089 2538 3217 2593 qua:
3260 2532 3436 2577 tamen
3477 2523 3634 2591 potius
3665 2519 3760 2574 Julii

2258 2619 2488 2675 Romani
2539 2633 2661 2674 esse
2709 2616 2958 2687 praefatio
3006 2616 3187 2670 docet.
3248 2612 3789 2670 Commentationesin.

2267 2710 2462 2766 Cenes.
2492 2726 2597 2777 vn,
2653 2708 2716 2776 6;
2751 2724 2878 2774 Vlll,
2910 2710 2973 2777 1,
3007 2707 3386 2776 etDeuteron.
3420 2721 3602 2772 xxxul,
3641 2705 3761 2768 l,ex

2265 2801 2632 2858 Pentateucbo
2677 2801 2909 2856 Arabico
2947 2801 3202 2856 biblioth.
3239 2799 3546 2864 Bodleianat,
3575 2811 3687 2866 quas
3709 2795 3761 2850 cl.

2259 2895 2492 2966 Gaguier
2519 2896 2642 2949 inde
2667 2903 2951 2961 excerptas
2981 2893 3180 2948 Latine
3211 2892 3368 2948 vertit
3395 2910 3407 2944 :
3439 2891 3488 2944 in
3512 2890 3681 2960 quibus
3704 2897 3762 2940 ta-

2260 3001 2384 3041 men
2409 2985 2543 3040 nihil
2571 2985 2990 3040 Commentariis
3025 2983 3302 3054 Hippolyti
3338 2982 3529 3037 Graecis
3557 2982 3603 3033 in
3631 2978 3764 3032 Gene-

2262 3080 2366 3135 sim
2399 3079 2705 3148 respondet.
2760 3077 2905 3132 Loca
2930 3077 3198 3132 nonnulla
3225 3078 3278 3130 in
3306 3074 3509 3130 Leontii
3539 3069 3760 3142 Byzantini

2263 3174 2357 3228 lib.
2389 3182 2614 3226 tcontra
2649 3171 2978 3236 Nestorium,
3028 3180 3082 3225 et
3127 3170 3184 3224 in
3211 3169 3446 3229 Concilio
3473 3160 3761 3220 Laterancnsi

2263 3280 2407 3320 anno
2435 3264 2558 3330 649,
2594 3281 2716 3335 pag.
2746 3265 2846 3319 281
2877 3275 2930 3320 et
2959 3262 3088 3328 287,
3141 3278 3212 3316 ex
3243 3261 3519 3331 Hippolyto
3562 3256 3760 3310 adducta.

2262 3357 2553 3413 Doctorum
2588 3359 2830 3411 virorum
2882 3356 3265 3411 adnotationes
3293 3355 3358 3409 de
3385 3350 3661 3421 Hippolyta,
3689 3359 3763 3396 n0-

2261 3450 2506 3504 minatim
2538 3463 2604 3503 ex
2641 3446 2790 3502 Sam.
2827 3446 2984 3502 Petiti
3013 3443 3206 3514 Eclog.
3234 3442 3543 3524 chronolog.,
3591 3438 3668 3492 lib.
3701 3451 3760 3498 tu.

2261 3557 2378 3611 cap.
2409 3540 2464 3608 2,
2508 3541 2574 3596 de
2605 3537 3124 3595 hecktedecaeteride
3139 3548 3197 3595 et
3213 3555 3279 3596 ex
3327 3535 3513 3602 Georg.
3550 3525 3764 3584 BulliDc-

2261 3635 2394 3704 fens.
2430 3633 2525 3702 ῥά.
2559 3631 2792 3698 Niciam,
2834 3639 2964 3686 sect.
3001 3645 3062 3694 ιι,
3100 3644 3226 3699 cap.
3261 3626 3318 3693 8,
3351 3637 3401 3682 et
3422 3632 3543 3681 sect.
3577 3635 3645 3684 ιιι,
3671 3631 3761 3685 cap.

2259 3727 2312 3794 8,
2363 3728 2430 3782 de
2471 3727 2718 3782 doctrina
2748 3725 3039 3795 Hippolyti,
3101 3737 3340 3778 unacum
3361 3719 3409 3774 J.
3469 3717 3587 3772 Ern.
3612 3709 3761 3768 Grabii

2259 3819 2698 3874 adnatationibus
2751 3817 2940 3872 eodem
3000 3816 3390 3886 spectantibus.
3441 3813 3530 3867 His
3581 3805 3766 3874 denique

2259 3915 2603 3986 subjungitur
2633 3912 2904 3984 Hippolyti
2934 3912 3173 3981 junioris
3203 3907 3440 3964 Thebani
3463 3905 3765 3974 fragmentum

2258 4021 2324 4060 ex
2375 4004 2648 4060 Chronico
2682 4003 3077 4059 commentario
3119 4002 3191 4056 ab
3235 4000 3459 4055 Henrico
3502 3991 3691 4050 Canisio
3723 3988 3764 4040 in

2259 4105 2391 4151 tom.
2427 4095 2494 4149 lli
2527 4094 2835 4149 Lectionum
2878 4095 3222 4164 antiquarum
3267 4093 3486 4147 editum.
3524 4087 3644 4153 Quia
3666 4093 3764 4135 vero

2259 4191 2373 4244 haec
2398 4188 2582 4243 omnia
2609 4201 2716 4241 non
2748 4186 2888 4241 ultra
2914 4184 2983 4239 62
3005 4185 3234 4255 paginas
3262 4185 3496 4254 implent,
3525 4180 3585 4234 ad
3599 4178 3763 4246 justum

2258 4281 2506 4334 volumen
2531 4277 2926 4333 conﬁciendum
2949 4276 3168 4332 additur
3183 4276 3441 4346 appendix
3461 4270 3764 4340 complectens

2258 4371 2599 4440 Spicilegium
2623 4369 2850 4423 Patrum
2873 4368 3053 4424 seculi
3085 4383 3169 4434 tu,
3188 4379 3242 4422 et
3269 4364 3521 4440 Chalcidii
3543 4362 3764 4416 Commta.

590 4456 734 4507 datos
762 4469 828 4508 ex
857 4457 1108 4513 versione
1143 4457 1333 4513 Latina
1362 4460 1635 4516 Francisci
1667 4462 1937 4530 Turriani,
1990 4482 2153 4536 quam
2187 4465 2230 4520 D
2260 4439 2422 4514 tarios
2452 4439 2510 4513 in
2551 4459 2804 4514 Timarum
2836 4457 3077 4513 Platonis
3110 4439 3444 4522 emendatos,
3495 4463 3544 4508 et
3567 4451 3687 4506 notis
3718 4445 3764 4536 ilj

590 4556 714 4598 esse
744 4546 1068 4613 particulam
1093 4548 1597 4606 Commentariorum
1618 4552 1888 4626 Hippolyti
1921 4557 1974 4610 in
2002 4557 2155 4612 Psal-

591 4650 702 4687 mos
735 4634 1015 4694 Fabricius
1064 4643 1408 4712 suspicatur;
1461 4644 1762 4718 fragmenta
1792 4666 1854 4704 ex
1888 4650 2026 4704 libro
2055 4651 2123 4703 ad
2137 4680 2155 4692 -

590 4742 766 4782 versus
798 4727 1026 4798 ercos,
1088 4735 1180 4802 qui
1211 4737 1526 4793 inscribitur
1561 4741 1850 4796 :Adversus
1882 4741 2156 4797 Platonem

591 4819 656 4873 de
696 4837 858 4876 causa
905 4825 1169 4890 universi;
1223 4843 1289 4882 ex
1320 4845 1482 4900 opere
1527 4831 1774 4888 adversus
1806 4835 2046 4902 hwreses,
2101 4836 2154 4888 in

592 4911 791 4980 quibus
805 4915 1109 4984 copiosiora
1132 4927 1279 4982 sunt,
1308 4936 1428 4989 quae
1453 4921 1714 4976 Adversus
1740 4922 2015 4990 Beronem,
2045 4941 2159 4980 ser-

591 5011 715 5055 vata
745 5018 774 5056 a
799 5002 1105 5075 Nicephoro
1147 5007 1748 5078 Constantinopolitano
1791 5021 1842 5065 et
1872 5012 2158 5067 Anastasio

591 5087 1030 5163 Bibliothecario,
1065 5107 1120 5152 et
1151 5100 1399 5153 adversus
1428 5099 1653 5154 Noetum
1689 5101 1880 5156 Latine
1927 5113 2156 5171 tantum,

591 5185 682 5240 hic
712 5188 1077 5256 exhibentur;
1115 5191 1244 5244 item
1280 5192 1415 5262 Περὶ
1443 5193 1798 5263 χαρισμάτων
1830 5194 2157 5265 ἁποστολικὴ

593 5278 909 5350 παράδοσις,
945 5280 1187 5336 Homilia
1216 5284 1270 5336 in
1303 5295 1640 5338 sacrosancta
1666 5285 2162 5355 ΤΙιεορΙιαηίαηριδί-

591 5385 740 5426 mum
761 5372 904 5428 edita
929 5389 996 5428 ex
1013 5390 1145 5430 mss.
1176 5375 1362 5431 codice
1379 5375 1599 5432 Thomae
1625 5377 1795 5443 Galei,
1818 5379 2160 5448 interspersis

595 5463 797 5518 notulis
811 5462 1076 5533 Fabricii;
1101 5476 1152 5520 et
1175 5465 1472 5536 fragmenta
1498 5483 1564 5522 ex
1590 5467 1863 5539 Hippolyti
1890 5469 2161 5522 Commen-

596 5555 748 5608 tariis
793 5555 847 5608 in
895 5558 1067 5611 uarios
1122 5557 1410 5629 Scriptura:
1439 5559 1620 5625 libros,
1653 5567 1705 5613 et
1733 5574 1796 5613 ex
1827 5559 1944 5628 ejus
1973 5559 2161 5612 Homi-

596 5645 706 5701 liis.
775 5645 1028 5718 Subjecta
1055 5651 1321 5720 appendix
1352 5653 1729 5722 complectitur
1764 5655 1964 5724 scripta
1997 5653 2160 5708 dubia

593 5747 650 5796 et
675 5739 973 5808 supposita,
1027 5742 1225 5800 librum
1252 5744 1328 5798 De
1353 5749 1798 5803 consummatione
1836 5748 2050 5817 mundi;
2084 5747 2160 5804 De

2255 4553 2535 4608 lustratos.
2589 4551 2648 4605 In
2697 4551 2978 4622 Spicilegio
3029 4551 3122 4605 illo
3158 4557 3451 4607 occurrunt
3488 4564 3500 4600 :
3534 4545 3588 4599 1ο
3614 4535 3764 4595 lrenaei

2255 4645 2553 4716 fragmenta
2592 4659 2762 4714 nuper
2788 4660 2817 4698 a
2843 4644 2911 4698 cl.
2942 4643 3251 4713 Christoph.
3289 4641 3469 4695 Matth.
3495 4633 3660 4692 Pfaﬂio
3675 4630 3765 4684 edi-

2255 4749 2345 4805 ta;
2394 4739 2458 4792 2°
2494 4735 2788 4791 Clementis
2829 4735 3179 4790 Alexandrini
3235 4735 3547 4805 fragmenta,
3587 4739 3688 4796 quae
3722 4722 3763 4772 in

2256 4831 2492 4886 editione
2537 4829 2832 4884 Oxoniensi
2881 4837 3090 4884 tantutn
3146 4827 3332 4882 Grtnce
3379 4827 3638 4894 leguntur;
3683 4815 3764 4867 alia

2258 4924 2384 4976 item
2418 4937 2447 4975 a
2475 4921 2711 4977 Macario
2739 4919 3175 4990 Chrysocephalo
3195 4959 3210 4984 ,
3261 4916 3537 4971 Anastasio
3577 4907 3761 4964 Sinaita.

2259 5015 2565 5086 Nicephoro
2619 5013 2724 5068 GP.
2757 5024 2808 5067 et
2855 5011 3011 5065 Joan.
3052 5012 3403 5074 Damasceno,
3448 5023 3508 5062 ex
3534 5004 3762 5060 Clemente

2257 5108 2408 5162 Alex.
2441 5109 2642 5171 citata;
2696 5107 2752 5160 5°
2780 5104 3041 5159 Methodii
3075 5104 3293 5158 Eubulii
3318 5101 3600 5156 Conuiuium
3623 5095 3761 5146 decem

2259 5200 2519 5269 uirginum
2557 5215 2585 5251 a
2617 5196 2796 5250 Leone
2828 5196 3027 5250 Allalio
3059 5205 3114 5250 et
3145 5194 3305 5249 Petro
3333 5192 3549 5248 Possino
3577 5187 3758 5241 editum.

2260 5307 2361 5346 nec
2404 5305 2508 5344 non
2547 5287 2855 5343 Combelisii
2889 5287 3177 5340 Auctuario
3207 5285 3346 5338 Bibl.
3384 5283 3589 5337 Patrum
3623 5278 3762 5330 inscr-

2261 5391 2397 5448 tum,
2431 5398 2553 5436 cum
2583 5380 2783 5435 Leonis
2813 5380 2993 5433 Allatii
3043 5378 3274 5435 diatriba
3318 5377 3380 5430 de
3407 5369 3684 5430 Methodiis;
3711 5362 3760 5414 4°

2259 5474 2470 5530 Claudii
2516 5472 2768 5527 Salmasii
2803 5466 3220 5526 Co-mmentarius
3265 5470 3524 5522 inchoatus
3552 5464 3597 5515 in
3624 5461 3761 5510 Amo.

2261 5568 2401 5621 bium
2455 5581 2521 5620 ex
2567 5565 2879 5635 apographo
2909 5564 3157 5618 Gudiano
3200 5561 3402 5622 editus;
3457 5557 3514 5610 5°
3538 5555 3652 5606 Acta
3681 5547 3760 5598 Ar-

2261 5657 2456 5722 chelai,
2491 5656 2729 5726 episcopi
2748 5654 3150 5724 Mesopotamiae
3179 5667 3300 5705 cum
3325 5649 3520 5703 Mancte
3539 5684 3552 5708 ,
3583 5657 3638 5695 cx
3667 5635 3759 5732 (fdi:

2262 5749 2407 5804 tione
2436 5747 2598 5803 Laur.
2631 5746 2924 5804 Alexandri
2954 5741 3236 5816 Zaccagnii
3260 5785 3273 5809 ,
3310 5740 3497 5812 quibus
3525 5732 3761 5800 subjungl-
