3802 6198
108 290 190 348 389

998 284 1087 339 DE
1117 281 1282 337 VITA
1311 281 1399 336 ET
1438 280 1751 337 SCRIPTIS
1792 280 1848 336 S.
1893 276 2274 337 HlPPOLYTl.

3142 287 3247 343 590

107 421 183 464 tur
219 407 379 462 Ludov.
417 405 605 458 Anton.
654 402 930 487 lifuratorii
973 405 1283 477 disquisilio
1324 408 1377 460 in
1410 407 1584 460 Mani-
1614 414 1661 467 Α
1688 406 1922 476 phania;
1974 407 2037 459 5°
2082 407 2327 476 sequitur
2374 405 2448 461 De
2491 406 2897 461 charismatibus
2956 409 3247 477 apostolica

108 504 323 557 chrorum
357 498 854 565 anathematismos;
905 498 967 552 6°
1000 498 1055 552 S.
1084 500 1346 569 Pamphili
1380 509 1583 570 marty-

113 597 171 647 ris
187 592 400 658 Expositio
414 590 636 657 capitum
660 590 880 642 Aetuum
905 591 1332 659 apostolicorum,
1353 607 1380 644 a
1400 591 1582 644 Mont-

112 684 297 735 faucooto
322 692 366 732 et
393 678 684 749 Zaccagnio
713 679 876 743 edita,
925 681 1010 734 cui
1042 694 1095 736 et
1128 683 1246 736 alia:
1292 683 1581 752 κεφαλαιο-

109 774 267 842 μέτριαι
293 770 513 838 ejusdem
539 770 658 823 libri
702 771 840 825 sacri
870 771 1300 841 subjunguntur;
1356 774 1418 825 7°
1448 775 1582 828 Acta

104 861 304 931 passionis
350 860 402 913 S.
448 858 711 929 Pamphili
755 863 1006 932 martyris
1057 878 1121 917 ex
1169 863 1323 917 libris
1364 863 1581 920 Eusebii

94 953 373 1006 tlxsariensis
409 952 473 1005 de
503 952 649 1007 illius
675 951 817 1021 Vita,
864 970 987 1009 cum
1016 958 1159 1011 notis
1187 955 1540 1026 Papebrochii
1564 976 1578 1026 ;

98 1050 141 1097 8°
165 1044 359 1113 Gregorii
399 1042 784 1117 Thaumaturgi
822 1045 1093 1115 Expositio
1120 1050 1266 1117 ﬁdei.

145 1134 363 1187 Iudicium
381 1134 634 1191 Ceillierii
654 1138 718 1192 de
738 1140 835 1193 hac
863 1141 1472 1210 editione—Caeterum,
1493 1143 1562 1197 ob

94 1239 280 1281 Servante
307 1229 600 1285 clarissimo
630 1231 873 1303 Remigio
901 1233 1170 1290 Ceillierio
1200 1235 1330 1307 (58),
1368 1238 1581 1293 laudata

96 1323 265 1377 fabricii
280 1338 486 1392 aperum
508 1322 947 1397 Hippolyteorum
966 1329 1132 1382 editio
1148 1344 1254 1382 non
1272 1330 1405 1384 satis
1428 1331 1581 1385 nobis

93 1427 225 1469 eum
241 1416 445 1470 videtur.
466 1415 652 1488 Neque
667 1420 811 1474 enim
830 1421 1119 1489 perdoctus
1144 1421 1319 1476 editor
1334 1423 1577 1477 ordinem

94 1518 321 1575 uuiporum
368 1524 538 1578 neque
585 1511 935 1565 materiarum
984 1522 1233 1568 accurate
1275 1514 1583 1573 observavit

93 1600 127 1651 in
156 1601 449 1655 recensendis
496 1603 619 1672 ejus
659 1603 907 1673 scriptis;
963 1613 1122 1674 atque
1156 1606 1461 1661 verosimile
1497 1618 1582 1663 est

93 1695 190 1763 quod
211 1711 261 1749 ea
287 1698 508 1765 imprimi
541 1699 833 1765 curaverit,
862 1707 1023 1769 prout
1045 1715 1105 1754 ea
1134 1705 1392 1771 receperit
1419 1703 1577 1774 eique

92 1788 125 1839 in
155 1804 308 1842 manus
354 1790 662 1845 inciderint.
719 1790 843 1847 llaec
892 1802 1074 1849 tamen
1114 1794 1234 1848 laus
1279 1796 1347 1850 cl.
1382 1796 1574 1851 Fabri-

89 1878 358 1946 ciodcbctur,
404 1883 552 1951 quod
602 1883 653 1937 in
699 1886 999 1957 colligenda
1030 1886 1455 1957 fragmentorum
1484 1905 1576 1943 co-

88 1974 145 2040 pia
169 1976 447 2044 scriptorum
478 1977 651 2048 hujus
683 1977 860 2034 Patris
884 1980 1026 2035 haud
1052 1980 1337 2037 infeliciter
1362 1984 1577 2039 labora-

86 2067 194 2131 rent,
227 2082 329 2137 qua:
369 2069 418 2122 in
467 2079 713 2125 veterum
741 2082 1020 2127 auctorum
1048 2075 1326 2143 operibus,
1360 2077 1413 2131 in
1446 2094 1577 2132 con-

90 2160 268 2212 ciliorum
302 2161 463 2224 Actis,
519 2170 582 2217 et
629 2163 681 2217 in
726 2164 1175 2220 bibliothecarum
1228 2166 1571 2236 Parisiensis,

91 2249 313 2307 Germania
338 2265 386 2308 et
417 2254 719 2311 Britanniae
764 2258 976 2328 angulis
1001 2244 1243 2327 dispersa
1284 2262 1523 2317 latebant
1558 2281 1569 2315 :

91 2346 184 2412 quod
206 2362 257 2399 ex
282 2347 341 2402 iis
366 2348 619 2417 quaedam
652 2365 681 2404 e
706 2348 892 2405 Graeco
932 2351 983 2405 in
1018 2351 1268 2407 Latinum
1317 2355 1575 2412 traduxe«

91 2436 155 2500 rit,
194 2438 411 2505 plurimis
452 2440 932 2498 observationibus
980 2446 1215 2501 maxime
1263 2462 1575 2516 peraccom-

92 2530 205 2583 modis
231 2540 327 2585 tum
374 2533 437 2587 ad
491 2543 703 2588 textum
759 2535 1201 2602 dilucidandum,
1228 2550 1341 2593 tum
1382 2541 1447 2595 ad
1479 2542 1575 2597 do—

88 2622 212 2675 ttrimc
234 2624 387 2693 capita
421 2625 735 2691 enodanda,
791 2643 911 2695 quae
940 2628 1112 2696 prima
1147 2629 1323 2685 fronte
1346 2632 1575 2688 lectores

87 2709 290 2775 perplexas
318 2710 548 2765 reddere
576 2721 815 2779 possent,
851 2712 1221 2768 illustraverit.
1510 2720 1518 2725 ‘

133 2799 264 2854 Editio
310 2802 607 2856 Gallandii.
646 2835 713 2843 —
750 2804 905 2858 Anno
954 2805 1110 2871 1766,
1162 2806 1243 2860 vir
1286 2806 1573 2875 perdoctus

88 2892 257 2947 Andreas
281 2892 594 2949 Gallandius
626 2893 895 2966 Hippolyti
934 2895 1106 2966 Opera
1140 2898 1193 2950 in
1217 2897 1458 2951 ordinem
1493 2897 1575 2951 di-

87 2994 199 3050 gesta,
239 2986 461 3057 duasque
509 2989 574 3042 in
622 2998 801 3058 partes
836 2989 1057 3055 tributa,
1100 3005 1291 3046 rursus
1315 2991 1367 3044 in
1398 2991 1572 3045 lucem

88 3075 205 3129 emisit
239 3093 323 3131 sua
351 3079 401 3132 in
432 3078 773 3133 Bibliotheca
818 3092 1042 3133 veterum
1068 3081 1309 3147 Patrum,
1328 3092 1475 3138 tomo
1506 3082 1568 3149 Il,
1598 3102 1640 3160 ς

89 3161 268 3221 ῗειιεῠὶε.
321 3171 375 3223 ln
407 3172 512 3226 hac
559 3172 792 3226 editione
820 3187 941 3242 qua:
966 3174 1227 3243 ampliora
1273 3183 1419 3241 sunt,
1462 3176 1575 3230 sive

83 3257 243 3327 integra,
270 3263 371 3317 sive
397 3264 621 3330 mutila,
672 3266 905 3333 priorem
936 3266 1113 3319 locum
1157 3265 1429 3333 obtinent;
1478 3282 1575 3336 po-

86 3354 289 3408 steriorem
316 3372 438 3411 vero
469 3357 777 3427 fragmenta
802 3359 1007 3428 reliqua
1048 3358 1334 3414 minutiora
1360 3376 1458 3429 pro
1487 3376 1575 3414 ar-
1622 3340 1627 3347 .

88 3445 256 3507 tumenti
293 3446 546 3515 dignitate
594 3456 689 3501 aut
733 3449 992 3502 varietate
1028 3449 1279 3504 discreta.
1329 3449 1573 3504 Primum

86 3532 207 3589 locum
236 3540 279 3592 in
300 3541 527 3595 editione
562 3540 833 3596 Gallandii
864 3541 1258 3596 Demonstratio
1290 3542 1346 3597 S.
1372 3542 1573 3613 Hippo-

88 3624 210 3694 lytide
230 3628 415 3687 Christo
440 3644 489 3687 et
524 3633 853 3687 Antichristo
891 3646 1148 3703 occupat;
1194 3636 1335 3690 hanc
1376 3636 1575 3705 excipit

88 3724 327 3787 opusculum
363 3728 413 3781 in
448 3725 775 3781 Susannam.
846 3725 1029 3781 Tertio
1074 3728 1319 3797 sequitur
1349 3727 1573 3780 Demon-

88 3816 211 3867 :tratio
254 3818 483 3873 adversus
529 3818 768 3873 Judteos.
813 3818 945 3873 Dein
972 3819 1329 3891 fragmentum
1362 3819 1573 3890 insigne

87 3907 296 3975 subjicitur
317 3928 377 3967 ex
410 3914 553 3967 libro
585 3912 831 3966 adversus
864 3911 1097 3975 ercos,
1134 3912 1225 3981 qui
1259 3912 1573 3967 inscribitur

85 3997 272 4057 Alterius
288 4004 559 4060 Platonem
578 4006 640 4059 de
660 4022 821 4059 causa
847 4006 1094 4060 universi.
1108 4005 1365 4071 Quintum
1391 4006 1569 4060 locum

87 4105 249 4163 occupat
288 4100 491 4169 egregia
546 4114 677 4153 sane
702 4098 1007 4152 lucubratio
1046 4099 1289 4152 adversus
1320 4097 1567 4153 Noetum.

89 4180 259 4242 Tandem
295 4190 731 4264 Hippolyteorum
782 4200 989 4261 partem
1022 4192 1250 4261 primam
1276 4191 1417 4260 apud
1448 4190 1573 4245 Gal«

88 4275 261 4335 laudium
283 4284 534 4339 claudunt
553 4284 848 4355 fragmenta
883 4285 936 4348 8,
964 4296 1213 4355 excerpta
1236 4300 1301 4339 ex
1322 4299 1571 4339 sermone

87 4369 127 4418 de
139 4372 344 4445 theologia
360 4387 404 4429 et
424 4379 791 4431 incarnatione
807 4389 992 4431 contra
1006 4378 1267 4431 Beronem
1291 4386 1342 4431 et
1360 4376 1572 4432 Helico-

90 4472 170 4512 nem
189 4464 318 4530 (alias
347 4467 626 4537 llelicem).
654 4466 787 4523 lluic
816 4466 1129 4524 Gallandins
1152 4468 1567 4537 praecedentium
1603 4449 1646 4503 θ

90 4551 285 4609 editorum
320 4559 723 4615 observationes
752 4560 965 4630 adjecit,
993 4576 1168 4629 neque
1190 4569 1347 4614 notas
1363 4560 1568 4623 omisit,

91 4661 184 4713 quas
205 4651 418 4706 eruditus
450 4651 960 4708 Sirmondianorum
1002 4654 1178 4708 editor.
1228 4653 1460 4722 margini
1488 4653 1570 4707 al-

92 4734 203 4805 levit;
239 4744 494 4802 Anastasii
544 4746 781 4800 versioni
839 4746 1268 4800 testimoniorum
1317 4745 1571 4815 Ilippoly-

92 4838 238 4888 Icarum
255 4836 691 4895 Combelisiana'm
722 4839 1090 4893 recensionem
1120 4838 1569 4908 apposuit.atque

92 4918 261 4993 integras
288 4930 719 5000 Cappcronnierii
763 4931 1261 4985 animadversiones
1309 4930 1565 4986 subdidit.

94 5010 127 5063 ιιι
150 5029 264 5083 parte
285 5038 317 5074 ιι
349 5025 694 5077 continentur
722 5022 929 5092 reliqua
964 5023 1163 5089 scripta
1200 5022 1515 5092 Hippolytea
1554 5005 1585 5074 ε’

94 5114 125 5153 τι
142 5107 183 5156 1ο
202 5125 730 5184 occurruntexcerpta
754 5114 1263 5168 Commentariorum
1292 5114 1343 5165 in
1363 5114 1568 5181 aliquot

95 5208 207 5251 saera:
241 5201 511 5274 Scriptura:
552 5209 719 5264 libros
748 5224 776 5262 a
820 5207 1028 5262 Joanne
1068 5206 1287 5260 Alberto
1320 5205 1567 5260 Fabricio

97 5293 167 5337 lum
190 5306 213 5343 e
234 5308 322 5347 ms.
347 5299 615 5354 codicibus
645 5309 798 5355 eruta
820 5335 843 5364 φ
885 5310 997 5353 tum
1025 5314 1088 5354 ex
1115 5297 1351 5366 antiquis
1377 5296 1565 5351 Eccle-

98 5376 153 5428 δίε
189 5385 500 5452 scriptoribus
545 5395 785 5448 studiose
828 5392 1081 5455 collecta;
1141 5391 1204 5443 2°
1245 5389 1570 5443 exhibentur

97 5469 195 5521 Varia
241 5474 393 5544 λόγων
443 5497 533 5536 seu
595 5482 903 5537 Sermonum
950 5483 1407 5551 homiliarumque
1457 5482 1570 5534 fra-

101 5571 248 5622 imcnta
274 5586 285 5621 :
312 5570 473 5642 iisque
494 5577 834 5644 prasmittitur
857 5577 1080 5630 homilia
1108 5577 1161 5628 in
1192 5583 1372 5629 sancta
1402 5574 1565 5627 Theo-

1608 1762 1651 1816 Β

1686 501 1922 554 traditio.
1981 498 2178 555 Ultimo
2228 503 2442 557 tandem
2495 502 2615 556 loco
2673 503 2884 557 sistitur
2935 500 3114 557 Canon
3154 520 3237 571 pa-

1682 592 1874 645 schalis
1927 591 2112 647 Grzeee
2152 609 2215 647 ac
2265 592 2490 657 Latine,
2548 593 2840 662 interprete
2880 594 3248 649 eruditissimo

1682 682 1977 739 Francisco
2028 681 2368 749 Blanchinio,
2400 684 2650 754 notisque
2674 684 2875 754 IEgidii
2908 683 3159 739 Bucherii
3186 684 3234 739 il-

1682 775 1968 830 lustratus.

1750 867 1889 921 Alite
1919 866 2169 922 editiones
2216 870 2565 939 quorumdam
2608 867 2975 937 opusculorum
3019 864 3077 922 S.
3112 865 3246 936 Hip-

1681 958 1867 1028 polyti.
1929 959 2106 1013 Editio
2148 960 2296 1030 Cycli
2342 960 2627 1029 paschalis.
2658 992 2727 1001 —
2759 958 3027 1013 Cancrum
3093 973 3248 1013 nova:

1680 1052 1933 1107 editionis
1973 1069 2197 1122 operum
2224 1052 2279 1106 S.
2311 1051 2576 1123 Hippolyti
2608 1068 2757 1121 spem
2810 1052 2936 1105 fecit
2986 1066 3038 1105 v.
3068 1051 3137 1105 cl.
3194 1049 3243 1105 J.

1681 1144 1825 1199 Guil.
1874 1143 2044 1199 Janus
2090 1145 2331 1200 historice
2382 1146 2435 1198 in
2467 1144 2740 1198 academia
2791 1142 3247 1213 Wittenbergensi

1680 1236 1960 1306 professor
1983 1278 1995 1301 ,
2029 1238 2083 1291 in
2137 1238 2291 1306 cujus
2338 1238 2588 1292 manibus
2616 1237 2835 1291 fuerunt
2881 1236 3091 1292 schedae
3127 1235 3247 1289 Mil-

1681 1330 1858 1395 lianse,
1888 1344 2008 1399 quae
2037 1346 2161 1383 cum
2194 1329 2450 1383 nonnulla
2484 1330 2661 1384 adhuc
2684 1329 2884 1383 inedita
2923 1329 3246 1397 complecte-

1683 1431 1790 1485 tur,
1824 1432 1936 1475 tum
1970 1423 2072 1475 alia
2117 1438 2181 1475 ex
2228 1422 2390 1476 unius
2432 1432 2638 1475 tantum
2682 1422 2885 1476 codicis
2934 1421 3244 1491 apographo

1680 1515 1843 1580 edita,
1874 1530 1995 1567 cum
2022 1514 2267 1581 pluribus
2290 1514 2527 1567 melioris
2560 1523 2702 1566 nota:
2734 1528 2837 1567 ms.
2864 1512 3078 1575 collata,
3106 1512 3246 1566 mul-

1681 1604 1858 1673 tisque
1906 1603 2150 1671 partibus
2204 1601 2573 1655 emendatiora
2628 1599 2931 1663 exhibebit,
2986 1598 3079 1662 iis,
3124 1612 3245 1667 qua:

1681 1706 1863 1765 aperte
1910 1694 2196 1763 Hippolyto
2244 1694 2521 1762 supposita
2567 1702 2725 1757 sunt,
2772 1692 3100 1763 segregatis,
3151 1697 3246 1743 aut

1678 1790 1868 1845 saltem
1912 1787 2225 1843 distinctis:
2282 1785 2644 1855 quorumdam
2696 1784 2857 1838 etiam
2908 1797 3077 1836 novas
3122 1796 3244 1834 ver—

1677 1884 1859 1937 siones
1877 1882 2031 1951 juxta
2058 1881 2374 1933 relationem
2400 1878 2452 1932 in
2472 1878 2620 1933 Actis
2642 1876 2977 1931 eruditorum
2998 1874 3245 1944 Lipsien-

1676 1975 1829 2029 sibus
1870 1972 2026 2039 1718,
2064 1988 2185 2041 pag.
2236 1972 2363 2037 444,
2408 1969 2666 2023 daturum
2718 1982 2777 2021 se
2823 1967 3091 2036 promisit.
3138 1965 3244 2020 Sed

1676 2066 2005 2136 promissum
2076 2079 2183 2117 non
2260 2062 2512 2117 exsolvit.
2582 2061 2887 2130 Antequam
2961 2058 3245 2142 Fabricius

1677 2161 1875 2229 scripta
1931 2157 1989 2212 S.
2042 2155 2310 2227 Hippolyti
2361 2171 2531 2209 unum
2575 2154 2630 2209 in
2672 2169 2871 2224 corpus
2917 2152 3242 2223 collegisset,

1676 2252 1921 2322 quaedam
1954 2251 2067 2321 jam
2116 2249 2410 2319 separatim
2462 2249 2729 2317 impressa
2778 2247 3112 2301 visebantur.
3152 2243 3245 2299 Sic

1676 2345 1867 2417 Cyclas
1920 2344 2183 2415 paschalis
2231 2343 2286 2397 in
2340 2357 2501 2412 Opere
2553 2341 2697 2411 quod
2754 2341 2825 2395 cl.
2874 2339 3111 2411 Scaliger
3168 2338 3246 2393 De

1675 2439 2032 2492 emendatione
2087 2449 2377 2507 temporum
2434 2434 2667 2490 confecit
2716 2434 3013 2503 impressus
3059 2432 3245 2486 Graece

1675 2532 1913 2586 occurrit
1942 2530 2113 2595 1585,
2161 2527 2409 2582 Paris.in
2452 2527 2571 2591 fol.,
2626 2525 2874 2594 Lugduni
2918 2524 3242 2577 Batavorum

1676 2625 1848 2688 1598,
1914 2623 2151 2678 Colonim
2215 2622 2567 2690 Allobrogum
2627 2635 2720 2673 seu
2783 2618 3011 2674 Genevaa
3080 2616 3239 2672 1629.

1674 2716 1757 2771 Cl.
1808 2715 2073 2772 Gruterus
2110 2717 2165 2769 in
2205 2714 2526 2770 collectione
2570 2711 2981 2780 Inscriptionum
3027 2709 3241 2763 lleidel-

1673 2808 1850 2879 berga:
1900 2807 2038 2861 1600
2063 2807 2333 2877 evulgata,
2382 2815 2438 2859 et
2487 2820 2631 2858 anno
2668 2804 2805 2858 1707
2851 2801 3241 2857 Amstelodami

1674 2900 2037 2967 reimpressa,
2103 2899 2354 2952 eumdem
2409 2896 2626 2967 Cyclum
2697 2895 2994 2964 pascltalem
3055 2892 3239 2949 Graece

1674 2991 1985 3061 publicavit.
2038 2991 2099 3047 P.
2145 2990 2415 3045 Bucherio
2468 2990 2758 3058 interprete
2804 2987 2995 3043 Latine
3040 2987 3242 3056 prodiit

1675 3098 1819 3137 atino
1854 3082 2011 3149 1654,
2043 3085 2096 3137 in
2134 3082 2254 3146 fol.,
2299 3081 2645 3150 Antwerpiaz,
2677 3082 2814 3146 {cum
2848 3079 3240 3135 commentario

1673 3186 1726 3230 et
1766 3183 2009 3230 veterum
2043 3177 2110 3231 de
2141 3174 2199 3230 S.
2245 3173 2534 3245 Hippolyto
2568 3173 2894 3229 testimoniis
2918 3173 2969 3227 in
2996 3172 3241 3243 ejusdem

1674 3266 1927 3321 Bucherii
1974 3264 2231 3319 Doctrina
2267 3274 2576 3333 temporum.
2621 3263 2947 3318 Franciscus
2992 3261 3242 3317 Blanc'hi-

1674 3359 1798 3414 nius
1828 3358 1975 3412 hunc
2009 3356 2245 3427 Cyclum
2268 3365 2452 3425 postea
2487 3356 2719 3410 inseruit
2762 3356 3240 3411 dissertationibus

1673 3454 1789 3507 suis
1840 3452 1916 3506 De
1961 3452 2261 3505 calendario
2294 3460 2343 3505 et
2400 3448 2545 3519 cyclo
2594 3447 2818 3503 Iuliano
2853 3448 3039 3504 Romae
3100 3447 3241 3503 1705

1674 3559 1977 3600 ιηιωθδειε.

1743 3571 1745 3595 l
1790 3560 1875 3598 res
1911 3560 1977 3598 lS.

1743 3560 2017 3689 gditisones
2049 3632 2171 3687 libri
2206 3633 2268 3686 de
2310 3632 2633 3686 Antichristo
2670 3639 2718 3684 et
2751 3629 2987 3699 opusculi
3028 3633 3083 3682 in
3130 3627 3238 3684 SI-

1673 3745 1915 3781 sannam.
1950 3757 2021 3767 -—
2050 3726 2578 3780 DemOnstrationem
2617 3724 2688 3777 De
2739 3721 2948 3775 Christo
2998 3732 3045 3775 et
3081 3720 3239 3774 Anti-

1672 3823 1868 3876 christo
1900 3821 2107 3890 primus
2158 3819 2211 3872 in
2255 3818 2429 3872 lucem
2479 3818 2690 3879 extulit,
2732 3815 3041 3883 Graecisque
3094 3815 3239 3885 typis

1672 3915 1840 3971 edidit
1866 3913 2021 3978 1661,
2065 3913 2119 3965 in
2149 3910 2224 3977 8°,
2268 3909 2631 3979 Marquardus
2677 3906 2886 3961 Gudius
2932 3905 3234 3961 Holsatus:

1673 4006 1866 4061 deinde
1908 4019 2053 4058 anno
2081 4002 2237 4068 1672,
2271 4000 2687 4057 Graeco-Latine
2710 3999 2948 4069 vulgavit
2993 4000 3237 4053 illustra-

1672 4100 1853 4167 vitque
1874 4097 2200 4151 Franciscus
2222 4094 2580 4150 Conibelisius
2607 4094 2660 4147 in
2678 4093 2929 4146 Auctario
2957 4093 3237 4146 novissimo

1671 4180 2013 4238 Bibliotheca:
2043 4182 2288 4246 Patrum,
2318 4192 2465 4236 tomo
2496 4181 2537 4247 l,
2569 4197 2695 4251 pag.
2721 4181 2901 4246 26-62,
2928 4174 3151 4236 Parisiis
3183 4182 3239 4235 in

1673 4278 1791 4343 fol.,
1822 4278 2005 4333 addito
2033 4278 2196 4331 etiam
2231 4277 2493 4346 Opusculo
2517 4276 2571 4328 in
2605 4274 2905 4329 Susannam
2932 4289 2961 4328 a
2990 4290 3111 4344 pag.
3143 4275 3241 4330 50-

1673 4371 1761 4425 56.
1806 4370 2116 4425 Combelisii
2160 4369 2339 4423 versio
2388 4367 2579 4421 Latina
2605 4366 2849 4437 quinque
2898 4376 3023 4437 post
3064 4381 3238 4421 annos

1677 4463 1899 4532 repetita
1931 4462 1983 4516 in
2005 4461 2331 4515 Bibliotheca
2352 4459 2466 4515 PP.
2489 4459 2841 4529 Lugdunensi
2857 4468 2989 4515 tom.
3021 4457 3112 4513 XX
3124 4458 3235 4528 VII,

1673 4552 1795 4625 pag.
1827 4555 1934 4618 1-9,
1967 4569 2112 4608 anno
2139 4554 2345 4607 scilicet
2376 4550 2533 4607 1677.

1744 4644 2012 4697 Editiones
2044 4652 2302 4696 tractatus
2330 4643 2577 4697 adversus
2606 4641 2823 4697 Judwos
2842 4652 2891 4696 et
2923 4642 3240 4698 Graecos.—

1674 4739 2197 4794 Demonstrationcm
2227 4739 2473 4793 adversus
2521 4738 2738 4793 ludam
2764 4780 2779 4805 ,
2815 4741 2927 4793 sive
2972 4739 3090 4808 ejus
3124 4730 3235 4791 ira;

1674 4840 1952 4902 gmentum
2002 4829 2190 4884 Latine
2244 4838 2311 4883 ex
2355 4830 2635 4885 Francisci
2687 4828 2941 4883 Turriani
2984 4829 3234 4882 versione

1676 4924 1885 4993 primus
1913 4921 2151 4992 vulgavit
2190 4920 2513 4977 Possevinus
2543 4923 2596 4976 in
2630 4922 2902 4991 Apparatu
2926 4936 3106 4985 sacro,
3141 4918 3230 4975 ubi

1675 5016 1741 5069 de
1788 5013 2080 5085 Hippolyto
2120 4995 2367 5079 disserit,
2421 5012 2660 5068 Venetiis
2710 5012 2879 5079 1605,
2911 5020 2964 5066 et
2994 5010 3235 5065 Colonia:

1676 5108 1835 5175 1608,
1866 5110 1918 5162 in
1953 5108 2047 5163 fol.
2075 5125 2090 5174 ;
2132 5116 2178 5160 et
2209 5106 2436 5163 Carolus
2462 5103 2731 5174 Josephus
2771 5103 3083 5158 lmbonatus
3122 5100 3238 5155 Me-

1674 5202 2006 5256 diolanensis
2047 5200 2101 5253 in
2135 5198 2462 5252 Bibliotheca
2508 5195 2991 5251 Latino-Ilebraica
3045 5192 3235 5247 Roma:

1676 5296 1842 5359 1694,
1868 5296 1923 5348 in
1951 5295 2068 5358 fol.,
2098 5310 2221 5365 pag.
2253 5293 2339 5348 74.
2374 5294 2762 5373 .Fragmentum
2807 5290 3018 5359 insigne
3053 5287 3231 5340 adaer-

1674 5406 1763 5442 sus
1798 5388 2006 5442 Crwcos
2038 5396 2086 5440 et
2128 5387 2404 5440 Platonem
2438 5387 2654 5449 Grazce,
2691 5392 2750 5436 ut
2796 5398 2862 5435 ex
2892 5381 3039 5435 Italia
3077 5393 3233 5432 acce-

1674 5488 1845 5549 perat,
1877 5479 2086 5547 primus
2115 5478 2281 5533 edidit
2329 5478 2497 5532 David
2533 5473 2873 5529 liteschelius
2905 5474 2956 5526 in
2992 5472 3135 5527 notis
3167 5472 3235 5524 ad

1674 5571 1924 5627 Photium
1955 5587 2077 5641 pag.
2107 5572 2231 5636 923,
2252 5572 2506 5641 Augustae
2540 5567 2941 5624 Vindelicorum
2974 5565 3135 5637 1601,
3178 5564 3237 5623 in

149 5720 225 5794 (ὃὸ)
259 5726 394 5785 Remi
427 5732 653 5805 Ceillier,
709 5735 942 5791 Histoire
989 5738 1158 5806 génér.
1208 5742 1296 5790 des
1352 5746 1586 5801 auteurs,
1620 5744 1752 5791 tom.
1781 5734 1846 5801 ll,
1880 5749 2000 5806 pag.
2036 5732 2157 5787 572.

3352 5546 3361 5573 ι
