3844 6188
583 242 683 298 591

1551 233 1641 288 DE
1676 231 1843 288 VITA
1880 230 1970 286 ΕΤ
2011 227 2324 286 SSRlPTIS
2363 229 2423 284 S.
2463 227 2851 284 HlPPOLYTl.
3677 227 3759 281 5L1

582 359 716 426 fol.,
749 367 804 415 et
834 366 1086 415 re‘cusum
1127 355 1356 414 Genera:
1385 354 1557 422 16l'5,
1602 354 1926 425 Rotbomagi
1968 352 2138 418 1655,
2169 354 2214 414 Α
2245 349 2386 406 riani
2443 351 2695 405 versione
2757 348 2966 420 primus
3008 345 3246 419 vulgavit
3284 346 3526 406 Canisius
3576 358 3686 408 tom.
3723 355 3755 409 ν

583 451 636 508 in
656 451 750 508 fol.
769 451 974 507 Deinde
998 467 1121 507 eum
1154 465 1253 507 sua
1275 450 1524 506 versione
1553 449 1863 519 Stephanus
1889 449 1939 503 le
1959 446 2153 518 Moyne

583 541 639 596 in
673 540 848 596 Variis
879 543 1068 608 s‘acris,
1098 558 1220 614 pag.
1243 542 1335 608 53,
1361 541 1609 612 Lugduni
1636 539 1967 594 Batavorum
1990 537 2149 602 1685,

587 635 748 702 1694,
781 635 836 689 in
862 635 936 689 4ο.
960 634 1094 690 Cum
1124 635 1309 690 eadem
1329 632 1770 704 interpretatione
1799 631 1961 686 etiam
1991 644 2152 684 recu-

593 727 830 782 dendum
889 726 1036 780 dedit
1076 724 1125 779 J.
1162 725 1414 779 Albertus
1448 722 1730 777 Fabricius
1767 721 1820 775 in
1857 717 2153 790 appendice

584 821 650 876 ad
678 835 840 889 opera
867 817 1084 890 Iosephi
1107 818 1302 885 Judaei,
1331 817 1530 888 Lipsiae
1552 815 1710 880 1691,
1737 815 1789 868 in
1815 813 1910 870 fol.

634 912 905 968 Editiones
926 922 1182 968 tractatus
1202 911 1450 967 adversus
1469 911 1692 966 hceresin
1709 908 1887 973 Nocti,
1905 917 1953 961 et
1971 915 2152 962 contra

583 1005 834 1062 Beronem
877 1015 924 1058 et
958 1004 1286 1059 Helicem.—
1317 1003 1701 1074 Fragmentum
1732 999 1807 1054 De
1838 1000 1943 1053 Deo
1969 1016 2072 1053 uno
2102 1009 2152 1053 et

587 1099 759 1161 trino,
787 1107 835 1151 et
873 1098 937 1152 de
976 1099 1223 1167 mysterio
1274 1095 1655 1152 incarnationis
1696 1103 1882 1149 contra
1931 1093 2153 1148 hteresin

589 1187 749 1243 Nocti
792 1190 894 1244 sub
950 1190 1187 1244 homiliae
1233 1188 1453 1244 nomine
1503 1186 1695 1241 Latine
1739 1185 1905 1241 edidit
1946 1199 2013 1238 ex
2056 1198 2156 1239 sua

585 1280 834 1335 versione
876 1279 1150 1336 Gerardus
1185 1277 1410 1334 Vossius
1451 1274 1809 1347 Tungrensis,
1851 1273 1920 1328 ad
1951 1273 2154 1328 calcem

587 1370 831 1443 Gregorii
858 1371 1276 1442 Tliaumaturgi,
1303 1369 1614 1439 Moguntina,
1639 1366 1797 1430 1604,
1831 1365 1886 1419 iu
1909 1366 1986 1430 4ο,
2013 1365 2154 1419 notis

587 1464 749 1517 etiam
782 1464 1039 1533 subjectis
1079 1479 1108 1518 a
1143 1480 1264 1534 pag.
1301 1461 1487 1516 58-68.
1534 1459 1652 1527 Qua
1697 1474 1830 1514 vero
1881 1457 1948 1513 de
1990 1471 2154 1512 causa

587 1568 712 1608 eum
739 1554 992 1624 operibus
1017 1553 1074 1608 S.
1103 1553 1345 1624 Gregorii
1374 1549 1763 1620 Thaumaturgi
1788 1548 1874 1604 hic
1896 1556 2156 1602 tractatus

587 1641 812 1698 Parisiis
840 1643 978 1696 1622
1003 1643 1364 1712 reimpressus
1415 1655 1522 1694 non
1567 1639 1763 1703 fuerit,
1819 1639 2151 1709 ignoramus.

587 1713 744 1788 Anno
779 1743 956 1788 tamen
989 1733 1125 1788 1618
1156 1733 1210 1786 in
1242 1732 1570 1786 Bibliotheca
1593 1730 1815 1784 Patrum
1843 1729 2154 1785 Coloniensi

589 1825 707 1880 sine
739 1826 882 1880 notis
911 1826 1128 1895 prodiit,
1161 1837 1213 1879 ct
1245 1823 1497 1896 Lugduni
1531 1823 1687 1889 i677,
1718 1834 1850 1878 tom.
1891 1822 1976 1889 ΙΙΙ,
2009 1831 2063 1878 et
2097 1823 2152 1878 in

589 1917 962 1987 supplemento
995 1916 1306 1971 Morelliano
1340 1916 1512 1970 Paris.
1538 1915 1696 1980 1659,
1727 1925 1860 1970 tom.
1886 1915 1927 1982 l,
1947 1932 2000 1985 p.
2027 1915 2148 1970 620.

603 2005 924 2075 Fragmenta
960 2017 1082 2062 octo
1123 2008 1186 2060 de
1216 2007 1473 2077 theologia
1502 2017 1550 2061 et
1581 2009 1940 2061 incarnatione
1969 2008 2146 2060 adver-

589 2107 685 2150 sus
710 2095 964 2150 Beronem
987 2105 1036 2150 et
1064 2096 1298 2150 Helicem
1341 2097 1646 2166 haereticos,
1697 2097 1886 2152 Latine
1914 2115 1978 2153 ex
2013 2097 2152 2153 Tur-

2254 443 2604 513 Antiquarum
2633 442 2942 506 lectionum,
2976 455 3099 510 pag.
3133 439 3255 506 154,
3294 439 3589 512 lngolstadii
3627 448 3752 516 1604,

2253 537 2308 592 in
2347 539 2422 593 4ο.
2457 537 2582 594 Haec
2616 538 2917 608 fragmenta
2957 551 3082 592 eum
3117 534 3305 590 eadem
3350 539 3586 594 versione
3609 541 3654 594 in
3690 543 3760 596 Bi-

2253 628 2525 684 bliothecis
2557 629 2655 684 SS.
2691 629 2914 683 Patrum
2955 626 3304 691 Coloniensi,
3339 625 3689 698 Lugdunensi,
3721 643 3761 688 et

2252 719 2478 776 Parisiis
2507 720 2638 775 1654
2663 720 2990 789 reimpressa
3020 717 3258 772 fuerunt.
3286 718 3482 773 Eadem
3509 720 3760 791 fragmenta

2255 809 2450 866 Latine
2510 811 2718 882 pridem
2785 811 2946 865 vertit
3001 809 3327 864 Anastasius
3390 811 3760 881 apocrisiarius,

2254 899 2419 970 inque
2466 900 2814 956 Collectaneis
2867 900 3145 955 Anastasii
3192 899 3584 957 Bibliothecarii
3631 894 3762 961 edidit

2253 993 2663 1058 Parisiis.|620,
2698 995 2751 1048 in
2787 993 2865 1060 8°,
2892 992 3239 1060 Sirmondus,
3275 993 3470 1049 additis
3498 1010 3527 1049 e
3557 993 3763 1052 Turriani

2255 1088 2441 1144 codice
2464 1086 2688 1153 Graecis,
2726 1097 2890 1156 atque
2921 1087 2992 1141 ita
3025 1086 3213 1141 Graece
3257 1101 3321 1140 ac
3351 1084 3532 1142 Latine
3558 1087 3764 1157 leguntur

2254 1182 2415 1237 etiam
2446 1180 2499 1234 in
2541 1190 2678 1235 tom.
2723 1179 2791 1233 ill
2825 1178 3062 1250 Operum
3096 1177 3372 1233 Sirmondi
3408 1165 3614 1234 Parisiis
3639 1182 3761 1247 l696,

2256 1275 2309 1328 in
2343 1273 2462 1340 iol.,
2502 1289 2624 1344 pag.
2659 1272 2789 1329 585.
2839 1271 3024 1328 Graece
3073 1273 3204 1326 item
3252 1280 3308 1328 et
3360 1271 3540 1328 Latine
3573 1273 3763 1342 Operum

2256 1367 2430 1421 sancti
2456 1364 2675 1419 Maximi
2703 1372 2834 1419 tom.
2869 1362 2889 1416 l
2931 1363 3215 1433 praemissa
3249 1362 3416 1418 edidit
3441 1364 3762 1432 Conibelisius,

2257 1459 2349 1529 qui
2375 1457 2716 1513 etAnastasii
2741 1456 3048 1512 versionem
3081 1457 3380 1510 recensuit.
3402 1455 3587 1510 Eadem
3613 1457 3765 1511 exinde

2258 1551 2311 1604 in
2353 1565 2511 1606 suum
2559 1547 2905 1620 Hippolytum
2939 1548 3220 1602 transtulit
3249 1547 3540 1602 Fabricius.
3569 1547 3764 1604 Posthac

2257 1657 2323 1696 ex
2351 1641 2662 1696 Combelisii
2685 1641 2925 1695 editione
2956 1639 3142 1694 Graeca
3173 1639 3476 1710 desumpsit
3499 1639 3763 1710 Basnagius,

2258 1750 2321 1790 ac
2343 1733 2598 1789 Turriani
2635 1733 2872 1788 versioni
2903 1731 3153 1802 adjunxit
3174 1740 3312 1786 tom.
3346 1730 3366 1784 1
3393 1730 3623 1786 Thesauri
3640 1732 3762 1785 Cani-

2259 1825 2427 1892 siani;
2489 1824 2555 1880 ad
2603 1825 2760 1895 cujus
2808 1825 3011 1881 calcem
3071 1836 3338 1897 praeterea
3390 1841 3443 1880 v.
3490 1824 3553 1878 el.
3597 1823 3762 1878 Claudii

2259 1916 2707 1988 Capperonnierii
2755 1918 3264 1974 animadversiones
3301 1920 3350 1972 in
3395 1918 3642 1973 Anastasii
3677 1933 3762 1970 rer-

2260 2010 2470 2064 sionem
2508 2026 2633 2064 eum
2678 2011 2882 2065 Grzeeis
2931 2012 3192 2066 collatam
3241 2011 3434 2082 adjecit
3481 2025 3610 2066 anno
3635 2009 3760 2073 {725,

2261 2102 2655 2158 Amstelodami
2690 2103 2743 2157 in
2774 2101 2924 2159 folio.

589 2347 708 2409 DE
760 2348 1176 2414 ANONYMO
1231 2350 1653 2415 CHRONICI
1704 2351 2092 2416 AUCTORE
2141 2355 2296 2418 SUB
2355 2355 2864 2418 ALEXANDRO
2909 2355 3246 2418 SEVERO
3302 2351 3756 2419 CONSCRIPTI.

1220 2478 1413 2541 Varia
1446 2480 1853 2543 eruditorum
1897 2480 2134 2561 placita
2187 2483 2272 2546 de
2330 2483 2529 2564 hujus
2560 2483 2862 2546 Chronici
2909 2494 3199 2546 auctore.

659 2603 806 2660 Inter
833 2606 1005 2676 Opera
1036 2605 1094 2660 S.
1127 2596 1400 2679 Hippolyti
1431 2607 1671 2679 epise0pi
1700 2617 1756 2664 et
1786 2608 2062 2679 martyris,
2092 2609 2161 2666 de

590 2698 788 2768 quibus
824 2699 1106 2768 hucusque
1133 2699 1526 2766 disseruimus,
1567 2702 1817 2756 nonnulli
1863 2704 1967 2757 viri
2010 2703 2160 2760 docti

591 2795 985 2846 recensendum
1018 2790 1402 2848 existimarunt
1430 2801 1484 2848 et
1511 2793 1803 2849 Chronicon
1835 2795 1995 2863 illud,
2015 2798 2162 2868 quod

591 2897 918 2953 anonymus,
953 2884 1044 2954 qui
1081 2889 1184 2940 sub
1219 2887 1479 2943 extremis
1519 2887 1812 2944 Alexandri
1845 2888 2030 2946 Severi
2061 2891 2164 2945 im-

591 2975 857 3043 peratoris
883 2977 1219 3045 temporibus
1242 2977 1446 3043 ﬂoruit,
1469 2977 1729 3036 Africano
1754 2996 1990 3050 coaevus,
2013 2983 2158 3038 eirea

589 3063 794 3119 Christi
840 3080 1044 3120 annum
1087 3066 1214 3132 9.36,
1268 3069 1553 3137 scripsisse
1598 3074 1948 3141 comperitur.
2006 3073 2158 3130 Hanc

590 3158 913 3213 sententiam
949 3173 1060 3227 prae
1099 3158 1310 3214 caeteris
1356 3168 1440 3214 est
1491 3162 1774 3231 amplexus
1817 3179 1871 3218 v.
1901 3165 1970 3220 cl.
2014 3165 2159 3220 Canv

590 3238 714 3318 gius
743 3246 876 3318 (59).
915 3247 1019 3302 Sed
1045 3249 1099 3302 in
1128 3248 1291 3303 aliam
1329 3249 1583 3304 abierunt
1607 3250 1938 3310 Pearsonius
1964 3255 2072 3327 (60)
2105 3265 2159 3312 et
2186 3232 2231 3295 ο

591 3336 1062 3410 Dodvvellus(61):
1091 3353 1326 3409 quorum
1359 3341 1630 3410 posterior
1669 3357 2024 3416 anonymum,
2049 3362 2159 3417 quo

591 3429 660 3483 de
697 3428 934 3498 agimus,
968 3429 1257 3500 scripsisse
1281 3431 1470 3485 statuit
1499 3433 1691 3500 paucis
1736 3445 1864 3504 post
1904 3435 2160 3510 Hippoly-

592 3528 708 3573 tum
735 3519 927 3586 annis;
965 3535 1088 3575 cum
1128 3520 1267 3576 alias
1318 3531 1542 3578 sanctus
1575 3525 1678 3580 iste
1705 3537 1912 3599 martyr
1953 3537 2007 3584 et
2041 3530 2157 3600 epi-

594 3625 793 3682 scopus
851 3613 1030 3683 primo
1099 3613 1345 3684 ejusdem
1411 3615 1707 3674 Alexandri
1761 3619 1948 3676 Severi
2013 3637 2159 3678 anno

593 3707 812 3777 Cyclum
842 3723 1003 3763 suum
1030 3709 1318 3766 inchoasse
1341 3722 1617 3771 noscatur.
1638 3713 1928 3784 Caeterum,
1958 3717 2156 3788 inquit,

593 3803 763 3857 multa
807 3811 993 3858 noster
1020 3818 1327 3875 anonymus
1357 3805 1540 3874 habet,
1586 3824 1708 3879 qua:
1737 3825 1860 3864 cum
1895 3810 2160 3882 hypothe—

593 3895 746 3949 sibus
778 3892 1054 3967 Hippolyti
1100 3897 1505 3968 ehronologicis
1533 3899 1588 3954 in
1632 3901 1876 3970 ejusdem
1921 3903 2158 3973 paschali

593 3984 802 4039 Conone
850 3987 1153 4041 observatis
1203 3990 1516 4044 consentire
1564 3991 1871 4059 videantur,
1930 4009 2160 4066 quaeque

593 4073 730 4130 adeo
777 4073 1065 4147 Hippolyto
1113 4091 1447 4148 anonymum
1498 4079 1749 4136 debuisse
1817 4082 1900 4137 fas
1957 4093 2041 4139 est
2101 4093 2161 4140 ut

594 4166 954 4236 suspicemur.
981 4169 1224 4234 Quorum
1276 4169 1495 4239 quidem
1543 4172 1784 4227 virorum
1819 4175 2158 4230 eruditorum

593 4260 876 4314 sontentite
907 4259 994 4314 illa
1027 4260 1083 4314 in
1124 4262 1319 4331 primis
1349 4277 1448 4317 nos
1484 4273 1683 4334 cogunt
1720 4267 2000 4332 accedere,
2037 4283 2159 4337 qua:

595 4348 700 4405 hac
729 4350 796 4405 de
829 4366 887 4405 re
913 4352 1168 4420 praeclare
1212 4354 1346 4409 satis
1373 4354 1666 4410 edisseruit
1708 4355 1936 4413 illustris
1962 4359 2160 4429 praesul

597 4441 924 4500 Franciseus
953 4443 1308 4502 Blanchinius
1332 4446 1464 4518 (62).
1499 4447 1590 4504 Sic
1623 4449 1787 4521 igitur
1815 4451 1939 4506 ille:

2267 2625 2386 2664 rum
2419 2610 2650 2680 primus.
2681 2607 3233 2664 Occurrebat'dolori
3265 2615 3446 2662 nostro
3469 2605 3544 2660 vir
3563 2602 3758 2658 doetissi-

2259 2693 2383 2757 mus
2409 2703 2663 2758 dominus
2708 2701 2788 2754 Du
2821 2701 3004 2772 Cange
3046 2700 3098 2754 in
3131 2710 3406 2770 postrema
3441 2696 3648 2753 editione
3673 2693 3754 2747 Pa-

2262 2793 2456 2850 scholis
2483 2795 2768 2859 Chronici;
2797 2794 2888 2848 ubi
2911 2795 2978 2848 de
3009 2792 3289 2865 Hippolyti
3317 2792 3532 2854 Conone,
3566 2798 3612 2844 et
3639 2785 3756 2840 Com-

2269 2888 2524 2942 mentario
2549 2887 2773 2942 Pascha:
2800 2887 3033 2956 plurima
3052 2901 3180 2940 eum
3206 2885 3526 2941 disseruerat
3549 2879 3754 2942 solidiori,

2263 2996 2371 3050 qua
2405 2981 2589 3050 pollet,
2624 2981 2928 3035 eruditione
2975 2979 3028 3032 in
3063 2979 3221 3032 omni
3269 2992 3458 3046 genere
3498 2976 3756 3034 litterarum,

2262 3067 2414 3121 visus
2435 3076 2518 3122 est
2545 3068 2783 3137 aliquam
2809 3067 2865 3122 in
2897 3081 3046 3137 spem
3079 3081 3182 3121 nos
3220 3067 3480 3121 adducere
3522 3064 3628 3118 libri
3659 3060 3755 3130 [lip-

2262 3158 2462 3230 polytei
2517 3157 2825 3228 reperiundi
2873 3158 2926 3212 in
2976 3168 3196 3213 vetusto
3250 3158 3340 3212 illo
3390 3156 3585 3218 codice,
3637 3166 3754 3222 quem

2261 3246 2517 3303 Canisius
2542 3250 2894 3318 Antiquarum
2923 3249 3210 3303 lectionum
3237 3258 3366 3303 tom.
3393 3245 3476 3312 ill,
3495 3253 3543 3299 et
3565 3243 3756 3297 Labbeus

2263 3339 2317 3394 in
2350 3340 2526 3410 primo
2555 3339 2897 3396 Bibliotheca
2923 3342 3411 3410 monascriptorum
3438 3336 3628 3408 publico
3653 3334 3755 3387 bono

2261 3431 2316 3486 in
2361 3432 2536 3487 lucem
2583 3433 3284 3502 protulerant.'Adoruavit
3322 3448 3446 3488 vero
3492 3436 3634 3490 etiam
3675 3431 3755 3498 ipse

2260 3540 2310 3577 v.
2332 3525 2401 3580 el.
2429 3524 2642 3579 tertiam
2677 3525 2920 3596 ejusdem
2951 3529 3198 3595 opusculi
3234 3530 3535 3594 editionem,
3568 3542 3688 3582 num.
3710 3516 3754 3574 IV

2260 3617 2316 3670 in
2355 3615 2574 3671 Selectis
2607 3619 2674 3671 ad
2709 3618 3088 3672 illustrandum
3125 3619 3452 3688 Chronicon,
3494 3620 3619 3690 quod
3641 3628 3754 3687 para-

2260 3707 2382 3763 bat:
2413 3710 2571 3780 cujus
2597 3709 2812 3764 titulum
2842 3710 2897 3764 in
2942 3710 3184 3766 indiculo
3224 3712 3437 3768 Selectis
3466 3711 3680 3782 praeﬁxo,
3710 3721 3755 3758 ex

2261 3801 2501 3872 antiquis
2545 3802 2876 3856 membranis
2931 3818 3056 3857 eum
3111 3804 3369 3861 redderet
3414 3822 3528 3876 pag.
3571 3800 3754 3865 405,it.1

2262 3894 2720 3949 commendavit:
2764 3898 2857 3952 IV.
2923 3897 3086 3953 Liber
3141 3897 3501 3967 generationis
3547 3895 3606 3950 ab
3630 3892 3754 3946 Adam

2274 4001 2443 4057 usque
2509 3986 2575 4042 ad
2629 3985 2895 4051 ordinem,
2927 4001 3050 4056 quae
3083 3987 3210 4059 (sic)
3241 3991 3570 4046 continentur
3602 3986 3645 4038 in
3685 3983 3754 4034 hoc

2273 4076 2441 4132 libro.
2521 4079 2664 4148 Opus
2729 4080 2870 4150 quod
2924 4079 3220 4151 Hippolyto
3287 4081 3555 4136 Parmensi
3612 4073 3755 4130 ascribi

2261 4185 2411 4239 posse
2449 4170 2697 4224 duximus
2737 4173 2793 4224 in
2832 4171 3146 4242 prmfatione
3191 4191 3212 4231 :
3249 4191 3314 4230 ex
3364 4176 3573 4229 editione
3595 4163 3754 4222 Ilenrici

2264 4261 2508 4329 Canisii,
2549 4272 2598 4316 et
2629 4262 2863 4333 Philippi
2904 4263 3100 4327 Labbci
3140 4267 3210 4320 ad
3250 4267 3404 4337 [idem
3439 4264 3611 4318 codicis
3645 4255 3757 4312 colll-

2261 4353 2336 4422 gii
2387 4369 2498 4409 soc.
2544 4353 2674 4409 Jesu
2720 4355 3044 4412 Parisiensis
3090 4361 3432 4430 recognitum.
3477 4356 3538 4409 Et
3580 4365 3682 4408 ecce
3719 4348 3755 4399 in

2259 4445 2578 4516 praefatione
2601 4447 2872 4517 plurimus
2890 4457 2972 4503 est
2996 4449 3048 4502 in
3073 4451 3404 4520 eonjeeturis
3418 4439 3755 4516 conquirendis,

675 4553 692 4584 .
723 4535 1052 4592 nolebamus
1081 4540 1225 4608 quod
1264 4540 1400 4594 liber
1426 4541 1516 4596 ille
1553 4542 1907 4610 interciderit,
1948 4545 2040 4600 ubi
2073 4545 2159 4602 di-
2191 4571 2236 4625 ι)
2265 4537 2408 4592 unde
2435 4536 2722 4608 Hippolyto
2748 4541 2998 4610 martyri.
3039 4557 3200 4610 quem
3236 4542 3571 4598 Porwenscm
3592 4533 3756 4625 ερῖεςοζ

599 4638 837 4698 gesserat
908 4629 1230 4702 Hippolytus
1299 4634 1795 4691 demonstrationem
1866 4647 2161 4708 temporum

599 4717 842 4785 Paschoe,
877 4723 1314 4791 quemadmodum
1344 4727 1399 4780 in
1428 4727 1624 4782 tabula.
1656 4727 1805 4800 Opus
1832 4732 1975 4786 enim
2005 4733 2159 4800 illud,

601 4811 648 4866 si
705 4810 773 4865 ad
825 4828 926 4866 nos
965 4813 1255 4896 integrum
1307 4821 1672 4888 pervenisset,
1717 4823 1906 4879 haberi
1945 4825 2163 4882 deberet

604 4911 726 4972 post
755 4919 939 4960 sacras
959 4905 1169 4962 litteras
1200 4912 1445 4964 omnium
1468 4914 1946 4982 pretiosissimum.
1979 4917 2164 4989 Siqui—

601 4993 723 5046 dem
767 5003 891 5048 ante
931 4993 1278 5067 Hippolytum
1322 5016 1481 5055 nemo
1509 5003 1808 5074 digesserat
1854 5007 1911 5060 in
1955 5017 2160 5063 certam

599 5085 832 5150 seriem,
888 5102 986 5141 nec
1033 5089 1099 5143 ad
1148 5091 1282 5161 eyeli
1334 5107 1580 5148 normam
1635 5097 1916 5168 redegerat
1977 5114 2163 5155 saeros

599 5179 827 5234 annales
853 5197 866 5233 :
896 5180 1042 5250 quod
1073 5181 1160 5236 ille
1190 5185 1437 5252 praestitit
1468 5185 1906 5244 Christianorum
1934 5193 2166 5262 scripto-

607 5404 636 5476 s
957 5339 1172 5412 Cange,
1207 5340 1422 5398 Praefat.
1449 5335 1543 5398 'ad
1588 5344 1884 5403 Chronicon
1939 5349 2160 5420 Pasch.,

676 5476 785 5561 (60)
825 5477 1367 5561 Pearsonnqnllissert.
1397 5483 1423 5540 1
1449 5484 1516 5541 de
1539 5501 1777 5545 success.
1810 5489 1971 5561 prim.
1999 5491 2159 5548 Rom.

602 5547 948 5623 pontif._ca_p.
982 5551 1132 5623 iO,_§
1161 5554 1211 5608 1.

659 5599 1500 5700 (61)’ῡὸῖὶῖἇεῖίίῡῗδξὲτιεἰξιευι.
1521 5629 1585 5687 de
1601 5627 1757 5687 Rom.
1780 5633 1972 5703 pontii.
1997 5635 2159 5696 nrim.

2223 4619 2228 4677 ί
2264 4647 2392 4701 pum
2432 4645 2500 4686 ex
2561 4645 2639 4685 vn
2707 4633 3103 4688 suburbieariis
3137 4632 3311 4690 fuisse
3357 4637 3603 4693 autumat,
3633 4619 3755 4680 tribui

2264 4739 2374 4793 prie
2397 4723 2610 4779 caeteris
2637 4723 2849 4779 debeat.
2878 4743 2896 4776 ι

2342 4817 2560 4885 Verum,
2586 4818 2629 4873 si
2661 4819 2728 4872 ad
2759 4817 3104 4892 Hippolytum
3126 4821 3433 4890 episcopum
3455 4825 3503 4872 et
3521 4820 3753 4880 martyrem

2265 4909 2445 4964 Conon
2483 4909 2580 4964 iste
2607 4924 2949 4966 marmoreus
2983 4911 3299 4966 referendus
3326 4921 3428 4976 est,
3471 4919 3524 4962 ut
3561 4902 3752 4958 omnium

2267 5001 2550 5056 doctorum
2584 4999 2864 5070 ipsiusque
2894 5002 3028 5056 adeo
3054 5001 3244 5072 Cangii
3269 5000 3514 5070 suffragio
3540 4994 3749 5050 refertur;

2269 5091 2766 5146 demonstraturum
2824 5108 2910 5148 me
2961 5109 3082 5148 esse
3130 5095 3378 5160 confido,
3435 5092 3495 5146 ad
3555 5083 3749 5141 eumdem

2267 5181 2616 5253 Hippolytum
2651 5197 2759 5236 non
2797 5183 3069 5254 pertinere
3097 5183 3336 5238 codicem
3380 5181 3519 5235 illum
3557 5166 3750 5228 Canisia-

2268 5374 2531 5432 success”
2571 5375 2690 5430 cap.
2722 5360 2806 5426 14,
2842 5359 2869 5432 §
2902 5362 2986 5418 19.

2339 5431 2451 5512 (62)
2491 5430 2740 5512 ΒιὲιιῲὮ
2783 5430 3008 5489 Dissert.
3045 5433 3114 5490 de
3150 5433 3280 5512 Coit.

2269 5500 2386 5572 lyti,
2413 5517 2533 5578 cap.
2559 5501 2611 5567 5,
2647 5502 2674 5573 §
2711 5501 2740 5554 7
2766 5519 2942 5575 seqq.,
2972 5514 3026 5562 et
3047 5506 3190 5578 apud
3211 5500 3414 5560 Fabric.
3444 5511 3559 5554 toni.

2266 5587 2390 5644 pag.
2421 5573 2522 5627 114
2544 5581 2598 5628 et
2633 5589 2785 5644 seqq.

3304 5431 3470 5501 poscit.
3511 5424 3560 5479 S.
3590 5417 3745 5501 Hil'P‘f’
3775 5445 3779 5452 ί

3585 5480 3694 5560 on:
3714 5480 3744 5547 ιι
