3844 6188
90 150 95 154 ’
190 146 279 214 395
476 157 499 170 ‘
1102 161 1189 216 DE
1228 162 1387 219 VITA
1425 164 1513 219 ET
1556 163 1865 224 SCRIPTIS
1898 170 1957 227 S.
1987 173 2374 237 HIPPOLYTI.
3249 187 3353 251 594

188 295 302 334 num
334 287 380 333 et
414 276 764 345 Labbeanum,
799 283 1129 351 caeteroquin
1162 286 1510 355 spectabilem
1538 306 1550 341 :
1595 288 1688 343 sed
1718 292 1765 349 A
1798 311 1816 340 «
1854 292 2059 349 bratur.
2090 295 2206 366 lpse
2234 301 2377 354 enim
2402 310 2519 356 erat
2539 302 2744 372 justum
2767 305 2990 363 Pascha.
3017 310 3059 362 A
3090 308 3352 371 Passione

186 386 295 427 esse
319 370 467 441 potius
512 371 869 437 referendum,
897 374 979 428 vel
1015 374 1082 429 ad
1126 374 1391 432 Heronem
1432 379 1584 434 illum
1623 396 1689 436 ex
1796 401 1816 435 ‹
1856 394 2037 441 autem
2088 385 2304 444 Domini
2365 370 2553 461 usque
2597 396 2651 447 in
2702 413 2797 451 xm
2873 414 3074 454 annum
3136 403 3349 473 imperii

187 464 457 536 philosopho
484 462 849 518 Christianum
873 475 925 519 et
953 476 1245 538 martyrem
1275 488 1288 525 :
1320 486 1480 540 quem
1514 472 1627 542 ipse
1656 488 1686 528 a
1795 497 1815 531 ι
1852 478 2141 535 Alexandri
2165 482 2395 540 Caesaris
2423 487 2547 541 anni
2572 486 2696 554 206,
2715 502 2987 548 servatum
3008 503 3092 549 est
3112 462 3344 562 Pascha,

187 565 424 610 neocoratn
462 556 644 625 templi
691 556 966 627 Serapidis
1016 561 1071 614 in
1120 560 1285 616 Portu
1348 562 1596 618 Romano
1618 566 1687 620 ad
1792 586 1812 620 ι
1850 571 1992 638 quod
2033 570 2088 629 in
2125 578 2696 633 commemorationem
2742 579 2957 637 Domini
3005 587 3177 640 nostri
3213 556 3343 645 Jesu

184 649 341 703 Christi
372 648 517 702 ﬁdem
569 661 851 705 evocatum
904 655 1215 722 suspicatur
1262 671 1327 712 ex
1375 656 1559 711 Graica
1601 658 1685 711 in-
1789 681 1808 714 «
1846 663 2047 720 Christi
2081 676 2328 721 servatur
2350 684 2378 721 a
2407 670 2584 726 nobis.
2610 671 2771 727 Fiunt
2800 673 2964 744 igitur
2995 693 3184 734 omnes
3212 682 3344 736 anui

176 740 421 809 scriptione
443 742 579 810 apud
611 742 870 813 Sponium
912 752 1043 800 sect.
1088 763 1141 811 x,
1171 763 1322 800 num.
1354 748 1444 814 22,
1482 748 1681 804 Severo
1789 773 1807 806 «
1846 755 1913 809 ab
1938 756 2107 811 Adam
2144 775 2316 829 usque
2357 762 2410 815 in
2448 763 2593 820 hunc
2625 765 2768 820 diem
2796 740 2923 822 anni
2954 770 3113 826 5738.
3153 793 3171 824 ι
3209 773 3341 840 Qua:

167 834 425 889 Alexandro
452 836 770 904 imperante,
799 839 1009 909 ipsique
1035 840 1169 894 adeo
1191 838 1478 912 Hippolyto
1497 857 1680 912 aequa-
1780 844 1996 913 quidem
2034 846 2121 901 hic
2159 863 2189 901 a
2216 850 2373 905 nobis
2414 853 2576 908 allata
2610 855 2655 909 si
2696 857 2818 927 quis
2853 874 2976 914 cum
3002 862 3088 926 iis,
3122 834 3251 932 qua;
3270 867 3338 920 de

165 924 275 989 lem;
300 936 345 978 et
371 925 431 980 de
463 928 798 995 temporibus
838 929 1127 999 scripsisse
1155 932 1314 986 docet
1342 949 1408 987 ex
1436 946 1675 990 veterum
1777 933 2045 1008 Hippolyti
2073 938 2328 994 Chronico
2354 946 2653 1015 attigimus,
2684 924 2749 1002 ad
2779 953 3041 1007 amussim
3076 924 3335 1012 conferre

163 1016 457 1083 testimoniis,
507 1033 745 1088 eumque
803 1022 1132 1091 neophytum
1175 1023 1419 1093 explesse
1469 1035 1673 1098 marty-
1775 1030 1940 1097 velit;
1981 1032 2113 1087 illud
2168 1034 2345 1106 ipsum
2399 1052 2518 1093 esse
2564 1040 2806 1109 ejusdem
2848 1044 3143 1101 Chronicon
3189 1049 3332 1104 haud

158 1109 286 1162 rium.
325 1108 527 1164 Accedo
576 1111 761 1180 itaque
804 1112 870 1166 ad
923 1128 1042 1167 eam
1103 1117 1461 1183 sententiam,
1507 1131 1669 1189 quam
1774 1119 2057 1176 dilliculter
2082 1122 2218 1179 forte
2250 1128 2528 1196 concedet,
2564 1108 2651 1184 cui
2687 1132 3002 1189 laterculum
3040 1138 3086 1192 is
3118 1141 3332 1208 praemi-

157 1202 349 1257 secundo
393 1202 511 1258 loco
560 1203 705 1259 idem
741 1205 989 1263 laudatus
1020 1219 1212 1264 auctor
1254 1211 1309 1265 in
1355 1210 1671 1281 praefatione
1771 1212 1923 1277 serit,
1963 1215 2043 1269 vel
2065 1215 2383 1284 subdiderit,
2442 1218 2495 1271 in
2553 1218 2830 1278 Paschalis
2862 1223 3003 1289 festi,
3035 1227 3101 1281 de
3119 1202 3242 1297 quo
3273 1228 3331 1284 in

152 1295 393 1359 subtexuit,
408 1297 596 1355 dicens
620 1300 1005 1379 velHippolyto
1020 1305 1292 1377 episcopo,
1310 1308 1392 1361 vel
1420 1325 1439 1359 ι
1462 1310 1669 1364 auctori
1770 1305 1879 1372 illa,
1910 1322 2071 1377 quam
2099 1309 2359 1377 diximus,
2398 1314 2634 1370 sectione
2662 1318 2789 1386 egit,
2815 1317 3121 1374 inveniendi
3150 1295 3327 1375 cano-

149 1389 427 1458 synchrono,
476 1394 570 1461 qui
617 1394 815 1451 vixerit
860 1398 961 1453 sub
996 1399 1305 1455 Alexandro
1344 1403 1609 1474 Augusto,
1642 1418 1660 1455 ι
1767 1413 1889 1451 nem
1916 1415 2009 1454 seu
2042 1403 2315 1470 regulam;
2341 1405 2406 1458 ad
2434 1423 2595 1475 quant
2623 1410 2927 1479 praeteritos
2954 1422 3008 1466 et
3036 1423 3325 1482 sequentes

147 1494 239 1533 esse
287 1480 470 1535 librum
531 1484 985 1553 adjudicandum.
1037 1489 1266 1546 Praestat
1316 1492 1436 1563 ejus
1497 1497 1638 1550 verb:

1766 1502 1941 1543 annos
1975 1493 2281 1561 expendere
2315 1496 2570 1552 lectorem
2608 1502 2859 1557 voluerit.
2894 1522 2913 1555 ι

147 1573 448 1629 transcribere
468 1584 534 1629 ex
557 1592 717 1633 num.
742 1578 809 1631 18
835 1580 1202 1650 prtel‘ationis:

201 1663 476 1719 «Ceterum
514 1664 795 1741 Hippolyti
843 1671 1116 1740 Chronico,
1164 1675 1231 1730 de
1272 1690 1383 1747 quo
1415 1677 1656 1748 agimus,

144 1754 360 1822 geminum
389 1771 554 1828 prope
595 1768 721 1825 est,
756 1761 859 1815 nisi
892 1763 1182 1833 ipsutnmet
1206 1767 1470 1822 exstiterit
1495 1769 1661 1823 Chro-

139 1846 255 1897 nicon
276 1847 413 1913 illud,
444 1852 594 1919 quod
631 1854 804 1909 edidit
831 1854 1097 1912 Henricus
1130 1859 1386 1916 Canisius
1424 1870 1555 1917 tum.
1590 1865 1659 1919 ΙΙΙ

135 1938 505 2009 Antiq.lection.,
529 1954 585 1998 et
612 1943 898 2016 Philippus
917 1946 1168 2004 Labbens
1201 1960 1331 2007 tom.
1362 1952 1541 2009 [novre
1565 1955 1659 2010 Bi-

136 2027 353 2085 ὸιὶοεήεεω
396 2048 460 2088 ex
504 2050 616 2091 ms.
657 2038 844 2094 codice
887 2040 1099 2111 collegii
1142 2041 1316 2100 Paris.
1364 2061 1479 2101 soc.
1527 2046 1655 2104 Jesu

133 2123 261 2180 hocce
303 2127 499 2185 titulo:
571 2131 659 2186 De
709 2134 1057 2190 divisionibus
1123 2149 1171 2193 et
1233 2144 1652 2211 generationibus

132 2220 326 2284 gentium.
353 2220 501 2288 Quod
522 2225 752 2294 quidem
771 2227 1061 2285 Chronicon
1073 2232 1140 2287 ad
1161 2233 1451 2290 Alexandri
1470 2235 1651 2293 Severi

131 2323 284 2366 annum
309 2330 421 2380 xui,
447 2332 695 2389 eumque
722 2321 931 2391 imperii
960 2334 1312 2394 postremum,
1346 2345 1456 2399 quo
1483 2331 1651 2401 impe-

128 2413 244 2457 rante
267 2420 317 2460 se
345 2408 547 2464 vixisse
593 2426 713 2466 non
770 2416 936 2470 semel
966 2430 1161 2473 auctor
1212 2420 1406 2486 innuit,
1444 2425 1646 2492 perdu-

126 2493 244 2549 eitur.
269 2494 313 2553 is
353 2514 475 2555 vero
515 2502 572 2556 in
637 2506 952 2574 praefatione
983 2510 1383 2582 descripturum
1426 2531 1485 2570 se
1526 2517 1642 2572 ait:

130 2585 378 2645 «Gentium
428 2593 801 2664 divisionem,
830 2608 885 2654 et
918 2612 1205 2670 parentum
1243 2605 1642 2662 dinumeratam

129 2682 551 2755 «generationem,
590 2687 1013 2747 inhabitationis
1045 2709 1263 2764 quoque
1295 2706 1562 2767 tempora,
1588 2708 1642 2754 et

127 2784 142 2815 «
166 2768 383 2827 bellorum
407 2777 858 2847 commissiones,
881 2791 934 2836 et
950 2782 1197 2852 judicum
1229 2794 1494 2857 tempora,
1518 2791 1634 2859 qui,

125 2868 205 2914 tet
228 2864 400 2933 quibus
444 2869 679 2941 regibus
718 2874 830 2927 nati
881 2884 1027 2941 sunt,
1075 2878 1373 2949 qualesque
1411 2881 1636 2951 captivi-

124 2961 275 3045 ttates
315 2961 526 3030 populi,
595 2969 657 3017 et
693 2965 892 3034 quibus
945 2967 1221 3037 judicibus
1268 2971 1627 3043 contigerint,
1655 2987 1699 3045 α

124 3056 137 3090 ι
162 3043 325 3116 quique
352 3050 696 3118 sacerdotes,
725 3054 923 3124 quibus
958 3057 1293 3127 temporibus
1316 3059 1553 3129 fuerant,
1577 3074 1632 3120 et

1690 1636 1732 1691 Β
1831 1631 1997 1690 Recte
2045 1638 2261 1706 quidem
2311 1649 2720 1710 argumentatur
2766 1659 2833 1699 ex
2899 1644 3050 1701 hisce
3103 1644 3320 1702 duobus

1763 1728 2008 1783 numeris
2040 1745 2307 1786 annorum
2329 1749 2359 1787 a
2376 1732 2636 1790 Passione
2660 1734 2871 1790 Domini
2896 1738 2964 1792 ad
2993 1754 3195 1792 annum
3219 1756 3319 1794 xm

1764 1818 1947 1876 Severi
1980 1823 2293 1892 Alexandri,
2326 1843 2427 1882 nec
2451 1844 2558 1882 non
2595 1829 2664 1883 ab
2692 1844 2777 1894 eo,
2806 1846 2968 1899 quem
3005 1848 3137 1886 xxxx
3186 1844 3313 1888 ante

1758 1912 2074 1970 Passionem
2104 1931 2169 1972 ex
2215 1927 2456 1975 veterum
2498 1924 2761 1977 sententia
2807 1925 3164 1979 incarnationi
3210 1926 3315 1981 Do-

1756 2007 1973 2064 minica:
2002 2010 2292 2065 tribuebat.
2333 2010 2670 2080 Quinetiam,
2724 2023 2785 2068 ut
2830 2016 3025 2069 addam
3070 2018 3313 2085 reliquas

1753 2099 1991 2168 epochas
2022 2101 2077 2155 in
2112 2117 2419 2157 marmoreo
2434 2100 2642 2158 Canone
2670 2108 2985 2174 reccnsitas,
3013 2110 3304 2163 concedam

1752 2191 2039 2261 plerasque
2068 2208 2256 2247 earum
2283 2210 2405 2249 cum
2441 2196 2684 2250 numeris
2717 2198 2922 2253 codicis
2949 2198 3219 2255 Labbeani
3256 2210 3311 2256 et

1751 2282 2025 2338 Canisiani
2088 2299 2409 2355 congruere.
2469 2285 2665 2341 Verum
2700 2304 2823 2342 cum
2884 2289 3189 2360 discrepent
3237 2292 3306 2346 ab

1748 2373 1953 2427 eisdem
2010 2375 2267 2444 reliquae,
2332 2392 2506 2446 eaque
2554 2380 2896 2449 potissimum
2947 2396 3067 2450 quae
3120 2382 3307 2437 deﬁnit

1747 2464 2090 2519 intervallum
2120 2465 2261 2520 inter
2292 2466 2400 2521 duo
2424 2466 2707 2536 Paschata,
2740 2470 2909 2525 Exodi
2936 2482 2990 2526 et
3025 2471 3300 2541 Ezechiae;

1743 2559 2021 2614 evidenter
2060 2561 2368 2616 ostenditur
2410 2578 2775 2619 marmoreum
2818 2564 3088 2637 Hippolyti
3130 2567 3298 2621 Chro-

1742 2654 1896 2707 nicon
1924 2653 2195 2708 diversum
2232 2669 2352 2709 esse
2384 2670 2415 2707 a
2463 2655 2664 2724 scripto
2694 2656 2794 2725 ipsi
2823 2657 3036 2726 aequali,
3068 2658 3118 2710 in
3145 2673 3299 2711 com-

1740 2747 1883 2815 putis
1939 2746 2299 2801 dissentienti.
2357 2747 2493 2802 Cum
2548 2764 2676 2803 vero
2732 2757 2973 2815 constet,
3026 2749 3297 2823 Hippolyti

1740 2850 1997 2891 numeros
2027 2846 2136 2891 tam
2177 2850 2346 2907 prope
2378 2838 2635 2893 accedere
2676 2840 2743 2893 ad
2776 2841 3092 2909 peritiorum
3134 2843 3294 2899 chrod

1734 2929 2054 3000 nologorum
2115 2931 2428 2999 sententias,
2505 2932 2584 2985 uti
2627 2948 2693 2986 ex
2752 2935 3153 3003 comparatione
3197 2951 3297 2991 os-

1731 3035 1945 3080 tensum
1988 3021 2090 3080 fuit
2142 3038 2303 3092 supra
2348 3032 2613 3079 :econtra
2659 3038 2786 3079 vero
2827 3025 3048 3096 ;vitiosa
3118 3030 3294 3083 mani-

1730 3116 1868 3172 feste
1907 3115 1978 3173 sit
2021 3116 2353 3186 computatio
2402 3118 2658 3188 anonymi
2692 3119 2746 3174 in
2799 3118 3102 3176 definiendo
3150 3138 3289 3192 prie-

1729 3209 1915 3265 sertim
1946 3209 2229 3264 intervallo
2264 3222 2293 3263 a
2321 3208 2586 3265 Paschate
2614 3210 2779 3267 Iosue
2813 3213 2880 3267 ad
2912 3211 3119 3269 Pascha
3154 3213 3289 3270 Eze-

1728 3303 1896 3369 chiae;
1933 3317 2108 3371 operas
2137 3302 2369 3372 pretium
2406 3302 2562 3369 duco,
2593 3303 2830 3359 rationes
2875 3302 3143 3376 Hippolyti
3186 3306 3288 3364 hoc

1731 3393 1785 3447 in
1829 3403 2184 3447 monumento
2219 3393 2536 3461 superstites
2569 3393 2857 3458 exhibere;
2902 3404 2961 3448 ut
2990 3396 3105 3450 haec
3138 3396 3283 3458 anti-

1728 3483 1989 3547 quissima
2028 3482 2271 3538 omnium
2321 3483 2671 3554 chronologia
2709 3484 2999 3554 paschalis,
3032 3485 3283 3542 maxima:

1725 3573 1995 3647 Hippolyti
2032 3574 2234 3644 peritiae
2259 3574 2433 3637 testis,
2467 3574 2521 3627 in
2560 3576 3082 3631 commendationem
3126 3578 3283 3632 cedat

1723 3670 2001 3739 sapientia:
2032 3664 2275 3728 Patrum,
2315 3668 2409 3738 qui
2450 3667 2683 3737 proximi
2722 3670 2790 3723 ab
2820 3669 3101 3737 apostolis,
3127 3678 3181 3724 et
3207 3670 3278 3724 ab

1723 3760 2033 3829 apostolicis
2054 3760 2185 3813 viris
2210 3758 2384 3829 prima
2407 3758 2659 3814 Ecclesia:
2687 3761 2901 3825 saecula,
2928 3769 2987 3815 ut
3014 3762 3276 3830 sanguine

1722 3868 1820 3921 pro
1866 3851 2084 3908 Christo
2146 3850 2295 3917 fuso,
2341 3851 2412 3906 ita
2463 3852 2626 3907 etiam
2678 3853 2892 3923 scriptis
2951 3853 3275 3909 clarissimis

1717 3946 2075 4001 illustrarunt.

122 3154 252 3207 «quae
274 3143 485 3213 divisio,
518 3155 578 3203 et
633 3163 755 3218 qua:
806 3151 1037 3219 perditio
1075 3151 1214 3209 facta
1250 3155 1359 3221 sit,
1391 3171 1627 3226 quonam

120 3244 135 3275 ι
162 3232 285 3287 modo
330 3239 615 3306 generatio
663 3240 889 3297 seminis
944 3244 1115 3303 Israel,
1173 3244 1239 3301 de
1280 3245 1531 3305 Patrihus
1570 3252 1624 3305 in

121 3321 330 3381 tChristo
383 3332 668 3401 completa
725 3333 836 3399 sit,
887 3345 941 3388 et
997 3343 1132 3405 quot
1181 3339 1478 3409 quantique
1518 3357 1627 3415 per

119 3427 312 3483 «quanta
347 3431 602 3492 tempora
647 3423 1061 3482 dinumerentnr
1111 3433 1237 3483 anni
1293 3446 1323 3485 a
1375 3442 1622 3488 creatura

118 3513 299 3566 usuali
347 3529 518 3586 usque
559 3517 626 3571 in
667 3516 811 3574 hunc
856 3520 1021 3575 diem.
1054 3540 1072 3573 ι
1117 3516 1425 3578 Praefationi
1458 3525 1636 3581 indexv

115 3599 354 3671 subjicitur,
400 3608 561 3677 cujus
608 3609 640 3663 6
674 3620 837 3679 caput
872 3611 1025 3667 hisce
1061 3612 1243 3668 verbis
1297 3624 1614 3685 conceptum

112 3688 292 3760 legitur:
335 3716 353 3748 «
385 3698 703 3755 Declaratio
730 3699 973 3768 Paschm,
1003 3710 1058 3757 et
1090 3705 1213 3773 quis
1252 3704 1470 3773 quando
1500 3720 1617 3759 ser-

115 3788 261 3841 navit
285 3804 344 3845 ex
376 3792 725 3862 temporibus
761 3791 935 3865 Moysi
969 3796 1021 3848 in
1060 3794 1206 3850 hunc
1234 3795 1398 3849 diem.
1434 3813 1452 3846 ι
1484 3795 1615 3863 Qua:

110 3877 271 3942 quidem
290 3884 349 3937 ad
371 3900 433 3939 ea
455 3884 797 3951 referuntur,
812 3901 932 3956 quae
956 3885 1224 3940 habentur
1247 3886 1299 3940 in
1325 3901 1385 3942 ea
1412 3888 1607 3943 sectio-

111 3980 172 4029 ne,
195 3971 266 4026 ubi
286 3975 350 4029 de
363 3975 636 4034 Paschate
661 3976 889 4032 subinde
909 3993 937 4030 τι
958 3976 1161 4032 Iudaeis
1189 3988 1380 4033 exacto
1407 3978 1604 4050 agitur.

110 4051 443 4121 Tumadditur:
477 4086 495 4118 «
515 4068 565 4120 Α
590 4068 933 4136 generatione
956 4079 1135 4124 autem
1170 4068 1369 4123 Christi
1398 4078 1519 4140 post
1540 4069 1609 4125 50
1715 4063 2005 4135 (Canonem
2030 4064 2326 4135 pose/talem
2354 4063 2411 4119 S.
2436 4062 2710 4134 Hippolyti
2746 4062 2857 4116 uide
2891 4061 3079 4133 infra.)
3110 4060 3270 4117 Eutr.

112 4164 288 4209 «annos
335 4173 453 4212 cum
508 4173 715 4229 passus
765 4166 847 4214 est
879 4158 1432 4234 DominusHPascha
1465 4161 1606 4218 cele~
1716 4161 1882 4214 Pun.

2855 5656 2932 5722 13
3016 5686 3027 5720 ς

288 5672 543 5730 Pirum.
582 5669 697 5731 Gn.
732 5673 811 5731 Χ.
