3802 6198
578 388 688 450 105

1372 390 1458 447 DE
1496 389 1886 448 POliTUENSl
1922 391 1981 448 S.
2021 383 2385 446 HIPPOLYTI
2416 390 2607 445 SEDE.
2639 420 2709 431 —
2742 390 2919 447 PARS
2955 390 2993 446 1.

3611 405 3693 463 101

577 522 704 566 ante
727 523 900 565 annos
930 507 1116 573 edidit,
1149 525 1313 581 quam
1352 510 1580 569 Rufinus
1610 511 1924 569 Eusebiana:
1961 509 2143 565 Histo-
2170 514 2218 571 Α
2244 511 2459 581 capitali
2494 510 2757 581 supplicio
2790 511 2969 567 statim
3015 513 3266 567 sententia
3296 523 3494 570 senatus
3519 518 3701 577 damna.

578 605 672 657 rite
701 602 1003 658 versionem
1032 601 1370 658 adornasset.
1430 603 1548 658 Non
1594 604 1764 659 levem
1809 604 2040 673 denique
2077 602 2136 659 8.

573 693 784 749 doctori
843 691 1030 750 Graece
1078 707 1144 748 ac
1193 691 1454 751 Hebraice
1503 693 1833 764 peritissimo
1882 694 2138 763 injuriam

573 785 748 856 gratis
796 785 1025 841 inurunt
1068 783 1316 857 Moynius
1359 795 1413 842 et
1466 785 1738 859 Scaliger,
1781 787 1911 843 dum
1960 786 2138 856 ipsum

572 866 685 931 non
715 875 935 932 aliunde
983 876 1117 941 haec,
1155 891 1277 946 quae
1303 877 1371 932 dc
1399 876 1690 948 Apollonio
1716 876 1955 944 tradidit,
2005 876 2140 931 bau-

573 968 713 1023 sisse
738 976 1025 1024 autumant
1051 983 1216 1039 quam
1245 982 1311 1023 ex
1332 978 1627 1023 memorata
1651 966 1834 1023 Ruﬁni
1860 966 2135 1035 versione;

571 1058 704 1128 quid
731 1058 876 1113 enim
903 1059 1022 1129 ipsa
1051 1073 1194 1131 opus
1215 1058 1405 1114 habuit
1436 1058 1815 1132 Hieronymus,
1864 1058 1957 1129 qui
1986 1058 2137 1115 Grae-

570 1162 666 1202 cas
713 1147 919 1203 litteras
966 1156 1078 1203 tam
1120 1148 1289 1218 probe
1328 1148 1548 1203 calluit?
1590 1147 1868 1218 Tandem,
1901 1156 1962 1202 ut
1990 1156 2140 1202 notat

570 1236 922 1294 doctissimus
952 1238 1253 1295 monachus
1269 1237 1635 1296 Theodericus
1665 1238 1978 1294 Ruinartius
2002 1236 2136 1309 (87),

572 1327 632 1382 S.
660 1327 989 1399 Hieronymo
1023 1327 1205 1384 favent
1237 1338 1419 1386 vetera
1463 1344 1693 1400 quaeque
1731 1328 2135 1400 Martyrologia,

569 1410 693 1489 quae
719 1420 808 1475 die
849 1419 917 1473 18
939 1419 1162 1489 Aprilis,
1207 1437 1316 1490 quo
1360 1422 1531 1477 sancti
1570 1420 1839 1490 Apollonii
1881 1420 2023 1475 diem
2059 1418 2138 1475 fe-

569 1522 716 1566 stum
770 1512 1043 1567 celebrant
1069 1555 1084 1576 ,
1132 1529 1257 1567 eum
1303 1512 1548 1568 disertim
1598 1520 1901 1567 senatorem
1957 1510 2139 1582 appel-

572 1603 706 1658 lant.

572 1708 643 1768 γ.
661 1709 722 1766 S.
740 1712 1059 1787 Apollonius
1071 1731 1174 1787 non
1190 1732 1222 1769 a
1243 1715 1470 1771 Perenni
1488 1718 1752 1787 prwfecto,
1769 1717 1858 1772 sed
1886 1733 1920 1771 α
1950 1726 2137 1771 senatu

860 1785 1081 1853 capitali
1128 1788 1385 1841 sententia
1431 1785 1714 1841 damnatus
1746 1788 1868 1858 fuit.

2240 611 2347 658 tur.
2374 621 2394 655 ι
2430 601 2559 658 iure
2592 604 2759 674 igitur
2790 618 2854 658 ac
2904 603 3092 658 merito
3134 602 3381 660 llcnricus
3420 605 3625 666 Valesius
3657 615 3700 668 in

2240 699 2382 753 notis
2410 697 2477 751 ad
2517 696 2660 751 hunc
2685 695 2902 752 Eusebii
2934 694 3109 750 locum
3159 696 3461 752 senatoriam
3491 699 3705 768 Apollonii

2239 789 2553 860 dignitatem
2585 788 2797 858 egregie
2826 795 3003 841 tuetur
3020 824 3036 850 ,
3059 801 3126 840 eo
3171 786 3307 856 quod
3339 788 3445 857 ipse
3472 805 3498 843 a
3525 790 3704 847 Perconi

2238 875 2494 947 praefecto
2541 875 2733 945 jussus
2793 873 2960 930 fuerit
3007 889 3188 929 coram
3244 884 3424 930 senatu
3472 877 3580 933 lidei
3621 894 3712 935 sua

2239 970 2502 1025 rationem
2551 967 2791 1022 reddere.
2839 964 3055 1020 Valesio
3102 964 3433 1021 subscribunt
3476 965 3710 1024 Tillemou-

2238 1062 2348 1117 tius
2372 1059 2484 1132 (90)
2515 1067 2570 1114 et
2600 1058 2880 1130 Remigius
2901 1056 3205 1113 Ceillierius
3232 1056 3363 1127 (91).

2239 1173 2328 1229 VI.
2370 1172 2655 1243 Praefectos
2689 1172 2935 1243 praetorio
2965 1172 3209 1240 ipsosmet
3238 1178 3498 1243 senatores
3526 1168 3715 1237 quando-

2658 1259 2754 1312 que
2774 1242 3043 1311 judicasse
3071 1240 3370 1294 ostenditur.

2310 1333 2499 1404 Neque
2525 1348 2625 1388 nos
2656 1334 2842 1387 sinunt
2871 1333 2923 1385 in
2949 1331 3272 1387 contrariam
3299 1329 3438 1384 abire
3456 1329 3722 1383 sententiain

2241 1425 2498 1498 Scaligeri
2520 1435 2575 1480 et
2597 1424 2795 1496 Moynii
2817 1432 3156 1494 argumenta.
3191 1430 3369 1490 utpote
3389 1436 3499 1490 qua:
3519 1418 3639 1475 facili
3656 1421 3721 1473 di-

2238 1519 2456 1571 luantur
2467 1517 2703 1586 negotio.
2720 1515 3066 1568 Dicuntenim
3082 1511 3329 1582 pratl'ectu
3337 1527 3383 1563 ιιι
3402 1510 3638 1578 praetorio,
3652 1508 3727 1578 qui

2237 1618 2368 1665 tunc
2392 1608 2648 1677 temporis
2670 1622 2735 1661 ex
2751 1605 2986 1675 equestri
3008 1605 3199 1659 ordine
3220 1602 3593 1664 desumehatur,
3608 1613 3727 1653 seut-

2240 1711 2416 1756 torum
2440 1699 2662 1770 judiciis
2685 1699 2946 1752 interesse
2975 1696 3125 1750 nullo
3153 1701 3309 1765 pacto
3334 1691 3587 1763 potuisse:
3610 1691 3725 1760 atqui

2238 1776 2498 1846 Perennis
2521 1790 2771 1860 praetorio
2787 1786 3094 1858 prafectus,
3109 1802 3233 1842 cum
3253 1786 3306 1839 in
3338 1792 3515 1838 senatu
3532 1782 3589 1837 de
3603 1782 3726 1851 Apol-

637 1874 793 1941 Quod
817 1876 884 1931 ad
904 1877 1096 1948 capitis
1123 1881 1447 1935 sententiam
1480 1880 1692 1953 attinet,
1711 1896 1818 1951 qua
1841 1881 2139 1936 damnatus
2166 1864 2208 1918 Β
2237 1878 2385 1933 lonio
2401 1878 2628 1945 quaestio
2652 1876 2835 1931 habita
2859 1886 2942 1931 est
2962 1916 2978 1941 ,
3006 1889 3246 1945 praesens
3280 1871 3402 1939 fuit,
3421 1881 3474 1926 et
3504 1871 3729 1927 sanctissi-

568 1977 653 2025 est
692 1970 1030 2039 Apollonius,
1059 1971 1201 2027 hanc
1230 1987 1338 2028 non
1373 1989 1405 2028 a
1432 1972 1663 2029 Perconi
1692 1974 1969 2044 praefecto,
1987 1977 2078 2030 sed
2104 1991 2137 2030 a

572 2070 766 2116 senatu
787 2063 1186 2131 promulgatam
1214 2073 1446 2121 testatur
1466 2066 1755 2134 Eusebius,
1789 2068 1947 2137 cujus
1974 2067 2137 2123 verba

567 2152 741 2221 paulo
752 2165 913 2222 supra
939 2155 1229 2224 exscripsit
1250 2155 1504 2210 idemmet
1526 2157 1795 2229 Moynius;
1809 2173 1980 2227 quare
1995 2173 2138 2212 sum-

566 2258 788 2314 mopere
819 2247 1112 2311 miramur,
1140 2246 1317 2301 virum
1353 2247 1570 2302 doctum
1592 2289 1607 2314 ,
1639 2249 1840 2304 suimet
1869 2251 2136 2319 quodam-

566 2338 733 2393 modo
751 2337 1123 2405 oblitum,tam
1149 2339 1385 2394 absurda
1402 2340 1703 2396 dictitasse.
1722 2340 1985 2396 Perennis
2006 2357 2138 2410 pra:-

565 2431 711 2486 torio
731 2430 1019 2500 praefectus
1036 2446 1145 2486 non
1168 2431 1223 2485 in
1240 2430 1609 2502 Apollonium,
1626 2432 1720 2487 sed
1745 2432 1799 2485 in
1822 2432 2138 2487 scelestissi-

564 2533 716 2575 mum
735 2520 969 2576 indicem
992 2519 1086 2592 qui
1105 2521 1451 2592 Apollonium
1473 2520 1845 2576 Christianum
1869 2536 1990 2576 esse
2010 2536 2136 2590 pro-

564 2614 707 2670 didit
728 2613 911 2685 (quem
934 2612 993 2669 S.
1015 2610 1382 2686 Hieronymus
1405 2612 1517 2685 (88)
1536 2613 1822 2685 ipsiusmet
1846 2614 1905 2669 S.
1933 2622 2138 2685 marty-

564 2707 647 2762 ris
676 2722 897 2763 servum
922 2705 1184 2763 Severum
1205 2707 1428 2764 nomine
1458 2707 1628 2764 fuisse
1651 2707 1880 2780 scribit),
1906 2707 2135 2763 extremi

563 2800 819 2870 supplicii
843 2800 1170 2856 sententiam
1198 2800 1592 2870 pronuntiavit.
1623 2800 1702 2856 En
1727 2800 1897 2871 ipsius
1917 2799 2134 2855 Eusebii

563 2889 729 2944 verba
756 2890 907 2961 (89):
944 2909 963 2942 ι
1008 2890 1113 2945 Sed
1145 2893 1353 2951 miser,
1384 2893 1577 2963 inquit,
1623 2893 1998 2963 intempestive
2043 2909 2135 2948 su-

565 2989 753 3050 scepta
784 2981 1133 3037 accusatione
1163 2982 1432 3050 (videlicet
1465 2983 1710 3054 servus),
1745 3000 1867 3038 cum
1899 2986 2133 3054 impera—

564 3071 709 3126 torio
737 3071 918 3126 edicto
949 3071 1198 3140 capitalis
1240 3088 1399 3141 paena
1439 3074 1492 3126 in
1522 3089 1618 3128 eos
1680 3076 1772 3144 qui
1811 3076 1935 3130 talia
1979 3075 2132 3130 detu-

532 3196 535 3201 ι
564 3163 758 3219 lissent
797 3175 942 3220 esset
974 3165 1269 3220 constituta
1295 3205 1311 3231 ,
1337 3165 1622 3222 confestim
1662 3167 1850 3225 fractis
1879 3170 2131 3226 cruribus

564 3256 853 3323 occiditur,
877 3254 1120 3312 Perenne
1138 3258 1322 3327 judice
1351 3260 1620 3329 ejusmodi
1653 3263 1914 3320 adversus
1946 3266 2127 3336 ipsum

564 3348 891 3403 sententiam
941 3351 1350 3420 pronuntiante.
1385 3369 1405 3403 ι
1442 3351 1760 3421 Apollonius
1793 3370 1921 3410 vero
1963 3372 1995 3410 a
2043 3373 2130 3413 se-

564 3446 719 3504 natu,
745 3448 806 3493 ut
835 3437 1107 3507 diximus,
1134 3456 1242 3495 non
1276 3456 1305 3495 a
1338 3440 1594 3505 Perenni,
1613 3445 1830 3513 capitali
1860 3450 2129 3503 sententia

566 3526 671 3583 fuit
696 3530 1019 3600 damnatus,
1050 3534 1193 3602 quod
1226 3535 1513 3605 perspicue
1542 3535 1701 3590 docet
1746 3536 2009 3594 Eusebius
2047 3541 2129 3596 his

566 3619 791 3675 verbis:
826 3639 845 3672 ι
876 3620 1079 3677 Verum
1125 3621 1238 3679 Deo
1265 3626 1676 3694 acceptissimus
1722 3639 1944 3701 martyr,
1990 3631 2131 3684 mul-

565 3722 683 3767 tum
711 3728 776 3768 ac
799 3714 961 3769 enixe
987 3730 1113 3769 eum
1140 3728 1405 3773 exorante
1441 3720 1624 3788 judice
1642 3762 1658 3786 ,
1710 3731 1772 3776 ut
1802 3724 1868 3778 de
1896 3724 2000 3780 ﬁde
2032 3741 2130 3781 sua

567 3817 753 3857 coram
778 3812 969 3859 senatu
996 3804 1330 3876 loqueretur,
1347 3822 1471 3863 cum
1495 3809 1859 3865 disertissima
1883 3813 2131 3883 apologia

568 3892 693 3947 tidei
734 3909 847 3950 suae.
873 3910 1056 3950 coram
1105 3896 1359 3953 omnibus
1390 3898 1656 3954 rationem
1691 3908 1920 3957 testatus
1951 3912 2128 3969 esset,

2157 3211 2199 3270 (ἶ

567 4048 1175 4127 ecclesiastiq_ue,_Notes
1217 4067 1320 4127 sur_
1336 4052 1489 4127 saint
1530 4055 1795 4127 Apollone
1839 4057 2129 4127 sénateur,

567 4135 690 4191 pag.
718 4120 822 4197 614
841 4120 970 4176 edit.
995 4121 1166 4176 Paris.
1192 4122 1457 4197 an.1701,
1477 4120 1670 4197 notél:
1696 4146 1715 4177 ι
1738 4138 1855 4182 ...et
1880 4130 2039 4197 qu’ils
2065 4120 2133 4186 ne

568 4205 629 4247 se
664 4191 842 4247 scient
865 4206 961 4260 pas
979 4207 1250 4246 souvcnus
1278 4207 1384 4261 que
1405 4192 1562 4248 Rutiu
1595 4196 1677 4249 n‘a
1706 4191 2131 4254 traduifEuséhe

574 4261 831 4338 queﬁbie‘n
855 4262 951 4338 des
977 4261 1480 4338 années_aprésque
1506 4263 1563 4320 S.
1593 4263 1807 4338 Jérdme
1823 4270 1966 4322 avait
1984 4270 2131 4338 parlé

772 4330 1033 4400 Apollone
1074 4347 1140 4386 en
1165 4328 1289 4397 592,
1317 4328 1453 4390 dans
1476 4350 1574 4390 sou
1602 4337 1758 4393 traité
1777 4337 1879 4393 Des
1903 4328 2131 4396 homines

568 4418 584 4452 Ι
635 4417 694 4452 αδ
724 4417 822 4452 1⁸88.
864 4421 883 4452 ι

567 4417 822 4457 ιιηιεινεε.
864 4421 883 4452 ι

641 4470 751 4540 (87)
790 4472 944 4547 Acta__
973 4480 1286 4547 martyrum,
1335 4488 1459 4543 pag.
1492 4474 1607 4547 12,
1631 4477 1711 4547 de
1734 4474 1791 4547 S.
1847 4476 2134 4547 Apollonio

2238 1983 2385 2023 mum
2407 1966 2611 2023 Christi
2633 1975 2924 2037 martyrem
2948 1981 3047 2035 pro
3072 1964 3329 2021 tribunali
3345 1964 3408 2018 de
3431 1978 3535 2018 sua:
3562 1962 3732 2031 religio-

2239 2062 2323 2116 nis
2348 2061 2452 2115 tide
2472 2059 2843 2129 interrogavit:
2866 2058 3218 2128 Apollonium
3239 2070 3366 2127 ergo
3391 2071 3453 2111 ex
3474 2063 3731 2110 senatorum

2238 2152 2360 2206 albo
2385 2150 2608 2205 omnino
2639 2150 2948 2204 delendum.
2984 2149 3245 2203 Fatemur
3268 2147 3504 2217 equidem
3529 2160 3634 2201 cum
3658 2146 3731 2199 do-

2237 2245 2338 2298 ctis
2370 2243 2499 2297 viris
2523 2241 2810 2297 Pancirolo
2836 2243 2950 2312 (92)
2978 2253 3032 2298 et
3067 2241 3401 2297 Gothofredo
3427 2240 3556 2312 (95),
3582 2248 3735 2308 prato-

2237 2334 2318 2389 rio
2352 2332 2650 2404 praefectos,
2685 2342 2746 2387 ut
2773 2336 2921 2390 viros
2941 2336 3218 2406 equestris
3246 2334 3470 2398 ordinis,
3498 2333 3666 2387 nullam
3693 2332 3736 2385 in

2236 2436 2515 2479 senatores
2545 2432 2870 2493 potestatem
2901 2435 3028 2480 ante
3059 2425 3425 2481 Alexandrum
3447 2425 3559 2495 jure
3582 2423 3738 2476 habere

2234 2518 2503 2586 potuisse;
2570 2533 2759 2572 verum
2807 2520 2880 2574 ob
2943 2520 3390 2589 corruptissimos
3436 2514 3736 2587 quorumdam

2233 2609 2601 2679 Augustorum
2628 2626 2829 2676 mores,
2863 2614 2956 2684 qui
2991 2613 3254 2668 vitiorum
3286 2610 3540 2667 illecebris
3570 2607 3736 2669 irretiti,

2237 2701 2448 2771 imperii
2490 2718 2643 2773 reque
2684 2719 2749 2759 ac
2799 2705 3024 2773 pudoris
3069 2705 3453 2765 immemores,
3487 2698 3740 2769 reipublica

2235 2796 2603 2851 moderamina
2626 2794 2891 2866 prafectis
2917 2797 3177 2867 praetorio
3192 2795 3632 2854 concrediderunt.
3655 2805 3739 2844 rem

2236 2888 2391 2944 aliter
2422 2890 2671 2945 evenisse
2716 2890 2963 2945 scribunt
3008 2891 3231 2945 illurum
3275 2900 3561 2958 temporum
3597 2885 3743 2940 ocula-

2233 2984 2426 3038 tissimi
2454 2992 2636 3048 testes,
2663 2982 2884 3038 Tacitus
2907 2982 3021 3053 (9.1)
3052 3024 3067 3050 ,
3097 2983 3463 3054 Lampridius,
3488 2980 3592 3045 Dio,
3614 2978 3743 3033 Hem-

2233 3074 2448 3139 dianus,
2481 3072 2828 3144 Spartianus,
2860 3075 3082 3144 aliique,
3115 3091 3185 3130 ex
3215 3091 3447 3146 quorum
3477 3085 3744 3129 monumen-

2232 3165 2303 3219 tis
2332 3173 2515 3233 aperte
2551 3163 2859 3234 colligimus
2882 3163 3175 3233 praefectos
3222 3165 3472 3235 praetorio
3498 3178 3593 3218 non
3623 3159 3748 3214 modo

2231 3264 2543 3311 senatorum
2573 3271 2768 3312 causas
2800 3266 2926 3312 ante
2954 3257 3334 3314 Alexandrum
3376 3257 3654 3328 judicasse.
3682 3268 3749 3306 V0-

2229 3364 2374 3415 rum,
2405 3348 2549 3419 quod
2571 3349 2869 3403 maximum
2895 3358 2999 3413 est,
3024 3349 3250 3420 imperii
3281 3349 3509 3405 Romani
3529 3346 3666 3402 veluti
3683 3358 3749 3397 ar-

2229 3441 2403 3496 bitros
2459 3441 2758 3496 exstitisse.
2816 3441 3078 3497 Perennis
3144 3444 3410 3513 praetorio
3481 3438 3752 3511 pmlectus.

2229 3547 2388 3601 quem
2437 3542 2594 3603 negat
2643 3532 2901 3602 Scaliger,
2951 3541 3010 3587 ut
3047 3534 3232 3588 virum
3265 3533 3528 3605 equestris
3555 3527 3748 3591 ordinis,

2230 3632 2542 3678 senatorum
2585 3624 2805 3692 judiciis
2856 3625 3118 3679 interesse
3160 3632 3447 3694 potuisse,
3502 3617 3754 3679 Commodo

2230 3717 2571 3782 luxuriante,
2631 3717 2926 3773 vastissimi
2972 3718 3190 3787 imperii
3238 3720 3479 3774 habenas
3527 3711 3750 3781 suscepit.

2230 3808 2541 3880 Lampridio
2573 3819 2706 3864 teste
2738 3809 2881 3880 (95),
2914 3810 3006 3878 qui
3034 3826 3146 3864 rem
3200 3819 3359 3866 tanto
3384 3812 3616 3881 Augusto
3639 3804 3758 3860 inde-

2232 3916 2416 3957 coram
2457 3902 2712 3972 graphice
2756 3900 3016 3956 describit
3061 3901 3148 3955 his
3190 3904 3383 3959 verbis
3423 3918 3438 3954 :
3487 3920 3508 3952 ‹
3539 3894 3757 3953 Perennis

2231 4064 2435 4119 mensis
2463 4064 2662 4132 Aprilis
2704 4062 2791 4117 die
2834 4062 2920 4128 18,
2966 4063 3020 4117 in
3057 4060 3116 4133 S.
3151 4062 3441 4133 Apollonio
3464 4076 3586 4133 pag1
3613 4058 3699 4112 539
3722 4064 3763 4107 et

2234 4080 2435 4119 mensis
2463 4076 2662 4132 Aprilis
2704 4076 2791 4117 die
2834 4076 2920 4128 18,
2966 4080 3020 4117 in
3057 4076 3116 4117 δ.
3151 4076 3441 4133 Apouomo
3464 4076 3586 4182 pagi
3613 4076 3699 4112 oua
3722 4076 3763 4107 et

2234 4149 2386 4207 seqq.
2416 4134 2544 4207 edit.
2580 4133 2946 4207 Yen_ette__anni
2977 4132 3132 4187 1738.
3162 4131 3222 4186 lii
3264 4132 3513 4207 Romano
3590 4138 3763 4207 artyro;

2233 4192 2375 4274 legio
2399 4204 2559 4258 etiam
2587 4201 2643 4258 S.
2672 4202 2986 4274 Apollonius
3012 4212 3234 4257 senator
3270 4192 3689 4274 nominatuildie

2232 4263 2473 4343 Aprilis,
2514 4289 2635 4344 pag.
2692 4263 2793 4327 156
2838 4273 2997 4344 edit._
3016 4270 3648 4344 Antuerpiensis_161_5.
3695 4263 3766 4342 ulti

2234 4341 2402 4399 ιιίιιιιει
2433 4341 2825 4399 ἀρ’(ὶόωωοάο
2876 4351 2930 4398 et
2968 4341 3237 4398 Perennio
3266 4341 3536 4396 Barouius
3566 4341 3616 4392 in
3653 4341 3766 4389 notis

2234 4424 2636 4469 commemorat.
2678 4483 2691 4484 γ
2764 4483 2781 4484 7
2941 4483 2945 4484 ν
3196 4481 3227 4484 η
3387 4480 3419 4484 ,Α
3758 4473 3766 4484 .

2308 4484 2419 4554 (88)
2459 4485 2591 4552 Cap.
2634 4483 2703 4538 42
2747 4483 2824 4540 De
2850 4483 2975 4539 viris
3008 4480 3330 4554 illustribus.
3386 4480 3668 4554 Deiservo,
3695 4480 3766 4553 qui

568 4541 991 4624 martyrehed-i‘t.
1021 4540 1287 4624 _VCIQIIEBA
1331 4540 1435 4624 an:
1476 4545 1641 4624 751.
1698 4540 2134 4624 Martyrologium
2168 4549 2213 4606 D
2242 4540 2661 4624 S.Apolloiiium
2692 4555 2948 4624 prodidit,
2968 4550 3550 4624 legendusYallarsius
3580 4551 3629 4602 in
3654 4540 3766 4624 iro—tis

568 4611 777 4683 Adonis
798 4613 884 4683 die
912 4612 978 4666 18
1006 4612 1206 4681 Aprilis
1254 4610 1312 4683 S.
1359 4613 1626 4683 Apollonii
1674 4610 1943 4673 senatoris
1980 4610 2137 4675 tiren-

570 4682 771 4762 tionem
783 4682 989 4762 _habet,
1010 4698 1131 4762 pag.
1184 4682 1289 4762 161.
1316 4682 1445 4762 edit.
1464 4754 1474 4762 _
1492 4682 1676 4740 Roma
1701 4686 1867 4762 1715,
1890 4705 2050 4758 opera
2083 4699 2137 4746 et

570 4699 771 4735 tionem
801 4699 979 4748 naoet,
1010 4699 1131 4807 paﬁ.
1184 4699 1281 4736 101
1316 4699 1445 4738 euit.
1492 4699 1676 4740 norum
1709 4699 1867 4753 tua,
1890 4705 2050 4758 opera
2083 4699 2134 4746 et

569 4751 751 4830 studio
781 4751 1046 4830 I_)_omi_nici
1102 4753 1314 4830 ‘eorgii,
1346 4754 1437 4822 qui
1463 4754 1813 4830 insuperlizec
1830 4769 1991 4830 _notat
2013 4776 2134 4830 pag.

568 4821 704 4876 162:
732 4838 751 4873 ι
787 4822 1078 4893 Meminere
1104 4821 1455 4893 Ado’nost’er,
1488 4821 1790 4893 Usuardus,
1829 4821 2134 4885 Romanum

567 4908 820 4974 parvum,
852 4904 905 4948 et
931 4892 1219 4950 Notkerus.
1249 4892 1491 4949 Meminit
1520 4894 1969 4953 Richenoviensc.
2004 4920 2022 4951 i
2062 4898 2137 4955 De

569 4963 717 5016 illius
762 4964 1022 5016 martvrio
1066 4963 1333 5016 Baronius
1380 4964 1447 5016 ad
1492 4981 1581 5016 an.
1628 4966 1766 5016 189.
1817 4985 1967 5016 num-
2015 4971 2036 5016 1
2082 4980 2137 5016 ei

569 4964 717 5018 illius
762 4964 1022 5035 martyrio
1066 4964 1333 5018 Baronius
1380 4964 1447 5019 ad
1492 4981 1581 5020 an.
1628 4966 1766 5031 189,
1817 4985 1968 5023 num.
2015 4971 2039 5024 1
2082 4980 2138 5026 et

568 5048 725 5115 scq.;_
755 5032 956 5115 Pagius
979 5033 1033 5088 in
1056 5033 1344 5115 griticg'ad
1378 5050 1468 5115 an.
1499 5035 1619 5100 187,
1646 5039 1880 5115 num._5,
1912 5055 2134 5115 passum

566 5102 1181 5186 esistimat'annoglsti.
1229 5102 1509 5186 iisuardus
1537 5123 1751 5186 quoque
1913 5102 2137 5186 Apollo-

565 5175 716 5229 nium
743 5176 1008 5230 senatoris
1037 5175 1192 5230 titulo
1218 5174 1523 5231 decoravit:
1548 5174 1567 5228 ἆ
1596 5174 1780 5233 Romae
1808 5179 1949 5234 beati
1966 5174 2137 5250 Ἀβοι-

566 5242 697 5298 louii
726 5245 1013 5298 senatoris.
1050 5246 1142 5298 aui
1176 5245 1280 5298 sub
1302 5245 1602 5298 Commodo
1630 5249 1873 5298 urincine
1907 5266 1936 5298 a
1974 5266 2135 5298 senm

568 5245 697 5298 louii
726 5245 1013 5309 senatoris,
1050 5246 1142 5316 qui
1176 5245 1280 5300 sub
1302 5245 1602 5302 Commodo
1629 5249 1873 5319 principe
1907 5266 1938 5306 a
1972 5245 2135 5306 servo

568 5315 835 5384 proditus,
869 5317 1012 5387 quod
1045 5317 1588 5389 (‘Jliristianusiessen
1634 5319 1843 5389 insigne
1880 5322 2131 5377 volumen

568 5388 895 5456 composuit,
925 5386 1070 5457 quod
1098 5387 1152 5443 in
1180 5397 1368 5442 senatu
1395 5388 1540 5457 legit,
1566 5404 1629 5443 ac
1654 5386 1846 5445 deinde
1871 5393 2133 5447 sententia

569 5403 895 5456 composuit,
965 5403 1070 5441 uou
1098 5403 1152 5443 tn
1180 5403 1368 5442 senatu
1395 5403 1540 5457 tegit,
1566 5404 1629 5443 ac
1654 5403 1846 5445 deinde
1871 5403 2133 5447 sententia

569 5467 792 5528 senatus
816 5403 1159 5528 proiihristo
1190 5458 1364 5528 capite
1395 5467 1674 5528 truncatus
1701 5470 1800 5516 est.
1843 5481 1859 5514 ι
1892 5460 2133 5517 Videnda

566 5540 689 5610 qua:
716 5526 781 5581 ad
813 5526 1182 5610 huncnlocum
1232 5526 1462 5610 notavit“
1485 5526 1721 5610 Joannes
1748 5530 1982 5610 Baptista
2013 5531 2134 5588 Sol-

567 5594 735 5649 lerius
764 5596 1209 5653 accuratissimus
1234 5597 1465 5654 Usuardi
1494 5600 1686 5664 editor,
1715 5594 1846 5657 tom'.
1872 5600 1960 5666 Vl,
1991 5615 2127 5672 part.

570 5679 610 5724 t.
636 5664 765 5741 Acta
797 5676 1109 5741 sanctorum
1144 5671 1349 5724 mensis
1395 5667 1542 5741 Junii
1581 5687 1701 5741 pag.
1735 5671 1840 5726 218
1873 5674 2000 5727 edit.
2043 5672 2133 5727 Ve-

569 5740 707 5810 neta:
733 5734 1483 5813 anni‘17ﬁ,‘nec_nongquze
1514 5734 1837 5813 Gode'fridus
1864 5741 2133 5798 llensche-

572 5802 716 5868 nius,
744 5808 799 5857 et
837 5800 1024 5859 Daniel
1063 5800 1464 5877 Papebrochius
1512 5820 1642 5867 tom.
1706 5811 1746 5865 ll
1785 5812 1903 5867 Act.
1953 5822 2125 5870 sauct.

2239 4625 2303 4678 ad
2336 4616 2478 4679 hunc
2498 4616 3045 4693 locumii'l‘illemmit.‘
3061 4633 3192 4679 tom.
3223 4622 3309 4693 ill,
3335 4638 3461 4693 pag.
3494 4621 3648 4676 citata
3666 4616 3766 4681 6H;

2238 4694 2647 4765 Ccillicr.__tom.
2681 4692 2760 4760 ll,
2790 4710 2917 4765 pag.
2941 4693 3061 4758 152,
3094 4708 3143 4747 c.
3180 4692 3259 4753 15,
3293 4692 3611 4765 ειιιίίξιιε.μ-
3704 4754 3732 4765 η

2309 4763 2419 4833 (89)
2464 4763 2607 4819 Hist.
2644 4754 2825 4819 eccles.
2862 4754 2960 4818 lib.
3023 4754 3073 4829 vv,
3126 4779 3176 4817 c.
3231 4765 3341 4827 21,
3513 4757 3616 4814 240
3661 4754 3766 4811 edit.

2236 4832 2592 4903 Cantabrigte.
2657 4901 2695 4903 Α
2742 4851 2751 4863 ·

2308 4903 2419 4972 (90)
2459 4896 2611 4959 Tom.
2655 4901 2754 4965 ιιι,
2792 4918 2914 4974 pag.
2943 4901 3042 4966 56,
3068 4899 3310 4974 inSaint
3337 4896 3766 4974 Apollone,sémr

2235 4969 2356 5046 teur
2386 4969 2594 5029 remain
2624 4983 2678 5028 et
2703 4969 2911 5046 mai'ty'r
2930 5012 2945 5039 ,
2990 4984 3043 5027 et
3082 4973 3186 5026 615
3224 4983 3279 5027 et
3309 4969 3472 5043 seqq.
3491 5015 3506 5038 ,
3538 4972 3593 5025 in
3621 4969 3766 5023 citati:

2234 5044 2401 5099 uotis.

2307 5112 2420 5182 (9i)
2461 5112 2615 5168 Tom.
2647 5113 2739 5167 cit.
2777 5114 2843 5176 ll,
2871 5128 2996 5183 pag.
3030 5112 3216 5167 eadem
3245 5112 3350 5166 159..
3372 5154 3388 5178 ,
3421 5129 3472 5168 c.
3505 5111 3574 5166 15
3608 5109 3766 5183 citato.

2307 5176 2418 5254 (92)
2456 5184 2511 5239 ιιι
2545 5183 2744 5237 Nolilia
2791 5176 3432 5254 utraqueudignitatum,
3467 5178 3693 5254 capuli,
3726 5176 3766 5229 dt

2234 5250 2504 5378 pgﬁgectis
2542 5255 2813 5325 praetorio,
2857 5269 2977 5357 pag.
3017 5252 3049 5307 7
3091 5250 3219 5309 edit.
3254 5250 3644 5323 Lugdunensis
3668 5264 3765 5301 anu

2307 5394 2418 5466 (95)
2457 5393 2514 5448 In
2542 5395 2663 5450 cod.
2686 5393 3088 5460 Theodosiano,
3119 5408 3237 5466 cap.
3264 5391 3355 5466 15,
3381 5391 3766 5466 desenatoruu

2234 5461 2482 5520 criminis
2513 5480 2730 5520 reorum
2762 5467 2914 5530 loro,
2951 5475 3083 5520 tom.
3130 5461 3198 5519 Ill
3226 5463 3358 5520 edit.
3415 5461 3623 5531 Lipsia:
3670 5471 3766 5511 anu

2236 5534 2392 5608 1758.
2427 5550 2548 5608 pag.
2584 5535 2671 5594 18.
2834 5606 2841 5608 ξ
2970 5605 2999 5608 __
3141 5606 3148 5608 _
3297 5602 3332 5608 _-
3478 5599 3586 5608 ..-..
3624 5597 3653 5608 η
3694 5597 3705 5608 .

2304 5597 2440 5673 (91)
2462 5597 2575 5659 Lib.
2610 5623 2658 5659 iv
2680 5615 2785 5660 etv
2810 5605 3111 5673 Annalium,
3137 5606 3190 5660 in
3217 5602 3430 5675 quibus
3455 5599 3589 5657 Elii
3622 5597 3766 5667 Sejan

2232 5672 2468 5748 praefecti
2505 5680 2754 5748 praetorio
2786 5677 3077 5746 potentiam
3101 5672 3402 5748 describit.

2300 5744 2410 5823 (95)
2450 5740 2516 5823 lii
2550 5740 2834 5823 Commodo
2858 5790 2875 5823 ,_
2926 5763 3046 5823 pag.
3076 5747 3299 5823 Albin
3338 5740 3495 5799 Ilist.
3556 5741 3766 5811 Augusti

2231 5818 2566 5887 scriptoribus
2600 5818 2726 5874 edit.
2759 5815 2928 5873 Paris.
2964 5815 3089 5873 anni
3124 5816 3275 5874 1620.
