3844 6188
215 380 309 434 805

998 378 1084 432 DE
1122 378 1514 438 PORTUENSI
1557 386 1613 440 S.
1650 384 2003 440 lllPPOLYTl
2039 385 2229 440 SEDE.
2266 417 2333 425 ——
2362 385 2539 441 PARS
2570 385 2609 439 l'.

3318 393 3420 448 606

218 514 376 557 autem
408 501 695 556 Commodi
722 502 962 556 animum
997 506 1303 572 przesciens,
1328 506 1546 567 invenit,
1572 524 1757 575 qnem-
1787 514 1830 569 Α
1859 509 1975 568 eius
2020 508 2224 577 judicio
2271 508 2322 561 in
2366 518 2552 563 senatu
2601 508 2937 573 interfuerit,
2992 512 3132 579 quod
3172 512 3418 580 impossi-

218 595 477 647 admodum
527 595 647 662 ipse
686 604 878 662 potens
913 605 1083 659 esset;
1132 612 1255 649 nam
1291 600 1557 665 persuasit
1600 600 1760 652 Com-

217 686 369 746 modo,
402 694 463 736 nt
494 685 614 753 ipse
638 684 853 738 deliciis
880 695 1116 743 vacaret.
1162 686 1301 739 idem
1352 702 1477 739 vero
1505 687 1758 741 Perennis

210 774 332 827 curis
362 774 746 839 incumberet,
796 774 941 844 quod
969 775 1298 830 Commodus
1344 777 1584 831 laetantcr
1606 794 1759 831 acce-

207 866 280 935 pit.
305 886 322 917 ι
358 866 423 919 Et
451 868 625 935 paulo
655 877 777 936 post
806 884 819 919 :
856 885 871 916 ι
898 865 1047 919 Tunc
1078 876 1253 921 tamen
1279 867 1536 922 Perennis
1566 880 1754 924 cuncta

206 960 399 1014 sibimet
428 960 757 1025 vindicavit,
793 976 929 1029 quos
961 961 1131 1013 voluit
1178 961 1470 1024 interemit,
1505 962 1755 1029 spoliavit

207 1050 487 1119 plurimos,
527 1053 715 1105 omnia
763 1052 884 1121 jur-a
912 1052 1189 1105 subvertit.
1222 1071 1241 1103 ι
1281 1050 1587 1120 Lampridio
1627 1067 1758 1106 con«

205 1143 423 1197 sentiunt
446 1140 557 1196 Dio
576 1141 688 1213 (96)
713 1152 766 1197 et
797 1142 1155 1209 Herodianus,
1178 1144 1319 1197 unde
1346 1143 1505 1198 nobis
1528 1159 1755 1214 arguere

206 1234 304 1288 licet
331 1251 504 1303 quam
539 1235 678 1289 altas
709 1235 762 1287 in
814 1234 1043 1304 imperio
1074 1234 1318 1288 Romano
1355 1236 1561 1292 radices
1586 1239 1754 1307 egerit

205 1322 444 1380 Perennis
497 1327 763 1395 potentia.
817 1324 961 1391 Sed,
1018 1340 1084 1380 ne
1128 1327 1215 1380 cui
1261 1328 1484 1380 dubium
1518 1330 1753 1397 supersit

204 1416 487 1471 Perennem
540 1417 798 1486 capitales
836 1418 1335 1473 animadversiones
1389 1419 1441 1472 in
1498 1420 1755 1489 ipsosmet

204 1518 463 1564 senatores
491 1509 831 1573 exercuisse,
860 1509 1231 1563 exscribamus
1259 1509 1346 1563 hic
1390 1510 1753 1565 luculentissi-

206 1616 328 1653 tnum
348 1597 651 1652 Herodiani
676 1597 786 1668 (-97)
812 1598 1202 1664 testimonium,
1219 1614 1284 1652 ex
1307 1616 1416 1669 quo
1443 1615 1549 1655 non
1573 1602 1750 1656 solum

206 1700 395 1745 constat
445 1690 749 1744 Perennem
782 1690 994 1760 plenam
1032 1690 1084 1743 in
1131 1692 1417 1759 primarios
1444 1702 1748 1760 senatores,

206 1783 312 1852 qui,
341 1782 727 1851 coniuratione
757 1780 920 1848 facta,
951 1781 1306 1837 Commodum
1338 1783 1403 1837 de
1431 1785 1607 1839 medio
1644 1786 1747 1840 tol-

1861 599 1965 652 bile
2012 614 2074 652 ac
2120 599 2337 669 penitus
2374 600 2731 669 incongruum
2781 599 2955 653 doctis
2984 602 3115 655 viris
3170 601 3304 655 falso
3338 605 3418 656 vi-

1858 704 1977 743 sum
2006 699 2106 743 est.

1859 843 1973 917 VII.
2015 842 2331 898 Prudentius
2363 845 2718 917 Hippolytum
2757 846 3098 902 Portumsem
3135 850 3416 917 elegantis--

1928 914 2058 966 sima
2093 917 2322 969 carmine
2353 914 2615 982 laudavit,
2659 920 2720 971 de
2767 934 2867 987 quo
2913 928 3082 973 tamen
3116 914 3253 974 varie
3295 938 3452 987 sen-_

1931 986 2068 1037 tiunt
2114 986 2327 1037 eruditi.

1926 1122 2281 1202 Prudentius,
2338 1138 2427 1206 qui
2495 1139 2595 1192 sub
2664 1138 2971 1195 Theodosio
3020 1140 3244 1194 Juniore
3317 1141 3417 1194 ﬂo—

1854 1227 1995 1287 ruit,
2036 1228 2089 1281 in
2144 1228 2283 1281 libro
2330 1229 2468 1296 Περὶ
2522 1230 2869 1298 Στεφάνων,
2928 1232 3129 1301 hymno
3186 1234 3239 1284 Η
3298 1232 3411 1303 (l),

1856 1319 2195 1389 Hippolytum
2232 1327 2519 1391 martyrem
2554 1320 2905 1376 Portuensem
2932 1325 3265 1379 carminibus
3297 1327 3419 1379 suis

1854 1410 2162 1474 celebravit,
2182 1412 2337 1479 cujus
2368 1415 2734 1468 etenteterium
2772 1416 2825 1469 in
2849 1432 2977 1487 agro
3004 1416 3216 1471 Verano
3245 1419 3415 1472 situm

1852 1509 2007 1554 aetate
2036 1516 2133 1553 sua
2159 1516 2502 1571 summOpere
2538 1506 2935 1559 venerabantur
2960 1507 3188 1561 Romani
3215 1509 3412 1562 exteri-

1851 1609 1975 1661 que.
2002 1591 2200 1647 Verum
2234 1610 2300 1647 ex
2330 1603 2409 1649 tot
2440 1595 2761 1667 Hippolytis,
2790 1615 2927 1667 quos
2958 1601 3127 1654 sacris
3157 1600 3412 1655 Ecclesia:

1852 1682 2007 1736 fastis
2033 1682 2296 1751 ascriptos
2322 1686 2616 1750 cernimus,
2648 1690 2900 1756 quisnam
2929 1690 3014 1743 ille
3039 1691 3219 1754 fuerit,
3247 1707 3410 1759 quem

1851 1775 2176 1831 Prudentius
2220 1780 2431 1849 egregio
2479 1781 2579 1834 hoc
2624 1780 2865 1835 carmine
2907 1782 3167 1847 laudarit,
3213 1784 3413 1836 acriter

208 1875 298 1928 lere
346 1875 700 1942 cogitarunt,
746 1873 1177 1943 iurisdictionem
1226 1875 1507 1943 habuisse,
1555 1893 1741 1933 verum
1773 1868 1816 1921 Β
1846 1872 2128 1940 hucusque
2175 1871 2506 1941 disputatum
2562 1872 2665 1927 fuit
2712 1889 2741 1928 a
2790 1874 3181 1929 recentioribus
3228 1876 3409 1944 magni

204 1965 381 2030 etiam,
448 1964 596 2033 quod
650 1979 995 2034 summopere
1059 1966 1398 2031 mirandum,
1462 1968 1749 2037 ipsammet

204 2056 463 2109 Commodi
512 2071 762 2111 sororem
809 2058 943 2111 tanti
981 2058 1200 2112 sceleris
1248 2059 1524 2114 consciam
1557 2063 1748 2117 mortis

203 2149 449 2217 supplicio
496 2149 811 2217 niulctasse.
856 2169 873 2200 ι
914 2148 1252 2214 Quzestiones
1313 2160 1526 2216 autem,
1576 2154 1748 2222 inquit

202 2240 551 2304 Herodianus,
600 2239 869 2295 Percnnio
905 2242 1186 2310 diligenter
1231 2253 1547 2307 exercente,
1593 2260 1746 2299 soror

200 2334 301 2399 ipsa
328 2332 639 2394 Commodi,
671 2332 1044 2402 coniuratique
1070 2348 1277 2396 omnes,
1306 2336 1594 2403 creterique
1618 2351 1747 2403 prae-

196 2431 326 2477 terea
358 2425 845 2493 quantulacunque
892 2425 1199 2493 suspicione
1229 2427 1435 2491 attacti,
1483 2426 1745 2494 supplicio

192 2516 351 2572 allecti
403 2526 554 2570 sunt.
606 2536 624 2566 ι
660 2515 980 2585 Spartianus
1026 2517 1081 2570 in
1137 2515 1351 2582 Severo,
1404 2528 1460 2571 ut
1503 2518 1747 2571 animad-

190 2611 335 2663 t’crlil
362 2610 751 2663 Tillemontius
788 2610 923 2679 (98),
958 2626 987 2662 a
1017 2608 1283 2678 praefectis
1306 2611 1556 2679 praetorio
1590 2626 1745 2665 sena-

188 2702 345 2755 torios
374 2703 523 2755 viros
542 2701 816 2769 judicatos
847 2700 1015 2755 fuisse
1042 2710 1291 2755 testatur.
1320 2700 1552 2757 Severus
1577 2703 1742 2769 enim,

190 2813 207 2842 σ
234 2793 322 2861 qui
349 2810 378 2846 a
410 2792 540 2847 divo
569 2792 750 2847 Marco
776 2793 942 2846 latum
969 2793 1179 2846 clavum
1205 2793 1374 2861 petiit,
1399 2803 1452 2846 et
1481 2794 1740 2862 accepit,»

176 2898 230 2939 et
260 2886 682 2955 quamplurimis
722 2884 936 2955 prmfuit
978 2886 1303 2955 provinciis,
1359 2905 1376 2935 ι
1417 2886 1470 2938 in
1520 2885 1742 2953 Silicia,

176 2978 333 3043 quasi
361 2978 430 3030 de
464 2976 696 3044 imperio
722 2977 804 3029 vel
834 2984 1003 3040 vates,
1029 2977 1110 3030 vel
1133 2976 1412 3031 Chaldaeos
1441 2978 1748 3033 consuluis-

170 3080 282 3131 set,
332 3085 460 3123 rcus
511 3067 688 3123 factus
722 3070 865 3137 apud
902 3069 1179 3138 prmiectos
1233 3070 1514 3138 pmtorio,
1550 3070 1745 3138 quibus

172 3160 481 3215 audiendus
529 3161 689 3214 datus
741 3160 945 3224 fuerat,
991 3161 1104 3230 jam
1139 3162 1435 3216 Commodo
1468 3164 1521 3217 in
1556 3164 1740 3218 odium

168 3264 461 3317 veniente,
515 3252 802 3307 absolutus
834 3262 944 3319 est,
988 3253 1380 3308 calumniatore
1431 3256 1484 3307 in
1526 3271 1741 3309 crucem

170 3355 293 3398 acto
325 3346 467 3415 (99).
497 3364 517 3396 ι
554 3345 633 3399 Ex
666 3345 750 3399 his
785 3346 965 3416 itaque
1013 3346 1459 3401 luculentissimis
1484 3349 1744 3417 exemplis

164 3448 356 3505 aperte
387 3445 657 3502 constat,
708 3436 1003 3492 Perennem
1030 3478 1044 3502 ,
1086 3436 1419 3507 canorosque
1465 3439 1743 3508 praefectos

163 3530 431 3595 praetorio
468 3530 576 3586 sub
627 3529 925 3584 Commodo
974 3530 1181 3599 plenam
1228 3532 1281 3585 in
1327 3543 1606 3587 senatores
1642 3551 1739 3603 po-

164 3619 787 3690 testatemghabuisse;
844 3637 1009 3690 quare
1064 3622 1215 3675 irrito
1265 3638 1488 3691 prorsus
1544 3636 1742 3679 conatu

167 3711 451 3780 Scaliger,
482 3719 538 3765 et
564 3721 688 3781 post
718 3727 840 3764 eum
880 3711 1127 3782 Moynius
1170 3721 1223 3765 et
1264 3712 1494 3783 Pagius,
1546 3714 1741 3768 Ruﬁno

166 3804 405 3858 inscitia:
425 3815 480 3858 et
510 3803 567 3858 S.
607 3803 929 3874 Hieronymo
973 3807 1305 3861 credulitatis
1334 3819 1489 3861 notas
1531 3808 1742 3862 inurere

171 3901 494 3957 tentarunt,
548 3908 671 3947 cum
703 3893 1020 3962 Apollonius
1061 3896 1209 3949 urbis
1247 3906 1467 3951 senator
1504 3914 1622 3951 esse
1653 3913 1743 3966 po-

172 3985 361 4051 tuerit,
380 3984 633 4055 quamvis
656 3983 916 4039 Perennis
950 3988 1199 4055 praitorio
1224 3988 1503 4056 praefectus
1529 3992 1741 4059 capitali

253 4204 364 4271 t96)
414 4202 638 4257 Cassius
691 4202 788 4255 Dio
822 4204 1184 4269 Cocceianus,
1238 4206 1441 4262 llistor.
1497 4208 1744 4263 Ronmnm

180 4274 274 4350 lib:
297 4288 455 4350 _Lxs_tt
482 4275 589 4350 ,__in
623 4273 906 4350 Commodo
929 4316 956 4350 ,Α
992 4287 1121 4350 tum.
1154 4276 1197 4332 ll
1219 4320 1233 4345 ,
1272 4280 1356 4348 ἐξ)
1378 4320 1392 4345 ,
1428 4296 1546 4350 pag.
1586 4281 1741 4343 1210,

188 4345 311 4395 Hii
343 4344 473 4397 edit.
511 4342 804 4413 Hamburgi
833 4347 961 4398 anni
996 4347 1150 4400 1752.

254 4414 365 4480 (97)
397 4414 526 4485 Lib.
566 4429 616 4476 ι,
666 4430 785 4483 cap.
820 4415 882 4479 8,
927 4433 1045 4485 pag.
1097 4417 1167 4471 25
1215 4418 1343 4474 edit.
1389 4417 1472 4473 εἷο.
1528 4419 1740 4477 Henrici

192 4480 763 4555 Biw-IeriAannojiiQ‘i
783 4480 1145 4555 Argcittorati.

252 4553 563 4639 (ttuli‘gom.
596 4551 659 4607 lll
680 4598 695 4621 ,
721 4551 887 4610 Notes
918 4574 1011 4611 sur
1042 4558 1185 4612 saint
1213 4557 1506 4627 Apollone,
1535 4570 1658 4616 note
1689 4564 1741 4629 4,
1777 4570 1820 4624 D
1850 4551 2217 4639 admonitione
2269 4570 2320 4619 in
2347 4551 2709 4639 vmartyrium“
2731 4551 2814 4621 8.·
2839 4551 3107 4639 Hippolyti

184 4639 301 4692 pag.
329 4624 455 4679 615.

256 4696 364 4765 t99)
404 4695 544 4748 Sunt
578 4693 1004 4771 @lii_$partiani
1049 4698 1212 4752 verba
1259 4700 1311 4752 in
1347 4698 1531 4754 Severo
1567 4702 1740 4771 impe-

185 4776 395 4839 ratore,
425 4766 646 4839 pag.
685 4765 886 4819 Histor.
918 4770 1141 4837 August.
1170 4772 1376 4839 script.,
1422 4772 1549 4825 edit.
1587 4765 1737 4827 ciiat.

254 4835 499 4907 (l)APag.
541 4836 653 4907 ¹194Δ
678 4838 809 4890 edit.
854 4835 1161 4907 Antnerpia:
1203 4835 1329 4893 anni
1365 4835 1527 4895 71565.
1577 4844 1742 4898 Aure-

187 4903 290 4978 lius
333 4904 587 4978 Clemens
636 4905 961 4961 Prudentius
998 4903 1156 4963 natus
1184 4922 1266 4963 est
1295 4927 1438 4964 anno
1472 4913 1607 4978 5&8,
1640 4914 1741 4968 sub

198 4973 344 5051 ξλιίςε
393 4977 717 5051 consulatu,
772 4979 1272 5051 ut_ipse__gtestatur
1326 4983 1378 5034 in
1428 4973 1741 5051 pratia-tione

197 5044 634 5122 Cathemerinma,
679 5063 799 5122 pagg.
980 5046 1106 5122 Ejus
1141 5049 1375 5117 Uperum
1428 5044 1739 5122 catalogntn

198 5116 315 5167 texit
347 5116 686 5188 Ccnnadius
714 5146 715 5151 η
741 5119 793 5170 in
863 5118 1117 5188 Catalogo
1172 5116 1399 5172 virorum
1447 5116 1739 5177 illustrium

196 5199 301 5263 cap.
338 5186 435 5263 i5,
467 5201 527 5263 ρ.
556 5186 871 5263 join.
899 5186 1294 5263 l’l_0perumAS.
1328 5190 1635 5263 Hieronymi
1662 5198 1741 5248 ci-

197 5262 305 5334 lane
328 5257 457 5309 edit.
489 5254 756 5334 Vallarsii.
777 5258 908 5334 Vide
935 5254 1181 5314 Ruinart.
1212 5261 1265 5313 in
1283 5263 1410 5334 Act.
1443 5254 1739 5334 Martyrum

196 5327 409 5395 ducem,
457 5341 583 5395 pag.
629 5327 769 5393 144,
823 5330 911 5382 ubi
959 5340 1240 5385 auctorum
1281 5333 1333 5385 in
1388 5327 1736 5389 Prudentium

198 5393 369 5467 laudes
397 5393 683 5465 descripta:
710 5400 1065 5467 reperiuntur.

251 5465 446 5542 (Ξ),ᾼᾴ
498 5480 712 5542 annum
741 5465 942 5523 Christi
987 5472 1120 5542 ᾖξε),
1168 5488 1318 5525 num.
1370 5473 1433 5537 9,
1482 5482 1612 5528 tom.
1652 5474 1693 5528 ll
1721 5519 1736 5542 ,

195 5548 301 5604 pag.
338 5537 435 5590 481
499 5536 629 5613 edit.
696 5538 852 5592 Lucae
885 5558 898 5591 :
935 5559 959 5613 «ν
984 5541 1104 5595 11ωο
1161 5536 1501 5605 Prudentius.
1531 5548 1621 5613 qui
1656 5536 1737 5600 ta;

195 5620 305 5686 tncn
334 5621 521 5686 errore
564 5609 778 5675 lapsus,
810 5618 918 5663 tres
952 5612 1001 5664 in
1040 5629 1205 5686 unum
1240 5613 1517 5686 confundit
1545 5609 1739 5686 Hippo-

197 5674 342 5742 Iytos.
393 5674 848 5755 tnilitemlnempe
878 5697 1091 5747 passum
1120 5684 1220 5755 sub
1263 5682 1548 5738 Valeriano
1570 5727 1582 5747 ,
1610 5674 1737 5755 'c'pi-

195 5757 405 5814 Icopum
443 5750 543 5821 sub
590 5748 898 5821 Alexandro
945 5764 994 5805 et
1037 5754 1405 5821 presbyterum
1450 5748 1738 5811 Antioclic-

198 5828 347 5883 nam,
416 5819 545 5873 olim
620 5817 1353 5893 Novatianum,'mart'yrem
1412 5827 1511 5881 sub
1578 5829 1735 5882 Decio

1847 1964 2089 2019 nominis
2137 1967 2514 2035 scriptoribus.
2562 1969 2666 2021 Alii
2710 1970 2886 2033 enim,
2933 1985 3167 2038 quorum
3214 1986 3408 2039 agmen

1847 2056 1995 2111 ducit
2044 2060 2310 2113 maximus
2356 2060 2638 2114 Annalium
2686 2063 3160 2116 ecclesiasticarum
3210 2078 3408 2132 parens

1847 2148 2112 2204 Baronius
2149 2151 2261 2219 (2),
2310 2151 2601 2206 Prudentio
2646 2154 2777 2207 vitio
2809 2163 3060 2218 vertunt,
3108 2155 3251 2224 quod
3298 2164 3407 2207 tres

1847 2238 2161 2312 Hippolytus
2190 2244 2243 2296 in
2281 2260 2444 2297 unum
2490 2244 2823 2308 confuderit,
2855 2247 3164 2314 episcopum
3203 2246 3410 2299 scilicet

1848 2343 2127 2397 nostrum,
2156 2335 2378 2389 militem
2418 2337 2519 2389 sub
2549 2335 2836 2390 Valeriano
2861 2353 3079 2405 passum
3112 2347 3164 2390 et
3188 2338 3407 2391 demum

1846 2422 2189 2494 Hippolytum
2227 2428 2597 2498 presbyterum
2648 2429 3074 2493 Antioche-num,
3112 2431 3264 2499 prius
3295 2428 3406 2483 No-

1844 2520 1951 2573 vati
1975 2520 2318 2590 discipulum,
2342 2532 2524 2590 postea
2550 2523 2841 2591 gloriosum
2873 2523 3072 2576 Christi
3115 2533 3406 2592 martyrem

1846 2610 1947 2662 sub
1979 2607 2160 2663 Decio.
2202 2610 2303 2662 Alii
2340 2625 2488 2673 vero,
2543 2611 2681 2662 inter
2713 2625 2849 2678 quos
2879 2608 3250 2662 Theodoricus
3282 2607 3410 2661 Hui-

1845 2701 2053 2755 nartius
2077 2702 2175 2767 (5),
2210 2700 2563 2755 Sebastianus
2591 2699 2967 2753 Tillcmontius
2996 2700 3094 2769 (4),
3128 2698 3407 2769 Remigius

1845 2792 2145 2848 Ceillierius
2190 2792 2268 2862 (5)
2295 2832 2307 2853 ,
2355 2792 2552 2859 aliique
2581 2792 2905 2844 contrariam
2938 2807 3161 2860 prorsus
3185 2802 3407 2844 tuentur

1845 2884 2189 2945 sententiam,
2220 2892 2273 2938 et
2294 2882 2643 2937 Prudentium
2675 2883 2743 2935 ab
2774 2884 2875 2936 hoc
2899 2882 3236 2937 confusionis
3272 2884 3406 2937 vitio

1842 2976 2116 3030 vindicare
2150 2986 2416 3029 conantur
2438 3018 2452 3041 ,
2476 2979 2602 3029 dum
2647 2977 2866 3028 unicum
2903 2974 3247 3046 Hippolytum
3282 2992 3403 3045 pre-

1845 3068 2116 3137 sbyterum
2138 3068 2205 3121 ab
2227 3068 2341 3137 ipso
2359 3068 2631 3121 laudatum
2649 3068 2853 3131 dicunt,
2873 3069 2963 3137 qui
2980 3068 3406 3124 Novatianoru

1846 3168 2006 3214 secta:
2057 3159 2265 3228 laqueis
2315 3160 2589 3228 quondam
2650 3160 2921 3227 irretitus,
2972 3177 3161 3215 eorum
3210 3162 3402 3217 haeresi

1844 3252 2182 3321 postmodum
2213 3251 2418 3321 ejurata
2445 3295 2459 3318 ,
2506 3252 2766 3320 insignem
2814 3252 3058 3323 martyrii
3087 3252 3318 3321 palmam
3348 3251 3402 3307 in

1846 3343 2012 3397 Portu
2064 3341 2309 3397 Romano
2354 3354 2435 3397 est
2478 3343 2725 3413 adeptus.
2762 3343 2986 3397 Demum
3036 3344 3236 3397 Fronto
3290 3342 3401 3397 Du-

1846 3450 1989 3490 caeus
2011 3435 2085 3507 (6)
2117 3436 2347 3490 mediam
2373 3437 2512 3489 inter
2531 3437 2629 3489 hos
2653 3434 2931 3504 professus
2956 3445 3037 3490 est
3060 3436 3401 3501 sententiam;

1844 3528 1971 3581 dum
2004 3528 2346 3599 Hippolytum
2379 3530 2688 3598 episcopum
2715 3527 3068 3583 Portuensem
3097 3544 3126 3582 a
3158 3527 3403 3582 Pruden-

1843 3621 1918 3674 tio
1965 3620 2067 3675 hoc
2117 3622 2356 3675 carmine
2400 3622 2676 3674 laudatum
2722 3621 2965 3686 censuit,
3012 3636 3170 3689 quem
3211 3619 3409 3675 Novati

1843 3713 2119 3767 erroribus
2160 3722 2374 3781 captum
2420 3722 2472 3765 et
2522 3729 2646 3765 mox
2688 3723 2811 3766 ante
2857 3712 3102 3782 martyrii
3142 3727 3407 3767 coronam

1842 3805 2144 3858 exsulatum
2170 3803 2404 3857 tradidit.
2434 3800 2641 3868 Quibus
2666 3820 2792 3859 vero
2816 3806 3084 3860 rationum
3115 3808 3405 3863 momentis

1842 3897 2125 3966 praecipua:
2156 3911 2476 3965 magnorum
2514 3897 2752 3950 virorum
2798 3898 3038 3951 nitantur
3084 3900 3401 3965 sententiae,

1843 3990 1994 4057 prius
2024 3988 2314 4057 inquirere,
2339 3998 2393 4042 et
2422 3989 2637 4043 demum
2670 3990 2797 4058 quid
2831 4001 2951 4059 post
3006 3999 3082 4045 tot
3116 4000 3403 4062 tantosque

1844 4217 2187 4285 imperatore.
2222 4235 2238 4267 ι
2286 4216 2341 4269 id
2379 4216 2554 4285 ipsum
2590 4217 2782 4287 repetit
2825 4216 2877 4268 in
2904 4216 3064 4287 notis
3103 4216 3167 4269 ad
3202 4216 3401 4287 Marty-

1843 4288 2107 4355 rologium
2159 4288 2459 4339 llolnanum
2488 4288 2572 4340 die
2601 4288 2669 4338 50
2695 4285 2958 4349 Januarii,
3008 4302 3059 4355 p.
3090 4287 3178 4352 55,
3211 4288 3296 4341 die
3332 4285 3401 4344 Β

1842 4357 2070 4427 Augusti
2096 4396 2107 4412 .
2132 4372 2277 4427 ipag.
2308 4357 2411 4409 540
2431 4398 2445 4423 ,
2472 4366 2525 4411 et
2552 4357 2620 4409 22
2649 4357 2888 4426 ejusdem
2936 4358 3170 4425 mensis,
3203 4374 3255 4426 p.
3296 4359 3401 4414 555

1843 4426 2095 4481 editionis
2130 4426 2417 4480 Rosweidi.

1919 4498 1995 4566 (5)
2033 4498 2166 4548 Acta
2210 4506 2495 4565 martyrum
2538 4497 2761 4554 sincera.
2801 4513 2919 4565 pag.
2970 4498 3071 4551 H5
3119 4500 3208 4553 cit.
3247 4500 3399 4563 cdit.,

3156 4589 3227 4624 τι
3281 4569 3401 4624 Νοη

1846 4637 2009 4707 igitur
2049 4639 2225 4708 alium
2279 4635 2626 4708 agnoscimus
2670 4635 3007 4708 Hippolytum
3038 4635 3091 4693 in
3128 4641 3231 4695 hoc
3266 4639 3403 4694 Pru-

1842 4705 2010 4779 dentii
2048 4707 2496 4779 hymno,pr:rter
2525 4705 2877 4761 Portuetiseni
2926 4721 3213 4779 martyrem
3260 4713 3401 4764 cele—

1846 4777 2159 4841 berrimum,
2211 4777 2298 4829 cui
2354 4777 2465 4830 haac
2508 4778 2709 4843 omnia,
2758 4794 2879 4846 quae
2921 4781 2988 4832 ab
3029 4777 3130 4833 hoc
3182 4790 3402 4834 auctore

1843 4846 2168 4909 referuntur,
2201 4847 2403 4913 Optime
2425 4858 2731 4915 competere
2754 4850 3148 4902 existimamus.
3190 4870 3207 4900 ι

1914 4916 2181 5041 (ι4)4ἰ“υηι.
2216 4916 2301 4981 ιιι,
2334 4932 2450 4986 pag.
2478 4918 2781 4983 675,Notes
2814 4935 2909 4973 sur
2933 4922 3076 4975 saint
3100 4918 3397 4989 Hippolyte,

1938 5004 1966 5039 e
2031 5027 2043 5038 .

1842 4997 1966 5042 note
1992 4997 2043 5041 4.

1914 5059 1990 5127 (5)
2032 5057 2189 5130 Tom.
2222 5057 2285 5130 ll,
2316 5074 2435 5128 cap.
2469 5059 2559 5123 55,
2589 5075 2709 5129 pag.
2738 5060 2860 5130 56?,
2900 5058 2927 5130 §
2961 5058 3013 5113 6.

1913 5132 1989 5197 (ti)
2031 5129 2086 5182 ln
2116 5145 2215 5183 sua
2242 5129 2529 5199 Nicephori
2560 5131 2769 5185 Callisti
2802 5129 3188 5184 Ecclesiastico:
3232 5130 3399 5183 histo-

1841 5200 1935 5251 ria:
1967 5201 2401 5269 interpretatione
2428 5216 2549 5254 cum
2568 5200 2768 5255 Graecis
2808 5202 3001 5255 collata
3026 5211 3079 5255 et
3104 5202 3397 5269 recognita,

1843 5280 1948 5323 tam
1976 5272 2042 5323 ad
2076 5286 2195 5339 cap.
2225 5272 2312 5335 5|,
2348 5272 2443 5326 lib.
2481 5288 2530 5324 tv
2584 5270 2748 5336 Hist.,
2779 5288 2830 5340 p.
2856 5270 2978 5335 550,
3007 5286 3166 5339 quam
3194 5287 3310 5338 cap.
3343 5271 3398 5335 5,

1842 5340 1933 5394 l.b.
1960 5357 2039 5403 vr,
2066 5356 2120 5409 p.
2175 5342 2278 5395 595
2304 5342 2664 5396 etlit.l.utetiae
2702 5342 3031 5395 Parisiorum
3077 5342 3203 5393 anni
3239 5341 3397 5403 i650,

1842 5411 1931 5463 ubi
1977 5412 2042 5463 de
2101 5409 2309 5465 Novato
2357 5416 2577 5475 suisque
2640 5414 2860 5466 asseclis
2895 5410 3133 5475 disserit,
3190 5413 3399 5467 nullum

1840 5480 2007 5534 alium
2036 5479 2379 5552 Hippolytum
2412 5499 2441 5535 a
2475 5479 2768 5535 Prudentio
2815 5483 2864 5552 in
2900 5496 2999 5535 suo
3034 5482 3232 5551 hymno
3283 5483 3399 5536 lau-

1839 5552 2026 5603 datum
2060 5550 2322 5622 agnoscit,
2351 5568 2512 5622 quam
2542 5561 2786 5605 nostrum
2818 5550 3169 5605 Portuensem
3192 5553 3403 5622 episco-

1840 5636 1989 5689 pum.
2023 5638 2042 5697 ε
2076 5620 2391 5697 Hippolytus
2431 5622 2742 5676 Portuensis
2770 5622 3054 5690 episcopus
3079 5632 3131 5697 et
3162 5620 3400 5697 _mar_tyr,

1841 5706 1961 5743 cum
1980 5692 2045 5744 ad
2079 5694 2400 5760 supplicium
2436 5702 2733 5761 raperetur,
2768 5703 2825 5746 ut
2864 5701 2946 5745 est
2987 5694 3127 5762 apud
3159 5692 3403 5749 Pruden-

1842 5764 1995 5824 tium,
2026 5780 2042 5812 ι
2073 5764 2345 5838 respondit
2367 5782 2379 5816 :
2404 5782 2422 5812 ‹
2454 5762 2661 5838 Fugite,
2697 5778 2736 5838 o_
2757 5762 3005 5838 miserim
3040 5773 3166 5828 ete.,
3191 5766 3402 5838 insigne

1842 5833 2239 5888 retractationis
2275 5849 2367 5889 seu
2414 5835 2770 5892 revocationis
2802 5837 3128 5905 cxctnplum.
