3844 6188
477 303 578 364 Ill

1227 299 1349 355 -DE
1385 298 1777 358 PORTUENSI
1825 300 1880 354 S.
1930 298 2295 357 HlPPOLYTl
2326 299 2515 356 SEDE.
2552 329 2619 338 -—-
2649 298 2826 354 PARS
2848 296 2887 350 Ι.

3585 303 3693 357 612

466 424 664 495 vulgus
690 423 890 479 emisit.
940 422 1118 478 Pridie
1155 421 1425 480 Kalendas
1456 423 1736 479 Februarii
1765 423 2029 494 Martyro-
2057 429 2104 485 Α
2131 424 2239 479 cris
2261 423 2515 479 Ecclesia:
2537 422 2693 478 fastis
2713 422 2976 492 ascriptos
2999 424 3288 491 cernimus,
3316 422 3690 489 Prudentium,

469 516 671 586 logium
714 515 1011 570 Florentini
1057 515 1192 586 (22),
1224 515 1620 571 Dacherianum
1659 513 1795 586 (25),
1823 523 1877 570 et
1906 513 2033 569 Gel-

468 607 692 663 lonense
747 608 890 678 (24),
945 606 1292 681 Hippolytum
1346 610 1632 679 quemdam
1695 608 2036 664 Alexandria:

469 706 793 754 memorant.
835 717 855 750 ι
908 698 962 753 in
1012 700 1340 756 Alexandria
1384 700 1613 767 Tarsici,
1668 700 1859 769 Zotici,
1902 704 2034 756 Am-

466 790 639 855 moni,
694 788 987 855 Commini,
1038 790 1273 863 Cyriaci,
1322 792 1568 860 Gemini,
1628 792 1842 859 Gelasi,
1893 793 2035 864 Epo-

467 880 570 949 liti,
607 899 625 933 ι
662 890 765 937 etc.
796 882 931 953 (sive
961 880 1253 955 Hippolyti)
1281 899 1440 954 quem
1468 884 1602 940 alias
1630 903 1650 936 ι
1682 885 2029 957 Appolytum,

467 972 811 1046 Eppolytum,
841 974 1188 1046 Oppolytum,
1238 974 1582 1047 Yppolytum,
1615 994 1634 1028 ι
1673 977 1907 1047 majores
1934 992 2035 1031 no-

468 1066 567 1122 stri
591 1067 781 1122 mediis
813 1067 961 1123 hisce
1001 1067 1332 1138 temporibus
1372 1070 1640 1124 dixerunt.
1677 1069 1884 1136 Quarto
1925 1068 2035 1123 No-

467 1174 567 1215 nas
599 1158 882 1215 Februarii
926 1178 946 1212 ι
991 1158 1427 1231 Forosempronii
1454 1162 1540 1216 via
1579 1161 1867 1228 Flaminia,
1919 1163 2035 1216 mil-

466 1250 624 1305 liario
643 1250 712 1306 ab
742 1252 878 1306 urbe
904 1251 1026 1317 174,
1059 1251 1358 1318 Laurentii,
1386 1252 1627 1326 Eppolyti
1662 1272 1681 1305 ι
1714 1254 2028 1309 memoriam

465 1343 736 1399 celebrant
780 1343 1160 1416 Martytzologia
1216 1344 1551 1413 Florentini,
1600 1346 1879 1412 Dacherii,
1930 1347 2034 1401 An-

466 1434 772 1503 tuerpiense
805 1443 862 1490 et
885 1435 1341 1505 Aquisgranense.
1387 1434 1707 1491 Gellonense
1766 1451 1897 1492 vero
1939 1452 2032 1493 se-

465 1521 652 1590 quenti
680 1521 768 1577 die
801 1521 1148 1594 Hippolytum
1184 1525 1472 1594 quemdam
1505 1524 1777 1581 Africanis
1818 1526 2032 1596 adjudi-

465 1621 554 1667 cat
584 1630 597 1667 :
638 1631 657 1665 ‹
685 1612 873 1670 Africa
910 1614 1126 1679 Felicis,
1176 1614 1479 1680 Laurentii,
1511 1617 1793 1682 Celerinze,
1833 1616 2033 1687 Hippo-

2133 517 2199 571 de
2226 531 2334 586 quo
2389 532 2534 571 nunc
2574 515 2806 588 agimus,
2845 515 3074 570 duorum
3106 515 3189 571 vel
3231 516 3390 570 trium
3432 524 3584 586 gesta
3638 516 3690 570 in

2133 624 2300 662 unum
2332 607 2602 665 conﬂasse
2646 608 2802 665 facile
2841 610 3109 679 quispiam
3142 623 3265 663 cum
3300 608 3541 661 maximo
3580 610 3688 661 An—

2134 699 2333 753 nalium
2387 700 2668 755 conditore
2718 702 2985 771 suspicari
3029 709 3232 771 posset,
3280 700 3327 755 si
3378 699 3691 769 hujusmodi

2136 800 2607 848 monumentorum
2640 801 2790 847 tanta
2821 794 2902 849 vis
2938 803 3100 857 esset,
3132 800 3191 846 ut
3221 803 3437 857 cuncta,
3481 806 3607 860 quas
3640 793 3692 845 in

2132 883 2200 938 iis
2228 884 2514 952 habentur,
2581 884 2818 940 indubiis
2844 884 3123 940 doctorum
3155 884 3395 938 virorum
3421 882 3694 952 suffragiis

2132 976 2312 1030 statim
2334 977 2609 1047 probanda
2627 978 2821 1032 forent.
2857 974 2952 1031 His
2973 976 3238 1045 siquidem
3271 975 3493 1044 positis,
3536 991 3569 1028 a
3597 975 3696 1029 Ba-

2131 1069 2273 1124 ronii
2332 1070 2597 1126 sententia
2642 1070 2727 1124 vel
2781 1069 3063 1123 minimum
3097 1068 3377 1124 dellectere
3416 1069 3695 1138 piaculum

2131 1163 2473 1226 duceremus,
2500 1177 2623 1217 cum
2655 1161 2793 1225 Ado,
2834 1158 3135 1226 Usuardus,
3184 1158 3469 1226 Notkerus,
3524 1161 3697 1215 tribus

2131 1253 2250 1310 istis
2275 1251 2575 1324 Hippolytis
2602 1268 2666 1308 ea
2696 1253 2976 1323 perspicue
3010 1253 3266 1318 tribuant,
3295 1266 3417 1322 quae
3444 1267 3554 1307 suo
3586 1261 3699 1306 tan-

2130 1354 2243 1399 tum
2273 1343 2558 1416 Hippolyto
2585 1343 2876 1400 vindicavit
2903 1344 3250 1401 Prudentius.
3285 1343 3438 1399 Illum
3465 1345 3619 1399 enim
3646 1353 3700 1400 et

2129 1438 2524 1508 presbyterum,
2580 1437 2878 1492 Novatiano
2922 1437 3049 1491 olim
3092 1437 3365 1491 schismati
3419 1436 3697 1491 addictum

2130 1526 2279 1592 facit,
2322 1536 2377 1582 et
2412 1530 2753 1598 postmodum
2788 1528 2956 1598 plebis
2992 1527 3307 1583 Portucnsis
3331 1539 3512 1598 caput,
3550 1544 3615 1584 ac
3646 1528 3698 1585 in

2131 1620 2297 1674 Portu
2327 1620 2573 1675 Romano
2611 1621 2765 1690 equis
2793 1621 3119 1689 discerptum
3155 1628 3442 1691 martyrem
3470 1618 3698 1688 abiisse,

464 1703 581 1775 lyti,
630 1702 947 1762 Felicitatis.
989 1726 1008 1758 ι
1046 1705 1649 1777 Forosemproniensem
1684 1706 2030 1780 Hippolytum
2063 1776 2092 1782 _
2134 1727 2398 1781 sacraque
2427 1711 2596 1780 ipsius
2622 1713 2844 1782 pignora
2869 1711 2921 1765 in
2945 1711 3129 1765 urbem
3163 1713 3443 1776 translata,
3478 1712 3538 1765 in
3574 1728 3697 1781 agro

465 1794 724 1852 Rabanus
752 1797 886 1867 (25),
911 1805 965 1852 ct
997 1796 1266 1853 Notkerus
1299 1776 1411 1869 (26)
1447 1814 1501 1853 tv
1534 1799 1714 1854 Nonas
1752 1776 2030 1877 Februarii
2062 1776 2107 1831 Β
2137 1776 2347 1857 Verano
2375 1818 2405 1857 a
2441 1776 2928 1858 fidelibus'condita
2949 1804 3137 1858 scribit
3155 1802 3499 1858 Christianus
3521 1776 3696 1873 poeta.

464 1890 739 1945 exhibent.
770 1889 1011 1960 Septimo
1033 1889 1301 1946 Kalendas
1330 1891 1454 1945 Maii
1482 1910 1501 1943 ‹
1533 1892 1587 1947 in
1613 1891 1795 1948 Africa
1821 1891 2031 1948 Grisco—

468 1982 571 2050 nis,
604 1982 862 2048 Zenonis,
889 1982 1209 2048 lminandri,
1236 1983 1534 2045 Carmiani.
1569 1984 1813 2049 Arionis,
1874 1983 2029 2055 lppo-

463 2072 582 2145 lyti,
609 2072 835 2129 Diuduri
873 2094 891 2125 ι
923 2074 1245 2129 mentionem
1284 2075 1481 2129 habent
1500 2073 1878 2146 Martyrologia
1913 2075 2033 2131 Flo-

465 2164 665 2219 rentini
714 2174 768 2220 et
818 2165 1087 2221 Dacherii.
1141 2164 1466 2221 Gelloneuse
1519 2168 1728 2221 nullum
1793 2166 1896 2223 hac
1945 2168 2032 2223 die

464 2253 811 2329 Hippolytum
845 2256 1030 2324 refert,
1071 2256 1302 2313 fortasse
1327 2257 1456 2329 quia
1493 2259 1664 2329 ipsius
1710 2260 2030 2315 memoriam

468 2363 521 2401 tv
542 2345 723 2403 Nonas
743 2346 1047 2413 Februarii,
1083 2359 1141 2404 ut
1175 2349 1434 2413 diximus,
1471 2352 1762 2407 recensuit.
1802 2369 1901 2407 xm
1929 2352 2033 2409 Kao

430 2438 657 2495 lendas
703 2438 855 2505 Julii,
912 2458 931 2493 ‹
985 2439 1170 2497 Romae
1223 2442 1481 2513 Yppoliti,
1515 2442 1762 2512 Honorii,
1819 2445 2031 2511 Evodii,

467 2530 612 2587 Petri
655 2549 674 2584 ι
723 2532 774 2591 in
816 2531 977 2589 dictis
1018 2533 1193 2589 tribus
1225 2533 1622 2607 Martyrologiis
1661 2537 1910 2608 leguntur
1935 2555 2034 2594 no-

467 2624 637 2680 mina.
664 2622 1106 2697 Martyrologium
1140 2636 1322 2681 tamen
1360 2630 1793 2698 manuscriptum
1837 2632 2034 2700 reginae

468 2710 695 2777 Suecite,
725 2711 1040 2768 Florentino
1072 2714 1183 2785 (27)
1222 2724 1379 2779 teste,
1416 2733 1523 2771 non
1550 2717 1914 2790 Hippolytum,
1939 2721 2032 2775 sed

469 2823 494 2856 ς
527 2805 583 2860 in
614 2803 883 2877 Hippolyti
910 2809 1223 2862 coemeterio
1268 2827 1287 2859 ι
1318 2810 1620 2863 natalitium
1656 2812 2033 2880 prredictorum

470 2908 769 2969 martyrum
807 2898 1311 2955 diem'celebratum
1348 2902 1597 2957 afﬁrmat.
1628 2903 1802 2970 Quam
1843 2906 2033 2977 optimi

468 2989 677 3045 codicis
704 2990 987 3064 lectionem
1015 2993 1211 3046 merito
1238 2992 1434 3061 probat
1463 2994 1547 3047 vir
1572 2994 1941 3064 doctissimus,
1967 3014 2034 3053 ex

2133 1893 2337 1948 Horum
2368 1895 2584 1965 quidem
2631 1896 2841 1966 singula
2873 1895 3100 1966 singulis
3145 1906 3387 1951 veterum
3432 1895 3695 1968 Martyro-

2132 1986 2397 2055 logiorum
2444 1984 2742 2057 Hippolytis
2786 1989 3074 2043 convenire
3108 2002 3299 2042 omnes
3341 1987 3558 2041 vident.
3613 1986 3697 2041 Et-

2131 2077 2274 2128 enim
2319 2076 2688 2147 presbyterum
2734 2075 3088 2131 Novatianum
3131 2076 3429 2131 Antiochia:
3470 2091 3696 2146 passum

2133 2166 2218 2223 his
2280 2165 2392 2222 fere
2432 2168 2609 2222 verbis
2656 2183 2843 2224 omnes
2870 2183 2991 2223 cum
3045 2166 3279 2222 Nntkcro
3322 2167 3645 2222 describunt
3681 2185 3694 2219 :

2139 2275 2158 2308 ι
2213 2258 2368 2327 Apud
2416 2258 2759 2313 Antiochiam
2820 2258 3002 2328 passio
3052 2257 3227 2312 sancti
3275 2254 3580 2328 Hippolyti,
3609 2258 3695 2327 qui

2132 2346 2323 2403 Novati
2361 2349 2652 2404 schismate
2693 2348 3084 2418 aliquantulum
3120 2349 3396 2418 deceptus,
3437 2358 3698 2417 operante

2133 2438 2301 2508 gratia
2326 2437 2531 2493 Christi
2577 2446 2884 2501 correctus,
2943 2437 3010 2492 ad
3070 2438 3387 2492 charitatem
3440 2436 3698 2492 Ecclesiae

2134 2533 2313 2596 rediit,
2344 2546 2442 2600 pro
2466 2546 2594 2600 qua,
2628 2540 2681 2586 et
2709 2531 2762 2584 in
2806 2545 2909 2600 qua
2957 2529 3166 2585 illustre
3205 2532 3527 2603 martyrium
3577 2547 3697 2586 con-

2134 2624 2423 2679 summavit
2452 2623 2583 2693 (29).
2627 2640 2645 2674 ι
2675 2619 3017 2691 Hippolytum
3050 2621 3270 2675 militem
3306 2621 3464 2690 equis
3490 2621 3698 2676 discer-

2135 2725 2283 2786 ptum
2330 2715 2471 2769 Beda
2522 2729 2643 2769 cum
2697 2727 2823 2767 mox
2868 2713 3148 2768 recensitis
3193 2712 3603 2784 Martyrologiis
3648 2730 3696 2777 ei

2134 2807 2406 2862 Breviario
2430 2804 2715 2860 Mozarabo
2738 2803 2850 2875 (50)
2884 2812 3115 2859 testatur
3154 2803 3257 2860 hoc
3296 2813 3453 2875 pacto
3480 2823 3498 2859 :
3538 2825 3559 2857 ι
3593 2804 3697 2860 Ro-

2134 2911 2237 2951 mae
2264 2894 2320 2950 S.
2360 2894 2650 2966 Hippolyti,
2685 2894 2779 2964 qui
2820 2902 3059 2962 tempore
3104 2890 3248 2948 Decii
3294 2895 3490 2964 ligatus
3538 2896 3698 2966 pedes

2135 2987 2201 3042 ad
2235 2988 2371 3042 colla
2418 2988 2804 3042 indomitorum
2857 3002 3145 3056 equorum,
3205 2988 3285 3042 sic
3327 3003 3425 3057 per
3461 2990 3697 3044 carduos

468 3095 576 3153 qua
597 3095 714 3136 eam
741 3072 970 3136 fortasse
991 3082 1275 3152 descripsit
1298 3082 1602 3153 Stephanus
1630 3087 1678 3140 le
1694 3086 2029 3161 Moyne(28).
2058 3107 2105 3169 ρ
2137 3081 2469 3150 tribulosque
2500 3088 2703 3134 tractus
2740 3080 2919 3135 emisit
2957 3080 3203 3150 spiritum
3235 3080 3365 3151 (3i).
3408 3099 3426 3132 ι
3464 3080 3689 3151 Episco-

471 3171 675 3226 Octavo
700 3169 827 3227 Idus
852 3173 1081 3241 Augusti
1112 3191 1131 3223 ι
1169 3172 1354 3227 Roma:
1393 3174 1445 3227 in
1491 3178 1802 3231 cmmcterio
1840 3178 2036 3236 Calixti

470 3263 561 3317 via
608 3263 779 3333 Appia
835 3264 1032 3318 natalis
1076 3262 1220 3318 Xisti
1260 3265 1520 3335 episcopi,
1554 3275 1684 3332 etc.,
1738 3267 2035 3343 Laurentii,

470 3353 726 3424 Eppoliti,
756 3366 811 3410 et
833 3356 1065 3410 militum
1095 3355 1217 3422 l65,
1266 3374 1285 3407 ι
1343 3372 1411 3413 ex
1457 3358 1728 3427 praedictis
1765 3360 2035 3435 Martyro-

473 3447 634 3518 logiis
691 3448 1012 3503 memoriam
1060 3449 1333 3513 eruimus,
1400 3460 1625 3520 excepto
1669 3455 2038 3511 vetustissimo

472 3538 852 3611 Martyrologio
873 3540 931 3597 S.
964 3540 1269 3610 Villibrodi,
1298 3552 1353 3598 et
1378 3544 1548 3600 altero
1575 3546 1775 3617 regina:
1809 3546 2032 3616 Suecite,

470 3647 614 3703 quae,
648 3632 1071 3691 utFlorentinus
1102 3644 1273 3701 notat,
1316 3634 1665 3709 Hippolytum
1704 3640 1806 3696 hac
1832 3641 1919 3700 die
1956 3658 2038 3696 re-

472 3724 659 3792 ticent,
712 3725 939 3796 ideoque
991 3726 1137 3782 hunc
1178 3727 1246 3783 ab
1296 3725 1603 3801 Hippolyto,
1655 3746 1815 3802 quem
1855 3732 2036 3790 idibus

472 3816 703 3887 Augusti
728 3826 914 3873 sancta
935 3829 1223 3875 veneratur
1258 3819 1535 3887 Ecclesia,
1577 3824 1719 3879 haud
1762 3824 2035 3880 diversum

470 3916 657 3964 censet
683 3909 750 3964 ad
781 3908 983 3965 dictum
1014 3911 1157 3967 diem
1191 3913 1420 3983 ipsemet
1450 3915 1817 3972 Florentinus.

542 3997 600 4054 In
635 4008 785 4057 tanto
817 4002 982 4073 igitur
1029 4002 1440 4077 Hippolytorum
1480 4025 1729 4078 numero,
1762 4027 1899 4081 quos
1943 4027 2034 4068 sa-

549 4270 659 4336 (22)
698 4271 831 4347 Vide
854 4269 1190 4347 pridie__Kal.
1219 4272 1391 4347 Febr.
1440 4289 1564 4347 pag.
1610 4273 1735 4339 291,
1784 4275 1876 4330 ubi
1929 4275 2034 4347 legi

474 4352 704 4413 possunt
723 4340 965 4413 ejusdem
996 4340 1290 4399 Florentini
1316 4340 1644 4399 natationes.

2138 3189 2266 3244 pum
2300 3188 2426 3227 vero
2473 3183 2681 3227 veteres
2724 3173 2816 3227 isti
2853 3174 3341 3229 ecclesiasticarum
3390 3174 3697 3230 tabularum

2139 3266 2429 3335 scriptores
2457 3265 2576 3319 solo
2600 3264 2836 3335 episc0pi
2867 3265 3153 3335 designant
3193 3264 3431 3319 nomine.
3469 3263 3532 3318 In
3559 3264 3699 3319 Mar-

2137 3356 2399 3428 tyrologio
2430 3364 2610 3409 tamen
2645 3354 2908 3420 Romano,
2964 3357 3065 3421 hoc
3108 3371 3174 3411 ex
3216 3355 3365 3411 Actis
3406 3358 3464 3410 S.
3508 3356 3697 3413 Aurea:

2137 3449 2464 3518 descriptum
2500 3447 2696 3517 legitur
2730 3447 2900 3518 ipsius
2923 3447 3155 3519 elogium
3191 3447 3302 3519 (52)
3334 3468 3349 3503 :
3383 3468 3401 3500 ς
3446 3448 3503 3503 ln
3535 3448 3695 3505 Portu

2138 3539 2385 3595 Romano
2424 3537 2695 3610 Hippolyti
2745 3539 2982 3609 episcopi
3040 3539 3343 3594 eruditione
3389 3540 3693 3604 clarissimi,

2137 3633 2232 3704 qui
2260 3632 2362 3687 sub
2400 3631 2708 3686 Alexandro
2748 3630 3093 3700 imperatore,
3127 3631 3198 3685 ob
3229 3632 3547 3700 przeclaram
3581 3634 3694 3687 ﬁdei

2137 3724 2534 3780 confessionem
2566 3723 2815 3779 manibus
2849 3722 3183 3793 pedibusque
3226 3722 3405 3795 ligatis
3439 3726 3492 3778 in
3538 3726 3694 3779 altam

2136 3815 2350 3872 foveam
2395 3816 2553 3886 aquis
2584 3818 2801 3886 plenam
2848 3816 3234 3885 praecipitatus,
3292 3818 3544 3888 martyrii
3592 3821 3696 3890 pal—

2137 3921 2281 3962 mam
2324 3909 2570 3977 accepit;
2625 3907 2782 3977 cujus
2839 3922 3036 3976 corpus
3086 3923 3119 3963 a
3170 3907 3497 3965 Christianis
3560 3911 3694 3980 apud

2136 4002 2383 4058 eumdem
2420 4002 2597 4059 locum
2632 4002 2904 4071 sepultum
2945 4001 3066 4057 fuit.
3107 4020 3126 4053 ι
3183 4001 3278 4057 His
3310 4003 3494 4073 itaque
3540 4020 3695 4076 argu-

2139 4273 2469 4341 totidemque
2499 4277 2554 4325 et
2584 4267 2770 4323 iisdem
2804 4269 3115 4341 nominibus
3154 4278 3421 4341 martyres
3460 4271 3516 4325 in
3548 4281 3693 4327 vetu-

2136 4339 2811 4406 StissimoAntuerpiensi,
2853 4339 3189 4403 Corbeiensi,
3238 4339 3514 4396 et‘nostro
3557 4359 3696 4396 mar-

547 4413 657 4506 (25)
679 4409 850 4494 .Apud
871 4409 1074 4506 Lgcam
1096 4413 1361 4471 d'Acherii
1387 4424 1517 4471 tom.
1551 4414 1595 4469 ll
1618 4414 1909 4487 Spicilegii,
1936 4417 2026 4473 cit.
2060 4450 2105 4506 ι)
2137 4412 2418 4506 tyrologio
2676 4409 3696 4506 nflﬂﬁlfrflllffﬂi‘ﬂ

472 4482 725 4537 editionis
757 4498 876 4552 pag.
919 4482 971 4535 5.

543 4552 657 4623 (24)
694 4552 887 4620 Apudi
929 4567 1047 4606 sum
1086 4551 1303 4609 Acherii
1329 4562 1461 4612 tom.
1495 4556 1642 4623 eod.,
1676 4572 1741 4627 pa
1786 4598 1800 4612 .
1827 4556 1918 4615 27.

546 4621 657 4676 (25)
694 4622 849 4676 Apud
892 4566 1189 4676 {lenricum
1230 4623 1507 4676 Canisinm
1553 4636 1684 4676 tom.
1722 4573 1784 4676 If.
1809 4636 1918 4676 nari

546 4631 657 4690 (35)
694 4631 811 4690 AP“

546 4625 657 4693 (25)
694 4625 849 4691 Apud
903 4625 1189 4678 Henricum
1230 4625 1508 4683 Canisium
1553 4625 1693 4681 tom.—
1720 4625 1785 4693 ll,
1809 4636 1958 4698 parte
1990 4644 2027 4683 ιι

471 4692 654 4766 Antii].
699 4692 846 4755 lect.,
879 4693 1152 4766 editionis
1207 4695 1384 4752 citata:
1426 4711 1546 4766 pag.
1593 4699 1695 4752 519
1730 4715 1742 4750 :
1779 4717 1797 4747 ι
1846 4697 2030 4753 Roma:

474 4761 923 4834 Forosempronii
942 4765 1028 4817 via
1070 4763 1334 4819 Flaminia
1371 4761 1624 4823 milliaria
1661 4768 1727 4820 ab
1749 4769 1881 4822 urbe
1906 4769 2027 4834 174,

474 4832 773 4905 Laurentii,
804 4842 858 4887 et
880 4832 1172 4905 Hippolyti,
1206 4844 1260 4905 et
1288 4837 1543 4892 nativitas
1566 4838 1624 4892 ὃ.
1662 4837 1965 4894 Fortunati.
2006 4832 2023 4891 ι

547 4903 659 4977 (26)
711 4905 865 4973 Apud
899 4903 1170 4977 Aenmd‘em
1212 4904 1492 4977 Gauisium
1550 4918 1680 4964 tom.
1730 4911 1916 4963 eodem
1964 4908 2029 4975 H,

471 4973 720 5049 [ειη-ιιι,
745 4974 1001 5049 pag_.98_:
1032 4994 1050 5026 ι
1094 4973 1221 5049 item
1244 4975 1449 5049 Romae
1482 4977 1915 5049 Forosempronii
1946 4973 2032 5035 via

471 5041 1019 5121 Flaminia‘milliarig
1067 5047 1135 5121 ab
1164 5044 1307 5101 Urbe
1334 5048 1462 5121 165,
1489 5041 1790 5121 Laurentii,
1831 5048 2033 5120 Hippo-

470 5113 588 5185 lyti,
618 5124 673 5170 et
699 5116 954 5185 nativitas
984 5114 1041 5170 S.
1068 5115 1367 5173 Fortunati.
1400 5138 1419 5171 ι

545 5185 657 5257 (27)
695 5204 721 5263 _¢
784 5184 975 5263 Plures
1016 5185 1288 5263 Hippolyti
1335 5189 1556 5263 nomine
1595 5188 1822 5263 uelites,
1853 5189 2038 5263 inquit

470 5251 818 5331 Florentinus
847 5256 901 5311 in
923 5260 1067 5331 natis
1086 5251 1165 5312 'a'd
1204 5251 1343 5331 hanc
1372 5261 1514 5315 diem
1548 5251 1671 5331 pag:
1697 5251 1823 5331 695,
1852 5251 2037 5320 Romae

471 5324 692 5397 fuerunt
724 5329 965 5381 venerati
998 5346 1011 5383 :
1061 5343 1182 5383 cum
1212 5327 1453 5385 Honorio
1488 5324 1691 5397 tame'n,
1727 5324 1936 5386 Evbdio
1981 5342 2039 5389 et

471 5393 840 5466 Petrosociis,
865 5399 991 5454 alibi
1014 5412 1120 5452 non
1143 5400 1432 5455 succurrit.
1462 5401 1568 5456 Eos
1591 5393 1821 5466 tantum,
1849 5409 1903 5457 et
1931 5417 2040 5456 non

471 5466 610 5520 alios
639 5464 826 5522 Romae
857 5484 956 5522 xut
996 5467 1114 5523 Kal.
1148 5471 1200 5522 in
1232 5471 1337 5523 fine
1367 5472 1557 5525 recolit
1585 5472 1747 5526 etiam
1775 5464 1909 5527 mss.
1951 5487 2041 5527 re-

473 5536 615 5611 gina:
640 5535 868 5611 Suecia},
898 5539 1002 5595 hac
1038 5550 1216 5594 tamen
1249 5539 1568 5611 differentia,
1607 5549 1667 5596 ut
1701 5559 1807 5597 non
1843 5542 2041 5611 Hippo-

467 5605 667 5680 lytttm,
697 5609 788 5661 sed
821 5609 890 5680 in,
910 5611 1031 5678 ejus
1056 5614 1371 5666 ctenreterio
1396 5605 1722 5680 Honorium,
1775 5605 2040 5667 Evodium

472 5685 526 5729 et
551 5674 1010 5752 Petrum‘reddat,
1039 5680 1393 5752 quod_tuagis
1427 5683 1602 5752 placet
1644 5703 1656 5739 :
1697 5674 1720 5735 ἑ
1771 5685 1957 5738 Romae
1984 5683 2039 5735 in

476 5764 497 5801 ί
521 5748 829 5803 cmmeterio
848 5747 1114 5821 Hippolyti
1145 5748 1242 5806 SS.
1279 5747 1523 5821 Honorii,
1554 5753 1736 5809 Evozlii
1759 5762 1811 5811 et
1827 5752 1988 5817 Petri,
2025 5773 2042 5805 ι

2131 4478 2421 4556 postremis
2443 4481 2560 4556 lacu
2569 4478 2657 4556 na,
2674 4488 2727 4534 et
2744 4480 3034 4556 legendum
3064 4498 3101 4556 :_
3118 4497 3136 4530 t
3168 4478 3353 4534 Roma:
3370 4478 3423 4556 in
3449 4478 3696 4556 céemete-

2132 4549 2151 4633 ξ
2160 4557 2244 4633 _rio
2257 4551 2592 4633 Hypp_oly_t_i...i
2603 4550 2728 4633 Erat
2743 4549 2825 4603 D.’
2839 4549 3103 4633 Hippplyti
3121 4554 3488 4633 coemeterium
3505 4554 3693 4623 inagro

949 4623 1189 4698 _e_n_ricum
1230 4623 1508 4698 Canisium
1553 4620 1695 4681 tom:
1720 4620 1785 4693 li,
1809 4636 1958 4698 parte
1990 4644 2027 4683 ιι
2127 4620 2795 4698 Verano'jiajiburtina,
2830 4620 3237 4698 vel-idem..\'el
3282 4636 3452 4698 prope
3474 4620 3693 4698 _cmme—

2131 4697 2323 4753 tet-ium
2353 4693 2410 4745 Β.
2449 4690 2888 4763 Cyriaca2,__quod
2920 4690 2993 4744 ita
3014 4690 3268 4763 designat
3296 4690 3432 4745 liber
3472 4692 3689 4746 Pontili-

2129 4766 2262 4821 calis
2291 4765 2343 4816 in
2374 4760 2595 4817 Adriani
2648 4761 2667 4813 l
2706 4760 2825 4815 Vita
2870 4778 2881 4813 :
2935 4780 2953 4810 ι
3010 4760 3180 4814 Simul
3224 4770 3280 4815 et
3328 4766 3689 4816 cmmeterium

2137 4856 2155 4887 ε
2191 4836 2250 4891 Β.
2288 4833 2556 4904 Hippolyti
2583 4832 2736 4900 juxta
2756 4830 2823 4904 WS.
2856 4828 3231 4895 Laurentium,
3265 4834 3409 4900 quod
3442 4848 3471 4885 a
3504 4833 3690 4904 priscis

2137 4925 2155 4957 ι
2190 4902 2497 4961 marcuerat
2543 4902 2972 4972 temporibpska
3013 4915 3153 4956 novo
3196 4904 3477 4972 renovavit
3520 4945 3533 4957 .
3581 4902 3688 4972 pari

2137 4997 2157 5028 ι
2192 4978 2351 5032 modo
2398 4983 2454 5029 et
2491 4969 2772 5029 ecclesiam
2808 4971 2869 5025 Β.
2904 4969 3107 5025 Christi
3135 4973 3389 5043 martyris
3432 4969 3688 5043 Stephani

2140 5067 2159 5099 ι
2198 5050 2356 5103 sitam
2381 5045 2536 5116 juxta
2562 5043 2877 5116 praedictum
2907 5041 3292 5098 cmmeterium‘
3329 5042 3387 5096 S.
3427 5041 3689 5114 Hippolyti

2142 5138 2160 5170 ι
2199 5118 2452 5174 similiter
2481 5115 2827 5169 restauravit.
2869 5130 2889 5164 ι

2207 5188 2319 5262 (28)
2356 5186 2659 5262 ξτοιεεοηι,
2696 5183 2785 5262 ιιι)⁹
2806 5181 2927 5262 V_ar.
2945 5199 3119 5262 _sacr.,
3158 5181 3252 5262 fol.
3280 5183 3351 5239 52
3374 5192 3428 5238 et
3454 5199 3602 5262 seqq.
3626 5250 3655 5262 _.

2208 5251 2320 5329 (29)
2359 5251 2703 5329 Suntiipsius
2739 5251 2960 5309 Notkeri
3006 5261 3166 5309 verba
3214 5256 3270 5308 in
3297 5251 3685 5325 |nostris—uotis

2138 5326 2398 5400 superius
2414 5326 2658 5400 recitata:

2211 5394 2324 5471 (50)
2359 5396 2475 5471 Fol.
2500 5396 2606 5471 595
2628 5394 2888 5471 Breyiarii
2911 5394 3206 5471 Hozarabi.

2214 5463 2326 5542 (51)
2377 5469 2453 5542 Ita
2500 5466 2681 5542 idibus
2717 5466 2946 5542 Augusti
2997 5468 3178 5537 passio
3213 5463 3270 5519 S.
3307 5463 3680 5542 Hippolyti‘de-

2137 5534 2394 5599 scribitur
2423 5538 2489 5609 in,
2508 5534 2887 5609 Martyrologio
2908 5534 3063 5591 Beda:
3090 5552 3213 5589 cum
3246 5534 3680 5609 Auctario'Flori.

2142 5624 2195 5665 et
2216 5613 2446 5665 aliorum
2480 5608 2535 5662 in
2578 5606 2711 5662 tom.
2753 5606 2797 5659 ll
2841 5608 2959 5663 Act.
2995 5616 3309 5662 sanctorum
3341 5608 3543 5665 mensis
3565 5606 3683 5660 Mar-

2145 5682 2205 5735 tii
2233 5683 2377 5736 edito
2406 5695 2524 5749 pag.
2565 5677 2636 5732 26
2656 5677 2785 5733 edit.
2819 5676 3034 5734 Veneta:
3061 5682 3184 5731 anni
3223 5676 3382 5733 1755.

2217 5752 2326 5819 (52)
2366 5749 2459 5806 Die
2489 5765 2602 5805 xm
2633 5749 2875 5818 Augusti.
