3844 6188
253 374 349 431 H5

1017 374 1110 445 ⁵ΒΕ
1144 375 1540 432 PORTUENSI
1574 376 1633 433 S.
1669 374 2025 430 HIPPOLYTI
2073 376 2265 431 SEDE.
2294 410 2362 419 —-
2388 378 2567 433 PARS
2605 378 2644 433 Ι.

3348 382 3451 436 ιιι

257 495 433 550 mentis
456 510 691 565 magnus
713 496 979 551 Baronius
1012 513 1166 553 suam
1200 500 1435 554 tlrmavit
1465 502 1806 565 sententiam,
1836 508 1879 561 Α
1908 516 2069 569 quam
2100 516 2165 555 ex
2196 501 2357 557 veteri
2387 502 2595 571 pictura
2623 498 2792 571 ipsius
2816 498 3022 555 tumulo
3048 498 3311 570 apposita,
3333 516 3456 557 car-

253 606 345 659 qas
376 587 733 642 Prudentium
767 589 1103 645 confusionis
1135 591 1267 645 vilia
1317 593 1371 646 in
1413 593 1513 647 hac
1552 608 1611 646 re
1654 594 1805 647 labo-

252 689 441 735 rantem
470 681 801 735 ostenderet.
835 679 1091 747 Quamvis
1125 698 1249 737 vero
1272 684 1577 752 hujusmodi
1612 700 1806 738 monu-

244 783 432 837 menta,
467 788 537 826 ex
581 773 785 843 quibus
824 773 1050 840 hujusce
1090 776 1370 829 sententiae
1414 784 1524 830 tota
1563 776 1645 829 vis
1675 791 1805 845 pen-

239 863 340 928 det,
370 864 634 927 maxima,
671 873 732 917 ut
772 866 985 934 egregie
1023 881 1120 919 nos
1160 865 1365 929 docuit,
1399 876 1452 921 et
1494 867 1706 935 pietate,
1752 876 1806 921 et

239 953 477 1008 doctrina
509 955 595 1007 vir
627 954 860 1024 insignis
898 954 1269 1010 Theodoricus
1305 955 1624 1012 Ruinartius
1663 958 1799 1029 (33),

238 1045 470 1114 polleant
524 1046 872 1112 auctoritate,
908 1056 1092 1116 utpote
1138 1063 1259 1117 quas
1303 1064 1369 1103 ex
1419 1050 1804 1105 vetustissimis

238 1136 606 1191 Eeclesiarum
646 1136 866 1201 tabulis,
910 1153 1045 1207 quas
1088 1139 1303 1193 illorum
1340 1140 1633 1209 scriptores
1672 1156 1805 1195 eon-

240 1232 472 1296 suluere,
516 1232 627 1286 sint
656 1232 1003 1302 deprompta;
1053 1242 1231 1287 tamen
1263 1249 1385 1287 cum
1416 1234 1562 1287 omni
1588 1235 1804 1302 penitus

208 1324 426 1381 .mendo
490 1324 684 1378 eadem
739 1340 923 1378 carere
975 1340 1136 1379 nemo
1178 1323 1446 1379 aﬂirmare
1498 1326 1687 1395 possit,
1724 1326 1802 1380 id-

203 1486 213 1505 .
241 1418 381 1470 circo
410 1418 534 1471 solo
569 1418 788 1470 illorum
818 1418 1127 1494 testimonio
1160 1418 1511 1473 Prudentium
1557 1417 1802 1473 disertis-

204 1509 432 1562 'simum
477 1510 663 1578 quarti
703 1510 887 1563 saeculi
921 1510 1236 1577 scriptorem
1278 1510 1613 1565 confusionis
1652 1524 1805 1565 reum

244 1602 442 1655 traduci
478 1602 627 1656 haud
664 1617 824 1671 posse
846 1603 988 1656 docti
1026 1602 1126 1654 viri
1162 1602 1612 1657 animadvertunt.

245 1715 307 1771 Χ.
341 1715 658 1769 Ruinartius
684 1716 898 1768 unicum
940 1734 970 1769 a
998 1715 1287 1769 Prudentia
1319 1715 1660 1787 Hippolytum
1688 1717 1809 1772 lau-

813 1788 995 1839 datum
1025 1789 1246 1841 censuit.

308 1880 631 1935 Ruinartius
671 1880 785 1951 (34)
832 1881 1033 1949 itaque,
1085 1890 1139 1935 et
1182 1890 1303 1950 post
1344 1896 1465 1934 eum
1513 1880 1805 1935 Tillemon-

246 1972 343 2025 tius
377 1970 518 2040 (33),
550 1970 839 2025 Ceillierus
867 1972 999 2041 (36),
1026 1971 1235 2026 Caveus
1268 1971 1401 2042 (3'7),
1444 1971 1661 2027 Samuel
1706 1973 1804 2026 Ba-

245 2065 459 2132 snagius
494 2064 607 2134 (38)
650 2064 851 2133 aliique
891 2080 955 2117 ex
1013 2064 1417 2128 recentioribus,
1467 2065 1803 2119 Christiano-

244 2172 355 2209 rum
384 2166 674 2225 poetarum
720 2157 1017 2226 principem
1056 2155 1407 2210 Prudentium
1457 2156 1801 2228 Hippolytum

240 2248 637 2318 presbyterum,
661 2266 766 2302 non
793 2250 1099 2318 epise0pum
1126 2249 1474 2304 Portuenscm
1494 2249 1804 2309 Novatianz

239 2351 392 2394 seetse
419 2341 635 2411 laqueis
657 2343 932 2411 quondam
957 2352 1174 2410 captum
1205 2342 1419 2412 egregio
1440 2342 1541 2397 hoc
1563 2344 1803 2397 carmine

235 2432 495 2485 laudasse
525 2440 778 2498 censent;
838 2431 1091 2502 quodque
1138 2447 1203 2487 ex
1252 2434 1599 2503 sequentibus
1630 2435 1802 2503 ipsius

233 2523 577 2578 carminibus
610 2530 727 2577 tuto
760 2521 952 2577 deduci
983 2538 1142 2593 posse
1169 2524 1268 2579 sibi
1302 2524 1663 2595 persuadent;

233 2634 453 2691 Invenio
513 2637 881 2707 Hippolytum,
923 2639 1012 2707 qui
1055 2639 1316 2706 quandam
1350 2640 1573 2693 schisma
1608 2639 1803 2694 Novati

304 2709 596 2777 Presbyter
632 2712 879 2778 attigerat
911 2721 1092 2761 nostra
1112 2710 1370 2778 sequenda
1409 2727 1599 2779 negans
1634 2713 1763 2781 (39).

300 2798 411 2854 Nec
458 2801 639 2869 ipsum
672 2802 784 2854 ullo
826 2799 1165 2855 confusionis
1202 2802 1334 2855 vitio
1369 2801 1421 2854 in
1456 2804 1802 2859 recensendis

235 2890 518 2963 Hippolyti
565 2893 821 2963 martyris
866 2894 1153 2963 triumphis
1188 2897 1467 2952 laborasse
1514 2906 1797 2961 asserunt,

231 2995 425 3054 utpote
460 2984 559 3054 qui
589 3001 696 3039 non
730 2987 983 3040 inanibus
1016 2988 1161 3056 vulgi
1196 2990 1536 3053 commentis,
1574 2990 1802 3059 aliisque

230 3078 472 3133 turbidis
507 3077 751 3131 fontibus
778 3078 912 3132 tanti
943 3080 1197 3150 martyris
1221 3096 1307 3135 res
1332 3090 1510 3150 gestas
1538 3081 1798 3147 hauserit,

226 3172 327 3227 sed
360 3171 579 3240 optimo
608 3171 809 3226 veteris
842 3171 1065 3241 pictura:
1099 3172 1408 3226 testimonio
1436 3172 1705 3234 suffultus.
1733 3176 1797 3228 ad
1829 3194 1874 3255 ρ

230 3262 354 3330 ejus
383 3262 550 3315 (idem
582 3261 993 3315 celeberrimum
1024 3262 1168 3315 illius
1197 3271 1469 3317 certamen
1496 3264 1580 3317 bis
1604 3266 1803 3319 carmi-

231 3355 396 3408 nibus
428 3353 783 3422 descripserit
811 3372 824 3406 :

303 3467 604 3541 Exemplar
624 3468 840 3541 sceleris
868 3470 1036 3536 paries
1062 3469 1210 3521 habet
1235 3468 1426 3533 illitus,
1457 3471 1511 3523 in
1538 3488 1637 3541 qua

380 3538 695 3592 Multicalar
719 3539 871 3606 fucus
901 3541 1090 3607 digerit
1122 3557 1269 3593 omne
1299 3541 1465 3607 nefas.

305 3609 472 3664 Picta
492 3625 649 3677 super
669 3609 928 3662 tumulum
949 3611 1139 3678 species
1163 3610 1378 3679 liquidis
1396 3612 1526 3679 viget
1546 3609 1766 3677 umbris,

377 3679 639 3749 E/ﬁgians
664 3680 822 3732 tracti
849 3680 1080 3733 membra
1106 3690 1322 3733 cruenta
1348 3681 1446 3735 viri
1474 3681 1605 3752 (40).

304 3793 417 3847 Nec
447 3792 567 3847 sola
594 3789 862 3863 Hippolyti
892 3802 1038 3863 gesta
1071 3792 1139 3847 ad
1163 3793 1359 3848 veteris
1392 3794 1616 3863 picturas
1649 3795 1804 3849 ﬁdem

235 3882 602 3939 Prudentium
641 3899 893 3939 narrasse
935 3893 1176 3951 constat;
1219 3900 1343 3939 nam
1387 3896 1441 3938 et
1474 3886 1805 3940 horrendum

237 3979 374 4032 illud
405 3977 643 4031 ethniea:
691 3977 1044 4033 immanitatis
1079 3978 1407 4047 exemplum,
1452 3977 1597 4047 quod
1648 3979 1806 4031 tertio

238 4070 446 4126 Christi
470 4070 671 4126 saeculo
691 4068 889 4123 Forum
906 4069 1162 4133 Cornelii,
1182 4070 1598 4139 pra-clarissima
1633 4069 1809 4125 Emi-

241 4161 329 4216 lim
361 4162 582 4227 civitas,
629 4160 860 4229 aspexit,
894 4160 1020 4214 dum
1064 4160 1123 4213 S.
1174 4160 1472 4216 Cassianus
1513 4161 1806 4230 gloriosam

243 4255 493 4326 martyrii
548 4254 783 4323 palmam
836 4252 910 4306 ibi
961 4252 1062 4306 fuit
1096 4253 1345 4321 adeptus,
1394 4267 1503 4305 non
1534 4252 1809 4320 aliunde,

317 4414 433 4483 (33)
477 4412 761 4483 Legendus
788 4410 1111 4483 Buinartius
1140 4412 1193 4463 in
1231 4409 1392 4483 citata
1445 4406 1813 4483 admonitione

249 4483 303 4537 in
330 4480 658 4553 martyrium
688 4481 745 4535 S.
787 4481 1076 4553 Hippolyti,
1108 4497 1226 4550 pag.
1262 4481 1383 4542 1M,
1418 4480 1561 4553 _n_.u3.

317 4556 429 4622 (34)
469 4541 529 4606 in
546 4553 797 4621 prazdicta
826 4541 1213 4614 admonitione,
1244 4541 1376 4621 pag.
1398 4551 1531 4622 μδ,
1572 4548 1808 4622 num._l_.
1844 4541 1889 4595 Ι)

320 4619 433 4689 (55)
474 4619 606 4677 Lac.
660 4623 908 4691 superius
951 4624 1137 4684 citato,
1178 4619 1334 4676 tom.‘
1372 4619 1460 4684 ΙΙΙ,
1517 4636 1637 4691 pag.
1689 4620 1812 4684 673,

250 4707 373 4749 note
402 4696 457 4757 4,
491 4710 588 4747 sur
620 4694 763 4747 saint
785 4692 1087 4762 Hippolyte.

319 4766 433 4831 (5.6)
474 4763 633 4817 Tom.
666 4762 729 4825 ll,
762 4780 881 4831 pag.
912 4761 1076 4815 citata
1109 4761 1229 4814 567.

319 4767 410 4825 (5.6
474 4766 633 4817 Tom.
666 4766 729 4825 ΙΙ,
762 4780 881 4831 pag.
912 4766 1076 4815 citata
1109 4766 1229 4814 567.

318 4766 433 4907 (ὅῖζ
473 4834 796 4907 Guilielmus
830 4832 1220 4907 _Qa\'e,uscr’ipt.
1253 4832 1377 4907 eccl.
1428 4830 1633 4907 Hister.
1676 4830 1817 4883 litte-

253 4900 559 4961 raria'tom.
594 4904 635 4967 l,
670 4919 789 4973 pag.
822 4903 926 4955 102
953 4904 1081 4957 edit.
1107 4900 1299 4955 Oxonii
1328 4903 1455 4955 anni
1494 4902 1649 4955 1740.

324 4978 435 5041 (3S)
493 4974 715 5028 Samuel
750 4972 1062 5042 'Basnagius
1106 4973 1649 5032 Flottemanvillzeus,
1700 4972 1810 5023 An-

256 5049 359 5100 nal.
388 5048 592 5114 palitic.
630 5043 970 5097 ecclesiastic.
1008 5056 1137 5098 tom.
1165 5042 1227 5107 ll,
1262 5058 1405 5096 anno
1443 5044 1565 5105 22:2,
1600 5058 1811 5097 numer.

256 5120 308 5183 8,
343 5134 461 5185 pag.
488 5116 596 5170 288
621 5115 750 5169 edit.
775 5114 1119 5185 Roterodami
1150 5130 1279 5167 ann.
1312 5114 1467 5185 1706.

326 5181 436 5257 (39)
455 5185 861 5257 Prudentiusex
885 5184 979 5237 lib.
1008 5185 1147 5251 Περὶ
1180 5184 1516 5257 (περάτων,
1550 5183 1699 5257 hym.
1728 5181 1812 5242 ΙΙ,

257 5254 394 5328 apud
430 5258 706 5328 Ruinartq
742 5254 865 5328 AAct.
894 5258 1092 5328 select.,
1123 5270 1269 5328 pag.,
1303 5255 1424 5316 145,
1456 5270 1507 5305 v.

327 5327 594 5393 t’t0)ldem
616 5325 940 5395 Prudentius
959 5326 1012 5377 in
1035 5321 1155 5379 eod.
1174 5321 1345 5395 b'ym.,
1368 5339 1509 5378 vers.
1531 5322 1652 5387 124,
1673 5321 1815 5391 apud

262 5400 534 5460 Ruinart.,
564 5412 686 5465 pag.
720 5394 841 5447 148.

327 5470 438 5538 (Η)
474 5462 801 5538 Prudentius
841 5466 1028 5537 hymn.
1075 5465 1129 5528 9,
1172 5463 1237 5518 de
1266 5463 1614 5538 S._(_3_assian_o
1642 5462 1815 5538 Foro-

257 5532 587 5601 corm-liano,
644 5552 699 5590 γ.
760 5536 792 5587 9
838 5532 893 5589 εί
932 5552 1069 5603 seq.,
1143 5551 1261 5604 pag.
1333 5534 1434 5587 156
1504 5535 1631 5586 edit.
1702 5532 1815 5585 An-

260 5610 586 5734 ἓιρτρξῖῃείδ
618 5605 747 5659 anni
784 5604 938 5673 1664,
967 5607 1169 5661 aﬂabre
1192 5607 1505 5675 martyrium
1542 5604 1712 5673 ipsius
1743 5604 1814 5655 ita

294 5697 429 5734 ese”
472 5690 514 5733 tt
543 5697 559 5733 :

260 5680 514 5735 describit
543 5697 559 5733 :

331 5818 530 5892 Plagas
563 5820 709 5876 mille
734 5836 909 5891 gerens
937 5829 1070 5874 tatas
1110 5820 1341 5873 lacerata
1372 5834 1460 5887 per
1487 5829 1655 5881 artus,

1906 594 2142 648 minibus
2169 610 2226 648 se
2255 593 2507 648 didicisse
2538 601 2761 647 testatur
2783 592 2891 660 (41)
2921 610 2935 647 :

1976 686 2137 741 Erexi
2171 687 2239 739 ad
2279 687 2460 739 caelum
2488 686 2697 754 faciem,
2730 686 2869 737 stetit
2901 684 3049 737 abria
3084 692 3269 738 contra

2046 756 2211 811 Fucis
2239 758 2469 809 calorum
2499 758 2640 824 picta
2668 756 2843 825 imago
2874 756 3144 825 martyris.

1904 849 1973 905 Et
2004 850 2191 920 paucis
2221 847 2515 918 interiectis
2543 865 2557 901 :

1976 962 2273 1017 Historiam
2304 962 2511 1031 pictura
2537 959 2735 1031 refert:
2761 974 2877 1029 qua!
2905 957 3104 1031 tradita
3126 957 3297 1025 libris,

2056 1033 2239 1087 Veram
2270 1034 2458 1086 vetusti
2494 1030 2735 1099 temporis
2764 1039 3019 1083 monstrat
3044 1030 3221 1097 ﬁdem.

1904 1146 2255 1203 Prudentium
2285 1146 2449 1215 igitur
2482 1152 2802 1214 martyrum,
2829 1157 2968 1211 quos
3002 1142 3260 1203 laudavit,
3305 1154 3455 1211 gesta

1905 1240 2315 1295 accuratissime
2341 1238 2625 1307 scripsisse
2651 1246 2815 1305 patet.
2849 1234 3189 1304 Quapropter
3218 1232 3453 1289 Ruinar-

1906 1334 2014 1387 tius
2042 1348 2100 1387 se
2148 1347 2255 1385 non
2310 1331 2475 1383 alium
2526 1328 2871 1399 llippalytum
2921 1330 2976 1381 in
3025 1327 3127 1381 hoc
3179 1325 3456 1380 Prudentii

1907 1426 2106 1496 hymno
2138 1438 2430 1493 agnoscere
2464 1420 2680 1485 fatetur,
2718 1430 2908 1489 praeter
2933 1420 3281 1474 Portuenscm
3312 1434 3460 1472 mar-

1906 1523 2076 1587 tyrem
2112 1514 2541 1578 celeberrimum,
2576 1511 2663 1565 cui
2710 1511 2823 1564 haec
2856 1510 3057 1574 omnia,
3092 1525 3211 1578 qua:
3253 1510 3319 1563 ab
3360 1525 3458 1563 au-

1905 1616 2055 1662 ctare
2080 1605 2410 1667 referuntur,
2441 1603 2642 1673 optime
2667 1610 2972 1669 competere
2999 1600 3294 1655 existimat.
3332 1599 3459 1653 Rui-

1906 1700 2065 1754 nartii
2097 1697 2413 1752 sententiam
2465 1694 2637 1750 secuti
2672 1702 2820 1757 sunt,
2862 1702 2920 1747 ut
2948 1692 3205 1757 diximus,
3243 1690 3457 1745 Ceillic—

1906 1790 2021 1843 rius
2038 1796 2091 1841 et
2113 1784 2513 1839 Tillemontius.
2539 1782 2644 1838 Sed
2663 1799 2784 1837 eum
2809 1781 2983 1834 virum
3005 1781 3217 1851 egregie
3238 1780 3457 1834 doctum

1909 1881 2129 1935 minime
2172 1879 2436 1941 latuisset,
2465 1877 2817 1930 Prudentium
2871 1872 3151 1944 Hippolyto
3201 1888 3301 1927 suo
3345 1874 3459 1941 epi-

1905 1972 2052 2041 scopi
2088 1978 2265 2040 partes
2292 1986 2348 2024 re
2370 1978 2424 2024 et
2452 1969 2668 2023 nomine
2700 1970 2979 2039 perspicue
3010 1968 3094 2023 his
3124 1966 3459 2023 carminibus

1903 2064 2159 2119 tribuisse
2188 2082 2200 2117 :

1975 2156 2150 2210 Plebis
2179 2172 2354 2210 amare
2378 2172 2487 2210 sua:
2514 2155 2691 2207 multis
2723 2154 3087 2208 comitantibus
3114 2154 3247 2217 ibat,

2044 2227 2324 2281 Cansultus
2351 2243 2589 2296 quanam
2614 2235 2753 2279 secta
2783 2227 2915 2294 foret
2948 2226 3129 2278 melior
3162 2224 3294 2293 (42).

1904 2319 1970 2373 Et
1995 2319 2153 2389 paulo
2185 2326 2306 2389 post
2335 2319 2447 2388 (43)
2480 2335 2495 2373 :

1975 2432 2103 2487 Η(ιέ
2133 2432 2445 2499 persultanti
2474 2431 2663 2484 celsum
2691 2432 2864 2485 subita
2897 2439 3015 2483 ante
3046 2427 3277 2482 tribunal

2047 2502 2281 2571 Offertur
2301 2504 2472 2555 senior
2502 2503 2716 2553 nexibus
2747 2502 3053 2568 implicitus.

1976 2568 2169 2635 Stipati
2201 2574 2393 2625 circum
2415 2572 2627 2638 juvenes
2652 2571 2879 2623 clamare
2904 2568 3210 2637 fremebant,

2053 2643 2234 2712 Ipsum
2264 2641 2591 2695 Christicolis
2618 2657 2725 2693 esse
2752 2651 2907 2708 caput
2932 2639 3159 2712 populis.

1971 2713 2029 2769 Si
2043 2704 2187 2837 ﬂaret
2214 2713 2528 2765 exstinctum
2553 2727 2765 2779 propere
2792 2704 2966 2778 caput,
2996 2704 3171 2760 omnia
3197 2704 3338 2777 vulgi

2090 2794 2264 2837 ectara
2291 2781 2542 2833 Romanis
2573 2790 2754 2837 sponte
2784 2779 3045 2832 sacranda
3080 2780 3225 2837 deis;

2090 2794 2264 2837 ectara
2291 2781 2542 2833 Romanis
2573 2790 2754 2849 sponte
2784 2779 3045 2832 sacranda
3080 2780 3225 2839 deis;

1903 2895 1963 2938 ut
2000 2882 2299 2953 argumenti
2331 2879 2639 2949 hujusmodi
2688 2879 2792 2932 vim
2827 2878 3152 2939 declinaret,
3188 2889 3295 2945 quo
3332 2890 3463 2929 sane

1903 2975 2099 3044 posito,
2135 2971 2415 3041 potissima
2441 2971 2559 3039 ejus
2589 2968 2897 3038 conjectura
2926 2969 2993 3022 de
3024 2967 3309 3036 Hippolyto
3339 2980 3459 3033 pre-

1903 3067 2116 3138 sbytero
2148 3065 2359 3135 penitus
2382 3072 2679 3125 corrueret,
2710 3060 2776 3115 ad
2803 3060 3165 3114 Sozomenum
3196 3055 3460 3126 confugit,

1903 3158 2127 3227 ejusque
2157 3155 2467 3210 testimonio
2504 3154 2638 3218 haec,
2685 3169 2808 3222 qua:
2840 3152 2907 3207 ad
2956 3150 3297 3220 Hippolytum
3342 3147 3457 3217 epi-

1904 3265 2127 3318 scopum
2186 3247 2427 3303 referunt
2477 3246 2746 3299 Baronius
2808 3244 3096 3312 exterique
3148 3242 3465 3313 presbytero

1902 3345 2063 3397 etiam
2093 3356 2390 3410 congruere
2420 3355 2577 3408 posse
2606 3339 2873 3393 dictitarit
2915 3336 3049 3405 (Η).
3072 3334 3161 3387 lllc
3190 3335 3333 3387 enim
3353 3331 3464 3402 (/03)

1906 3433 2160 3487 Historia:
2206 3430 2575 3485 ecclesiastica:
2628 3429 2768 3482 libro
2811 3428 2987 3497 primo
3041 3425 3369 3494 praecipuum
3411 3422 3469 3475 in

1904 3524 2262 3579 Alexandrina
2296 3521 2535 3577 Ecclesia
2566 3536 2775 3574 morem
2803 3520 3109 3573 obtinuisse
3149 3516 3364 3577 scribit,
3410 3522 3470 3567 ut

1906 3615 2007 3668 sub
2039 3629 2148 3667 uno
2176 3614 2450 3680 episcopo,
2495 3611 2587 3679 qui
2618 3611 2872 3665 omnibus
2923 3621 3137 3678 praeest,
3171 3606 3468 3677 presbyteri

1908 3704 2193 3774 separatim
2224 3702 2494 3757 Ecelesias
2526 3702 2831 3755 obtinerent
2861 3711 2914 3754 et
2943 3699 3200 3769 populum
3254 3699 3320 3751 ad
3350 3698 3470 3751 illas

1906 3796 2196 3851 convenire
2225 3794 2443 3849 solitum
2475 3793 2823 3862 colligerent,
2869 3806 3030 3860 quem
3058 3791 3219 3844 etiam
3259 3803 3467 3843 morem

1908 3888 1964 3941 in
1994 3886 2279 3940 Portuensi
2306 3884 2547 3938 Ecclesia
2571 3883 2808 3952 viguisse
2835 3882 2974 3935 haud
3002 3880 3335 3949 impossibile
3358 3895 3469 3933 ere-

1909 3978 2043 4033 didit
2069 3978 2152 4031 vir
2174 3976 2521 4031 doctissimus
2547 3993 2560 4039 ;
2595 3975 2821 4044 ideoque
2844 3973 3188 4043 Hippolytum
3219 3980 3465 4025 nostrum

1908 4072 1962 4125 in
1996 4069 2181 4125 eadem
2214 4068 2737 4136 Ecclesiaialiquam
2791 4086 2807 4116 ‹
2846 4066 3019 4136 plebis
3052 4073 3253 4133 partem
3297 4082 3314 4113 ι
3357 4077 3468 4116 suae

1909 4180 2054 4219 cura:
2078 4162 2428 4217 commissam
2454 4160 2707 4215 habuisse
2733 4157 2964 4223 censuit,
2992 4156 3178 4211 eodem
3212 4154 3467 4208 nimirum

1904 4257 2047 4326 jure,
2076 4270 2185 4326 quo
2216 4253 2422 4309 nostris
2448 4252 2599 4307 hisce
2626 4248 2957 4320 temporibus
2986 4248 3249 4318 parochos
3295 4262 3471 4316 popu-

2051 4416 2271 4485 Ruptam
2302 4416 2517 4469 minutis
2545 4412 2812 4485 proferens
2838 4409 3247 4485 pu_n_c_tis_cut_em
3279 4421 3297 4469 ;

1988 4478 2256 4539 Innumeri
2282 4488 2475 4539 circum
2505 4478 2673 4552 pueri,
2703 4480 2997 4552 miserabile
3018 4479 3129 4531 visu
3152 4478 3172 4552 τ’

2060 4557 2315 4624 Canfassa
2344 4547 2514 4624 parvis
2546 4552 2777 4624 membra
2796 4547 3023 4619 figebant
3061 4548 3209 4617 stylis
3229 4564 3248 4601 .'

1993 4627 2137 4681 Unde
2164 4622 2446 4695 pugillares
2474 4622 2617 4677 soliti
2644 4636 2942 4695 percurrere
2966 4635 3110 4695 ceras

2058 4690 2305 4750 Scholdre
2344 4709 2581 4747 murmur
2611 4693 2923 4744 adnotantes
2953 4690 3289 4757 scripserant.

1986 4768 2240 4821 {fidimus
2274 4766 2541 4817 consultus
2573 4763 2647 4814 ait
2675 4778 2691 4814 :
2723 4760 2872 4824 Quod
2904 4761 3186 4829 prospicis,
3212 4758 3394 4825 hospes

2060 4837 2179 4889 Non
2208 4846 2283 4889 est
2308 4836 2501 4898 inanis,
2534 4842 2623 4885 aut
2655 4831 2811 4886 anilis
2845 4831 3046 4899 fabula.

1990 4908 2284 4962 Historiam
2307 4907 2515 4976 pictura
2538 4904 2719 4973 refert,
2747 4911 2850 4957 etc.

1990 5045 2099 5114 (l2)
2144 5041 2471 5114 Prudentius
2517 5039 2581 5114 in_
2611 5037 2799 5114 eodem
2837 5034 3143 5114 hymn._l_l.,
3184 5045 3325 5085 vers.
3365 5028 3472 5097 27,

1918 5104 2057 5186 apud
2086 5104 2259 5186 ipsum
2288 5110 2675 5186 RuinartLloc.
2711 5109 2846 5186 cit.,_
2867 5104 2988 5186 pag.

2013 5169 2498 5254 l3)'NempeAveI_-s.
2526 5179 2611 5254 77,
2646 5179 2784 5254 apud
2808 5169 3079 5254 Ruinam,
3105 5186 3229 5254 pag:
3262 5169 3385 5254 illi.

2013 5188 2100 5254 l3)
2131 5188 2331 5251 Nempe
2356 5196 2498 5235 vers.
2527 5188 2611 5245 77,
2646 5188 2784 5248 apud
2809 5188 3079 5237 numam,
3108 5188 3229 5241 pag.
3262 5188 3385 5224 ut.

1988 5188 2099 5325 illi)
2135 5254 2306 5323 Ipsius
2339 5250 2625 5325 lluinartii_
2644 5250 2803 5303 verba
2840 5250 2893 5301 in
2935 5256 3061 5301 nota
3102 5241 3135 5296 5
3164 5242 3230 5295 ad
3269 5239 3473 5295 dictum

1917 5319 2178 5399 hymnum
2202 5338 2343 5377 vers.
2372 5323 2534 5375 citato
2557 5319 2625 5373 27
2652 5336 2665 5350 -

2058 5437 2235 5491 Plebis
2264 5450 2439 5487 amare
2470 5448 2598 5496 sure,
2627 5439 2755 5495 ete.,

1916 5530 2143 5585 inferius
2206 5528 2516 5583 referuntur
2580 5524 2744 5590 hujus
2817 5516 3217 5575 dissertationis
3278 5514 3307 5586 ᾗ
3365 5515 3473 5584 l3,

2155 5668 2723 5737 Sozomenusunempe
2757 5661 2850 5737 lib.
2896 5677 2911 5713 ι
2959 5659 3099 5737 llist.
3128 5656 3471 5737 _efrlesiast.,

1918 5726 2039 5864 capL.
2075 5726 2096 5792 1'
2107 5740 2310 5863 €3,fp:l_g.
2344 5737 2412 5861 si)
2444 5734 2577 5859 editi)
2602 5726 2938 5860 (Zzlintabrigre
2966 5732 3090 5786 anni
3124 5727 3279 5797 i720,
3308 5726 3469 5795 cujus

1918 5827 2007 5864 ver
2034 5827 2077 5864 ‘a
2114 5826 2163 5863 ΙΙΙ
2193 5823 2337 5864 CI'IUS
2403 5820 2540 5862 escrt
2580 5820 2645 5861 Cll
2675 5819 2757 5859 Ul'.

1917 5819 2077 5867 verba
2114 5819 2337 5864 llllCl'lUS
2366 5819 2757 5862 UCSCI’lUClllUl‘.
