3802 6198
158 184 257 241 4η

945 184 1029 239 DE
1073 172 1466 241 PORTUENSI
1500 185 1559 240 5.
1598 174 1957 240 HlPPOLYTl
1998 182 2189 240 SEDE.
2232 212 2302 225 —-—
2339 182 2518 240 PARS
2553 172 2597 239 l.

3298 176 3404 245 ιιι

158 312 609 374 argumentorum
636 302 810 372 copia,
836 305 1049 360 munire
1073 306 1335 377 nequivit,
1362 307 1435 360 ita
1461 316 1519 361 ut
1540 322 1732 362 omnes
1761 314 1805 370 Α
1832 321 1940 377 que
1970 305 2350 361 conventicula
2386 306 2511 371 vici,
2548 305 2661 361 sive
2694 305 2861 362 laurze
2909 306 2976 362 ab
3015 306 3404 366 Alexandrinis

164 396 453 451 dubitandi
502 396 683 450 aditus
727 395 793 450 iis
826 396 1264 464 occluderentur,
1314 398 1515 468 quibus
1547 398 1600 452 in
1632 413 1730 468 po-

165 497 377 545 sterum
422 486 489 542 de
525 487 717 541 eadem
763 486 978 543 diverse
1016 502 1246 558 prorsus
1273 488 1342 543 ab
1381 489 1503 559 ipso
1529 490 1731 545 sentire

167 581 472 652 placuisset.
506 578 743 646 Etenim,
787 589 848 635 ut
878 582 1112 652 ingenue
1157 580 1462 649 fateamur,
1500 598 1633 653 pura
1668 598 1733 639 ac

163 682 290 743 puta
341 683 585 727 veterum
640 671 1149 746 Martyrologiorum
1210 675 1549 740 testimonia,
1610 692 1733 746 qua:

158 765 315 828 alias,
368 764 459 819 ubi
512 765 582 819 de
636 767 842 821 sanctis
890 766 1095 822 Christi
1130 767 1467 839 martyribus
1514 768 1729 839 agitur,

153 872 354 926 magna
388 858 710 913 auctoritate
742 859 945 927 pollere
976 874 1084 913 non
1116 859 1429 923 difﬁtemur,
1462 861 1516 914 in
1549 860 1650 916 hac
1674 876 1733 916 re

150 948 455 1003 Prudentia
521 950 896 1005 vetustissimo
944 951 1417 1021 disertissimoque
1478 953 1731 1022 scriptori

148 1041 541 1111 anteponenda
594 1057 703 1096 non
744 1057 886 1108 esse,
920 1052 1289 1103 recte,nostro
1321 1044 1540 1114 quidem
1586 1044 1734 1113 judi«

147 1133 255 1197 cio,
298 1132 625 1188 Ruinartius
667 1142 723 1188 et
764 1132 1146 1189 Tillemontius
1189 1132 1447 1189 docuere.
1479 1133 1735 1204 Quapro-

146 1236 271 1296 pter
316 1227 427 1279 alia
478 1241 707 1295 prorsus
755 1226 842 1280 via
889 1226 1047 1282 nobis
1092 1225 1453 1282 incedendum
1492 1227 1733 1281 arbitra-

145 1333 302 1383 mur,
346 1332 452 1387 qua
491 1317 908 1373 intricatissimze
950 1318 1079 1374 huic
1103 1318 1393 1389 quaestioni
1428 1318 1733 1375 clarissima

141 1410 408 1465 veritatis
434 1410 528 1465 lux
559 1425 658 1480 pro
688 1410 895 1465 viribus
929 1410 1208 1468 afferatur.

145 1519 300 1576 illi.
362 1521 623 1576 Ruinartii
672 1523 997 1597 conjectura,
1049 1526 1236 1593 quibus
1281 1527 1485 1581 nitatur
1538 1527 1736 1597 funda-

661 1594 873 1659 mentis,
910 1598 1229 1652 ostenditur.

1833 399 2000 469 vulgo
2036 400 2411 453 nominantur.
2453 418 2472 451 ι
2520 397 2631 454 Has
2658 415 2823 469 porro
2860 400 3128 457 Ecclesias
3153 403 3409 474 deinceps

1832 500 2117 545 enumerat
2146 489 2486 561 Epiphanius
2530 493 2666 563 (55),
2705 507 2898 561 nempe
2930 492 3174 565 Dionysii
3218 492 3408 550 Eccle—

1833 583 1994 650 siam,
2037 581 2295 645 Theonae,
2331 585 2513 647 Pierii,
2569 584 2907 653 Serapionis,
2946 582 3175 653 Persem,
3224 584 3407 657 Dizye,

1832 676 2113 743 Mendidii,
2138 677 2400 745 Anniani,
2424 676 2697 745 Baucalis,
2726 687 2779 733 et
2802 687 3046 744 caeteras,
3076 694 3310 748 quarum
3335 688 3412 734 re-

1833 772 1965 829 ticet
1992 771 2237 828 nomina.

2069 863 2208 919 XIV.
2239 864 2509 919 Ruinartii
2538 874 2847 935 argumenta
2877 863 3177 918 diluuntur.

1912 951 2037 1011 Haec
2081 956 2248 1028 igitur
2292 970 2538 1011 veterum
2584 958 2898 1012 testimonia
2942 957 3248 1011 clarissimo
3274 955 3411 1011 κυῖ-

1835 1051 2010 1105 nartio
2061 1050 2387 1121 conjiciendi
2434 1066 2626 1105 ansam
2679 1052 2992 1121 praebuere,
3050 1048 3410 1104 Portuensem

1836 1140 2136 1198 Eeclesiam
2178 1144 2243 1198 ad
2290 1143 2465 1198 instar
2490 1143 2894 1207 Alexandrinae,
2924 1142 3108 1197 varios
3153 1142 3412 1197 habuisse

1836 1236 2024 1291 titulos
2072 1236 2514 1307 presbyterorum
2564 1251 2709 1290 cura:
2763 1236 3123 1299 commissos,
3176 1248 3411 1304 quorum

1837 1344 2006 1382 unum
2041 1326 2385 1397 Hippolytum
2432 1334 2680 1380 nostrum
2728 1326 3033 1380 obtinuisse
3068 1325 3317 1387 credidit,
3353 1330 3415 1378 ut

1834 1434 1902 1474 ex
1930 1436 2054 1474 mox
2084 1419 2260 1474 allatis
2292 1419 2438 1473 illius
2463 1419 2646 1473 verbis
2682 1416 3130 1472 manifestissime
3169 1424 3405 1472 constat.

1838 1512 2036 1566 Verum
2070 1512 2227 1584 longe
2249 1526 2348 1567 sua
2376 1511 2631 1581 opinione
2662 1509 2867 1564 fallitur
2896 1509 2981 1563 vir
3014 1508 3369 1563 doctissimus
3393 1513 3411 1576 ς

1838 1622 1963 1660 nam
1999 1605 2314 1674 iiujusmodi
2363 1602 2835 1667 consuetudinem,
2877 1618 3043 1671 quam
3072 1599 3414 1655 Alexandriae

220 1688 556 1743 Ruinartins
589 1687 794 1758 itaque,
823 1695 883 1742 ut
915 1690 1166 1757 superius
1202 1689 1483 1744 innuimus
1516 1729 1533 1754 ,
1569 1691 1733 1745 nullis
1766 1674 1807 1733 Β
1838 1698 2078 1767 viguisse
2115 1697 2339 1751 tradunt
2362 1695 2700 1766 Epiphanius
2729 1702 2782 1748 et
2813 1692 3174 1757 Sozomeuus,
3210 1690 3263 1744 in
3297 1705 3414 1744 ma-

145 1781 277 1835 aliis
328 1790 570 1837 veterum
614 1781 983 1837 monumentis
1025 1783 1354 1850 conjectura:
1391 1798 1504 1838 suae
1536 1781 1734 1837 funda-

144 1883 341 1930 menta
392 1873 543 1944 iecit,
574 1876 951 1944 'prazterquam
1000 1874 1118 1930 solo
1153 1874 1439 1930 Sozomeni
1490 1876 1734 1932 testimo-

144 1967 269 2021 uio.
316 1985 335 2017 ‹
368 1965 530 2032 Haec,
583 1965 763 2037 inquit
810 1964 925 2036 (52)
978 1964 1214 2037 (nempe
1261 1981 1423 2037 supra
1469 1968 1734 2024 recensita

145 2058 443 2115 Prudentii
491 2059 812 2127 carmina),
877 2059 945 2114 ad
1005 2058 1356 2131 Hippolytum
1416 2060 1733 2131 episcopum

146 2153 440 2216 referunt;
499 2153 595 2207 sed
651 2151 782 2222 quid
834 2160 981 2207 vetat
1045 2152 1417 2223 presbyterum
1489 2152 1731 2222 aliquam

147 2248 329 2317 plebis
361 2253 577 2315 partem
610 2259 724 2299 suae
752 2258 900 2299 curae
932 2244 1283 2299 commissam
1329 2243 1621 2310 habuisse;
1654 2253 1736 2300 ta-

148 2338 230 2391 les
264 2348 397 2393 sunt
437 2338 618 2400 hodie,
649 2351 789 2406 quos
819 2337 1111 2407 paroebos,
1141 2352 1237 2392 seu
1272 2337 1530 2393 curiones
1561 2338 1738 2408 appel-

149 2428 351 2484 lamus.
390 2427 586 2483 Refert
618 2428 975 2493 Sozomeuus,
1014 2448 1032 2480 ι
1073 2436 1177 2484 etc.
1213 2427 1384 2499 Cujus
1416 2429 1582 2485 verba
1608 2445 1734 2485 mox

149 2525 435 2579 dabimus.
493 2543 514 2576 ι
555 2524 698 2578 Idem
744 2524 1117 2594 (prosequitur
1163 2522 1507 2592 Ruinartius)
1550 2522 1737 2580 Romae

150 2616 422 2671 usitatum
452 2615 627 2671 fuisse
656 2617 816 2671 docet
849 2615 1140 2687 Dionysius
1170 2614 1444 2671 Petavius.
1474 2614 1607 2671 Vide
1632 2614 1737 2671 Va—

156 2708 274 2762 lesii
305 2716 478 2761 notas
510 2707 581 2761 ad
614 2708 759 2763 hunc
790 2706 1083 2762 Sozomeni
1120 2709 1322 2775 locum,
1364 2717 1419 2764 et
1445 2708 1736 2765 Commen-

163 2801 367 2855 tarium
402 2801 667 2870 praevium
700 2800 762 2854 D.
793 2800 843 2857 J.
872 2801 1165 2855 Mabillonii
1198 2802 1251 2855 in
1279 2802 1523 2857 ordinem
1544 2801 1740 2857 Roma-

163 2908 294 2947 num
312 2908 441 2962 cap.
463 2893 523 2946 3.
551 2911 571 2944 ι
597 2892 1002 2961 Verumtamen,
1028 2910 1160 2964 pace
1176 2895 1309 2949 tanti
1339 2895 1461 2958 viri,
1480 2895 1668 2962 multa,
1686 2902 1741 2951 et

1834 1791 1997 1846 ximis
2062 1799 2272 1845 tantum
2325 1789 2554 1842 urbibus
2617 1796 2750 1841 tunc
2797 1784 3057 1855 temporis
3107 1783 3414 1838 obtinuisse

1833 1882 2027 1937 docent
2058 1880 2356 1953 Dionysius
2383 1880 2659 1945 Petavius,
2693 1890 2747 1933 et
2775 1876 3045 1932 Henricus
3071 1874 3320 1931 Valesius
3351 1875 3409 1928 in

1834 1974 2024 2033 iisdem
2062 1976 2227 2042 notis,
2259 1991 2396 2045 quas
2434 1975 2537 2028 sibi
2578 1972 2756 2027 facere
2790 1970 3020 2026 credidit
3051 1970 3134 2023 vir
3165 1969 3409 2024 clarissi-

1834 2080 1976 2120 mus.
2037 2062 2126 2130 Et,
2170 2074 2229 2119 ut
2270 2080 2300 2118 a
2328 2062 2555 2118 Petavio
2608 2061 2956 2131 incipiamus,
3005 2060 3096 2113 hic
3137 2074 3292 2114 suam
3344 2059 3413 2112 de

1834 2161 1938 2215 hac
1967 2173 2025 2214 re
2056 2158 2383 2214 sententiam
2413 2156 2499 2211 his
2527 2154 2707 2210 verbis
2734 2152 2988 2225 exposuit
3023 2151 3134 2223 (56)
3163 2169 3176 2205 :
3236 2169 3254 2203 t
3286 2149 3412 2205 Sin-

1833 2253 2077 2325 gularem
2109 2251 2254 2316 ,ait,
2314 2258 2446 2304 tunc
2506 2249 2766 2319 temporis
2823 2245 3161 2301 Alexandria:
3205 2258 3413 2298 morem

1834 2346 1981 2400 hunc
2014 2342 2206 2407 fuisse,
2242 2341 2327 2397 vel
2360 2341 2553 2396 saltem
2580 2338 2769 2410 paucis
2800 2338 2853 2391 in
2884 2335 3145 2392 Ecclesiis
3174 2351 3412 2404 usurpa-

1835 2444 1977 2504 tum,
2002 2451 2069 2491 ex
2096 2449 2161 2490 eo
2191 2434 2475 2505 conjicias,
2500 2432 2643 2503 quod
2673 2441 2783 2486 tam
2814 2444 3071 2499 expresse
3101 2424 3414 2481 istiusmodi

1835 2528 2247 2587 consuetudinis
2288 2536 2548 2595 tanquam
2594 2523 2977 2579 Alexandrina:
3007 2520 3267 2577 Ecclesia:
3314 2532 3413 2588 pe-

1836 2622 2079 2688 culiaris,
2108 2619 2357 2675 meminit
2390 2616 2799 2688 (Epiphanius),
2831 2614 2910 2669 uti
2940 2612 3201 2667 nimirum
3229 2611 3414 2681 plures

1836 2716 1891 2770 in
1921 2713 2110 2768 eadem
2148 2711 2283 2765 urbe
2327 2708 2469 2763 tituli
2513 2706 2711 2771 forent,
2752 2707 2953 2777 quibus
2998 2703 3227 2774 singulis
3280 2714 3417 2756 suus

1837 2803 2133 2859 attributus
2188 2806 2335 2856 esset
2365 2798 2668 2869 presbyter,
2711 2797 2805 2867 qui
2851 2793 3250 2850 ecclesiasticas
3292 2790 3419 2845 fun-

1838 2896 2050 2950 ctiones
2097 2892 2210 2947 illic
2248 2891 2448 2946 obiret.
2486 2909 2505 2941 ι
2574 2888 2641 2942 Et
2690 2896 2814 2959 post
2865 2901 3037 2957 pauca
3086 2887 3199 2940 haec
3234 2883 3414 2938 additi

162 2985 385 3055 quidem
413 2985 682 3050 maxima,
700 3001 800 3040 nos
815 2994 997 3040 vetant
1015 2986 1144 3055 quin
1174 3001 1328 3041 suam
1352 2989 1741 3057 amplectamur
1767 3026 1811 3084 ε
1848 3009 1867 3041 ι
1897 2988 2016 3043 Non
2040 2986 2231 3043 dubito
2258 2984 2564 3055 majoribus
2591 2983 2856 3038 duntaxat
2888 2981 2943 3035 in
2977 2979 3205 3034 urbibus
3233 2979 3417 3048 plures

159 3077 520 3133 sententiam.
547 3076 681 3143 lmo,
712 3079 983 3135 utmelius
1010 3079 1283 3146 dicamus,
1305 3081 1469 3136 iidem
1486 3080 1744 3138 Petavius

161 3182 210 3224 et
236 3168 517 3236 Valesius,
542 3184 683 3239 quos
711 3179 968 3241 tanquam
1000 3171 1325 3241 conjecturae
1356 3189 1467 3229 sua:
1489 3172 1744 3243 patronos

166 3260 400 3329 appellat
422 3260 510 3313 vir
528 3260 891 3327 clarissimus,
918 3276 1017 3317 nos
1037 3260 1249 3316 diversa
1274 3278 1497 3333 prorsus
1530 3264 1597 3318 ab
1626 3264 1744 3333 ipso

166 3353 367 3406 sentire
382 3352 744 3421 compellunt.
764 3349 959 3407 Narrat
977 3352 1317 3410 Sozomeuus
1341 3354 1432 3409 lib.
1455 3372 1493 3421 ι,
1513 3372 1630 3426 cap.
1656 3356 1743 3423 l5,

165 3443 356 3498 Arium
382 3444 601 3515 legatos
625 3444 841 3499 misisse
872 3445 937 3499 ad
960 3443 1250 3500 Paulinum
1278 3444 1426 3517 Tyri,
1451 3444 1746 3503 Eusebium
1772 3455 1775 3458 ‘

170 3535 456 3604 ὕδει-εκ,
491 3545 546 3591 et
576 3537 644 3591 ad
670 3535 1041 3607 Patrophilum
1073 3537 1418 3610 Scythopolis
1442 3541 1745 3611 episcdpos,

172 3632 429 3702 ipsosque
489 3647 713 3701 rogasse
743 3641 802 3687 ut
834 3633 939 3687 sibi
971 3634 1083 3704 (55)
1116 3650 1350 3689 unacum
1382 3637 1498 3692 suis
1533 3637 1748 3708 permit-

170 3733 347 3779 terent
388 3724 605 3794 plebem
647 3723 781 3793 ipsis
811 3725 1174 3781 adhaerentem
1220 3727 1275 3781 in
1305 3727 1545 3784 Ecclesia
1592 3729 1749 3783 colli-

173 3833 319 3887 gere,
351 3816 608 3871 eumdem
639 3831 703 3869 ex
734 3831 845 3886 quo
880 3833 1007 3871 mox
1039 3818 1230 3889 dejecti
1259 3819 1493 3885 fuerant,
1521 3821 1746 3891 gradum

173 3912 570 3965 obtinentibus.
626 3908 751 3964 Mox
806 3911 1009 3965 subdit:
1079 3930 1097 3963 ι
1148 3913 1419 3983 Antiquus
1470 3913 1615 3967 enim
1665 3921 1749 3968 est

174 4001 517 4055 Alexandria:
547 4015 688 4067 mos,
723 4000 819 4068 qui
864 4009 916 4054 et
950 4001 1116 4055 etiam
1167 4018 1313 4057 nunc
1346 4003 1512 4073 viget,
1551 4012 1609 4057 ut
1646 4004 1749 4059 sub

178 4110 287 4149 uno
317 4095 601 4164 episcOpo,
629 4092 722 4162 qui
749 4092 1004 4148 omnibus
1032 4104 1247 4164 praeest,
1280 4096 1576 4167 presbyteri
1599 4111 1750 4151 seor-

180 4202 299 4242 sum
348 4185 613 4241 ecclesias
662 4186 965 4250 obtineant,
1015 4194 1071 4240 et
1120 4185 1176 4239 in
1242 4187 1437 4241 iisdem
1488 4188 1749 4257 populum

182 4289 534 4351 congregem.
576 4296 595 4329 ι
636 4276 835 4331 Eadem
868 4277 1030 4331 etiam
1060 4276 1219 4332 docet
1244 4276 1582 4349 Epiphanius
1609 4279 1746 4347 (54),

1844 3089 1987 3143 inter
2009 3086 2270 3157 pomaaria
2296 3084 2483 3138 titulos
2512 3081 2702 3144 fuisse,
2733 3095 2858 3136 cum
2886 3078 3026 3132 intra
3054 3077 3242 3132 eadem
3266 3084 3418 3144 septa

1844 3179 2133 3244 contineri,
2166 3190 2386 3246 unaque
2418 3172 2713 3228 convenire
2746 3186 2853 3225 non
2886 3176 3141 3240 possent;
3175 3167 3420 3236 adeoque

1843 3272 2189 3343 presbyteros
2218 3265 2448 3338 singulis
2479 3263 2736 3320 Ecelesiis
2786 3262 3093 3331 impositos.
3146 3257 3203 3312 In
3235 3260 3421 3314 mino-

1844 3364 1999 3421 ribus
2048 3371 2229 3417 autem
2259 3375 2325 3415 ac
2354 3358 2534 3412 minus
2579 3356 2957 3425 frequentibus
2993 3351 3209 3423 oppidis
3253 3366 3420 3405 unam

1845 3456 2111 3513 duntaxat
2162 3448 2463 3506 Ecclesiam
2514 3446 2818 3511 exstitisse,
2871 3444 2925 3497 in
2968 3457 3131 3513 quam
3178 3439 3423 3495 universi

1845 3546 2204 3611 conﬂuerent,
2257 3539 2569 3611 cujusmodi
2604 3537 2768 3609 Cypri
2816 3537 2981 3591 urbes
3011 3543 3191 3590 erant.
3249 3532 3422 3598 Unde,

1846 3639 1992 3711 quod
2021 3635 2368 3692 Alexandria:
2413 3642 2686 3702 receptum
2722 3638 2863 3695 erat,
2891 3629 3041 3684 velut
3072 3626 3427 3696 popularibus

1848 3730 1964 3787 suis
2016 3727 2361 3799 peregrinum
2410 3733 2465 3780 et
2503 3724 2825 3778 inusitatum
2879 3718 3156 3773 adnotavit
3188 3715 3424 3785 Epipha-

1847 3823 1991 3876 nius.
2030 3838 2050 3873 ι
2109 3818 2206 3873 His
2236 3822 2547 3873 consonant
2591 3819 2757 3869 etiam
2805 3826 2892 3877 ea,
2928 3825 3050 3881 quae
3091 3808 3254 3878 paulo
3285 3806 3428 3860 infra

1849 3914 2013 3968 habet
2060 3910 2200 3983 (57),
2246 3910 2376 3963 dum
2419 3907 2487 3962 de
2528 3895 3048 3973 cborepiscoporum
3101 3897 3425 3967 antiquitate

1850 4004 2128 4062 disseruit.
2170 4022 2188 4055 ‹
2220 4003 2398 4072 Atque
2434 4001 2572 4066 haec,
2615 3997 2813 4067 inquit,
2843 3992 3132 4066 Epiphanii
3174 3999 3283 4045 tam
3333 4005 3428 4044 ac-

1850 4105 2039 4163 curata
2078 4096 2144 4151 de
2168 4091 2552 4148 Alexandrinae
2596 4088 2853 4143 Ecclesia:
2889 4083 3139 4156 pluribus
3180 4079 3427 4136 ecclesiis

1851 4187 2178 4254 observatio,
2211 4201 2325 4240 rem
2368 4198 2470 4239 nec
2510 4181 2639 4236 alibi
2682 4178 2910 4250 passim,
2955 4190 3055 4231 nec
3098 4174 3228 4229 olim
3261 4188 3427 4228 usur-

1850 4289 2031 4351 patam
2086 4294 2150 4334 ac
2184 4286 2454 4348 receptam
2504 4274 2682 4329 fuisse
2722 4270 3077 4325 demonstrat.
3117 4285 3136 4317 ι
3186 4263 3295 4318 Nec
3327 4263 3430 4317 mi-

183 4381 365 4425 eontra
390 4370 626 4424 Arianos
657 4366 926 4433 scribens,
960 4366 1091 4421 dum
1120 4369 1310 4423 Arium
1341 4385 1529 4425 eorum
1556 4385 1751 4440 paren-
1781 4409 1826 4464 Β
1856 4388 1974 4427 rum
2020 4372 2067 4426 si
2110 4371 2252 4425 hanc
2285 4362 2661 4423 Alexandrinae
2677 4361 2932 4417 Ecclesia:
2982 4356 3429 4415 consuetudinem

186 4475 290 4517 tem
327 4482 347 4514 ι
384 4476 553 4517 unam
594 4475 659 4514 ex
692 4458 963 4529 praedictis
1012 4459 1276 4525 ecclesiis,
1308 4476 1499 4529 nempe
1541 4460 1749 4516 Bauca-

189 4553 412 4616 lensem,
482 4550 787 4606 obtinuisse
840 4549 1081 4603 tradidit.
1138 4569 1156 4601 ι
1219 4553 1429 4606 Etenim
1486 4561 1756 4623 quotquot

190 4642 524 4697 Alexandria:
557 4640 839 4696 catholicae
873 4642 1278 4696 communionis
1346 4641 1588 4697 eetzlesize
1626 4651 1755 4697 sunt

194 4736 280 4789 uni
308 4733 721 4803 archiepiscopo
756 4731 1032 4801 subjectae,
1057 4747 1190 4787 suus
1216 4732 1413 4802 cuique
1436 4734 1756 4802 praepositus

198 4836 274 4880 est
323 4844 342 4877 ι
395 4824 703 4896 presbyter,
731 4823 827 4892 qui
852 4821 1216 4877 ecclesiastica
1239 4840 1466 4878 munera
1485 4824 1550 4879 iis
1580 4825 1756 4880 admi-

198 4922 405 4985 nistret,
440 4922 537 4992 qui
584 4920 730 4974 circa
779 4916 1038 4973 ecclesias
1077 4917 1196 4971 illas
1240 4918 1511 4981 habitant,
1536 4934 1757 4973 earum~

260 5034 369 5105 (52)
399 5031 673 5096 Ruinart.,
691 5033 826 5086 Acta
853 5039 1143 5105 martyrum
1169 5031 1369 5105 sincero
1386 5041 1443 5105 et
1470 5032 1679 5097 selecto,

201 5100 377 5229 ipsam
414 5104 726 5188 Hippolyto,
754 5119 875 5174 pag.
908 5100 1032 5168 145,
1060 5113 1188 5158 nota
1225 5103 1257 5158 5
1284 5103 1353 5156 ad
1384 5103 1645 5172 hymnum
1694 5102 1754 5155 ll

242 5193 299 5228 ru
337 5186 488 5229 entu.

242 5178 488 5230 rudentii.

267 5248 375 5317 (55)
406 5246 522 5300 Lib.
561 5263 575 5299 ι
610 5245 755 5299 Hist.
779 5245 931 5314 εισι,
963 5266 1013 5306 c.
1040 5247 1129 5303 15.

266 5314 371 5387 (56)
402 5320 617 5371 Advers.
670 5318 854 5373 fueras.
899 5322 996 5376 lib.
1044 5336 1105 5385 ιι,
1151 5318 1342 5371 hteres.
1384 5314 1477 5380 69,
1534 5330 1686 5371 num.
1729 5315 1751 5367 l

208 5397 382 5443 contra
409 5390 796 5443 Ariomauitas.

272 5459 381 5531 (55)
415 5458 545 5513 Loc.
575 5461 693 5524 cit.,
723 5472 845 5532 pag.
870 5461 992 5517 728.

270 5528 376 5599 (56)
406 5533 461 5584 in
494 5528 1056 5587 anituadver'sionibus
1089 5532 1155 5586 ad
1182 5531 1381 5585 dictam
1408 5528 1639 5583 hzeresin
1672 5528 1761 5591 69,

214 5598 318 5668 qua:
361 5611 575 5657 exstant
626 5610 760 5655 tom.
790 5603 830 5674 ll
860 5602 1097 5674 Operum
1134 5604 1306 5672 ipsius
1366 5602 1424 5656 S.
1451 5598 1760 5669 Epiphanii,

218 5674 327 5726 edit.
354 5676 529 5729 citata:
560 5688 682 5743 pag.
706 5672 833 5728 ‘276.

1854 4476 1966 4520 tam
2013 4472 2269 4518 accurate
2310 4459 2522 4516 notavit
2564 4454 2935 4526 Epiphanius;
2987 4466 3112 4505 nam
3156 4451 3211 4504 in
3254 4447 3430 4503 insula

1853 4557 2053 4626 Cypro,
2086 4554 2141 4607 in
2172 4566 2277 4622 qua
2319 4554 2434 4619 ipse
2463 4548 2836 4616 episcopatum
2868 4540 3126 4605 obtinuit,
3157 4538 3429 4593 interdum

1854 4646 2017 4699 etiam
2061 4642 2192 4706 vici,
2244 4649 2305 4695 ut
2346 4645 2530 4693 narrat
2569 4635 2909 4692 Sozomeuus
2959 4632 3093 4704 (58),
3141 4647 3432 4687 consecrao

1856 4746 1943 4790 tos
1993 4748 2109 4789 aevo
2147 4748 2248 4787 suo
2288 4731 2597 4786 habuerunt
2638 4729 2946 4798 episcopos.
2993 4724 3102 4779 Nec
3145 4741 3174 4778 a
3209 4723 3431 4777 Petavio

1854 4827 1939 4881 vel
1997 4826 2282 4879 minimum
2327 4821 2581 4876 dissentit
2618 4818 2868 4874 Valesius
2904 4817 3037 4886 (59).
3089 4813 3204 4868 imo
3236 4812 3430 4882 hujus-

1857 4918 2003 4974 niodi
2047 4931 2251 4972 morem
2290 4914 2427 4969 adeo
2470 4913 2853 4967 Alexandrinae
2881 4908 3136 4964 Ecclesiae
3184 4905 3432 4975 peculia-

1931 5027 2044 5097 (57)
2094 5025 2238 5080 Idem
2268 5024 2521 5097 Petavius
2560 5022 2614 5078 in
2648 5023 2834 5079 eadem
2866 5018 3334 5076 animadversione
3362 5016 3432 5071 ad

1860 5094 2092 5153 btereSin
2127 5097 2218 5161 69,
2266 5111 2386 5166 pag.
2420 5094 2546 5149 281.

1931 5170 2044 5237 (58)
2087 5159 2213 5223 Lib.
2237 5159 2311 5220 νίι
2337 5159 2388 5218 Ἠ
2400 5167 2484 5218 ist.
2514 5164 2724 5237 εσειεξᾹ,
2756 5177 2873 5237 cap.
2906 5159 3029 5237 ’ὁρῇ

2085 5238 2139 5291 In
2184 5239 2345 5311 notis
2360 5238 2424 5289 ad
2457 5244 2621 5311 caput
2653 5235 2738 5294 l5,
2776 5227 2867 5311 lib.
2900 5250 2912 5283 I
2951 5230 3091 5283 Hist.
3122 5231 3303 5311 (celes.
3333 5227 3434 5285 So»

1863 5301 2094 5377 zoineni,
2129 5324 2247 5378 pag.
2279 5308 2369 5371 55,
2416 5301 2669 5376 ubi-post
2701 5305 2942 5378 recitata,
2979 5316 3099 5378 quae
3140 5302 3193 5354 in
3228 5301 3434 5356 disser-

1861 5374 2087 5437 tatione
2114 5374 2403 5447 descripta,
2439 5374 2567 5431 sunt
2606 5376 2791 5447 verba,
2844 5381 2902 5425 ut
2951 5374 3204 5447 probaret
3243 5380 3432 5447 contra

1863 5452 2141 5507 Petavium
2191 5465 2255 5503 ex
2296 5442 2362 5501 'S.
2390 5446 2687 5501 Innocentii
2738 5457 2888 5512 papa:
2934 5442 3159 5510 epistola
3213 5442 3437 5500 minime

1864 5523 2079 5587 deduci,
2109 5519 2293 5574 Horme
2321 5533 2417 5587 per
2451 5518 2636 5571 titulos
2667 5512 2842 5587 fuisse
2877 5515 3220 5587 presbyteros
3247 5513 3432 5587 distri-

1867 5583 2171 5659 butos,’qui
2200 5583 2408 5659 plebem
2430 5586 2735 5659 separatim
2770 5592 3034 5659 regerent,
3070 5584 3195 5659 time
3209 5583 3434 5659 subjune

1871 5665 1947 5735 git
1976 5652 2138 5717 :i’A'd
2174 5652 2331 5733 e'ujus
2366 5658 2441 5714 rei
2482 5652 2854 5727 probationem
2891 5654 3107 5709 adducit
3138 5652 3433 5724 (Petavius)
