  <div class='ocr_page' id='page_1' title='image "/cluster/home/n/w/nwhite01/storage/ocr_20150623/10/hvd.32044073501330/230.png"; bbox 0 0 3802 6198; ppageno 0'>
   <div class='ocr_carea' id='block_1_1' title="bbox 137 139 2528 198">
    <p class='ocr_par' dir='ltr' id='par_1_1' title="bbox 137 139 2528 198">
     <span class='ocr_line' id='line_1_1' title="bbox 137 139 2528 198; baseline 0.002 -5"><span class='ocrx_word' id='word_1_1' title='bbox 137 139 222 193; x_wconf 70' lang='grc' dir='ltr'><strong>ὀ21</strong></span> <span class='ocrx_word' id='word_1_2' title='bbox 917 139 1003 193; x_wconf 84' lang='lat' dir='ltr'><strong>DE</strong></span> <span class='ocrx_word' id='word_1_3' title='bbox 1041 140 1426 197; x_wconf 79' lang='lat' dir='ltr'><strong>l’ORTUENSl</strong></span> <span class='ocrx_word' id='word_1_4' title='bbox 1466 141 1521 195; x_wconf 91' lang='lat' dir='ltr'><strong>S.</strong></span> <span class='ocrx_word' id='word_1_5' title='bbox 1558 140 1918 197; x_wconf 78' lang='lat' dir='ltr'><strong>lllPPOLYTl</strong></span> <span class='ocrx_word' id='word_1_6' title='bbox 1962 142 2153 197; x_wconf 84' lang='lat' dir='ltr'><strong>SEDE.</strong></span> <span class='ocrx_word' id='word_1_7' title='bbox 2187 142 2451 198; x_wconf 82' lang='lat' dir='ltr'><strong>—PARS</strong></span> <span class='ocrx_word' id='word_1_8' title='bbox 2486 144 2528 198; x_wconf 93' lang='lat' dir='ltr'><strong>l.</strong></span> 
     </span>
    </p>
   </div>
   <div class='ocr_carea' id='block_1_2' title="bbox 3249 144 3354 201">
    <p class='ocr_par' dir='ltr' id='par_1_2' title="bbox 3249 144 3354 201">
     <span class='ocr_line' id='line_1_2' title="bbox 3249 144 3354 201; baseline 0 0"><span class='ocrx_word' id='word_1_9' title='bbox 3249 144 3354 201; x_wconf 68' lang='grc'><strong>122</strong></span> 
     </span>
    </p>
   </div>
   <div class='ocr_carea' id='block_1_3' title="bbox 132 255 3357 335">
    <p class='ocr_par' dir='ltr' id='par_1_3' title="bbox 132 255 3357 335">
     <span class='ocr_line' id='line_1_3' title="bbox 132 255 3357 335; baseline 0.003 -24"><span class='ocrx_word' id='word_1_10' title='bbox 132 255 421 311; x_wconf 77' lang='lat' dir='ltr'><strong>sertatione</strong></span> <span class='ocrx_word' id='word_1_11' title='bbox 453 256 775 325; x_wconf 76' lang='lat' dir='ltr'><strong>procemiali,</strong></span> <span class='ocrx_word' id='word_1_12' title='bbox 823 273 1007 328; x_wconf 84' lang='lat' dir='ltr'><strong>quam,</strong></span> <span class='ocrx_word' id='word_1_13' title='bbox 1038 260 1081 314; x_wconf 91' lang='lat' dir='ltr'><strong>si</strong></span> <span class='ocrx_word' id='word_1_14' title='bbox 1120 261 1285 325; x_wconf 86' lang='lat' dir='ltr'><strong>lubet,</strong></span> <span class='ocrx_word' id='word_1_15' title='bbox 1325 263 1571 317; x_wconf 80' lang='lat' dir='ltr'><strong>consulet</strong></span> <span class='ocrx_word' id='word_1_16' title='bbox 1613 264 1690 317; x_wconf 91' lang='lat' dir='ltr'><strong>le-</strong></span> <span class='ocrx_word' id='word_1_17' title='bbox 1720 272 1762 325; x_wconf 77' lang='grc' dir='ltr'><strong>Α</strong></span> <span class='ocrx_word' id='word_1_18' title='bbox 1795 264 1859 317; x_wconf 79' lang='lat' dir='ltr'><strong>ad</strong></span> <span class='ocrx_word' id='word_1_19' title='bbox 1907 264 2301 319; x_wconf 89' lang='lat' dir='ltr'><strong>nobilissimum</strong></span> <span class='ocrx_word' id='word_1_20' title='bbox 2350 266 2516 320; x_wconf 91' lang='lat' dir='ltr'><strong>totius</strong></span> <span class='ocrx_word' id='word_1_21' title='bbox 2578 264 2726 320; x_wconf 80' lang='lat' dir='ltr'><strong>orbis</strong></span> <span class='ocrx_word' id='word_1_22' title='bbox 2772 265 3078 335; x_wconf 87' lang='lat' dir='ltr'><strong>imperium,</strong></span> <span class='ocrx_word' id='word_1_23' title='bbox 3112 264 3357 322; x_wconf 79' lang='lat' dir='ltr'><strong>Romano</strong></span> 
     </span>
    </p>
   </div>
   <div class='ocr_carea' id='block_1_4' title="bbox 130 346 421 416">
    <p class='ocr_par' dir='ltr' id='par_1_4' title="bbox 130 346 421 416">
     <span class='ocr_line' id='line_1_4' title="bbox 130 346 421 416; baseline -0.007 -16"><span class='ocrx_word' id='word_1_24' title='bbox 130 359 245 400; x_wconf 88' lang='lat' dir='ltr'><strong>ct0r</strong></span> <span class='ocrx_word' id='word_1_25' title='bbox 284 346 421 416; x_wconf 81' lang='lat'><strong>(71).</strong></span> 
     </span>
    </p>
   </div>
   <div class='ocr_carea' id='block_1_5' title="bbox 198 436 1686 514">
    <p class='ocr_par' dir='ltr' id='par_1_5' title="bbox 198 436 1686 514">
     <span class='ocr_line' id='line_1_5' title="bbox 198 436 1686 514; baseline 0.006 -24"><span class='ocrx_word' id='word_1_26' title='bbox 198 436 446 493; x_wconf 69' lang='lat' dir='ltr'><strong>Valesius</strong></span> <span class='ocrx_word' id='word_1_27' title='bbox 498 438 662 510; x_wconf 78' lang='lat' dir='ltr'><strong>igitur</strong></span> <span class='ocrx_word' id='word_1_28' title='bbox 717 449 771 494; x_wconf 89' lang='lat' dir='ltr'><strong>et</strong></span> <span class='ocrx_word' id='word_1_29' title='bbox 838 439 1113 506; x_wconf 82' lang='lat' dir='ltr'><strong>Petavius,</strong></span> <span class='ocrx_word' id='word_1_30' title='bbox 1167 459 1305 512; x_wconf 88' lang='lat' dir='ltr'><strong>quos</strong></span> <span class='ocrx_word' id='word_1_31' title='bbox 1344 460 1442 514; x_wconf 94' lang='lat' dir='ltr'><strong>pro</strong></span> <span class='ocrx_word' id='word_1_32' title='bbox 1468 460 1527 499; x_wconf 90' lang='lat' dir='ltr'><strong>se</strong></span> <span class='ocrx_word' id='word_1_33' title='bbox 1556 445 1686 499; x_wconf 86' lang='lat' dir='ltr'><strong>citat</strong></span> 
     </span>
    </p>
   </div>
   <div class='ocr_carea' id='block_1_6' title="bbox 131 528 1683 603">
    <p class='ocr_par' dir='ltr' id='par_1_6' title="bbox 131 528 1683 603">
     <span class='ocr_line' id='line_1_6' title="bbox 131 528 1683 603; baseline 0.005 -22"><span class='ocrx_word' id='word_1_34' title='bbox 131 528 461 594; x_wconf 79' lang='lat' dir='ltr'><strong>Ruinartius,</strong></span> <span class='ocrx_word' id='word_1_35' title='bbox 482 531 751 586; x_wconf 76' lang='lat' dir='ltr'><strong>maximas</strong></span> <span class='ocrx_word' id='word_1_36' title='bbox 772 541 983 586; x_wconf 88' lang='lat' dir='ltr'><strong>tantum</strong></span> <span class='ocrx_word' id='word_1_37' title='bbox 1016 533 1196 591; x_wconf 90' lang='lat' dir='ltr'><strong>urbes.</strong></span> <span class='ocrx_word' id='word_1_38' title='bbox 1234 534 1460 588; x_wconf 81' lang='lat' dir='ltr'><strong>Romam</strong></span> <span class='ocrx_word' id='word_1_39' title='bbox 1493 550 1683 603; x_wconf 88' lang='lat' dir='ltr'><strong>nempe</strong></span> 
     </span>
    </p>
   </div>
   <div class='ocr_carea' id='block_1_7' title="bbox 128 620 1684 695">
    <p class='ocr_par' dir='ltr' id='par_1_7' title="bbox 128 620 1684 695">
     <span class='ocr_line' id='line_1_7' title="bbox 128 620 1684 695; baseline 0.007 -26"><span class='ocrx_word' id='word_1_40' title='bbox 128 629 179 672; x_wconf 72' lang='lat' dir='ltr'><strong>el</strong></span> <span class='ocrx_word' id='word_1_41' title='bbox 220 620 621 686; x_wconf 75' lang='lat' dir='ltr'><strong>Alexandriam,</strong></span> <span class='ocrx_word' id='word_1_42' title='bbox 651 622 897 678; x_wconf 88' lang='lat' dir='ltr'><strong>diversos</strong></span> <span class='ocrx_word' id='word_1_43' title='bbox 935 624 1128 693; x_wconf 86' lang='lat' dir='ltr'><strong>primis</strong></span> <span class='ocrx_word' id='word_1_44' title='bbox 1159 625 1307 679; x_wconf 89' lang='lat' dir='ltr'><strong>hisce</strong></span> <span class='ocrx_word' id='word_1_45' title='bbox 1350 626 1684 695; x_wconf 84' lang='lat' dir='ltr'><strong>temporibus</strong></span> 
     </span>
    </p>
   </div>
   <div class='ocr_carea' id='block_1_8' title="bbox 127 710 1683 789">
    <p class='ocr_par' dir='ltr' id='par_1_8' title="bbox 127 710 1683 789">
     <span class='ocr_line' id='line_1_8' title="bbox 127 710 1683 789; baseline 0.006 -27"><span class='ocrx_word' id='word_1_46' title='bbox 127 712 301 764; x_wconf 78' lang='lat' dir='ltr'><strong>titulos</strong></span> <span class='ocrx_word' id='word_1_47' title='bbox 353 710 614 767; x_wconf 82' lang='lat' dir='ltr'><strong>habuisse</strong></span> <span class='ocrx_word' id='word_1_48' title='bbox 664 714 882 779; x_wconf 88' lang='lat' dir='ltr'><strong>docent,</strong></span> <span class='ocrx_word' id='word_1_49' title='bbox 926 732 1065 786; x_wconf 92' lang='lat' dir='ltr'><strong>quos</strong></span> <span class='ocrx_word' id='word_1_50' title='bbox 1107 718 1417 786; x_wconf 79' lang='lat' dir='ltr'><strong>separatim,</strong></span> <span class='ocrx_word' id='word_1_51' title='bbox 1461 720 1527 771; x_wconf 88' lang='lat' dir='ltr'><strong>ab</strong></span> <span class='ocrx_word' id='word_1_52' title='bbox 1567 720 1683 789; x_wconf 88' lang='lat' dir='ltr'><strong>epi-</strong></span> 
     </span>
    </p>
   </div>
   <div class='ocr_carea' id='block_1_9' title="bbox 122 803 1679 879">
    <p class='ocr_par' dir='ltr' id='par_1_9' title="bbox 122 803 1679 879">
     <span class='ocr_line' id='line_1_9' title="bbox 122 803 1679 879; baseline 0.006 -22"><span class='ocrx_word' id='word_1_53' title='bbox 122 819 277 873; x_wconf 85' lang='lat' dir='ltr'><strong>scopo</strong></span> <span class='ocrx_word' id='word_1_54' title='bbox 300 803 661 859; x_wconf 86' lang='lat' dir='ltr'><strong>obtinuerunt</strong></span> <span class='ocrx_word' id='word_1_55' title='bbox 681 807 1001 877; x_wconf 79' lang='lat' dir='ltr'><strong>presbyteri.</strong></span> <span class='ocrx_word' id='word_1_56' title='bbox 1029 807 1124 864; x_wconf 90' lang='lat' dir='ltr'><strong>llis</strong></span> <span class='ocrx_word' id='word_1_57' title='bbox 1144 809 1409 879; x_wconf 84' lang='lat' dir='ltr'><strong>siquidem</strong></span> <span class='ocrx_word' id='word_1_58' title='bbox 1434 811 1679 878; x_wconf 86' lang='lat' dir='ltr'><strong>urbibus,</strong></span> 
     </span>
    </p>
   </div>
   <div class='ocr_carea' id='block_1_10' title="bbox 120 894 1680 956">
    <p class='ocr_par' dir='ltr' id='par_1_10' title="bbox 120 894 1680 956">
     <span class='ocr_line' id='line_1_10' title="bbox 120 894 1680 956; baseline 0.004 -7"><span class='ocrx_word' id='word_1_59' title='bbox 120 911 231 949; x_wconf 86' lang='lat' dir='ltr'><strong>cum</strong></span> <span class='ocrx_word' id='word_1_60' title='bbox 264 894 336 947; x_wconf 91' lang='lat' dir='ltr'><strong>ob</strong></span> <span class='ocrx_word' id='word_1_61' title='bbox 361 896 589 948; x_wconf 85' lang='lat' dir='ltr'><strong>nimiam</strong></span> <span class='ocrx_word' id='word_1_62' title='bbox 624 896 929 952; x_wconf 85' lang='lat' dir='ltr'><strong>incolarum</strong></span> <span class='ocrx_word' id='word_1_63' title='bbox 966 900 1365 954; x_wconf 86' lang='lat' dir='ltr'><strong>multitudinem</strong></span> <span class='ocrx_word' id='word_1_64' title='bbox 1397 901 1545 955; x_wconf 90' lang='lat' dir='ltr'><strong>solus</strong></span> <span class='ocrx_word' id='word_1_65' title='bbox 1572 917 1680 956; x_wconf 89' lang='lat' dir='ltr'><strong>non</strong></span> 
     </span>
    </p>
   </div>
   <div class='ocr_carea' id='block_1_11' title="bbox 117 987 1683 1064">
    <p class='ocr_par' dir='ltr' id='par_1_11' title="bbox 117 987 1683 1064">
     <span class='ocr_line' id='line_1_11' title="bbox 117 987 1683 1064; baseline 0.004 -21"><span class='ocrx_word' id='word_1_66' title='bbox 117 987 385 1043; x_wconf 82' lang='lat' dir='ltr'><strong>suﬂiceret</strong></span> <span class='ocrx_word' id='word_1_67' title='bbox 412 989 731 1057; x_wconf 90' lang='lat' dir='ltr'><strong>episcopus,</strong></span> <span class='ocrx_word' id='word_1_68' title='bbox 755 993 1055 1063; x_wconf 79' lang='lat' dir='ltr'><strong>presbyteri</strong></span> <span class='ocrx_word' id='word_1_69' title='bbox 1085 994 1137 1047; x_wconf 94' lang='lat' dir='ltr'><strong>in</strong></span> <span class='ocrx_word' id='word_1_70' title='bbox 1166 1002 1371 1064; x_wconf 88' lang='lat' dir='ltr'><strong>partem</strong></span> <span class='ocrx_word' id='word_1_71' title='bbox 1396 994 1683 1063; x_wconf 86' lang='lat' dir='ltr'><strong>pastoralis</strong></span> 
     </span>
    </p>
   </div>
   <div class='ocr_carea' id='block_1_12' title="bbox 117 1079 1682 1156">
    <p class='ocr_par' dir='ltr' id='par_1_12' title="bbox 117 1079 1682 1156">
     <span class='ocr_line' id='line_1_12' title="bbox 117 1079 1682 1156; baseline 0.005 -22"><span class='ocrx_word' id='word_1_72' title='bbox 117 1080 502 1134; x_wconf 85' lang='lat' dir='ltr'><strong>sollicitudinis</strong></span> <span class='ocrx_word' id='word_1_73' title='bbox 555 1079 777 1135; x_wconf 82' lang='lat' dir='ltr'><strong>fuerunt</strong></span> <span class='ocrx_word' id='word_1_74' title='bbox 832 1085 1034 1151; x_wconf 90' lang='lat' dir='ltr'><strong>vocati,</strong></span> <span class='ocrx_word' id='word_1_75' title='bbox 1093 1085 1338 1156; x_wconf 85' lang='lat' dir='ltr'><strong>ipsisque</strong></span> <span class='ocrx_word' id='word_1_76' title='bbox 1397 1086 1682 1156; x_wconf 63' lang='lat' dir='ltr'><strong>prmcipure</strong></span> 
     </span>
    </p>
   </div>
   <div class='ocr_carea' id='block_1_13' title="bbox 114 1172 1683 1244">
    <p class='ocr_par' dir='ltr' id='par_1_13' title="bbox 114 1172 1683 1244">
     <span class='ocr_line' id='line_1_13' title="bbox 114 1172 1683 1244; baseline 0.004 -16"><span class='ocrx_word' id='word_1_77' title='bbox 114 1175 404 1244; x_wconf 63' lang='lat' dir='ltr'><strong>assignans</strong></span> <span class='ocrx_word' id='word_1_78' title='bbox 453 1172 675 1228; x_wconf 78' lang='lat' dir='ltr'><strong>fuerunt</strong></span> <span class='ocrx_word' id='word_1_79' title='bbox 718 1176 978 1242; x_wconf 57' lang='lat' dir='ltr'><strong>ecclesia},</strong></span> <span class='ocrx_word' id='word_1_80' title='bbox 1027 1186 1084 1232; x_wconf 92' lang='lat' dir='ltr'><strong>ut</strong></span> <span class='ocrx_word' id='word_1_81' title='bbox 1116 1178 1301 1233; x_wconf 83' lang='lat' dir='ltr'><strong>ﬁdeles</strong></span> <span class='ocrx_word' id='word_1_82' title='bbox 1343 1180 1683 1234; x_wconf 89' lang='lat' dir='ltr'><strong>commodius</strong></span> 
     </span>
    </p>
   </div>
   <div class='ocr_carea' id='block_1_14' title="bbox 114 1265 1683 1339">
    <p class='ocr_par' dir='ltr' id='par_1_14' title="bbox 114 1265 1683 1339">
     <span class='ocr_line' id='line_1_14' title="bbox 114 1265 1683 1339; baseline 0.003 -18"><span class='ocrx_word' id='word_1_83' title='bbox 114 1267 307 1321; x_wconf 77' lang='lat' dir='ltr'><strong>divinis</strong></span> <span class='ocrx_word' id='word_1_84' title='bbox 337 1265 718 1319; x_wconf 89' lang='lat' dir='ltr'><strong>imbuerentur</strong></span> <span class='ocrx_word' id='word_1_85' title='bbox 742 1270 1015 1338; x_wconf 77' lang='lat' dir='ltr'><strong>mysteriis</strong></span> <span class='ocrx_word' id='word_1_86' title='bbox 1045 1283 1306 1339; x_wconf 89' lang='lat' dir='ltr'><strong>sacraque</strong></span> <span class='ocrx_word' id='word_1_87' title='bbox 1332 1272 1683 1325; x_wconf 79' lang='lat' dir='ltr'><strong>reficerentur</strong></span> 
     </span>
    </p>
   </div>
   <div class='ocr_carea' id='block_1_15' title="bbox 112 1360 1683 1431">
    <p class='ocr_par' dir='ltr' id='par_1_15' title="bbox 112 1360 1683 1431">
     <span class='ocr_line' id='line_1_15' title="bbox 112 1360 1683 1431; baseline 0.004 -17"><span class='ocrx_word' id='word_1_88' title='bbox 112 1361 321 1430; x_wconf 77' lang='lat' dir='ltr'><strong>synaxi.</strong></span> <span class='ocrx_word' id='word_1_89' title='bbox 356 1360 597 1417; x_wconf 78' lang='lat' dir='ltr'><strong>Minores</strong></span> <span class='ocrx_word' id='word_1_90' title='bbox 628 1376 755 1415; x_wconf 90' lang='lat' dir='ltr'><strong>vero</strong></span> <span class='ocrx_word' id='word_1_91' title='bbox 786 1361 967 1427; x_wconf 86' lang='lat' dir='ltr'><strong>urbes,</strong></span> <span class='ocrx_word' id='word_1_92' title='bbox 996 1378 1117 1431; x_wconf 73' lang='lat' dir='ltr'><strong>quae</strong></span> <span class='ocrx_word' id='word_1_93' title='bbox 1157 1362 1485 1418; x_wconf 81' lang='lat' dir='ltr'><strong>diﬂicillimis</strong></span> <span class='ocrx_word' id='word_1_94' title='bbox 1535 1364 1683 1419; x_wconf 89' lang='lat' dir='ltr'><strong>hisce</strong></span> 
     </span>
    </p>
   </div>
   <div class='ocr_carea' id='block_1_16' title="bbox 111 1453 1679 1524">
    <p class='ocr_par' dir='ltr' id='par_1_16' title="bbox 111 1453 1679 1524">
     <span class='ocr_line' id='line_1_16' title="bbox 111 1453 1679 1524; baseline 0.003 -18"><span class='ocrx_word' id='word_1_95' title='bbox 111 1453 435 1508; x_wconf 65' lang='lat' dir='ltr'><strong>Christianae</strong></span> <span class='ocrx_word' id='word_1_96' title='bbox 488 1454 795 1523; x_wconf 62' lang='lat' dir='ltr'><strong>reipublicae</strong></span> <span class='ocrx_word' id='word_1_97' title='bbox 849 1455 1184 1524; x_wconf 81' lang='lat' dir='ltr'><strong>temperibus</strong></span> <span class='ocrx_word' id='word_1_98' title='bbox 1240 1464 1386 1509; x_wconf 91' lang='lat' dir='ltr'><strong>tanta</strong></span> <span class='ocrx_word' id='word_1_99' title='bbox 1446 1456 1679 1511; x_wconf 81' lang='lat' dir='ltr'><strong>ﬁdelium</strong></span> 
     </span>
    </p>
   </div>
   <div class='ocr_carea' id='block_1_17' title="bbox 110 1546 1681 1616">
    <p class='ocr_par' dir='ltr' id='par_1_17' title="bbox 110 1546 1681 1616">
     <span class='ocr_line' id='line_1_17' title="bbox 110 1546 1681 1616; baseline 0.001 -19"><span class='ocrx_word' id='word_1_100' title='bbox 110 1546 261 1614; x_wconf 77' lang='lat' dir='ltr'><strong>capia</strong></span> <span class='ocrx_word' id='word_1_101' title='bbox 303 1546 453 1599; x_wconf 85' lang='lat' dir='ltr'><strong>haud</strong></span> <span class='ocrx_word' id='word_1_102' title='bbox 502 1546 798 1615; x_wconf 89' lang='lat' dir='ltr'><strong>pollebant,</strong></span> <span class='ocrx_word' id='word_1_103' title='bbox 836 1546 1006 1601; x_wconf 90' lang='lat' dir='ltr'><strong>solius</strong></span> <span class='ocrx_word' id='word_1_104' title='bbox 1042 1547 1278 1616; x_wconf 86' lang='lat' dir='ltr'><strong>episc0pi</strong></span> <span class='ocrx_word' id='word_1_105' title='bbox 1322 1556 1477 1612; x_wconf 91' lang='lat' dir='ltr'><strong>nutu,</strong></span> <span class='ocrx_word' id='word_1_106' title='bbox 1519 1546 1681 1599; x_wconf 90' lang='lat' dir='ltr'><strong>mini-</strong></span> 
     </span>
    </p>
   </div>
   <div class='ocr_carea' id='block_1_18' title="bbox 1792 355 3351 426">
    <p class='ocr_par' dir='ltr' id='par_1_18' title="bbox 1792 355 3351 426">
     <span class='ocr_line' id='line_1_18' title="bbox 1792 355 3351 426; baseline 0.003 -19"><span class='ocrx_word' id='word_1_107' title='bbox 1792 355 1967 409; x_wconf 88' lang='lat' dir='ltr'><strong>adhuc</strong></span> <span class='ocrx_word' id='word_1_108' title='bbox 2001 365 2175 410; x_wconf 88' lang='lat' dir='ltr'><strong>stante</strong></span> <span class='ocrx_word' id='word_1_109' title='bbox 2208 357 2452 426; x_wconf 88' lang='lat' dir='ltr'><strong>imperio,</strong></span> <span class='ocrx_word' id='word_1_110' title='bbox 2486 356 2723 426; x_wconf 89' lang='lat' dir='ltr'><strong>undique</strong></span> <span class='ocrx_word' id='word_1_111' title='bbox 2756 357 3119 422; x_wconf 84' lang='lat' dir='ltr'><strong>conﬂuebant,</strong></span> <span class='ocrx_word' id='word_1_112' title='bbox 3151 357 3351 426; x_wconf 89' lang='lat' dir='ltr'><strong>ipsam-</strong></span> 
     </span>
    </p>
   </div>
   <div class='ocr_carea' id='block_1_19' title="bbox 1792 444 3354 516">
    <p class='ocr_par' dir='ltr' id='par_1_19' title="bbox 1792 444 3354 516">
     <span class='ocr_line' id='line_1_19' title="bbox 1792 444 3354 516; baseline 0.003 -18"><span class='ocrx_word' id='word_1_113' title='bbox 1792 461 1897 515; x_wconf 90' lang='lat' dir='ltr'><strong>que</strong></span> <span class='ocrx_word' id='word_1_114' title='bbox 1923 462 2026 499; x_wconf 91' lang='lat' dir='ltr'><strong>non</strong></span> <span class='ocrx_word' id='word_1_115' title='bbox 2056 462 2255 516; x_wconf 91' lang='lat' dir='ltr'><strong>paucos</strong></span> <span class='ocrx_word' id='word_1_116' title='bbox 2291 447 2656 512; x_wconf 90' lang='lat' dir='ltr'><strong>Christianos,</strong></span> <span class='ocrx_word' id='word_1_117' title='bbox 2688 461 2750 500; x_wconf 80' lang='lat' dir='ltr'><strong>ex</strong></span> <span class='ocrx_word' id='word_1_118' title='bbox 2786 447 3165 502; x_wconf 83' lang='lat' dir='ltr'><strong>remotissimis</strong></span> <span class='ocrx_word' id='word_1_119' title='bbox 3191 444 3354 503; x_wconf 87' lang='lat' dir='ltr'><strong>etiam</strong></span> 
     </span>
    </p>
   </div>
   <div class='ocr_carea' id='block_1_20' title="bbox 1790 538 3358 607">
    <p class='ocr_par' dir='ltr' id='par_1_20' title="bbox 1790 538 3358 607">
     <span class='ocr_line' id='line_1_20' title="bbox 1790 538 3358 607; baseline 0.001 -18"><span class='ocrx_word' id='word_1_120' title='bbox 1790 538 2085 605; x_wconf 88' lang='lat' dir='ltr'><strong>provinciis</strong></span> <span class='ocrx_word' id='word_1_121' title='bbox 2134 538 2259 593; x_wconf 89' lang='lat' dir='ltr'><strong>illuc</strong></span> <span class='ocrx_word' id='word_1_122' title='bbox 2299 538 2484 593; x_wconf 80' lang='lat' dir='ltr'><strong>forsan</strong></span> <span class='ocrx_word' id='word_1_123' title='bbox 2531 538 2808 607; x_wconf 88' lang='lat' dir='ltr'><strong>appulsos,</strong></span> <span class='ocrx_word' id='word_1_124' title='bbox 2862 538 3150 593; x_wconf 91' lang='lat' dir='ltr'><strong>incoluisse</strong></span> <span class='ocrx_word' id='word_1_125' title='bbox 3183 538 3358 593; x_wconf 87' lang='lat' dir='ltr'><strong>credi-</strong></span> 
     </span>
    </p>
   </div>
   <div class='ocr_carea' id='block_1_21' title="bbox 1791 628 3356 700">
    <p class='ocr_par' dir='ltr' id='par_1_21' title="bbox 1791 628 3356 700">
     <span class='ocr_line' id='line_1_21' title="bbox 1791 628 3356 700; baseline 0.001 -18"><span class='ocrx_word' id='word_1_126' title='bbox 1791 645 1931 683; x_wconf 86' lang='lat' dir='ltr'><strong>mus.</strong></span> <span class='ocrx_word' id='word_1_127' title='bbox 1992 628 2197 684; x_wconf 89' lang='lat' dir='ltr'><strong>Tamen</strong></span> <span class='ocrx_word' id='word_1_128' title='bbox 2249 645 2372 684; x_wconf 90' lang='lat' dir='ltr'><strong>cum</strong></span> <span class='ocrx_word' id='word_1_129' title='bbox 2436 630 2677 685; x_wconf 81' lang='lat' dir='ltr'><strong>Romana</strong></span> <span class='ocrx_word' id='word_1_130' title='bbox 2737 641 2898 700; x_wconf 88' lang='lat' dir='ltr'><strong>atque</strong></span> <span class='ocrx_word' id='word_1_131' title='bbox 2954 630 3356 696; x_wconf 82' lang='lat' dir='ltr'><strong>Alexandrina,</strong></span> 
     </span>
    </p>
   </div>
   <div class='ocr_carea' id='block_1_22' title="bbox 1789 720 3359 795">
    <p class='ocr_par' dir='ltr' id='par_1_22' title="bbox 1789 720 3359 795">
     <span class='ocr_line' id='line_1_22' title="bbox 1789 720 3359 795; baseline 0.001 -19"><span class='ocrx_word' id='word_1_132' title='bbox 1789 737 1951 791; x_wconf 83' lang='lat' dir='ltr'><strong>quam</strong></span> <span class='ocrx_word' id='word_1_133' title='bbox 1980 720 2351 778; x_wconf 80' lang='lat' dir='ltr'><strong>Tlteodoretus</strong></span> <span class='ocrx_word' id='word_1_134' title='bbox 2377 724 2487 795; x_wconf 79' lang='lat'><strong>(7&#39;5)</strong></span> <span class='ocrx_word' id='word_1_135' title='bbox 2520 724 2671 777; x_wconf 78' lang='grc' dir='ltr'><strong>πόλιν</strong></span> <span class='ocrx_word' id='word_1_136' title='bbox 2715 725 2974 795; x_wconf 75' lang='grc' dir='ltr'><strong>μεγίστην</strong></span> <span class='ocrx_word' id='word_1_137' title='bbox 3006 726 3099 777; x_wconf 75' lang='grc' dir='ltr'><strong>κα).</strong></span> <span class='ocrx_word' id='word_1_138' title='bbox 3130 726 3359 779; x_wconf 76' lang='grc' dir='ltr'><strong>πολυάν-</strong></span> 
     </span>
    </p>
   </div>
   <div class='ocr_carea' id='block_1_23' title="bbox 1791 811 3355 885">
    <p class='ocr_par' dir='ltr' id='par_1_23' title="bbox 1791 811 3355 885">
     <span class='ocr_line' id='line_1_23' title="bbox 1791 811 3355 885; baseline 0.004 -21"><span class='ocrx_word' id='word_1_139' title='bbox 1791 811 2006 883; x_wconf 86' lang='grc' dir='ltr'>Θρωπον</span> <span class='ocrx_word' id='word_1_140' title='bbox 2045 814 2295 883; x_wconf 82' lang='lat' dir='ltr'><strong>appellat,</strong></span> <span class='ocrx_word' id='word_1_141' title='bbox 2332 816 2501 884; x_wconf 90' lang='lat' dir='ltr'><strong>ipsam</strong></span> <span class='ocrx_word' id='word_1_142' title='bbox 2537 830 2696 869; x_wconf 88' lang='lat' dir='ltr'><strong>nemo</strong></span> <span class='ocrx_word' id='word_1_143' title='bbox 2720 816 2959 885; x_wconf 87' lang='lat' dir='ltr'><strong>prudens</strong></span> <span class='ocrx_word' id='word_1_144' title='bbox 2999 817 3355 885; x_wconf 87' lang='lat' dir='ltr'><strong>comparabit,</strong></span> 
     </span>
    </p>
   </div>
   <div class='ocr_carea' id='block_1_24' title="bbox 1791 905 3358 976">
    <p class='ocr_par' dir='ltr' id='par_1_24' title="bbox 1791 905 3358 976">
     <span class='ocr_line' id='line_1_24' title="bbox 1791 905 3358 976; baseline 0.004 -19"><span class='ocrx_word' id='word_1_145' title='bbox 1791 914 1869 970; x_wconf 91' lang='lat' dir='ltr'><strong>ut,</strong></span> <span class='ocrx_word' id='word_1_146' title='bbox 1917 905 2110 960; x_wconf 88' lang='lat' dir='ltr'><strong>harum</strong></span> <span class='ocrx_word' id='word_1_147' title='bbox 2155 908 2422 976; x_wconf 84' lang='lat' dir='ltr'><strong>exemplo,</strong></span> <span class='ocrx_word' id='word_1_148' title='bbox 2478 908 2531 960; x_wconf 90' lang='lat' dir='ltr'><strong>in</strong></span> <span class='ocrx_word' id='word_1_149' title='bbox 2583 908 2671 961; x_wconf 91' lang='lat' dir='ltr'><strong>illa</strong></span> <span class='ocrx_word' id='word_1_150' title='bbox 2717 908 2899 976; x_wconf 93' lang='lat' dir='ltr'><strong>plures</strong></span> <span class='ocrx_word' id='word_1_151' title='bbox 2960 908 3358 963; x_wconf 85' lang='lat' dir='ltr'><strong>ecclesiasticos</strong></span> 
     </span>
    </p>
   </div>
   <div class='ocr_carea' id='block_1_25' title="bbox 1794 996 3358 1069">
    <p class='ocr_par' dir='ltr' id='par_1_25' title="bbox 1794 996 3358 1069">
     <span class='ocr_line' id='line_1_25' title="bbox 1794 996 3358 1069; baseline 0.004 -21"><span class='ocrx_word' id='word_1_152' title='bbox 1794 996 1998 1061; x_wconf 88' lang='lat' dir='ltr'><strong>titulos,</strong></span> <span class='ocrx_word' id='word_1_153' title='bbox 2036 1012 2132 1052; x_wconf 91' lang='lat' dir='ltr'><strong>seu</strong></span> <span class='ocrx_word' id='word_1_154' title='bbox 2176 1000 2480 1067; x_wconf 85' lang='lat' dir='ltr'><strong>parochias,</strong></span> <span class='ocrx_word' id='word_1_155' title='bbox 2517 999 2570 1053; x_wconf 91' lang='lat' dir='ltr'><strong>in</strong></span> <span class='ocrx_word' id='word_1_156' title='bbox 2621 997 2889 1053; x_wconf 84' lang='lat' dir='ltr'><strong>Ruinartii</strong></span> <span class='ocrx_word' id='word_1_157' title='bbox 2923 1000 3153 1069; x_wconf 81' lang='lat' dir='ltr'><strong>gratiam</strong></span> <span class='ocrx_word' id='word_1_158' title='bbox 3188 1001 3358 1055; x_wconf 80' lang='lat' dir='ltr'><strong>exsti-</strong></span> 
     </span>
    </p>
   </div>
   <div class='ocr_carea' id='block_1_26' title="bbox 1790 1088 3357 1162">
    <p class='ocr_par' dir='ltr' id='par_1_26' title="bbox 1790 1088 3357 1162">
     <span class='ocr_line' id='line_1_26' title="bbox 1790 1088 3357 1162; baseline 0.004 -19"><span class='ocrx_word' id='word_1_159' title='bbox 1790 1089 1923 1143; x_wconf 87' lang='lat' dir='ltr'><strong>tisse</strong></span> <span class='ocrx_word' id='word_1_160' title='bbox 1951 1088 2198 1145; x_wconf 74' lang='lat' dir='ltr'><strong>alIirmet.</strong></span> <span class='ocrx_word' id='word_1_161' title='bbox 2235 1092 2383 1145; x_wconf 86' lang='lat' dir='ltr'><strong>Alias</strong></span> <span class='ocrx_word' id='word_1_162' title='bbox 2406 1092 2550 1146; x_wconf 90' lang='lat' dir='ltr'><strong>enim</strong></span> <span class='ocrx_word' id='word_1_163' title='bbox 2600 1093 2782 1153; x_wconf 89' lang='lat' dir='ltr'><strong>urbes,</strong></span> <span class='ocrx_word' id='word_1_164' title='bbox 2823 1108 2958 1162; x_wconf 87' lang='lat' dir='ltr'><strong>quas</strong></span> <span class='ocrx_word' id='word_1_165' title='bbox 3002 1102 3057 1146; x_wconf 92' lang='lat' dir='ltr'><strong>et</strong></span> <span class='ocrx_word' id='word_1_166' title='bbox 3097 1093 3357 1149; x_wconf 88' lang='lat' dir='ltr'><strong>circuitus</strong></span> 
     </span>
    </p>
   </div>
   <div class='ocr_carea' id='block_1_27' title="bbox 1790 1181 3358 1253">
    <p class='ocr_par' dir='ltr' id='par_1_27' title="bbox 1790 1181 3358 1253">
     <span class='ocr_line' id='line_1_27' title="bbox 1790 1181 3358 1253; baseline 0.003 -19"><span class='ocrx_word' id='word_1_167' title='bbox 1790 1181 2170 1250; x_wconf 89' lang='lat' dir='ltr'><strong>amplitudine,</strong></span> <span class='ocrx_word' id='word_1_168' title='bbox 2224 1191 2277 1237; x_wconf 90' lang='lat' dir='ltr'><strong>et</strong></span> <span class='ocrx_word' id='word_1_169' title='bbox 2332 1185 2654 1253; x_wconf 88' lang='lat' dir='ltr'><strong>populorum</strong></span> <span class='ocrx_word' id='word_1_170' title='bbox 2716 1184 3017 1253; x_wconf 81' lang='lat' dir='ltr'><strong>frequentia</strong></span> <span class='ocrx_word' id='word_1_171' title='bbox 3072 1182 3358 1241; x_wconf 88' lang='lat' dir='ltr'><strong>Portuensi</strong></span> 
     </span>
    </p>
   </div>
   <div class='ocr_carea' id='block_1_28' title="bbox 1789 1272 3353 1343">
    <p class='ocr_par' dir='ltr' id='par_1_28' title="bbox 1789 1272 3353 1343">
     <span class='ocr_line' id='line_1_28' title="bbox 1789 1272 3353 1343; baseline 0.004 -21"><span class='ocrx_word' id='word_1_172' title='bbox 1789 1284 2133 1339; x_wconf 87' lang='lat' dir='ltr'><strong>nequaquam</strong></span> <span class='ocrx_word' id='word_1_173' title='bbox 2160 1272 2515 1337; x_wconf 70' lang='lat' dir='ltr'><strong>concessisse,</strong></span> <span class='ocrx_word' id='word_1_174' title='bbox 2536 1274 2643 1326; x_wconf 90' lang='lat' dir='ltr'><strong>imo</strong></span> <span class='ocrx_word' id='word_1_175' title='bbox 2672 1274 2841 1341; x_wconf 90' lang='lat' dir='ltr'><strong>ipsam</strong></span> <span class='ocrx_word' id='word_1_176' title='bbox 2862 1274 3019 1342; x_wconf 82' lang='lat' dir='ltr'><strong>longe</strong></span> <span class='ocrx_word' id='word_1_177' title='bbox 3044 1288 3353 1343; x_wconf 80' lang='lat' dir='ltr'><strong>superasse,</strong></span> 
     </span>
    </p>
   </div>
   <div class='ocr_carea' id='block_1_29' title="bbox 1789 1361 3355 1434">
    <p class='ocr_par' dir='ltr' id='par_1_29' title="bbox 1789 1361 3355 1434">
     <span class='ocr_line' id='line_1_29' title="bbox 1789 1361 3355 1434; baseline 0.004 -22"><span class='ocrx_word' id='word_1_178' title='bbox 1789 1361 2136 1415; x_wconf 82' lang='lat' dir='ltr'><strong>notissimum</strong></span> <span class='ocrx_word' id='word_1_179' title='bbox 2179 1372 2280 1425; x_wconf 90' lang='lat' dir='ltr'><strong>est,</strong></span> <span class='ocrx_word' id='word_1_180' title='bbox 2322 1364 2499 1417; x_wconf 90' lang='lat' dir='ltr'><strong>nullos</strong></span> <span class='ocrx_word' id='word_1_181' title='bbox 2541 1376 2668 1418; x_wconf 92' lang='lat' dir='ltr'><strong>tunc</strong></span> <span class='ocrx_word' id='word_1_182' title='bbox 2704 1365 2962 1433; x_wconf 87' lang='lat' dir='ltr'><strong>temporis</strong></span> <span class='ocrx_word' id='word_1_183' title='bbox 3018 1366 3201 1419; x_wconf 89' lang='lat' dir='ltr'><strong>titulos</strong></span> <span class='ocrx_word' id='word_1_184' title='bbox 3231 1381 3355 1434; x_wconf 64' lang='lat' dir='ltr'><strong>pre~</strong></span> 
     </span>
    </p>
   </div>
   <div class='ocr_carea' id='block_1_30' title="bbox 1790 1454 3357 1524">
    <p class='ocr_par' dir='ltr' id='par_1_30' title="bbox 1790 1454 3357 1524">
     <span class='ocr_line' id='line_1_30' title="bbox 1790 1454 3357 1524; baseline 0.005 -18"><span class='ocrx_word' id='word_1_185' title='bbox 1790 1454 2130 1524; x_wconf 88' lang='lat' dir='ltr'><strong>sbyterorum</strong></span> <span class='ocrx_word' id='word_1_186' title='bbox 2176 1472 2320 1511; x_wconf 76' lang='lat' dir='ltr'><strong>cura:</strong></span> <span class='ocrx_word' id='word_1_187' title='bbox 2350 1459 2674 1511; x_wconf 84' lang='lat' dir='ltr'><strong>commissos</strong></span> <span class='ocrx_word' id='word_1_188' title='bbox 2723 1458 2977 1512; x_wconf 82' lang='lat' dir='ltr'><strong>habuisse</strong></span> <span class='ocrx_word' id='word_1_189' title='bbox 3000 1468 3231 1513; x_wconf 88' lang='lat' dir='ltr'><strong>constat.</strong></span> <span class='ocrx_word' id='word_1_190' title='bbox 3266 1458 3357 1514; x_wconf 89' lang='lat' dir='ltr'><strong>Sic</strong></span> 
     </span>
    </p>
   </div>
   <div class='ocr_carea' id='block_1_31' title="bbox 1788 1542 3356 1620">
    <p class='ocr_par' dir='ltr' id='par_1_31' title="bbox 1788 1542 3356 1620">
     <span class='ocr_line' id='line_1_31' title="bbox 1788 1542 3356 1620; baseline 0.006 -24"><span class='ocrx_word' id='word_1_191' title='bbox 1788 1542 2122 1609; x_wconf 83' lang='lat' dir='ltr'><strong>Nicomedia,</strong></span> <span class='ocrx_word' id='word_1_192' title='bbox 2148 1548 2557 1615; x_wconf 89' lang='lat' dir='ltr'><strong>opulentissima</strong></span> <span class='ocrx_word' id='word_1_193' title='bbox 2601 1548 2836 1602; x_wconf 82' lang='lat' dir='ltr'><strong>Orientis</strong></span> <span class='ocrx_word' id='word_1_194' title='bbox 2863 1550 3072 1614; x_wconf 85' lang='lat' dir='ltr'><strong>civitas,</strong></span> <span class='ocrx_word' id='word_1_195' title='bbox 3108 1551 3356 1620; x_wconf 77' lang='lat' dir='ltr'><strong>quamvis</strong></span> 
     </span>
    </p>
   </div>
   <div class='ocr_carea' id='block_1_32' title="bbox 112 1636 3354 1714">
    <p class='ocr_par' dir='ltr' id='par_1_32' title="bbox 112 1636 3354 1714">
     <span class='ocr_line' id='line_1_32' title="bbox 112 1636 3354 1714; baseline 0.003 -26"><span class='ocrx_word' id='word_1_196' title='bbox 112 1637 415 1691; x_wconf 73' lang='lat' dir='ltr'><strong>strantibus</strong></span> <span class='ocrx_word' id='word_1_197' title='bbox 443 1637 778 1707; x_wconf 81' lang='lat' dir='ltr'><strong>presbyteris</strong></span> <span class='ocrx_word' id='word_1_198' title='bbox 803 1652 865 1691; x_wconf 88' lang='lat' dir='ltr'><strong>ac</strong></span> <span class='ocrx_word' id='word_1_199' title='bbox 893 1637 1158 1703; x_wconf 87' lang='lat' dir='ltr'><strong>diaconis,</strong></span> <span class='ocrx_word' id='word_1_200' title='bbox 1184 1639 1527 1708; x_wconf 81' lang='lat' dir='ltr'><strong>regebantur.</strong></span> <span class='ocrx_word' id='word_1_201' title='bbox 1545 1636 1681 1691; x_wconf 90' lang='lat' dir='ltr'><strong>llinc</strong></span> <span class='ocrx_word' id='word_1_202' title='bbox 1711 1638 1751 1692; x_wconf 88' lang='lat' dir='ltr'><strong>B</strong></span> <span class='ocrx_word' id='word_1_203' title='bbox 1783 1642 1982 1695; x_wconf 89' lang='lat' dir='ltr'><strong>mullos</strong></span> <span class='ocrx_word' id='word_1_204' title='bbox 2005 1642 2106 1697; x_wconf 89' lang='lat' dir='ltr'><strong>hoc</strong></span> <span class='ocrx_word' id='word_1_205' title='bbox 2135 1658 2248 1697; x_wconf 69' lang='lat' dir='ltr'><strong>aevo</strong></span> <span class='ocrx_word' id='word_1_206' title='bbox 2282 1644 2501 1697; x_wconf 84' lang='lat' dir='ltr'><strong>haberet</strong></span> <span class='ocrx_word' id='word_1_207' title='bbox 2528 1645 2891 1714; x_wconf 83' lang='lat' dir='ltr'><strong>presbyteros,</strong></span> <span class='ocrx_word' id='word_1_208' title='bbox 2920 1646 3134 1700; x_wconf 90' lang='lat' dir='ltr'><strong>unicam</strong></span> <span class='ocrx_word' id='word_1_209' title='bbox 3174 1656 3354 1700; x_wconf 90' lang='lat' dir='ltr'><strong>tamen</strong></span> 
     </span>
    </p>
   </div>
   <div class='ocr_carea' id='block_1_33' title="bbox 110 1728 1676 1798">
    <p class='ocr_par' dir='ltr' id='par_1_33' title="bbox 110 1728 1676 1798">
     <span class='ocr_line' id='line_1_33' title="bbox 110 1728 1676 1798; baseline 0.001 -17"><span class='ocrx_word' id='word_1_210' title='bbox 110 1728 286 1793; x_wconf 78' lang='lat' dir='ltr'><strong>enim,</strong></span> <span class='ocrx_word' id='word_1_211' title='bbox 350 1736 409 1781; x_wconf 92' lang='lat' dir='ltr'><strong>ut</strong></span> <span class='ocrx_word' id='word_1_212' title='bbox 475 1729 653 1798; x_wconf 87' lang='lat' dir='ltr'><strong>inquit</strong></span> <span class='ocrx_word' id='word_1_213' title='bbox 707 1730 1054 1784; x_wconf 84' lang='lat' dir='ltr'><strong>doctissimus</strong></span> <span class='ocrx_word' id='word_1_214' title='bbox 1105 1728 1499 1784; x_wconf 89' lang='lat' dir='ltr'><strong>Thomassinus</strong></span> <span class='ocrx_word' id='word_1_215' title='bbox 1545 1729 1676 1798; x_wconf 80' lang='grc'>(72),</span> 
     </span>
    </p>
   </div>
   <div class='ocr_carea' id='block_1_34' title="bbox 114 1818 1679 1889">
    <p class='ocr_par' dir='ltr' id='par_1_34' title="bbox 114 1818 1679 1889">
     <span class='ocr_line' id='line_1_34' title="bbox 114 1818 1679 1889; baseline 0.003 -20"><span class='ocrx_word' id='word_1_216' title='bbox 114 1838 129 1869; x_wconf 77' lang='lat' dir='ltr'><strong>i</strong></span> <span class='ocrx_word' id='word_1_217' title='bbox 165 1819 326 1873; x_wconf 87' lang='lat' dir='ltr'><strong>solus</strong></span> <span class='ocrx_word' id='word_1_218' title='bbox 361 1818 528 1889; x_wconf 81' lang='lat' dir='ltr'><strong>vulgo</strong></span> <span class='ocrx_word' id='word_1_219' title='bbox 562 1819 871 1889; x_wconf 87' lang='lat' dir='ltr'><strong>baptizabat</strong></span> <span class='ocrx_word' id='word_1_220' title='bbox 912 1822 1220 1889; x_wconf 85' lang='lat' dir='ltr'><strong>episcopus.</strong></span> <span class='ocrx_word' id='word_1_221' title='bbox 1247 1820 1394 1874; x_wconf 89' lang='lat' dir='ltr'><strong>solus</strong></span> <span class='ocrx_word' id='word_1_222' title='bbox 1419 1820 1679 1873; x_wconf 84' lang='lat' dir='ltr'><strong>altarbus</strong></span> 
     </span>
    </p>
   </div>
   <div class='ocr_carea' id='block_1_35' title="bbox 109 1913 1677 1983">
    <p class='ocr_par' dir='ltr' id='par_1_35' title="bbox 109 1913 1677 1983">
     <span class='ocr_line' id='line_1_35' title="bbox 109 1913 1677 1983; baseline 0.001 -19"><span class='ocrx_word' id='word_1_223' title='bbox 109 1913 435 1983; x_wconf 65' lang='lat' dir='ltr'><strong>paenitentes</strong></span> <span class='ocrx_word' id='word_1_224' title='bbox 462 1913 868 1977; x_wconf 87' lang='lat' dir='ltr'><strong>reconciliabat,</strong></span> <span class='ocrx_word' id='word_1_225' title='bbox 899 1915 1049 1969; x_wconf 90' lang='lat' dir='ltr'><strong>solus</strong></span> <span class='ocrx_word' id='word_1_226' title='bbox 1070 1914 1351 1979; x_wconf 70' lang='lat' dir='ltr'><strong>oll‘erebat,</strong></span> <span class='ocrx_word' id='word_1_227' title='bbox 1381 1914 1486 1967; x_wconf 91' lang='lat' dir='ltr'><strong>nisi</strong></span> <span class='ocrx_word' id='word_1_228' title='bbox 1517 1928 1677 1981; x_wconf 90' lang='lat' dir='ltr'><strong>quem</strong></span> 
     </span>
    </p>
   </div>
   <div class='ocr_carea' id='block_1_36' title="bbox 109 2006 1680 2075">
    <p class='ocr_par' dir='ltr' id='par_1_36' title="bbox 109 2006 1680 2075">
     <span class='ocr_line' id='line_1_36' title="bbox 109 2006 1680 2075; baseline 0.001 -16"><span class='ocrx_word' id='word_1_229' title='bbox 109 2023 165 2059; x_wconf 72' lang='lat' dir='ltr'><strong>ex</strong></span> <span class='ocrx_word' id='word_1_230' title='bbox 194 2006 534 2075; x_wconf 76' lang='lat' dir='ltr'><strong>presbyteris</strong></span> <span class='ocrx_word' id='word_1_231' title='bbox 560 2022 718 2061; x_wconf 90' lang='lat' dir='ltr'><strong>suum</strong></span> <span class='ocrx_word' id='word_1_232' title='bbox 743 2007 1094 2061; x_wconf 89' lang='lat' dir='ltr'><strong>substitueret</strong></span> <span class='ocrx_word' id='word_1_233' title='bbox 1118 2008 1169 2059; x_wconf 91' lang='lat' dir='ltr'><strong>in</strong></span> <span class='ocrx_word' id='word_1_234' title='bbox 1196 2006 1374 2060; x_wconf 90' lang='lat' dir='ltr'><strong>locum</strong></span> <span class='ocrx_word' id='word_1_235' title='bbox 1405 2016 1459 2060; x_wconf 90' lang='lat' dir='ltr'><strong>et</strong></span> <span class='ocrx_word' id='word_1_236' title='bbox 1486 2006 1680 2060; x_wconf 80' lang='lat' dir='ltr'><strong>oﬂ&#39;erre</strong></span> 
     </span>
    </p>
   </div>
   <div class='ocr_carea' id='block_1_37' title="bbox 106 2098 1679 2167">
    <p class='ocr_par' dir='ltr' id='par_1_37' title="bbox 106 2098 1679 2167">
     <span class='ocr_line' id='line_1_37' title="bbox 106 2098 1679 2167; baseline 0.003 -17"><span class='ocrx_word' id='word_1_237' title='bbox 106 2099 337 2167; x_wconf 84' lang='lat' dir='ltr'><strong>juberet.</strong></span> <span class='ocrx_word' id='word_1_238' title='bbox 369 2098 561 2163; x_wconf 82' lang='lat' dir='ltr'><strong>Quare</strong></span> <span class='ocrx_word' id='word_1_239' title='bbox 609 2106 663 2152; x_wconf 91' lang='lat' dir='ltr'><strong>et</strong></span> <span class='ocrx_word' id='word_1_240' title='bbox 706 2098 758 2151; x_wconf 92' lang='lat' dir='ltr'><strong>in</strong></span> <span class='ocrx_word' id='word_1_241' title='bbox 806 2099 1059 2153; x_wconf 81' lang='lat' dir='ltr'><strong>maximis</strong></span> <span class='ocrx_word' id='word_1_242' title='bbox 1104 2098 1410 2167; x_wconf 87' lang='lat' dir='ltr'><strong>quibusque</strong></span> <span class='ocrx_word' id='word_1_243' title='bbox 1454 2098 1679 2154; x_wconf 87' lang='lat' dir='ltr'><strong>urbibus</strong></span> 
     </span>
    </p>
   </div>
   <div class='ocr_carea' id='block_1_38' title="bbox 108 2189 1675 2260">
    <p class='ocr_par' dir='ltr' id='par_1_38' title="bbox 108 2189 1675 2260">
     <span class='ocr_line' id='line_1_38' title="bbox 108 2189 1675 2260; baseline 0 -18"><span class='ocrx_word' id='word_1_244' title='bbox 108 2207 207 2243; x_wconf 84' lang='lat' dir='ltr'><strong>una</strong></span> <span class='ocrx_word' id='word_1_245' title='bbox 243 2200 365 2244; x_wconf 84' lang='lat' dir='ltr'><strong>erat</strong></span> <span class='ocrx_word' id='word_1_246' title='bbox 396 2200 616 2243; x_wconf 87' lang='lat' dir='ltr'><strong>tantum</strong></span> <span class='ocrx_word' id='word_1_247' title='bbox 671 2189 917 2253; x_wconf 86' lang='lat' dir='ltr'><strong>ecclesia,</strong></span> <span class='ocrx_word' id='word_1_248' title='bbox 951 2190 1072 2245; x_wconf 87' lang='lat' dir='ltr'><strong>l&#39;ons</strong></span> <span class='ocrx_word' id='word_1_249' title='bbox 1097 2206 1236 2243; x_wconf 87' lang='lat' dir='ltr'><strong>unus</strong></span> <span class='ocrx_word' id='word_1_250' title='bbox 1273 2190 1675 2260; x_wconf 89' lang='lat' dir='ltr'><strong>baptismalis...</strong></span> 
     </span>
    </p>
   </div>
   <div class='ocr_carea' id='block_1_39' title="bbox 110 2280 1679 2351">
    <p class='ocr_par' dir='ltr' id='par_1_39' title="bbox 110 2280 1679 2351">
     <span class='ocr_line' id='line_1_39' title="bbox 110 2280 1679 2351; baseline -0.001 -16"><span class='ocrx_word' id='word_1_251' title='bbox 110 2284 225 2337; x_wconf 80' lang='lat' dir='ltr'><strong>hinc</strong></span> <span class='ocrx_word' id='word_1_252' title='bbox 262 2293 317 2337; x_wconf 90' lang='lat' dir='ltr'><strong>et</strong></span> <span class='ocrx_word' id='word_1_253' title='bbox 344 2298 550 2349; x_wconf 86' lang='lat' dir='ltr'><strong>unum,</strong></span> <span class='ocrx_word' id='word_1_254' title='bbox 583 2284 635 2335; x_wconf 92' lang='lat' dir='ltr'><strong>in</strong></span> <span class='ocrx_word' id='word_1_255' title='bbox 676 2297 783 2351; x_wconf 88' lang='lat' dir='ltr'><strong>quo</strong></span> <span class='ocrx_word' id='word_1_256' title='bbox 819 2282 1121 2346; x_wconf 70' lang='lat' dir='ltr'><strong>offerretur,</strong></span> <span class='ocrx_word' id='word_1_257' title='bbox 1148 2282 1335 2335; x_wconf 88' lang='lat' dir='ltr'><strong>altare.</strong></span> <span class='ocrx_word' id='word_1_258' title='bbox 1377 2300 1393 2331; x_wconf 84' lang='grc'>›</span> <span class='ocrx_word' id='word_1_259' title='bbox 1432 2280 1485 2333; x_wconf 91' lang='lat' dir='ltr'><strong>Si</strong></span> <span class='ocrx_word' id='word_1_260' title='bbox 1516 2281 1679 2350; x_wconf 81' lang='lat' dir='ltr'><strong>igitur</strong></span> 
     </span>
    </p>
   </div>
   <div class='ocr_carea' id='block_1_40' title="bbox 112 2371 1676 2443">
    <p class='ocr_par' dir='ltr' id='par_1_40' title="bbox 112 2371 1676 2443">
     <span class='ocr_line' id='line_1_40' title="bbox 112 2371 1676 2443; baseline 0 -18"><span class='ocrx_word' id='word_1_261' title='bbox 112 2376 155 2426; x_wconf 90' lang='lat' dir='ltr'><strong>in</strong></span> <span class='ocrx_word' id='word_1_262' title='bbox 187 2374 586 2443; x_wconf 81' lang='lat' dir='ltr'><strong>antiquissima</strong></span> <span class='ocrx_word' id='word_1_263' title='bbox 613 2371 864 2428; x_wconf 68' lang='lat' dir='ltr'><strong>Ecclesiae</strong></span> <span class='ocrx_word' id='word_1_264' title='bbox 886 2374 1169 2443; x_wconf 84' lang='lat' dir='ltr'><strong>disciplina</strong></span> <span class='ocrx_word' id='word_1_265' title='bbox 1196 2373 1491 2442; x_wconf 83' lang='lat' dir='ltr'><strong>majoribus</strong></span> <span class='ocrx_word' id='word_1_266' title='bbox 1516 2375 1676 2426; x_wconf 82' lang='lat' dir='ltr'><strong>etiam</strong></span> 
     </span>
    </p>
   </div>
   <div class='ocr_carea' id='block_1_41' title="bbox 113 2465 1677 2537">
    <p class='ocr_par' dir='ltr' id='par_1_41' title="bbox 113 2465 1677 2537">
     <span class='ocr_line' id='line_1_41' title="bbox 113 2465 1677 2537; baseline 0 -20"><span class='ocrx_word' id='word_1_267' title='bbox 113 2468 155 2517; x_wconf 87' lang='lat' dir='ltr'><strong>in</strong></span> <span class='ocrx_word' id='word_1_268' title='bbox 190 2465 430 2519; x_wconf 88' lang='lat' dir='ltr'><strong>urbibus</strong></span> <span class='ocrx_word' id='word_1_269' title='bbox 452 2466 771 2535; x_wconf 84' lang='lat' dir='ltr'><strong>hujusmodi</strong></span> <span class='ocrx_word' id='word_1_270' title='bbox 806 2466 1103 2537; x_wconf 82' lang='lat' dir='ltr'><strong>presbyteri</strong></span> <span class='ocrx_word' id='word_1_271' title='bbox 1139 2465 1309 2519; x_wconf 89' lang='lat' dir='ltr'><strong>titulis</strong></span> <span class='ocrx_word' id='word_1_272' title='bbox 1332 2466 1444 2519; x_wconf 92' lang='lat' dir='ltr'><strong>suis</strong></span> <span class='ocrx_word' id='word_1_273' title='bbox 1471 2466 1538 2519; x_wconf 91' lang='lat' dir='ltr'><strong>ab</strong></span> <span class='ocrx_word' id='word_1_274' title='bbox 1562 2466 1677 2534; x_wconf 87' lang='lat' dir='ltr'><strong>epi-</strong></span> 
     </span>
    </p>
   </div>
   <div class='ocr_carea' id='block_1_42' title="bbox 114 2556 1679 2627">
    <p class='ocr_par' dir='ltr' id='par_1_42' title="bbox 114 2556 1679 2627">
     <span class='ocr_line' id='line_1_42' title="bbox 114 2556 1679 2627; baseline -0.001 -16"><span class='ocrx_word' id='word_1_275' title='bbox 114 2573 265 2627; x_wconf 72' lang='lat' dir='ltr'><strong>scopo</strong></span> <span class='ocrx_word' id='word_1_276' title='bbox 300 2558 605 2627; x_wconf 86' lang='lat' dir='ltr'><strong>sejunctim</strong></span> <span class='ocrx_word' id='word_1_277' title='bbox 658 2556 917 2611; x_wconf 85' lang='lat' dir='ltr'><strong>destinati</strong></span> <span class='ocrx_word' id='word_1_278' title='bbox 971 2556 1112 2611; x_wconf 90' lang='lat' dir='ltr'><strong>haud</strong></span> <span class='ocrx_word' id='word_1_279' title='bbox 1162 2556 1504 2621; x_wconf 83' lang='lat' dir='ltr'><strong>exstiterunt,</strong></span> <span class='ocrx_word' id='word_1_280' title='bbox 1556 2557 1679 2625; x_wconf 90' lang='lat' dir='ltr'><strong>quis</strong></span> 
     </span>
    </p>
   </div>
   <div class='ocr_carea' id='block_1_43' title="bbox 112 2649 1677 2721">
    <p class='ocr_par' dir='ltr' id='par_1_43' title="bbox 112 2649 1677 2721">
     <span class='ocr_line' id='line_1_43' title="bbox 112 2649 1677 2721; baseline 0 -18"><span class='ocrx_word' id='word_1_281' title='bbox 112 2668 337 2719; x_wconf 55' lang='lat' dir='ltr'><strong>utquam</strong></span> <span class='ocrx_word' id='word_1_282' title='bbox 366 2652 665 2705; x_wconf 70' lang='lat' dir='ltr'><strong>Ruinartio</strong></span> <span class='ocrx_word' id='word_1_283' title='bbox 691 2653 955 2705; x_wconf 85' lang='lat' dir='ltr'><strong>assentire</strong></span> <span class='ocrx_word' id='word_1_284' title='bbox 973 2651 1191 2721; x_wconf 89' lang='lat' dir='ltr'><strong>poterit,</strong></span> <span class='ocrx_word' id='word_1_285' title='bbox 1210 2652 1302 2721; x_wconf 90' lang='lat' dir='ltr'><strong>qui</strong></span> <span class='ocrx_word' id='word_1_286' title='bbox 1334 2649 1677 2721; x_wconf 80' lang='lat' dir='ltr'><strong>Hippolytum</strong></span> 
     </span>
    </p>
   </div>
   <div class='ocr_carea' id='block_1_44' title="bbox 111 2740 1680 2811">
    <p class='ocr_par' dir='ltr' id='par_1_44' title="bbox 111 2740 1680 2811">
     <span class='ocr_line' id='line_1_44' title="bbox 111 2740 1680 2811; baseline 0 -18"><span class='ocrx_word' id='word_1_287' title='bbox 111 2742 156 2793; x_wconf 89' lang='lat' dir='ltr'><strong>in</strong></span> <span class='ocrx_word' id='word_1_288' title='bbox 176 2740 474 2796; x_wconf 84' lang='lat' dir='ltr'><strong>Portuensi</strong></span> <span class='ocrx_word' id='word_1_289' title='bbox 500 2741 765 2806; x_wconf 84' lang='lat' dir='ltr'><strong>Ecclesia,</strong></span> <span class='ocrx_word' id='word_1_290' title='bbox 789 2758 951 2810; x_wconf 89' lang='lat' dir='ltr'><strong>quam</strong></span> <span class='ocrx_word' id='word_1_291' title='bbox 979 2758 1109 2795; x_wconf 89' lang='lat' dir='ltr'><strong>sane</strong></span> <span class='ocrx_word' id='word_1_292' title='bbox 1135 2743 1435 2811; x_wconf 84' lang='lat' dir='ltr'><strong>majoribus</strong></span> <span class='ocrx_word' id='word_1_293' title='bbox 1459 2757 1680 2811; x_wconf 61' lang='lat' dir='ltr'><strong>arquan-</strong></span> 
     </span>
    </p>
   </div>
   <div class='ocr_carea' id='block_1_45' title="bbox 112 2833 1681 2903">
    <p class='ocr_par' dir='ltr' id='par_1_45' title="bbox 112 2833 1681 2903">
     <span class='ocr_line' id='line_1_45' title="bbox 112 2833 1681 2903; baseline 0 -18"><span class='ocrx_word' id='word_1_294' title='bbox 112 2834 224 2887; x_wconf 77' lang='lat' dir='ltr'><strong>dam</strong></span> <span class='ocrx_word' id='word_1_295' title='bbox 252 2850 421 2888; x_wconf 83' lang='lat' dir='ltr'><strong>nemo</strong></span> <span class='ocrx_word' id='word_1_296' title='bbox 454 2834 700 2903; x_wconf 87' lang='lat' dir='ltr'><strong>prudens</strong></span> <span class='ocrx_word' id='word_1_297' title='bbox 730 2833 1049 2898; x_wconf 90' lang='lat' dir='ltr'><strong>autumabit,</strong></span> <span class='ocrx_word' id='word_1_298' title='bbox 1086 2834 1321 2901; x_wconf 88' lang='lat' dir='ltr'><strong>aliquam</strong></span> <span class='ocrx_word' id='word_1_299' title='bbox 1351 2834 1522 2902; x_wconf 90' lang='lat' dir='ltr'><strong>plebis</strong></span> <span class='ocrx_word' id='word_1_300' title='bbox 1554 2848 1681 2902; x_wconf 89' lang='lat' dir='ltr'><strong>par-</strong></span> 
     </span>
    </p>
   </div>
   <div class='ocr_carea' id='block_1_46' title="bbox 111 2925 1677 2990">
    <p class='ocr_par' dir='ltr' id='par_1_46' title="bbox 111 2925 1677 2990">
     <span class='ocr_line' id='line_1_46' title="bbox 111 2925 1677 2990; baseline 0 -10"><span class='ocrx_word' id='word_1_301' title='bbox 111 2938 209 2980; x_wconf 84' lang='lat' dir='ltr'><strong>tem</strong></span> <span class='ocrx_word' id='word_1_302' title='bbox 247 2942 359 2980; x_wconf 69' lang='lat' dir='ltr'><strong>suae</strong></span> <span class='ocrx_word' id='word_1_303' title='bbox 393 2942 546 2981; x_wconf 75' lang='lat' dir='ltr'><strong>cura:</strong></span> <span class='ocrx_word' id='word_1_304' title='bbox 576 2927 922 2980; x_wconf 81' lang='lat' dir='ltr'><strong>commissam</strong></span> <span class='ocrx_word' id='word_1_305' title='bbox 957 2927 1211 2979; x_wconf 89' lang='lat' dir='ltr'><strong>habuisse</strong></span> <span class='ocrx_word' id='word_1_306' title='bbox 1239 2926 1500 2979; x_wconf 87' lang='lat' dir='ltr'><strong>credidit?</strong></span> <span class='ocrx_word' id='word_1_307' title='bbox 1525 2925 1677 2990; x_wconf 90' lang='lat' dir='ltr'><strong>Quod</strong></span> 
     </span>
    </p>
   </div>
   <div class='ocr_carea' id='block_1_47' title="bbox 114 3017 1681 3087">
    <p class='ocr_par' dir='ltr' id='par_1_47' title="bbox 114 3017 1681 3087">
     <span class='ocr_line' id='line_1_47' title="bbox 114 3017 1681 3087; baseline -0.001 -16"><span class='ocrx_word' id='word_1_308' title='bbox 114 3018 151 3071; x_wconf 69' lang='lat' dir='ltr'><strong>si</strong></span> <span class='ocrx_word' id='word_1_309' title='bbox 184 3033 303 3071; x_wconf 71' lang='grc' dir='ltr'><strong>ξιξτο</strong></span> <span class='ocrx_word' id='word_1_310' title='bbox 349 3019 527 3072; x_wconf 87' lang='lat' dir='ltr'><strong>etiam</strong></span> <span class='ocrx_word' id='word_1_311' title='bbox 578 3032 700 3081; x_wconf 89' lang='lat' dir='ltr'><strong>suo,</strong></span> <span class='ocrx_word' id='word_1_312' title='bbox 754 3017 805 3070; x_wconf 94' lang='lat' dir='ltr'><strong>in</strong></span> <span class='ocrx_word' id='word_1_313' title='bbox 856 3033 964 3087; x_wconf 90' lang='lat' dir='ltr'><strong>quo</strong></span> <span class='ocrx_word' id='word_1_314' title='bbox 1014 3017 1321 3071; x_wconf 85' lang='lat' dir='ltr'><strong>Christiana</strong></span> <span class='ocrx_word' id='word_1_315' title='bbox 1376 3018 1681 3085; x_wconf 90' lang='lat' dir='ltr'><strong>respublica</strong></span> 
     </span>
    </p>
   </div>
   <div class='ocr_carea' id='block_1_48' title="bbox 113 3106 1681 3179">
    <p class='ocr_par' dir='ltr' id='par_1_48' title="bbox 113 3106 1681 3179">
     <span class='ocr_line' id='line_1_48' title="bbox 113 3106 1681 3179; baseline -0.003 -14"><span class='ocrx_word' id='word_1_316' title='bbox 113 3126 461 3179; x_wconf 73' lang='lat' dir='ltr'><strong>summopere</strong></span> <span class='ocrx_word' id='word_1_317' title='bbox 518 3108 763 3173; x_wconf 85' lang='lat' dir='ltr'><strong>ﬂorebat,</strong></span> <span class='ocrx_word' id='word_1_318' title='bbox 811 3107 1142 3177; x_wconf 85' lang='lat' dir='ltr'><strong>Epiphanius</strong></span> <span class='ocrx_word' id='word_1_319' title='bbox 1186 3118 1239 3163; x_wconf 88' lang='lat' dir='ltr'><strong>et</strong></span> <span class='ocrx_word' id='word_1_320' title='bbox 1289 3106 1681 3171; x_wconf 86' lang='lat' dir='ltr'><strong>Theodoretus,</strong></span> 
     </span>
    </p>
   </div>
   <div class='ocr_carea' id='block_1_49' title="bbox 115 3196 1683 3268">
    <p class='ocr_par' dir='ltr' id='par_1_49' title="bbox 115 3196 1683 3268">
     <span class='ocr_line' id='line_1_49' title="bbox 115 3196 1683 3268; baseline -0.003 -15"><span class='ocrx_word' id='word_1_321' title='bbox 115 3200 432 3268; x_wconf 79' lang='lat' dir='ltr'><strong>hujusmodi</strong></span> <span class='ocrx_word' id='word_1_322' title='bbox 485 3197 862 3252; x_wconf 63' lang='lat' dir='ltr'><strong>Alexandrina:</strong></span> <span class='ocrx_word' id='word_1_323' title='bbox 908 3196 1161 3252; x_wconf 71' lang='lat' dir='ltr'><strong>Ecclesiae</strong></span> <span class='ocrx_word' id='word_1_324' title='bbox 1202 3212 1430 3261; x_wconf 90' lang='lat' dir='ltr'><strong>morem,</strong></span> <span class='ocrx_word' id='word_1_325' title='bbox 1466 3204 1524 3249; x_wconf 93' lang='lat' dir='ltr'><strong>ut</strong></span> <span class='ocrx_word' id='word_1_326' title='bbox 1570 3211 1683 3250; x_wconf 84' lang='lat' dir='ltr'><strong>rem</strong></span> 
     </span>
    </p>
   </div>
   <div class='ocr_carea' id='block_1_50' title="bbox 112 3285 1686 3357">
    <p class='ocr_par' dir='ltr' id='par_1_50' title="bbox 112 3285 1686 3357">
     <span class='ocr_line' id='line_1_50' title="bbox 112 3285 1686 3357; baseline -0.002 -14"><span class='ocrx_word' id='word_1_327' title='bbox 112 3300 235 3344; x_wconf 79' lang='lat' dir='ltr'><strong>tunc</strong></span> <span class='ocrx_word' id='word_1_328' title='bbox 278 3290 609 3343; x_wconf 83' lang='lat' dir='ltr'><strong>inusitatam</strong></span> <span class='ocrx_word' id='word_1_329' title='bbox 641 3294 915 3353; x_wconf 88' lang='lat' dir='ltr'><strong>notarunt,</strong></span> <span class='ocrx_word' id='word_1_330' title='bbox 949 3286 1077 3357; x_wconf 93' lang='lat' dir='ltr'><strong>quid</strong></span> <span class='ocrx_word' id='word_1_331' title='bbox 1113 3287 1455 3356; x_wconf 71' lang='lat' dir='ltr'><strong>{censendum</strong></span> <span class='ocrx_word' id='word_1_332' title='bbox 1492 3285 1595 3339; x_wconf 88' lang='lat' dir='ltr'><strong>erit</strong></span> <span class='ocrx_word' id='word_1_333' title='bbox 1619 3286 1686 3340; x_wconf 88' lang='lat' dir='ltr'><strong>de</strong></span> 
     </span>
    </p>
   </div>
   <div class='ocr_carea' id='block_1_51' title="bbox 114 3379 1684 3452">
    <p class='ocr_par' dir='ltr' id='par_1_51' title="bbox 114 3379 1684 3452">
     <span class='ocr_line' id='line_1_51' title="bbox 114 3379 1684 3452; baseline -0.001 -17"><span class='ocrx_word' id='word_1_334' title='bbox 114 3384 302 3451; x_wconf 79' lang='lat' dir='ltr'><strong>priscis</strong></span> <span class='ocrx_word' id='word_1_335' title='bbox 343 3384 457 3436; x_wconf 87' lang='lat' dir='ltr'><strong>illis</strong></span> <span class='ocrx_word' id='word_1_336' title='bbox 495 3381 767 3452; x_wconf 81' lang='lat' dir='ltr'><strong>Hippolyti</strong></span> <span class='ocrx_word' id='word_1_337' title='bbox 799 3380 971 3434; x_wconf 89' lang='lat' dir='ltr'><strong>nostri</strong></span> <span class='ocrx_word' id='word_1_338' title='bbox 1007 3380 1363 3449; x_wconf 82' lang='lat' dir='ltr'><strong>temporibus,</strong></span> <span class='ocrx_word' id='word_1_339' title='bbox 1402 3380 1455 3432; x_wconf 91' lang='lat' dir='ltr'><strong>in</strong></span> <span class='ocrx_word' id='word_1_340' title='bbox 1487 3379 1684 3449; x_wconf 81' lang='lat' dir='ltr'><strong>quibus</strong></span> 
     </span>
    </p>
   </div>
   <div class='ocr_carea' id='block_1_52' title="bbox 114 3472 1682 3546">
    <p class='ocr_par' dir='ltr' id='par_1_52' title="bbox 114 3472 1682 3546">
     <span class='ocr_line' id='line_1_52' title="bbox 114 3472 1682 3546; baseline -0.004 -16"><span class='ocrx_word' id='word_1_341' title='bbox 114 3479 175 3530; x_wconf 89' lang='lat' dir='ltr'><strong>ob</strong></span> <span class='ocrx_word' id='word_1_342' title='bbox 217 3488 582 3546; x_wconf 78' lang='lat' dir='ltr'><strong>tyrannorum</strong></span> <span class='ocrx_word' id='word_1_343' title='bbox 638 3473 1027 3527; x_wconf 87' lang='lat' dir='ltr'><strong>immanitatem</strong></span> <span class='ocrx_word' id='word_1_344' title='bbox 1062 3472 1326 3541; x_wconf 89' lang='lat' dir='ltr'><strong>majorum</strong></span> <span class='ocrx_word' id='word_1_345' title='bbox 1372 3480 1682 3525; x_wconf 87' lang='lat' dir='ltr'><strong>nostrorum</strong></span> 
     </span>
    </p>
   </div>
   <div class='ocr_carea' id='block_1_53' title="bbox 115 3561 1686 3635">
    <p class='ocr_par' dir='ltr' id='par_1_53' title="bbox 115 3561 1686 3635">
     <span class='ocr_line' id='line_1_53' title="bbox 115 3561 1686 3635; baseline -0.004 -15"><span class='ocrx_word' id='word_1_346' title='bbox 115 3584 195 3620; x_wconf 78' lang='lat' dir='ltr'><strong>res</strong></span> <span class='ocrx_word' id='word_1_347' title='bbox 231 3568 534 3621; x_wconf 83' lang='lat' dir='ltr'><strong>admodum</strong></span> <span class='ocrx_word' id='word_1_348' title='bbox 580 3572 837 3635; x_wconf 81' lang='lat' dir='ltr'><strong>angustas</strong></span> <span class='ocrx_word' id='word_1_349' title='bbox 880 3564 1211 3633; x_wconf 83' lang='lat' dir='ltr'><strong>amictasqne</strong></span> <span class='ocrx_word' id='word_1_350' title='bbox 1239 3562 1405 3617; x_wconf 77' lang='lat' dir='ltr'><strong>fuisse</strong></span> <span class='ocrx_word' id='word_1_351' title='bbox 1438 3561 1686 3617; x_wconf 79' lang='lat' dir='ltr'><strong>scimus?</strong></span> 
     </span>
    </p>
   </div>
   <div class='ocr_carea' id='block_1_54' title="bbox 115 3652 1683 3727">
    <p class='ocr_par' dir='ltr' id='par_1_54' title="bbox 115 3652 1683 3727">
     <span class='ocr_line' id='line_1_54' title="bbox 115 3652 1683 3727; baseline -0.001 -18"><span class='ocrx_word' id='word_1_352' title='bbox 115 3657 373 3711; x_wconf 77' lang='lat' dir='ltr'><strong>Fatemur</strong></span> <span class='ocrx_word' id='word_1_353' title='bbox 404 3658 621 3727; x_wconf 86' lang='lat' dir='ltr'><strong>quidem</strong></span> <span class='ocrx_word' id='word_1_354' title='bbox 672 3655 891 3709; x_wconf 86' lang='lat' dir='ltr'><strong>Portum</strong></span> <span class='ocrx_word' id='word_1_355' title='bbox 933 3654 1235 3709; x_wconf 79' lang='lat' dir='ltr'><strong>Romanum</strong></span> <span class='ocrx_word' id='word_1_356' title='bbox 1286 3655 1426 3707; x_wconf 90' lang='lat' dir='ltr'><strong>inter</strong></span> <span class='ocrx_word' id='word_1_357' title='bbox 1471 3652 1683 3707; x_wconf 85' lang='lat' dir='ltr'><strong>Italicas</strong></span> 
     </span>
    </p>
   </div>
   <div class='ocr_carea' id='block_1_55' title="bbox 117 3744 1684 3819">
    <p class='ocr_par' dir='ltr' id='par_1_55' title="bbox 117 3744 1684 3819">
     <span class='ocr_line' id='line_1_55' title="bbox 117 3744 1684 3819; baseline -0.002 -18"><span class='ocrx_word' id='word_1_358' title='bbox 117 3751 272 3805; x_wconf 83' lang='lat' dir='ltr'><strong>urbes</strong></span> <span class='ocrx_word' id='word_1_359' title='bbox 332 3750 669 3819; x_wconf 86' lang='lat' dir='ltr'><strong>splendidam</strong></span> <span class='ocrx_word' id='word_1_360' title='bbox 712 3763 775 3801; x_wconf 88' lang='lat' dir='ltr'><strong>ac</strong></span> <span class='ocrx_word' id='word_1_361' title='bbox 822 3751 1060 3816; x_wconf 89' lang='lat' dir='ltr'><strong>apprime</strong></span> <span class='ocrx_word' id='word_1_362' title='bbox 1103 3746 1335 3799; x_wconf 90' lang='lat' dir='ltr'><strong>nobilem</strong></span> <span class='ocrx_word' id='word_1_363' title='bbox 1392 3744 1590 3809; x_wconf 78' lang='lat' dir='ltr'><strong>fuisse,</strong></span> <span class='ocrx_word' id='word_1_364' title='bbox 1632 3754 1684 3798; x_wconf 91' lang='lat' dir='ltr'><strong>et</strong></span> 
     </span>
    </p>
   </div>
   <div class='ocr_carea' id='block_1_56' title="bbox 115 3836 1682 3910">
    <p class='ocr_par' dir='ltr' id='par_1_56' title="bbox 115 3836 1682 3910">
     <span class='ocr_line' id='line_1_56' title="bbox 115 3836 1682 3910; baseline -0.007 -12"><span class='ocrx_word' id='word_1_365' title='bbox 115 3861 213 3898; x_wconf 80' lang='lat' dir='ltr'><strong>non</strong></span> <span class='ocrx_word' id='word_1_366' title='bbox 258 3842 531 3897; x_wconf 80' lang='lat' dir='ltr'><strong>mediocri</strong></span> <span class='ocrx_word' id='word_1_367' title='bbox 582 3840 902 3910; x_wconf 88' lang='lat' dir='ltr'><strong>populorum</strong></span> <span class='ocrx_word' id='word_1_368' title='bbox 947 3836 1252 3907; x_wconf 78' lang='lat' dir='ltr'><strong>frequentia</strong></span> <span class='ocrx_word' id='word_1_369' title='bbox 1295 3837 1541 3899; x_wconf 88' lang='lat' dir='ltr'><strong>ditatam,</strong></span> <span class='ocrx_word' id='word_1_370' title='bbox 1590 3836 1682 3905; x_wconf 89' lang='lat' dir='ltr'><strong>qui</strong></span> 
     </span>
    </p>
   </div>
   <div class='ocr_carea' id='block_1_57' title="bbox 179 4049 1682 4125">
    <p class='ocr_par' dir='ltr' id='par_1_57' title="bbox 179 4049 1682 4125">
     <span class='ocr_line' id='line_1_57' title="bbox 179 4049 1682 4125; baseline -0.002 -17"><span class='ocrx_word' id='word_1_371' title='bbox 179 4056 298 4125; x_wconf 83' lang='lat'><strong>(71)</strong></span> <span class='ocrx_word' id='word_1_372' title='bbox 349 4053 482 4123; x_wconf 89' lang='lat' dir='ltr'><strong>Cap.</strong></span> <span class='ocrx_word' id='word_1_373' title='bbox 523 4054 580 4120; x_wconf 89' lang='lat'><strong>6,</strong></span> <span class='ocrx_word' id='word_1_374' title='bbox 630 4053 723 4107; x_wconf 89' lang='lat' dir='ltr'><strong>ubi</strong></span> <span class='ocrx_word' id='word_1_375' title='bbox 776 4052 1062 4125; x_wconf 78' lang='lat' dir='ltr'><strong>exponitur</strong></span> <span class='ocrx_word' id='word_1_376' title='bbox 1104 4049 1407 4125; x_wconf 81' lang='lat' dir='ltr'><strong>hierarcliia</strong></span> <span class='ocrx_word' id='word_1_377' title='bbox 1454 4050 1682 4125; x_wconf 35' lang='lat' dir='ltr'><strong>‘Alexan-</strong></span> 
     </span>
    </p>
   </div>
   <div class='ocr_carea' id='block_1_58' title="bbox 116 4118 1678 4193">
    <p class='ocr_par' dir='ltr' id='par_1_58' title="bbox 116 4118 1678 4193">
     <span class='ocr_line' id='line_1_58' title="bbox 116 4118 1678 4193; baseline -0.003 -12"><span class='ocrx_word' id='word_1_378' title='bbox 116 4118 289 4181; x_wconf 72' lang='lat' dir='ltr'><strong>drinai</strong></span> <span class='ocrx_word' id='word_1_379' title='bbox 345 4118 578 4177; x_wconf 71' lang='lat' dir='ltr'><strong>civitatis</strong></span> <span class='ocrx_word' id='word_1_380' title='bbox 620 4118 859 4193; x_wconf 68' lang='lat' dir='ltr'><strong>pag.28</strong></span> <span class='ocrx_word' id='word_1_381' title='bbox 900 4132 953 4177; x_wconf 90' lang='lat' dir='ltr'><strong>et</strong></span> <span class='ocrx_word' id='word_1_382' title='bbox 998 4138 1151 4191; x_wconf 89' lang='lat' dir='ltr'><strong>seqq.</strong></span> <span class='ocrx_word' id='word_1_383' title='bbox 1205 4131 1334 4177; x_wconf 89' lang='lat' dir='ltr'><strong>tom.</strong></span> <span class='ocrx_word' id='word_1_384' title='bbox 1374 4120 1394 4172; x_wconf 93' lang='lat' dir='ltr'><strong>l</strong></span> <span class='ocrx_word' id='word_1_385' title='bbox 1445 4118 1678 4190; x_wconf 85' lang='lat' dir='ltr'><strong>Operum</strong></span> 
     </span>
    </p>
   </div>
   <div class='ocr_carea' id='block_1_59' title="bbox 118 4192 843 4249">
    <p class='ocr_par' dir='ltr' id='par_1_59' title="bbox 118 4192 843 4249">
     <span class='ocr_line' id='line_1_59' title="bbox 118 4192 843 4249; baseline -0.004 0"><span class='ocrx_word' id='word_1_386' title='bbox 118 4198 241 4249; x_wconf 77' lang='lat' dir='ltr'><strong>edit.</strong></span> <span class='ocrx_word' id='word_1_387' title='bbox 272 4193 490 4248; x_wconf 58' lang='lat' dir='ltr'><strong>Venetae</strong></span> <span class='ocrx_word' id='word_1_388' title='bbox 521 4196 646 4246; x_wconf 88' lang='lat' dir='ltr'><strong>anni</strong></span> <span class='ocrx_word' id='word_1_389' title='bbox 687 4192 843 4246; x_wconf 69' lang='lat'><strong>1724.</strong></span> 
     </span>
    </p>
   </div>
   <div class='ocr_carea' id='block_1_60' title="bbox 183 4262 1750 4364">
    <p class='ocr_par' dir='ltr' id='par_1_60' title="bbox 183 4262 1750 4364">
     <span class='ocr_line' id='line_1_60' title="bbox 183 4262 1750 4364; baseline -0.001 -47"><span class='ocrx_word' id='word_1_390' title='bbox 183 4264 301 4335; x_wconf 83' lang='lat'><strong>(72)</strong></span> <span class='ocrx_word' id='word_1_391' title='bbox 342 4262 595 4364; x_wconf 40' lang='lat' dir='ltr'><strong>tie-2:39:31</strong></span> <span class='ocrx_word' id='word_1_392' title='bbox 623 4262 1077 4364; x_wconf 45' lang='grc' dir='ltr'><strong>ἐιῖυαῆῆιξεςόιξξω</strong></span> <span class='ocrx_word' id='word_1_393' title='bbox 1124 4262 1424 4332; x_wconf 75' lang='lat' dir='ltr'><strong>disciplina,</strong></span> <span class='ocrx_word' id='word_1_394' title='bbox 1459 4272 1597 4330; x_wconf 86' lang='lat' dir='ltr'><strong>part.</strong></span> <span class='ocrx_word' id='word_1_395' title='bbox 1636 4279 1672 4331; x_wconf 80' lang='grc' dir='ltr'>ι,</span> <span class='ocrx_word' id='word_1_396' title='bbox 1707 4310 1750 4364; x_wconf 75' lang='lat' dir='ltr'><strong>D</strong></span> 
     </span>
    </p>
   </div>
   <div class='ocr_carea' id='block_1_61' title="bbox 119 4333 1041 4405">
    <p class='ocr_par' dir='ltr' id='par_1_61' title="bbox 119 4333 1041 4405">
     <span class='ocr_line' id='line_1_61' title="bbox 119 4333 1041 4405; baseline -0.002 -15"><span class='ocrx_word' id='word_1_397' title='bbox 119 4333 207 4391; x_wconf 78' lang='lat' dir='ltr'><strong>lib.</strong></span> <span class='ocrx_word' id='word_1_398' title='bbox 246 4353 311 4399; x_wconf 82' lang='grc' dir='ltr'><strong>ιι,</strong></span> <span class='ocrx_word' id='word_1_399' title='bbox 347 4350 468 4405; x_wconf 88' lang='lat' dir='ltr'><strong>cap.</strong></span> <span class='ocrx_word' id='word_1_400' title='bbox 498 4333 588 4405; x_wconf 82' lang='grc'><strong>21,</strong></span> <span class='ocrx_word' id='word_1_401' title='bbox 623 4333 650 4405; x_wconf 81' lang='lat'>§</span> <span class='ocrx_word' id='word_1_402' title='bbox 684 4337 739 4397; x_wconf 96' lang='lat'><strong>8,</strong></span> <span class='ocrx_word' id='word_1_403' title='bbox 773 4349 891 4403; x_wconf 82' lang='lat' dir='ltr'><strong>pag.</strong></span> <span class='ocrx_word' id='word_1_404' title='bbox 918 4334 1041 4388; x_wconf 79' lang='lat'><strong>283.</strong></span> 
     </span>
    </p>
   </div>
   <div class='ocr_carea' id='block_1_62' title="bbox 184 4404 1083 4475">
    <p class='ocr_par' dir='ltr' id='par_1_62' title="bbox 184 4404 1083 4475">
     <span class='ocr_line' id='line_1_62' title="bbox 184 4404 1083 4475; baseline -0.002 -16"><span class='ocrx_word' id='word_1_405' title='bbox 184 4408 301 4475; x_wconf 80' lang='lat'><strong>(75)</strong></span> <span class='ocrx_word' id='word_1_406' title='bbox 342 4404 465 4458; x_wconf 88' lang='lat' dir='ltr'><strong>Liu.</strong></span> <span class='ocrx_word' id='word_1_407' title='bbox 500 4421 516 4458; x_wconf 85' lang='grc' dir='ltr'><strong><em>ι</em></strong></span> <span class='ocrx_word' id='word_1_408' title='bbox 554 4404 692 4457; x_wconf 74' lang='lat' dir='ltr'><strong>Hist.</strong></span> <span class='ocrx_word' id='word_1_409' title='bbox 717 4405 842 4456; x_wconf 85' lang='lat' dir='ltr'><strong>eccl.</strong></span> <span class='ocrx_word' id='word_1_410' title='bbox 879 4419 996 4471; x_wconf 87' lang='lat' dir='ltr'><strong>cap.</strong></span> <span class='ocrx_word' id='word_1_411' title='bbox 1030 4406 1083 4457; x_wconf 83' lang='grc'>2.</span> 
     </span>
    </p>
   </div>
   <div class='ocr_carea' id='block_1_63' title="bbox 188 4471 1679 4543">
    <p class='ocr_par' dir='ltr' id='par_1_63' title="bbox 188 4471 1679 4543">
     <span class='ocr_line' id='line_1_63' title="bbox 188 4471 1679 4543; baseline -0.002 -14"><span class='ocrx_word' id='word_1_412' title='bbox 188 4471 301 4543; x_wconf 60' lang='grc'>(71)</span> <span class='ocrx_word' id='word_1_413' title='bbox 333 4477 407 4528; x_wconf 72' lang='grc' dir='ltr'><strong><em>υι</em></strong></span> <span class='ocrx_word' id='word_1_414' title='bbox 442 4484 606 4527; x_wconf 83' lang='lat' dir='ltr'><strong>marte</strong></span> <span class='ocrx_word' id='word_1_415' title='bbox 654 4490 867 4541; x_wconf 75' lang='lat' dir='ltr'><strong>persec.,</strong></span> <span class='ocrx_word' id='word_1_416' title='bbox 900 4488 1018 4543; x_wconf 88' lang='lat' dir='ltr'><strong>cap.</strong></span> <span class='ocrx_word' id='word_1_417' title='bbox 1062 4472 1147 4538; x_wconf 93' lang='lat'><strong>12,</strong></span> <span class='ocrx_word' id='word_1_418' title='bbox 1180 4488 1233 4543; x_wconf 93' lang='lat' dir='ltr'><strong>p.</strong></span> <span class='ocrx_word' id='word_1_419' title='bbox 1263 4472 1333 4525; x_wconf 80' lang='grc'><strong>25</strong></span> <span class='ocrx_word' id='word_1_420' title='bbox 1373 4473 1501 4528; x_wconf 88' lang='lat' dir='ltr'><strong>edit.</strong></span> <span class='ocrx_word' id='word_1_421' title='bbox 1534 4471 1679 4526; x_wconf 86' lang='lat' dir='ltr'><strong>Pari-</strong></span> 
     </span>
    </p>
   </div>
   <div class='ocr_carea' id='block_1_64' title="bbox 123 4544 669 4602">
    <p class='ocr_par' dir='ltr' id='par_1_64' title="bbox 123 4544 669 4602">
     <span class='ocr_line' id='line_1_64' title="bbox 123 4544 669 4602; baseline -0.007 0"><span class='ocrx_word' id='word_1_422' title='bbox 123 4550 315 4602; x_wconf 78' lang='lat' dir='ltr'><strong>siensis</strong></span> <span class='ocrx_word' id='word_1_423' title='bbox 348 4547 478 4597; x_wconf 87' lang='lat' dir='ltr'><strong>anni</strong></span> <span class='ocrx_word' id='word_1_424' title='bbox 514 4544 669 4598; x_wconf 85' lang='lat'><strong>1710.</strong></span> 
     </span>
    </p>
   </div>
   <div class='ocr_carea' id='block_1_65' title="bbox 192 4612 1674 4685">
    <p class='ocr_par' dir='ltr' id='par_1_65' title="bbox 192 4612 1674 4685">
     <span class='ocr_line' id='line_1_65' title="bbox 192 4612 1674 4685; baseline 0 -18"><span class='ocrx_word' id='word_1_425' title='bbox 192 4617 302 4685; x_wconf 75' lang='lat'><strong>(75)</strong></span> <span class='ocrx_word' id='word_1_426' title='bbox 361 4614 518 4667; x_wconf 80' lang='lat' dir='ltr'><strong>Vetus</strong></span> <span class='ocrx_word' id='word_1_427' title='bbox 570 4625 615 4667; x_wconf 86' lang='lat' dir='ltr'><strong>et</strong></span> <span class='ocrx_word' id='word_1_428' title='bbox 661 4630 793 4668; x_wconf 86' lang='lat' dir='ltr'><strong>nova</strong></span> <span class='ocrx_word' id='word_1_429' title='bbox 835 4613 1101 4685; x_wconf 21' lang='lat' dir='ltr'><strong>Ecclesiazi</strong></span> <span class='ocrx_word' id='word_1_430' title='bbox 1124 4612 1435 4685; x_wconf 66' lang='lat' dir='ltr'><strong>disciplina,</strong></span> <span class='ocrx_word' id='word_1_431' title='bbox 1484 4614 1573 4667; x_wconf 90' lang='lat' dir='ltr'><strong>lib.</strong></span> <span class='ocrx_word' id='word_1_432' title='bbox 1613 4630 1674 4679; x_wconf 89' lang='lat' dir='ltr'><strong>ll,</strong></span> 
     </span>
    </p>
   </div>
   <div class='ocr_carea' id='block_1_66' title="bbox 123 4683 1396 4757">
    <p class='ocr_par' dir='ltr' id='par_1_66' title="bbox 123 4683 1396 4757">
     <span class='ocr_line' id='line_1_66' title="bbox 123 4683 1396 4757; baseline -0.004 -18"><span class='ocrx_word' id='word_1_433' title='bbox 123 4683 256 4757; x_wconf 74' lang='lat' dir='ltr'><strong>part.</strong></span> <span class='ocrx_word' id='word_1_434' title='bbox 290 4705 343 4757; x_wconf 44' lang='grc' dir='ltr'>ι,</span> <span class='ocrx_word' id='word_1_435' title='bbox 361 4702 484 4755; x_wconf 81' lang='lat' dir='ltr'><strong>cap.</strong></span> <span class='ocrx_word' id='word_1_436' title='bbox 517 4686 581 4737; x_wconf 81' lang='lat'><strong>21</strong></span> <span class='ocrx_word' id='word_1_437' title='bbox 618 4696 669 4739; x_wconf 89' lang='lat' dir='ltr'><strong>et</strong></span> <span class='ocrx_word' id='word_1_438' title='bbox 694 4701 869 4754; x_wconf 85' lang='lat' dir='ltr'><strong>seqq.,</strong></span> <span class='ocrx_word' id='word_1_439' title='bbox 896 4683 1138 4757; x_wconf 6' lang='lat' dir='ltr'><strong>pag.j_28_1</strong></span> <span class='ocrx_word' id='word_1_440' title='bbox 1166 4693 1396 4757; x_wconf 85' lang='lat' dir='ltr'><strong>et__seqq.</strong></span> 
     </span>
    </p>
   </div>
   <div class='ocr_carea' id='block_1_67' title="bbox 196 4753 1677 4827">
    <p class='ocr_par' dir='ltr' id='par_1_67' title="bbox 196 4753 1677 4827">
     <span class='ocr_line' id='line_1_67' title="bbox 196 4753 1677 4827; baseline -0.002 -20"><span class='ocrx_word' id='word_1_441' title='bbox 196 4758 301 4827; x_wconf 84' lang='lat'><strong>(76)</strong></span> <span class='ocrx_word' id='word_1_442' title='bbox 328 4756 404 4810; x_wconf 87' lang='lat' dir='ltr'><strong>De</strong></span> <span class='ocrx_word' id='word_1_443' title='bbox 434 4753 521 4809; x_wconf 84' lang='lat' dir='ltr'><strong>his</strong></span> <span class='ocrx_word' id='word_1_444' title='bbox 555 4753 820 4827; x_wconf 79' lang='lat' dir='ltr'><strong>agiturin</strong></span> <span class='ocrx_word' id='word_1_445' title='bbox 847 4755 1057 4809; x_wconf 90' lang='lat' dir='ltr'><strong>concilii</strong></span> <span class='ocrx_word' id='word_1_446' title='bbox 1090 4753 1378 4827; x_wconf 88' lang='lat' dir='ltr'><strong>Laodiccni</strong></span> <span class='ocrx_word' id='word_1_447' title='bbox 1424 4753 1677 4827; x_wconf 31' lang='lat' dir='ltr'><strong>probabis</strong></span> 
     </span>
    </p>
   </div>
   <div class='ocr_carea' id='block_1_68' title="bbox 130 4825 1677 4889">
    <p class='ocr_par' dir='ltr' id='par_1_68' title="bbox 130 4825 1677 4889">
     <span class='ocr_line' id='line_1_68' title="bbox 130 4825 1677 4889; baseline -0.003 -10"><span class='ocrx_word' id='word_1_448' title='bbox 130 4825 227 4881; x_wconf 81' lang='lat' dir='ltr'><strong>lius</strong></span> <span class='ocrx_word' id='word_1_449' title='bbox 270 4844 415 4880; x_wconf 86' lang='lat' dir='ltr'><strong>anno</strong></span> <span class='ocrx_word' id='word_1_450' title='bbox 460 4827 659 4878; x_wconf 74' lang='lat' dir='ltr'><strong>Christi</strong></span> <span class='ocrx_word' id='word_1_451' title='bbox 700 4826 803 4878; x_wconf 66' lang='grc'><strong>561</strong></span> <span class='ocrx_word' id='word_1_452' title='bbox 847 4826 1123 4884; x_wconf 85' lang='lat' dir='ltr'><strong>celebrati,</strong></span> <span class='ocrx_word' id='word_1_453' title='bbox 1173 4838 1379 4875; x_wconf 84' lang='lat' dir='ltr'><strong>canone</strong></span> <span class='ocrx_word' id='word_1_454' title='bbox 1429 4826 1481 4881; x_wconf 76' lang='lat'><strong>9,</strong></span> <span class='ocrx_word' id='word_1_455' title='bbox 1537 4825 1677 4889; x_wconf 84' lang='lat' dir='ltr'><strong>apud</strong></span> 
     </span>
    </p>
   </div>
   <div class='ocr_carea' id='block_1_69' title="bbox 127 4891 1679 4964">
    <p class='ocr_par' dir='ltr' id='par_1_69' title="bbox 127 4891 1679 4964">
     <span class='ocr_line' id='line_1_69' title="bbox 127 4891 1679 4964; baseline -0.003 -14"><span class='ocrx_word' id='word_1_456' title='bbox 127 4898 318 4961; x_wconf 83' lang='lat' dir='ltr'><strong>Labbe,</strong></span> <span class='ocrx_word' id='word_1_457' title='bbox 357 4908 491 4950; x_wconf 88' lang='lat' dir='ltr'><strong>tom.</strong></span> <span class='ocrx_word' id='word_1_458' title='bbox 531 4894 549 4946; x_wconf 90' lang='lat' dir='ltr'><strong>l</strong></span> <span class='ocrx_word' id='word_1_459' title='bbox 580 4895 807 4959; x_wconf 84' lang='lat' dir='ltr'><strong>Concil.,</strong></span> <span class='ocrx_word' id='word_1_460' title='bbox 842 4911 962 4964; x_wconf 76' lang='lat' dir='ltr'><strong>pag.</strong></span> <span class='ocrx_word' id='word_1_461' title='bbox 1002 4895 1138 4947; x_wconf 70' lang='grc'><strong>1498</strong></span> <span class='ocrx_word' id='word_1_462' title='bbox 1164 4895 1291 4964; x_wconf 90' lang='lat' dir='ltr'><strong>ed_i_t.</strong></span> <span class='ocrx_word' id='word_1_463' title='bbox 1322 4891 1547 4945; x_wconf 55' lang='lat' dir='ltr'><strong>Lutetiae</strong></span> <span class='ocrx_word' id='word_1_464' title='bbox 1580 4892 1679 4946; x_wconf 63' lang='grc' dir='ltr'><strong>1³η-</strong></span> 
     </span>
    </p>
   </div>
   <div class='ocr_carea' id='block_1_70' title="bbox 130 4960 1681 5027">
    <p class='ocr_par' dir='ltr' id='par_1_70' title="bbox 130 4960 1681 5027">
     <span class='ocr_line' id='line_1_70' title="bbox 130 4960 1681 5027; baseline -0.004 -6"><span class='ocrx_word' id='word_1_465' title='bbox 130 4960 375 5021; x_wconf 78' lang='lat' dir='ltr'><strong>risiorum</strong></span> <span class='ocrx_word' id='word_1_466' title='bbox 422 4968 547 5018; x_wconf 90' lang='lat' dir='ltr'><strong>anni</strong></span> <span class='ocrx_word' id='word_1_467' title='bbox 581 4965 739 5027; x_wconf 83' lang='lat'><strong>1671,</strong></span> <span class='ocrx_word' id='word_1_468' title='bbox 775 4960 860 5019; x_wconf 75' lang='lat' dir='ltr'><strong>his</strong></span> <span class='ocrx_word' id='word_1_469' title='bbox 892 4960 1067 5019; x_wconf 66' lang='lat' dir='ltr'><strong>verbis</strong></span> <span class='ocrx_word' id='word_1_470' title='bbox 1099 4981 1113 5018; x_wconf 90' lang='lat'><strong>:</strong></span> <span class='ocrx_word' id='word_1_471' title='bbox 1153 4982 1171 5014; x_wconf 82' lang='grc'><em>‹</em></span> <span class='ocrx_word' id='word_1_472' title='bbox 1222 4960 1339 5015; x_wconf 88' lang='lat' dir='ltr'><strong>Non</strong></span> <span class='ocrx_word' id='word_1_473' title='bbox 1384 4964 1681 5017; x_wconf 83' lang='lat' dir='ltr'><strong>conceden-</strong></span> 
     </span>
    </p>
   </div>
   <div class='ocr_carea' id='block_1_71' title="bbox 128 5033 1681 5102">
    <p class='ocr_par' dir='ltr' id='par_1_71' title="bbox 128 5033 1681 5102">
     <span class='ocr_line' id='line_1_71' title="bbox 128 5033 1681 5102; baseline -0.003 -13"><span class='ocrx_word' id='word_1_474' title='bbox 128 5044 250 5091; x_wconf 73' lang='lat' dir='ltr'><strong>dum</strong></span> <span class='ocrx_word' id='word_1_475' title='bbox 275 5054 420 5101; x_wconf 84' lang='lat' dir='ltr'><strong>esse,</strong></span> <span class='ocrx_word' id='word_1_476' title='bbox 454 5045 514 5088; x_wconf 90' lang='lat' dir='ltr'><strong>ut</strong></span> <span class='ocrx_word' id='word_1_477' title='bbox 543 5037 596 5087; x_wconf 94' lang='lat' dir='ltr'><strong>in</strong></span> <span class='ocrx_word' id='word_1_478' title='bbox 622 5036 952 5100; x_wconf 73' lang='lat' dir='ltr'><strong>cmmeteria,</strong></span> <span class='ocrx_word' id='word_1_479' title='bbox 979 5036 1059 5089; x_wconf 86' lang='lat' dir='ltr'><strong>vel</strong></span> <span class='ocrx_word' id='word_1_480' title='bbox 1090 5036 1143 5088; x_wconf 91' lang='lat' dir='ltr'><strong>in</strong></span> <span class='ocrx_word' id='word_1_481' title='bbox 1173 5048 1257 5095; x_wconf 91' lang='lat' dir='ltr'><strong>ea,</strong></span> <span class='ocrx_word' id='word_1_482' title='bbox 1283 5049 1401 5102; x_wconf 72' lang='lat' dir='ltr'><strong>qua:</strong></span> <span class='ocrx_word' id='word_1_483' title='bbox 1428 5033 1681 5085; x_wconf 89' lang='lat' dir='ltr'><strong>dicuntur</strong></span> 
     </span>
    </p>
   </div>
   <div class='ocr_carea' id='block_1_72' title="bbox 132 5104 1682 5178">
    <p class='ocr_par' dir='ltr' id='par_1_72' title="bbox 132 5104 1682 5178">
     <span class='ocr_line' id='line_1_72' title="bbox 132 5104 1682 5178; baseline -0.005 -17"><span class='ocrx_word' id='word_1_484' title='bbox 132 5110 375 5178; x_wconf 68' lang='lat' dir='ltr'><strong>martyria</strong></span> <span class='ocrx_word' id='word_1_485' title='bbox 426 5108 746 5175; x_wconf 87' lang='lat' dir='ltr'><strong>quorumvis</strong></span> <span class='ocrx_word' id='word_1_486' title='bbox 799 5107 1212 5178; x_wconf 56' lang='lat' dir='ltr'><strong>hereticorum.</strong></span> <span class='ocrx_word' id='word_1_487' title='bbox 1256 5108 1448 5178; x_wconf 83' lang='lat' dir='ltr'><strong>abeant</strong></span> <span class='ocrx_word' id='word_1_488' title='bbox 1490 5105 1535 5178; x_wconf 89' lang='lat' dir='ltr'><strong>_ii</strong></span> <span class='ocrx_word' id='word_1_489' title='bbox 1583 5104 1682 5178; x_wconf 23' lang='lat' dir='ltr'><strong>[qui</strong></span> 
     </span>
    </p>
   </div>
   <div class='ocr_carea' id='block_1_73' title="bbox 132 5173 1683 5243">
    <p class='ocr_par' dir='ltr' id='par_1_73' title="bbox 132 5173 1683 5243">
     <span class='ocr_line' id='line_1_73' title="bbox 132 5173 1683 5243; baseline -0.003 -14"><span class='ocrx_word' id='word_1_490' title='bbox 132 5173 551 5240; x_wconf 58' lang='lat' dir='ltr'><strong>sunt&#39;ﬁcclesize,</strong></span> <span class='ocrx_word' id='word_1_491' title='bbox 583 5177 841 5230; x_wconf 89' lang='lat' dir='ltr'><strong>orationis</strong></span> <span class='ocrx_word' id='word_1_492' title='bbox 868 5177 947 5229; x_wconf 88' lang='lat' dir='ltr'><strong>vel</strong></span> <span class='ocrx_word' id='word_1_493' title='bbox 980 5175 1339 5229; x_wconf 86' lang='lat' dir='ltr'><strong>venerationis</strong></span> <span class='ocrx_word' id='word_1_494' title='bbox 1367 5174 1557 5243; x_wconf 79' lang='lat' dir='ltr'><strong>gratia.</strong></span> <span class='ocrx_word' id='word_1_495' title='bbox 1580 5173 1683 5225; x_wconf 85' lang='lat' dir='ltr'><strong>Sed</strong></span> 
     </span>
    </p>
   </div>
   <div class='ocr_carea' id='block_1_74' title="bbox 134 5244 1682 5317">
    <p class='ocr_par' dir='ltr' id='par_1_74' title="bbox 134 5244 1682 5317">
     <span class='ocr_line' id='line_1_74' title="bbox 134 5244 1682 5317; baseline -0.003 -16"><span class='ocrx_word' id='word_1_496' title='bbox 134 5251 254 5302; x_wconf 73' lang='lat' dir='ltr'><strong>tales</strong></span> <span class='ocrx_word' id='word_1_497' title='bbox 278 5251 321 5301; x_wconf 74' lang='lat' dir='ltr'><strong>si</strong></span> <span class='ocrx_word' id='word_1_498' title='bbox 360 5249 471 5301; x_wconf 89' lang='lat' dir='ltr'><strong>sint</strong></span> <span class='ocrx_word' id='word_1_499' title='bbox 499 5247 705 5311; x_wconf 77' lang='lat' dir='ltr'><strong>ﬁdeles,</strong></span> <span class='ocrx_word' id='word_1_500' title='bbox 730 5263 849 5301; x_wconf 89' lang='lat' dir='ltr'><strong>esse</strong></span> <span class='ocrx_word' id='word_1_501' title='bbox 890 5248 1283 5317; x_wconf 84' lang='lat' dir='ltr'><strong>aliquantisper</strong></span> <span class='ocrx_word' id='word_1_502' title='bbox 1307 5244 1682 5317; x_wconf 76' lang='lat' dir='ltr'><strong>excourmuni-</strong></span> 
     </span>
    </p>
   </div>
   <div class='ocr_carea' id='block_1_75' title="bbox 130 5316 1682 5386">
    <p class='ocr_par' dir='ltr' id='par_1_75' title="bbox 130 5316 1682 5386">
     <span class='ocr_line' id='line_1_75' title="bbox 130 5316 1682 5386; baseline -0.001 -16"><span class='ocrx_word' id='word_1_503' title='bbox 130 5330 273 5371; x_wconf 83' lang='lat' dir='ltr'><strong>catus</strong></span> <span class='ocrx_word' id='word_1_504' title='bbox 316 5338 331 5372; x_wconf 89' lang='lat'>:</span> <span class='ocrx_word' id='word_1_505' title='bbox 373 5320 458 5373; x_wconf 84' lang='lat' dir='ltr'><strong>sin</strong></span> <span class='ocrx_word' id='word_1_506' title='bbox 491 5327 667 5370; x_wconf 89' lang='lat' dir='ltr'><strong>autem</strong></span> <span class='ocrx_word' id='word_1_507' title='bbox 700 5320 1010 5386; x_wconf 58' lang='lat' dir='ltr'><strong>paenitentia</strong></span> <span class='ocrx_word' id='word_1_508' title='bbox 1041 5318 1326 5382; x_wconf 87' lang='lat' dir='ltr'><strong>ducantur,</strong></span> <span class='ocrx_word' id='word_1_509' title='bbox 1358 5325 1411 5369; x_wconf 89' lang='lat' dir='ltr'><strong>et</strong></span> <span class='ocrx_word' id='word_1_510' title='bbox 1442 5329 1559 5370; x_wconf 88' lang='lat' dir='ltr'><strong>sese</strong></span> <span class='ocrx_word' id='word_1_511' title='bbox 1589 5316 1682 5369; x_wconf 88' lang='lat' dir='ltr'><strong>de—</strong></span> 
     </span>
    </p>
   </div>
   <div class='ocr_carea' id='block_1_76' title="bbox 138 5389 1089 5458">
    <p class='ocr_par' dir='ltr' id='par_1_76' title="bbox 138 5389 1089 5458">
     <span class='ocr_line' id='line_1_76' title="bbox 138 5389 1089 5458; baseline 0.004 -19"><span class='ocrx_word' id='word_1_512' title='bbox 138 5392 351 5458; x_wconf 71' lang='lat' dir='ltr'><strong>liquisse</strong></span> <span class='ocrx_word' id='word_1_513' title='bbox 383 5391 764 5450; x_wconf 74' lang='lat' dir='ltr'><strong>contueantur,</strong></span> <span class='ocrx_word' id='word_1_514' title='bbox 801 5389 1025 5457; x_wconf 84' lang='lat' dir='ltr'><strong>suscipi.</strong></span> <span class='ocrx_word' id='word_1_515' title='bbox 1072 5406 1089 5437; x_wconf 74' lang='grc' dir='ltr'><strong><em>ι</em></strong></span> 
     </span>
    </p>
   </div>
   <div class='ocr_carea' id='block_1_77' title="bbox 208 5455 1686 5529">
    <p class='ocr_par' dir='ltr' id='par_1_77' title="bbox 208 5455 1686 5529">
     <span class='ocr_line' id='line_1_77' title="bbox 208 5455 1686 5529; baseline -0.001 -20"><span class='ocrx_word' id='word_1_516' title='bbox 208 5455 304 5529; x_wconf 71' lang='grc'>(77)</span> <span class='ocrx_word' id='word_1_517' title='bbox 332 5459 388 5513; x_wconf 89' lang='lat' dir='ltr'><strong>ln</strong></span> <span class='ocrx_word' id='word_1_518' title='bbox 421 5460 700 5513; x_wconf 89' lang='lat' dir='ltr'><strong>vetustior.</strong></span> <span class='ocrx_word' id='word_1_519' title='bbox 738 5455 1074 5529; x_wconf 79' lang='lat' dir='ltr'><strong>Martyrolog.</strong></span> <span class='ocrx_word' id='word_1_520' title='bbox 1096 5458 1219 5529; x_wconf 80' lang='lat' dir='ltr'><strong>diei</strong></span> <span class='ocrx_word' id='word_1_521' title='bbox 1250 5455 1498 5529; x_wconf 78' lang='lat' dir='ltr'><strong>Augusti,</strong></span> <span class='ocrx_word' id='word_1_522' title='bbox 1534 5469 1686 5508; x_wconf 80' lang='lat' dir='ltr'><strong>exer-</strong></span> 
     </span>
    </p>
   </div>
   <div class='ocr_carea' id='block_1_78' title="bbox 137 5526 1683 5640">
    <p class='ocr_par' dir='ltr' id='par_1_78' title="bbox 137 5526 1683 5640">
     <span class='ocr_line' id='line_1_78' title="bbox 137 5526 1683 5640; baseline -0.002 -60"><span class='ocrx_word' id='word_1_523' title='bbox 137 5526 377 5584; x_wconf 77' lang='lat' dir='ltr'><strong>dtatione</strong></span> <span class='ocrx_word' id='word_1_524' title='bbox 428 5529 483 5593; x_wconf 86' lang='lat'><strong>2,</strong></span> <span class='ocrx_word' id='word_1_525' title='bbox 522 5529 609 5582; x_wconf 89' lang='lat' dir='ltr'><strong>ubi</strong></span> <span class='ocrx_word' id='word_1_526' title='bbox 655 5526 887 5582; x_wconf 45' lang='lat' dir='ltr'><strong>erudite&#39;</strong></span> <span class='ocrx_word' id='word_1_527' title='bbox 924 5526 1049 5598; x_wconf 58' lang='lat' dir='ltr'><strong>agit&#39;</strong></span> <span class='ocrx_word' id='word_1_528' title='bbox 1075 5528 1140 5582; x_wconf 91' lang='lat' dir='ltr'><strong>de</strong></span> <span class='ocrx_word' id='word_1_529' title='bbox 1168 5526 1377 5640; x_wconf 62' lang='lat' dir='ltr'><strong>[prima</strong></span> <span class='ocrx_word' id='word_1_530' title='bbox 1430 5526 1612 5579; x_wconf 71' lang='lat' dir='ltr'><strong>llomze</strong></span> <span class='ocrx_word' id='word_1_531' title='bbox 1654 5540 1683 5577; x_wconf 93' lang='lat' dir='ltr'><strong>a</strong></span> 
     </span>
     <span class='ocr_line' id='line_1_79' title="bbox 148 5595 1481 5640; baseline 0 0"><span class='ocrx_word' id='word_1_532' title='bbox 148 5595 208 5640; x_wconf 58' lang='grc' dir='ltr'><strong>ἢ</strong></span> <span class='ocrx_word' id='word_1_533' title='bbox 243 5598 387 5640; x_wconf 68' lang='lat' dir='ltr'><strong>patro</strong></span> <span class='ocrx_word' id='word_1_534' title='bbox 413 5600 652 5640; x_wconf 70' lang='lat' dir='ltr'><strong>rlmlipzlm</strong></span> <span class='ocrx_word' id='word_1_535' title='bbox 689 5601 910 5640; x_wconf 55' lang='grc' dir='ltr'><strong>ριιιδιμςίει</strong></span> <span class='ocrx_word' id='word_1_536' title='bbox 964 5617 1061 5640; x_wconf 73' lang='lat' dir='ltr'><strong>uno</strong></span> <span class='ocrx_word' id='word_1_537' title='bbox 1118 5599 1185 5640; x_wconf 67' lang='lat' dir='ltr'><strong>fill</strong></span> <span class='ocrx_word' id='word_1_538' title='bbox 1250 5608 1301 5640; x_wconf 69' lang='grc' dir='ltr'>Μ.</span> <span class='ocrx_word' id='word_1_539' title='bbox 1330 5613 1481 5640; x_wconf 71' lang='grc' dir='ltr'><strong>ςρίιη,</strong></span> 
     </span>
    </p>
   </div>
   <div class='ocr_carea' id='block_1_79' title="bbox 147 5595 1482 5671">
    <p class='ocr_par' dir='ltr' id='par_1_79' title="bbox 147 5595 1482 5671">
     <span class='ocr_line' id='line_1_80' title="bbox 147 5595 1482 5671; baseline -0.004 -18"><span class='ocrx_word' id='word_1_540' title='bbox 147 5595 210 5655; x_wconf 72' lang='grc' dir='ltr'><strong>Β.</strong></span> <span class='ocrx_word' id='word_1_541' title='bbox 242 5598 387 5657; x_wconf 81' lang='lat' dir='ltr'><strong>Petro</strong></span> <span class='ocrx_word' id='word_1_542' title='bbox 413 5600 653 5656; x_wconf 86' lang='lat' dir='ltr'><strong>dedicata</strong></span> <span class='ocrx_word' id='word_1_543' title='bbox 689 5601 934 5663; x_wconf 80' lang='lat' dir='ltr'><strong>ecclesia,</strong></span> <span class='ocrx_word' id='word_1_544' title='bbox 961 5595 1080 5671; x_wconf 75' lang='lat' dir='ltr'><strong>pag.</strong></span> <span class='ocrx_word' id='word_1_545' title='bbox 1118 5595 1221 5652; x_wconf 75' lang='lat'><strong>607</strong></span> <span class='ocrx_word' id='word_1_546' title='bbox 1250 5608 1303 5653; x_wconf 90' lang='lat' dir='ltr'><strong>et</strong></span> <span class='ocrx_word' id='word_1_547' title='bbox 1330 5613 1482 5668; x_wconf 83' lang='lat' dir='ltr'><strong>seqq.</strong></span> 
     </span>
    </p>
   </div>
   <div class='ocr_carea' id='block_1_80' title="bbox 1783 1733 3352 1804">
    <p class='ocr_par' dir='ltr' id='par_1_80' title="bbox 1783 1733 3352 1804">
     <span class='ocr_line' id='line_1_81' title="bbox 1783 1733 3352 1804; baseline 0.004 -20"><span class='ocrx_word' id='word_1_548' title='bbox 1783 1733 1974 1787; x_wconf 86' lang='lat' dir='ltr'><strong>habuit</strong></span> <span class='ocrx_word' id='word_1_549' title='bbox 2014 1735 2320 1799; x_wconf 89' lang='lat' dir='ltr'><strong>ecclesiam,</strong></span> <span class='ocrx_word' id='word_1_550' title='bbox 2358 1735 2718 1804; x_wconf 76' lang='lat' dir='ltr'><strong>parochialem</strong></span> <span class='ocrx_word' id='word_1_551' title='bbox 2767 1736 2994 1801; x_wconf 87' lang='lat' dir='ltr'><strong>scilicet,</strong></span> <span class='ocrx_word' id='word_1_552' title='bbox 3046 1738 3352 1792; x_wconf 87' lang='lat' dir='ltr'><strong>editissimo</strong></span> 
     </span>
    </p>
   </div>
   <div class='ocr_carea' id='block_1_81' title="bbox 1781 1823 3354 1895">
    <p class='ocr_par' dir='ltr' id='par_1_81' title="bbox 1781 1823 3354 1895">
     <span class='ocr_line' id='line_1_82' title="bbox 1781 1823 3354 1895; baseline 0.001 -19"><span class='ocrx_word' id='word_1_553' title='bbox 1781 1823 1902 1878; x_wconf 88' lang='lat' dir='ltr'><strong>loco</strong></span> <span class='ocrx_word' id='word_1_554' title='bbox 1950 1825 2133 1888; x_wconf 88' lang='lat' dir='ltr'><strong>sitam,</strong></span> <span class='ocrx_word' id='word_1_555' title='bbox 2162 1841 2322 1895; x_wconf 83' lang='lat' dir='ltr'><strong>quam</strong></span> <span class='ocrx_word' id='word_1_556' title='bbox 2368 1824 2685 1880; x_wconf 89' lang='lat' dir='ltr'><strong>Diocletiani</strong></span> <span class='ocrx_word' id='word_1_557' title='bbox 2728 1825 2885 1895; x_wconf 86' lang='lat' dir='ltr'><strong>jussu</strong></span> <span class='ocrx_word' id='word_1_558' title='bbox 2918 1826 3162 1882; x_wconf 78' lang='lat' dir='ltr'><strong>funditus</strong></span> <span class='ocrx_word' id='word_1_559' title='bbox 3202 1844 3354 1882; x_wconf 79' lang='lat' dir='ltr'><strong>ever-</strong></span> 
     </span>
    </p>
   </div>
   <div class='ocr_carea' id='block_1_82' title="bbox 1781 1915 3355 1986">
    <p class='ocr_par' dir='ltr' id='par_1_82' title="bbox 1781 1915 3355 1986">
     <span class='ocr_line' id='line_1_83' title="bbox 1781 1915 3355 1986; baseline 0.003 -17"><span class='ocrx_word' id='word_1_560' title='bbox 1781 1930 1894 1969; x_wconf 91' lang='lat' dir='ltr'><strong>sam</strong></span> <span class='ocrx_word' id='word_1_561' title='bbox 1931 1925 2113 1971; x_wconf 86' lang='lat' dir='ltr'><strong>narrat</strong></span> <span class='ocrx_word' id='word_1_562' title='bbox 2157 1916 2469 1971; x_wconf 83' lang='lat' dir='ltr'><strong>Lactantius</strong></span> <span class='ocrx_word' id='word_1_563' title='bbox 2518 1916 2572 1986; x_wconf 88' lang='lat'><strong>(7</strong></span> <span class='ocrx_word' id='word_1_564' title='bbox 2588 1917 2663 1986; x_wconf 71' lang='grc'><strong>4).</strong></span> <span class='ocrx_word' id='word_1_565' title='bbox 2700 1915 2808 1971; x_wconf 84' lang='lat' dir='ltr'><strong>Nec</strong></span> <span class='ocrx_word' id='word_1_566' title='bbox 2845 1919 3171 1974; x_wconf 88' lang='lat' dir='ltr'><strong>dissentiunt</strong></span> <span class='ocrx_word' id='word_1_567' title='bbox 3205 1929 3355 1975; x_wconf 86' lang='lat' dir='ltr'><strong>vetu-</strong></span> 
     </span>
    </p>
   </div>
   <div class='ocr_carea' id='block_1_83' title="bbox 1780 2006 3351 2080">
    <p class='ocr_par' dir='ltr' id='par_1_83' title="bbox 1780 2006 3351 2080">
     <span class='ocr_line' id='line_1_84' title="bbox 1780 2006 3351 2080; baseline 0.004 -21"><span class='ocrx_word' id='word_1_568' title='bbox 1780 2006 2021 2059; x_wconf 73' lang='lat' dir='ltr'><strong>srissima</strong></span> <span class='ocrx_word' id='word_1_569' title='bbox 2077 2021 2139 2059; x_wconf 89' lang='lat' dir='ltr'><strong>ac</strong></span> <span class='ocrx_word' id='word_1_570' title='bbox 2191 2008 2434 2075; x_wconf 78' lang='lat' dir='ltr'><strong>genuina</strong></span> <span class='ocrx_word' id='word_1_571' title='bbox 2491 2017 2803 2062; x_wconf 91' lang='lat' dir='ltr'><strong>sanctorum</strong></span> <span class='ocrx_word' id='word_1_572' title='bbox 2855 2008 3147 2080; x_wconf 86' lang='lat' dir='ltr'><strong>Martyrum</strong></span> <span class='ocrx_word' id='word_1_573' title='bbox 3199 2013 3351 2077; x_wconf 82' lang='lat' dir='ltr'><strong>Acta,</strong></span> 
     </span>
    </p>
   </div>
   <div class='ocr_carea' id='block_1_84' title="bbox 1781 2096 3353 2169">
    <p class='ocr_par' dir='ltr' id='par_1_84' title="bbox 1781 2096 3353 2169">
     <span class='ocr_line' id='line_1_85' title="bbox 1781 2096 3353 2169; baseline 0.004 -21"><span class='ocrx_word' id='word_1_574' title='bbox 1781 2096 2237 2165; x_wconf 88' lang='lat' dir='ltr'><strong>conciliorumque</strong></span> <span class='ocrx_word' id='word_1_575' title='bbox 2269 2096 2411 2151; x_wconf 91' lang='lat' dir='ltr'><strong>illius</strong></span> <span class='ocrx_word' id='word_1_576' title='bbox 2427 2100 2521 2151; x_wconf 64' lang='lat' dir='ltr'><strong>aevi</strong></span> <span class='ocrx_word' id='word_1_577' title='bbox 2542 2107 2759 2161; x_wconf 86' lang='lat' dir='ltr'><strong>statuta,</strong></span> <span class='ocrx_word' id='word_1_578' title='bbox 2779 2100 2969 2169; x_wconf 49' lang='lat' dir='ltr'><strong>qua-,in</strong></span> <span class='ocrx_word' id='word_1_579' title='bbox 2990 2116 3153 2153; x_wconf 90' lang='lat' dir='ltr'><strong>unum</strong></span> <span class='ocrx_word' id='word_1_580' title='bbox 3172 2102 3353 2155; x_wconf 75' lang='lat' dir='ltr'><strong>omnia</strong></span> 
     </span>
    </p>
   </div>
   <div class='ocr_carea' id='block_1_85' title="bbox 1780 2187 3350 2262">
    <p class='ocr_par' dir='ltr' id='par_1_85' title="bbox 1780 2187 3350 2262">
     <span class='ocr_line' id='line_1_86' title="bbox 1780 2187 3350 2262; baseline 0.003 -22"><span class='ocrx_word' id='word_1_581' title='bbox 1780 2187 1993 2257; x_wconf 82' lang='lat' dir='ltr'><strong>collegit</strong></span> <span class='ocrx_word' id='word_1_582' title='bbox 2037 2188 2385 2245; x_wconf 84' lang='lat' dir='ltr'><strong>doetissimus</strong></span> <span class='ocrx_word' id='word_1_583' title='bbox 2437 2189 2857 2255; x_wconf 89' lang='lat' dir='ltr'><strong>Thomassinus,</strong></span> <span class='ocrx_word' id='word_1_584' title='bbox 2910 2194 3036 2246; x_wconf 92' lang='lat' dir='ltr'><strong>dum</strong></span> <span class='ocrx_word' id='word_1_585' title='bbox 3072 2193 3139 2247; x_wconf 91' lang='lat' dir='ltr'><strong>de</strong></span> <span class='ocrx_word' id='word_1_586' title='bbox 3186 2210 3350 2262; x_wconf 80' lang='lat' dir='ltr'><strong>paro-</strong></span> 
     </span>
    </p>
   </div>
   <div class='ocr_carea' id='block_1_86' title="bbox 1780 2278 3354 2355">
    <p class='ocr_par' dir='ltr' id='par_1_86' title="bbox 1780 2278 3354 2355">
     <span class='ocr_line' id='line_1_87' title="bbox 1780 2278 3354 2355; baseline 0.005 -24"><span class='ocrx_word' id='word_1_587' title='bbox 1780 2278 1917 2333; x_wconf 89' lang='lat' dir='ltr'><strong>chiis</strong></span> <span class='ocrx_word' id='word_1_588' title='bbox 1946 2280 2311 2336; x_wconf 85' lang='lat' dir='ltr'><strong>eruditissime</strong></span> <span class='ocrx_word' id='word_1_589' title='bbox 2343 2282 2407 2337; x_wconf 91' lang='lat' dir='ltr'><strong>de</strong></span> <span class='ocrx_word' id='word_1_590' title='bbox 2458 2298 2611 2337; x_wconf 89' lang='lat' dir='ltr'><strong>more</strong></span> <span class='ocrx_word' id='word_1_591' title='bbox 2646 2284 2903 2339; x_wconf 76' lang='lat' dir='ltr'><strong>disseruit</strong></span> <span class='ocrx_word' id='word_1_592' title='bbox 2936 2286 3068 2355; x_wconf 75' lang='lat'><strong>(75&#39;).</strong></span> <span class='ocrx_word' id='word_1_593' title='bbox 3099 2285 3215 2339; x_wconf 75' lang='lat' dir='ltr'><strong>Non</strong></span> <span class='ocrx_word' id='word_1_594' title='bbox 3249 2285 3354 2339; x_wconf 81' lang='lat' dir='ltr'><strong>dif-</strong></span> 
     </span>
    </p>
   </div>
   <div class='ocr_carea' id='block_1_87' title="bbox 1780 2370 3351 2447">
    <p class='ocr_par' dir='ltr' id='par_1_87' title="bbox 1780 2370 3351 2447">
     <span class='ocr_line' id='line_1_88' title="bbox 1780 2370 3351 2447; baseline 0.006 -24"><span class='ocrx_word' id='word_1_595' title='bbox 1780 2370 1995 2425; x_wconf 82' lang='lat' dir='ltr'><strong>ﬁtemur</strong></span> <span class='ocrx_word' id='word_1_596' title='bbox 2045 2384 2248 2439; x_wconf 88' lang='lat' dir='ltr'><strong>tamen,</strong></span> <span class='ocrx_word' id='word_1_597' title='bbox 2292 2376 2482 2443; x_wconf 90' lang='lat' dir='ltr'><strong>primis</strong></span> <span class='ocrx_word' id='word_1_598' title='bbox 2525 2377 2685 2429; x_wconf 89' lang='lat' dir='ltr'><strong>etiam</strong></span> <span class='ocrx_word' id='word_1_599' title='bbox 2738 2379 2886 2431; x_wconf 92' lang='lat' dir='ltr'><strong>hisce</strong></span> <span class='ocrx_word' id='word_1_600' title='bbox 2925 2379 3258 2447; x_wconf 89' lang='lat' dir='ltr'><strong>temporibus</strong></span> <span class='ocrx_word' id='word_1_601' title='bbox 3294 2379 3351 2432; x_wconf 92' lang='lat' dir='ltr'><strong>in</strong></span> 
     </span>
    </p>
   </div>
   <div class='ocr_carea' id='block_1_88' title="bbox 1782 2463 3349 2536">
    <p class='ocr_par' dir='ltr' id='par_1_88' title="bbox 1782 2463 3349 2536">
     <span class='ocr_line' id='line_1_89' title="bbox 1782 2463 3349 2536; baseline 0.007 -26"><span class='ocrx_word' id='word_1_602' title='bbox 1782 2477 1887 2514; x_wconf 89' lang='lat' dir='ltr'><strong>una</strong></span> <span class='ocrx_word' id='word_1_603' title='bbox 1919 2463 2219 2533; x_wconf 88' lang='lat' dir='ltr'><strong>eademque</strong></span> <span class='ocrx_word' id='word_1_604' title='bbox 2261 2466 2391 2519; x_wconf 92' lang='lat' dir='ltr'><strong>urbe</strong></span> <span class='ocrx_word' id='word_1_605' title='bbox 2440 2466 2723 2536; x_wconf 87' lang='lat' dir='ltr'><strong>plerasque</strong></span> <span class='ocrx_word' id='word_1_606' title='bbox 2754 2468 3027 2522; x_wconf 73' lang='lat' dir='ltr'><strong>exstitisse</strong></span> <span class='ocrx_word' id='word_1_607' title='bbox 3070 2469 3349 2535; x_wconf 88' lang='lat' dir='ltr'><strong>ecclesias,</strong></span> 
     </span>
    </p>
   </div>
   <div class='ocr_carea' id='block_1_89' title="bbox 1780 2554 3348 2631">
    <p class='ocr_par' dir='ltr' id='par_1_89' title="bbox 1780 2554 3348 2631">
     <span class='ocr_line' id='line_1_90' title="bbox 1780 2554 3348 2631; baseline 0.006 -25"><span class='ocrx_word' id='word_1_608' title='bbox 1780 2570 1915 2622; x_wconf 83' lang='lat' dir='ltr'><strong>quas</strong></span> <span class='ocrx_word' id='word_1_609' title='bbox 1957 2554 2192 2624; x_wconf 84' lang='lat' dir='ltr'><strong>majores</strong></span> <span class='ocrx_word' id='word_1_610' title='bbox 2228 2558 2399 2611; x_wconf 90' lang='lat' dir='ltr'><strong>nostri</strong></span> <span class='ocrx_word' id='word_1_611' title='bbox 2442 2559 2720 2628; x_wconf 88' lang='lat' dir='ltr'><strong>martyria,</strong></span> <span class='ocrx_word' id='word_1_612' title='bbox 2757 2574 2850 2613; x_wconf 87' lang='lat' dir='ltr'><strong>seu</strong></span> <span class='ocrx_word' id='word_1_613' title='bbox 2893 2570 3191 2631; x_wconf 83' lang='lat' dir='ltr'><strong>martyrum</strong></span> <span class='ocrx_word' id='word_1_614' title='bbox 3228 2576 3348 2615; x_wconf 85' lang='lat' dir='ltr'><strong>me-</strong></span> 
     </span>
    </p>
   </div>
   <div class='ocr_carea' id='block_1_90' title="bbox 1779 2645 3352 2722">
    <p class='ocr_par' dir='ltr' id='par_1_90' title="bbox 1779 2645 3352 2722">
     <span class='ocr_line' id='line_1_91' title="bbox 1779 2645 3352 2722; baseline 0.006 -25"><span class='ocrx_word' id='word_1_615' title='bbox 1779 2645 2003 2709; x_wconf 90' lang='lat' dir='ltr'><strong>morias,</strong></span> <span class='ocrx_word' id='word_1_616' title='bbox 2035 2649 2291 2709; x_wconf 88' lang='lat' dir='ltr'><strong>oratoria,</strong></span> <span class='ocrx_word' id='word_1_617' title='bbox 2325 2665 2387 2703; x_wconf 92' lang='lat' dir='ltr'><strong>ac</strong></span> <span class='ocrx_word' id='word_1_618' title='bbox 2421 2650 2727 2703; x_wconf 71' lang='lat' dir='ltr'><strong>cmmeteria</strong></span> <span class='ocrx_word' id='word_1_619' title='bbox 2773 2650 3024 2705; x_wconf 82' lang='lat' dir='ltr'><strong>dixerunt</strong></span> <span class='ocrx_word' id='word_1_620' title='bbox 3048 2651 3177 2721; x_wconf 91' lang='lat'><strong>(76),</strong></span> <span class='ocrx_word' id='word_1_621' title='bbox 3210 2667 3352 2722; x_wconf 88' lang='lat' dir='ltr'><strong>quo-</strong></span> 
     </span>
    </p>
   </div>
   <div class='ocr_carea' id='block_1_91' title="bbox 1783 2740 3350 2809">
    <p class='ocr_par' dir='ltr' id='par_1_91' title="bbox 1783 2740 3350 2809">
     <span class='ocr_line' id='line_1_92' title="bbox 1783 2740 3350 2809; baseline 0.004 -18"><span class='ocrx_word' id='word_1_622' title='bbox 1783 2754 1903 2791; x_wconf 85' lang='lat' dir='ltr'><strong>rum</strong></span> <span class='ocrx_word' id='word_1_623' title='bbox 1953 2740 2171 2792; x_wconf 90' lang='lat' dir='ltr'><strong>nomina</strong></span> <span class='ocrx_word' id='word_1_624' title='bbox 2216 2741 2456 2809; x_wconf 89' lang='lat' dir='ltr'><strong>undique</strong></span> <span class='ocrx_word' id='word_1_625' title='bbox 2507 2740 2835 2809; x_wconf 89' lang='lat' dir='ltr'><strong>conquisita,</strong></span> <span class='ocrx_word' id='word_1_626' title='bbox 2886 2757 2950 2795; x_wconf 82' lang='lat' dir='ltr'><strong>ex</strong></span> <span class='ocrx_word' id='word_1_627' title='bbox 3002 2743 3350 2797; x_wconf 84' lang='lat' dir='ltr'><strong>reconditiori</strong></span> 
     </span>
    </p>
   </div>
   <div class='ocr_carea' id='block_1_92' title="bbox 1783 2831 3353 2889">
    <p class='ocr_par' dir='ltr' id='par_1_92' title="bbox 1783 2831 3353 2889">
     <span class='ocr_line' id='line_1_93' title="bbox 1783 2831 3353 2889; baseline 0.003 -5"><span class='ocrx_word' id='word_1_628' title='bbox 1783 2845 1952 2884; x_wconf 66' lang='lat' dir='ltr'><strong>sacrae</strong></span> <span class='ocrx_word' id='word_1_629' title='bbox 1983 2831 2301 2883; x_wconf 87' lang='lat' dir='ltr'><strong>eruditionis</strong></span> <span class='ocrx_word' id='word_1_630' title='bbox 2345 2832 2542 2885; x_wconf 90' lang='lat' dir='ltr'><strong>larario</strong></span> <span class='ocrx_word' id='word_1_631' title='bbox 2580 2843 2839 2887; x_wconf 89' lang='lat' dir='ltr'><strong>eruerunt</strong></span> <span class='ocrx_word' id='word_1_632' title='bbox 2874 2833 3016 2887; x_wconf 91' lang='lat' dir='ltr'><strong>docti</strong></span> <span class='ocrx_word' id='word_1_633' title='bbox 3048 2835 3147 2887; x_wconf 91' lang='lat' dir='ltr'><strong>viri</strong></span> <span class='ocrx_word' id='word_1_634' title='bbox 3180 2834 3353 2889; x_wconf 72' lang='lat' dir='ltr'><strong>Fran-</strong></span> 
     </span>
    </p>
   </div>
   <div class='ocr_carea' id='block_1_93' title="bbox 1784 2921 3352 2995">
    <p class='ocr_par' dir='ltr' id='par_1_93' title="bbox 1784 2921 3352 2995">
     <span class='ocr_line' id='line_1_94' title="bbox 1784 2921 3352 2995; baseline 0.005 -20"><span class='ocrx_word' id='word_1_635' title='bbox 1784 2925 1965 2976; x_wconf 86' lang='lat' dir='ltr'><strong>ciscus</strong></span> <span class='ocrx_word' id='word_1_636' title='bbox 2008 2921 2176 2975; x_wconf 80' lang='lat' dir='ltr'><strong>Maria</strong></span> <span class='ocrx_word' id='word_1_637' title='bbox 2226 2922 2570 2978; x_wconf 90' lang='lat' dir='ltr'><strong>Florentiuus</strong></span> <span class='ocrx_word' id='word_1_638' title='bbox 2622 2924 2757 2995; x_wconf 87' lang='lat'><strong>(77),</strong></span> <span class='ocrx_word' id='word_1_639' title='bbox 2787 2923 3024 2980; x_wconf 87' lang='lat' dir='ltr'><strong>Joannes</strong></span> <span class='ocrx_word' id='word_1_640' title='bbox 3057 2927 3352 2983; x_wconf 75' lang='lat' dir='ltr'><strong>cardinalis</strong></span> 
     </span>
    </p>
   </div>
   <div class='ocr_carea' id='block_1_94' title="bbox 1789 3011 3353 3085">
    <p class='ocr_par' dir='ltr' id='par_1_94' title="bbox 1789 3011 3353 3085">
     <span class='ocr_line' id='line_1_95' title="bbox 1789 3011 3353 3085; baseline 0.004 -21"><span class='ocrx_word' id='word_1_641' title='bbox 1789 3011 1933 3065; x_wconf 86' lang='lat' dir='ltr'><strong>Bona</strong></span> <span class='ocrx_word' id='word_1_642' title='bbox 1986 3012 2118 3083; x_wconf 91' lang='lat'><strong>(78),</strong></span> <span class='ocrx_word' id='word_1_643' title='bbox 2177 3012 2411 3069; x_wconf 87' lang='lat' dir='ltr'><strong>Joannes</strong></span> <span class='ocrx_word' id='word_1_644' title='bbox 2471 3014 2807 3084; x_wconf 86' lang='lat' dir='ltr'><strong>Ciampinius</strong></span> <span class='ocrx_word' id='word_1_645' title='bbox 2864 3016 2998 3085; x_wconf 89' lang='lat'><strong>(79),</strong></span> <span class='ocrx_word' id='word_1_646' title='bbox 3060 3014 3353 3073; x_wconf 85' lang='lat' dir='ltr'><strong>Tillemon-</strong></span> 
     </span>
    </p>
   </div>
   <div class='ocr_carea' id='block_1_95' title="bbox 1786 3103 3351 3180">
    <p class='ocr_par' dir='ltr' id='par_1_95' title="bbox 1786 3103 3351 3180">
     <span class='ocr_line' id='line_1_96' title="bbox 1786 3103 3351 3180; baseline 0.004 -25"><span class='ocrx_word' id='word_1_647' title='bbox 1786 3104 1892 3156; x_wconf 86' lang='lat' dir='ltr'><strong>tius</strong></span> <span class='ocrx_word' id='word_1_648' title='bbox 1940 3104 2073 3175; x_wconf 88' lang='lat'><strong>(80),</strong></span> <span class='ocrx_word' id='word_1_649' title='bbox 2116 3114 2168 3158; x_wconf 90' lang='lat' dir='ltr'><strong>et</strong></span> <span class='ocrx_word' id='word_1_650' title='bbox 2207 3103 2443 3159; x_wconf 85' lang='lat' dir='ltr'><strong>Joannes</strong></span> <span class='ocrx_word' id='word_1_651' title='bbox 2485 3105 2778 3180; x_wconf 83' lang='lat' dir='ltr'><strong>Grancolas</strong></span> <span class='ocrx_word' id='word_1_652' title='bbox 2833 3106 2981 3177; x_wconf 81' lang='lat' dir='ltr'><strong>(Sl);</strong></span> <span class='ocrx_word' id='word_1_653' title='bbox 3037 3106 3351 3176; x_wconf 88' lang='lat' dir='ltr'><strong>hujusmodi</strong></span> 
     </span>
    </p>
   </div>
   <div class='ocr_carea' id='block_1_96' title="bbox 1788 3195 3349 3268">
    <p class='ocr_par' dir='ltr' id='par_1_96' title="bbox 1788 3195 3349 3268">
     <span class='ocr_line' id='line_1_97' title="bbox 1788 3195 3349 3268; baseline 0.004 -21"><span class='ocrx_word' id='word_1_654' title='bbox 1788 3202 1965 3248; x_wconf 90' lang='lat' dir='ltr'><strong>tamen</strong></span> <span class='ocrx_word' id='word_1_655' title='bbox 2005 3195 2244 3250; x_wconf 68' lang='lat' dir='ltr'><strong>ecclesia:</strong></span> <span class='ocrx_word' id='word_1_656' title='bbox 2276 3212 2399 3251; x_wconf 92' lang='lat' dir='ltr'><strong>cum</strong></span> <span class='ocrx_word' id='word_1_657' title='bbox 2427 3197 2700 3267; x_wconf 90' lang='lat' dir='ltr'><strong>prioribus</strong></span> <span class='ocrx_word' id='word_1_658' title='bbox 2736 3198 2861 3263; x_wconf 90' lang='lat' dir='ltr'><strong>illis,</strong></span> <span class='ocrx_word' id='word_1_659' title='bbox 2894 3199 2958 3252; x_wconf 85' lang='lat' dir='ltr'><strong>de</strong></span> <span class='ocrx_word' id='word_1_660' title='bbox 2987 3199 3186 3268; x_wconf 89' lang='lat' dir='ltr'><strong>quibus</strong></span> <span class='ocrx_word' id='word_1_661' title='bbox 3215 3199 3349 3253; x_wconf 63' lang='lat' dir='ltr'><strong>hac.</strong></span> 
     </span>
    </p>
   </div>
   <div class='ocr_carea' id='block_1_97' title="bbox 1786 3286 3353 3356">
    <p class='ocr_par' dir='ltr' id='par_1_97' title="bbox 1786 3286 3353 3356">
     <span class='ocr_line' id='line_1_98' title="bbox 1786 3286 3353 3356; baseline 0.002 -19"><span class='ocrx_word' id='word_1_662' title='bbox 1786 3293 1941 3339; x_wconf 91' lang='lat' dir='ltr'><strong>tenus</strong></span> <span class='ocrx_word' id='word_1_663' title='bbox 1965 3287 2382 3355; x_wconf 86' lang='lat' dir='ltr'><strong>disputavimus,</strong></span> <span class='ocrx_word' id='word_1_664' title='bbox 2412 3288 2553 3341; x_wconf 89' lang='lat' dir='ltr'><strong>haud</strong></span> <span class='ocrx_word' id='word_1_665' title='bbox 2580 3296 2707 3341; x_wconf 88' lang='lat' dir='ltr'><strong>sunt</strong></span> <span class='ocrx_word' id='word_1_666' title='bbox 2731 3288 3127 3356; x_wconf 68' lang='lat' dir='ltr'><strong>comparandae.</strong></span> <span class='ocrx_word' id='word_1_667' title='bbox 3156 3286 3353 3354; x_wconf 82' lang='lat' dir='ltr'><strong>Quam-</strong></span> 
     </span>
    </p>
   </div>
   <div class='ocr_carea' id='block_1_98' title="bbox 1785 3378 3347 3450">
    <p class='ocr_par' dir='ltr' id='par_1_98' title="bbox 1785 3378 3347 3450">
     <span class='ocr_line' id='line_1_99' title="bbox 1785 3378 3347 3450; baseline 0.001 -19"><span class='ocrx_word' id='word_1_668' title='bbox 1785 3378 1864 3432; x_wconf 81' lang='lat' dir='ltr'><strong>vis</strong></span> <span class='ocrx_word' id='word_1_669' title='bbox 1888 3380 2030 3432; x_wconf 92' lang='lat' dir='ltr'><strong>enim</strong></span> <span class='ocrx_word' id='word_1_670' title='bbox 2062 3380 2358 3450; x_wconf 88' lang='lat' dir='ltr'><strong>presbyteri</strong></span> <span class='ocrx_word' id='word_1_671' title='bbox 2396 3380 2449 3433; x_wconf 92' lang='lat' dir='ltr'><strong>in</strong></span> <span class='ocrx_word' id='word_1_672' title='bbox 2481 3380 2610 3449; x_wconf 90' lang='lat' dir='ltr'><strong>ipsis</strong></span> <span class='ocrx_word' id='word_1_673' title='bbox 2632 3379 2792 3432; x_wconf 91' lang='lat' dir='ltr'><strong>etiam</strong></span> <span class='ocrx_word' id='word_1_674' title='bbox 2822 3392 3003 3433; x_wconf 89' lang='lat' dir='ltr'><strong>essent</strong></span> <span class='ocrx_word' id='word_1_675' title='bbox 3039 3379 3347 3446; x_wconf 92' lang='lat' dir='ltr'><strong>constituti,</strong></span> 
     </span>
    </p>
   </div>
   <div class='ocr_carea' id='block_1_99' title="bbox 1789 3471 3350 3540">
    <p class='ocr_par' dir='ltr' id='par_1_99' title="bbox 1789 3471 3350 3540">
     <span class='ocr_line' id='line_1_100' title="bbox 1789 3471 3350 3540; baseline 0.003 -17"><span class='ocrx_word' id='word_1_676' title='bbox 1789 3478 1965 3525; x_wconf 85' lang='lat' dir='ltr'><strong>tamen</strong></span> <span class='ocrx_word' id='word_1_677' title='bbox 2006 3472 2061 3524; x_wconf 89' lang='lat' dir='ltr'><strong>in</strong></span> <span class='ocrx_word' id='word_1_678' title='bbox 2108 3472 2296 3525; x_wconf 90' lang='lat' dir='ltr'><strong>iisdem</strong></span> <span class='ocrx_word' id='word_1_679' title='bbox 2334 3486 2435 3525; x_wconf 89' lang='lat' dir='ltr'><strong>nec</strong></span> <span class='ocrx_word' id='word_1_680' title='bbox 2464 3472 2674 3540; x_wconf 86' lang='lat' dir='ltr'><strong>plebem</strong></span> <span class='ocrx_word' id='word_1_681' title='bbox 2713 3471 2986 3540; x_wconf 79' lang='lat' dir='ltr'><strong>colligere,</strong></span> <span class='ocrx_word' id='word_1_682' title='bbox 3021 3486 3120 3526; x_wconf 89' lang='lat' dir='ltr'><strong>nec</strong></span> <span class='ocrx_word' id='word_1_683' title='bbox 3152 3482 3350 3527; x_wconf 88' lang='lat' dir='ltr'><strong>cuncta</strong></span> 
     </span>
    </p>
   </div>
   <div class='ocr_carea' id='block_1_100' title="bbox 1784 3559 3351 3629">
    <p class='ocr_par' dir='ltr' id='par_1_100' title="bbox 1784 3559 3351 3629">
     <span class='ocr_line' id='line_1_101' title="bbox 1784 3559 3351 3629; baseline 0.003 -18"><span class='ocrx_word' id='word_1_684' title='bbox 1784 3573 2039 3629; x_wconf 81' lang='lat' dir='ltr'><strong>peragere</strong></span> <span class='ocrx_word' id='word_1_685' title='bbox 2083 3560 2214 3628; x_wconf 83' lang='lat' dir='ltr'><strong>ipsis</strong></span> <span class='ocrx_word' id='word_1_686' title='bbox 2262 3560 2431 3622; x_wconf 91' lang='lat' dir='ltr'><strong>licuit,</strong></span> <span class='ocrx_word' id='word_1_687' title='bbox 2480 3574 2601 3627; x_wconf 69' lang='lat' dir='ltr'><strong>quia</strong></span> <span class='ocrx_word' id='word_1_688' title='bbox 2647 3559 2956 3613; x_wconf 89' lang='lat' dir='ltr'><strong>titularibus</strong></span> <span class='ocrx_word' id='word_1_689' title='bbox 2994 3559 3252 3615; x_wconf 63' lang='lat' dir='ltr'><strong>Romanae</strong></span> <span class='ocrx_word' id='word_1_690' title='bbox 3296 3570 3351 3615; x_wconf 86' lang='lat' dir='ltr'><strong>et</strong></span> 
     </span>
    </p>
   </div>
   <div class='ocr_carea' id='block_1_101' title="bbox 1785 3647 3351 3719">
    <p class='ocr_par' dir='ltr' id='par_1_101' title="bbox 1785 3647 3351 3719">
     <span class='ocr_line' id='line_1_102' title="bbox 1785 3647 3351 3719; baseline 0.001 -17"><span class='ocrx_word' id='word_1_691' title='bbox 1785 3651 2159 3702; x_wconf 68' lang='lat' dir='ltr'><strong>Alexandrinae</strong></span> <span class='ocrx_word' id='word_1_692' title='bbox 2182 3647 2434 3701; x_wconf 78' lang='lat' dir='ltr'><strong>Ecrlesiae</strong></span> <span class='ocrx_word' id='word_1_693' title='bbox 2464 3650 2793 3718; x_wconf 89' lang='lat' dir='ltr'><strong>presbyteris</strong></span> <span class='ocrx_word' id='word_1_694' title='bbox 2829 3650 2881 3702; x_wconf 91' lang='lat' dir='ltr'><strong>in</strong></span> <span class='ocrx_word' id='word_1_695' title='bbox 2914 3650 3149 3719; x_wconf 84' lang='lat' dir='ltr'><strong>pr0priis</strong></span> <span class='ocrx_word' id='word_1_696' title='bbox 3176 3650 3351 3704; x_wconf 89' lang='lat' dir='ltr'><strong>eccle-</strong></span> 
     </span>
    </p>
   </div>
   <div class='ocr_carea' id='block_1_102' title="bbox 1789 3739 3348 3809">
    <p class='ocr_par' dir='ltr' id='par_1_102' title="bbox 1789 3739 3348 3809">
     <span class='ocr_line' id='line_1_103' title="bbox 1789 3739 3348 3809; baseline 0.001 -14"><span class='ocrx_word' id='word_1_697' title='bbox 1789 3742 1885 3796; x_wconf 90' lang='lat' dir='ltr'><strong>siis</strong></span> <span class='ocrx_word' id='word_1_698' title='bbox 1925 3742 2188 3809; x_wconf 89' lang='lat' dir='ltr'><strong>pcrmissu</strong></span> <span class='ocrx_word' id='word_1_699' title='bbox 2217 3739 2454 3807; x_wconf 86' lang='lat' dir='ltr'><strong>episcopi</strong></span> <span class='ocrx_word' id='word_1_700' title='bbox 2490 3739 2711 3793; x_wconf 88' lang='lat' dir='ltr'><strong>licuisse</strong></span> <span class='ocrx_word' id='word_1_701' title='bbox 2738 3756 2844 3793; x_wconf 92' lang='lat' dir='ltr'><strong>non</strong></span> <span class='ocrx_word' id='word_1_702' title='bbox 2880 3741 3212 3809; x_wconf 81' lang='lat' dir='ltr'><strong>ignoramus.</strong></span> <span class='ocrx_word' id='word_1_703' title='bbox 3242 3741 3348 3797; x_wconf 84' lang='lat' dir='ltr'><strong>Eos</strong></span> 
     </span>
    </p>
   </div>
   <div class='ocr_carea' id='block_1_103' title="bbox 1785 3834 3344 3906">
    <p class='ocr_par' dir='ltr' id='par_1_103' title="bbox 1785 3834 3344 3906">
     <span class='ocr_line' id='line_1_104' title="bbox 1785 3834 3344 3906; baseline -0.001 -16"><span class='ocrx_word' id='word_1_704' title='bbox 1785 3836 2050 3906; x_wconf 88' lang='lat' dir='ltr'><strong>siquidem</strong></span> <span class='ocrx_word' id='word_1_705' title='bbox 2085 3834 2153 3888; x_wconf 91' lang='lat' dir='ltr'><strong>ab</strong></span> <span class='ocrx_word' id='word_1_706' title='bbox 2186 3834 2291 3889; x_wconf 90' lang='lat' dir='ltr'><strong>illis</strong></span> <span class='ocrx_word' id='word_1_707' title='bbox 2336 3835 2493 3904; x_wconf 89' lang='lat' dir='ltr'><strong>plane</strong></span> <span class='ocrx_word' id='word_1_708' title='bbox 2541 3835 2829 3889; x_wconf 90' lang='lat' dir='ltr'><strong>distinctos</strong></span> <span class='ocrx_word' id='word_1_709' title='bbox 2864 3844 3016 3888; x_wconf 90' lang='lat' dir='ltr'><strong>notat</strong></span> <span class='ocrx_word' id='word_1_710' title='bbox 3049 3836 3131 3888; x_wconf 90' lang='lat' dir='ltr'><strong>vir</strong></span> <span class='ocrx_word' id='word_1_711' title='bbox 3170 3836 3344 3889; x_wconf 73' lang='lat' dir='ltr'><strong>maxi-</strong></span> 
     </span>
    </p>
   </div>
   <div class='ocr_carea' id='block_1_104' title="bbox 1867 4048 3345 4121">
    <p class='ocr_par' dir='ltr' id='par_1_104' title="bbox 1867 4048 3345 4121">
     <span class='ocr_line' id='line_1_105' title="bbox 1867 4048 3345 4121; baseline 0.002 -17"><span class='ocrx_word' id='word_1_712' title='bbox 1867 4051 1980 4121; x_wconf 87' lang='lat'><strong>(78)</strong></span> <span class='ocrx_word' id='word_1_713' title='bbox 2041 4050 2220 4105; x_wconf 87' lang='lat' dir='ltr'><strong>Citato</strong></span> <span class='ocrx_word' id='word_1_714' title='bbox 2267 4050 2362 4105; x_wconf 89' lang='lat' dir='ltr'><strong>lib.</strong></span> <span class='ocrx_word' id='word_1_715' title='bbox 2422 4065 2441 4104; x_wconf 82' lang='lat' dir='ltr'><strong>t</strong></span> <span class='ocrx_word' id='word_1_716' title='bbox 2498 4048 2687 4103; x_wconf 84' lang='lat' dir='ltr'><strong>Rerum</strong></span> <span class='ocrx_word' id='word_1_717' title='bbox 2746 4049 3014 4119; x_wconf 67' lang='lat' dir='ltr'><strong>Iiturgic.‘,</strong></span> <span class='ocrx_word' id='word_1_718' title='bbox 3067 4065 3185 4120; x_wconf 88' lang='lat' dir='ltr'><strong>cap.</strong></span> <span class='ocrx_word' id='word_1_719' title='bbox 3248 4052 3345 4120; x_wconf 88' lang='lat'><strong>19,</strong></span> 
     </span>
    </p>
   </div>
   <div class='ocr_carea' id='block_1_105' title="bbox 1781 4121 3344 4193">
    <p class='ocr_par' dir='ltr' id='par_1_105' title="bbox 1781 4121 3344 4193">
     <span class='ocr_line' id='line_1_106' title="bbox 1781 4121 3344 4193; baseline 0.001 -17"><span class='ocrx_word' id='word_1_720' title='bbox 1781 4138 1904 4193; x_wconf 79' lang='lat' dir='ltr'><strong>pag.</strong></span> <span class='ocrx_word' id='word_1_721' title='bbox 1931 4122 2033 4175; x_wconf 73' lang='grc'>247</span> <span class='ocrx_word' id='word_1_722' title='bbox 2068 4131 2122 4175; x_wconf 85' lang='lat' dir='ltr'><strong>et</strong></span> <span class='ocrx_word' id='word_1_723' title='bbox 2151 4137 2326 4191; x_wconf 89' lang='lat' dir='ltr'><strong>seqq.,</strong></span> <span class='ocrx_word' id='word_1_724' title='bbox 2357 4121 2445 4175; x_wconf 92' lang='lat' dir='ltr'><strong>ubi</strong></span> <span class='ocrx_word' id='word_1_725' title='bbox 2462 4122 2630 4193; x_wconf 78' lang='lat' dir='ltr'><strong>docte</strong></span> <span class='ocrx_word' id='word_1_726' title='bbox 2652 4121 2869 4193; x_wconf 88' lang='lat' dir='ltr'><strong>quidem</strong></span> <span class='ocrx_word' id='word_1_727' title='bbox 2903 4122 3344 4193; x_wconf 64' lang='lat' dir='ltr'><strong>(diservat.quod</strong></span> 
     </span>
    </p>
   </div>
   <div class='ocr_carea' id='block_1_106' title="bbox 1780 4189 3343 4248">
    <p class='ocr_par' dir='ltr' id='par_1_106' title="bbox 1780 4189 3343 4248">
     <span class='ocr_line' id='line_1_107' title="bbox 1780 4189 3343 4248; baseline -0.001 -1"><span class='ocrx_word' id='word_1_728' title='bbox 1780 4189 2023 4248; x_wconf 70' lang='lat' dir='ltr'><strong>ecclesia:</strong></span> <span class='ocrx_word' id='word_1_729' title='bbox 2060 4189 2406 4246; x_wconf 23' lang='lat' dir='ltr'><strong>dietmvetiam</strong></span> <span class='ocrx_word' id='word_1_730' title='bbox 2453 4189 2880 4244; x_wconf 22' lang='lat' dir='ltr'><strong>fuerint’domus</strong></span> <span class='ocrx_word' id='word_1_731' title='bbox 2915 4189 3011 4242; x_wconf 80' lang='lat' dir='ltr'><strong>Dei</strong></span> <span class='ocrx_word' id='word_1_732' title='bbox 3061 4204 3115 4244; x_wconf 91' lang='lat' dir='ltr'><strong>et</strong></span> <span class='ocrx_word' id='word_1_733' title='bbox 3158 4189 3343 4245; x_wconf 73' lang='lat' dir='ltr'><strong>donius</strong></span> 
     </span>
    </p>
   </div>
   <div class='ocr_carea' id='block_1_107' title="bbox 1782 4260 3347 4331">
    <p class='ocr_par' dir='ltr' id='par_1_107' title="bbox 1782 4260 3347 4331">
     <span class='ocr_line' id='line_1_108' title="bbox 1782 4260 3347 4331; baseline -0.001 -15"><span class='ocrx_word' id='word_1_734' title='bbox 1782 4265 2072 4325; x_wconf 81' lang='lat' dir='ltr'><strong>orationis;</strong></span> <span class='ocrx_word' id='word_1_735' title='bbox 2106 4270 2159 4316; x_wconf 89' lang='lat' dir='ltr'><strong>et</strong></span> <span class='ocrx_word' id='word_1_736' title='bbox 2209 4278 2240 4315; x_wconf 85' lang='lat' dir='ltr'><strong>a</strong></span> <span class='ocrx_word' id='word_1_737' title='bbox 2289 4262 2489 4317; x_wconf 71' lang='lat' dir='ltr'><strong>Grzecis</strong></span> <span class='ocrx_word' id='word_1_738' title='bbox 2532 4261 2805 4331; x_wconf 79' lang='grc' dir='ltr'><strong>Κυριακά,</strong></span> <span class='ocrx_word' id='word_1_739' title='bbox 2842 4276 2869 4313; x_wconf 89' lang='lat' dir='ltr'><strong>a</strong></span> <span class='ocrx_word' id='word_1_740' title='bbox 2911 4260 3118 4315; x_wconf 89' lang='lat' dir='ltr'><strong>Latinis</strong></span> <span class='ocrx_word' id='word_1_741' title='bbox 3166 4262 3347 4314; x_wconf 80' lang='lat' dir='ltr'><strong>Domi-</strong></span> 
     </span>
    </p>
   </div>
   <div class='ocr_carea' id='block_1_108' title="bbox 1779 4331 3343 4400">
    <p class='ocr_par' dir='ltr' id='par_1_108' title="bbox 1779 4331 3343 4400">
     <span class='ocr_line' id='line_1_109' title="bbox 1779 4331 3343 4400; baseline -0.001 -13"><span class='ocrx_word' id='word_1_742' title='bbox 1779 4335 1936 4396; x_wconf 85' lang='lat' dir='ltr'><strong>nica;</strong></span> <span class='ocrx_word' id='word_1_743' title='bbox 1971 4348 2176 4387; x_wconf 89' lang='lat' dir='ltr'><strong>necnon</strong></span> <span class='ocrx_word' id='word_1_744' title='bbox 2208 4334 2629 4398; x_wconf 66' lang='lat' dir='ltr'><strong>memoriw,qiiai</strong></span> <span class='ocrx_word' id='word_1_745' title='bbox 2653 4332 2695 4385; x_wconf 92' lang='lat' dir='ltr'><strong>si</strong></span> <span class='ocrx_word' id='word_1_746' title='bbox 2722 4340 2902 4385; x_wconf 85' lang='lat' dir='ltr'><strong>essent</strong></span> <span class='ocrx_word' id='word_1_747' title='bbox 2951 4331 3343 4400; x_wconf 89' lang='lat' dir='ltr'><strong>apostolorum,</strong></span> 
     </span>
    </p>
   </div>
   <div class='ocr_carea' id='block_1_109' title="bbox 1776 4401 3341 4473">
    <p class='ocr_par' dir='ltr' id='par_1_109' title="bbox 1776 4401 3341 4473">
     <span class='ocr_line' id='line_1_110' title="bbox 1776 4401 3341 4473; baseline 0.001 -17"><span class='ocrx_word' id='word_1_748' title='bbox 1776 4404 2070 4473; x_wconf 76' lang='lat' dir='ltr'><strong>apostolia;</strong></span> <span class='ocrx_word' id='word_1_749' title='bbox 2114 4404 2159 4455; x_wconf 89' lang='lat' dir='ltr'><strong>si</strong></span> <span class='ocrx_word' id='word_1_750' title='bbox 2201 4404 2601 4471; x_wconf 85' lang='lat' dir='ltr'><strong>prophetarum,</strong></span> <span class='ocrx_word' id='word_1_751' title='bbox 2656 4401 2936 4469; x_wconf 73' lang='lat' dir='ltr'><strong>prop/reteri</strong></span> <span class='ocrx_word' id='word_1_752' title='bbox 2994 4402 3341 4457; x_wconf 86' lang='lat' dir='ltr'><strong>dicebantur:</strong></span> 
     </span>
    </p>
   </div>
   <div class='ocr_carea' id='block_1_110' title="bbox 1776 4473 3346 4543">
    <p class='ocr_par' dir='ltr' id='par_1_110' title="bbox 1776 4473 3346 4543">
     <span class='ocr_line' id='line_1_111' title="bbox 1776 4473 3346 4543; baseline 0.001 -20"><span class='ocrx_word' id='word_1_753' title='bbox 1776 4477 2054 4543; x_wconf 76' lang='lat' dir='ltr'><strong>martyria,</strong></span> <span class='ocrx_word' id='word_1_754' title='bbox 2075 4473 2295 4525; x_wconf 81' lang='lat' dir='ltr'><strong>concilia</strong></span> <span class='ocrx_word' id='word_1_755' title='bbox 2315 4483 2602 4539; x_wconf 82' lang='lat' dir='ltr'><strong>martyrum</strong></span> <span class='ocrx_word' id='word_1_756' title='bbox 2625 4488 2643 4535; x_wconf 89' lang='lat'><strong><em>;</em></strong></span> <span class='ocrx_word' id='word_1_757' title='bbox 2683 4473 2961 4543; x_wconf 79' lang='grc' dir='ltr'><strong>εὐκτήρια,</strong></span> <span class='ocrx_word' id='word_1_758' title='bbox 2982 4480 3035 4524; x_wconf 89' lang='lat' dir='ltr'><strong>et</strong></span> <span class='ocrx_word' id='word_1_759' title='bbox 3067 4473 3112 4524; x_wconf 88' lang='lat' dir='ltr'><strong>si</strong></span> <span class='ocrx_word' id='word_1_760' title='bbox 3142 4481 3346 4543; x_wconf 82' lang='lat' dir='ltr'><strong>marty-</strong></span> 
     </span>
    </p>
   </div>
   <div class='ocr_carea' id='block_1_111' title="bbox 1778 4543 3345 4615">
    <p class='ocr_par' dir='ltr' id='par_1_111' title="bbox 1778 4543 3345 4615">
     <span class='ocr_line' id='line_1_112' title="bbox 1778 4543 3345 4615; baseline -0.001 -18"><span class='ocrx_word' id='word_1_761' title='bbox 1778 4561 1897 4597; x_wconf 87' lang='lat' dir='ltr'><strong>rum</strong></span> <span class='ocrx_word' id='word_1_762' title='bbox 1933 4544 2395 4615; x_wconf 54' lang='lat' dir='ltr'><strong>rtpossux&#39;rﬁptaa</strong></span> <span class='ocrx_word' id='word_1_763' title='bbox 2436 4543 2656 4615; x_wconf 73' lang='lat' dir='ltr'><strong>Grzccis,</strong></span> <span class='ocrx_word' id='word_1_764' title='bbox 2682 4550 2735 4615; x_wconf 74' lang='lat' dir='ltr'><strong>et</strong></span> <span class='ocrx_word' id='word_1_765' title='bbox 2767 4556 2795 4593; x_wconf 69' lang='grc' dir='ltr'>θ</span> <span class='ocrx_word' id='word_1_766' title='bbox 2840 4543 3046 4615; x_wconf 64' lang='lat' dir='ltr'><strong>Latinis</strong></span> <span class='ocrx_word' id='word_1_767' title='bbox 3088 4550 3345 4615; x_wconf 54' lang='lat' dir='ltr'><strong>oratoga,</strong></span> 
     </span>
    </p>
   </div>
   <div class='ocr_carea' id='block_1_112' title="bbox 1779 4610 3342 4683">
    <p class='ocr_par' dir='ltr' id='par_1_112' title="bbox 1779 4610 3342 4683">
     <span class='ocr_line' id='line_1_113' title="bbox 1779 4610 3342 4683; baseline -0.001 -16"><span class='ocrx_word' id='word_1_768' title='bbox 1779 4625 1948 4683; x_wconf 89' lang='lat' dir='ltr'><strong>atque</strong></span> <span class='ocrx_word' id='word_1_769' title='bbox 1979 4610 2150 4666; x_wconf 63' lang='lat' dir='ltr'><strong>&#39;etiam</strong></span> <span class='ocrx_word' id='word_1_770' title='bbox 2196 4610 2427 4683; x_wconf 61' lang='lat' dir='ltr'><strong>basilico:</strong></span> <span class='ocrx_word' id='word_1_771' title='bbox 2462 4611 2897 4683; x_wconf 79' lang='lat' dir='ltr'><strong>nominabantur.</strong></span> <span class='ocrx_word' id='word_1_772' title='bbox 2924 4610 3208 4682; x_wconf 80' lang='lat' dir='ltr'><strong>Legendus</strong></span> <span class='ocrx_word' id='word_1_773' title='bbox 3242 4611 3342 4666; x_wconf 85' lang='lat' dir='ltr'><strong>Ba-</strong></span> 
     </span>
    </p>
   </div>
   <div class='ocr_carea' id='block_1_113' title="bbox 1781 4681 3359 4750">
    <p class='ocr_par' dir='ltr' id='par_1_113' title="bbox 1781 4681 3359 4750">
     <span class='ocr_line' id='line_1_114' title="bbox 1781 4681 3359 4750; baseline -0.001 -13"><span class='ocrx_word' id='word_1_774' title='bbox 1781 4681 1971 4737; x_wconf 83' lang='lat' dir='ltr'><strong>ronius</strong></span> <span class='ocrx_word' id='word_1_775' title='bbox 2005 4686 2056 4736; x_wconf 92' lang='lat' dir='ltr'><strong>in</strong></span> <span class='ocrx_word' id='word_1_776' title='bbox 2088 4683 2231 4736; x_wconf 83' lang='lat' dir='ltr'><strong>notis</strong></span> <span class='ocrx_word' id='word_1_777' title='bbox 2255 4683 2318 4735; x_wconf 84' lang='lat' dir='ltr'><strong>ad</strong></span> <span class='ocrx_word' id='word_1_778' title='bbox 2358 4681 2793 4750; x_wconf 76' lang='lat' dir='ltr'><strong>Martyrologium</strong></span> <span class='ocrx_word' id='word_1_779' title='bbox 2834 4681 3137 4735; x_wconf 79' lang='lat' dir='ltr'><strong>Romanum</strong></span> <span class='ocrx_word' id='word_1_780' title='bbox 3171 4684 3258 4736; x_wconf 89' lang='lat' dir='ltr'><strong>die</strong></span> <span class='ocrx_word' id='word_1_781' title='bbox 3293 4682 3359 4735; x_wconf 76' lang='lat' dir='ltr'><strong>vt</strong></span> 
     </span>
    </p>
   </div>
   <div class='ocr_carea' id='block_1_114' title="bbox 1778 4742 3342 4823">
    <p class='ocr_par' dir='ltr' id='par_1_114' title="bbox 1778 4742 3342 4823">
     <span class='ocr_line' id='line_1_115' title="bbox 1778 4742 3342 4823; baseline -0.001 -16"><span class='ocrx_word' id='word_1_782' title='bbox 1778 4753 1926 4815; x_wconf 88' lang='lat' dir='ltr'><strong>Julii,</strong></span> <span class='ocrx_word' id='word_1_783' title='bbox 1957 4771 2007 4823; x_wconf 91' lang='lat' dir='ltr'><strong>p.</strong></span> <span class='ocrx_word' id='word_1_784' title='bbox 2037 4754 2160 4815; x_wconf 76' lang='lat'><strong>285,</strong></span> <span class='ocrx_word' id='word_1_785' title='bbox 2191 4762 2407 4823; x_wconf 76' lang='lat' dir='ltr'><strong>etxxm</strong></span> <span class='ocrx_word' id='word_1_786' title='bbox 2456 4742 2623 4815; x_wconf 71' lang='lat' dir='ltr'><strong>Junii,</strong></span> <span class='ocrx_word' id='word_1_787' title='bbox 2650 4742 2777 4819; x_wconf 70' lang='lat' dir='ltr'><strong>pag.</strong></span> <span class='ocrx_word' id='word_1_788' title='bbox 2825 4752 2972 4817; x_wconf 76' lang='lat'><strong>265;</strong></span> <span class='ocrx_word' id='word_1_789' title='bbox 3005 4752 3342 4823; x_wconf 82' lang='lat' dir='ltr'><strong>_Dominicus</strong></span> 
     </span>
    </p>
   </div>
   <div class='ocr_carea' id='block_1_115' title="bbox 1783 4821 3341 4891">
    <p class='ocr_par' dir='ltr' id='par_1_115' title="bbox 1783 4821 3341 4891">
     <span class='ocr_line' id='line_1_116' title="bbox 1783 4821 3341 4891; baseline -0.001 -15"><span class='ocrx_word' id='word_1_790' title='bbox 1783 4821 1968 4878; x_wconf 65' lang='lat' dir='ltr'><strong>Macri</strong></span> <span class='ocrx_word' id='word_1_791' title='bbox 1997 4825 2049 4876; x_wconf 93' lang='lat' dir='ltr'><strong>in</strong></span> <span class='ocrx_word' id='word_1_792' title='bbox 2077 4822 2428 4886; x_wconf 73' lang='lat' dir='ltr'><strong>Hierolexico,</strong></span> <span class='ocrx_word' id='word_1_793' title='bbox 2464 4824 2609 4876; x_wconf 87' lang='lat' dir='ltr'><strong>verb.</strong></span> <span class='ocrx_word' id='word_1_794' title='bbox 2650 4824 2945 4883; x_wconf 81' lang='lat' dir='ltr'><strong>()ratoria;</strong></span> <span class='ocrx_word' id='word_1_795' title='bbox 3000 4821 3250 4891; x_wconf 79' lang='lat' dir='ltr'><strong>Ducange</strong></span> <span class='ocrx_word' id='word_1_796' title='bbox 3286 4823 3341 4875; x_wconf 87' lang='lat' dir='ltr'><strong>in</strong></span> 
     </span>
    </p>
   </div>
   <div class='ocr_carea' id='block_1_116' title="bbox 1784 4891 2796 4959">
    <p class='ocr_par' dir='ltr' id='par_1_116' title="bbox 1784 4891 2796 4959">
     <span class='ocr_line' id='line_1_117' title="bbox 1784 4891 2796 4959; baseline 0.001 -12"><span class='ocrx_word' id='word_1_797' title='bbox 1784 4895 2046 4957; x_wconf 79' lang='lat' dir='ltr'><strong>Clossar.,</strong></span> <span class='ocrx_word' id='word_1_798' title='bbox 2079 4892 2229 4946; x_wconf 86' lang='lat' dir='ltr'><strong>verb.</strong></span> <span class='ocrx_word' id='word_1_799' title='bbox 2258 4891 2534 4956; x_wconf 70' lang='lat' dir='ltr'><strong>Memoria,</strong></span> <span class='ocrx_word' id='word_1_800' title='bbox 2577 4892 2796 4959; x_wconf 86' lang='lat' dir='ltr'><strong>aliique.</strong></span> 
     </span>
    </p>
   </div>
   <div class='ocr_carea' id='block_1_117' title="bbox 1855 4960 3341 5035">
    <p class='ocr_par' dir='ltr' id='par_1_117' title="bbox 1855 4960 3341 5035">
     <span class='ocr_line' id='line_1_118' title="bbox 1855 4960 3341 5035; baseline -0.003 -19"><span class='ocrx_word' id='word_1_801' title='bbox 1855 4965 1964 5035; x_wconf 83' lang='lat'><strong>(79)</strong></span> <span class='ocrx_word' id='word_1_802' title='bbox 2013 4962 2193 5016; x_wconf 85' lang='lat' dir='ltr'><strong>Vetera</strong></span> <span class='ocrx_word' id='word_1_803' title='bbox 2225 4972 2740 5035; x_wconf 58' lang='grc' dir='ltr'><strong>ιροηαηιεηζα,ρειιηιἶ</strong></span> <span class='ocrx_word' id='word_1_804' title='bbox 2764 4977 2939 5030; x_wconf 86' lang='lat' dir='ltr'><strong>I,cap.</strong></span> <span class='ocrx_word' id='word_1_805' title='bbox 2970 4961 3057 5026; x_wconf 87' lang='grc'>17,</span> <span class='ocrx_word' id='word_1_806' title='bbox 3086 4960 3341 5035; x_wconf 47' lang='grc' dir='ltr'><strong>υᾏεᾼὸῖ</strong></span> 
     </span>
    </p>
   </div>
   <div class='ocr_carea' id='block_1_118' title="bbox 1783 5030 3343 5103">
    <p class='ocr_par' dir='ltr' id='par_1_118' title="bbox 1783 5030 3343 5103">
     <span class='ocr_line' id='line_1_119' title="bbox 1783 5030 3343 5103; baseline -0.001 -16"><span class='ocrx_word' id='word_1_807' title='bbox 1783 5043 1833 5087; x_wconf 93' lang='lat' dir='ltr'><strong>et</strong></span> <span class='ocrx_word' id='word_1_808' title='bbox 1865 5030 2030 5103; x_wconf 40' lang='lat' dir='ltr'><strong>&quot;seqq.</strong></span> <span class='ocrx_word' id='word_1_809' title='bbox 2065 5034 2194 5087; x_wconf 86' lang='lat' dir='ltr'><strong>edit.</strong></span> <span class='ocrx_word' id='word_1_810' title='bbox 2241 5031 2423 5087; x_wconf 76' lang='lat' dir='ltr'><strong>Roma:</strong></span> <span class='ocrx_word' id='word_1_811' title='bbox 2468 5034 2623 5095; x_wconf 85' lang='lat'><strong>1690,</strong></span> <span class='ocrx_word' id='word_1_812' title='bbox 2654 5032 2743 5103; x_wconf 80' lang='lat' dir='ltr'><strong>ubi</strong></span> <span class='ocrx_word' id='word_1_813' title='bbox 2775 5043 2961 5085; x_wconf 83' lang='lat' dir='ltr'><strong>contra</strong></span> <span class='ocrx_word' id='word_1_814' title='bbox 3011 5030 3343 5103; x_wconf 86' lang='lat' dir='ltr'><strong>acatholicos</strong></span> 
     </span>
    </p>
   </div>
   <div class='ocr_carea' id='block_1_119' title="bbox 1784 5102 3343 5173">
    <p class='ocr_par' dir='ltr' id='par_1_119' title="bbox 1784 5102 3343 5173">
     <span class='ocr_line' id='line_1_120' title="bbox 1784 5102 3343 5173; baseline -0.004 -15"><span class='ocrx_word' id='word_1_815' title='bbox 1784 5102 2140 5167; x_wconf 65' lang='lat' dir='ltr'><strong>delnousitrat,</strong></span> <span class='ocrx_word' id='word_1_816' title='bbox 2171 5104 2222 5156; x_wconf 92' lang='lat' dir='ltr'><strong>in</strong></span> <span class='ocrx_word' id='word_1_817' title='bbox 2256 5104 2426 5157; x_wconf 89' lang='lat' dir='ltr'><strong>tribus</strong></span> <span class='ocrx_word' id='word_1_818' title='bbox 2463 5105 2650 5173; x_wconf 89' lang='lat' dir='ltr'><strong>primis</strong></span> <span class='ocrx_word' id='word_1_819' title='bbox 2684 5102 2939 5173; x_wconf 71' lang='lat' dir='ltr'><strong>Ecclesia:</strong></span> <span class='ocrx_word' id='word_1_820' title='bbox 2976 5102 3185 5173; x_wconf 68' lang='lat' dir='ltr'><strong>sazculis</strong></span> <span class='ocrx_word' id='word_1_821' title='bbox 3221 5116 3343 5173; x_wconf 72' lang='lat' dir='ltr'><strong>per-</strong></span> 
     </span>
    </p>
   </div>
   <div class='ocr_carea' id='block_1_120' title="bbox 1786 5169 3341 5243">
    <p class='ocr_par' dir='ltr' id='par_1_120' title="bbox 1786 5169 3341 5243">
     <span class='ocr_line' id='line_1_121' title="bbox 1786 5169 3341 5243; baseline -0.006 -14"><span class='ocrx_word' id='word_1_822' title='bbox 1786 5177 2124 5229; x_wconf 90' lang='lat' dir='ltr'><strong>secutionum</strong></span> <span class='ocrx_word' id='word_1_823' title='bbox 2156 5183 2392 5241; x_wconf 89' lang='lat' dir='ltr'><strong>tempore</strong></span> <span class='ocrx_word' id='word_1_824' title='bbox 2427 5169 2637 5243; x_wconf 79' lang='lat' dir='ltr'><strong>publica</strong></span> <span class='ocrx_word' id='word_1_825' title='bbox 2667 5174 2888 5226; x_wconf 58' lang='lat' dir='ltr'><strong>aedilicia</strong></span> <span class='ocrx_word' id='word_1_826' title='bbox 2919 5171 3108 5243; x_wconf 79' lang='lat' dir='ltr'><strong>fuisse,</strong></span> <span class='ocrx_word' id='word_1_827' title='bbox 3141 5171 3193 5223; x_wconf 94' lang='lat' dir='ltr'><strong>in</strong></span> <span class='ocrx_word' id='word_1_828' title='bbox 3224 5169 3341 5239; x_wconf 88' lang='lat' dir='ltr'><strong>qui-</strong></span> 
     </span>
    </p>
   </div>
   <div class='ocr_carea' id='block_1_121' title="bbox 1786 5242 3284 5321">
    <p class='ocr_par' dir='ltr' id='par_1_121' title="bbox 1786 5242 3284 5321">
     <span class='ocr_line' id='line_1_122' title="bbox 1786 5242 3284 5321; baseline -0.005 -22"><span class='ocrx_word' id='word_1_829' title='bbox 1786 5246 2110 5321; x_wconf 61' lang='lat' dir='ltr'><strong>btlsChtjsti</strong></span> <span class='ocrx_word' id='word_1_830' title='bbox 2151 5242 2551 5321; x_wconf 74' lang='lat' dir='ltr'><strong>lii_le_les__sacras</strong></span> <span class='ocrx_word' id='word_1_831' title='bbox 2579 5259 2809 5313; x_wconf 77' lang='lat' dir='ltr'><strong>synaxes</strong></span> <span class='ocrx_word' id='word_1_832' title='bbox 2849 5242 3227 5321; x_wconf 34' lang='lat' dir='ltr'><strong>peragebapta</strong></span> <span class='ocrx_word' id='word_1_833' title='bbox 3274 5310 3284 5319; x_wconf 84' lang='lat'><em>_</em></span> 
     </span>
    </p>
   </div>
   <div class='ocr_carea' id='block_1_122' title="bbox 1858 5310 3341 5382">
    <p class='ocr_par' dir='ltr' id='par_1_122' title="bbox 1858 5310 3341 5382">
     <span class='ocr_line' id='line_1_123' title="bbox 1858 5310 3341 5382; baseline -0.002 -15"><span class='ocrx_word' id='word_1_834' title='bbox 1858 5318 1966 5381; x_wconf 75' lang='grc' dir='ltr'>(δυ)</span> <span class='ocrx_word' id='word_1_835' title='bbox 1998 5315 2151 5368; x_wconf 84' lang='lat' dir='ltr'><strong>Tom.</strong></span> <span class='ocrx_word' id='word_1_836' title='bbox 2196 5314 2283 5377; x_wconf 91' lang='lat' dir='ltr'><strong>Ill,</strong></span> <span class='ocrx_word' id='word_1_837' title='bbox 2318 5314 2590 5367; x_wconf 74' lang='lat' dir='ltr'><strong>Mémoires</strong></span> <span class='ocrx_word' id='word_1_838' title='bbox 2611 5310 2768 5382; x_wconf 34' lang='lat' dir='ltr'><strong>“pour</strong></span> <span class='ocrx_word' id='word_1_839' title='bbox 2812 5310 3039 5364; x_wconf 67' lang='lat' dir='ltr'><strong>servir&#39;d</strong></span> <span class='ocrx_word' id='word_1_840' title='bbox 3070 5310 3341 5364; x_wconf 76' lang='lat' dir='ltr'><strong>l’llistoirc</strong></span> 
     </span>
    </p>
   </div>
   <div class='ocr_carea' id='block_1_123' title="bbox 1786 5382 3341 5454">
    <p class='ocr_par' dir='ltr' id='par_1_123' title="bbox 1786 5382 3341 5454">
     <span class='ocr_line' id='line_1_124' title="bbox 1786 5382 3341 5454; baseline -0.005 -15"><span class='ocrx_word' id='word_1_841' title='bbox 1786 5388 2171 5454; x_wconf 72' lang='lat' dir='ltr'><strong>ecclesiastique</strong></span> <span class='ocrx_word' id='word_1_842' title='bbox 2195 5400 2211 5436; x_wconf 90' lang='lat'><em>:</em></span> <span class='ocrx_word' id='word_1_843' title='bbox 2258 5386 2593 5453; x_wconf 82' lang='lat' dir='ltr'><strong>persecution</strong></span> <span class='ocrx_word' id='word_1_844' title='bbox 2626 5389 2691 5436; x_wconf 78' lang='lat' dir='ltr'><strong>ile</strong></span> <span class='ocrx_word' id='word_1_845' title='bbox 2718 5382 2950 5454; x_wconf 80' lang='lat' dir='ltr'><strong>I‘Eglise,</strong></span> <span class='ocrx_word' id='word_1_846' title='bbox 2983 5391 3084 5454; x_wconf 79' lang='lat' dir='ltr'><strong>par</strong></span> <span class='ocrx_word' id='word_1_847' title='bbox 3126 5383 3341 5448; x_wconf 80' lang='lat' dir='ltr'><strong>l’empe-</strong></span> 
     </span>
    </p>
   </div>
   <div class='ocr_carea' id='block_1_124' title="bbox 1787 5451 3340 5521">
    <p class='ocr_par' dir='ltr' id='par_1_124' title="bbox 1787 5451 3340 5521">
     <span class='ocr_line' id='line_1_125' title="bbox 1787 5451 3340 5521; baseline -0.005 -11"><span class='ocrx_word' id='word_1_848' title='bbox 1787 5473 1912 5510; x_wconf 83' lang='lat' dir='ltr'><strong>reur</strong></span> <span class='ocrx_word' id='word_1_849' title='bbox 1952 5451 2206 5507; x_wconf 73' lang='lat' dir='ltr'><strong>Maximini</strong></span> <span class='ocrx_word' id='word_1_850' title='bbox 2247 5451 2285 5517; x_wconf 71' lang='grc' dir='ltr'>Ι,</span> <span class='ocrx_word' id='word_1_851' title='bbox 2317 5456 2468 5508; x_wconf 80' lang='lat' dir='ltr'><strong>artic.</strong></span> <span class='ocrx_word' id='word_1_852' title='bbox 2499 5458 2551 5519; x_wconf 89' lang='grc'><strong>6,</strong></span> <span class='ocrx_word' id='word_1_853' title='bbox 2586 5454 2763 5521; x_wconf 88' lang='lat' dir='ltr'><strong>quand</strong></span> <span class='ocrx_word' id='word_1_854' title='bbox 2810 5455 2885 5505; x_wconf 87' lang='lat' dir='ltr'><strong>les</strong></span> <span class='ocrx_word' id='word_1_855' title='bbox 2915 5451 3204 5506; x_wconf 67' lang='lat' dir='ltr'><strong>Clu‘eticns</strong></span> <span class='ocrx_word' id='word_1_856' title='bbox 3248 5459 3340 5504; x_wconf 89' lang='lat' dir='ltr'><strong>out</strong></span> 
     </span>
    </p>
   </div>
   <div class='ocr_carea' id='block_1_125' title="bbox 1789 5522 2952 5592">
    <p class='ocr_par' dir='ltr' id='par_1_125' title="bbox 1789 5522 2952 5592">
     <span class='ocr_line' id='line_1_126' title="bbox 1789 5522 2952 5592; baseline -0.006 -11"><span class='ocrx_word' id='word_1_857' title='bbox 1789 5526 2101 5581; x_wconf 78' lang='lat' dir='ltr'><strong>commence</strong></span> <span class='ocrx_word' id='word_1_858' title='bbox 2131 5525 2159 5577; x_wconf 70' lang='grc' dir='ltr'><strong>Ξ)</strong></span> <span class='ocrx_word' id='word_1_859' title='bbox 2196 5527 2344 5577; x_wconf 76' lang='lat' dir='ltr'><strong>avoir</strong></span> <span class='ocrx_word' id='word_1_860' title='bbox 2378 5527 2471 5577; x_wconf 88' lang='lat' dir='ltr'><strong>des</strong></span> <span class='ocrx_word' id='word_1_861' title='bbox 2499 5523 2712 5592; x_wconf 83' lang='lat' dir='ltr'><strong>églises,</strong></span> <span class='ocrx_word' id='word_1_862' title='bbox 2746 5538 2799 5590; x_wconf 91' lang='lat' dir='ltr'><strong>p.</strong></span> <span class='ocrx_word' id='word_1_863' title='bbox 2831 5522 2952 5575; x_wconf 69' lang='lat'><strong>274.</strong></span> 
     </span>
    </p>
   </div>
   <div class='ocr_carea' id='block_1_126' title="bbox 1861 5592 3119 5663">
    <p class='ocr_par' dir='ltr' id='par_1_126' title="bbox 1861 5592 3119 5663">
     <span class='ocr_line' id='line_1_127' title="bbox 1861 5592 3119 5663; baseline -0.002 -15"><span class='ocrx_word' id='word_1_864' title='bbox 1861 5596 1969 5663; x_wconf 81' lang='lat'><strong>(81)</strong></span> <span class='ocrx_word' id='word_1_865' title='bbox 1999 5594 2093 5647; x_wconf 68' lang='grc' dir='ltr'><strong>ινδ</strong></span> <span class='ocrx_word' id='word_1_866' title='bbox 2125 5599 2326 5648; x_wconf 80' lang='lat' dir='ltr'><strong>ancien.</strong></span> <span class='ocrx_word' id='word_1_867' title='bbox 2357 5595 2559 5663; x_wconf 77' lang='lat' dir='ltr'><strong>liturg.,</strong></span> <span class='ocrx_word' id='word_1_868' title='bbox 2594 5605 2722 5647; x_wconf 62' lang='lat' dir='ltr'><strong>tom.</strong></span> <span class='ocrx_word' id='word_1_869' title='bbox 2762 5592 2822 5656; x_wconf 91' lang='lat'><strong>&quot;.,</strong></span> <span class='ocrx_word' id='word_1_870' title='bbox 2852 5609 2969 5661; x_wconf 66' lang='lat' dir='ltr'><strong>pag.</strong></span> <span class='ocrx_word' id='word_1_871' title='bbox 3003 5592 3119 5647; x_wconf 82' lang='lat'><strong>597.</strong></span> 
     </span>
    </p>
   </div>
  </div>
