3802 6198
561 185 670 244 425

1346 177 1434 234 ne
1465 157 1856 236 PORTUENSl
1915 170 1969 230 s.
2017 146 2393 229 mPPomt
2432 172 2622 230 suos.
2657 201 2728 214 -
2756 171 2933 229 rans
2963 175 3004 229 ι.

3615 171 3693 244 ιιι

564 319 687 361 mus
713 301 952 360 Joannes
986 299 1331 359 Mabillonius
1366 301 1502 375 (82),
1536 301 1743 373 optimo
1773 299 1830 356 S.
1854 297 2126 354 lnnocen-
2164 299 2211 360 Α
2241 308 2351 366 tur,
2396 297 2577 354 nullus
2607 296 2888 353 dubitandi
2917 297 3065 352 locus
3110 298 3377 367 supererit,
3415 301 3530 370 quin
3547 302 3694 364 iisdem

564 396 624 453 tii
651 395 672 452 l
699 395 1013 453 testimonio
1055 394 1309 451 suﬁultus
1337 436 1352 461 ,
1401 395 1498 465 qui
1539 394 1973 449 coemeteriorum
2013 405 2138 463 pre-

565 490 811 563 sbyteros
840 505 870 544 a
899 489 1210 544 titularibus
1243 504 1340 544 seu
1388 487 1596 543 urbicis
1625 487 1849 542 omnino
1891 486 2139 541 diversos

565 592 802 639 testatur
827 583 880 636 in
918 583 1148 653 epistola
1192 582 1259 636 ad
1292 581 1628 636 Decentium.
1664 579 1976 635 Mabillonio
2009 579 2140 634 sub-

566 676 757 732 scribit
797 675 1202 730 eruditissimus
1244 672 1431 744 Lupus
1480 672 1630 745 (82>),
1681 673 1774 743 qui
1822 672 2137 742 hujusmodi

565 767 825 823 ecclesias
855 768 911 822 in
951 766 1257 838 majoribus
1299 765 1462 820 etiam
1501 765 1818 820 civitatibus
1863 780 1972 818 non
2015 778 2139 834 pre-

565 861 906 933 sbyterorum
931 875 1052 930 0pc,
1073 859 1167 914 sed
1199 859 1368 914 solius
1391 858 1627 930 episcopi
1663 873 1791 913 cura
1829 857 2138 912 moderatas

565 963 814 1010 testatur.
856 973 874 1007 ι
904 951 1095 1009 Plures
1140 951 1331 1022 fuisse,
1370 952 1566 1023 inquit,
1599 951 1858 1007 ecclesias
1885 950 2048 1006 etiam
2083 949 2136 1005 in

567 1047 690 1102 aliis
741 1045 1044 1118 majoribus
1085 1045 1419 1110 civitatibus,
1463 1060 1570 1099 non
1623 1051 1706 1100 est
1752 1042 2135 1099 dubitandum.

571 1137 771 1192 Verum
805 1137 860 1192 in
894 1137 1026 1206 ipsis
1054 1151 1160 1191 non
1186 1137 1510 1208 presbyteri,
1542 1136 1635 1190 sed
1663 1151 1757 1206 per
1800 1136 1983 1191 Varios
2012 1150 2138 1191 suc-

566 1231 771 1286 cessive
799 1230 915 1285 dies
950 1229 1162 1284 videtur
1201 1229 1352 1284 solus
1376 1228 1504 1282 olim
1543 1228 1851 1298 episcopus,
1877 1235 1972 1282 aut
2003 1242 2139 1282 non-

566 1323 671 1378 nisi
699 1323 818 1393 ipso
848 1331 1121 1393 praesente
1155 1337 1220 1377 ac
1249 1321 1474 1391 jubente
1498 1320 1778 1391 presbyter
1799 1319 2070 1374 docuisse.
2112 1337 2131 1368 ι

571 1413 797 1469 Videtur
822 1414 973 1469 solus
1001 1415 1290 1484 episcopus
1320 1413 1533 1469 cunctis
1556 1413 1675 1468 istis
1708 1412 1955 1468 ecclesiis
1985 1413 2138 1468 solus

566 1505 876 1563 immediate
906 1506 1247 1578 praesedisse.
1281 1505 1378 1561 His
1401 1505 1564 1582 igitur
1586 1506 1803 1576 positis,
1833 1505 2134 1561 doctissimi

566 1600 838 1657 Ruinartii
895 1601 1264 1670 conjecturam
1314 1599 1531 1669 penitus
1566 1599 1856 1654 evanuisse
1905 1598 2135 1654 conlidi-

566 1711 728 1762 mus;
764 1711 888 1751 cum
937 1694 1081 1748 enim
1117 1693 1388 1748 maximas
1421 1699 1630 1746 tantum
1667 1691 1831 1746 urbes
1867 1690 1922 1744 in
1949 1689 2134 1760 plures

567 1787 757 1844 titulos
814 1787 1254 1861 presbyterorum
1325 1799 1470 1838 curae
1547 1783 1871 1839 commissos
1932 1780 2135 1837 divisas

566 1880 736 1936 fuisse
765 1887 997 1943 constet,
1028 1877 1268 1932 minores
1318 1891 1448 1931 vero
1484 1889 1648 1930 unam
1693 1883 1899 1929 tantum
1942 1874 2132 1928 titula-

564 1985 703 2038 rem,
739 1980 800 2026 ut
848 1970 922 2024 ita
969 1969 1234 2035 dicamus,
1286 1967 1574 2023 ecclesiam
1631 1967 1823 2038 primis
1875 1966 2134 2024 habuisse

564 2061 902 2132 temporibus
937 2055 1168 2116 doceant
1201 2058 1305 2114 viri
1349 2058 1652 2114 doctissimi
1678 2057 1955 2125 Petavius,
1987 2058 2133 2114 Tho-

565 2155 862 2218 massinus,
892 2151 1099 2222 Lupus,
1130 2160 1184 2206 et
1210 2151 1442 2221 ipsemet
1472 2149 1851 2206 Tillemontius
1881 2149 2014 2221 (84),
2037 2152 2130 2221 qui

566 2243 837 2299 Ruinartii
869 2243 1191 2297 sententiam
1220 2241 1490 2311 probavit,
1517 2241 1639 2311 quis
1665 2257 1902 2311 unquam
1928 2240 2125 2313 Hippo-

565 2337 734 2408 lytum
782 2343 1030 2390 nostrum
1075 2335 1405 2404 praecipuum
1461 2333 1696 2403 aliquem
1748 2333 1803 2386 in
1843 2333 2128 2390 Portuensi

564 2426 807 2484 Ecclesia
831 2427 1047 2481 titulum
1075 2425 1378 2481 obtinuisse
1410 2424 1717 2489 contendet,
1752 2439 1876 2479 cum
1904 2425 2128 2480 unicum

566 2521 790 2588 ibidem,
821 2527 1008 2590 utpote
1047 2518 1103 2572 in
1145 2518 1343 2573 minori
1393 2518 1546 2585 urbe,
1581 2517 1797 2572 titulum
1834 2519 2126 2585 exstitisse,

563 2614 820 2686 primaeva
858 2611 1126 2682 majorum
1179 2619 1492 2666 nostrorum
1537 2609 1824 2681 disciplina
1863 2626 1962 2666 nos
2011 2624 2128 2664 mo-

564 2707 724 2764 neat?

632 2796 876 2854 Sublatis
918 2798 1101 2868 itaque
1141 2805 1222 2851 tot
1248 2797 1523 2868 tantisque
1564 2795 1853 2851 dubiorum
1884 2792 2126 2852 fontibus

561 2884 768 2947 e‘s'sola
789 2891 1089 2947 doctissimi
1119 2889 1390 2944 Ruinartii
1414 2888 1725 2959 conjectura
1755 2887 2122 2955 manantibus,

2243 407 2499 462 magnum
2575 388 2916 461 Hippolytum
2981 387 3322 444 Portuensem
3370 393 3628 464 episcopum
3673 417 3698 456 ι

2239 483 2534 538 Prudentio
2577 482 2919 553 designatum
2963 495 3084 535 cum
3133 481 3525 539 eminentissimo
3562 489 3700 545 Annu-

2240 576 2374 630 lium
2417 576 2698 631 conditore
2739 573 3113 630 decernamus.
3149 571 3276 639 Quis
3311 574 3441 629 enim
3481 576 3526 631 in
3559 582 3702 649 primis

2239 665 2495 723 Ecclesia:
2524 667 2860 738 temporibus
2884 665 3089 736 plebem
3117 665 3386 736 colligebat
3409 667 3704 742 docebatque?

2239 759 2374 826 Quis
2416 773 2516 830 pro
2549 758 2751 813 Chriin
2785 757 3020 813 ﬁdelium
3062 756 3233 826 capite
3258 757 3407 827 vulgo
3436 758 3707 817 habebatur?

2238 850 2375 918 Quis
2408 849 2728 905 venerandis
2760 848 2865 904 illis
2898 846 3127 903 senioris
3155 856 3206 900 et
3236 847 3505 903 sacerdotis
3530 852 3709 907 nomini-

2237 942 2343 997 bus
2402 942 2470 996 ab
2522 941 2918 1012 antiquissimis
2974 939 3324 1009 scriptoribus
3375 947 3430 994 ut
3479 941 3708 1010 plurimum

2239 1032 2532 1102 insignitus
2560 1032 2703 1086 fuit?
2732 1030 3102 1102 Episcopusne
3133 1046 3197 1084 an
3231 1029 3518 1100 presbyter?
3541 1030 3710 1103 Episco-

2236 1140 2369 1197 pum
2401 1140 2532 1180 sane
2561 1122 2919 1178 sanctissimis
2967 1121 3270 1192 hujusmodi
3315 1121 3596 1178 muneribus
3620 1124 3713 1180 lun-

2237 1225 2410 1279 ctum,
2441 1231 2505 1269 ac
2547 1213 2836 1284 praecipuis
2873 1213 3025 1269 hisce
3068 1212 3371 1266 nominibus
3413 1220 3439 1264 a
3484 1213 3715 1282 majoribus

2238 1310 2443 1365 nostris
2474 1308 2668 1378 priscis
2696 1308 2801 1362 illis
2836 1305 3172 1375 temporibus
3205 1303 3536 1374 designatum,
3558 1315 3716 1361 veteres

2239 1409 2507 1458 testantur
2536 1398 2746 1464 Patres,
2777 1412 3011 1469 quorum
3053 1396 3245 1468 placita
3280 1397 3331 1450 in
3373 1411 3520 1450 unum
3545 1399 3716 1454 collecta

2239 1509 2380 1564 saepe
2410 1502 2706 1549 occurrunt
2736 1491 2788 1544 in
2821 1490 3037 1545 eximiis
3064 1503 3373 1558 magnorum
3402 1489 3608 1544 virorum
3635 1490 3717 1560 (85)

2239 1585 2513 1658 operibus,
2557 1585 2758 1655 quibus
2789 1583 2858 1637 ab
2892 1583 3086 1638 insana
3138 1581 3619 1652 presbyterianurum
3655 1598 3719 1652 pe-

2239 1675 2467 1730 tulantia
2499 1673 2868 1744 episcopalem
2899 1671 3238 1742 dignitatem,
3264 1671 3314 1724 in
3343 1671 3463 1740 ipsis
3491 1671 3622 1726 etiam
3641 1671 3720 1726 Lu‘

2237 1769 2475 1823 therana‘.
2533 1765 2824 1836 impietatis
2879 1763 3140 1828 exordiis,
3191 1779 3397 1818 summa
3449 1778 3556 1817 cum
3603 1765 3720 1818 laude

2236 1858 2598 1914 vindicarunt.
2630 1856 2855 1912 Monstri
2887 1855 3033 1910 enim
3060 1854 3238 1910 simile
3261 1863 3418 1921 esset,
3448 1855 3489 1910 si
3518 1851 3556 1906 ll
3574 1855 3723 1926 ppoly-o

2235 1959 2347 2004 tum
2380 1949 2754 2020 presbyterum
2795 1965 2814 1999 ι
2872 1947 3046 2017 plebis
3087 1945 3396 2001 Portuensis
3433 1955 3576 2015 caput
3603 1947 3724 2000 exsti-

2235 2052 2363 2096 tisse
2394 2039 2772 2106 crederemus;
2811 2054 2935 2095 cum
2975 2039 3097 2094 sine
3127 2039 3398 2108 episcopo,
3431 2051 3521 2092 nec
3561 2036 3723 2101 otl‘eire,

2234 2146 2410 2201 neque
2457 2129 2786 2186 sacriﬁcium
2833 2130 3142 2197 immolare,
3193 2145 3364 2200 neque
3409 2129 3584 2183 missas
3622 2129 3725 2182 cele-

2233 2224 2392 2279 brare
2432 2224 2772 2295 presbyteros
2813 2223 3075 2293 potuisse,
3109 2222 3248 2277 miro
3276 2221 3493 2277 doceant
3520 2234 3725 2275 consensu

2230 2318 2599 2373 vetustissima
2628 2315 2848 2371 Patrum
2871 2326 2926 2371 et
2947 2317 3327 2372 Conciliorum
3355 2325 3684 2375 monumenta;
3712 2334 3723 2363 ι

2229 2407 2500 2477 praecipue
2531 2422 2662 2462 vero
2679 2406 2737 2461 S.
2766 2404 3005 2476 lgnatius
3023 2417 3230 2478 martyr
3246 2405 3375 2476 (86),
3397 2406 3480 2474 qui
3505 2404 3654 2458 divino
3668 2401 3726 2456 af-

2229 2496 2388 2552 ﬂatus
2409 2497 2614 2568 Spiritu
2647 2499 2845 2569 ubique
2869 2500 3047 2555 ﬁdeles
3062 2509 3266 2565 monet,
3292 2516 3310 2550 ι
3331 2515 3394 2554 ne
3417 2498 3522 2553 sine
3535 2498 3728 2567 episcupJ

2232 2591 2438 2660 aliquid
2465 2590 2690 2655 faciant,
2715 2593 2807 2647 sed
2839 2593 2991 2647 illum
3026 2601 3332 2662 sequantur
3361 2602 3418 2646 ut
3439 2600 3633 2662 patrem.
3663 2607 3676 2637 ι

2299 2682 2369 2736 At
2426 2683 2569 2738 dicet
2619 2683 2820 2754 aliquis
2875 2684 3230 2755 presbyteros
3274 2683 3473 2754 plebem
3517 2681 3732 2761 docuisse,

2229 2775 2438 2846 plebem
2464 2775 2764 2846 collegisse,
2788 2786 2840 2830 et
2867 2775 3161 2830 sacerdotis
3198 2780 3252 2829 et
3291 2775 3498 2830 senioris
3515 2773 3647 2828 etiam
3661 2786 3732 2825 no-

2228 2867 2470 2923 minibus
2499 2867 2605 2923 hoc
2637 2884 2752 2923 aevo
2782 2866 2951 2924 fuisse
2983 2869 3256 2924 interdum
3286 2868 3591 2938 designatos.
3613 2863 3730 2918 Fate-

565 2982 643 3039 nil
678 2983 841 3039 nobis
870 2997 1159 3052 superesse
1202 2957 1557 3044 arbitramur,
1591 2980 1885 3050 quominus
1927 2977 2127 3050 Hippo-
2155 3007 2198 3065 ο
2231 2977 2356 3015 πλυτ
2377 2962 2490 3016 hac
2514 2963 2699 3065 ξπηηίξλ
2721 2961 2939 3017 licuisse
2958 2962 3122 3065 e‘tiflf“
3149 2962 3492 3064 Ρτθδδϊιθΐίες
3516 2957 3732 3060 Ρθτηιῖξδυ

564 3075 732 3148 lytum
762 3076 914 3130 illum
953 3074 1330 3140 Portuensem,
1359 3088 1520 3143 quem
1558 3071 1888 3128 Prudentius
1915 3073 2131 3142 elegan-

562 3167 781 3224 tissimo
803 3167 1044 3222 laudavit
1073 3164 1336 3230 carmine,
1368 3180 1477 3220 non
1511 3166 1657 3222 illius
1679 3167 1832 3223 urbis
1853 3168 2128 3223 titularem

563 3261 965 3334 presbyterum,
993 3258 1086 3314 sed
1132 3258 1446 3328 episcopum
1492 3259 1769 3314 exstitisse
1821 3260 2124 3315 credamus.

565 3352 634 3409 Et
661 3369 791 3410 sane
813 3351 1132 3422 pientissimi
1161 3358 1334 3421 poeta:
1363 3350 1626 3417 carmina,
1657 3361 1717 3405 ut
1739 3351 1852 3422 jam
1883 3353 2129 3408 animad-

564 3446 726 3501 vertit
751 3443 1042 3512 Baronius,
1077 3443 1440 3514 episcopalem
1495 3440 1768 3515 Hippolyti
1809 3443 2126 3516 dignitatem

565 3538 818 3611 graphice
848 3537 1008 3594 nobis
1039 3537 1109 3593 ob
1134 3537 1325 3593 oculos
1357 3545 1566 3606 ponunt
1597 3555 1610 3592 :

639 3654 775 3710 Cum
792 3655 910 3724 jam
953 3668 1140 3708 vesano
1184 3653 1349 3707 uictor
1389 3661 1659 3722 raperetur
1699 3655 1762 3707 ab
1802 3653 1948 3709 hoste

706 3723 1023 3780 Exsultante
1047 3725 1248 3789 anima,
1275 3726 1440 3778 victor
1467 3723 1536 3776 ad
1570 3725 1789 3777 exitium

635 3796 815 3852 Plebis
842 3813 1018 3849 amore
1046 3811 1156 3849 sua:
1189 3794 1365 3847 multis
1393 3795 1764 3848 comitantibus
1801 3794 1914 3849 ibat

706 3865 1010 3934 Consultus,
1033 3881 1272 3936 quamam
1297 3874 1440 3919 secta
1465 3864 1598 3933 [oret
1633 3865 1834 3919 melior.

563 3982 632 4039 Et
659 3983 912 4053 deinceps
942 3997 956 4035 :

637 4097 765 4153 Haec
787 4093 1123 4168 persultanti,
1155 4093 1350 4168 celsum
1377 4094 1702 4168 subitarium
1751 4093 1983 4148 tribunal

709 4164 946 4237 Olfertur
977 4167 1151 4237 senior
1186 4164 1402 4237 nexibus
1431 4165 1736 4237 imp’icitus.

637 4233 833 4306 Stipati
862 4239 1059 4306 circum
1082 4235 1294 4306 juvenes
1325 4233 1554 4288 clamore
1574 4234 1884 4306 fremebant,

703 4304 883 4378 Ipsum
917 4304 1244 4361 Christicolis
1273 4321 1382 4360 esse
1403 4315 1557 4375 caput
1584 4304 1813 4376 populis.

563 4430 690 4487 Hinc
714 4430 933 4501 quidem
973 4426 1254 4484 Prudentii
1295 4427 1482 4493 verba,
1513 4427 1558 4482 si
1603 4442 1727 4481 cum
1773 4426 1995 4498 antiqua
2031 4427 2123 4484 illa

561 4523 784 4579 Patrum
828 4530 1139 4577 nostrorum
1190 4520 1477 4591 disciplina
1509 4533 1796 4590 parumper
1837 4519 2124 4576 conferan-

635 4657 1154 4730 (82)_Comme_ntar.
1203 4658 1263 4730 in,
1295 4655 1545 4730 Ordinem
1601 4655 1910 4724 Romanum,
1967 4673 2016 4712 c.
2065 4658 2118 4722 5,

563 4726 803 4803 Myrtili,
832 4737 964 4803 tom.
995 4727 1040 4781 ll
1076 4726 1265 4781 Musaei
1289 4729 1490 4803 Italici.

634 4798 746 4874 (85)
776 4800 843 4874 in
889 4799 1106 4854 dissert.
1152 4800 1474 4867 prommiali,
1516 4813 1634 4867 cap.
1669 4798 1723 4865 6,
1757 4813 1878 4870 pag.
1909 4799 1979 4856 5%
2025 4800 2114 4855 cii,

562 4868 694 4929 tom.
723 4868 741 4926 l
766 4868 1023 4940 Operum.

631 4937 960 5014 (84):“):11.
1019 4938 1089 5014 Χ,
1140 4940 1202 5014 in
1239 4937 1420 5014 _Saint
1475 4939 1755 5014 inuocem,
1815 4957 1936 5014 pag.
1993 4940 2115 5003 665.

561 5008 832 5076 διίὶοζη,
886 5009 971 5064 Du
1019 5010 1189 5064 leuain
1215 5008 1512 5079 dontparle
1545 5008 1930 5073 Ιηηοεεηιξιιῦί
1976 5023 2119 5066 recte

561 5097 868 5139 sermonem
921 5081 1080 5136 habet
1121 5081 1189 5136 de
1237 5081 1501 5136 fermento
1550 5082 1638 5135 die
1689 5080 1970 5134 Dominico
2022 5097 2117 5150 per

559 5155 798 5225 acolytos
843 5150 988 5225 mitti
1029 5151 1213 5225 solito,
1243 5150 1853 5225 deoquo_lnnocentium
1877 5151 2120 5225 pontiﬁo

560 5219 1070 5293 cem'interrogabat
1118 5219 1404 5278 Decentius
1433 5219 1762 5293 :Eugubinus
1807 5219 2114 5293 episcopus.

629 5294 742 5365 (εξ)
778 5291 891 5365 Hoc
915 5290 1300 5365 argumentum
1335 5290 1562 5365 miriﬁce
1587 5300 1884 5365 tractarunt
1911 5290 2116 5365 Reper-

558 5362 648 5419 tus
689 5362 1045 5418 Bellarminus
1089 5363 1166 5418 De
1207 5363 1568 5417 controversiis
1612 5362 1926 5417 Christiania
1969 5362 2114 5431 ﬁdei.

557 5433 796 5505 Operam
843 5442 974 5488 tom.
1009 5433 1069 5500 Il,
1107 5437 1198 5488 lib.
1236 5451 1274 5502 ι,
1303 5449 1423 5503 cap.
1464 5433 1609 5505 M_et
1644 5449 1820 5505 seqq.,
1865 5449 1986 5505 pag.
2015 5433 2107 5505 151

558 5502 692 5559 edit.
718 5503 934 5559 Venetae
965 5521 1052 5560 an.
1085 5506 1242 5560 17%|.
1281 5502 1506 5560 Videndi
1536 5502 1736 5558 Thom.
1756 5503 1891 5558 Mor.
1924 5502 1976 5557 in
2010 5503 2116 5556 Lu-

563 5573 692 5627 ther.
748 5588 871 5643 pag.
924 5575 1061 5642 “4;
1111 5575 1347 5630 Joannes
1399 5577 1550 5630 card.
1607 5574 1844 5630 Roll'ens.
1903 5573 2110 5644 liefens.

559 5644 841 5711 sacerdot.,
879 5660 1154 5716 congress.
1202 5648 1252 5711 1,
1288 5661 1343 5716 p.
1389 5646 1554 5712 1254;
1592 5647 1843 5703 Albertus
1886 5644 2113 5717 Pighius

2232 3061 2411 3108 tamen
2443 3053 2706 3123 episcopi,
2741 3068 2902 3123 quem
2947 3053 3120 3122 plebis
3167 3055 3270 3108 sibi
3298 3053 3584 3109 commissae
3614 3050 3734 3120 prin-

2230 3145 2401 3214 cipem
2451 3160 2516 3199 ac
2561 3145 2955 3200 moderatorem
2985 3144 3244 3200 Christus
3279 3143 3531 3200 Dominus
3574 3141 3737 3196 consti-

2230 3239 2352 3292 tuit.
2383 3237 2641 3292 Fatemur
2662 3239 2882 3292 senioris
2916 3245 2970 3293 et
2995 3238 3290 3292 sacerdotis
3323 3237 3534 3291 nomina
3554 3234 3644 3289 illis
3661 3233 3740 3287 hoc

2229 3344 2343 3383 aevo
2371 3329 2703 3400 quandoque
2732 3331 2956 3394 tributa,
2987 3329 3446 3402 quemadmodum
3490 3336 3538 3384 et
3573 3339 3737 3396 prmi

2239 3421 2332 3475 siti
2355 3437 2552 3476 nomen
2585 3422 2716 3492 ipsis
2742 3422 3033 3493 episcopis,
3063 3422 3132 3476 ab
3156 3422 3397 3493 antiquis
3425 3435 3540 3478 cum
3560 3417 3739 3478 Graecis,

2229 3521 2342 3567 tum
2397 3511 2605 3570 Latinis
2651 3513 2907 3570 Patribus
2957 3529 3065 3568 non
3101 3515 3274 3570 semel
3316 3513 3572 3585 impertita
3609 3509 3740 3563 fuisse

2227 3615 2440 3661 constat
2485 3605 2646 3677 (86°).
2677 3605 2788 3661 Nec
2825 3606 3034 3662 inﬁcias
3063 3607 3208 3663 imus
3255 3607 3579 3678 presbyteros
3613 3601 3739 3656 etiam

2227 3699 2438 3768 publice
2461 3699 2672 3769 plebem
2697 3699 2969 3766 docuisse,
2999 3701 3090 3755 sed
3113 3701 3486 3756 consentiente
3508 3697 3739 3769 episcopo.

2226 3794 2337 3848 imo
2363 3801 2418 3848 et
2442 3793 2611 3848 laicos
2633 3808 2869 3863 quoque,
2899 3791 2993 3862 qui
3024 3791 3092 3846 ab
3120 3793 3227 3848 hoc
3263 3801 3511 3849 arcentur
3537 3799 3741 3847 munere,

2223 3883 2413 3939 eodem
2471 3883 2797 3954 quandoque
2843 3882 3078 3950 functos,
3135 3892 3383 3940 veterum
3440 3886 3743 3938 monumenta

2226 3983 2516 4041 testantur;
2549 3976 2691 4044 quod
2719 3984 2895 4029 tamen
2933 3976 3356 4044 reprehensione
3386 3989 3489 4030 non
3519 3973 3742 4031 caruisse.

2129 4139 2131 4143 ι
2225 4068 2293 4122 iis
2324 4076 2511 4122 notum
2539 4077 2642 4132 est,
2671 4067 2763 4137 qui
2804 4065 3054 4140 Origenis
3085 4083 3173 4123 res
3205 4077 3389 4139 gestas
3429 4067 3617 4138 optime
3653 4060 3743 4117 cal-

2225 4159 2334 4212 lent
2357 4158 2491 4224 (87).
2515 4156 2822 4229 Presbyteri
2849 4159 3012 4229 igitur
3040 4173 3197 4215 sacra
3226 4157 3533 4230 hujusmodi
3555 4167 3745 4212 munera

2224 4250 2490 4320 permissu
2525 4265 2737 4320 semper
2764 4250 3003 4321 episcopi
3047 4260 3176 4307 tunc
3226 4251 3483 4322 temporis
3523 4260 3747 4316 exseque—

2157 4354 2202 4414 υ
2230 4341 2444 4407 bantur,
2472 4349 2526 4395 et
2552 4340 2765 4409 quidem
2807 4356 2913 4394 non
2965 4341 3277 4409 promiscue
3312 4353 3530 4403 omnes;
3563 4349 3672 4391 nam
3695 4347 3748 4386 ex

2226 4435 2358 4504 ipsis
2386 4434 2688 4504 praecipuos
2703 4433 2771 4488 ab
2797 4434 3070 4504 episcopis
3098 4443 3306 4488 tantum
3353 4432 3576 4489 selectos
3604 4443 3664 4482 an
3686 4439 3750 4478 m-

2223 4525 2572 4588 advertimus,
2616 4539 2754 4596 quos
2823 4525 2893 4579 ab
2955 4525 3196 4594 injuncto
3260 4523 3486 4580 docendi
3537 4532 3750 4582 munere,

2226 4659 2425 4731 Eccles.
2455 4662 2715 4715 hierarch.
2768 4660 2863 4716 lib.
2901 4676 2982 4725 nt,
3012 4676 3134 4731 cap.
3167 4662 3272 4723 lt):
3310 4661 3607 4731 Stanislaus
3625 4657 3750 4713 card.

2223 4729 2423 4786 Hosius
2449 4733 2500 4785 in
2534 4731 2749 4786 Judicio
2770 4742 2819 4785 et
2846 4748 3064 4786 censura
3082 4729 3159 4785 'de
3191 4733 3466 4786 adoranda
3499 4730 3750 4786 Trinitate,

2221 4818 2276 4872 p.
2306 4802 2406 4857 156
2438 4803 2566 4857 edit.
2596 4801 2902 4871 Antuerpiaa
2920 4803 3046 4856 anni
3072 4803 3234 4868 1671;
3262 4803 3532 4864 Petavius,
3552 4800 3749 4854 Dissert.

2221 4873 2413 4928 eccles.
2443 4872 2534 4927 lib.
2564 4873 2614 4938 1,
2639 4888 2758 4943 cap.
2801 4888 2814 4926 ι
2845 4882 2899 4928 et
2933 4888 3118 4942 seqq.;
3151 4873 3421 4928 Baronius
3460 4873 3524 4926 ad
3572 4883 3750 4924 annum

2221 4943 2310 5006 58,
2333 4942 2504 5014 $5,}
2525 4952 2579 5014 et
2613 4942 2741 5013 seqq

2295 5011 2407 5084 (tibi)
2439 5011 2703 5084 Ianpist.
2728 5011 2803 5084 ad,
2832 5013 3156 5084 Trallianos,
3194 5011 3436 5084 unum},

2289 5078 2426 5153 (86‘)
2462 5081 2553 5138 Sic
2574 5078 2719 5152 apud
2767 5083 3060 5140 Eusebium
3120 5083 3290 5153 lib.rv
3337 5078 3483 5136 Hist:
3528 5078 3751 5153 ecclesia—

2219 5149 2386 5213 sticae.
2407 5149 2548 5224 'cap.
2574 5149 2667 5219 21,
2695 5169 2818 5223 pag.
2848 5155 2974 5216 218,
3021 5155 3182 5208 etiam
3214 5152 3444 5208 Romani
3492 5149 3753 5224 pontiﬁces

2219 5219 2513 5293 presbyteri
2542 5219 2911 5280 nominantur.
2931 5224 3349 5293 Prtepositorum
3371 5219 3586 5277 nomine
3607 5219 3752 5293 etiam

2217 5287 2503 5366 episcopos
2531 5294 2779 5366 intelligit
2803 5294 2860 5366 Si.
2883 5287 3188 5366 Cyprianus
3208 5294 3496 5366 epistJS,
3522 5307 3636 5366 pag.
3662 5287 3749 5341 190

2215 5361 2344 5418 edit.
2377 5361 2550 5419 citatas
2577 5361 2976 5419 Amstelodami'
2998 5367 3123 5420 anni
3166 5361 3323 5419 1700.
3356 5361 3492 5419 Vide
3522 5361 3752 5425 Ducange

2214 5435 2381 5505 verbo
2429 5435 2738 5505 Presbyter,
2773 5444 2826 5489 et
2871 5436 3042 5491 Macri
3087 5435 3142 5491 in
3193 5434 3561 5500 l‘lierolexico,
3607 5428 3754 5484 verbo

2215 5503 2496 5576 Presbyter
2525 5516 2578 5560 et
2595 5503 2808 5561 Senior.

2286 5571 2523 5648 (87)o_l)e
2566 5577 2816 5648 0_rigenis
2865 5577 3029 5648 gestis
3074 5576 3330 5648 legendus
3371 5572 3753 5648 Tillemontius,

2214 5653 2347 5703 tom.
2381 5643 2467 5702 ΙΙΙ.
2503 5648 2552 5703 in
2588 5643 2827 5718 Origene,
2857 5643 2904 5704 ἐι
2939 5643 3257 5718 praesertim,
3287 5663 3404 5719 pag.
3447 5645 3572 5701 5‘23.

2749 4984 2788 5006 .,
2822 4943 3014 4997 Annal.
3049 4953 3178 4998 tom.
3209 4945 3247 5008 Ι,
3272 4959 3395 5014 pag.
3421 4943 3516 4997 491
3537 4949 3588 4995 et
3617 4953 3748 5007 seqq.

2749 5013 2795 5068 id
2832 5013 3156 5077 Trallianos,
3194 5029 3343 5068 num.
3380 5014 3436 5076 4,
3466 5028 3517 5082 p.
3547 5009 3630 5082 64.
3688 5078 3698 5082 _
