3802 6198
170 356 277 409 425

938 356 1022 409 DE
1058 356 1443 413 PORTUENSI
1484 359 1539 412 S.
1584 358 1942 415 lliPPOLYTl
1984 360 2173 415 SEDE.
2216 392 2283 400 —
2323 359 2502 417 PARS
2536 360 2577 416 ῐ.

3276 356 3377 420 ἰςὲϐ

182 480 403 548 majores
425 479 591 532 nostri
618 478 969 542 διδασκάλους
993 494 1088 533 seu
1117 480 1366 535 doctores
1392 481 1573 536 dixere
1597 482 1728 552 (88).
1762 490 1805 543 Α
1834 498 1995 553 gnere
2020 484 2221 546 liceret,
2256 482 2596 555 Hippolytum
2627 492 2871 539 nostrum
2923 486 3109 541 eodem
3134 484 3255 556 jure
3278 506 3382 555 quo

184 572 313 627 Cum
362 572 541 640 itaque
588 572 856 638 delegato,
913 582 969 625 ut
1016 572 1089 625 ita
1130 572 1395 638 dicamus,
1426 574 1544 642 jure
1593 575 1724 639 hinc,

180 682 289 731 qua:
309 680 430 716 mox
459 664 827 727 narravimus,
853 679 1076 718 munera
1103 664 1291 734 primis
1321 666 1572 722 Ecclesite
1594 677 1726 722 tem—

173 755 383 825 poribus
414 755 755 809 obtinuerint
788 756 1113 826 presbyteri,
1153 758 1275 826 quis
1322 775 1558 828 unquam
1603 759 1727 830 Hip-

164 846 399 915 polytum
462 845 877 915 presbyterum,
942 862 1101 915 quem
1162 849 1419 917 populum
1476 850 1726 906 docuisse

160 938 283 991 dicit
311 935 671 1007 Prudentius,
697 936 1012 992 Portuensis
1051 939 1224 1008 plebis
1265 950 1426 1011 caput
1453 944 1725 999 exstitisse

161 1029 448 1084 contendet
468 1028 492 1080 ?

225 1119 426 1174 Verum
462 1120 663 1188 aliquis
720 1120 1053 1177 existimabit
1086 1122 1430 1195 Hippolytum
1477 1136 1721 1182 nostrum

158 1228 259 1265 non
284 1228 351 1266 ea
387 1223 572 1267 mente
608 1212 856 1280 specioso
885 1216 1067 1282 capitis
1096 1215 1256 1284 plebis
1284 1217 1501 1272 nomine
1530 1233 1558 1271 a
1586 1217 1723 1273 Pru-

157 1304 341 1358 dentio
377 1304 670 1370 donatum,
712 1310 769 1356 ut
802 1304 1062 1360 indicaret
1110 1308 1285 1375 ipsum
1320 1308 1401 1362 vel
1427 1309 1719 1374 titularem,

158 1401 237 1453 vel
274 1399 587 1469 simplicem
632 1402 685 1455 in
732 1399 1017 1455 Portuensi
1050 1400 1288 1456 Ecclesia
1347 1404 1719 1475 presbyterum

164 1493 350 1554 fuisse.
384 1493 484 1547 sed
519 1502 579 1546 ut
610 1492 780 1556 illum,
810 1502 994 1561 utpote
1044 1492 1097 1546 in
1132 1493 1330 1548 minori
1366 1495 1498 1549 urbe
1519 1496 1719 1566 degen-

162 1596 281 1649 tem,
338 1599 467 1653 quae
519 1583 710 1653 primis
758 1583 1015 1639 Ecclesia:
1075 1585 1409 1654 temporibus
1457 1586 1714 1656 episc0po

165 1677 342 1731 forsan
379 1691 575 1730 carere
597 1675 793 1745 potuit,
826 1684 1087 1745 potestate
1113 1676 1213 1731 sibi
1237 1676 1377 1732 facta
1412 1694 1442 1731 a
1473 1676 1719 1733 Romano

164 1764 430 1834 pontiﬁce,
468 1762 825 1818 Portuensem
857 1763 1156 1820 Ecclesiam
1202 1767 1438 1836 episcopi
1486 1768 1603 1822 loco
1631 1770 1720 1822 ad-

1828 574 2124 644 prcsbyteri
2186 575 2259 629 illi
2317 591 2446 630 suas
2497 587 2625 631 tunc
2666 578 2921 645 temporis
2969 579 3383 635 inoderabantur

1828 666 2120 729 Eeclesias,
2155 664 2440 722 Portuensi
2476 668 2775 738 prtefuisse,
2801 670 2882 723 vel
2912 668 3094 725 forsan
3128 682 3186 725 ut
3217 673 3383 728 cher--

1824 760 2159 829 episc0pum.
2206 776 2364 828 quem
2396 762 2448 814 in
2480 763 2659 829 parvis
2690 761 3022 825 civitatibus,
3046 765 3197 833 pagis
3219 765 3379 818 etiam

1825 863 1879 906 et
1909 851 2041 906 vicis
2071 851 2326 906 constitui
2375 852 2595 906 solitum
2654 852 2821 910 fuisse
2866 863 3074 909 veteres
3126 854 3379 911 Ecclesiae

1824 958 2062 999 canones
2089 952 2377 1009 testantur,
2409 944 2654 1000 eamdem
2683 944 3034 1001 Portuensem
3080 945 3375 1003 Ecclesiam

1824 1036 2251 1092 administrasse.
2289 1034 2383 1090 His
2412 1036 2676 1107 siquidem
2724 1038 2933 1105 positis,
2965 1048 3018 1092 et
3060 1038 3382 1095 Prudentius

1822 1126 1890 1180 ab
1922 1125 2069 1181 omni
2118 1124 2459 1179 confusionis
2511 1134 2637 1180 nota
2687 1134 2830 1179 esset
2886 1126 3163 1191 immunis,
3198 1128 3379 1203 et‘do-

1790 1216 2047 1272 ’ctissimi
2082 1214 2355 1271 Ruinartii
2391 1216 2701 1285 conjectura
2731 1226 2875 1271 sarta
2916 1226 3159 1287 tectaque
3196 1232 3382 1273 mane-

1822 1316 1924 1362 ret.
1958 1306 2281 1377 llujusmodi
2318 1316 2495 1361 tamen
2550 1306 2881 1376 argumentis
2908 1316 3059 1362 tanta
3117 1306 3255 1362 haud
3297 1310 3377 1363 vis

1821 1398 1983 1462 inest,
2018 1405 2079 1452 ut
2120 1396 2374 1459 facillime
2429 1397 2675 1451 euervari
2732 1412 2835 1449 non
2895 1397 3087 1466 possit.
3147 1398 3374 1455 Omissis

1819 1488 1966 1544 enim
1993 1489 2061 1543 iis
2102 1504 2222 1558 qua:
2246 1487 2313 1543 de
2344 1488 2655 1557 liujusmodi
2680 1489 3114 1560 presbyterorum
3144 1499 3196 1544 et
3216 1492 3371 1546 clior-

1818 1580 2195 1649 episcopmum
2243 1580 2367 1648 jure
2402 1580 2596 1633 acriter
2626 1579 2762 1633 inter
2803 1596 2861 1635 se
2902 1581 3245 1649 disputarunt
3276 1582 3374 1637 do-

1819 1672 1893 1728 cti
1926 1672 2025 1725 viri
2046 1670 2297 1725 Petavius
2332 1672 2465 1741 (91),
2510 1670 2904 1726 Thomassinus
2940 1670 3072 1741 (9‘3),
3109 1673 3372 1728 Christia-

1821 1777 1923 1817 nus
1951 1761 2135 1831 Lupus
2168 1761 2302 1831 (95),
2339 1760 2663 1831 Beveregius
2696 1762 2827 1833 (94),
2873 1763 3195 1832 canorique;
3239 1763 3367 1818 illud

163 1829 499 1909 ministrasse
532 1854 882 1923 signiﬁcaret.
928 1856 1079 1922 Quod
1105 1829 1321 1927 egregio
1345 1829 1402 1911 S.
1434 1859 1715 1929 Epiplianii
1748 1829 1790 1884 Β
1819 1829 2096 1907 monuisse
2126 1829 2378 1914 sufﬁciat.
2411 1829 2565 1907 haud—
2588 1829 2857 1908 immerito
2894 1854 2950 1907 in
3004 1829 3227 1908 dubium
3272 1872 3370 1910 vo-

160 1946 465 2000 testimonio
498 1946 703 2000 ﬁrmari
749 1956 949 2016 posset,
986 1949 1079 2017 qui
1108 1958 1296 2002 contra
1328 1949 1559 2005 Ariauos
1582 1952 1715 2006 scri-

160 2038 281 2092 bens
306 2036 857 2109 Presbyterianorum
887 2042 1057 2094 nostri
1087 2041 1183 2095 aevi
1215 2051 1425 2106 atavos,
1464 2058 1570 2096 non
1598 2058 1716 2096 om-

154 2130 304 2184 nibus
336 2131 577 2184 urbibus
606 2131 660 2183 in
688 2132 775 2184 illa
812 2131 1111 2201 primorum
1154 2146 1455 2203 temporum
1489 2134 1714 2204 penuria

149 2224 437 2291 episcopos
465 2223 629 2279 datos
674 2224 843 2279 fuisse
892 2234 1095 2289 monet,
1145 2226 1238 2280 sed
1288 2227 1628 2297 presbyteros
1658 2227 1714 2281 in

152 2317 329 2370 iisdem
366 2318 756 2387 episcoporum
809 2321 924 2375 vice
952 2319 1224 2373 suffectos.
1277 2320 1335 2373 In
1384 2320 1506 2375 aliis
1564 2336 1711 2388 vero,

146 2424 261 2461 cum
291 2419 531 2462 econtra
558 2412 805 2465 deessent
841 2412 1154 2481 presbyteri,
1189 2412 1339 2466 solus
1377 2412 1477 2466 fuit
1509 2414 1715 2469 consti-

147 2508 287 2551 tutus
348 2499 667 2569 episcopus,
719 2501 834 2571 qui,
888 2502 1228 2557 ministrante
1254 2503 1502 2566 diacono,
1561 2504 1713 2559 Chri-

145 2592 333 2644 stiana:
367 2591 519 2659 plebi
546 2602 801 2661 pra-esset
852 2592 985 2663 (89).
1024 2593 1118 2650 His
1144 2596 1306 2649 etiam
1336 2594 1459 2649 addi
1494 2608 1713 2666 possent

142 2686 429 2739 notissima
488 2686 580 2740 illa
643 2686 700 2740 S.
760 2687 1041 2743 Athanasii
1097 2689 1403 2744 testimonia
1459 2692 1525 2745 de
1563 2691 1712 2760 pagis

137 2776 482 2843 llareotidis,
518 2779 633 2847 qui,
669 2795 794 2834 cum
857 2780 1031 2835 nullos
1085 2781 1347 2835 baberent
1406 2782 1709 2851 episcopos,

138 2869 251 2923 sola
278 2871 735 2939 presbyterorum
768 2885 868 2939 ope
894 2871 1236 2940 regebantur,
1263 2872 1459 2941 quibus
1482 2872 1712 2927 Alexan-

139 2962 329 3017 drinus
362 2962 673 3033 imperabat
724 2962 1011 3032 episcopus
1064 2963 1196 3033 (90).
1233 2963 1369 3019 Hinc
1415 2964 1574 3020 nobis
1624 2980 1712 3019 ar-

207 3138 321 3223 (89)
358 3136 445 3223 ῦς.
498 3139 825 3223 presbyteris
876 3138 1217 3223 doctoribus,
1272 3141 1381 3223 qui_
1415 3142 1711 3211 saepissime
1738 3166 1778 3223 ο

143 3208 277 3277 apud
304 3199 598 3275 'antiqitos
625 3199 807 3263 Patres
845 3218 1157 3269 occurrunt,
1198 3199 1415 3275 legenda
1456 3199 1598 3266 certe
1626 3225 1710 3268 est

140 3278 460 3350 dissertatio
493 3278 525 3331 6
550 3278 872 3350 Cyprianica
910 3278 1123 3350 Henriei
1154 3277 1429 3346 Dodwelli,
1463 3298 1584 3350 pag.
1611 3284 1702 3349 54,

143 3349 228 3403 ubi
254 3350 430 3401 multa
493 3348 801 3415 hujusmodi
846 3349 1099 3403 dictionis
1144 3350 1391 3417 exempla
1426 3348 1708 3406 inve—niui]?-

141 3428 223 3471 tur
248 3438 262 3480 ;
295 3420 590 3471 adeundus
613 3427 693 3471 est
716 3419 875 3471 etiam
905 3418 1213 3472 llolstenius
1240 3421 1292 3470 in
1324 3421 1466 3474 notis
1484 3422 1548 3475 ad
1576 3425 1705 3477 Acta

144 3487 241 3541 SS.
275 3488 566 3554 Perpetua:
597 3498 649 3541 et
671 3487 988 3549 Felicitatis,
1022 3502 1145 3557 pag.
1200 3487 1301 3541 149
1343 3492 1472 3545 edit.
1525 3490 1708 3545 [tenue

139 3560 263 3611 anni
296 3558 465 3621 1665,
499 3559 588 3610 ubi
624 3558 736 3628 agit
760 3557 823 3611 de
852 3557 1080 3625 Aspasio
1124 3558 1435 3627 presbytero
1461 3561 1704 3628 doctore,

138 3631 293 3697 cujus
324 3634 377 3679 in
418 3626 692 3696 przedictis
714 3626 862 3681 Actis
887 3626 1217 3697 tneutioest.

205 3696 323 3763 (89)
351 3698 410 3749 S.
450 3696 782 3765 Epiphanius
806 3697 897 3750 lib.
931 3713 991 3750 ιιι
1025 3696 1286 3749 Adversus
1317 3698 1556 3763 hereses,
1588 3700 1703 3755 bte-

141 3771 243 3822 resi
283 3768 373 3825 77.
411 3783 569 3819 num.
594 3767 648 3831 5,
683 3781 801 3835 pag.
826 3767 950 3828 908,
982 3765 1143 3834 Oper.
1196 3776 1325 3820 tom.
1380 3770 1393 3821 l
1450 3771 1577 3823 edit.
1603 3770 1705 3825 Pa-

142 3840 234 3891 ris.
260 3836 402 3890 1629.
422 3835 659 3901 :«Quare
675 3836 762 3888 ubi
783 3837 1016 3889 nondum
1038 3837 1381 3904 episcopatus
1402 3838 1595 3907 dignus
1610 3842 1707 3893 ali-

142 3911 258 3977 quis
277 3918 620 3977 occurrerat,
643 3906 823 3977 nullus
846 3906 893 3960 ei
925 3906 1043 3959 loco
1064 3907 1383 3977 praepositus
1401 3906 1706 3977 estepiseo-

143 3976 257 4045 pus.
277 3979 347 4030 At
370 3976 467 4030 ubi
494 3986 549 4047 et
577 3976 867 4030 necessitas
896 3976 1222 4047 postulabat,
1246 3992 1343 4031 nec
1372 3976 1581 4042 eorum,
1613 3983 1702 4047 qui

140 4052 459 4118 episc0patu
485 4046 633 4118 digni
682 4055 866 4118 erant,
905 4048 1059 4115 capia
1110 4046 1314 4118 deerat,
1348 4048 1419 4100 ibi
1444 4046 1701 4118 episcopi

140 4117 447 4169 constituti.
484 4117 555 4169 At
578 4131 701 4169 cum
732 4115 868 4167 haud
899 4130 1092 4184 magna
1118 4116 1406 4170 multitudo
1434 4115 1589 4179 foret,
1620 4115 1705 4174 re-

142 4189 301 4253 periri
336 4186 477 4239 nulli
508 4194 827 4253 potuerunt,
870 4186 963 4254 qui
1006 4187 1303 4254 presbyteri
1344 4199 1700 4243 crearentur:

143 4259 278 4309 unde
309 4258 434 4309 solo
475 4257 732 4323 episeopo
759 4255 993 4308 contenti
1030 4256 1265 4309 fuerunt.
1293 4276 1311 4308 ι

207 4328 318 4397 (90)
385 4327 643 4397 Αρυιοθίρ
676 4335 857 4397 contrq
905 4325 1166 4397 Arianae,
1206 4341 1358 4397 num.
1409 4327 1496 4397 17,
1529 4325 1691 4397 Oper.

144 4406 266 4449 teut.
296 4393 337 4459 1,
367 4412 496 4465 pag.
542 4394 641 4448 157
677 4395 803 4447 edit.
840 4393 1012 4448 Paris.
1043 4395 1175 4465 anni
1209 4393 1703 4461 1698::Quod'au-

145 4475 242 4519 tem
277 4464 396 4521 haec
432 4482 542 4519 non
567 4480 711 4518 mera
744 4466 904 4519 verba
936 4467 1063 4526 sint,
1089 4464 1181 4534 sed
1209 4479 1293 4517 res
1316 4477 1497 4534 gestae,
1538 4477 1699 4522 testes

145 4547 264 4607 sunt
305 4551 510 4591 omnes
562 4534 815 4588 Marcone
863 4514 1180 4607 presbyteri,
1228 4514 1346 4607 qui0
1379 4514 1696 4607 episcOpum
1733 4514 1775 4571 θ

146 4606 569 4659 circumeuntem
589 4619 801 4671 semper
816 4604 1164 4657 comitantur.
1196 4622 1213 4653 ι
1232 4603 1296 4657 Et
1322 4603 1472 4659 nutu.
1493 4603 1585 4669 98,
1607 4623 1700 4661 ea-

147 4678 252 4729 dem
284 4676 571 4745 Apologia,
602 4689 723 4745 pag.
756 4673 936 4745 1.177;}
961 4674 1097 4727 Cum
1150 4674 1493 4729 advenissent
1523 4688 1701 4735 autem

148 4748 433 4816 presbyteri
464 4743 793 4816 'Marcotici,
830 4743 1165 4816 allirmarunt
1210 4760 1382 4812 neque
1427 4746 1701 4816 lseliyram

148 4806 249 4869 esse
290 4806 589 4871 catholica:
655 4810 909 4883 Ecclesia:
940 4806 1335 4883 presbyterum,
1373 4806 1565 4883 neque.
1599 4817 1704 4870 tale

150 4884 349 4939 facinus
382 4896 732 4955 perpetrasse
792 4881 1120 4945 Macarium,
1179 4884 1339 4951 quale
1380 4884 1424 4937 is
1460 4881 1554 4938 illi
1598 4888 1701 4939 im-

166 4968 254 5007 :Oln
264 4960 375 5009 bat.
417 4976 438 5008 ι

150 4971 585 5096 ιῖϋέἓῦῗῗιίιιιιιοιὶδ
624 5022 780 5096 ad__S.
809 5020 1169 5096 Epiphaniam
1212 5023 1403 5096 hzeresi
1450 5023 1518 5077 69
1550 5025 1702 5078 Aria-

152 5090 349 5161 eorum,
380 5113 506 5166 pag.
532 5096 661 5157 278,
697 5090 867 5166 Oper.
906 5101 1035 5166 tom.
1074 5090 1139 5166 ll,
1192 5095 1281 5145 ubi
1316 5109 1547 5158 summa,
1594 5112 1699 5163 qua

152 5168 296 5231 pollet
354 5162 707 5229 eruditione,
752 5162 849 5216 ’de
910 5162 1422 5231 chorepiscoporum
1493 5162 1701 5234 origine

152 5250 257 5289 31M.

176 5254 314 5375 εἰδὲ)
342 5304 493 5359 Part.
518 5321 557 5369 t,
591 5306 682 5358 lib.
710 5317 771 5365 tt,
802 5316 924 5375 cap-
1007 5309 1059 5353 8’-
1086 5299 1140 5364 9ης
1169 5315 1293 5369 1³³3·
1318 5301 1423 5355 Ἣθ
1445 5313 1494 5356 εί
1520 5318 1697 5375 ξοιιίιι.

153 5375 225 5428 ubi
253 5370 476 5430 disserit
506 5377 574 5430 de
598 5370 1000 5440 cborepisuopis
1027 5385 1124 5439 per
1152 5382 1275 5425 octo
1302 5377 1482 5440 priora
1512 5370 1699 5427 nocte.

153 5446 229 5498 sia:
254 5448 473 5500 secula.

212 5518 317 5585 (95)
352 5516 411 5569 lu
442 5529 651 5585 canone
675 5513 708 5567 6
737 5511 954 5568 concilii
993 5507 1338 5585 Sardicensis
1379 5512 1431 5565 in
1483 5523 1614 5565 tom.
1678 5511 1698 5565 1

158 5579 389 5654 Operutn,
419 5601 545 5654 pag.
584 5584 690 5641 279
741 5596 793 5638 et
824 5597 975 5651 seqq.
1011 5579 1265 5636 editionis
1302 5581 1515 5637 Veneta:
1571 5585 1697 5635 anni

164 5653 296 5715 1621.
323 5671 375 5711 et
405 5653 532 5710 alibi
557 5656 771 5722 stepius.

220 5726 320 5791 (94)
368 5721 689 5785 Guilielmtts
734 5725 1081 5792 Bevcregius,
1120 5721 1397 5776 Pandccta’
1439 5737 1698 5775 canonum

278 5790 624 5864 apostolorum
652 5805 697 5846 et
724 5790 1086 5861 conciliorum,
1123 5796 1175 5847 in
1216 5806 1452 5848 canones
1478 5794 1695 5848 concilii

450 5894 723 5955 ΡΑτιιοι..
770 5892 885 5950 Gn.
935 5891 1015 5950 Χ.

1817 1945 1929 2000 cari
1969 1960 2150 2014 posse,
2182 1960 2311 1998 num
2342 1944 2533 1999 iisdem
2563 1945 2963 2014 cliorepiseopis
2990 1960 3049 1999 ea
3080 1955 3223 2000 recte
3270 1946 3367 2001 tri-

1815 2037 1907 2090 bui
1936 2045 2157 2105 queant,
2190 2051 2311 2107 qua:
2338 2034 2405 2089 de
2454 2034 2739 2106 Hippolyto
2783 2038 2977 2091 cecinit
3023 2035 3368 2105 Prudentius,

1816 2130 2111 2198 praesertim
2142 2144 2270 2184 vero
2307 2145 2437 2183 num
2468 2129 2567 2195 ipsi
2614 2131 2665 2183 in
2701 2131 2952 2199 primaeva
2999 2129 3218 2185 Patrum
3266 2133 3369 2185 lin-

1814 2238 1917 2292 gua
1940 2221 2260 2277 Christiana:
2287 2221 2457 2291 plebis
2488 2220 2661 2290 capita
2693 2222 2963 2276 exstitisse
2991 2222 3199 2277 dicendi
3224 2224 3367 2287 sint,

1814 2329 1937 2368 cum
1968 2314 2021 2368 in
2057 2314 2310 2369 omnibus
2342 2313 2532 2367 vicina:
2570 2314 2719 2369 urbis
2762 2316 3011 2383 episcopo
3040 2330 3133 2369 eos
3181 2316 3365 2385 subje-

1813 2415 1930 2462 ctos
1976 2421 2097 2461 esse
2147 2406 2412 2474 iusserint
2464 2406 2818 2461 vetustissimi
2878 2405 3132 2462 Ecclesiae
3192 2424 3360 2463 cano-

1813 2514 1910 2554 nes
1944 2499 2079 2569 (95).
2116 2496 2235 2563 llis,
2266 2498 2446 2552 denuo
2494 2498 2807 2567 repetimus,
2845 2499 3087 2562 omissis,
3134 2499 3236 2552 alia
3268 2515 3364 2553 no-

1812 2592 1896 2646 bis
1925 2592 2157 2660 suppetit
2185 2591 2466 2660 potissima
2498 2591 2659 2657 ratio,
2712 2608 2817 2661 qua
2872 2592 3178 2661 hujusmodi
3207 2611 3365 2664 argu-

1814 2692 2050 2736 mentum
2084 2682 2137 2735 in
2173 2698 2230 2739 re
2274 2691 2455 2738 nostra
2488 2683 2701 2751 penitus
2736 2685 3027 2738 evanescit.
3084 2682 3231 2740 Hanc
3267 2704 3365 2740 no-

1812 2773 1897 2829 bis
1929 2772 2232 2843 suppeditat
2259 2774 2626 2828 vetustissima
2657 2773 3044 2831 suburbicariaa
3077 2778 3365 2846 provinciae

1811 2863 2181 2919 ecclesiastica
2208 2864 2415 2933 politia,
2445 2865 2499 2917 in
2532 2880 2658 2933 qua,
2692 2873 2750 2918 ut
2778 2865 2977 2922 diserte
3026 2877 3209 2921 monet
3260 2869 3360 2921 do-

1813 2956 2086 3011 ctissimus
2117 2955 2428 3011 Dominicus
2457 2955 2647 3028 Georgi
2676 2958 2808 3027 (96),
2839 2960 3075 3029 episcopi
3102 2961 3299 3031 passim
3329 2975 3360 3013 κ

1813 3139 2153 3198 Antiocheni,
2208 3148 2338 3193 tom.
2374 3137 2415 3200 l,
2453 3154 2572 3207 pag.
2630 3137 2754 3205 440,
2807 3138 2935 3193 edit.
2992 3136 3186 3193 Oxonii
3232 3143 3359 3193 anui

1814 3210 1982 3273 1672;
2015 3222 2222 3263 necnon
2254 3207 2705 3263 Adnotationibus
2753 3210 2807 3262 in
2858 3224 3095 3263 canones
3144 3212 3357 3263 concilii

1809 3279 2107 3349 Ancyrani,
2166 3278 2414 3349 can.715,
2470 3287 2598 3331 tom.
2648 3276 2711 3341 ll,
2758 3290 2896 3347 part.
2933 3295 2991 3337 ιι.
3056 3294 3175 3347 pag.
3234 3281 3357 3340 175,

1810 3348 1947 3414 176;
1983 3350 2036 3402 in
2066 3348 2432 3403 potationibus
2463 3363 2582 3402 can.
2620 3349 2834 3403 concilii
2866 3349 3206 3413 Antiocheni,
3234 3366 3356 3405 can.

1808 3418 1895 3481 10,
1922 3434 2053 3487 pag.
2088 3417 2209 3481 190,
2236 3427 2368 3471 tom.
2400 3418 2587 3471 eodem
2622 3416 2682 3479 ll,
2712 3428 2849 3487 part.
2882 3435 2940 3472 ιι.

1880 3486 1990 3558 (95)
2022 3486 2255 3560 Legendi
2288 3496 2421 3560 sunt
2442 3502 2676 3543 canones
2702 3486 3055 3543 conciliorum
3089 3488 3357 3560 Ancyrani

1810 3559 1895 3619 15,
1928 3569 1981 3611 et
2004 3558 2323 3611 Antioclieni
2365 3558 2451 3611 10.

1877 3630 1990 3697 (96)
2039 3625 2281 3697 Historia
2342 3626 2683 3697 diplomatica
2741 3627 3003 3681 cathedra:
3045 3629 3355 3697 episcopalis

1806 3695 2037 3751 civitatis
2066 3696 2225 3750 Setia,
2248 3696 2303 3749 in
2332 3695 2505 3757 Latio,
2535 3695 2562 3764 ᾗ
2593 3696 2645 3758 5,
2687 3711 2806 3765 pag.
2838 3700 2871 3749 6
2914 3695 3140 3751 editiOn.
3173 3697 3357 3751 ROIIIJ.‘

1806 3768 1933 3821 anui
1960 3767 2117 3828 1751,
2146 3766 2235 3819 ubi
2264 3766 2331 3818 ad
2370 3780 2528 3835 suum
2559 3776 2934 3835 argumentum
2977 3767 3355 3821 stabiliendum

1808 3838 2099 3889 multarum
2147 3835 2358 3890 erudite
2405 3833 2767 3889 Ecclesiarum
2822 3837 3207 3892 cathedralium
3256 3854 3355 3890 no-

1806 3907 1951 3959 mina
1974 3915 2163 3960 auctor
2189 3906 2467 3973 producit;
2516 3905 2641 3959 hinc
2664 3906 2900 3973 episcopi
2935 3905 3354 3970 Minturnenses,

1805 3975 2099 4040 Formiani,
2134 3974 2469 4032 Laurentini.
2503 3973 2862 4039 Privernates,
2898 3974 3084 4030 Trium
3106 3977 3357 4031 taberna-

1807 4061 1949 4116 rum,
2000 4046 2336 4116 Aquinates,‘
2378 4042 2711 4116 Gabienses,
2764 4044 3041 4111 Labicani,
3100 4045 3353 4116 Ti'ebatii,

1807 4112 2232 4185 Subaugdstaui,
2293 4112 2635 4185 Nomentani,
2686 4113 2973 4179 Lureuses,
3022 4125 3074 4169 et
3114 4115 3355 4169 Forouo-

1808 4187 1950 4250 vani,
1986 4183 2038 4239 iii
2066 4185 2221 4239 Latio
2252 4196 2304 4239 et
2338 4183 2553 4238 Sabinis
2606 4200 2672 4237 ex
2721 4193 2959 4238 veterum
3006 4185 3351 4239 historiarum

1803 4265 1857 4309 et
1884 4257 2237 4309 conciliorum
2263 4253 2625 4310 monumentis
2645 4254 2712 4306 ab
2737 4256 2920 4324 eodem
2957 4266 3196 4320 auctore,
3228 4272 3349 4324 pag.

1805 4324 1837 4377 6
1878 4331 1943 4378 ad
1991 4326 2079 4391 56,
2132 4325 2378 4379 adductis
2436 4326 2759 4377 referuntur.
2794 4322 2949 4388 Quod
2979 4340 3107 4379 vero
3141 4327 3204 4378 ad
3230 4322 3350 4379 irent

1806 4404 2047 4449 nostrain
2102 4398 2338 4448 maxime
2404 4394 2550 4454 facit,
2603 4394 2656 4447 in
2722 4392 2916 4448 Tuscia
2979 4396 3352 4449 suburbicaria

1804 4465 2233 4533 quamplurimos
2254 4463 2595 4532 episc0pzitus
2624 4464 2895 4517 exstitisse
2919 4476 3122 4518 certum
3156 4475 3257 4518 est.
3294 4464 3349 4519 lu

1804 4550 1865 4587 ea
1919 4536 2064 4588 enim
2126 4534 2283 4587 Silva:
2315 4534 2569 4586 Candida:
2601 4534 2942 4601 episcopatus
2984 4537 3207 4595 exstitit,
3233 4535 3351 4589 Cut-

1804 4604 2000 4673 rensris,
2026 4606 2521 4673 Centutnecllensis,
2550 4602 2952 4664 Graviscaruui,
2995 4603 3352 4673 Tarquinien-

1804 4674 1902 4738 sis,
1926 4672 2307 4738 Tuscanensis,
2340 4672 2703 4736 Buleeutinus,
2728 4675 2813 4725 cui
2842 4676 3081 4728 succedit
3101 4672 3354 4730 Castren-

1804 4745 1900 4805 sis,
1947 4741 2295 4809 V'alcntanus,
2358 4740 2718 4805 Volliuiensis,
2764 4742 2984 4797 Castelli
3039 4744 3353 4809 Felicitatis,

1805 4812 2146 4877 Ferentinus,
2178 4811 2639 4881 Polymartiensis,
2670 4812 3030 4879 Faleritauus,
3068 4815 3355 4869 Balneore-

1805 4883 2030 4946 giensis,
2086 4882 2452 4943 Gallesicnsis,
2502 4882 2834 4946 Blcnranus,
2902 4884 3351 4945 Marturanensis,

1805 4951 2293 5015 Fornclaudiensis,
2328 4952 2744 5021 Aquaavirensis,
2777 4952 3027 5015 Fidenas,
3072 4965 3126 5009 et
3171 4956 3351 5007 forsan

1804 5023 1964 5075 etiam
2000 5024 2251 5077 Lorensis
2272 5040 2285 5085 ;
2310 5037 2543 5092 quorum
2570 5023 2947 5092 episcoporum
2973 5027 3189 5078 nomina
3213 5026 3350 5077 idem

1803 5092 2065 5162 Georgius
2096 5102 2337 5146 veterum
2365 5091 2541 5146 allatis
2590 5091 2933 5148 documentis
2967 5096 3174 5156 recitat,
3218 5110 3356 5161 pra:-

1804 5171 1886 5232 ter
1910 5165 2251 5232 episcopatus
2291 5162 2385 5231 qui
2432 5165 2865 5232 nunctemporis
2916 5166 3089 5217 adhuc
3115 5174 3351 5217 exstant.

1804 5230 2543 5304 Quaproptcrgidem’auctor,
2576 5230 3015 5304 §48,7conrlud_it
3048 5251 3060 5286 :
3099 5253 3117 5284 ι
3142 5232 3355 5304 Episco-

1804 5304 1951 5369 pales
1976 5301 2259 5355 cathedras
2316 5318 2423 5354 non
2458 5301 2616 5355 modo
2658 5306 2710 5355 in
2768 5302 2928 5356 claris
2963 5302 3099 5356 Latii
3138 5301 3199 5357 et
3246 5302 3355 5355 Tu-

1803 5376 1930 5443 sciae
1959 5371 2348 5443 suburbicariae
2405 5372 2627 5425 urbibus
2674 5372 2915 5440 antiquis
2947 5375 3282 5443 temporibus
3322 5391 3351 5425 ιι

1806 5439 2066 5514 Itonianis
2090 5442 2435 5514 pontiﬁcibus
2494 5439 3002 5514 institutas,’atque
3048 5439 3120 5498 ita
3149 5445 3354 5514 spissas

1803 5510 2038 5579 (fuisse),
2071 5510 2133 5581 ut
2158 5512 2318 5566 veluti
2343 5513 2484 5565 inter
2507 5526 2624 5566 sese
2651 5510 3039 5581 contingerent,
3073 5516 3165 5571 sed
3180 5510 3353 5569 etiam

1804 5582 1858 5632 in
1886 5581 2087 5635 nullius
2115 5579 2283 5655 ferme
2312 5582 2590 5655 dignitatis
2629 5579 2857 5655 oppidis
2885 5585 3172 5655 episcopos
3200 5586 3356 5639 desti-

1804 5660 1959 5703 natos
1990 5689 2005 5703 .
2040 5690 2054 5704 .
2090 5689 2104 5703 .
2139 5650 2443 5724 fortasseéii
2478 5650 2849 5724 mirabuntur,
2901 5650 3101 5724 quibus
3147 5657 3356 5710 incom-

1802 5731 1950 5797 perta
1978 5731 2065 5797 est
2075 5792 2085 5797 _
2116 5722 2337 5797 antiqua
2366 5720 2620 5797 Ecclesiae
2673 5720 2956 5797 disciplina
2985 5727 3052 5783 de
3089 5727 3359 5797 episcopis

1802 5793 1856 5845 in
1894 5792 2119 5862 singulis
2173 5792 2396 5847 urbibus
2446 5792 2860 5860 constituendis,
2902 5812 3040 5869 quae,
3092 5792 3227 5868 p'ace
3260 5792 3360 5851 Ec-

3056 5899 3126 5957 ιῖι
