3844 6188
188 357 286 412 129

954 353 1039 406 DE
1080 352 1469 410 POHTUENSI
1512 356 1569 411 S.
1612 356 1975 413 HIPPOLYTI
2018 356 2211 412 δεῦε.
2256 388 2321 396 -
2362 357 2541 414 PARS
2578 358 2619 413 l.

3306 358 3409 414 130

188 476 265 530 vel
294 472 737 543 chorepiseopum
776 472 1056 528 Portucnsi
1091 474 1346 530 Ecclesiae
1380 491 1608 545 przeesse
1634 493 1741 531 non
1773 486 1813 539 Α
1846 478 1937 530 tali
1963 479 2184 533 nomine
2209 496 2484 549 nunquam
2507 482 2801 535 donassent
2823 482 3042 537 ethnici.
3067 479 3411 537 Tillemontio

185 568 423 639 potuisse,
454 564 903 619 manifestissime
954 566 1242 621 evincitur.
1274 567 1342 621 At
1374 568 1419 621 si
1467 570 1589 636 quis
1636 586 1740 622 un-

181 673 324 726 quam
348 655 709 711 Tillemontio
731 656 831 725 (7),
854 655 1094 712 Adriano
1127 656 1352 713 Bailetto
1384 659 1487 730 (8).
1514 659 1742 733 Claudio

176 747 353 817 Fleury
386 748 490 817 (9),
518 757 576 802 et
606 746 856 818 Remigio
877 748 1151 803 Ceillierio
1181 748 1293 818 (10)
1321 749 1571 804 assentiri
1603 751 1740 804 mal-

173 840 397 910 let,quL
434 840 692 910 quamvis
742 838 922 909 quoad
968 838 1313 911 Hippolytum
1361 842 1735 912 presbyterum

174 950 285 989 cum
318 932 610 986 Ruinartio
641 932 799 1001 plane
824 932 1190 998 consentiant,
1224 942 1400 986 tamen
1427 933 1601 1003 ipsum
1630 949 1736 987 non

175 1025 517 1088 Portucnsis,
576 1025 672 1080 sed
741 1024 998 1079 Romana:
1050 1024 1308 1081 Ecclesia:
1362 1026 1735 1097 presbyterum

177 1117 551 1187 crediderunt;
590 1116 639 1170 is
669 1114 913 1185 profecto
956 1117 1093 1170 sciat
1118 1116 1426 1185 huiusmodi
1459 1117 1735 1186 conjectu-

177 1225 281 1263 ram
312 1224 340 1263 a
366 1208 606 1278 genuina
636 1208 959 1277 pientissimi
987 1216 1155 1276 poetae
1178 1218 1355 1262 mente
1388 1209 1545 1277 longe
1574 1209 1737 1263 nimis

175 1301 349 1354 abesse
372 1318 386 1352 :
411 1298 745 1353 Prudentius
770 1298 915 1353 enim
944 1297 1287 1369 Hippolytum
1315 1315 1472 1354 suum
1496 1300 1547 1352 in
1570 1298 1735 1354 Portu

178 1392 408 1446 Romano
441 1392 655 1461 plebem
696 1391 951 1447 habuisse
977 1391 1127 1457 dicit,
1172 1392 1456 1463 ipsumque
1478 1407 1596 1447 eam
1633 1393 1737 1446 ibi-

177 1485 284 1539 dem
321 1485 691 1555 alloquentem
736 1484 944 1540 inducit
983 1499 1147 1554 supra
1197 1484 1429 1540 laudatis
1478 1485 1734 1539 carmini-

177 1579 271 1633 bus
300 1595 313 1628 :

240 1753 259 1781 .7
286 1751 302 1765 .
332 1752 343 1765 .
382 1753 394 1764 .
426 1710 643 1781 Fugite,
676 1726 705 1763 ο
736 1711 937 1776 miseri,
966 1709 1291 1763 exsecranda
1329 1707 1524 1781 Novati

238 1779 568 1846 Schismata;
603 1780 877 1835 catholicis
913 1781 1111 1834 reddite
1146 1796 1231 1834 vos
1257 1779 1482 1848 populis,
1515 1790 1618 1833 etc.

173 1937 499 2008 Quapropter
550 1939 605 1991 in
659 1936 1008 1993 convellenda
1051 1938 1363 2006 hujusmodi
1418 1937 1729 2006 conjectura

174 2032 372 2098 longius
418 2030 727 2099 immorari,
762 2045 943 2100 opera:
986 2030 1219 2099 pretium
1264 2029 1404 2083 haud
1435 2043 1555 2083 esse
1574 2028 1728 2082 duci-

175 2140 311 2187 mus;
344 2124 458 2177 sola
488 2124 635 2177 enim
670 2121 947 2175 Prudentii
974 2122 1136 2175 verba
1184 2122 1315 2175 satis
1354 2136 1622 2190 superque
1652 2122 1729 2174 ei-

171 2217 278 2269 dem
310 2216 563 2269 falsitatis
598 2224 781 2268 notam
813 2215 1057 2268 inurunt.
1098 2215 1308 2268 Etenim
1340 2214 1464 2283 quis
1489 2229 1726 2283 unquam

176 2307 413 2362 Romana:
446 2307 703 2362 Ecclesia:
728 2307 1097 2377 presbyterum
1131 2323 1254 2361 cum
1297 2315 1407 2361 tota
1443 2307 1596 2377 plebe
1626 2306 1727 2361 sibi

171 2399 448 2453 commissa
488 2414 559 2452 ex
604 2397 736 2451 urbe
791 2397 844 2450 in
885 2396 1104 2450 Portum
1146 2408 1273 2452 tunc
1324 2399 1579 2467 temporis
1624 2397 1728 2450 mi-

171 2506 339 2557 grasse
368 2488 763 2543 arbitrabitur?
790 2488 923 2554 Quis
952 2486 1297 2561 Hippolytum
1335 2490 1592 2545 Romana:
1620 2490 1725 2553 Ec-

169 2582 332 2635 clesia:
388 2580 767 2650 presbyterum
824 2577 1194 2633 Christianum
1268 2582 1505 2635 fidelium
1566 2596 1727 2652 caput

169 2675 338 2727 Rom?
370 2672 477 2727 sub
502 2685 719 2725 summo
749 2670 998 2739 pontiﬁce
1020 2668 1451 2725 Christianorum
1482 2673 1723 2727 omnium

166 2775 371 2833 parente
404 2780 469 2819 ac
505 2764 750 2834 principe
777 2766 1053 2820 exstitisse
1079 2766 1414 2821 somniabit?
1437 2765 1545 2821 Nec
1573 2768 1727 2837 juvat

166 2858 387 2926 objieere
416 2857 773 2912 Prudentium
815 2858 1158 2912 sanctissima
1194 2858 1501 2928 hujusmodi
1547 2861 1725 2913 nomi-

167 2965 247 3015 na,
279 2961 537 3020 tanquam
580 2950 857 3019 gentilium
891 2965 985 3004 ore
1034 2951 1262 3019 prolata,
1294 2950 1579 3022 Hippolyto
1624 2966 1725 3006 suo

163 3040 443 3103 indidisse;
476 3056 603 3095 nam
630 3041 843 3110 ipsimet
862 3042 1063 3096 ethnici
1088 3042 1450 3096 hierarchicos
1472 3042 1726 3098 Christia-

168 3149 346 3187 norum
392 3133 614 3187 ordines
660 3134 830 3202 probe
878 3142 1164 3199 noverunt,
1189 3142 1248 3187 ut
1277 3142 1421 3203 patet
1450 3150 1515 3188 ex
1552 3136 1722 3190 notis-

166 3226 290 3279 sime
346 3226 443 3279 illo
494 3226 772 3279 Aureliani
832 3226 1173 3294 imperatoris
1221 3226 1514 3295 rescripto,
1574 3226 1720 3296 quod

168 3315 332 3370 laudat
365 3314 637 3369 Eusebius
670 3315 806 3383 (11),
846 3323 901 3368 et
934 3330 1001 3369 ex
1044 3315 1233 3370 edictis
1271 3315 1544 3370 Maximini
1585 3316 1718 3385 (l2),

172 3405 427 3461 Valeriani
463 3408 575 3477 (l5)
622 3416 675 3461 et
724 3407 1038 3461 Diocletiani
1090 3407 1242 3477 (14),
1284 3408 1481 3478 quibus
1524 3408 1624 3478 ipsi
1665 3410 1720 3462 in

168 3501 451 3568 episcopus,
486 3499 832 3569 presbyteros
874 3514 937 3553 ac
978 3498 1235 3553 diaconos
1267 3500 1447 3569 gladio
1477 3501 1720 3554 animad-

171 3595 292 3645 verti
336 3593 583 3662 jussere;
641 3591 867 3660 ideoque
922 3590 969 3645 si
1033 3589 1350 3663 Hippolytus
1406 3590 1719 3647 Portucnsis

175 3686 316 3750 plebis
355 3695 510 3753 caput
548 3699 729 3737 revera
778 3700 882 3737 non
929 3684 1245 3748 exstitisset,
1296 3684 1445 3738 illum
1478 3684 1718 3754 profecto

232 3842 300 3911 (7)
334 3841 492 3896 Tom.
527 3840 612 3903 lll,
647 3856 767 3911 pag.
798 3840 923 3911 «tibi,
954 3841 1008 3893 in
1024 3840 1178 3895 Saint
1198 3837 1488 3904 Corneille,
1510 3848 1562 3893 et
1592 3853 1713 3909 pag.

173 3910 424 3973 675,note
451 3914 505 3975 4,
539 3928 631 3965 sur
650 3910 812 3965 isaint
836 3910 1134 3981 Hippolyte.

234 3985 302 4053 (8)
334 3982 489 4035 Tom.
527 3981 588 4045 ll,
618 3982 716 4053 Les
748 3982 861 4035 Vies
885 3977 974 4035 des
1001 3977 1189 4053 sabints,
1218 3988 1341 4053 ηυξ
1365 3977 1493 4053 jot_t_r
1512 3977 1711 4053 d'aout,

175 4047 411 4121 pagf163
456 4053 585 4107 edit.
622 4053 652 4105 ξι
690 4052 877 4116 Paris,
910 4068 999 4121 an.
1027 4047 1402 4121 #1704._Saiut
1429 4047 1714 4119 Hippolyte

176 4118 332 4189 prétre
362 4125 590 4176 ltomain
640 4136 844 4194 martyr
872 4122 902 4175 ἐι
928 4119 1076 4177 Ostie
1116 4135 1187 4175 ou
1223 4118 1255 4172 it
1288 4118 1471 4184 Porto,
1503 4129 1557 4173 et
1584 4118 1713 4189 j0ur

174 4204 293 4245 nu'
318 4195 515 4253 d‘aout,
543 4209 664 4261 pag.
698 4195 822 4246 545.

234 4262 301 4331 (9)
343 4257 557 4331 Abrégé'
588 4257 652 4315 de
707 4262 961 4316 l'ltistoire
1012 4258 1433 4331 ecclesiastique,
1491 4267 1628 4331 tom.
1667 4257 1708 4321 l,

177 4328 265 4387 art.
284 4328 340 4399 ’5,
369 4345 452 4387 ttt'
482 4328 664 4395 Siécle,
710 4335 764 4385 in
817 4334 959 4386 saint
1007 4329 1328 4402 Hippolyte,
1364 4345 1486 4399 pag.
1531 4328 1634 4381 526
1657 4340 1710 4383 et

177 4417 308 4470 seqq.
338 4405 467 4457 edit.
495 4403 527 4455 ὸ
554 4403 809 4472 Colugne,
841 4403 996 4457 1754.

234 4466 333 4574 (fit)
358 4472 515 4574 Ἱὲοὲι.
550 4472 591 4525 ll
634 4466 747 4538 cii,
777 4489 895 4543 cap.
926 4472 1016 4539 55,
1048 4488 1168 4543 pag.
1203 4468 1341 4532 567,
1377 4469 1443 4523 de
1489 4467 1547 4522 8.
1580 4466 1707 4538 Hip-
1743 4520 1785 4574 Β

237 4543 347 4603 !yte.
383 4543 409 4603 ﬁ
440 4545 493 4596 6.

180 4543 347 4613 po!yte.
382 4543 409 4614 §
440 4545 493 4596 6.

233 4615 332 4683 (11)
361 4614 509 4668 Libr.
542 4629 641 4679 vn,
665 4628 782 4683 cap.
816 4613 909 4683 50.
940 4628 1062 4683 pag.
1088 4610 1214 4683 ⁸564.

240 4678 334 4755 (12)
367 4686 439 4740 De
469 4678 842 4755 perseeutibne
860 4678 1137 4755 hia—simini
1164 4678 1420 4755 legendus
1448 4678 1710 4736 Eusebius

183 4750 509 4809 llistfecctes.
546 4754 639 4807 lib.
664 4769 737 4820 vr,
771 4770 888 4824 cap.
921 4754 1012 4816 28,
1040 4751 1316 4824 pag1295.

237 4768 509 4836 βμεαιερ.
546 4768 639 4807 nn.
664 4769 737 4820 v1,
771 4770 888 4824 cap.
921 4768 1012 4834 ait,
1040 4768 1161 4875 pag.
1190 4768 1316 4805 zao.
1455 4820 1464 4831 D
1546 4820 1557 4832 .
1696 4821 1707 4831 -

237 4825 330 4901 (15)
365 4825 508 4901 Satis
530 4826 790 4901 probatur
818 4842 884 4901 es
912 4832 1067 4892 epist.
1136 4819 1181 4901 _0
1217 4819 1273 4873 S.
1305 4819 1560 4901 Cypriani
1580 4862 1595 4887 ,
1618 4836 1709 4901 qui

184 4893 322 4948 refert
366 4893 653 4965 scripsisse
697 4894 1043 4949 Valerianum
1085 4893 1166 4965 ad.
1192 4900 1567 4965 senat_um,_ut
1594 4893 1709 4965 epi—

178 4968 316 5086 saepe
345 4977 395 5020 et
445 4960 764 5035 presbyteri,
796 4976 849 5020 et
880 4965 1093 5019 diaconi
1116 4964 1169 5016 in
1204 4960 1501 5015 continenti
1532 4960 1711 5015 anitu-

178 5048 200 5083 ι
235 5047 513 5086 vertantur.

176 5047 513 5091 advertantur.

230 5106 329 5175 (14)
360 5106 643 5160 Summam
666 5106 825 5161 edicti
860 5120 889 5159 a
916 5103 1250 5159 Diocletiano
1278 5100 1513 5175 emanati
1546 5101 1710 5156 refert

175 5169 414 5252 Eusebius
439 5179 533 5252 lib:
562 5188 659 5230 vm
690 5176 760 5230 ιι.
790 5175 879 5238 Ε..
909 5190 1029 5242 cap.
1064 5175 1120 5239 2,
1152 5189 1274 5243 pag.
1320 5172 1445 5252 529“-
1478 5170 1709 5252 Latiar;

179 5245 339 5299 tius‘ﬁn
365 5250 457 5302 lib.
488 5246 566 5300 De
601 5256 753 5300 mort.
788 5242 1194 5316 persecutoruni,
1232 5258 1352 5316 cap.
1378 5242 1465 5316 15,
1492 5258 1612 5316 pag.
1639 5242 1709 5316 2?

173 5316 278 5370 alit.
319 5318 490 5371 Paris.
523 5318 653 5371 anni
700 5313 856 5380 1710,
887 5318 954 5369 de
990 5314 1361 5384 persecutione
1388 5313 1706 5384 Diocletiani

173 5388 315 5463 multa
366 5390 562 5451 habet,
612 5398 663 5441 et
724 5388 777 5440 in
835 5402 897 5441 ea
939 5382 1328 5455 comprehensos
1382 5382 1708 5452 presbyteros

174 5466 313 5509 etiam
344 5469 582 5512 enarrat.

228 5530 327 5598 (t5)
359 5524 1299 5599 LegendusHenric.Valesiusin
1345 5532 1457 5577 not.
1510 5524 1575 5599 ad
1612 5523 1703 5577 lib.

174 5596 317 5652 uvnt
340 5596 612 5653 Aminiani
645 5598 960 5661 Marcellini,
991 5613 1109 5664 pag.
1135 5596 1258 5659 526,
1287 5604 1409 5647 nota
1434 5612 1485 5657 e,
1516 5597 1601 5647 ed.

227 5666 569 5791 (αἲ-ἕρκεα.
600 5669 815 5739 discept.
862 5672 923 5721 de
954 5662 1206 5729 busﬂicis,
1245 5681 1380 5736 part.
1418 5683 1475 5730 ιι,
1504 5680 1624 5735 cap.
1649 5662 1705 5731 2,

227 5754 272 5791 tl.
335 5756 349 5789 ι
397 5779 412 5791 .

228 5754 272 5794 δι.
297 5739 412 5794 liti.

174 5745 429 5876 Plinii;
470 5808 734 5864 habemus
783 5809 833 5863 in
873 5808 1040 5878 ipsius
1085 5808 1266 5873 Actis,
1300 5806 1482 5859 relatis
1512 5821 1540 5857 a
1576 5805 1697 5859 [lui-

1845 569 2075 639 denique
2127 571 2258 624 nihil
2306 573 2559 640 prodesse
2606 582 2782 641 potest
2836 574 3216 642 antiquissima
3262 584 3409 629 vete-

1845 676 1965 713 rum
2003 661 2114 734 (15)
2150 664 2518 717 Romanorum
2550 665 2908 727 consuetudo,
2941 666 2993 718 in
3021 681 3251 733 quorum
3287 680 3413 734 pro-

1843 750 2037 806 vinciis
2070 752 2147 805 rei
2195 763 2345 807 extra
2384 754 2664 808 civitatum
2715 756 2978 825 pommria
3027 765 3269 810 extremo
3299 757 3410 811 alli-

1842 841 2123 895 ciebantur
2178 842 2477 911 supplicio,
2511 853 2570 897 ut
2597 858 2663 898 ex
2707 860 2771 899 ea
2820 846 3185 915 argumentari
3232 847 3408 912 liceat,

1844 928 2190 1002 Hippolytum
2222 932 2550 1000 Romanum,
2581 943 2641 987 ut
2672 934 2854 999 aiunt,
2878 935 3272 1005 presbyterum,
3311 939 3411 992 hac

1841 1022 1906 1077 de
1936 1037 2100 1078 causa
2127 1036 2280 1080 extra
2315 1023 2510 1081 Urbem
2548 1028 2873 1091 adductum,
2919 1037 2972 1082 et
3015 1028 3067 1081 in
3102 1026 3264 1082 Portu
3302 1026 3411 1082 Ro-

1842 1129 2005 1169 mano
2042 1116 2302 1187 martyrio
2329 1115 2496 1172 fuisse
2531 1128 2849 1173 coronatum
2876 1136 2890 1183 ;
2922 1135 3067 1182 nam,
3100 1128 3158 1173 ut
3198 1120 3407 1191 egregie

1840 1221 1939 1259 nos
1982 1207 2195 1261 monuit
2246 1208 2328 1261 vir
2373 1208 2723 1264 doctissimus
2761 1208 3013 1264 Valesius
3043 1210 3175 1279 (16),
3220 1210 3407 1280 hujus—

1838 1296 1979 1348 moiii
2007 1298 2452 1353 consuetudinem
2489 1315 2595 1352 non
2644 1316 2874 1370 semper,
2915 1301 3058 1370 quod
3094 1300 3159 1354 ad
3188 1311 3405 1356 sanctos

1834 1386 2034 1441 Christi
2086 1398 2350 1459 martyres
2413 1390 2634 1453 attinet,
2684 1391 2871 1445 eodem
2924 1401 3082 1460 pacto
3136 1400 3404 1446 servatam

1835 1475 2001 1531 fuisse
2030 1478 2317 1533 dicendum
2352 1489 2466 1544 est,
2500 1482 2571 1534 ita
2609 1490 2666 1534 ut
2696 1498 2907 1551 semper
2946 1484 2997 1536 in
3029 1483 3406 1539 sanctissimos

1836 1571 2028 1625 heroas
2072 1582 2221 1625 extra
2273 1570 2431 1626 Urbis
2476 1574 2737 1641 pomoeria
2774 1574 3016 1628 saavitum
3048 1574 3225 1628 fuerit.
3259 1575 3404 1640 Qua-

1832 1672 2051 1731 propter
2104 1672 2158 1717 et
2202 1664 2459 1732 temporis
2504 1678 2613 1732 quo
2660 1664 2759 1733 ipsi
2801 1664 2980 1732 passi,
3018 1673 3071 1719 et
3110 1666 3403 1734 supplicio-

1834 1768 1953 1807 rum
2000 1755 2198 1824 quibus
2246 1754 2420 1809 alTecti
2466 1754 2716 1819 fuerunt,
2769 1758 3032 1811 rationem
3092 1751 3394 1811 habendam

1832 1854 1974 1899 recte
2030 1857 2213 1901 monet
2264 1846 2533 1912 Valesius,
2579 1857 2637 1901 ut
2670 1850 2863 1903 exinde
2917 1849 3233 1919 passionum
3281 1850 3399 1905 loca

1832 1946 1949 1991 tuto
2004 1938 2246 2007 dignosci
2303 1939 2532 2007 possint.
2582 1937 2790 1993 Etenim
2842 1940 2911 2005 ii,
2960 1941 3052 2010 qui
3102 1950 3397 2010 prauorum

1832 2031 2095 2086 sententia
2129 2031 2307 2100 gladio
2343 2032 2724 2097 animadversi,
2776 2032 2859 2086 vel
2895 2032 2947 2085 in
2994 2048 3208 2087 crucem
3255 2032 3397 2100 acti,

1830 2123 1914 2178 vel
1941 2124 2063 2193 igne
2098 2123 2362 2188 damnati,
2401 2125 2482 2177 vel
2513 2124 2730 2179 demum
2763 2125 3033 2195 lapidibus
3063 2126 3243 2180 obruti
3277 2127 3395 2181 fue-

1828 2231 1921 2280 re;
1961 2216 1993 2268 ii
2044 2231 2174 2269 sane
2218 2224 2368 2269 extra
2418 2214 2577 2269 Urbis
2613 2218 2812 2271 mmnia
2853 2217 3095 2288 martyrii
3140 2233 3393 2272 coronam

1829 2316 1953 2361 Sunt
1980 2307 2177 2376 adepti,
2200 2308 2677 2377 quemadmodum,
2708 2318 2766 2361 ut
2790 2307 2855 2362 de
2883 2308 3091 2363 czeteris
3114 2309 3394 2373 sileamus,

1831 2397 2223 2470 SsCypriauus
2245 2409 2394 2453 extra
2426 2398 2773 2467 Carthaginis
2801 2415 2989 2453 muros
3019 2400 3073 2451 in
3098 2415 3224 2469 agro
3246 2397 3393 2453 Sexti

1828 2491 2002 2560 capite
2035 2492 2225 2560 plexus
2278 2490 2381 2546 fuit
2426 2492 2561 2561 (17),
2607 2501 2659 2546 et
2692 2489 3082 2560 Lugdunenses
3128 2501 3393 2562 martyres

1827 2582 2091 2637 Athanaei
2136 2583 2246 2651 (18)
2279 2582 2602 2645 occubuere,
2651 2590 2705 2636 et
2753 2580 2811 2635 S.
2858 2580 3189 2652 Polycarpus
3239 2592 3390 2635 extra

1829 2674 2227 2745 Smyrnaeorum
2288 2675 2553 2744 pomoeria
2604 2674 2728 2744 igne
2759 2672 2860 2727 fuit
2900 2674 3220 2743 absumptus
3256 2674 3383 2743 (l9).

1825 2765 1865 2819 li
1896 2782 2056 2829 vero,
2084 2766 2177 2837 qui
2229 2769 2294 2822 ad
2342 2767 2547 2821 bestias
2596 2766 2858 2829 damnati,
2888 2764 2971 2819 vel
3016 2766 3257 2834 quolibet
3280 2765 3390 2818 alio

1826 2858 2139 2928 hujusmodi
2186 2859 2449 2928 supplicio
2494 2856 2740 2911 dilaniati
2776 2855 2961 2922 fuere,
2999 2856 3050 2910 hi
3097 2857 3150 2909 in
3195 2858 3391 2912 mediis

1826 2950 2053 3004 urbibus
2083 2961 2392 3019 cunctoque
2424 2957 2700 3019 spectante
2730 2949 2929 3019 populo
2964 2950 3017 3002 in
3053 2949 3390 3018 amphithea-

1827 3041 1944 3105 tris,
1970 3042 2023 3095 in
2052 3042 2183 3111 ipsis
2209 3042 2484 3097 Cassarum
2514 3040 2784 3095 natalibus
2807 3040 3124 3111 martyrium
3152 3041 3389 3108 plerum-

1750 3175 1790 3231 C
1826 3151 1931 3204 que
1976 3143 2495 3189 consummaverunt
2540 3133 2676 3204 (20).
2726 3131 2835 3188 Eos
2874 3133 3138 3204 denique,
3172 3134 3263 3203 qui
3299 3149 3388 3188 re»

1828 3226 2047 3294 pentino
2075 3226 2218 3295 vulgi
2253 3240 2316 3279 ac
2349 3225 2637 3293 pra'sidum
2668 3223 2850 3278 furore
2873 3224 3117 3293 oppressi
3146 3222 3387 3285 fuerunt,

1825 3316 1880 3370 in
1922 3317 2054 3386 ipsis
2086 3317 2312 3371 urbibus
2346 3330 2453 3369 non
2493 3329 2619 3369 raro
2649 3324 2911 3369 mactatos
2951 3312 3119 3369 fuisse
3152 3321 3385 3376 constat,

1823 3409 2280 3479 quemadmodum
2329 3407 2770 3462 Nicomedienses
2820 3416 3121 3477 martyres,
3155 3422 3292 3474 quos
3326 3420 3385 3460 se

1822 3509 2084 3569 praesente
2132 3499 2377 3553 comburi
2424 3499 2591 3568 jussit
2647 3498 3047 3563 Diocletianus,
3101 3497 3386 3551 Lactantio

1822 3600 1958 3645 teste
1977 3590 2124 3659 (9.1).
2151 3589 2229 3642 Ex
2256 3591 2545 3658 postremis
2578 3589 2664 3645 his
2690 3605 2830 3643 unus
2863 3588 3106 3658 profecto
3134 3588 3235 3643 fuit
3257 3588 3385 3659 Hip-

1820 3684 2056 3754 polytus,
2093 3697 2251 3752 quem
2282 3680 2579 3750 improviso
2611 3680 2838 3735 rectoris
2863 3690 2913 3734 et
2945 3680 3088 3749 vulgi
3119 3678 3302 3735 furore
3328 3682 3381 3735 in

1818 3840 1998 3894 nartio
2026 3838 2141 3891 Act.
2172 3848 2390 3904 martyr.
2418 3853 2538 3907 pag.
2573 3836 2693 3899 189,
2721 3852 2872 3907 num.
2898 3836 2931 3890 5
2962 3855 2975 3890 :
3006 3856 3023 3887 ι
3061 3834 3125 3888 Et
3146 3837 3217 3889 ita
3241 3836 3380 3891 idem

1816 3910 2118 3980 Cyprianus
2140 3909 2219 3980 Ain
2266 3923 2449 3977 agrum
2496 3906 2642 3980 Sexti
2677 3906 2966 3980 perductus
3000 3915 3102 3969 est,
3142 3915 3193 3958 et
3220 3907 3293 3980 ibi
3326 3925 3383 3960 se

1817 3977 2031 4033 lacerna
2066 3989 2119 4033 et
2139 3978 2303 4049 byrro
2329 3978 2671 4049 exspoliravit,
2703 3987 2757 4031 et
2778 3992 2917 4043 genu
2950 3977 3005 4030 in
3037 3985 3181 4030 terra
3211 3977 3379 4042 ﬂexit,

1816 4060 1869 4103 et
1904 4050 1955 4101 in
1983 4046 2283 4103 orationem
2314 4064 2371 4101 se
2393 4046 2620 4101 Domino
2649 4050 2957 4116 prostravit.
2992 4066 3010 4097 ι

1886 4118 1996 4189 (18)
2029 4118 2413 4174 Perlustranda
2445 4128 2571 4189 sunt
2598 4115 2718 4189 quae
2738 4116 3001 4189 Eusebius
3028 4115 3169 4189 lib.v
3196 4116 3266 4169 Η.
3288 4116 3380 4189 _E.,

1814 4186 1934 4259 cap.
1970 4190 2023 4253 1,
2055 4191 2122 4243 de
2168 4188 2497 4259 martyribus
2535 4186 2986 4257 Lugdunensib'us
3005 4188 3255 4259 scripsit.
3287 4186 3383 4241 Le—

1813 4256 2017 4328 gendus
2064 4256 2382 4313 Ruinartius
2421 4260 2539 4312 Act.
2575 4256 2817 4325 martyr.,
2846 4272 2965 4325 pag.
3002 4256 3070 4310 52
3103 4266 3156 4328 et
3203 4273 3379 4327 seqq.,

1812 4327 1904 4398 qui
1936 4332 2186 4384 observat
2223 4330 2487 4383 celebrem
2516 4328 2675 4381 etiam
2705 4342 2823 4381 esse
2847 4328 3022 4379 locum
3049 4327 3380 4380 Athanacum

1813 4401 2159 4469 appellatum,
2190 4399 2279 4452 ubi
2312 4401 2458 4469 passi
2504 4398 2758 4451 dicuntur
2791 4398 2824 4448 ii
2861 4405 3146 4466 martyres,
3184 4412 3213 4449 a
3247 4413 3378 4467 quo,

1814 4468 1891 4524 ut
1917 4472 1992 4524 ait
2035 4469 2326 4537 Gregorius
2357 4468 2714 4532 Turonensis,
2749 4475 3011 4521 vocantur
3034 4482 3066 4520 a
3101 4469 3380 4523 nonnullis

1815 4550 2071 4610 martyres
2107 4539 2510 4610 Atltanacenses.

1882 4607 1997 4690 (lg)
2026 4610 2324 4690 Adeund‘us
2362 4607 2826 4690 Rniua'rtiusﬁct.
2868 4616 3090 4690 martyr.
3130 4624 3252 4689 pag,
3290 4608 3378 4690 '52,

1812 4678 1902 4750 ubi
1937 4680 2192 4734 Ecclesia:
2233 4678 2580 4750 Smyruensis
2611 4678 2895 4747 epistolam
2937 4680 3003 4733 de
3034 4681 3290 4748 martyrio
3320 4678 3375 4731 S.

1811 4749 2092 4818 Polycarpi
2122 4748 2379 4818 scriptam
2409 4748 2593 4801 refert.

1882 4817 1995 4891 (20)
2018 4817 2244 4891 Horum
2265 4819 2508 4891 exempla
2538 4820 2692 4891 plura
2733 4818 3001 4874 habentur
3030 4819 3177 4891 apud
3206 4817 3377 4891 Auto—

1814 4888 2307 4945 nium'Gallonium
2358 4890 2411 4942 in
2447 4891 2583 4943 libro
2608 4889 2681 4943 De
2712 4901 3004 4960 martyrum
3033 4888 3377 4947 cruciatibus,

1812 4960 1995 5015 multis
2026 4962 2079 5015 itt
2111 4961 2264 5023 locis,
2287 4968 2341 5014 et
2366 4962 2665 5028 prtesertim
2693 4966 2911 5030 quando
2934 4960 3057 5030 agit
3077 4960 3143 5011 de
3176 4968 3378 5027 marty-

1810 5032 1964 5085 ribus
1990 5031 2055 5084 ad
2094 5031 2295 5085 bestias
2327 5030 2618 5093 damnatis,
2651 5047 2700 5099 p.
2734 5029 2843 5083 457
2881 5029 3005 5084 edit.
3034 5029 3376 5097 Attlwerpzzu,

1812 5102 1940 5155 anni
1972 5101 2129 5156 1668.
2157 5100 2232 5155 De
2276 5102 2439 5154 natali
2496 5101 2770 5155 Caesarum
2817 5101 2923 5163 die,
2964 5116 3072 5168 quo
3114 5107 3379 5166 martyres
3480 5120 3489 5129 -

1810 5172 2147 5227 necabantur
2170 5214 2184 5237 ,
2230 5169 2485 5240 frequens
2519 5187 2699 5225 sermo
2728 5172 2966 5224 occurrit
2990 5169 3221 5240 in_A_cti_s
3252 5184 3377 5221 san-

1810 5251 2019 5310 ctprum
2050 5236 2370 5312 martyrum,
2404 5254 2456 5295 et
2486 5241 2752 5309 praecipue
2784 5242 2835 5294 in
2864 5241 3015 5312 Actis
3177 5236 3377 5305 Perpe-

1810 5322 1916 5368 tua:
1940 5322 1995 5369 et
2028 5309 2343 5376 Felicitatis,
2384 5314 2567 5366 relatis
2601 5328 2631 5365 a
2662 5312 2946 5363 lluinartio
2992 5311 3044 5362 iu
3079 5309 3195 5360 Act.
3232 5324 3377 5359 mar-

1810 5392 1941 5451 tyr.,
1972 5400 2091 5453 pag.
2126 5384 2215 5449 8'5,
2242 5383 2331 5436 ubi
2368 5382 2511 5437 Geta:
2543 5382 2770 5453 Caesaris
2809 5380 3000 5453 natalis
3033 5377 3375 5445 esprimitur,

1810 5449 2003 5522 nempe
2045 5449 2176 5507 'dies
2240 5469 2350 5522 quo
2399 5453 2579 5506 Caesar
2638 5450 2814 5504 factus
2867 5449 3071 5513 fuerat,
3123 5457 3181 5502 ut
3234 5458 3379 5503 recte

1811 5523 2127 5578 lluinartins
2156 5532 2355 5577 mouet.

1880 5592 1994 5664 (il)
2024 5594 2141 5647 Lib.
2174 5594 2247 5647 De
2282 5591 2533 5664 mortibus
2575 5599 2918 5664 persecutum,
2947 5587 2975 5660 §
3003 5588 3100 5651 14,
3133 5603 3253 5657 pag.
3281 5587 3376 5655 25,

1810 5662 1905 5718 cit.
1936 5662 2064 5717 edit.
2099 5682 2116 5714 ι
2154 5666 2237 5718 lra
2271 5662 2680 5732 (Diocletianus)
2717 5662 3100 5732 inﬂammatus,
3128 5663 3382 5732 excarni-

1810 5735 1958 5789 ﬁcari
1987 5749 2177 5788 omnes
2207 5730 2336 5788 suus
2382 5733 2628 5801 protinus
2664 5730 2944 5802 'przecepit.
2976 5730 3209 5787 Sedebat
3240 5730 3379 5797 ipse,

1810 5814 1971 5876 atque
2004 5806 2319 5861 innocentes
2349 5804 2470 5875 igne
2503 5805 2760 5860 torrebat.
2796 5821 2814 5853 ι
