3844 6188
582 403 683 460 451

1351 398 1439 453 DE
1478 393 1865 453 PORTUENSl
1906 394 1964 449 s.
2008 391 2366 449 HIPPOLYTI
2408 370 2599 461 seps.
2642 422 2709 431 —
2747 389 2926 444 rans
2957 388 2995 444 ι.
3708 388 3734 441 t

577 519 745 576 Portu
791 516 1035 571 Romano
1080 512 1339 584 martyrio
1371 519 1689 567 coronatum
1723 508 2136 580 elegantissimis
2165 513 2209 569 Α
2238 506 2376 561 ratio
2422 505 2647 561 suadere
2691 503 2979 565 videretur,
3022 501 3172 571 quod
3214 508 3268 555 et
3312 498 3594 571 Hippolyti
3626 515 3734 552 men

580 614 666 668 his
700 610 1034 667 carminibus
1066 616 1293 662 testatur
1323 605 1649 659 Prudentius
1671 601 1783 672 (22)
1811 619 1823 653 :

656 724 755 779 His
783 723 872 778 ubi
896 722 1114 776 detorsit
1140 720 1269 775 lazvo
1294 719 1357 772 de
1387 717 1594 771 tramite
1628 714 1847 784 plebem,

723 794 1135 870 Monstravitque
1163 791 1326 870 sequi,
1356 803 1460 870 qua
1488 787 1571 870 via
1599 786 1785 870 deamo
1802 793 1999 870 ,rnocat;

652 863 817 928 Seque
848 865 1030 917 ducem
1051 854 1187 915 'recti
1219 854 1403 928 spretis
1433 855 1763 926 anfractibus
1795 854 1933 907 idem

756 882 817 917 ne
848 882 1030 917 nucem
1061 882 1187 915 recu
1219 882 1403 928 spretae
1433 882 1762 926 ulqructwua
1795 882 1862 907 ιαι

719 882 977 994 1’rwbuit,
1003 932 1197 985 erroris
1218 930 1307 999 qui
1326 928 1477 999 prius
1499 935 1686 999 auctor
1712 931 1862 987 erat;

655 1001 872 1061 Sistitur
903 1004 1087 1057 insano
1112 995 1335 1062 rectori,
1356 995 1699 1054 Christicolas
1724 1005 1846 1046 tunc

724 1074 877 1129 Ostia
905 1074 1135 1133 vexanti,
1167 1085 1257 1139 per
1284 1067 1326 1122 Τ
1330 1069 1527 1122 iberina
1554 1066 1711 1139 viros.

654 1142 760 1198 Illo
788 1157 1008 1212 namque
1044 1142 1130 1212 die
1158 1135 1324 1195 Roma
1358 1144 1657 1196 secesserat,
1687 1135 1828 1212 ipsos

722 1214 877 1268 Peste
900 1203 1223 1266 suburbanos
1247 1219 1303 1263 ut
1333 1216 1564 1278 quateret
1593 1203 1808 1274 populos
1832 1219 1850 1278 ς

656 1283 775 1338 Νοη
808 1290 1076 1337 contentus
1105 1282 1320 1334 humum
1346 1270 1496 1333 'celsa
1533 1270 1676 1330 intra
1704 1273 1895 1326 ntwnia
1926 1270 2106 1327 Romte

727 1354 981 1423 Tinguere
1002 1353 1272 1423 justorum
1302 1349 1530 1423 caedibus
1553 1343 1804 1423 assiduis.

651 1414 961 1503 Janiculum
1000 1414 1115 1475 cum
1154 1418 1270 1489 jbm
1314 1416 1605 1482 madidum,
1635 1414 1772 1484 fora,
1817 1421 2010 1553 rastra,
2050 1427 2142 1465 su-

1894 1499 2073 1536 urram

1894 1499 2073 1536 urram

720 1562 961 1617 Cerneret
985 1559 1148 1614 eluvie
1171 1557 1441 1627 sanguinis
1468 1555 1703 1627 afﬂuere;

653 1632 953 1688 Protulerat
986 1631 1183 1683 rabiem
1217 1625 1469 1697 Tyrrheni
1497 1628 1565 1697 ad
1595 1625 1791 1697 littoris
1822 1638 1994 1697 oram,

725 1703 952 1772 Qquuc
979 1701 1093 1754 loco
1117 1693 1384 1769 wquoreus
1412 1696 1655 1765 proxima
1678 1693 1872 1748 Portus
1898 1693 2068 1745 habet.

580 1795 719 1849 Cum
771 1794 936 1863 igitur
980 1790 1306 1846 Prudentius
1354 1787 1697 1859 Hippolytum
1736 1800 1897 1840 suum
1936 1799 2044 1837 non
2076 1797 2142 1836 ex

2240 597 2386 652 nisse
2407 595 2713 660 debuerint,
2746 608 2908 665 quem
2932 594 3145 658 eodem,
3179 604 3298 661 quo
3328 590 3452 655 isti,
3481 590 3651 644 ferme
3682 602 3733 645 te

2242 703 2368 758 pore
2394 685 2749 741 Novatianum
2792 685 3075 756 reliquisse
3108 686 3334 740 dicunt.
3382 682 3494 736 Sed
3521 682 3666 736 hunc
3696 681 3733 735 li

2240 776 2479 845 polytum
2508 775 2606 830 sub
2630 775 2789 829 tinem
2825 775 2952 829 anni
2984 773 3083 828 251
3113 773 3377 827 nondum
3405 771 3702 841 resipuisse
3727 788 3734 842 ι

2242 874 2317 920 tet
2346 880 2410 920 ex
2434 866 2658 935 epistola
2685 865 2745 921 8.
2772 864 3007 920 Cornelii
3034 863 3099 918 ad
3128 863 3374 917 Fabium
3401 863 3734 918 Antiochenu

2241 969 2405 1023 quam
2432 954 2645 1010 labente
2672 954 2775 1011 hoc
2807 970 2950 1009 anno
2975 954 3241 1025 scriptam
3274 953 3485 1008 docent
3516 952 3662 1007 docti
3686 952 3733 1005 vi

2242 1045 2296 1098 in
2339 1045 2426 1099 illa
2454 1045 2596 1100 enim
2635 1045 2693 1100 8.
2723 1044 2964 1116 pontifex
3005 1044 3265 1100 disertim
3312 1052 3556 1099 testatur
3582 1045 3734 1098 beatis

2246 1150 2394 1189 mum
2429 1145 2719 1207 martyrem
2748 1136 3010 1208 Moysem,
3044 1136 3139 1206 qui
3173 1135 3380 1189 Romae
3430 1149 3606 1204 nuper
3631 1135 3734 1188 exit

2243 1236 2297 1281 et
2323 1226 2627 1281 admirabili
2648 1228 2903 1299 martyrio
2920 1227 3217 1282 decoratus
3236 1225 3450 1289 fuerat,
3468 1224 3733 1279 Novatian;

2245 1332 2350 1370 una
2386 1332 2508 1371 cum
2542 1318 2779 1388 quinque
2810 1318 3139 1390 presbyteris
3190 1318 3284 1374 sui
3316 1317 3548 1373 sceleris
3576 1332 3733 1373 cousc

2248 1405 2505 1461 societate
2531 1415 2585 1459 et
2615 1407 2995 1465 communione
3022 1408 3105 1462 sui
3124 1421 3433 1476 separasse
3462 1406 3597 1476 (24).
3621 1406 3734 1478 Moy

2243 1498 2345 1551 sub
2400 1499 2558 1550 tinem
2611 1498 2738 1551 anui
2789 1496 2891 1552 251
2941 1499 3210 1568 martyrio
3264 1505 3577 1552 coronatura
3624 1496 3734 1564 fuit,

2243 1589 2404 1658 paulo
2450 1597 2572 1658 post
2621 1588 2793 1659 ipsius
2840 1590 3152 1659 passionem
3213 1589 3276 1644 8.
3325 1586 3622 1644 Cornelius
3667 1605 3734 1658 sui

2244 1680 2516 1735 laudatam
2566 1679 2848 1749 epistolam
2904 1681 3068 1735 dedit.
3132 1679 3353 1735 Eodem
3411 1678 3533 1735 fere
3594 1688 3733 1749 temp

2246 1773 2385 1828 idem
2433 1771 2490 1826 8.
2535 1770 2777 1842 pontifex
2821 1771 2936 1843 (25)
2970 1770 3027 1826 S.
3073 1770 3431 1844 Cyprianum
3476 1787 3577 1842 per
3625 1772 3731 1826 [itte

586 1887 733 1943 Urbe
776 1861 1094 1949 adductum,
1125 1883 1217 1938 sed
1266 1883 1320 1936 iu
1370 1880 1533 1934 Portu
1571 1877 1838 1943 Romano,
1868 1877 1995 1931 dum
2029 1874 2141 1944 ple-
2173 1861 2213 1915 Β
2241 1867 2523 1920 certiorem
2568 1863 2800 1919 reddidit
2830 1864 2895 1918 de
2937 1863 3281 1934 presbyteris
3321 1872 3380 1918 et
3424 1862 3734 1918 conl‘essoril

585 1981 706 2035 hem
759 1977 1157 2048 alloquebatur,
1212 1986 1531 2043 oppressum
1582 1970 1763 2036 dicat;
1824 1983 1983 2023 nemo
2032 1981 2141 2021 non

587 2072 730 2126 ridet
762 2070 939 2140 ipsum
969 2082 1078 2122 non
1107 2066 1159 2120 in
1190 2063 1359 2128 Urbe,
1390 2062 1483 2119 sed
1524 2063 1578 2116 in
1614 2061 1778 2116 Portu
1809 2061 2019 2131 plebem
2046 2059 2148 2113 ha-

586 2161 790 2223 buisse,
842 2172 907 2213 ac
952 2157 1173 2220 ibidem,
1224 2155 1307 2208 vel
1340 2154 1393 2208 in
1442 2153 1583 2208 illius
1618 2153 1831 2207 viciuiis
1872 2149 2142 2206 horrendo

587 2256 679 2310 illo
720 2252 965 2323 martyrii
1012 2265 1207 2323 genere
1249 2247 1459 2303 fortiter
1488 2245 1827 2301 occubuisse.
1860 2243 2069 2298 Etenim
2096 2244 2141 2296 si

587 2345 907 2417 Iiippolytus
960 2341 1220 2396 Romanae
1271 2338 1527 2395 Ecclesiae
1580 2336 1859 2408 presbyter
1903 2347 2140 2403 unquam

586 2436 906 2500 exsuitisset,
954 2448 1064 2504 quo
1107 2432 1229 2502 jure
1272 2431 1326 2485 in
1366 2427 1665 2484 Portuensi'
1693 2424 1953 2491 Ecclesia,
1978 2439 2142 2494 quam

588 2544 746 2584 suum
780 2536 909 2581 tunc
941 2524 1198 2595 temporis
1221 2523 1535 2592 episcopum
1571 2517 1823 2573 habuisse
1847 2515 2140 2575 credimus,

587 2621 702 2691 ipse
729 2615 938 2687 plebem
978 2612 1176 2668 docere
1210 2610 1411 2681 potuit;
1444 2623 1567 2663 cum
1617 2616 1857 2661 veterum
1892 2603 2145 2660 Ecclesire

589 2694 857 2763 canonum
913 2703 1192 2759 sanctione
1242 2699 1442 2754 exteris
1488 2695 1816 2768 presbyteris
1870 2695 1924 2748 in
1969 2692 2145 2747 aliena

588 2798 867 2871 parocliia,
894 2812 960 2851 ex
990 2794 1078 2859 iis,
1107 2809 1228 2863 quae
1258 2792 1325 2847 ad
1351 2790 1649 2846 Eeclesiam
1680 2787 1968 2858 pertinent,
1994 2783 2146 2855 quid-

589 2906 751 2962 quam
784 2903 1043 2961 peragere
1077 2886 1297 2940 vetitum
1326 2882 1493 2938 fuisse
1523 2895 1713 2936 omnes
1750 2878 1960 2935 sciant?
1998 2876 2144 2931 Tan-

590 2986 711 3039 dem
756 2996 879 3037 cum
932 2977 1199 3049 Hippolyti
1248 2974 1543 3039 Romanae,
1590 2981 1652 3027 ut
1689 2971 1860 3038 aiunt,
1891 2968 2145 3025 Ecclesiae

586 3071 887 3147 presbyteri
925 3069 1067 3123 haud
1098 3066 1443 3121 meminerint
1479 3064 1537 3117 8.
1569 3063 1894 3134 Cyprianus,
1919 3058 1976 3114 S.
2002 3058 2136 3113 Cor.

588 3166 762 3220 nelius
811 3171 865 3216 et
904 3160 964 3216 S.
1000 3159 1265 3216 Pacianus
1313 3154 1749 3217 Bareinonensis,
1790 3168 1858 3207 ex
1906 3166 2139 3221 quorum
2171 3191 2214 3248 ο

587 3255 809 3324 scriptis
831 3250 1258 3307 Novatianorum
1296 3262 1386 3302 res
1429 3255 1607 3315 gestas
1635 3259 1827 3299 eruere
1860 3258 1959 3298 nos
1982 3258 2144 3313 opor-

584 3354 700 3410 tet;
729 3359 834 3397 non
861 3342 993 3397 levis
1035 3340 1160 3394 inde
1201 3338 1375 3393 oritur
1412 3335 1671 3405 suspicio,
1703 3334 1846 3405 quod
1878 3335 2144 3404 praecipua

595 3439 708 3492 hazc
735 3436 1017 3493 doctorum
1044 3433 1285 3487 virorum
1309 3431 1376 3487 de
1407 3429 1691 3500 Hippolyto
1734 3428 2000 3483 sententia
2024 3427 2144 3482 lalsi

590 3529 725 3583 vitio
749 3540 1091 3595 summopere
1123 3524 1349 3579 laboret.
1381 3521 1419 3575 Ii
1459 3521 1626 3584 enim,
1651 3535 1774 3576 cum
1804 3518 2144 3589 Hippolytum

502 3602 506 3607 ’
593 3633 751 3674 suum
786 3618 837 3671 in
867 3617 1000 3686 ipsis
1028 3613 1457 3670 Novatiauorum
1486 3611 1745 3676 exordiis,
1777 3615 1879 3666 huc
1902 3618 1985 3666 est
2005 3624 2148 3663 anno

583 3709 794 3765 Christi
836 3708 963 3773 252,
1012 3706 1077 3761 ad
1130 3705 1422 3761 Ecclesiam
1476 3702 1703 3758 rediisse
1738 3701 1940 3761 dicant,
1987 3709 2150 3770 atque

593 3818 805 3866 omnes,
834 3801 925 3871 qui
976 3800 1062 3855 his
1098 3799 1398 3869 praesertim
1428 3796 1762 3866 temporibus
1789 3792 1981 3850 Novati
2005 3791 2150 3848 schio

594 3909 711 3949 sma
746 3892 1052 3962 ejurarunt,
1094 3906 1125 3945 a
1164 3888 1434 3960 praedictis
1459 3886 1712 3942 Palribus
1740 3882 2151 3940 accuratissime

595 3985 905 4042 iudicentur
946 3981 1083 4053 (25),
1116 3980 1405 4050 episcopus
1444 3990 1636 4047 nempe
1667 3974 1754 4029 ille
1778 3973 1872 4044 qui
1898 3971 2150 4028 Novatia-

588 4088 725 4127 num
762 4069 1004 4137 inunxit,
1044 4066 1310 4122 Maximus
1348 4064 1646 4136 presbyter,
1693 4062 1961 4128 Urbanus,
1992 4060 2151 4116 Sido-

594 4164 742 4243 nius,
765 4161 1045 4218 Celerinus
1068 4168 1122 4216 et
1154 4156 1420 4214 Macarius
1445 4145 1819 4222 confessores;
1852 4162 1999 4211 recta
2023 4153 2151 4209 hinc

667 4364 779 4435 (22)
809 4363 1004 4435 Hymn.
1043 4362 1232 4435 eodem
1252 4361 1344 4435 ll,
1374 4375 1424 4413 v.
1456 4359 1525 4414 '55
1550 4367 1604 4414 et
1637 4372 1816 4427 seqq.,
1851 4356 1991 4427 apud
2021 4353 2153 4411 Rui-

600 4430 739 4488 nart.
763 4430 876 4504 'loe'.
908 4433 1025 4504 eit.,
1052 4448 1175 4504 pag.
1205 4430 1328 4504 ut).

668 4504 780 4568 (25)
810 4502 868 4557 S.
898 4493 1183 4558 Cornelius
1208 4502 1262 4555 in
1293 4515 1391 4555 sua
1414 4499 1571 4568 epist.
1614 4496 1679 4550 ad
1709 4493 1932 4552 Fabium
1964 4497 2152 4551 Antio-

2244 1959 2311 2013 ad
2364 1956 2653 2012 Ecclesiam
2706 1955 2974 2024 reversis;
3022 1966 3192 2026 atque
3227 1956 3432 2011 ultimo
3493 1955 3655 2026 hujus
3699 1973 3734 2009 at

2244 2057 2484 2115 tempore
2529 2043 2834 2116 Cyprianus
2878 2044 2944 2100 de
2983 2053 3093 2099 tam
3140 2044 3298 2100 felici
3335 2055 3542 2100 eventu
3575 2044 3734 2100 Corae

2245 2134 2543 2205 gratulatus
2575 2133 2710 2204 (26),
2742 2133 3035 2188 Maximum
3090 2136 3493 2207 presbyterum
3548 2144 3601 2191 et
3654 2152 3734 2191 soe

2245 2224 2585 2281 eonfessores
2607 2225 2821 2292 laudat;
2848 2223 3198 2297 Hippolytum
3232 2235 3424 2282 tamen
3449 2227 3691 2297 nuspiam
3714 2243 3734 2280 ll

2245 2326 2442 2372 morat.
2475 2316 2590 2373 Hoc
2619 2317 2834 2371 interim
2877 2316 3037 2373 Decio
3071 2318 3193 2389 (27}
3240 2319 3466 2374 Abrutti
3508 2319 3562 2372 in
3598 2317 3733 2372 More

2243 2409 2532 2474 exstincto,
2565 2425 2665 2479 pax
2691 2408 2947 2465 Ecclesia;
2977 2418 3056 2466 est
3090 2411 3354 2478 reddita;
3395 2410 3668 2481 sequentis
3693 2425 3734 2462 Vt

2244 2501 2371 2555 anni
2416 2501 2570 2556 initio
2612 2499 2914 2572 Cyprianus
2967 2501 3158 2556 iisdem
3217 2501 3467 2557 Maximo
3515 2503 3734 2572 presbytt

2244 2599 2298 2646 et
2320 2592 2483 2647 sociis
2506 2592 2932 2649 humanissimas
2952 2594 3201 2649 exaravit
3224 2595 3442 2650 litteras
3470 2593 3601 2666 (28),
3628 2592 3734 2663 quit

2247 2683 2379 2753 ipsis
2428 2699 2692 2753 nuperum
2742 2684 2808 2739 ad
2852 2684 3146 2740 Eeclesiam
3199 2686 3448 2742 reditum
3491 2685 3734 2757 gratulatu

2244 2773 2438 2829 deinde
2464 2789 2648 2829 mense
2675 2773 2971 2830 Februario
2998 2776 3337 2832 luculentam
3372 2777 3535 2832 aliam
3568 2776 3631 2830 ad
3656 2777 3733 2828 Ani

2245 2867 2465 2921 nianum
2497 2867 2818 2937 conscripsit
2848 2868 3132 2938 epistolam
3170 2870 3327 2941 (29),
3361 2870 3417 2923 in
3443 2884 3550 2939 qua
3577 2866 3733 2921 Norat

2245 2971 2440 3011 norum
2464 2973 2552 3013 res
2579 2967 2758 3028 gestas
2779 2959 3189 3015 accuratissime
3212 2960 3553 3025 describens,
3580 2957 3733 3028 quinq‘

2245 3048 2366 3104 illos
2410 3048 2749 3120 presbyteros
2793 3047 2970 3104 adhuc
3023 3050 3079 3104 in
3125 3051 3433 3106 schismate
3462 3047 3734 3120 permansit

2245 3156 2354 3196 non
2400 3141 2628 3195 obscure
2670 3139 2909 3209 indicat;
2951 3154 3319 3212 quapropter,
3368 3142 3417 3198 si
3458 3158 3597 3196 unus
3634 3155 3690 3194 ex
3731 3140 3734 3191 i

2246 3231 2542 3287 exstitisset
2567 3229 2903 3302 Hippolytus,
2936 3233 3050 3303 ipse
3080 3233 3264 3288 adhuc
3294 3234 3348 3287 in
3380 3233 3662 3289 schismate
3682 3245 3734 3298 pe

2248 3322 2513 3377 mansisse
2537 3323 2798 3378 dicendus
2829 3332 2989 3378 esset.
3022 3322 3265 3379 Lubente
3289 3322 3455 3378 Junio
3474 3322 3584 3393 (30)
3604 3320 3734 3377 Gallu

2247 3421 2528 3483 grassante
2557 3412 2665 3479 lue,
2712 3414 3144 3482 persecutionem
3197 3415 3253 3469 in
3292 3415 3629 3469 Christianos
3661 3425 3734 3465 est

2248 3502 2400 3581 tavit,
2434 3517 2597 3571 quam
2624 3504 2895 3560 nescimus
2923 3519 3021 3560 cur
3043 3504 3412 3561 brevissimam
3444 3505 3605 3561 fuisse
3630 3503 3730 3557 dica

2247 3593 2552 3650 Dodwellus
2587 3595 2698 3667 (51)
2738 3604 2793 3651 et
2821 3595 3021 3668 Pagius
3064 3599 3178 3669 ('52)
3204 3640 3221 3660 ,
3275 3615 3404 3655 eum
3455 3598 3651 3666 integro
3690 3591 3733 3646 ie

2249 3701 2393 3741 anno
2415 3701 2535 3741 eam
2561 3688 2886 3758 perdurasse
2905 3687 3143 3745 sciamus
3166 3708 3181 3744 :
3217 3706 3282 3746 ea
3309 3688 3572 3760 siquidem
3602 3684 3733 3739 labent

2249 3776 2412 3832 Junio
2440 3779 2603 3848 hujus
2627 3779 2757 3833 anni
2785 3779 3016 3835 excitata
3046 3781 3271 3836 sedente
3296 3781 3586 3851 Stephano,
3611 3784 3659 3830 et
3680 3788 3734 3843 ρο

2251 3869 2385 3924 Galli
2413 3870 2709 3936 interitum,
2740 3870 2843 3931 hoc
2868 3880 2971 3933 est,
3002 3886 3188 3927 mense
3213 3872 3359 3926 Maio
3384 3870 3509 3925 anni
3537 3872 3734 3937 sequeul

2249 3960 2514 4015 exstincta
2552 3959 2676 4015 fuit.
2721 3958 2836 4016 Hoc
2862 3976 2993 4017 sane
3019 3977 3163 4017 anno
3192 3961 3514 4033 Hippolytus
3544 3959 3637 4013 iste
3665 3968 3734 4008 ma

2252 4051 2393 4122 tyrio
2421 4053 2669 4108 coronari
2709 4053 2911 4122 potuit;
2951 4068 3136 4109 verum
3158 4095 3173 4121 ,
3219 4054 3514 4125 quominus
3541 4049 3589 4104 id
3615 4043 3734 4101 cred:

2252 4159 2396 4213 mus,
2427 4153 2610 4215 aperte
2635 4145 2822 4202 suadet
2846 4147 3069 4216 epistola
3100 4145 3361 4217 Cypriani
3394 4144 3463 4200 ad
3484 4137 3734 4198 Corneliun

2253 4359 2431 4415 adhuc
2474 4359 2530 4413 in
2569 4360 2709 4415 vivis
2758 4368 2932 4423 esset,
2979 4359 3263 4415 audaciam
3308 4357 3427 4428 ejus
3464 4368 3524 4407 ac
3569 4348 3734 4428 fureret

2255 4439 2593 4499 perspectum
2645 4429 2883 4494 habens,
2918 4445 2949 4484 a
2987 4424 3373 4484 communione
3408 4439 3500 4480 sua
3539 4424 3734 4499 ρθρθτέῗ

2255 4491 2513 4571 ἰιιιιιὲιιιιιμ
2533 4500 2773 4571 quinque
2825 4491 3172 4571 presbyteris,
3204 4501 3298 4569 qui
3344 4512 3401 4552 se
3444 4491 3630 4564 pariter
3670 4496 3734 4536 cui

598 4558 816 4631 chetisis
846 4572 1098 4627 Ecclesia:
1125 4571 1407 4639 praesulem
1442 4558 1627 4631 inissa,
1663 4568 1820 4636 cujus
1852 4568 2152 4639 fragmenta
2186 4558 2227 4612 Ι)
2256 4570 2348 4623 illo
2373 4570 2442 4623 ab
2474 4558 2728 4625 Ecclesiae
2755 4558 3408 4639 coipore'abrupeiant.)

598 4647 763 4700 refert
803 4642 1068 4698 Eusebius
1102 4638 1175 4695 Η.
1214 4640 1305 4706 Ε.,
1334 4641 1426 4693 lib.
1457 4656 1529 4706 γι,
1553 4652 1673 4707 cap.
1697 4639 1799 4703 45,
1824 4638 2070 4707 ρειεζὸω
2102 4647 2156 4692 et

599 4730 776 4785 seqq.,
802 4713 921 4785 haec
948 4711 1015 4785 de
1040 4712 1269 4767 reversis
1296 4711 1364 4765 ad
1398 4708 1920 4785 Ecclesiamfcribit
1949 4722 1963 4760 :
1993 4726 2012 4759 ‹
2045 4708 2156 4785 M_a-

598 4775 780 4840 ximus
800 4780 1054 4838 Ecclesia:
1075 4791 1273 4836 nostra:
1306 4782 1582 4851 presbyter
1614 4786 1667 4832 et
1698 4775 1968 4851 Urbanus,
1993 4778 2155 4851 ambo

598 4872 663 4911 cx
696 4855 816 4909 ﬁdei
845 4852 1187 4922 confessione
1223 4840 1493 4922 egregiam
1529 4849 1643 4922 jam
1677 4840 2153 4922 secuitdolaudem

600 4926 796 4995 adepti.
833 4921 1088 4977 Sidonius
1115 4919 1279 4976 etiam
1314 4919 1706 4995 et_CeleI-iiuts,
1735 4919 1937 4995 vir__qui
1961 4927 2153 4995 cuneta

603 4987 992 5049 tormentorum
1018 5005 1214 5062 genera
1257 5005 1359 5062 per
1378 4987 1472 5043 Dei
1506 4987 1937 5062 misericordiam
1967 4988 2154 5042 fortis-

599 5066 737 5120 sime
780 5059 1043 5118 sustinuit
1078 5101 1092 5115 .
1138 5100 1151 5113 .
1196 5099 1209 5112 .
1254 5059 1271 5113 ζ
1312 5060 1365 5113 1ιὶ
1416 5072 1603 5112 omnes
1645 5097 1659 5111 .
1702 5097 1715 5110 .
1759 5097 1774 5111 .
1813 5059 1879 5113 ad
1912 5067 2153 5112 sanctam

601 5134 894 5190 bcclesiam
921 5133 1122 5187 reversi
1158 5139 1302 5185 sunt.
1333 5149 1351 5181 ι
1379 5127 1604 5192 Horum,
1634 5136 1855 5197 excepto
1880 5128 2151 5188 Celeriuo,

598 5212 773 5258 exstat
805 5203 1029 5273 epistola
1062 5202 1128 5256 ad
1162 5210 1408 5273 sanctum
1433 5198 1758 5273 Cyprianum
1783 5198 1849 5252 de
1872 5212 2006 5267 pace
2028 5211 2151 5252 cum

600 5266 855 5329 Cornelio
883 5288 1019 5343 papa
1042 5281 1245 5343 etcum
1274 5266 1528 5343 uuiyerso
1564 5266 1894 5343 clerol'acta,
1921 5276 2155 5343 quazest

602 5359 751 5398 imm.
784 5345 853 5399 55
883 5337 1035 5397 "iuier
1065 5338 1600 5412 ejusdemCypriaui
1647 5338 1806 5408 epist.
1862 5354 1984 5408 pag.
2024 5337 2150 5412 259,

602 5414 697 5479 qui
733 5416 863 5483 ipsis
890 5409 1191 5483 rescripsit,
1216 5419 1272 5483 et
1312 5409 1527 5465 illorum
1555 5412 1947 5483 regressionem,
1987 5409 2152 5462 ecete-

600 5479 868 5605 siastiilmm
899 5479 1108 5552 paceni,
1149 5493 1196 5536 et
1240 5482 1529 5550 fraternam
1556 5479 2044 5550 redintegrationem
2071 5487 2155 5534 est

602 5562 752 5605 uratu
777 5563 918 5605 atus.
2060 5549 2071 5560 ’

602 5549 918 5621 gratulatus.
1242 5549 1248 5550 7
1602 5618 1665 5621 ﬂ
1764 5549 1769 5550 “
1861 5618 1897 5621 _
2060 5549 2071 5560 °

675 5621 787 5691 (24)
814 5624 891 5675 En
919 5623 1083 5677 verba
1115 5622 1172 5677 8.
1198 5621 1432 5677 Cornelii
1475 5620 1615 5690 apud
1654 5618 1830 5691 ipsum
1860 5618 2152 5691 Eusebium

602 5690 704 5761 loc.
757 5688 849 5744 cit.
894 5706 1016 5761 pag.
1063 5693 1168 5747 515
1210 5708 1223 5742 :
1259 5711 1276 5742 ι
1325 5688 1702 5757 Quem—etiam
1751 5688 2151 5761 (Novatianum)

599 5760 810 5831 Moyses
856 5760 1201 5816 beatissimus
1247 5772 1470 5832 martyr,
1517 5761 1610 5830 qui
1658 5775 1833 5832 nuper
1865 5764 2005 5828 apud
2038 5774 2152 5832 _n0s

599 5830 813 5902 egtegio
842 5842 896 5887 et
921 5832 1237 5886 admirando
1270 5830 1526 5900 martyrio
1551 5830 1865 5900 perfunctus
1890 5839 1989 5900 est,
2020 5830 2147 5886 dum

2329 4639 2442 4710 (25)
2488 4623 3068 4710 Adﬁeu—ndusil'oannes
3114 4623 3444 4710 Hearsouius
3497 4629 3551 4683 in
3601 4623 3734 4677 Am

2255 4707 2588 4780 Cyprianicis
2616 4711 2683 4764 ad
2713 4724 2842 4765 ann.
2868 4709 2994 4773 25!,
3024 4724 3080 4780 p_.
3105 4708 3197 4774 25,
3233 4708 3261 4780 §
3291 4708 3376 4762 14.

2327 4772 2437 4850 (26)
2470 4778 2527 4832 lu
2555 4781 2714 4851 epist.
2741 4780 2830 4860 5.1,
2864 4794 2987 4902 pag).
3010 4772 3136 4833 256.
3234 4772 3261 4780 ⁷
3459 4841 3469 4852 _
3619 4831 3629 4843 ο

2327 4849 2437 4902 (27)
2464 4848 2747 4902 Leaendus
2769 4851 2911 4902 idem
2984 4863 3270 4902 earsoutus
3296 4848 3399 4901 loc.
3425 4848 3513 4897 cit.
3535 4833 3629 4891 adt

2324 4833 2437 4919 (27)
2464 4833 2911 4919 Legendusiitl'et‘n
2936 4833 3270 4904 Pearsouius
3296 4848 3399 4901 loc.
3425 4841 3513 4897 cit.
3535 4833 3596 4891 ad
3616 4833 3734 4901 ips"!

2254 4918 2456 4991 annum
2494 4918 2623 4991 251,
2655 4918 2683 4991 §
2717 4919 2805 4974 15.
2904 4957 2966 4991 ___.
3162 4987 3182 4991 A
3207 4987 3256 4991 Α
3308 4984 3365 4991 η
3388 4982 3402 4991 _
3463 4980 3497 4991 ﬁ
3620 4966 3683 4991 ω,

2326 4988 2439 5059 (28)
2474 4978 2692 5059 δείιίἱτεῖ
2714 5005 2867 5043 num.
2899 4988 2989 5054 5t,
3011 5004 3133 5059 pag.
3156 4982 3438 5059 etcrvide
3462 4978 3733 5059 nemon)!”

2255 5056 2312 5113 in
2332 5049 2536 5114 'An'nal.
2565 5058 2893 5129 Cyprianicis
2922 5049 2989 5114 ad
3012 5049 3217 5129 anitum
3248 5057 3368 5119 252,
3394 5070 3452 5129 p._
3477 5049 3559 5129 Ξῖ,
3581 5049 3697 5129 ηομ

2325 5129 2436 5199 (29)
2473 5129 2567 5183 Est
2590 5114 2741 5183 ιῖιὶιιι.
2779 5130 2867 5193 55,
2893 5146 2948 5200 p.
2978 5128 3077 5200 ett
3103 5146 3118 5195 ;
3141 5114 3421 5200 γίιιευαίιέ
3440 5124 3491 5174 in
3522 5114 3734 5200 ίξειιξςξξξξ

2254 5185 2582 5254 Pearsbuius
2615 5200 2670 5253 in
2698 5185 2864 5254 dictis,
2893 5185 3447 5269 ‘AnnaL'Cypriauieis
3489 5187 3549 5242 ad
3590 5185 3734 5234 auuun

2252 5269 2380 5324 252.
2411 5285 2465 5324 n.
2498 5270 2589 5324 27.
2617 5286 2672 5324 ιι.
2706 5269 2792 5323 14.
3663 5312 3672 5324 _
3710 5323 3715 5324 ν

2364 5309 2380 5334 ,
2411 5286 2465 5336 p.
2498 5286 2589 5336 τι,
2617 5286 2672 5324 ιι.
2706 5286 2792 5323 ιιι.

2325 5285 3121 5429 ἷέιό’πιῖρ¹’ιῖξοῗῖιέηςειιιίριιθ
3167 5337 3415 5429 illiusqge
3435 5336 3597 5429 :33“
3608 5312 3734 5429 89“";

2255 5382 2435 5534 ha‘tg’
2464 5382 3146 5465 βέετξὸἦιιῖε”’ἇιῖ”ῖιῖὲὶὗῖπι
3168 5382 3413 5464 ’Ξῖιῖιῖιῐῖ
3435 5382 3564 5459 ἰδε,
3607 5382 3647 5457 5⁷
3672 5382 3690 5433 ί

2255 5496 2306 5534 D.
2408 5519 2419 5532 .
2996 5492 3001 5501 ³

2251 5496 2306 5550 Ρ.
2454 5547 2512 5603 In
2541 5548 2816 5620 dissertat,
2845 5549 3202 5620 Cyprianieis,
3227 5548 3430 5620 dissert.

2253 5596 2815 5689 minasaagntzg
2847 5596 3734 5690 ,ξέῐβῖῑςξῖνι-ίξττετνίπίιηιίλιεςιέι

2253 5669 2771 5778 ιί.·.ῖίιξε›’.ιέςδῑέι”ίιιξι
2787 5669 3729 5778 ’ξιε]ιῖξείὲξίνέὸιιοιυέε,ξειξξξυιξξοθξ,

2324 5739 2441 5830 (gs;
2457 5739 2782 5814 ianuis}.
2802 5739 3330 5830 essesnatus;
3359 5739 3416 5807 ιι
3438 5756 3486 5801 ει
3507 5739 3581 5805 ἐν
3598 5746 3647 5803 μ
3672 5739 3734 5781 ³⁷³³

2255 5842 2291 5885 t.
2324 5829 2386 5887 Ill
2413 5830 2604 5885 Annal.
2632 5831 2915 5885 ecclesiast.
2953 5829 3189 5884 Baronii.

3651 5526 3733 5589 ραη
