3802 6198
165 242 274 297 ,⁵⁵

947 242 1031 295 DE
1069 239 1460 297 PORTUENSI
1501 242 1556 294 S.
1600 239 1956 295 IIIPPOLYTI
1999 240 2189 294 SEDE.
2238 270 2308 279 —
2347 238 2524 293 PARS
2563 240 2605 292 I.

3304 242 3415 295 434

161 360 339 417 Roma
368 362 608 416 exsulem
640 363 1023 419 Centumcellis
1046 365 1350 435 degentem,
1387 364 1441 417 in
1471 378 1576 433 qua
1600 362 1707 417 Cor

1829 361 2150 416 Lambertus
2178 360 2321 431 (58),
2365 372 2418 416 et
2459 371 2581 431 post
2606 376 2729 416 eum
2763 360 2959 433 Pagius
2991 362 3133 430 (59),
3164 372 3217 416 et
3245 362 3405 418 Tillc-

164 455 312 508 nelio
341 444 641 522 gratulatur
666 456 732 510 de
762 457 928 526 lapsis
958 456 1190 527 gloriosa
1219 455 1560 510 confessione
1588 454 1739 509 resti-

168 547 291 597 tutis
324 546 433 613 (55)
460 586 476 607 ,
520 561 587 600 ac
624 547 691 600 de
730 545 1018 601 Novatiani
1062 547 1282 617 perﬁdia
1328 547 1440 601 hate
1481 546 1734 600 disserit:

170 656 189 687 ς
225 635 400 704 Neque
422 637 571 690 enim
622 638 814 707 quaerit
860 639 999 705 illos,
1028 654 1167 707 quos
1204 638 1315 707 jam
1348 639 1600 707 subegit;
1643 650 1737 695 aut

158 728 306 795 gestit
336 736 613 793 evertere,
656 744 795 797 quos
831 728 944 798 jam
988 744 1117 783 suos
1176 727 1321 782 fecit.
1389 726 1642 784 Inimicus
1682 738 1736 783 et

155 818 322 871 hostis
346 817 628 885 Ecclesiae,
674 836 814 889 quos
852 820 1099 877 alienavit
1141 821 1208 875 ab
1232 820 1471 876 Ecclesia
1497 832 1552 876 et
1582 821 1732 877 foras

152 910 320 973 duxit,
348 919 412 963 ut
435 912 682 980 captivos
708 920 763 965 et
794 912 1005 967 vinctos
1031 913 1327 967 contemnit
1353 925 1405 967 et.
1426 915 1680 982 praeterit.
1708 934 1725 965 ι

154 999 225 1053 Ex
276 1002 484 1069 quibus
528 1002 709 1055 verbis
768 1003 899 1057 satis
946 1014 1197 1059 constare
1245 1013 1494 1074 putamus
1540 1003 1730 1059 Novati

154 1100 452 1147 sectatores
481 1092 664 1146 adhuc
702 1094 757 1146 in
788 1093 959 1162 ipsius
1001 1095 1195 1149 castris
1231 1096 1524 1160 militasse;
1554 1097 1729 1165 lapso-

154 1199 263 1237 rum
319 1185 473 1237 enim
532 1188 753 1240 nomine
801 1186 856 1242 S.
920 1187 1249 1256 Cyprianum
1310 1186 1726 1256 haudquaquam

153 1273 532 1328 scbismaticos
558 1277 622 1329 ad
648 1276 940 1332 Eeclesiam
972 1292 1240 1334 reversos.
1266 1276 1359 1330 sed
1390 1276 1726 1333 thurificatos

147 1365 485 1434 designasse.
535 1384 695 1422 nemo
732 1380 815 1423 est
848 1369 940 1438 qui
982 1369 1204 1423 nesciat.
1244 1367 1368 1423 llazc
1391 1385 1516 1423 vero
1541 1385 1725 1425 mense

142 1461 391 1529 Augusto
437 1462 554 1530 (54)
605 1463 765 1531 hujus
797 1466 923 1516 anni
966 1463 1243 1531 scripserit
1289 1461 1345 1516 8.
1387 1463 1720 1533 Cyprianus;

139 1563 479 1620 quapropter
524 1554 669 1606 hunc
707 1552 1049 1623 Ilippolytum
1077 1552 1291 1618 eodem,
1323 1568 1432 1623 quo
1469 1554 1581 1609 hare
1612 1552 1719 1624 Cy-

140 1644 365 1711 prianus
408 1642 704 1709 scribebat,
750 1654 988 1712 tempore
1034 1644 1351 1715 martyrium
1398 1644 1629 1699 subiisse
1658 1659 1719 1697 o-

1840 454 2078 508 montius
2124 454 2269 524 (~10),
2311 469 2377 508 ex
2410 453 2516 519 his,
2547 463 2600 508 et
2622 469 2685 509 ex
2717 454 2823 508 illis
2844 495 2858 518 ,
2903 470 3023 523 qua:
3062 454 3220 522 paulo
3242 469 3403 523 supra

1835 546 1901 600 de
1931 546 2033 600 hac
2063 547 2437 615 persecutione
2464 545 2725 600 disseruit
2750 545 2807 600 S.
2833 546 3041 613 doctor,
3072 547 3317 601 eamdem
3350 549 3401 601 in

1835 636 2148 691 Catholicos
2198 647 2405 690 tantum
2436 636 2503 689 ad
2537 636 2930 705 confundendos
2973 638 3240 692 liazreticos
3263 654 3402 707 pne—

1833 730 1993 797 cipuo
2036 728 2128 781 Dei
2170 729 2397 783 consilio
2446 729 2699 783 nulictam
2760 728 3212 784 animadvertunt.
3267 730 3403 787 Ilino

1834 819 2179 891 Hippolytum
2239 820 2414 888 ipsum
2467 818 2764 882 liomanaz,
2816 830 2873 874 ut
2913 822 3097 883 aiunt,
3147 820 3403 878 Ecclesia:

1832 912 2198 981 presbyterum
2240 908 2429 963 NOvati
2474 911 2717 979 partibus
2754 911 3049 977 addictum,
3096 914 3195 967 hac
3225 929 3402 982 perse-

1830 1003 2046 1057 cutione
2086 1003 2413 1056 exstinctum
2461 1002 2546 1055 vix
2588 1004 2807 1058 credere
2836 1018 3143 1073 possumus.
3190 1003 3397 1066 Etenim

1828 1093 2150 1149 Prudentius
2199 1094 2373 1163 ipsum
2434 1109 2539 1148 uno
2570 1135 2584 1158 ,
2635 1093 2930 1164 eodemque
2982 1108 3284 1158 momento,
3347 1106 3399 1150 et

1828 1188 2063 1243 schisma
2110 1187 2372 1256 ejurasse,
2411 1196 2464 1241 et
2513 1186 2829 1257 martyrium
2857 1187 3088 1241 subiisse
3126 1187 3275 1242 dicit.
3315 1189 3397 1242 ld-

1826 1279 1972 1332 circo
2022 1278 2074 1331 in
2122 1277 2252 1345 ipsis
2299 1277 2694 1347 persecutionis
2762 1278 3000 1332 exordiis
3053 1277 3393 1349 Hippolytum

1824 1367 2106 1423 Novatiani
2127 1368 2379 1439 dogmata
2397 1370 2547 1438 sequi
2566 1370 2821 1438 oportuit;
2852 1371 2994 1439 quod
3019 1372 3063 1424 si
3086 1386 3267 1425 verum
3292 1382 3393 1436 est,

1825 1458 2139 1529 llippolytus
2173 1474 2302 1513 sane
2347 1473 2456 1513 non
2487 1460 2541 1512 in
2588 1460 2705 1529 ipso
2730 1460 2972 1530 martyrii
3012 1470 3284 1516 momento
3326 1463 3394 1517 ad

1824 1546 2118 1601 Ecclesiam
2162 1548 2340 1601 redire
2368 1548 2564 1616 potuit,
2608 1548 2701 1602 sed
2732 1548 2891 1619 longe
2923 1559 3046 1604 ante
3077 1552 3389 1622 martyrium

1821 1637 2011 1692 Novati
2041 1638 2275 1692 schisma
2306 1639 2548 1707 ejurasse
2576 1639 2836 1693 dicendus
2868 1650 3043 1696 esset:
3096 1646 3290 1696 etenim
3324 1644 3389 1708 si,

142 1743 413 1803 porteret;
444 1734 566 1797 sed,
594 1750 717 1788 cum
761 1751 944 1789 mense
971 1735 1114 1790 Julio
1141 1735 1197 1791 8.
1221 1735 1503 1791 Cornelius
1530 1736 1583 1789 in
1617 1752 1714 1790 ex-
1747 1720 1790 1779 Β
1818 1728 1946 1783 dum
1974 1729 2030 1783 in
2061 1728 2204 1784 Urbe
2248 1729 2583 1793 morabatur.
2616 1728 2929 1785 Novatianis
2960 1730 3091 1786 favit
3138 1733 3391 1805 Hippoly-

137 1826 317 1878 silium
354 1824 567 1878 missus
611 1823 771 1878 fuerit
802 1824 944 1895 (55),
970 1840 1032 1878 ac
1059 1840 1165 1878 non
1206 1825 1277 1878 ita
1311 1826 1417 1880 cito
1446 1825 1510 1878 ad
1538 1823 1596 1881 S.
1626 1824 1723 1896 Cy-

138 1915 391 1983 prianum
414 1955 429 1974 .
464 1916 559 1984 qui
598 1916 650 1968 in
683 1914 860 1970 Africa
890 1916 1146 1983 degebat,
1176 1916 1243 1969 de
1277 1916 1379 1970 hac
1410 1932 1467 1971 re
1497 1917 1721 1973 nuntius

135 2006 480 2075 pervenerit;
538 2006 649 2059 imo
691 2022 815 2061 cum
844 2023 909 2061 ex
936 2009 1055 2076 ipso
1076 2008 1315 2075 epistolae
1339 2017 1593 2063 contextu
1625 2026 1719 2079 pa-

134 2108 237 2150 teat
271 2096 332 2150 S.
367 2096 716 2161 Cornelium,
749 2098 876 2152 dum
908 2100 1195 2165 scribebat,
1232 2100 1342 2169 jam
1376 2101 1559 2155 multis
1599 2102 1715 2157 die-

134 2187 231 2240 bus
251 2187 439 2240 exsilii
474 2187 821 2242 incommoda
853 2188 1163 2257 pertulisse;
1204 2190 1397 2243 merito
1434 2190 1573 2244 hanc
1598 2190 1714 2260 epi-

133 2279 321 2330 stolam
371 2278 594 2332 labente
634 2278 877 2344 Augusto
924 2295 955 2332 a
1006 2278 1062 2332 S.
1114 2278 1386 2350 Cypriano
1438 2292 1712 2334 exaratam

134 2366 436 2434 putandum
470 2376 579 2430 est,
612 2382 772 2436 quem
800 2366 982 2421 forsan
1022 2369 1182 2437 paulo
1204 2376 1328 2422 ante
1352 2367 1475 2423 Idus
1512 2376 1575 2422 de
1613 2384 1715 2423 suo

131 2459 318 2511 exsilio
344 2459 645 2513 certiorem
684 2458 987 2512 reddiderat
1011 2457 1069 2512 S.
1107 2458 1420 2523 Cornelius;
1461 2459 1713 2529 quocirca

132 2548 403 2620 Hippolyti
439 2549 605 2604 istius
644 2550 961 2620 martyrium
1000 2550 1052 2604 iu
1093 2551 1240 2605 hisce
1262 2551 1517 2619 temporis
1541 2567 1711 2619 angu-

132 2643 243 2696 stiis
274 2642 579 2696 locandum
632 2642 806 2707 foret,
856 2658 978 2697 cum
1028 2642 1201 2712 ipsum
1256 2641 1439 2695 Idibus
1488 2643 1710 2711 Augusti

136 2748 356 2801 passum
391 2732 547 2786 dicat
577 2731 923 2788 Prudentius.
960 2734 1154 2789 Verum
1184 2734 1323 2787 hanc
1346 2734 1709 2787 narrationem

132 2839 234 2875 non
272 2821 636 2876 mediocriter
662 2832 967 2891 suspectam
990 2822 1223 2878 reddunt
1254 2839 1338 2888 ea,
1359 2838 1478 2892 qua:
1504 2822 1569 2877 de
1596 2821 1707 2878 No-

131 2915 361 2969 vatianis
408 2914 559 2967 haud
589 2914 821 2969 obscure
868 2914 1068 2968 indicat
1094 2913 1150 2967 8.
1182 2914 1481 2985 Cyprianus
1504 2916 1617 2985 (56)
1653 2916 1705 2968 in

129 3007 355 3075 epistola
392 3024 563 3077 quam
611 3022 793 3061 mense
827 3005 1102 3061 Decembri
1134 3006 1243 3077 (37)
1273 3006 1489 3075 scripsit
1532 3008 1597 3060 ad
1642 3005 1699 3059 S.

131 3098 353 3153 Lucium
379 3098 719 3167 pontificem,
746 3098 803 3151 S.
832 3097 1067 3152 Cornelii
1095 3112 1484 3162 successorem,
1513 3113 1701 3167 nempe

131 3188 467 3245 Novatianos
498 3190 676 3259 quiete
714 3204 775 3244 ac
802 3191 1087 3260 tranquille
1130 3191 1361 3260 degisse,
1397 3204 1496 3243 nec
1526 3205 1707 3258 perse-

130 3281 365 3334 cutionis
416 3280 799 3345 incommodis,
841 3283 1001 3334 etiam
1029 3290 1141 3334 tum
1170 3321 1184 3345 ,
1234 3279 1361 3334 dum
1414 3280 1700 3343 scribebat,

132 3372 296 3430 fuisse
327 3374 621 3428 obnoxios.
672 3393 692 3424 ι
737 3372 920 3443 Neque
949 3372 1113 3439 enim,
1140 3374 1333 3444 inquit,
1365 3374 1704 3443 persequitur

132 3475 183 3518 et
214 3466 502 3535 impugnat
539 3464 741 3520 Christi
776 3465 1137 3532 adversarius,
1185 3466 1287 3521 nisi
1326 3476 1499 3520 castra
1529 3474 1582 3520 et
1610 3467 1705 3519 mi-

132 3559 247 3613 lites
280 3559 525 3623 Cbristi,
579 3558 860 3614 haereticos
909 3568 1208 3628 prostratos
1240 3560 1405 3614 semel
1456 3568 1509 3614 et
1549 3560 1701 3628 ipsos

133 3666 258 3705 suos
318 3651 497 3705 factos
544 3652 843 3704 contemnit
881 3659 935 3705 et
985 3650 1236 3720 praeterit.
1296 3669 1314 3703 ι
1368 3650 1701 3719 Quapropter

197 3785 318 3849 (33)
360 3784 534 3853 Epist.
566 3783 654 3849 60,
690 3799 812 3852 pag.
845 3784 969 3837 270.

197 3854 319 3922 (54)
359 3854 438 3908 Ita
484 3856 643 3908 etiam
680 3855 906 3907 atlirmat
934 3854 1262 3913 Pearsonius
1294 3855 1347 3908 in
1394 3854 1552 3910 dictis
1586 3856 1699 3909 An-

134 3925 443 3994 ulibusiad
477 3940 678 3994 annum
706 3924 831 3989 252,
868 3923 895 3994 §
924 3925 1010 3983 12.
1043 3940 1096 3993 p.
1136 3926 1223 3978 50.

199 3995 322 4067 (55)
355 3993 644 4067 legendus
678 3994 817 4067 idem
852 3993 1177 4067 Pearsonius
1202 3996 1321 4067 cod.
1356 3996 1383 4067 §
1419 3996 1505 4061 12,
1530 4012 1580 4065 p.
1609 3997 1697 4053 50.

202 4065 321 4132 (56)
355 4063 525 4132 Epist.
566 4064 653 4126 61,
686 4062 854 4118 Lucio
882 4065 1027 4127 data,
1066 4081 1185 4133 pag.
1214 4066 1338 4119 ‘27-).

203 4135 320 4201 (57)
358 4133 543 4187 Mense
571 4133 849 4205 Decembri
890 4133 1057 4205 fuisse
1086 4136 1224 4187 hanc
1258 4137 1536 4205 epistolam
1570 4138 1702 4190 sori-

138 4213 278 4270 ptam
315 4205 607 4271 prudenter
635 4204 927 4257 arbitratur
953 4204 1370 4259 Pearsonius’in
1409 4208 1698 4260 Annalibus

137 4273 387 4345 Cyprjau.
418 4274 599 4327 citatis
621 4274 687 4345 ad
710 4289 909 4345 annum
935 4275 1061 4340 252,
1089 4275 1115 4343 §
1155 4275 1239 4345 19,
1274 4291 1396 4345 pag.
1427 4277 1516 4330 52.

201 4343 593 4467 (58ἐ9ουνιὶδε.
625 4342 692 4396 de
720 4342 779 4396 S.
805 4343 1031 4415 Cyprien
1050 4386 1063 4412 ,
1093 4342 1242 4414 praef.
1266 4342 1442 4414 ,7part.
1480 4346 1519 4411 Ι,
1555 4345 1582 4416 §
1610 4346 1698 4405 61,

204 4430 253 4467 2.
361 4454 376 4467 .
416 4428 487 4466 no
518 4453 533 4465 .
567 4430 620 4463 α.

206 4430 253 4475 g.
286 4422 376 4475 59,
416 4422 533 4466 not.
567 4430 620 4463 a.

140 4426 253 4479 pag.
286 4426 376 4475 δυ,
416 4426 533 4466 not.
567 4430 620 4463 a.

144 4548 161 4556 _
206 4482 316 4556 (59)
355 4482 441 4556 A‘d
473 4496 675 4556 annum
698 4481 827 4556 255,
857 4499 1007 4536 ιιυιιι.
1035 4485 1119 4550 19,
1150 4502 1269 4556 pag.
1296 4485 1386 4551 21,
1415 4486 1506 4540 ubi
1540 4486 1701 4539 etiam

142 4548 410 4605 Lamberti
445 4550 711 4605 sententia
743 4552 991 4606 refertur.

146 4622 309 4741 Πρω
351 4620 424 4675 In
452 4621 607 4676 Saint
635 4620 920 4690 Corncillc,
954 4624 1105 4679 artic.
1142 4626 1227 4688 16,
1268 4642 1390 4697 pag.
1420 4626 1543 4691 467,
1568 4634 1699 4677 tom.

210 4760 312 4829 (41)
352 4761 504 4814 Inter
530 4761 801 4817 variorum
836 4771 992 4817 notas
1032 4763 1097 4816 ad
1128 4765 1472 4819 Anastasium
1505 4763 1702 4817 Biblio-

148 4830 458 4895 thecariutu,
494 4846 615 4899 qua:
641 4842 855 4887 exstant
886 4834 939 4886 in
979 4834 1172 4899 celebri
1208 4836 1442 4889 editione
1476 4834 1544 4887 ab
1579 4850 1703 4886 eru-

144 4899 407 4954 ditissimo
438 4902 556 4972 viro
588 4901 874 4957 Francisco
906 4902 1203 4957 Blanchino
1236 4906 1517 4967 adornata,
1552 4920 1701 4972 repe-

145 4971 346 5023 riuntur
394 4971 556 5023 etiam
609 4984 747 5026 notae
786 4972 1072 5027 clarissimi
1120 4975 1218 5027 viri
1264 4974 1518 5038 Bericini;
1566 4971 1701 5026 etin

149 5048 519 5111 [enrnostram
548 5041 768 5111 legenda
799 5052 946 5107 sunt,
968 5060 1088 5111 quae
1116 5044 1169 5096 in
1195 5056 1317 5097 nota
1351 5046 1383 5095 5
1425 5044 1490 5097 ad
1529 5042 1699 5095 Vitam

150 5107 463 5181 SLCornelii
488 5107 640 5181 papfe
673 5127 793 5181 pag.
821 5112 941 5175 197,
972 5107 1078 5167 col.
1113 5115 1162 5172 1.
1195 5115 1321 5167 edit.
1360 5114 1543 5166 “Uilla?
1572 5113 1697 5165 anni

152 5176 291 5251 172.3,
326 5189 458 5251 tom.
486 5176 867 5251 ll,7ltal;)en'tur.
891 5181 1118 5251 (I’atrol.
1140 5183 1341 5237 Latina:
1362 5196 1398 5237 t.
1421 5181 1697 5249 CXXVII).

152 5313 165 5321 υ
212 5248 314 5315 (ιί)
356 5246 412 5321 In
444 5250 605 5321 fpist.
660 5250 697 5302 2
728 5252 811 5321 ad
870 5246 1348 5321 Sympronianum,
1385 5268 1506 5321 quae
1530 5246 1700 5306 exstat

153 5316 201 5365 La
224 5329 349 5389 tom.
390 5316 404 5368 Ι
429 5316 765 5373 Collectionis
791 5316 1033 5375 maxime}:
1063 5316 1416 5376 conciliorttm'
1430 5323 1703 5389 Hispania:

152 5389 283 5461 (ἴδω.
312 5388 645 5461 d_e_5\quirre
689 5392 941 5445 editionis
972 5390 1185 5461 Joscpbi
1237 5393 1479 5446 Catalani
1518 5388 1702 5445 Itonia:

155 5459 263 5508 anni
303 5456 456 5522 1755,
484 5456 681 5532 inquo
713 5462 823 5515 haec
851 5462 952 5514 ait:
984 5483 999 5511 ι
1032 5456 1358 5518 Novatianus
1387 5464 1699 5532 martyrium

161 5540 418 5602 nunquam
458 5530 596 5602 tulit,
644 5546 741 5602 nec
788 5547 850 5585 ex
900 5533 1077 5587 verbis
1124 5534 1417 5588 beatissimi
1446 5530 1699 5602 Cypriani

159 5598 581 5671 audiLuiiListud,
607 5610 701 5653 aut
722 5601 914 5656 lectttm
948 5611 1045 5663 est,
1080 5622 1097 5653 ›
1126 5619 1242 5671 pag.
1273 5604 1396 5665 5:25,
1426 5598 1573 5655 nmo.
1608 5602 1697 5654 55.

226 5665 331 5732 (15),
364 5664 447 5723 Uti
500 5670 761 5725 habemus
812 5672 862 5725 iu
913 5670 1082 5725 I‘imlii
1126 5664 1480 5737 'Bt'bliol/trca,
1518 5675 1699 5725 (ZO’iiCL‘

1822 1827 1943 1888 tus,
1984 1821 2159 1891 ipsum
2203 1836 2477 1889 nunquam
2530 1821 2878 1876 damnassent
2925 1822 3164 1889 ethnici,
3208 1835 3390 1894 utpote

1819 1910 1911 1979 qui
1936 1910 2386 1978 persecutionem,
2412 1919 2471 1963 ut
2495 1909 2755 1973 diximus,
2782 1910 2833 1963 in
2851 1910 3156 1965 Catholicos
3181 1922 3387 1966 tantum

1819 2002 2181 2068 concitarint;
2213 2002 2321 2055 imo
2350 2002 2490 2055 hanc
2523 2002 2694 2071 ipsam
2732 2003 3158 2071 persecutionem
3210 2002 3386 2058 Nova-

1820 2092 1951 2146 tiani
1983 2090 2283 2154 molitione,
2305 2099 2363 2142 ut
2384 2099 2629 2145 sanctum
2662 2090 2971 2145 Cornelium
2999 2092 3100 2146 sibi
3131 2092 3385 2147 zemulum

1817 2182 1882 2237 de
1912 2181 2087 2235 medio
2133 2181 2374 2245 tolleret,
2423 2191 2750 2236 commotam
2786 2182 2952 2238 fuisse
3002 2198 3109 2237 non
3158 2184 3259 2238 levi
3301 2201 3387 2238 ra-

1816 2274 1981 2327 tionis
2011 2282 2286 2327 momento
2316 2288 2382 2327 ex
2429 2272 2588 2327 Libro
2626 2275 2920 2343 pontiﬁcali
2965 2276 3271 2345 suspicatus
3304 2287 3385 2332 est

1815 2365 2082 2419 Bencinus
2108 2366 2260 2435 (11);
2315 2365 2460 2434 quod
2507 2381 2636 2419 sane
2675 2364 2818 2420 haud
2850 2366 3198 2422 inverisimile
3228 2370 3383 2424 nobis

1814 2455 2044 2518 videtur,
2071 2470 2192 2508 cum
2225 2454 2557 2510 Novatianus
2599 2472 2877 2526 nunquam
2903 2497 2918 2519 ,
2956 2467 3011 2511 ut
3039 2459 3235 2513 diserte
3264 2476 3383 2515 mo-

1813 2557 1903 2602 net
1942 2546 1999 2603 S.
2028 2547 2292 2602 Pacianus
2316 2548 2449 2618 (42),
2480 2549 2794 2619 martyrium
2833 2550 3093 2617 subierit;
3133 2554 3383 2620 quamvis

1812 2639 1956 2694 illius
2008 2640 2225 2694 asseclze
2275 2640 2518 2702 quaedam
2545 2640 2679 2693 Acta
2710 2640 2763 2693 in
2810 2640 3002 2710 vulgus
3050 2643 3379 2707 emiserint,

1811 2743 1931 2797 quae
1954 2726 2310 2783 Novatianum
2345 2738 2634 2800 martyrem
2658 2729 2858 2785 obiisse
2889 2730 3087 2784 ferunt.
3118 2730 3239 2786 Ilaec
3263 2749 3380 2787 me-

1811 2818 1913 2871 rito
1939 2818 2126 2887 rejecit
2155 2818 2214 2872 8.
2247 2818 2507 2890 EuIOgius
2542 2819 2939 2875 Alexandrinus
2964 2822 3074 2891 (45)
3101 2863 3116 2889 ,
3165 2827 3257 2893 qui
3302 2842 3379 2879 se-

1812 2920 1901 2964 xto
1933 2909 2135 2965 Christi
2179 2911 2375 2965 smculo
2413 2910 2614 2966 ﬂoruit.
2650 2912 2743 2966 llis
2777 2913 2898 2966 addi
2943 2923 3117 2982 potest
3142 2915 3387 2971 luculen—

1812 3002 2083 3056 tissimum
2117 3003 2471 3062 vetustissimi
2514 3004 2794 3073 scriptoris
2825 3005 2935 3076 (44)
2975 3009 3382 3083 testimonium,

1805 3094 1898 3163 qui
1932 3095 2031 3148 hoc
2070 3095 2259 3149 eodem
2310 3104 2549 3164 tempore
2578 3094 3001 3151 Novatianorum
3048 3100 3375 3154 dementiam

1804 3186 2003 3240 acriter
2052 3186 2345 3241 insectatus
2388 3197 2471 3242 est
2521 3188 2718 3259 insigni
2769 3189 2859 3243 illo
2890 3190 3188 3258 opusculo,
3232 3191 3375 3260 quod

1804 3279 1944 3334 inter
1994 3278 2052 3333 8.
2097 3280 2352 3351 Cypriani
2380 3281 2543 3335 dubia
2576 3283 2847 3337 recensuit
2892 3298 3055 3352 opera
3099 3282 3378 3337 Bellarmi—

1802 3388 1906 3427 nus
1934 3372 2080 3442 (45),
2108 3382 2156 3426 ct
2187 3372 2457 3427 Pamelius
2502 3374 2613 3443 (46)
2662 3390 2725 3429 ac
2772 3375 3000 3429 Gravius
3048 3376 3159 3445 (47)
3202 3376 3373 3431 eidem

1806 3462 1866 3517 S.
1917 3463 2191 3534 Cypriano
2238 3466 2473 3519 tribucre
2517 3481 2624 3519 non
2653 3466 2989 3534 dubitarunt,
3028 3468 3212 3538 inquo
3251 3484 3375 3523 cum

1803 3555 2105 3624 improbam
2133 3556 2277 3609 illam
2320 3558 2791 3612 schismatieorum
2825 3561 3171 3622 severitatem
3204 3560 3376 3631 lapsis

1802 3645 2063 3702 fratribus
2085 3648 2522 3703 communionem
2548 3652 2856 3722 negantium
2896 3652 3245 3722 perstringat,
3282 3668 3379 3707 eos

1800 3796 2039 3847 cnxxxtt,
2073 3781 2333 3855 pagani
2363 3802 2375 3836 :
2424 3802 2441 3834 r
2480 3782 2546 3837 At
2574 3785 2627 3837 itt
2670 3794 2823 3840 sexto
2861 3785 3043 3854 (libro
3071 3788 3371 3855 Eulogius)

1801 3856 2021 3919 evertit,
2064 3852 2157 3920 qui
2191 3852 2256 3906 de
2289 3852 2584 3907 Novatiana
2619 3864 2762 3909 secta
2808 3852 3055 3910 feruntur
3100 3852 3375 3910 contineo?-

1802 3925 1991 3988 tarios,
2036 3929 2089 3975 et
2131 3921 2266 3995 falso
2311 3924 2632 3993 inscriptum
2678 3924 2867 3977 Novati
2921 3928 3157 3995 episcopi
3200 3938 3373 3980 certa-

1803 4008 1959 4059 men,
1998 4012 2018 4044 )
2052 4002 2109 4061 et
2146 3994 2266 4045 cod.
2322 4008 2547 4059 ccuxx,
2597 4008 2650 4061 p.
2702 3995 2872 4047 1622:
2924 4012 2941 4043 ‹
2994 3994 3158 4048 Libro
3219 4009 3373 4051 sexto

1802 4064 2037 4137 ostendit
2069 4060 2257 4115 Novati
2288 4061 2506 4127 falsum,
2539 4060 2681 4133 quod
2729 4064 3129 4131 circumfertur,
3168 4078 3371 4137 marty-

1802 4133 1966 4198 rium,
2008 4153 2027 4185 ι
2065 4142 2168 4187 etc.

1873 4202 1984 4272 (44)
2010 4202 2211 4275 Exstat
2232 4200 2371 4256 inter
2394 4216 2556 4275 opera
2583 4202 2638 4259 S.
2665 4204 2934 4275 Cypriane
2957 4204 3115 4275 vulgo
3139 4206 3367 4274 ascripta

1803 4271 1856 4325 in
1882 4265 2129 4345 editione
2154 4271 2389 4345 Operam
2424 4265 2665 4345 ejusdem
2703 4265 2761 4329 Si
2799 4265 3078 4345 Cyprianiv
3098 4265 3369 4344 rec0gtiita

1803 4352 1855 4414 et
1885 4342 2150 4414 illustrata
2184 4358 2214 4414 a
2240 4340 2616 4414 JoanneFello
2637 4340 2927 4399 OxOniciisi
2958 4345 3211 4414 episcopo
3233 4340 3368 4399 edit.

1740 4414 1777 4466 D
1808 4412 1899 4467 cit.
1931 4412 2315 4467 Amstclodami
2343 4414 2598 4483 pag.715,
2644 4424 2698 4469 et
2746 4416 3055 4483 liujusmoili
3111 4412 3371 4481 tractatus

1807 4484 1880 4554 ita
1920 4483 2266 4554 inscribitur:
2318 4483 2399 4534 Ad
2440 4482 2799 4537 Novatiannm
2828 4482 3184 4552 'hwreticum,
3232 4487 3368 4554 quod

1804 4552 1973 4624 lapsis
1997 4570 2109 4624 spes
2137 4553 2297 4624 venia:
2325 4568 2426 4624 non
2457 4564 2531 4605 est
2558 4555 2876 4624 deneganda.

1824 4657 1839 4673 .
1874 4623 1987 4693 (45)
2026 4623 2101 4675 De
2130 4622 2470 4695 scriptoribus
2500 4622 2883 4695 ecclesiasticis,
2914 4626 2965 4678 in
2992 4624 3049 4680 S.
3082 4624 3366 4695 Cypriane,

1804 4708 1856 4761 p.
1885 4689 2111 4748 51'edtt.
2137 4689 2348 4764 Veneta:
2377 4709 2520 4747 anno
2549 4694 2706 4761 1728,
2739 4689 2971 4764 Operum
3009 4689 3287 4759 tomf'Vll,
3315 4698 3366 4748 in

1804 4779 1933 4831 quo,
1971 4764 2136 4817 multa
2173 4763 2237 4813 de
2266 4764 2451 4815 eodem
2485 4774 2589 4817 tam
2625 4766 2677 4818 in
2708 4763 3086 4821 dissertatione
3114 4767 3367 4821 historica

1804 4849 1966 4901 quam
1998 4834 2051 4886 in
2086 4832 2457 4899 supplemento
2487 4835 2695 4888 erudite
2726 4836 3040 4890 aﬂeruntur.

1876 4904 1986 4972 (46)
2024 4902 2557 4975 .lacobusPamclius
2588 4904 2878 4975 Brugensis
2916 4909 2966 4959 in
3003 4904 3253 4958 Flandria
3280 4920 3369 4958 ca-

1805 4975 2036 5045 nonicos
2075 4974 2590 5045 etiarchidiaconus
2628 4974 2789 5044 opera
2843 4977 2898 5029 S.
2946 4976 3198 5045 Cypriani
3245 4992 3367 5028 cum

1806 5044 2109 5111 insignibus
2152 5044 2205 5096 in
2240 5060 2301 5095 ea
2336 5048 2741 5100 commentariis
2779 5048 3064 5112 cvulgavrt,
3105 5045 3371 5111 impressa

1805 5113 1856 5165 in
1895 5112 1988 5184 fol.
2022 5114 2342 5181 Anlwcrpiae
2368 5130 2512 5168 anno
2542 5113 2700 5170 1568.
2753 5116 2825 5170 De
2872 5114 3179 5184 hujusmodi
3212 5129 3371 5183 Opere

1805 5184 1861 5235 8.
1895 5182 2167 5255 Cypriane
2198 5185 2453 5251 aseripto,
2489 5188 2607 5239 vide
2648 5202 2768 5255 quae
2800 5182 3063 5255 habentur
3091 5196 3211 5251 pag.
3244 5186 3368 5246 454,

1803 5269 1922 5321 cap.
1954 5255 2007 5309 2.
2044 5253 2243 5308 Eadem
2269 5268 2431 5321 Opera
2458 5257 2525 5309 ab
2552 5253 2849 5325 ipso'etiam
2878 5254 3204 5321 Antwerpize
3227 5268 3374 5325 anno

1806 5324 1942 5395 1589
1982 5340 2172 5380 recusa
2207 5336 2365 5395 sunt:
2414 5324 2697 5395 legendum
2748 5324 3187 5395 supplementum
3223 5324 3373 5395 apud

1804 5392 2187 5465 llellarminutn
2236 5394 2340 5446 loc.
2379 5392 2490 5448 cit:
2518 5412 2637 5465 pag.
2672 5396 2768 5452 55.
2818 5396 2906 5447 ubi
2952 5395 3073 5448 alite
3107 5392 3375 5448 editiones

1807 5464 2117 5531 liujnsmodi
2146 5479 2369 5533 operum
2403 5464 2770 5518 recensentur.

1875 5534 1985 5603 (47)
2028 5532 2288 5588 Henricus
2313 5532 2543 5587 Gravius
2569 5551 2633 5587 cx
2666 5534 3142 5588 Dominicanorum
3173 5533 3372 5588 familia

1804 5604 2040 5671 ejusdem
2070 5605 2143 5675 8.
2200 5604 2451 5675 Cypriani
2505 5620 2664 5671 opera
2703 5604 2866 5675 edidit
2915 5606 3150 5660 Colonia:
3190 5603 3369 5660 iit—fol.

1808 5692 1949 5730 anno
1988 5674 2138 5740 1511⁵,
2174 5677 2225 5729 in
2249 5674 2467 5731 follieina
2495 5674 2887 5741 Qurntrlliana.
