3844 6188
171 187 260 241 437

896 184 983 237 DE
1023 182 1409 239 PORTUENSI
1450 183 1505 237 S.
1546 181 1784 236 HIPPHL
1801 181 1899 235 YTI
1943 182 2133 235 SEDE.
2170 210 2235 221 —
2275 180 2451 234 PARS
2491 180 2530 235 ἰ.

3237 182 3342 234 ιδδ
3362 192 3366 260 3

159 316 347 359 tantum
376 301 432 355 ad
459 298 873 363 Centumcellas,
904 302 1082 354 locum
1116 302 1527 370 periucundum,
1550 302 1676 354 dor-
1706 307 1749 359 Α
1780 298 1985 363 fuerat;
2041 299 2267 368 ideoque
2318 315 2347 351 a
2392 306 2564 353 morte
2601 298 2743 353 Decii
2792 298 2855 352 ad
2892 296 3162 368 Hippolyti
3200 314 3344 350 mar-

161 393 403 447 mitionem
432 389 699 456 accepisse
734 389 893 442 dicat.
920 388 1196 443 Pearsonii
1228 390 1548 445 sententiam
1573 400 1679 444 sta—

166 486 251 538 tim
282 481 526 548 amplexus
556 490 639 532 est
664 479 859 547 Pagius
882 479 1012 549 (6i),
1046 489 1097 533 et
1124 481 1375 551 deinceps
1400 481 1680 537 Tillemon-

160 572 257 625 tius
284 568 375 636 (69.)
398 608 411 632 ,
459 575 511 619 et
543 566 741 636 Pagius
775 565 963 619 Junior
992 567 1134 635 (65);
1166 567 1467 621 Ceillier-ius
1502 578 1679 622 tamen

161 661 213 717 S.
262 660 548 713 Cornelium
605 667 896 729 martyrem
938 659 1139 712 obiisse
1196 660 1317 713 solo
1372 659 1679 729 Hieronymi

156 752 421 805 testimonio
454 751 689 805 credidit
714 752 847 818 (64).
882 749 1241 819 Quapropter,
1279 760 1337 803 ut
1366 751 1433 805 ad
1471 766 1680 822 anony-

149 856 273 896 mum
300 851 535 895 nostrum
574 849 933 905 revertamur,
978 841 1173 893 mirum
1200 856 1329 895 sane
1354 841 1521 895 videri
1554 857 1680 911 pos-

146 942 216 988 set
239 932 535 985 Africanum
591 932 913 1001 scriptorem
959 943 1065 985 tam
1102 941 1353 986 accurate
1386 932 1679 1001 exquisite-

144 1039 233 1092 que
257 1023 414 1077 sancti
439 1021 681 1076 Cornelii
705 1023 929 1092 ejusque
953 1024 1224 1077 sociorum
1246 1024 1587 1094 martyrium,
1617 1041 1679 1079 ac

143 1115 399 1183 ipsammet
436 1112 575 1167 Galli
610 1114 1039 1182 persecutionem
1074 1114 1349 1175 laudasse,
1388 1130 1528 1183 qum,
1577 1114 1679 1170 Pa-

140 1206 212 1273 gio
232 1203 335 1272 (65)
357 1212 507 1267 teste,
546 1203 831 1258 Africanos
855 1205 1036 1259 iideles
1059 1205 1199 1258 haud
1223 1206 1427 1259 aﬂlixit.
1453 1206 1560 1261 Nec
1580 1211 1676 1261 mi-

139 1310 238 1347 rum
260 1295 395 1362 quod
442 1296 724 1349 Romanus
748 1296 973 1364 scriptor
1000 1295 1316 1350 Felicissimi
1348 1299 1675 1354 schismatici

139 1384 421 1439 meminisse
449 1386 723 1451 videatur;
752 1402 874 1439 nam
901 1385 956 1439 S.
980 1385 1279 1457 Cyprianus
1298 1388 1407 1457 (66)
1429 1390 1677 1457 perditis-

136 1476 238 1528 simi
263 1476 492 1529 bominis
512 1476 732 1531 fraudes
757 1492 849 1545 per
874 1478 1127 1546 epistolas
1150 1493 1293 1531 anno
1324 1481 1589 1549 superiori
1617 1484 1671 1536 S.

134 1565 360 1620 Cornelio
380 1576 542 1636 atque
578 1568 748 1636 ipsius
777 1569 921 1622 clero
948 1570 1057 1637 jam
1081 1570 1435 1638 patefecerat;
1466 1573 1672 1641 ipsum-

1782 391 1979 461 tyrium
2028 405 2220 443 novem
2257 405 2470 444 menses
2504 390 2946 444 intercesserunt.
2990 388 3172 458 Neque
3203 405 3343 442 anno

1782 479 2067 547 superiori,
2116 477 2276 533 Decio
2320 478 2495 532 adhuc
2538 478 2770 541 vivente,
2808 478 3064 548 martyrio
3097 480 3345 531 coronari

1782 570 1955 638 potuit
1982 568 2298 639 Hippolytus
2332 569 2452 634 iste,
2489 584 2649 638 quem
2683 585 2851 623 unum
2883 584 2947 622 ex
2977 568 3213 636 quinque
3240 567 3346 621 illis

1786 662 2135 731 presbyteris,
2177 660 2268 729 qui
2300 659 2599 715 Novatiano
2628 676 2685 714 se
2719 661 3018 724 sociarunt,
3052 659 3219 713 fuisse
3249 676 3345 712 su-

1780 754 2086 822 spicantur;
2134 752 2476 822 presbyteros
2510 752 2654 805 enim
2678 751 2815 820 ,illos
2841 766 3027 805 mense
3056 749 3345 805 Novembri

1779 844 2020 914 ejusdem
2059 843 2186 897 anni
2218 842 2271 895 in
2310 842 2601 897 schismate
2634 842 2809 897 adhuc
2847 842 3209 911 permansisse
3231 842 3346 910 epi-

1780 934 1914 989 stola
1969 933 2025 987 S.
2076 933 2311 987 Cornelii
2345 934 2410 987 ad
2465 933 2689 987 Fabium
2726 933 3125 987 Antiochenum
3164 941 3346 1001 aperte

1780 1042 1880 1079 nos
1910 1036 2125 1089 monet;
2163 1026 2454 1093 quominus
2486 1040 2613 1079 vero
2652 1025 2826 1094 ipsum
2868 1024 3210 1096 Hippolytum
3243 1025 3346 1079 sub

1778 1116 1929 1171 Gallo
1976 1132 2191 1186 passum
2235 1116 2542 1182 credamus,
2590 1116 2945 1171 disertissima
2984 1117 3039 1170 S.
3088 1115 3344 1187 Cypriani

1776 1216 1832 1261 et
1877 1206 2224 1261 vetustissimi
2267 1206 2519 1276 anonymi
2555 1206 2859 1260 testimonia
2894 1221 2995 1259 nos
3033 1205 3340 1275 prohibent,

1777 1312 1840 1349 ex
1873 1298 2069 1366 quibus
2110 1297 2165 1350 in
2196 1296 2501 1351 Catholicos
2549 1306 2754 1350 tantum
2793 1296 3220 1365 persecutionem
3249 1311 3344 1349 ex-

1777 1387 1995 1440 citatam
2038 1386 2205 1440 fuisse
2237 1394 2487 1455 apparet;
2543 1385 2685 1454 quod
2719 1401 2841 1439 cum
2876 1384 3344 1439 animadvertisset

1777 1477 2150 1532 Tillcmontius
2173 1478 2315 1549 (70),
2358 1477 2698 1547 Hippolytum
2723 1517 2736 1540 ,
2772 1484 2830 1528 ut
2860 1475 3052 1544 inquit,
3087 1474 3343 1529 Romana:

1779 1567 2027 1623 Ecclesia:
2069 1569 2439 1637 presbyterum
2472 1609 2485 1631 ,
2544 1567 2645 1620 hac
2697 1566 2914 1635 quidem
2968 1565 3341 1633 persecutione

134 1672 222 1723 que
253 1658 411 1710 etiam
441 1658 504 1711 de
536 1658 676 1713 facie
704 1659 843 1713 idem
867 1660 1099 1729 scriptor
1126 1676 1346 1716 noscere
1372 1638 1565 1731 potuit,
1600 1680 1664 1717 ex

1776 1673 2017 1726 passum,
2050 1658 2141 1711 sed
2177 1658 2414 1711 schisma
2451 1657 2519 1710 ab
2548 1656 2665 1725 ipso
2698 1657 2962 1725 superiori
2993 1672 3137 1709 anno
3158 1656 3341 1725 cjura-

132 1762 186 1800 eo
208 1749 340 1816 quod
375 1765 561 1804 mense
594 1748 758 1803 Junio
790 1751 950 1819 hujus
981 1752 1109 1804 anni
1142 1750 1198 1805 S.
1234 1752 1521 1809 Cornelius
1558 1756 1667 1825 (67)

135 1858 150 1889 ι
180 1854 293 1894 cum
322 1838 551 1893 Romam
583 1842 964 1897 schismaticus
996 1844 1158 1896 homo
1185 1844 1421 1899 venisset
1440 1847 1669 1915 stipatus

130 1938 342 1996 caterva,
402 1942 455 1985 et
508 1931 745 1987 factione
798 1934 1234 2003 desperatorum,
1285 1938 1433 1992 illum
1492 1940 1670 2009 vigore

130 2022 265 2089 pleno
300 2021 366 2075 de
412 2021 655 2077 Ecclesia
698 2026 918 2093 pepulit.
973 2046 991 2077 ι
1045 2028 1113 2082 At
1146 2044 1269 2084 eum
1300 2032 1670 2100 superioribus

128 2114 263 2167 annis
330 2115 686 2170 doctissimus
754 2118 1052 2174 monachus
1114 2119 1440 2177 Prudentius
1496 2122 1670 2177 Mara-

128 2219 211 2255 nus
243 2204 377 2274 (68),
409 2206 501 2274 qui
540 2204 596 2259 S.
635 2206 885 2276 Cypriani
908 2208 1081 2264 Vitam
1107 2212 1413 2282 descripsit,
1442 2232 1669 2285 eamque

128 2294 272 2361 ipsius
302 2294 575 2363 0pcribus
626 2296 828 2351 Baluzii
876 2301 1020 2355 curis
1080 2305 1373 2373 recognitis
1416 2307 1665 2375 praefivit,

128 2385 243 2440 hanc
271 2388 410 2441 Galli
442 2390 873 2458 persecutionem
909 2392 960 2445 in
989 2392 1269 2449 Africanas
1292 2398 1452 2451 etiam
1489 2398 1667 2454 Eccle-

128 2476 215 2526 sias
240 2489 547 2543 grassalam
574 2494 695 2533 esse
716 2480 1119 2536 evidentissime
1143 2485 1456 2563 ostendi-rit,
1480 2504 1543 2542 ac
1573 2489 1670 2543 do-

125 2566 340 2620 ctissimo
385 2566 625 2623 Pamelio
671 2570 786 2625 haec
823 2576 1073 2643 anonymi
1101 2574 1282 2639 verba,
1335 2593 1353 2626 ‹
1395 2585 1446 2630 et
1488 2594 1669 2631 sacra—

126 2668 337 2710 mentum
368 2658 753 2729 Baptismatis,
786 2664 929 2731 quod
965 2664 1019 2717 in
1058 2666 1285 2719 salutem
1319 2670 1528 2737 generis
1567 2671 1667 2723 hu-

123 2751 244 2803 mani
272 2754 577 2820 provisum,
601 2765 654 2810 et
687 2756 787 2809 soli
814 2755 1066 2812 Ecclesia:
1095 2760 1299 2815 cmlesti
1339 2763 1548 2817 ratione
1580 2780 1667 2819 ce-

124 2840 308 2896 lebrare
349 2858 449 2913 per
479 2860 544 2898 os
577 2860 733 2899 suum
763 2850 1105 2916 praeostendit
1134 2850 1267 2921 (69),
1300 2870 1320 2904 ι
1360 2853 1664 2909 Africanam

1772 1759 1883 1802 tum
1936 1748 2196 1812 credidit;
2249 1748 2390 1816 quod
2445 1757 2624 1801 tamen
2680 1746 2879 1816 duplici
2940 1747 3163 1800 rationis
3218 1762 3337 1799 mo-

1772 1850 1955 1895 mento
2004 1840 2200 1893 falsum
2249 1854 2370 1894 csse
2414 1849 2592 1908 patet;
2647 1838 2822 1907 primo
2854 1839 2977 1908 quia
3012 1837 3338 1892 Prudentius

1772 1948 1881 1986 uno
1919 1932 2219 2001 eodemque
2267 1941 2506 1999 tempore
2541 1930 2887 2000 Hippolytum
2938 1930 3175 1985 schisma
3216 1931 3336 2000 eju-

1772 2041 1921 2077 rasse
1957 2033 2010 2078 et
2059 2024 2375 2093 martyrium
2434 2023 2667 2078 subiisse
2716 2022 2895 2086 dicit;
2951 2022 3208 2087 secundo,
3270 2037 3337 2075 ex

1770 2115 1995 2185 epistola
2055 2114 2111 2169 S.
2154 2114 2411 2177 Cornelii,
2460 2128 2582 2182 qua:
2621 2114 2722 2168 sub
2752 2114 2910 2167 linem
2940 2114 3178 2182 ejusdem
3210 2114 3337 2166 anni

1770 2206 2075 2274 conscripta
2126 2204 2246 2268 fuit,
2307 2205 2647 2273 apertissime
2696 2213 2906 2257 constat
2947 2207 3184 2273 quinque
3217 2205 3336 2257 illos

1770 2300 2130 2369 presbyteros,
2181 2298 2274 2367 qui
2312 2298 2597 2353 adversum
2644 2298 2817 2366 ipsum
2865 2314 2986 2352 cum
3036 2296 3336 2351 Novatiano

1769 2390 2006 2444 schisma
2048 2388 2431 2455 conflaverant,
2477 2390 2714 2444 nondum
2748 2391 3056 2459 resipuisse.
3092 2392 3338 2460 Quapro-

1769 2489 1887 2548 pter
1932 2478 2271 2551 Hippolytus,
2310 2480 2354 2534 si
2389 2496 2529 2535 unus
2558 2496 2623 2535 ex
2659 2481 2764 2536 illis
2792 2481 2913 2548 fuit,
2955 2483 3009 2535 in
3043 2484 3334 2538 schismate

1768 2578 1880 2624 toto
1912 2569 2015 2624 hoc
2046 2585 2189 2623 anno
2209 2570 2573 2639 permansisse
2596 2570 2857 2625 dicendus
2880 2582 2981 2625 est.

1873 2658 2010 2713 XVI.
2056 2658 2339 2713 Frontonis
2390 2660 2572 2715 Ducazi
2618 2662 2876 2714 sententia
2908 2661 3225 2730 exploditur.

1838 2748 2070 2819 Rejectis
2088 2750 2247 2818 igitur
2271 2750 2541 2805 Ruinartii
2563 2759 2616 2805 et
2639 2749 2965 2805 Tillemontii
2983 2752 3328 2820 conjecturis,

1770 2840 1845 2892 nil
1875 2842 2033 2894 nobis
2058 2851 2299 2909 superest
2332 2842 2625 2911 quominus
2649 2840 2991 2913 Hippolytum
3020 2843 3169 2896 illum
3196 2842 3333 2896 Pru-

122 2930 174 2983 dc
192 2930 464 3001 Baptismo
498 2935 799 2990 doctrinam
830 2955 1018 3008 sapere
1045 2941 1159 2995 visa
1182 2943 1309 3008 sint,
1341 2958 1370 2995 τι
1398 2960 1503 3013 qua
1524 2962 1659 3001 sem.
1691 2968 1736 3030 ο
1770 2934 1935 2987 dentii
1980 2934 2314 2989 carminibus
2347 2934 2774 3000 celeberrimum,
2803 2935 3177 2989 vetustissima:
3198 2933 3331 2987 Por-

123 3038 202 3090 per
231 3023 475 3080 Romana
504 3028 785 3084 abhorruit
812 3030 1080 3098 Ecclesia;
1103 3032 1388 3091 Africanus
1417 3036 1537 3091 ideo
1565 3038 1665 3093 hu-

120 3113 254 3181 jusee
278 3118 529 3185 opusculi
561 3130 749 3175 auctor
781 3121 1040 3178 dicendus
1060 3125 1181 3179 erit.
1216 3124 1320 3180 Sed
1348 3127 1431 3181 his
1462 3129 1663 3196 missis,

124 3206 174 3258 ad
206 3206 550 3279 Hippolytum
593 3221 837 3266 nostrum
869 3213 1062 3268 iterum
1089 3231 1145 3270 se
1167 3227 1443 3272 convertat
1470 3221 1662 3285 oratio,

123 3310 261 3361 quem
294 3314 430 3352 sane
452 3313 517 3353 ex
549 3300 653 3363 his,
687 3317 807 3370 qua:
830 3302 1110 3373 hucusque
1130 3304 1547 3374 disputavimus,
1569 3325 1666 3363 nec

124 3382 271 3449 Decii,
330 3404 435 3442 nec
495 3388 630 3443 Galli
686 3394 1059 3461 persecutione
1112 3397 1426 3465 martyrium
1484 3399 1665 3453 subire

122 3478 362 3544 potuisse,
414 3488 471 3533 ut
521 3479 785 3535 hactenus
834 3483 974 3537 docti
1011 3484 1111 3537 viri
1146 3487 1507 3556 crediderunt,
1555 3504 1662 3544 non

122 3565 329 3621 obscure
382 3584 485 3623 nos
546 3571 806 3639 probasse
877 3575 1221 3630 arbitramur.
1286 3577 1543 3635 Bailettus
1610 3570 1677 3635 et.

120 3650 403 3711 Ccillierins
432 3657 608 3726 ipsum
656 3657 837 3713 Idibus
892 3659 1116 3731 Augusti
1151 3678 1293 3717 anno
1332 3664 1531 3719 Christi
1556 3664 1664 3720 252

121 3762 320 3815 passum
368 3749 473 3803 sub
508 3748 668 3803 Decio
714 3752 931 3819 dicunt;
967 3754 1059 3807 sed
1101 3755 1209 3823 jam
1256 3754 1452 3811 Decius
1480 3773 1663 3813 mense

120 3835 388 3894 Novembri
413 3840 543 3894 anni
585 3844 899 3911 superioris,
926 3855 984 3898 ut
1016 3844 1275 3911 diximus,
1305 3846 1660 3917 interemptus

120 3988 530 4069 Pambrochium
562 3994 737 4049 inAct.
769 4006 1067 4069 sanctorum
1097 4000 1297 4055 mensis
1328 4001 1525 4069 Aprilis
1556 4012 1593 4056 t.
1618 4003 1658 4066 1,

122 4074 161 4139 p.
194 4062 259 4114 25
286 4059 651 4139 edit_.__Veneta:
671 4080 769 4139 an.
804 4066 963 4139 1737:
990 4086 1008 4118 ι
1038 4059 1529 4139 Οοιπιιθιίιιδ..ῖροεῐ
1559 4059 1659 4129 hoc

118 4130 480 4211 Centumcellis
525 4136 823 4202 expulsus,
879 4138 950 4191 ibi
995 4153 1117 4191 cum
1165 4141 1329 4209 gloria
1367 4130 1654 4197 dormitio-

122 4215 223 4251 uem
252 4211 478 4269 accepit.
517 4220 535 4252 ι

1773 3025 1981 3080 tuensis
2025 3026 2168 3081 sedis
2217 3026 2510 3083 antistitem
2554 3024 2723 3081 fuisse
2770 3026 3064 3081 credimus.
3116 3026 3173 3081 Id
3201 3041 3330 3081 sane

1769 3127 1890 3185 post
1912 3116 2202 3171 Baronium
2232 3127 2374 3172 recte
2407 3127 2594 3173 nostro
2628 3118 2842 3186 quidem
2874 3118 3078 3186 judicio
3100 3118 3331 3188 conjecit

1766 3207 1970 3262 Fronto
2002 3208 2228 3263 Duc:eus
2256 3209 2387 3279 (71).
2423 3211 2482 3263 ln
2513 3225 2577 3263 eo
2613 3219 2792 3264 tamen
2826 3220 3011 3279 peccat
3039 3210 3326 3265 clarissimi

1767 3298 1867 3351 viri
1896 3300 2195 3361 sententia,
2244 3299 2386 3369 quod
2423 3315 2450 3354 a
2486 3298 2778 3356 Prudentio
2812 3302 3031 3355 unicum
3065 3300 3325 3371 Hippoly-

1766 3395 1880 3441 tum
1904 3388 2181 3442 laudatum
2200 3391 2493 3453 censuerit,
2522 3406 2775 3460 magnum
2800 3405 2991 3461 nempe
3012 3390 3323 3459 episcopum

1764 3488 1817 3531 et
1846 3490 2157 3549 martyrem,
2187 3495 2422 3549 eumque
2460 3480 2663 3535 idcirco
2706 3482 3007 3536 Novatiano
3037 3483 3325 3537 schismate

1765 3568 2131 3637 inquinatum,
2166 3578 2277 3623 tota
2313 3570 2438 3625 licet
2473 3572 2799 3626 reclamante
2841 3574 3182 3642 antiquitate,
3230 3590 3326 3629 au—

1765 3659 2007 3712 tumarit.
2040 3657 2299 3713 Frontoni
2339 3660 2392 3713 in
2418 3661 2520 3715 hac
2548 3676 2606 3715 re
2632 3660 2800 3717 facem
2828 3664 3065 3740 praetuli;
3090 3663 3325 3719 Joannes

1763 3748 1982 3818 Langus
2039 3748 2150 3819 (7‘2)
2198 3748 2567 3815 Erfurdensis,
2625 3754 2833 3820 primus
2887 3753 3139 3807 Historia:
3171 3754 3323 3809 Nice-

1761 3842 1918 3910 phori
1941 3841 2135 3904 editor,
2167 3843 2281 3911 qui,
2318 3858 2440 3897 cum
2474 3845 2689 3899 notulas
2714 3846 2832 3899 illas
2866 3846 2930 3899 ad
2955 3861 3079 3898 mox
3110 3846 3321 3901 laudata

1760 4002 1877 4071 cit.,
1932 4010 1986 4056 et
2035 4018 2185 4056 num.
2233 4001 2297 4055 l9
2353 4019 2365 4055 ε
2425 4020 2443 4052 ‹
2489 4000 2593 4057 Sed
2637 4018 2736 4057 nec
2778 4017 2839 4056 ea
2886 4000 3230 4071 (persecutio)
3268 4004 3320 4057 in

1760 4069 1940 4128 Afi-ica
1975 4082 2239 4141 grassata.
2280 4090 2297 4123 ι

1830 4142 1942 4210 (66)
2000 4143 2053 4195 ld
2112 4143 2288 4211 ipsum
2334 4150 2562 4196 testatur
2612 4140 2669 4195 S.
2724 4141 3022 4211 Cyprianus
3064 4142 3219 4210 epist.
3252 4143 3321 4197 45

1758 4212 2010 4266 Cornelio
2034 4228 2182 4281 papa:
2209 4215 2334 4266 data
2365 4228 2415 4281 p.
2452 4211 2557 4265 232
2593 4230 2605 4265 :
2637 4231 2654 4263 ι
2690 4211 2877 4266 Melius
2906 4224 3107 4275 autem,
3135 4212 3317 4278 frater,

176 4269 421 4359 (δηΐῳ.
444 4287 547 4359 an.
572 4271 777 4359 Christi
818 4273 943 4343 255,
968 4292 1119 4331 num.
1158 4277 1223 4331 15
1253 4278 1447 4336 Annal.
1471 4282 1651 4335 eccles.
1687 4306 1729 4359 [ι
1759 4283 1917 4359 scies,
1955 4283 1998 4335 si
2036 4269 2200 4359 etiam
2243 4269 2485 4359 e‘xetiipla
2531 4283 2849 4359 litterarum,
2877 4296 3036 4359 "quas
3059 4269 3129 4359 ad
3163 4292 3211 4336 te
3241 4269 3318 4335 ιυὲ

120 4338 445 4410 ωηίιιιγείι.
478 4381 493 4404 ,
524 4358 578 4410 p.
615 4342 700 4395 17.

178 4409 415 4487 (62)_Cit.
431 4409 565 4487 tom.
581 4410 675 4487 Hl,_
695 4428 748 4481 p.
771 4413 890 4487 7M,
911 4412 1078 4487 Nptes
1096 4432 1188 4471 sur
1210 4419 1350 4473 saint
1366 4418 1652 4487 Corneille,

121 4488 224 4560 pote
261 4480 342 4560 ἰὸς,
389 4496 488 4534 sur
524 4484 610 4560 les
650 4480 808 4538 Actes
837 4486 903 4540 de
938 4484 996 4539 S.
1022 4486 1309 4555 Corneille,
1343 4490 1391 4544 le
1426 4490 1571 4560 jour,
1607 4480 1653 4547 le

122 4545 211 4619 iieu
228 4560 275 4619 et
304 4552 351 4619 Ie
379 4566 545 4619 genre
568 4551 633 4605 de
660 4568 718 4605 sa
752 4566 910 4608 mort.

309 4617 636 4694 Franciscus
670 4620 797 4694 Pagi
830 4624 883 4677 in
914 4623 1185 4679 Breviario
1228 4627 1655 4684 historico-chro-

178 4639 276 4686 ιω)
309 4639 636 4675 rranCIscus
670 4639 740 4674 ra
783 4640 797 4676 ι
830 4641 883 4677 ιη
914 4639 1185 4679 urevtarto
1228 4639 1650 4684 historico-chro-

122 4686 548 4769 nologieo-critico
577 4639 894 4769 poni/iacuit!
918 4694 1297 4769 Romanorum,
1332 4708 1371 4752 t.
1406 4697 1447 4769 l,
1482 4715 1535 4769 p.
1559 4700 1650 4764 27,

122 4757 231 4838 edit:
276 4757 585 4838 Lugeam'
613 4757 781 4838 1739:
811 4780 831 4813 ι
863 4764 1101 4838 Sanctus
1148 4765 1237 4822 hic
1259 4757 1499 4837 pontifex.
1548 4757 1649 4824 sub

122 4822 250 4877 Gallo
271 4839 317 4882 et
347 4827 649 4884 Volusiano
674 4832 1059 4889 Centumcellis
1090 4835 1142 4887 in
1174 4822 1368 4892 exsilio
1399 4822 1536 4893 abin
1554 4822 1652 4894 ‘dié

123 4907 193 4977 sit
223 4895 814 4977 Septembrisejusdem
844 4919 935 4958 an.
960 4905 1088 4977 252,
1122 4916 1405 4977 postquam
1428 4924 1649 4975 annum,
1734 4972 1741 4977 ο

121 4976 306 5040 menses
328 4978 437 5040 t_res
461 4980 514 5023 et
535 4970 650 5025 dies
673 4972 877 5040 aliquot
908 4970 1156 5029 sedisset.
1201 4994 1219 5027 ι

177 5033 298 5113 (61)Δ
329 5038 539 5107 Saepius
598 5044 690 5095 cit.
759 5033 892 5097 tom.
936 5043 1000 5106 ΙΙ,
1047 5060 1168 5113 pag.
1234 5045 1359 5111 585,
1405 5057 1531 5102 nota
1566 5049 1593 5101 b
1633 5069 1646 5103 :

127 5119 144 5150 ι
178 5104 683 5184 Qnelquesauteurs
707 5120 802 5165 ont
823 5128 929 5184 cru
954 5104 1063 5183 que
1083 5104 1226 5169 saint
1246 5104 1511 5171 Corneille
1538 5120 1651 5173 n’a-

124 5178 213 5265 Lait
250 5192 340 5265 pas
370 5178 462 5232 fini
496 5195 557 5232 sa
583 5182 667 5261 vie
697 5197 792 5249 par
819 5178 1173 5265 le_s_upplice_;_
1212 5188 1350 5265 mais
1379 5190 1521 5242 saint
1561 5187 1647 5243 Je-

125 5246 249 5297 I'Ome
272 5248 347 5300 dit
363 5246 771 5322 e‘xpresséme'nt
798 5254 929 5321 qu‘il
958 5246 1203 5322 repandit
1236 5257 1648 5312 heureusement

127 5328 204 5393 son
237 5331 359 5393 sang
389 5319 419 5372 ἐι
459 5318 649 5382 Rome,
681 5333 733 5375 et
769 5318 874 5375 non
910 5322 941 5375 a
983 5318 1435 5391 Civita-Vecchia,
1478 5329 1548 5383 οὐ
1579 5344 1646 5382 on

128 5390 315 5466 pretend
361 5405 488 5466 que_
521 5406 585 5445 ce
635 5393 775 5466 saint
828 5394 976 5466 avait
1028 5396 1112 5466 eté
1154 5398 1357 5466 envoyé
1403 5390 1467 5451 en
1520 5400 1647 5461 exii,

129 5459 340 5575 ἒίιῶῗέὁι,
369 5459 527 5529 apres
582 5462 712 5530 qu‘il
760 5473 847 5517 eut
892 5462 1071 5519 refuse
1129 5470 1194 5519 de
1255 5459 1496 5523 sacriﬁcr
1546 5459 1648 5523 aux

172 5540 285 5577 UICS.
323 5548 340 5578 ι

184 5595 276 5664 (65)
306 5600 380 5655 Ad
403 5600 610 5657 dictum
634 5601 860 5668 an.9..'i5,
888 5618 1035 5658 num.
1072 5604 1156 5671 l8,
1187 5622 1238 5676 p.
1272 5606 1339 5661 20
1362 5618 1412 5663 et
1434 5610 1644 5677 ‘Zl,loe.

1792 4351 1959 4405 endas
1984 4367 2082 4419 pro
2104 4352 2389 4406 dilectione
2429 4353 2703 4406 communi
2746 4368 2839 4420 per
2870 4351 3227 4407 Chaldonium
3268 4362 3321 4405 et

1800 4430 2111 4475 ortunatum
2176 4423 2411 4491 collegas
2467 4432 2680 4475 nostros
2742 4422 2986 4491 proxime
3042 4424 3317 4488 miseram,

1754 4505 1875 4563 quae
1897 4491 1969 4563 de
1990 4492 2177 4563 eodem
2210 4491 2548 4545 Felicissimo
2568 4500 2622 4545 et
2640 4491 2705 4563 de
2736 4494 3049 4563 presbytero
3075 4494 3317 4562 ejusdem

1756 4560 2066 4633 adclerum
2109 4561 2231 4633 istic
2264 4570 2511 4633 nostrum
2545 4570 2599 4615 et
2629 4561 2694 4614 ad
2721 4560 2931 4630 plebem
2969 4560 3314 4633 scripseram,

1754 4630 1855 4699 legi
1893 4631 2000 4685 illic
2037 4630 2300 4685 fratribus
2327 4630 2522 4700 iubeas
2544 4671 2559 4695 ,
2604 4647 2724 4700 quae
2752 4640 2805 4687 et
2842 4630 3237 4688 ordinationem
3266 4643 3320 4687 et

1754 4700 2019 4773 rationem
2049 4700 2128 4754 rei
2168 4710 2331 4773 gestae
2378 4701 2670 4773 loquantur
2698 4740 2715 4765 ,
2759 4713 2821 4756 ut-
2849 4713 2957 4757 tam
2986 4704 3109 4758 istic
3154 4719 3315 4773 quam

1756 4769 1870 4840 illic
1909 4770 2064 4840 circa
2100 4769 2285 4825 omnia
2324 4785 2417 4840 per
2452 4769 2557 4824 nos
2588 4771 2899 4826 fraternitas
2930 4769 3246 4827 instruatur.
3292 4791 3313 4822 ι

1826 4839 1937 4906 (67)
1974 4839 2106 4894 Vide
2130 4840 2197 4895 de
2230 4839 2334 4896 hac
2362 4841 2592 4911 recpist.
2616 4841 2672 4897 S.
2703 4842 2958 4912 Cypriani
2987 4843 3076 4908 59,
3102 4859 3156 4911 p.
3188 4841 3316 4896 259.

1821 4910 1935 4983 (68)
1970 4909 2098 4983 1388-
2147 4910 2245 4983 66-,
2335 4981 2343 4983 _
2420 4980 2429 4983 Α
2527 4981 2535 4983 μ
2702 4982 2707 4983 ν
3004 4981 3011 4983 ξ

2014 4926 2098 4965 82.
2147 4926 2237 4965 00.

1825 4928 1935 4983 (οδ)
1970 4928 2098 4980 rag.
2147 4928 2237 4965 oo.

1825 4981 1940 5050 (69)
1974 4979 2111 5035 Sunt
2138 4982 2301 5035 verba
2334 4980 2499 5050 ipsius
2525 4981 2713 5036 incerti
2744 4983 2979 5035 auctoris
3001 4981 3054 5034 in
3083 4988 3312 5034 tractatu

1754 5048 1841 5102 Ad
1889 5049 2247 5104 Novatianum
2291 5048 2589 5106 Iuéreticum
2644 5054 2893 5119 superius
2949 5052 3130 5114 citato,
3195 5067 3316 5118 qua:

1753 5129 1972 5190 exstant
2013 5137 2067 5190 p.
2104 5123 2168 5175 16
2204 5123 2295 5175 cit.
2333 5123 2459 5176 edit.
2508 5121 2745 5175 Videnda
2778 5138 2896 5185 qua:
2936 5122 3000 5173 ad
3052 5121 3195 5173 hunc
3240 5121 3315 5172 lo-

1754 5205 1876 5243 cum
1906 5189 2177 5247 Pamelius
2220 5193 2273 5245 in
2308 5208 2405 5247 sua
2429 5191 2660 5261 Opcrum
2698 5191 2753 5246 S.
2791 5192 3042 5261 Cypriani
3077 5190 3314 5243 editione

1755 5262 2048 5315 adnotavit.

1825 5330 1935 5399 (70)
1963 5330 2020 5383 In
2052 5332 2215 5385 citalo
2243 5339 2373 5385 tom.
2408 5331 2493 5395 Ill,
2525 5347 2641 5399 pag.
2676 5331 2797 5383 468.

1990 5400 2044 5453 In
2092 5402 2180 5455 cit.
2236 5402 2356 5457 libr.
2418 5418 2464 5453 vi
2526 5398 2671 5453 Hist.
2740 5399 3025 5468 Nicephori
3079 5399 3310 5465 Callisti,

1839 5476 1961 5520 oio.

1754 5484 1806 5537 p.
1838 5469 1961 5522 595.

1824 5538 1932 5607 (72)
1959 5538 2011 5592 ln
2037 5540 2127 5594 lib.
2162 5558 2231 5603 Iv,
2263 5556 2378 5608 cap.
2408 5538 2493 5601 51,
2526 5539 2666 5606 quod
2694 5537 3003 5592 inscribitur
3028 5559 3037 5591 :
3076 5538 3314 5607 Delli);-

1752 5609 1924 5677 polylo
1975 5609 2163 5664 Portus
2205 5609 2428 5664 civitatis
2477 5608 2650 5663 [totum
2700 5619 2744 5662 el
2800 5612 2859 5662 de
2912 5611 3119 5681 scriptis
3177 5612 3310 5674 ejus.
