3844 6188
144 245 221 301 815

835 228 922 281 DE
963 224 1350 281 PORTUENSI
1392 223 1448 277 S.
1492 215 1848 275 HIPPOLYTI
1891 213 2080 268 SEDE.
2120 243 2192 254 ——-
2226 210 2409 265 PARS
2438 209 2480 263 L

3152 206 3255 261 446

142 375 259 420 nam,
305 356 381 408 hac
400 351 595 419 epistola
627 349 691 402 ab
716 346 1001 419 Hippolyto
1025 344 1399 415 compellatam
1436 341 1591 395 dicti-
1622 346 1667 401 Α
1694 345 1783 390 tus
1823 349 2021 389 munus
2047 331 2291 385 relictum
2319 327 2457 394 fuit;
2485 338 2815 397 quapropter
2838 326 3154 394 episcopum
3191 325 3256 377 il-

145 451 268 511 tavit,
308 445 419 499 nullo
439 441 636 512 quidem
666 450 820 504 teste,
872 440 981 493 imo
1009 447 1193 494 contra
1234 434 1594 505 antiquissimi

146 538 332 593 laterculi
354 535 499 597 ﬁdem,
541 548 691 601 quem
739 534 853 601 ipse
889 532 941 584 in
974 528 1318 585 secernendis
1345 526 1596 597 genuinis

146 628 348 698 llippolyti
369 624 611 693 Operibus,
637 624 799 677 veluti
823 623 1145 677 tutissimam
1176 635 1445 681 normam,
1476 633 1599 686 pcr-

144 729 262 789 petuo
302 716 423 784 sequi
461 716 587 769 velle
627 723 875 768 testatur.
918 713 1245 783 Hippolytus
1275 714 1455 779 itaque
1497 707 1598 762 No-

144 809 399 862 utianorum
427 806 745 874 temporibus
795 820 1075 873 superesse
1102 805 1297 873 potuit.
1352 801 1601 855 Novatia—

142 903 202 953 nis
226 910 365 952 tamen
389 897 572 952 favisse
600 912 707 949 non
738 897 965 950 obscure
1014 896 1275 949 indicaret
1301 893 1357 949 S.
1393 893 1599 947 Cornev

140 994 215 1046 lius
238 990 353 1060 (21),
400 989 449 1041 in
472 988 690 1057 epistola
719 988 784 1042 ad
821 987 1043 1042 Fabium
1081 986 1497 1049 Antiochenum,
1546 986 1599 1038 in

141 1097 214 1151 qua
250 1091 335 1134 tres
369 1078 634 1147 episcopos
674 1077 1031 1133 Novatianum
1082 1080 1364 1133 ordinasse
1396 1086 1600 1141 narrat,

139 1184 309 1240 quorum
349 1183 499 1221 unum
550 1168 761 1236 ejurato
808 1168 1151 1237 postmodum
1201 1169 1490 1236 schismate
1536 1166 1601 1220 ad

140 1260 489 1313 communionem
542 1257 865 1312 catholicam
912 1260 1138 1314 rediisse
1180 1260 1388 1321 scribit,
1416 1274 1603 1328 quem-

139 1368 208 1417 que
227 1349 519 1419 Hippolytum
554 1360 803 1405 nostrum
831 1350 1016 1417 fuisse,
1044 1366 1150 1404 non
1182 1351 1349 1404 levem
1374 1349 1605 1405 fortasse

139 1442 336 1510 quispiam
379 1441 731 1511 suspicionem
779 1442 974 1497 habere
1026 1451 1223 1511 posset.
1271 1440 1372 1495 Sed
1399 1440 1603 1495 cumS.

137 1530 346 1583 Cornelius
384 1532 655 1599 episcopos
704 1532 824 1586 illos
854 1534 1041 1601 exigua
1069 1541 1121 1586 et
1145 1533 1399 1586 vilissima
1430 1530 1608 1587 Italica

135 1629 253 1686 parte,
294 1628 433 1691 atque
475 1637 537 1676 ex
590 1623 874 1678 vilioribus
919 1624 1128 1693 oppidis
1185 1622 1605 1680 Novatianorum

136 1719 341 1771 molitione
368 1718 557 1773 accitos
586 1719 752 1784 dicat,
784 1734 986 1790 eosque
1025 1722 1255 1775 homines
1280 1722 1433 1792 plane
1456 1731 1608 1778 rudes

136 1827 176 1861 ac
192 1809 400 1878 simplices
430 1811 697 1876 nominat,
732 1811 912 1867 nullus
936 1813 1056 1867 ideo
1083 1812 1395 1882 huiusmodi
1428 1815 1609 1885 conje-

137 1913 253 1955 ctura.-
274 1902 403 1955 locus
426 1917 543 1955 esse
574 1902 758 1965 debet,
799 1919 922 1957 cum
966 1904 1081 1958 haec
1106 1902 1391 1975 Hippolyto
1426 1916 1612 1961 nostro

137 1992 374 2059 neutiquam
420 1992 709 2046 convenire
755 1994 983 2062 possint.
1030 1992 1347 2065 Hippolytus
1379 1997 1521 2050 enim
1556 1997 1611 2049 in

135 2083 405 2135 nobilissimae
437 2082 600 2136 Italia:
645 2083 924 2151 provincia
978 2085 1369 2155 notissimaque
1396 2086 1451 2139 in
1482 2087 1613 2141 urbe

134 2178 421 2243 episcopatum
469 2176 727 2239 obtinuit,
777 2192 1009 2245 eumque
1053 2187 1200 2232 tanta
1245 2178 1502 2233 doctrina:
1550 2195 1613 2234 ac

136 2265 337 2331 sapientia:
376 2266 524 2321 laude
572 2266 830 2321 floruisse
855 2268 1067 2337 egregia
1106 2269 1278 2339 ipsius
1303 2271 1503 2340 scripta
1535 2279 1615 2325 te-

135 2367 300 2421 stantur,
325 2367 375 2410 ut
399 2357 775 2413 Theodoretus
812 2360 923 2429 (2'2)
964 2358 1307 2432 llippolytum
1342 2363 1479 2418 inter
1509 2365 1616 2434 spi-

137 2448 291 2499 riuales
333 2450 662 2504 recensuerit
714 2451 904 2519 fontes,
958 2468 1023 2507 ex
1069 2454 1265 2523 quibus
1297 2457 1616 2525 evangelicae

134 2537 306 2592 veritatis
344 2538 426 2591 lux
476 2540 756 2594 uberrime
783 2544 1038 2597 manavit.
1092 2542 1315 2598 Demum
1353 2546 1398 2599 si
1442 2544 1617 2599 Nova—

135 2628 246 2681 tiaois
279 2645 493 2698 unquam
525 2630 757 2685 favisset
799 2631 1138 2705 Hippolytus,
1175 2652 1237 2690 ac
1261 2647 1446 2705 postea
1481 2637 1618 2691 resi-

135 2718 297 2786 puisset,
319 2722 601 2790 episcopali
634 2723 817 2776 statim
842 2724 1031 2779 ordine
1051 2724 1311 2793 dejectus,
1342 2728 1476 2781 laica
1505 2738 1619 2782 tau-

134 2819 209 2861 tum
230 2814 574 2866 communione
606 2824 869 2882 exceptus
904 2814 1114 2881 fuisset,
1168 2817 1322 2885 juxta
1349 2819 1618 2888 rigidissi-

134 2916 232 2954 mam
260 2903 381 2958 illius
409 2906 503 2958 aevi
534 2906 910 2975 disciplinam,
959 2923 1122 2976 quam
1153 2909 1308 2963 nobis
1337 2910 1405 2964 ob
1430 2911 1618 2965 oculos

1696 431 1829 490 lum,
1860 441 2020 495 quem
2064 424 2129 477 ad
2171 423 2431 476 unitatem
2474 419 2727 474 Ecclesia:
2768 417 2993 472 rediisse
3034 415 3165 469 did!
3194 415 3257 470 S.

1696 518 2001 579 Cornelius,
2037 517 2106 569 ab
2154 514 2440 583 Hippolyto
2483 520 2667 565 nostro
2714 525 2936 578 prorsus
2987 508 3261 563 diversum

1699 610 1867 665 fuisse
1890 608 2211 662 firmandum
2241 614 2342 660 est.
2369 604 2443 659 De
2471 619 2536 658 eo
2567 612 2767 665 tamen,
2799 601 3049 670 quisnam
3079 598 3262 661 fuerit,

1698 718 1807 758 non
1856 717 1963 756 una
2008 709 2092 755 est
2140 699 2474 752 eruditorum
2507 695 2789 749 sententia.
2818 691 3082 746 Henricus
3112 690 3266 744 Vale-

1700 793 1814 847 sius
1846 792 1955 863 (26)
1986 789 2339 859 Trophimum
2394 787 2561 840 fuisse
2609 784 2862 854 conjecit.
2898 782 3110 836 Valesio
3155 797 3265 834 non

1702 886 2051 944 subscribunt
2098 880 2472 936 Tillemontius
2508 878 2621 948 (Ἦ)
2671 886 2723 930 et
2763 875 2956 928 Petrus
2998 873 3267 927 Constan-

1702 982 1810 1036 tius
1840 979 1970 1050 (9.8),
2002 992 2066 1030 eo
2096 976 2221 1045 quia
2246 973 2573 1043 'frophimus
2598 971 2667 1024 ob
2694 968 3010 1023 idololatriae
3039 965 3266 1029 crimen,

1704 1088 1809 1127 non
1829 1071 1971 1140 quod
2002 1067 2319 1123 Novatianis
2349 1063 2658 1126 adhmserit,
2685 1077 2748 1114 ex
2775 1059 3065 1129 episcopali
3096 1057 3269 1127 gradu

1702 1164 1982 1235 depulsus,
2010 1161 2149 1214 laica
2184 1166 2392 1213 tantum
2422 1154 2802 1210 communione
2834 1161 3119 1220 susceptus
3148 1149 3267 1203 fuit.

1703 1261 1857 1324 Acta,
1884 1272 2003 1327 qua:
2030 1251 2391 1309 confessionis
2418 1247 2699 1303 Novatiani
2735 1245 2949 1300 titulum
2979 1242 3271 1313 praeferunt

1705 1350 1846 1421 apud
1874 1348 2126 1402 Photium
2162 1345 2295 1414 (‘29),
2327 1341 2637 1395 Marcellum
2681 1348 2735 1393 et
2759 1338 3124 1392 Alexandrum
3155 1335 3271 1403 epi-

1707 1456 1901 1511 scopos
1932 1438 2326 1508 Aquileienses,
2357 1446 2409 1489 et
2436 1434 2893 1503 Agamemnonem
2927 1428 3271 1483 Tiburtinum

1706 1534 2018 1602 episcopum
2045 1545 2167 1584 cum
2196 1526 2496 1580 Novatiano
2529 1525 2596 1577 ab
2640 1523 2773 1592 ipsis
2801 1522 3047 1576 ordinato
3076 1520 3131 1572 in
3166 1534 3272 1571 una

1709 1624 1987 1691 eademque
2020 1619 2243 1675 tedicula
2272 1619 2335 1671 ab
2362 1618 2489 1686 ipsis
2511 1625 2813 1670 constructa
2846 1613 3169 1666 cohabitasse
3197 1610 3274 1677 fe-

1711 1725 1853 1769 runt.
1885 1712 2265 1768 Tillemontius
2320 1719 2498 1763 tamen
2547 1706 2740 1760 merito
2790 1707 2981 1758 horum
3012 1704 3272 1756 Actorum

1710 1807 1868 1861 lidem
1920 1812 2224 1874 suspectam
2276 1802 2435 1854 habet
2465 1798 2577 1869 ('50)
2612 1818 2624 1851 :
2660 1798 2856 1866 primo,
2903 1795 3031 1865 quia
3073 1796 3125 1848 in
3168 1807 3274 1847 una

1709 1901 2004 1969 eademque
2049 1899 2181 1951 urbe
2232 1896 2368 1949 duos
2410 1894 2692 1962 episcopos
2723 1890 2994 1945 exstitisse
3021 1895 3279 1957 repugnet

1711 1990 1943 2054 rationi;
1986 1987 2244 2045 secundo.
2269 1986 2395 2055 quia
2427 1984 2484 2038 S.
2516 1983 2802 2038 Cornelius
2837 1981 3121 2050 episcopos
3155 1979 3277 2031 illos

1710 2098 1776 2137 ex
1808 2098 1913 2136 una
1948 2080 2263 2148 eademque,
2298 2092 2468 2146 eaque
2499 2075 2905 2137 obscurissima,
2934 2071 3099 2126 Italiae
3130 2080 3279 2141 parte

1713 2175 1915 2230 accitos
1959 2173 2111 2237 dicit,
2145 2186 2264 2241 quae
2310 2170 2375 2223 de
2414 2167 2743 2239 Aquileiensi
2771 2176 2826 2220 et
2853 2165 3135 2219 Tiburtino
3168 2164 3279 2231 epi-

1714 2266 1893 2335 scopis
1926 2272 2076 2319 tauto
2121 2272 2386 2317 terrarum
2417 2260 2699 2314 intervallo
2731 2260 2869 2312 inter
2897 2274 2954 2312 se
2983 2257 3189 2311 dissitis
3218 2272 3281 2310 ac

1715 2356 2029 2411 notissimas
2072 2352 2233 2407 Italiae
2278 2350 2431 2405 sedes
2462 2347 2846 2412 obtinentibus,
2884 2360 3041 2400 nemo
3072 2347 3279 2414 uspiam

1717 2447 1992 2516 intelliget.
2017 2444 2090 2498 De
2124 2444 2225 2497 hac
2249 2457 2306 2496 re
2332 2437 2697 2495 coosulendus
2725 2447 2808 2493 est
2835 2438 2997 2491 etiam
3028 2437 3107 2490 vir
3131 2451 3280 2490 sum-

1717 2555 1838 2593 mus
1853 2536 2088 2591 Joannes
2112 2534 2418 2590 Bernardus
2444 2533 2509 2587 de
2536 2532 2738 2586 Rubeis
2757 2530 2865 2599 (51)
2892 2530 2945 2583 in
2976 2528 3282 2582 Monumen-

1720 2632 1786 2683 tis
1820 2629 2068 2683 Ecclesia:
2099 2627 2465 2697 Aquileiensis,
2485 2626 2535 2677 in
2569 2624 2767 2693 quibus
2798 2622 3012 2676 lictitios
3042 2622 3141 2675 hos
3168 2620 3285 2689 cpi-

1720 2738 1912 2792 sc0pos
1940 2739 1969 2776 e
1997 2722 2166 2776 sacris
2208 2718 2585 2773 vetustissimae
2630 2717 2775 2770 illius
2804 2713 3060 2769 Ecclesia:
3103 2717 3282 2782 dipty-

1720 2815 1840 2869 chis
1874 2812 2065 2866 merito
2092 2811 2305 2866 delevit.
2341 2809 2447 2864 Nec
2475 2808 2767 2877 quidquam
2798 2805 3087 2859 Frontonis
3127 2804 3283 2873 prod-

1720 2920 1838 2960 esse
1877 2912 2107 2973 possuut
2151 2901 2429 2957 sententiae
2479 2901 2592 2953 haec
2643 2896 2929 2966 Nicephori
2960 2894 3069 2966 (32)
3098 2895 3281 2959 verba,

134 2996 236 3061 ponit
262 2997 308 3051 S.
334 2998 614 3053 Cornelius
644 2998 776 3067 (25),
814 3000 907 3069 qui
938 3000 992 3053 in
1023 3002 1249 3070 epistola
1276 3003 1459 3057 eadem
1507 3005 1621 3073 epi-
1647 3022 1689 3079 ρ
1722 2998 1919 3068 quibus
1970 2996 2261 3051 secundam
2313 2996 2426 3064 ipse
2469 2992 2664 3061 adjecit
2718 2998 2901 3044 notam
2932 3007 2945 3042 :
2983 3007 3001 3039 ‹
3027 2987 3282 3054 Quaedam

133 3100 295 3153 scopum
326 3089 488 3155 illum,
518 3090 616 3159 qui
645 3088 1002 3144 Novatianum
1036 3092 1269 3156 iuunxit,
1298 3094 1477 3162 populi
1503 3110 1620 3164 pre-

132 3180 230 3233 cibus
254 3194 429 3247 mutus,
461 3184 605 3236 laica
638 3189 847 3237 tantum
876 3185 1233 3238 communione
1259 3185 1517 3239 donatum
1545 3194 1622 3240 te-

134 3278 269 3337 statur,
302 3275 378 3329 cui
402 3278 560 3330 etiam
610 3277 909 3331 assentitur
940 3274 996 3330 S.
1030 3276 1330 3347 Cyprianus
1362 3277 1494 3347 (24),
1527 3279 1621 3347 qui

132 3366 395 3433 presbyteros
465 3369 656 3438 lapsos
714 3383 778 3423 ac
822 3368 1164 3438 postmodum
1244 3369 1621 3438 resipiscentes

132 3450 226 3508 hica
262 3466 443 3513 tantum
488 3460 882 3514 communione
933 3438 1191 3530 suscepit.
1266 3460 1620 3516 Severissima

132 3558 257 3602 tamen
296 3551 444 3621 hujus
488 3553 593 3606 aevi
642 3551 925 3620 disciplina
972 3551 1199 3605 nimium
1245 3549 1433 3605 forsan
1474 3551 1620 3621 rigo-

132 3654 209 3691 rem
251 3656 416 3710 sapere
469 3643 589 3697 visa
659 3652 741 3697 est
792 3640 1026 3696 Nicmnis
1076 3642 1364 3708 Patribus;
1424 3642 1622 3695 ctenim

131 3731 252 3798 ipsam
273 3735 656 3805 aliquantisper
676 3733 924 3805 mitigare
948 3733 1274 3789 studuerunt
1299 3734 1444 3789 edito
1465 3749 1626 3789 cano-

132 3836 178 3874 ne
200 3825 307 3894 (ὶὸ),
334 3828 383 3881 in
408 3844 516 3898 quo
541 3827 815 3897 episcOpis
842 3843 906 3882 ex
931 3824 1229 3881 Novatiana
1253 3836 1398 3882 secta
1428 3827 1495 3881 ad
1524 3824 1626 3880 Ec-

130 3917 297 3975 clesiam
326 3921 701 3984 redeuntibus,
728 3919 1050 3992 presbyterii
1078 3920 1161 3975 vel
1208 3918 1626 3989 chorepiseOpa-

180 4052 266 4126 (2i)
323 4054 373 4109 In
427 4055 605 4126 Epist.
658 4054 892 4126 _Roman.
949 4055 1167 4126 pontii.
1254 4069 1284 4108 a
1340 4053 1623 4126 Coustant.

133 4124 297 4203 pum:
324 4126 424 4203 “cit.
474 4123 617 4203 edit.
657 4124 829 4179 Paris.
881 4125 1219 4203 1721,-quze
1245 4125 1411 4203 estin
1436 4123 1627 4203 ordine

131 4194 297 4265 epist.9
318 4195 547 4250 Cornelii
577 4194 738 4265 Papa:
770 4213 784 4248 :
820 4214 839 4247 ι
876 4195 1022 4248 Duos
1049 4194 1151 4249 sibi
1183 4195 1359 4265 socios
1381 4194 1627 4261 deplora-

132 4263 353 4343 tf'salutis
377 4268 538 4343 elegit
560 4263 939 4343 (No‘vatianus)
963 4280 1100 4343 quos
1125 4265 1178 4317 in
1197 4264 1444 4343 exiguam
1467 4272 1628 4343 atque

130 4332 381 4389 rilissimam
423 4332 596 4390 usus
645 4344 850 4404 partem
886 4335 1197 4397 destinaret,
1242 4332 1303 4386 ut
1340 4334 1462 4404 inde
1486 4334 1629 4387 acci-

131 4410 190 4453 tos
204 4404 451 4473 episcopos
487 4417 625 4469 tres,
651 4403 918 4459 homines
948 4406 1109 4473 plane
1146 4404 1307 4457 rudes
1335 4419 1398 4457 ac
1421 4403 1629 4473 simpli-

130 4487 208 4551 ces,
249 4474 572 4551 fraudulenta
623 4475 870 4551 quadam
902 4475 1179 4551 molitione
1217 4473 1486 4551 deciperet
1612 4512 1626 4525 .

132 4542 323 4622 qpicutn
354 4542 699 4622 advenissent
730 4546 1071 4622 bomine_s,ttt
1094 4545 1205 4613 jam
1228 4544 1480 4622 diximus,
1500 4542 1633 4597 sim-

134 4610 319 4687 plicioris
364 4616 565 4687 ingenii
602 4654 661 4687 ..
699 4657 711 4669 .
742 4615 874 4687 hora
915 4610 1129 4687 decima
1177 4614 1528 4678 temulentos,
1578 4619 1633 4667 et

132 4685 307 4755 cmpula
328 4685 615 4755 oppressos
645 4685 961 4753 imaginaria
987 4686 1239 4753 quadam,
1277 4693 1329 4737 et.
1352 4698 1487 4736 vana
1513 4698 1631 4735 ma-

135 4765 257 4825 nuum
298 4754 674 4825 impositione‘,
716 4754 1083 4824 episcopatum
1131 4755 1233 4808 sibi
1282 4755 1493 4825 tradere
1539 4767 1634 4825 per

133 4822 422 4901 timeoegit;
445 4865 460 4877 .
494 4864 512 4901 _.
549 4823 719 4901 ._Nec
754 4822 931 4901 multo
970 4833 1091 4901 post
1129 4838 1361 4901 unusex
1392 4822 1635 4901 111159ρί-

133 4893 267 4957 scopis
293 4892 351 4945 ad
385 4894 681 4950 Ecclesium
717 4895 892 4958 rediit,
918 4909 1041 4949 cum
1073 4894 1323 4949 lamentis
1345 4901 1399 4948 et
1421 4892 1635 4947 fletibus

134 4972 355 5026 (necatum
385 4980 544 5018 suum
576 4965 858 5020 confitens.
895 4983 914 5016 ι

313 5031 435 5113 Ϋὶάθ
455 5036 807 5113 dialogum},
846 5050 965 5104 pag.
1001 5032 1121 5113 illi,
1156 5044 1285 5087 tom.
1314 5032 1381 5087 l‘l
1399 5074 1413 5098 ,
1447 5033 1540 5113 ubi
1568 5047 1633 5113 ex

136 5096 505 5175 tul'leclesiarum
538 5096 874 5169 doctoribus,
903 5096 954 5159 ἐι
986 5105 1135 5157 orbis
1184 5096 1445 5157 terrarum
1475 5103 1637 5175 lumi-

135 5167 274 5254 gibus,
309 5175 500 5254 nquod
538 5175 651 5243 ipse
672 5176 803 5229 dicit
826 5167 1126 5254 et_scribit,
1176 5189 1234 5227 se
1267 5176 1513 5229 hausisse
1558 5174 1638 5226 af-

136 5236 293 5315 ﬁrmat,
340 5236 476 5299 inter
522 5236 659 5314 quos
703 5255 851 5300 certe
881 5236 1197 5315 Hippolytus
1236 5258 1420 5300 noster
1454 5260 1638 5297 recen-

135 5310 431 5385 ﬁ'ndusest,
486 5310 641 5382 cujus
686 5316 889 5385 profert
935 5310 1257 5369 testimonia.
1318 5316 1446 5370 Vide
1476 5314 1637 5369 etiam

136 5388 228 5445 pag.
255 5381 364 5445 154,
392 5384 495 5439 loc.
526 5381 614 5439 cit.

181 5450 280 5526 (‘25)
317 5452 481 5522 Epist.
509 5456 542 5509 9
566 5458 725 5510 citata
749 5472 870 5526 pag.
908 5456 1007 5511 150
1041 5475 1051 5509 :
1092 5476 1108 5505 ι
1140 5456 1308 5520 Quem
1349 5471 1468 5519 nos,
1517 5470 1638 5510 cum

139 5528 380 5601 l)mlversus
423 5529 650 5601 populus
702 5544 938 5595 praesens
974 5529 1296 5601 deprecatus
1338 5535 1513 5592 esset,
1576 5526 1643 5581 ad

140 5597 528 5667 cOlfayttupionetu
557 5598 743 5650 laicatn
779 5599 1131 5665 suscepimus.
1166 5617 1182 5645 ι

191 5658 282 5729 ("Ml
321 5660 562 5737 LCgettda
594 5677 701 5723 tota
730 5658 953 5741 epistola
988 5668 1075 5736 53,
1104 5667 1158 5720 S.
1192 5666 1441 5740 Cypriani
1471 5665 1635 5722 Auto-

1721 3084 1881 3159 porro
1906 3089 2104 3157 scripta
2129 3087 2245 3156 ejus
2277 3090 2489 3154 (nempe
2516 3082 2806 3153 Hippolyti)
2836 3095 2959 3145 eum
2987 3079 3283 3148 reprelien-

1722 3182 1874 3237 sione
1902 3196 2009 3235 non
2041 3187 2282 3243 careant,
2315 3176 2572 3247 martyrio
2604 3184 2789 3245 postea
2816 3188 2914 3242 pro
2942 3170 3141 3226 Christi
3187 3184 3287 3222 no-

1721 3274 1867 3328 mine
1894 3273 2140 3328 absoluto
2172 3269 2488 3340 ignorantiae
2509 3268 2628 3337 ejus
2656 3266 2923 3321 maculam
2955 3262 3172 3317 detrivit
3199 3271 3284 3315 at-

1721 3382 1827 3436 que
1870 3364 2108 3420 detersit.
2134 3384 2152 3417 »
2181 3362 2391 3418 Etenim
2445 3374 2676 3424 errores,
2718 3373 2859 3427 quos
2909 3357 2965 3410 in
3013 3352 3285 3425 Hippolyti

1723 3459 1938 3528 scriptis
1998 3465 2151 3512 notat
2198 3455 2446 3520 Photius,
2506 3454 2641 3508 nihil
2694 3466 2815 3507 cum
2863 3448 3285 3504 Novatianorum

1723 3550 1949 3606 somniis
1989 3549 2189 3603 habent
2233 3561 2541 3609 commune,
2592 3544 2685 3599 sed
2732 3552 2974 3597 veterum
3028 3555 3287 3609 quorum-

1722 3646 1846 3702 dam
1890 3644 2111 3699 Patrum
2149 3643 2363 3713 genium
2399 3641 2622 3696 omnino
2652 3639 2888 3708 sapiunt,
2917 3650 3057 3705 quos
3091 3633 3288 3687 similia

1723 3735 2046 3807 quandoque
2070 3735 2367 3791 dictitasse,
2398 3731 2630 3787 eruditis
2659 3731 2912 3784 omnibus
2943 3729 3286 3783 notissimum

1723 3836 1804 3881 est
1832 3825 1961 3894 (35).
1990 3821 2311 3891 Hujusmodi
2340 3835 2553 3875 errores
2576 3820 2629 3873 in
2661 3820 2800 3874 libro
2833 3816 3030 3873 Contra
3070 3818 3287 3871 luet-eses

1724 3918 1997 3974 exstitisse
2024 3915 2215 3970 scribit
2251 3914 2389 3967 idem
2428 3912 2653 3967 Photius
2679 3912 2812 3981 (54),
2842 3928 3001 3981 quem
3046 3910 3112 3964 ad
3145 3908 3288 3963 Noe-

1728 4054 2061 4135 niano'data,
2089 4051 2323 4122 Operum
2352 4064 2472 4120 pag.
2503 4049 2600 4103 2M
2640 4058 2694 4103 et
2728 4063 2880 4118 seqq.
2932 4047 3127 4115 SthiUS
3153 4047 3289 4101 cita-

1702 4186 1703 4189 η
1727 4134 1795 4179 tte
1822 4125 2097 4178 editionis.

1799 4194 1913 4265 (25)
1954 4193 2138 4248 Canon
2177 4191 2485 4265 hujusmodi
2518 4198 2600 4244 est
2631 4188 2914 4265 _8-i_n‘tom.
2944 4185 2989 4239 ll
3023 4184 3288 4239 Concilio-

1731 4258 1849 4319 runt
1882 4258 2005 4334 pag.
2036 4265 2104 4318 55
2131 4258 2263 4318 edit.
2283 4261 2495 4315 Veneta:
2509 4260 2645 4334 _a_n_ui
2674 4258 2829 4334 1728:

1802 4326 1913 4403 (ili)
1954 4326 2010 4387 Ῑη
2042 4335 2182 4386 notis
2210 4334 2274 4386 ad
2308 4338 2470 4399 caput
2495 4329 2681 4403 45111).
2715 4344 2768 4381 Vt
2799 4328 2940 4403 llist.
2966 4327 3089 4403 eccl.
3123 4326 3289 4380 Euse-

1658 4370 1706 4429 υ
1732 4370 1825 4471 bii:
1843 4370 2044 4474 p.,5l2:
2072 4422 2090 4455 ι
2114 4405 2262 4457 111υιη
2283 4370 2662 4474 ipstiyn,__cujus
2694 4400 2897 4474 mentio
2931 4400 3095 4474 es_t_in
3131 4414 3291 4474 supe-

1733 4467 1855 4530 rius
1891 4475 2052 4530 citata
2102 4474 2258 4542 epist.
2286 4467 2355 4525 55
2391 4470 2447 4542 ξ.
2478 4468 2732 4542 Cypriani
2768 4470 2863 4542 his
2889 4470 3107 4542 verbis:
3143 4488 3160 4519 ‹
3199 4467 3290 4522 Sic

1737 4565 1756 4598 ι
1786 4556 1962 4599 tamen
1991 4539 2261 4597 admissus
2284 4551 2364 4595 est
2395 4539 2743 4608 Trophimus,
2766 4548 2824 4593 ut
2854 4540 3024 4595 laicus
3040 4554 3289 4593 commu-

1740 4636 1757 4669 ι
1789 4617 1947 4680 nicet,
1985 4631 2092 4668 non
2127 4612 2499 4681 quasilocum
2535 4610 2832 4681 sacerdotis
2858 4621 3099 4679 usurpet.
3125 4629 3143 4661 ι

1806 4686 1915 4755 (27)
1956 4683 2122 4755 Tome
2147 4679 2241 4745 ⁷111,
2267 4679 2430 4755 Notes
2464 4696 2557 4755 sur
2583 4679 3044 4755 _saint_Corneille,
3080 4690 3205 4735 note
3234 4681 3288 4745 ὓ,

1736 4747 1850 4824 Qtie
1879 4747 2169 4823 TrOphime
2201 4753 2343 4824 avait
2373 4747 2618 4824 idolatré,
2648 4766 2700 4824 p.
2738 4750 2860 4804 740.

1806 4826 1915 4895 (28)
1959 4820 2012 4876 1ιί
2062 4824 2206 4895 notis
2233 4822 2298 4895 ad
2329 4822 2581 4895 superius
2602 4821 2830 4895 _eitatam
2867 4822 3023 4891 epist.
3057 4822 3089 4873 9
3118 4820 3288 4895 sancti

1734 4890 1967 4951 Cornelii
2010 4894 2076 4948 ad
2117 4892 2366 4958 Fabium,
2396 4907 2517 4963 pag.
2556 4890 2678 4958 ΗΞ),
2714 4899 2825 4945 not.
2857 4890 2913 4957 α,
2937 4902 2989 4945 et
3014 4906 3131 4960 pag.
3170 4890 3289 4953 166,

1738 4980 1851 5020 ηοι.
1882 4982 1928 5019 8.

1830 5036 1917 5102 29)
1959 5037 2018 5087 In
2054 5033 2397 5097 Bibliotheca,
2429 5032 2548 5086 cod.
2582 5046 2822 5102 ccxxx",
2858 5046 2913 5099 p.
2937 5029 3061 5102 414.

1830 5039 1917 5102 ‘29)
1959 5039 2018 5087 In
2054 5039 2397 5097 Bibliotheca,
2429 5039 2548 5086 cod.
2582 5046 2822 5094 CLXXXII,
2858 5046 2913 5099 p.
2939 5039 3061 5082 414.

1807 5039 1919 5176 (50)
1961 5104 2128 5159 Tome
2158 5104 2243 5166 Ill,
2263 5102 2422 5176 Notos
2442 5120 2551 5176 _s_ur
2583 5104 2724 5176 saint
2753 5100 3040 5176 Corneille,
3066 5106 3179 5151 not.
3202 5098 3286 5161 l0,

1739 5170 1832 5230 sur
1862 5177 1937 5230 les
1971 5176 2310 5229 ordinatettrs
2340 5174 2405 5228 tle
2440 5174 2720 5235 Novatien,
2752 5190 2802 5240 p.
2837 5170 2958 5222 7H.

1809 5248 2091 5369 (blhtiﬁp.
2129 5246 2183 5312 4,
2222 5245 2249 5315 ς
2282 5245 2331 5308 7,
2379 5262 2430 5313 p.
2469 5244 2538 5297 M
2572 5252 2624 5296 et
2649 5259 2797 5311 seqq.
2830 5239 2953 5294 edit.
2985 5239 3291 5310 Argentum

1814 5335 1864 5369 ut
2048 5356 2062 5369 .

1740 5334 1864 5370 alllll
1907 5334 2062 5370 114υ.

1811 5388 1920 5456 (5‘2)
1965 5386 2215 5439 Historia:
2262 5382 2621 5437 ecclesiastica:
2652 5382 2741 5435 lib.
2779 5397 2847 5440 tv,
2895 5395 2943 5432 c.
2975 5379 3063 5442 31,
3100 5393 3151 5447 p.
3187 5378 3290 5433 551)

1741 5457 1915 5511 eitatm
1940 5457 2209 5508 editionis.

1812 5526 1934 5646 ξ)δέ
1962 5524 2093 5646 ride
2121 5525 2350 5583 Bulittm,
2386 5520 2588 5588 Defens.
2634 5519 2755 5587 ﬁdei
2786 5517 3034 5584 Nicwnw,
3057 5530 3186 5575 sect.
3206 5538 3285 5583 ιιι,

1743 5601 2015 5661 c.s,§4.

1814 5594 1935 5737 (825,4)§
2057 5663 2397 5727 Bibliotheca,
2447 5658 2567 5713 cod.
2603 5673 2747 5724 cui,
2801 5676 2849 5729 p.
2884 5659 3025 5715 502:
3062 5679 3080 5713 ι
3110 5660 3289 5721 Pii-fert
