3844 6188
588 199 691 255 M7

1380 192 1469 248 DE
1510 190 1901 250 PORTUENSI
1943 191 2001 246 S.
2041 188 2402 246 HIPPOLYTI
2437 187 2629 245 SEDE.
2669 218 2736 228 —
2775 186 2954 245 PARS
2990 187 3031 244 1.
3684 197 3752 252 tu

589 321 769 375 tianos
817 321 1028 371 tantum
1078 313 1399 385 productum
1449 304 1851 369 testatur.‘Alia
1898 314 2060 369 etiam
2090 313 2159 368 ab
2190 321 2234 375 Α
2265 311 2440 366 tuensi
2472 309 2709 365 Ecclesia
2761 310 2940 366 locum
2994 310 3195 366 habere
3243 313 3474 382 potuisse
3515 320 3752 383 aperlede-

588 414 706 479 ipso
749 406 1039 481 Hippolyto
1066 406 1247 462 minus
1299 414 1445 461 recte
1486 406 1734 476 exposita
1778 406 2157 461 animadvertit

585 501 782 570 saepius
832 501 1030 556 citatus
1083 506 1274 553 auctor
1310 497 1554 565 Photius,
1603 499 1658 552 in
1711 498 2155 568 interpretatione

584 591 844 659 Danielis,
880 600 933 646 et
977 589 1247 661 praecipue
1295 589 1613 644 Antichristi
1646 589 1957 655 adventum,
1991 604 2153 659 quem

587 682 643 739 S.
680 684 968 753 episcopus
1016 682 1453 752 quingentesimo
1502 689 1624 751 post
1674 679 1953 736 Christum
2008 696 2153 735 anno

581 789 894 844 venturum,
928 788 981 833 et
1012 778 1443 849 quamplurimos
1470 794 1625 850 reges
1663 779 2150 834 exterminaturum

581 871 879 938 dictitarit;
920 871 1066 925 hunc
1092 871 1268 940 ipsum
1300 871 1462 925 etiam
1498 870 1780 941 scopulum
1812 870 2153 926 offenderunt

583 959 641 1015 S.
672 959 925 1025 Irenaeus,
956 959 1291 1025 Victorinus,
1322 958 1656 1027 Lactantius,
1689 962 1889 1031 aliique
1914 977 1979 1016 ex
2012 963 2151 1017 anti-

579 1051 861 1121 quissimis
912 1049 1202 1119 Patribus,
1244 1069 1383 1123 quos
1436 1042 1618 1108 laudat
1670 1053 1960 1110 Anselmus
2013 1053 2148 1110 Tut-

578 1156 698 1202 teus
727 1145 860 1216 ('55),
902 1145 1346 1202 accuratissimus
1374 1144 1607 1216 Operuni
1639 1146 1696 1201 S.
1736 1145 1921 1217 Cyrilli
1953 1146 2146 1202 Hiero-

578 1236 885 1308 solymitani
907 1234 1099 1289 editor.
1128 1234 1264 1290 Cum
1292 1236 1454 1306 igitur
1478 1235 1640 1301 hanc,
1677 1253 1840 1307 quam
1887 1237 1955 1293 de
2000 1238 2150 1294 illius

577 1331 791 1401 scriptis
813 1327 1135 1385 sententiam
1161 1325 1261 1381 fert
1283 1325 1639 1397 Nicephorus,
1665 1345 1769 1383 non
1794 1329 2010 1385 aliunde
2037 1331 2144 1397 ille,

576 1431 635 1476 ut
691 1422 1053 1492 suspicamur,
1108 1437 1270 1491 quam
1323 1437 1387 1475 ex
1433 1419 1611 1475 Photii
1664 1419 2011 1488 Bibliotheca,
2047 1423 2145 1478 de-

574 1513 927 1584 prompserit;
950 1521 1133 1584 aperte
1164 1512 1470 1583 colligimus
1500 1512 1702 1567 nullam
1733 1513 1892 1568 nobis
1920 1530 1949 1569 a
1983 1512 2142 1571 Nice-

572 1606 745 1674 phoro
772 1604 1091 1675 conjiciendi
1131 1605 1396 1660 rationem
1431 1604 1782 1674 suppeditari,
1806 1621 1913 1676 qua
1941 1605 2143 1679 Hippo-

572 1696 743 1767 lytum
789 1693 1212 1752 Novatiauorum
1247 1704 1551 1751 commenta
1600 1712 1837 1766 unquam
1881 1698 2143 1767 probasse

570 1788 876 1845 credamus.
910 1787 1148 1843 Tandem
1198 1788 1245 1844 si
1289 1786 1560 1859 Hippolyti
1612 1796 1666 1843 et
1713 1786 2139 1846 Novatianorum

569 1890 812 1951 tempora
864 1889 1116 1935 accurate
1165 1895 1456 1950 parumper
1496 1880 1909 1949 expendantur,
1956 1884 2139 1939 nullus

569 1982 757 2028 nostro
801 1971 1019 2042 quidem
1066 1972 1272 2041 judicio
1322 1972 1604 2026 dubitandi
1648 1971 1801 2029 locus
1846 1975 2134 2043 supererit,

566 2065 698 2133 quin
730 2064 1129 2118 sanctissimum
1163 2061 1417 2119 Ecclesiae
1448 2062 1659 2119 Patrem
1686 2065 1755 2119 ab
1780 2067 1928 2120 omni
1958 2065 2138 2123 Nova-

568 2160 729 2210 tianze
775 2155 999 2209 haeresis
1051 2154 1363 2223 suspicione
1407 2163 1526 2210 tuto
1564 2162 1688 2210 cum
1721 2157 1993 2213 Ceillierio
2022 2158 2132 2230 (36)

567 2245 840 2299 vindicare
871 2245 1166 2315 possimus,
1196 2245 1289 2314 qui
1320 2254 1575 2314 praeterea
1613 2247 1681 2301 ab
1708 2248 1852 2301 omni
1879 2246 2133 2305 Novatia-

565 2336 729 2392 nismi
760 2337 1069 2406 suspicione
1103 2334 1448 2407 Hippolytum
1482 2346 1725 2392 nostrum
1755 2340 1919 2393 etiam
1948 2355 2013 2395 eo
2038 2356 2135 2411 po-

564 2415 834 2483 tissimum
859 2427 1098 2483 vindicat
1118 2438 1455 2497 argumento,
1479 2429 1646 2498 quod,
1673 2429 1717 2485 si
1747 2429 1863 2500 ipse
1889 2447 2130 2503 unquam

563 2514 881 2575 Novatianis
914 2521 1249 2589 adhaesisset,
1281 2522 1333 2577 id
1375 2520 1617 2592 profecto
1647 2538 1753 2577 non
1789 2525 2132 2583 reticuissent

564 2611 931 2680 schismatici;
963 2613 1211 2684 quinimo
1253 2623 1461 2670 tantum
1497 2614 1675 2671 virum
1708 2625 1867 2673 secta
1895 2634 2007 2675 suae
2037 2636 2131 2691 pa-

566 2713 781 2759 tronum
816 2704 1111 2763 Catholicis
1145 2716 1530 2765 ostentassent.

563 2813 725 2871 XVII.
766 2815 1116 2873 Prudentium
1148 2822 1511 2944 trestinérnum
1541 2822 1854 2896 llippolytos
1874 2826 2130 2895 con/Iesse

1187 2906 1243 2943 οε
1269 2908 1328 2944 en
1371 2906 1499 2944 stur.

1187 2906 1499 2947 ostenditur.

2257 412 2582 458 monstrent.
2636 401 2839 458 Eodem
2890 403 3054 457 etiam
3100 411 3261 473 pacto
3303 405 3627 474 rejiciendam
3673 426 3752 465 CSSt

2254 500 2494 556 diximus
2522 500 2849 571 peculiarem
2875 499 3019 554 illam
3050 497 3276 554 Joannis
3306 497 3469 570 Langi
3490 516 3550 557 ac
3576 501 3752 559 Fronto.

2253 592 2341 647 nis
2392 592 2572 647 Duccei
2621 593 2688 647 de
2742 590 3027 661 Hippolyto
3059 591 3452 660 conjecturam,
3484 608 3580 662 qua
3630 596 3752 651 diser-

2252 683 2525 738 tissimum
2560 683 3077 752 sanctissimumque
3107 680 3362 737 Ecclesiae
3384 682 3582 738 Patrem
3607 687 3651 739 in
3680 686 3752 739 .‘io.

2251 779 2593 831 vatianorum
2640 777 2834 832 castris
2884 775 3143 831 militasse
3175 775 3404 841 dicunt;
3451 788 3627 845 praeter
3651 783 3751 836 enin

2249 878 2490 923 veterum
2518 868 2758 927 omnium
2806 869 3129 938 scriptorum
3165 867 3233 922 de
3269 865 3531 940 Hippolyti
3561 869 3752 927 Novatia-

2249 962 2429 1016 nismo
2483 961 2790 1029 silentium,
2836 961 3007 1031 ipsius
3057 967 3189 1014 aetas
3231 976 3356 1014 cum
3403 958 3751 1020 Novatianorun

2250 1052 2585 1121 temporibus
2610 1051 2752 1106 haud
2781 1052 3036 1122 conjungi
3062 1060 3264 1120 potest.
3303 1049 3488 1121 Neque
3515 1053 3666 1122 ipsius
3688 1056 3744 1107 «1ο

2248 1144 2421 1197 ctrina
2455 1143 2751 1214 quidquam
2794 1159 2918 1199 cum
2952 1143 3431 1198 schismaticorum
3462 1145 3664 1201 somniis
3691 1147 3752 1200 Ιιει⁴

2247 1235 2365 1290 buit
2393 1251 2702 1292 commune.
2729 1236 3068 1307 QuaprOpter
3107 1250 3233 1290 cum
3265 1234 3581 1291 Prudentius
3610 1238 3751 1308 hymni

2247 1343 2351 1382 suo
2384 1312 2727 1400 Hippolytum
2779 1329 3153 1401 presbyterum
3210 1326 3559 1383 Novatianum
3605 1329 3751 1384 laudet

2245 1430 2407 1491 atque
2435 1421 2513 1477 illi
2541 1422 2781 1493 episcopi
2806 1432 2859 1478 et
2886 1421 3190 1494 presbyteri
3235 1429 3416 1492 partes
3447 1437 3551 1476 uno
3591 1423 3752 1477 eodem

2244 1530 2348 1584 que
2387 1523 2627 1585 tempore
2676 1516 2961 1585 perspicue
3013 1514 3251 1579 tribuat;
3305 1527 3464 1567 nemo
3511 1528 3608 1569 non
3655 1516 3747 1569 ride

2245 1621 2499 1676 magnum
2544 1605 2838 1661 Barouium
2884 1605 3026 1660 haud
3073 1605 3324 1675 iniquam
3355 1605 3421 1662 de
3446 1606 3558 1677 ipso
3591 1616 3752 1662 sentem

2174 1679 2371 1753 Btiam
2426 1700 2632 1767 tulisse,
2668 1700 2797 1754 dum
2853 1709 2963 1755 tres
3017 1699 3344 1772 llippolytos
3398 1699 3450 1753 in
3500 1715 3648 1754 unum
3685 1701 3752 1754 ιω(

2240 1789 2479 1845 carmine
2510 1789 2579 1845 ab
2609 1790 2797 1845 eodem
2834 1788 3095 1845 confusos
3125 1788 3524 1844 animadvertit.
3553 1787 3752 1857 Quamvis

2238 1880 2383 1936 enim
2433 1880 3116 1953 exquisitampientissimi
3174 1890 3350 1953 poetae
3374 1882 3675 1953 diligentiam
3699 1900 3752 1937 re-

2238 1980 2380 2029 teres
2415 1989 2480 2029 ae
2526 1974 2856 2029 recentiores
2902 1974 3203 2044 scriptores
3250 1990 3359 2031 uno
3401 1990 3492 2029 ore
3536 1990 3752 2029 commen-

2236 2063 2383 2132 dent,
2414 2074 2591 2119 tamen
2622 2080 2744 2119 cum
2773 2065 3086 2135 hujusmodi
3117 2066 3295 2123 navis
3326 2067 3431 2121 alia
3450 2065 3600 2121 etiam
3627 2066 3752 2135 ipsius

2234 2157 2476 2211 carmina
2537 2172 2787 2227 respersa
2842 2174 2963 2214 esse
3022 2167 3283 2225 constet,
3341 2158 3580 2228 colligere
3622 2158 3752 2227 juvat,

2234 2243 2437 2313 ipsum,
2478 2244 2606 2300 dum
2657 2244 2926 2318 Hippolyti
2975 2248 3058 2303 sui
3108 2247 3304 2303 laudes
3346 2247 3554 2312 cecinit,
3595 2247 3752 2315 aliquid

2233 2335 2456 2391 humani
2481 2352 2701 2407 passum
2733 2337 2901 2394 fuisse
2929 2354 2994 2394 ac
3020 2338 3239 2406 eodem,
3279 2354 3389 2411 quo
3416 2340 3468 2394 in
3501 2338 3596 2392 alio
3623 2338 3751 2407 ipsius

2233 2427 2456 2499 hymno,
2492 2428 2830 2486 confusionis
2877 2430 3009 2486 vitio
3060 2430 3370 2498 laborasse,
3404 2431 3455 2485 in
3480 2445 3578 2501 quo
3602 2429 3648 2483 S.
3675 2428 3750 2498 Cy-

2230 2519 2504 2590 prianum,
2534 2520 2947 2576 celeberrimum
2969 2521 3122 2576 illum
3153 2537 3222 2578 ac
3256 2522 3586 2577 notissimum
3610 2518 3748 2574 Eccle-

2230 2612 2327 2666 siae
2353 2608 2569 2667 Patrem
2597 2611 2733 2682 (37),
2775 2627 2899 2667 cum
2941 2611 3223 2684 Cypriane
3257 2611 3580 2666 Antiocheno
3606 2606 3752 2663 confu-

2230 2703 2328 2767 dit,
2363 2718 2525 2774 quem
2555 2718 2773 2774 magum
2808 2703 2979 2759 luisse
3007 2704 3311 2774 perhibent
3337 2702 3470 2767 Ado,
3510 2698 3749 2761 Usuardus,

2229 2793 2517 2863 Notkerus,
2561 2796 2864 2866 czeterique,
2894 2804 2948 2851 et
2992 2796 3151 2863 cujus
3185 2796 3323 2852 lidei
3355 2794 3606 2852 confessio
3643 2792 3748 2846 edita

2228 2887 2549 2957 plerumque
2598 2886 2794 2956 legitur
2839 2886 2907 2941 ad
2958 2887 3159 2941 calcem
3225 2885 3456 2957 Operum
3502 2884 3552 2939 S.
3582 2882 3747 2954 Cypriae

631 2976 905 3035 Hactenus
939 2980 1238 3052 praecipuas
1285 3001 1605 3056 magnorum
1635 2988 1873 3043 virorum
1908 3000 2128 3046 senten-

2232 2978 2287 3031 ni
2320 2978 2457 3049 (38),
2495 2987 2658 3049 atque
2690 2978 2862 3049 ipsius
2892 2978 3025 3033 Acta
3073 2978 3358 3050 aliquibus
3404 2979 3584 3034 abhinc
3623 2976 3743 3030 annis

561 3069 687 3135 tias,
717 3069 915 3138 quibus
964 3069 1309 3144 Hippolytum
1360 3090 1391 3129 a
1447 3074 1742 3132 Prudentia
1803 3078 2123 3148 laudatum,

560 3158 876 3216 Portuensis
915 3162 999 3216 vel
1030 3161 1288 3218 Romamn
1319 3162 1573 3220 Ecclesia:
1594 3170 1927 3240 presbyterio
1957 3171 2127 3225 ascri-

558 3253 708 3316 bere,
740 3262 903 3322 atque
927 3269 958 3307 e
988 3269 1144 3309 sacro
1171 3253 1554 3312 Portuensium
1586 3259 1965 3331 episcoporum
2003 3264 2127 3319 albo

558 3345 737 3399 delere
762 3346 940 3400 conati
964 3353 1108 3411 sunt,
1142 3347 1196 3401 nl
1229 3356 1415 3404 nostra
1450 3366 1551 3406 nos
1577 3349 1715 3407 fallit
1736 3353 1942 3424 Opinio,
1972 3356 2126 3426 peni-

557 3447 648 3493 tus
680 3436 984 3494 concidisse
1007 3439 1263 3506 vidimus,
1293 3457 1415 3497 cum
1450 3451 1505 3497 et
1548 3452 1848 3514 temporum
1885 3446 2045 3512 ratio,
2073 3457 2127 3503 et

558 3531 900 3586 sanctissima
928 3530 1192 3601 majorum
1219 3548 1527 3590 nostrorum
1557 3536 1843 3607 disriplina
1872 3536 2126 3612 Hippoly-

558 3632 672 3677 tum
695 3623 841 3679 hunc
868 3624 1262 3697 presbyterum,
1288 3641 1385 3682 nec
1408 3625 1460 3681 in
1491 3624 1736 3683 Romana
1786 3645 1885 3686 nec
1911 3630 1964 3684 in
1990 3629 2124 3687 Por-

557 3808 895 3876 autemcum
929 3799 1032 3855 alia
1081 3815 1189 3857 non
1216 3804 1439 3876 o_mnl_no
1464 3803 1654 3876 proba.
1678 3812 1793 3859 tum
1826 3803 2122 3876 Epistolam

557 3871 624 3926 ad
661 3868 914 3925 Hebraeos
944 3886 1051 3926 non
1085 3886 1206 3927 esse
1234 3870 1387 3926 Pauli
1417 3868 1666 3936 apostoli,
1701 3895 1718 3926 ι
1754 3884 1861 3932 etc.

661 3887 914 3925 Hebraeos
944 3887 1051 3926 non
1085 3887 1206 3927 esse
1235 3887 1387 3926 rann
1417 3888 1445 3927 a
1488 3887 1666 3936 esten,
1701 3895 1718 3926 ι
1754 3887 1861 3932 etc.

626 3939 739 4014 (ἒξ)
782 3941 838 4014 l_n
865 3941 1110 4014 notisad
1134 3941 1414 4014 Cateches.
1446 3887 1532 4009 is,
1570 3959 1622 4014 p.
1652 3944 1778 4011 231,
1807 3957 1921 4004 not.
1951 3950 2016 4004 A.

625 4008 748 4086 (36_)_
782 4008 1264 4086 Saint‘ﬂippolgte,
1294 4014 1483 4086 évéque
1522 4008 1584 4067 'et'
1631 4008 1854 4086 martyr,
1902 4020 1989 4075 ch.
2026 4020 2117 4083 27,

555 4080 688 4155 toni.
708 4081 772 4145 ll,
803 4096 855 4155 p.
886 4080 1009 4155 2H9,
1040 4081 1066 4153 §
1095 4080 1570 4155 5;'¢_Notre'saint,
1592 4100 1660 4139 au
1680 4080 1973 4155 contraire,
1991 4080 2124 4145 ἐωξὶ

555 4152 624 4227 ne
649 4151 786 4227 dans
819 4151 868 4227 la
899 4150 1087 4227 Grece,
1120 4153 1159 4227 il
1185 4152 1317 4207 était
1349 4151 1574 4222 évéque,
1606 4164 1660 4209 et
1688 4171 1755 4210 ne
1786 4160 1895 4227 prit
1919 4150 2120 4227 jamais

555 4224 603 4278 le
640 4222 778 4292 parti
808 4222 902 4277 des
943 4220 1272 4288 Novatiens;
1325 4220 1631 4292 autrement
1675 4220 2121 4284 ces'schi'smatb

554 4290 689 4363 ques
716 4291 1019 4363 n‘auraient
1056 4308 1159 4363 pas
1196 4290 1433 4363 manqué
1460 4294 1526 4350 de
1558 4295 1668 4350 s’en
1702 4295 1837 4353 faire
1867 4299 2121 4355 honneur

552 4361 606 4418 et
634 4364 699 4418 de
746 4376 805 4416 se
834 4361 1099 4443 prévaloir
1130 4363 1197 4417 de
1241 4378 1302 4418 ce
1334 4361 1499 4443 qu'un
1552 4365 1861 4443 hommc_si
1908 4367 2120 4443 celebre
2149 4364 2197 4424 D

553 4449 652 4503 par
678 4447 742 4513 sa
780 4435 992 4486 science
1013 4442 1066 4487 et
1088 4448 1188 4503 par
1218 4449 1279 4489 sa
1307 4442 1459 4488 vertu
1491 4435 1668 4490 aurait
1690 4438 1970 4496 embrassé
2000 4441 2117 4495 leur

590 4512 713 4558 arti.
745 4519 764 4552 ι

552 4518 985 4695 ξέξὲζέῐέἴιηηο
1011 4572 1067 4640 ὁ,
1104 4589 1157 4629 v.
1196 4573 1283 4643 l7,
1314 4590 1436 4647 pag.
1472 4575 1597 4644 124,
1630 4577 1760 4633 edit.
1794 4579 2119 4653 Antwerpiaa

554 4658 684 4698 annt
714 4658 853 4695 1005
890 4682 901 4694 .

759 4710 1192 4786 4fra_Carth_ago
1222 4722 1311 4786 tua
1341 4726 1540 4783 promet
1570 4732 1712 4786 ossa,

762 4779 866 4851 ονε
896 4779 1413 4851 [αεαηάοόυρνὶάηε
1442 4786 1663 4849 doctor;

760 4849 1005 4921 Corduba
1038 4849 1303 4906 Acisclum
1332 4855 1502 4921 dabit,
1526 4868 1574 4910 ct
1599 4859 1837 4914 Zoellum

833 4919 1055 4991 Tresque
1090 4939 1330 4977 coronas.

550 4989 745 5071 Utrum
793 4991 879 5071 his
922 4989 1100 5071 verbis
1149 4991 1472 5071 Prudentius
1498 4995 1637 5071 duos
1667 4998 1788 5071 illos
1817 5000 2115 5071 Cyprianus

546 5061 873 5140 contuderit,
907 5062 1033 5140 aliis
1076 5062 1445 5140 judicandum_
1476 5061 2115 5140 relinquiinus.'('2ypria-

502 5186 507 5197 ,
548 5148 676 5185 nunt
711 5132 1108 5187 Antiochennm
1157 5148 1374 5202 magum
1422 5134 1588 5191 fuisse
1620 5132 1986 5194 certissimum
2033 5151 2115 5196 est

547 5210 602 5280 et
648 5204 930 5280 doctorem
984 5213 1377 5280 nuncupatum,
1410 5205 1510 5280 qui
1536 5204 1804 5280 Justitiam
1844 5210 2110 5280 virginem

550 5272 603 5324 in
633 5272 842 5344 Agladii
874 5289 1111 5344 amorem
1141 5272 1364 5344 magicis
1394 5272 1599 5330 artibus
1648 5279 1884 5333 excitare
1931 5272 2115 5335 tenta-

547 5342 838 5419 verat.__De
879 5343 1051 5419 ipsius
1090 5342 1444 5419 conversione
1474 5356 1526 5400 et
1562 5348 1820 5419 martyrio
1852 5350 2115 5406 videndus

549 5411 666 5492 Ade
704 5412 789 5466 dic
819 5411 946 5492 srvi
984 5414 1334 5492 Septembijs,
1368 5425 1430 5492 ct_
1458 5426 1601 5492 notae
1634 5411 1897 5492 Do'niinici
1932 5418 2114 5492 Giorgi

550 5482 615 5560 ad
646 5480 989 5560 ipsa_m_diein
1025 5480 1145 5556 pag.
1174 5484 1298 5551 497,
1344 5488 1433 5560 qui
1481 5488 1733 5560 observat
1778 5490 1844 5544 ab
1886 5480 2114 5560 ipsomét

550 5549 809 5630 Crcgorio
824 5549 1524 5630 Nazian'zei'iogconimistum
1547 5557 1564 5611 f
1572 5560 1736 5622 uisse,
1758 5549 2002 5616 oratione
2024 5563 2109 5624 18,

551 5622 878 5694 Cyprianum
922 5623 1404 5698 Carthagincnsem
1457 5643 1580 5684 cum
1626 5630 1894 5703 Cypriane
1920 5622 2111 5689 Antio;

2228 3068 2470 3139 vulgavit
2520 3069 2873 3125 doetissimus
2922 3070 3235 3127 monachus
3267 3069 3566 3126 Edmundus
3593 3066 3744 3121 Marte-

2228 3173 2296 3214 ne
2329 3159 2463 3231 (39).
2495 3158 2553 3214 S.
2587 3160 2798 3214 Sixtum
2828 3157 3135 3215 Romanum
3183 3162 3495 3232 pontificem
3540 3159 3662 3215 cruci
3683 3156 3742 3210 al-

2228 3252 2394 3305 fixum
2430 3251 2573 3306 idem
2598 3248 2926 3307 Prudentius
2958 3250 3099 3306 dixit
3128 3250 3275 3325 (40),
3308 3268 3462 3324 quem
3488 3249 3739 3307 luculentis-

2227 3340 2368 3397 simo
2408 3338 2465 3395 S.
2496 3328 2753 3412 Cypriani
2783 3341 2895 3413 (41)
2948 3343 3290 3411 testimonio,
3340 3344 3508 3415 gladio
3548 3338 3738 3395 animad-

2226 3447 2430 3486 versum
2458 3434 2684 3489 scimus.
2712 3430 2807 3487 His
2832 3433 2994 3504 igitur
3017 3433 3343 3503 praemissis,
3366 3434 3437 3488 nil
3463 3432 3633 3487 mirum
3657 3427 3738 3483 cui-

2225 3525 2369 3595 piam
2397 3541 2518 3581 esse
2541 3526 2718 3591 debet,
2744 3529 2888 3598 quod
2921 3527 3196 3583 maximus
3234 3526 3596 3582 Ecetesiasticae
3620 3525 3738 3575 histo-

2226 3620 2320 3673 ria:
2348 3634 2545 3689 parens
2576 3619 2948 3675 vetustissimo
2994 3620 3121 3675 licet
3162 3635 3236 3676 ac
3285 3618 3614 3676 disertissimo
3638 3615 3735 3668 scri-

2223 3816 2419 3879 ebeno,
2445 3815 2600 3886 juxta
2632 3815 2848 3871 Baronii
2885 3821 3237 3877 sententiam.
3270 3821 3549 3878 Adeundus
3575 3818 3733 3875 Usuar-

2222 3887 2327 3942 dus
2364 3889 2555 3942 eadem
2602 3886 2709 3951 die.
2740 3899 2792 3943 et
2822 3887 3063 3946 Solerius
3092 3894 3145 3945 in
3178 3895 3326 3949 notis
3360 3904 3486 3947 tom.
3522 3890 3597 3946 νη
3621 3905 3733 3943 men-

2223 3957 2301 4033 sis
2329 3954 2498 4033 Junii,
2547 3972 2601 4027 p.
2630 3957 2755 4025 558,
2784 3957 3053 4015 Notkerus
3091 3962 3282 4017 eadem
3333 3963 3418 4019 die
3454 3962 3579 4033 apud
3607 3959 3730 4033 Cani-

2223 4028 2363 4081 sium
2391 4025 2655 4083 Thesauro
2680 4041 3133 4093 monumentorum
3156 4025 3624 4093 ecclesiasticarum,
3641 4025 3730 4091 t.ll.

2220 4105 2361 4175 part.
2404 4113 2504 4175 _in,
2549 4113 2672 4170 pag.
2726 4088 2859 4167 HF;
2900 4088 3338 4172 Wandelbertus,
3369 4104 3458 4175 qui
3487 4104 3589 4158 haec
3613 4088 3733 4156 deed

2222 4167 2443 4223 scribsit
2473 4186 2486 4222 :

2336 4183 2523 4315 pglelxto
2549 4248 2751 4315 martyr
2775 4248 2899 4315 erat
2917 4239 3242 4315 Cyprianus,
3266 4245 3407 4315 uirgo
3431 4244 3571 4297 beata

2363 4308 2529 4384 Quem
2555 4308 2778 4384 Iustine
2803 4310 2900 4365 Dei
2925 4308 3046 4380 fecit
3068 4308 3371 4384 cognoscere
3394 4326 3603 4383 regnum,

2360 4378 2579 4433 Artibus
2603 4381 2806 4435 insanis
2835 4378 3047 4436 tandem
3077 4378 3336 4456 furiisque
3361 4378 3563 4439 relictis.

2214 4468 2369 4548 ,ἔρρει
2428 4468 2971 4548 DaeheerSpicileg.
3022 4483 3154 4532 tam.
3196 4474 3264 4545 ll,
3312 4492 3364 4548 p.
3398 4475 3483 4540 55,
3507 4473 3589 4528 cit.
3620 4467 3721 4524 edit.

2217 4540 2393 4595 Paris.
2428 4541 2558 4596 anni
2589 4540 2769 4597 1725(
2921 4540 2939 4545 ⁷
3136 4586 3139 4589 η

2289 4611 2403 4683 (38)
2443 4609 2573 4683 Pag.
2610 4613 2681 4668 54
2708 4613 2841 4669 edit.
2871 4610 3090 4672 Oxonii.

2285 4675 2400 4753 (39)
2441 4675 2705 4753 TItEsauro
2733 4701 2861 4739 novo
2882 4685 3277 4753 anecdotorum,
3300 4697 3424 4742 tom.
3440 4683 3521 4750 lll,
3542 4698 3587 4753 p.
3606 4675 3725 4736 £622.

2213 4751 2346 4806 edit.
2379 4751 2606 4826 Lutetia:
2651 4751 2989 4826 Parisiorum
3030 4758 3159 4812 anni
3196 4751 3351 4823 l7l7,
3385 4751 3588 4826 legenda
3620 4754 3726 4826 Δςνιιῐιι

2214 4837 2277 4897 ea
2300 4837 2422 4897 quae
2446 4821 2605 4877 docte
2619 4823 2849 4897 quidem
2877 4825 2931 4880 in
2965 4821 3345 4883 admonitione
3361 4821 3547 4897 praevia
3572 4821 3725 4897 adan

2214 4886 2335 4968 deni
2360 4893 2485 4968 Acta
2504 4886 2904 4968 eruditissimus
2922 4899 3225 4953 monachus
3241 4886 3525 4956 adnotavit,
3540 4907 3586 4968 p.
3600 4886 3722 4968 H513.

2217 4961 2503 5086 illim?“
2530 4964 2599 5019 de
2630 4963 2687 5019 δ’
2719 4963 2993 5038 Cypriaﬂo
3020 4969 3274 5039 illiusque
3300 4968 3418 5022 fidei
3439 4961 3723 5019 confessione

2236 5048 2284 5085 la
2325 5047 2392 5084 en
2425 5049 2507 5086 ur,

2236 5042 2507 5086 labentur.

2286 5101 2395 5174 (40)
2437 5101 2594 5175 Hym.
2626 5104 2683 5169 εὶ,
2714 5105 2780 5161 de
2810 5103 2868 5161 S.
2906 5103 3221 5177 Laurentio,
3248 5127 3300 5165 ν.
3328 5109 3415 5174 '21,
3449 5121 3498 5176 ρ.
3524 5101 3618 5157 99:

2464 5191 2597 5247 Fore
2625 5194 2734 5249 ham
2764 5197 3008 5252 sacerdos
3037 5200 3247 5255 dixerat

2456 5261 2582 5337 {am
2614 5264 2804 5320 Xistus
2834 5268 3021 5336 aﬂixus
3050 5273 3217 5337 cruci,

2456 5332 2805 5406 (fumantium
2831 5332 3041 5406 ﬂéntem
3069 5332 3247 5396 videns

2459 5402 2645 5458 Crucis
2679 5406 2773 5459 sub
2800 5402 2914 5476 ipso
2940 5411 3137 5480 stipite.

2288 5492 2397 5573 (bl)
2425 5492 2594 5565 Epist.
2629 5494 2718 5561 80,
2744 5498 3014 5573 Successo
3043 5501 3220 5567 fratri,
3240 5499 3473 5573 pag.533
3494 5495 3571 5550 cit.
3589 5485 3716 5573 «τάξειε

2222 5582 2241 5614 ι
2281 5562 2493 5619 Χίείυηί
2527 5576 2706 5621 autem
2743 5568 2795 5622 in
2826 5573 3137 5628 cmmcterio
3170 5562 3570 5627 animadversum
3595 5562 3715 5614 scit-

2219 5634 2287 5690 lis
2320 5646 2511 5691 octavo
2543 5634 2735 5693 Iduum
2770 5640 3135 5713 Augustarum
3161 5645 3267 5699 ilic.
3295 5662 3315 5694 ι
3562 5660 3565 5663 ·
