3844 6188
147 361 232 415 419

857 351 942 405 DE
976 352 1363 410 PORTUENSI
1404 354 1460 409 S.
1504 353 1861 409 HIPPULYTI
1905 352 2095 406 SEDE.
2138 382 2204 393 -
2243 354 2419 408 PARS
2458 353 2497 407 l.

3164 359 3267 412 450

149 474 260 546 ptori
287 465 559 526 confusionis
590 474 767 520 notam
794 466 1068 530 inusserit,
1096 483 1159 523 ac
1201 469 1371 538 ipsius
1406 470 1473 524 de
1500 469 1601 523 hac
1630 476 1675 530 Α
1704 486 1820 522 rum
1852 468 2136 522 consilium
2194 470 2498 538 improbare
2528 469 2613 523 his
2642 470 2819 524 verbis
2865 470 3267 540 quodammodo

152 582 195 618 re
217 560 463 618 sententiam
497 556 661 610 secuti
703 557 809 611 sint
851 574 955 610 non
988 559 1204 612 obscuri
1239 560 1475 615 nominis
1502 560 1606 612 viri

150 651 393 709 Laurentius
416 649 472 701 de
503 648 547 699 la
580 647 741 700 Barre
762 646 1110 717 (42),Caspar
1133 647 1455 719 Sagittarius
1473 648 1605 718 (45),

146 743 320 796 Joannes
346 736 608 790 Bollandus
639 737 772 804 (4-1),
820 736 1125 806 Stephanus
1159 740 1207 793 le
1242 740 1434 811 Moyne
1471 742 1604 812 (45),

146 832 380 900 Stephanus
409 827 848 882 Cammulhardus
883 829 1014 898 (46),
1046 830 1473 900 Christophorus
1488 833 1608 886 Cel-

142 924 265 977 larius
312 921 423 990 (47),
468 929 517 973 et
559 920 777 973 demum
837 920 1067 977 Jacobus
1128 922 1428 992 Basnagius
1470 925 1604 994 (48),

140 1030 308 1086 quorum
332 1013 504 1082 singuli
539 1021 647 1068 tres
682 1013 992 1085 Hippolytus
1024 1015 1077 1068 in
1106 1032 1272 1069 unum
1301 1032 1330 1071 a
1359 1017 1607 1071 Pruden-

139 1112 190 1161 tio
216 1107 424 1161 confusos
456 1107 588 1159 miro
634 1107 826 1161 docent
855 1124 1141 1163 consensu.
1174 1108 1239 1162 Et
1271 1126 1452 1164 revera
1483 1126 1603 1163 cum

138 1210 269 1255 sancta
310 1199 387 1253 Dei
435 1198 671 1253 Ecclesia
718 1215 781 1253 ex
812 1202 999 1266 variis,
1034 1217 1172 1270 quos
1200 1203 1325 1257 colit
1353 1202 1607 1273 Hippoly-

137 1292 496 1355 tis,celebriores
524 1304 631 1347 tres
682 1293 835 1349 fastis
885 1295 999 1349 suis
1047 1295 1345 1365 descriptos
1391 1297 1603 1364 habeat,

138 1386 295 1438 militem
333 1401 505 1454 nempe
552 1384 608 1440 S.
642 1386 918 1441 Laurentii
964 1390 1194 1454 socium,
1238 1391 1605 1461 presbyterum

140 1476 461 1539 .lntiochenum,
503 1486 553 1530 et
598 1478 911 1547 episcopum
962 1489 1232 1546 nostrum,
1264 1492 1424 1551 atque
1471 1483 1605 1537 istos

135 1568 276 1620 eximio
311 1569 451 1622 etiam
495 1572 641 1624 cultu
700 1572 839 1639 apud
884 1587 1071 1628 omnes
1113 1575 1380 1643 pleraeque
1424 1586 1609 1645 gentes

136 1658 296 1711 donatos
319 1668 528 1725 constet,
552 1660 699 1712 haud
718 1660 929 1715 dillicile
951 1660 1052 1715 fuit
1082 1661 1371 1717 Prudentio
1400 1663 1607 1718 homini

132 1755 261 1800 extero
302 1756 393 1801 tres
438 1749 568 1802 istos
602 1748 941 1820 Hippolytos,
969 1769 1033 1805 ex
1067 1753 1381 1822 vulgaribus
1408 1752 1605 1810 Roma-

133 1852 269 1889 norum
296 1839 703 1901 narrationibus,
734 1840 787 1892 in
821 1857 989 1895 unum
1022 1842 1273 1897 conﬂare.

178 1926 455 2000 Hippolytum
489 1930 718 1984 militem
745 1929 801 1983 8.
846 1931 1121 1987 Laurentii
1148 1935 1354 1988 socium
1386 1935 1438 1987 in
1488 1950 1609 1990 san-

132 2032 188 2072 cta
210 2020 277 2074 Dei
299 2021 515 2077 Ecclesia
547 2024 959 2079 celeberrimum
989 2024 1158 2080 fuisse
1188 2042 1251 2080 ex
1279 2042 1342 2080 eo
1359 2028 1609 2098 colligere

130 2112 245 2178 juvat,
272 2115 392 2182 quod
417 2116 582 2184 ipsius
611 2132 721 2170 non
762 2117 918 2171 modo
957 2118 1309 2172 vetustissimi
1348 2121 1609 2174 memine-

134 2203 203 2253 rint
219 2204 459 2271 scriptores
481 2215 647 2273 atque
684 2220 893 2267 omnes,
927 2214 1192 2273 quotquot
1228 2213 1436 2259 exstent
1466 2221 1609 2258 mar-

134 2294 308 2363 tyrolugi,
328 2311 497 2348 verum
520 2297 690 2350 etiam
714 2296 838 2364 quia
865 2296 918 2349 in
951 2296 1328 2351 vetustissimis
1358 2296 1609 2351 Ecclesia:

134 2372 311 2453 litnrgiis,
352 2387 592 2454 precibus
614 2430 627 2451 ,
660 2387 884 2456 aliisque
916 2390 1315 2453 monumentis,
1357 2390 1608 2460 martyris

135 2474 292 2543 hujusce
323 2477 503 2547 saepius
559 2489 818 2532 occurrat
878 2480 1159 2533 memoria.
1212 2478 1291 2531 Ex
1337 2481 1607 2534 veteribus

134 2568 191 2632 qui
214 2567 511 2641 Hippolytum
543 2572 775 2623 militem
811 2571 1121 2634 laudarunt,
1159 2573 1317 2640 primi
1353 2572 1607 2627 censendi

132 2668 214 2712 sunt
232 2662 543 2716 vetustissimi
589 2663 708 2715 duo
755 2664 1007 2732 anonymi
1034 2703 1047 2727 ,
1076 2678 1309 2733 quorum
1356 2664 1514 2719 ambo
1548 2663 1605 2717 S.

132 2748 328 2803 Laurentii
356 2752 530 2807 laudes
546 2754 851 2821 prosecuti,
878 2753 1221 2826 Hippolytum
1246 2756 1413 2824 ipsius
1435 2756 1609 2824 primo

129 2841 348 2905 cusrodem,
380 2860 498 2898 mox
546 2855 601 2899 ct
657 2845 900 2915 martyrii
936 2847 1140 2899 socium
1184 2848 1497 2900 illaudatum
1528 2847 1609 2899 di-

132 2932 277 2986 mittere
302 2935 595 2989 noluerunt.
632 2933 839 2988 Horum
872 2936 1143 3004 antiquior
1187 2938 1489 2991 censendus
1528 2944 1610 2989 est

131 3022 199 3083 ille,
224 3025 347 3093 cujus
366 3044 538 3082 sermo
568 3028 625 3081 in
664 3027 772 3097 (49)
802 3028 1069 3097 prioribus
1100 3026 1156 3081 S.
1194 3028 1477 3098 Augustini
1496 3029 1609 3082 edi~

130 3117 297 3173 tionibus
317 3121 437 3173 tanti
470 3119 655 3174 Patris
690 3135 885 3172 nomen
927 3134 1036 3187 prae
1068 3135 1125 3173 se
1164 3119 1400 3185 ferebat,
1447 3138 1605 3191 quem

131 3210 387 3273 tostmodum
434 3212 749 3267 Bernardus
806 3211 1119 3282 V'indingius
1148 3213 1283 3283 (30),
1329 3214 1609 3284 theologus

129 3300 488 3368 Augustinianus,
540 3304 615 3357 ob
648 3303 1153 3374 stylidiversitatem
1186 3305 1473 3373 Augustini
1502 3325 1607 3362 non

129 3406 208 3443 esse
225 3396 415 3450 censuit.
446 3396 728 3467 Vindingii
757 3413 1039 3452 censuram
1065 3399 1233 3451 secuti
1265 3409 1390 3453 sunt
1410 3400 1611 3454 doctis-

130 3485 211 3537 sirni
244 3491 460 3545 monachi
493 3490 933 3561 congregationis
972 3490 1027 3543 8.
1063 3489 1268 3554 Mauri,
1305 3492 1397 3561 qui
1444 3507 1607 3547 accuu

131 3577 327 3634 ruissime
353 3580 403 3636 8,
427 3581 725 3653 Augustini
748 3581 920 3651 Opera
952 3582 1253 3645 ediderunt,
1299 3583 1425 3637 dum
1468 3583 1613 3639 hunc

127 3682 353 3726 Sermonem
385 3674 436 3728 in
463 3674 768 3745 appendice
794 3675 860 3728 ad
899 3682 1104 3727 tomum
1130 3673 1171 3725 V
1196 3675 1443 3729 locarunt
1474 3677 1607 3744 (51).

130 3758 173 3809 At
194 3776 323 3832 nuper
344 3764 573 3823 Joannes
604 3766 794 3821 Pinius
816 3766 949 3833 (52),
982 3767 1293 3821 corumdem
1319 3768 1610 3822 monacho-

175 3919 256 3987 (12)
284 3920 408 3977 Hist.
436 3925 559 3976 crit.
598 3932 704 3976 vet.
744 3918 860 3975 PP.
895 3920 948 3974 in
984 3919 1129 3974 notis
1157 3919 1223 3974 ad
1261 3918 1609 3989 Martyrolog.

129 3987 300 4062 Adonis.
318 4008 425 4062 pag.
459 3995 586 4047 551.

173 4060 256 4127 (£3)
285 4059 346 4114 De
380 4059 605 4116 cruciat.
631 4070 877 4129 martyr.,
900 4077 1017 4129 cap.
1057 4060 1143 4122 12,
1180 4075 1300 4130 pag.
1336 4059 1455 4113 Hi.

174 4130 255 4193 ill)
282 4131 362 4187 Die
405 4150 510 4187 xxx
556 4132 845 4193 Januarii,
880 4143 1005 4185 tom.
1042 4130 1084 4182 ll
1134 4130 1251 4184 Act.
1300 4142 1610 4184 sanctorum

128 4196 305 4271 Ejusdem
335 4205 551 4267 mensis,
601 4218 658 4271 p.
716 4201 1029 4271 1027,_edit.
1072 4199 1281 4271 veneta:
1326 4214 1416 4271 an.
1451 4198 1607 4271 [754.

133 4267 328 4341 tllecitat
367 4276 553 4327 eadem
596 4267 823 4341 (nempe
866 4269 1142 4341 Prudentii
1182 4270 1351 4341 dicta)
1381 4268 1614 4341 exiPrug

130 4337 256 4393 dentio
276 4341 542 4407 Baronius,
586 4337 722 4395 tom.
750 4337 811 4403 ll,
841 4356 982 4393 anno
1020 4340 1123 4393 255
1149 4380 1163 4403 ,
1211 4337 1356 4393 num.
1397 4340 1485 4404 54,
1521 4340 1611 4393 tibi

130 4419 227 4461 recte
249 4414 610 4467 animadvertit
636 4427 665 4464 a
686 4410 980 4464 Prudentio
1006 4419 1113 4463 tres
1138 4409 1448 4480 Hippolytus
1471 4425 1609 4463 mar-

130 4484 228 4549 lites
251 4483 293 4533 in
324 4500 480 4536 nnurn
517 4482 768 4543 conﬂari,
809 4480 951 4533 hunc
998 4480 1364 4549 presbyterum
1418 4480 1613 4533 Antio-

130 4546 319 4611 caenum,
342 4554 565 4606 militem
602 4551 904 4605 Romanum
961 4546 1052 4616 qui
1094 4546 1187 4601 xu]
1220 4550 1443 4618 Augusti
1487 4550 1611 4602 culi-

131 4622 202 4691 l'tl'.
228 4628 367 4689 atque
394 4624 710 4691 episcopum
766 4622 1115 4675 Portuensem
1154 4619 1246 4687 qui
1285 4636 1396 4673 uti
1429 4620 1616 4688 Augu-

132 4692 226 4735 δυ..
702 4709 707 4715 υ

180 4756 262 4832 liii)
289 4758 585 4832 Prolegom.
615 4761 680 4832 ad
716 4759 839 4814 Var.
876 4778 1039 4826 sacr.,
1064 4759 1157 4814 fol.
1192 4759 1279 4832 ._

179 4827 263 4900 ιξιῃ
292 4830 338 4883 In
364 4827 502 4886 notis
533 4834 601 4885 ad
633 4831 1003 4895 Prudentium,
1042 4846 1159 4900 pag.
1193 4829 1317 4890 279,
1344 4843 1493 4881 num.
1530 4827 1579 4880 7.

182 4896 264 4970 lii)
292 4903 339 4970 ln
365 4904 504 4955 notis
525 4903 592 4954 ad
634 4902 890 4970 hymnum
914 4896 1199 4970 Prudentii
1234 4901 1313 4951 11.

180 4964 265 5039 (l8)
288 4964 745 5024 Animadversion.
789 4972 856 5023 de
904 4969 961 5023 S.
1013 4970 1316 5039 Hippolyto,
1345 4966 1370 5037 §
1396 4967 1448 5031 3,
1480 4965 1618 5039 apud

132 5030 348 5091 Callistum
382 5041 634 5093 Thesaur.
668 5052 1045 5093 monumentor.
1077 5030 1414 5092 ecclesiastic.
1438 5030 1441 5031 ν
1462 5030 1621 5089 είΙιὶ-

134 5112 245 5180 itor.,
270 5116 384 5180 tein.
414 5109 453 5173 ι,
488 5127 611 5180 pag.
636 5109 667 5162 4
690 5111 783 5163 cit.
815 5111 973 5163 edit.:
1030 5128 1047 5159 ι
1085 5110 1219 5163 Cum
1250 5110 1409 5180 enim
1443 5108 1621 5175 plures

134 5168 283 5251 iuerint
317 5168 601 5251 Hippolyti,
644 5180 799 5251 facile
826 5180 938 5232 ﬁeri
988 5182 1158 5248 potuit
1186 5189 1243 5232 ut
1269 5168 1470 5251 omnia,
1503 5190 1623 5243 quae

135 5248 262 5319 Ullius
289 5260 373 5301 aut
417 5248 659 5319 quatuor
699 5250 939 5319 ejusdem
986 5251 1220 5303 nominis
1268 5250 1397 5301 viris
1426 5262 1623 5319 conve-

137 5314 317 5390 niebant,
345 5321 392 5371 in
426 5314 594 5373 unum
623 5314 979 5390 eunidetnque
1026 5319 1352 5388 conjecerint
1392 5318 1621 5384 scripto-

136 5394 194 5433 rcs
216 5389 563 5444 ecclesiastici.
602 5409 620 5442 ι

184 5454 271 5531 liii)
302 5458 354 5511 ιιι
393 5469 527 5513 ιοιυ.
571 5460 618 5513 Χ
655 5460 909 5515 editionis
941 5458 1074 5528 Opp.
1119 5455 1175 5509 8.
1206 5454 1489 5526 Augustini
1522 5455 1627 5511 Lo-

139 5532 254 5575 mm.

155 5592 273 5668 .i5ll)
306 5596 487 5651 Critic.
516 5600 902 5668 Augustinian.,
922 5614 1041 5668 pag.
1072 5595 1197 5649 2'28.
1232 5594 1361 5649 Vide
1391 5593 1623 5663 Operum

217 5654 472 5785 .‘l‘lgtl’alllll
524 5654 646 5722 tum.
686 5670 746 5737 Υ,
795 5654 937 5739 μηδ’..
969 5654 1091 5734 376,
1134 5669 1259 5721 edit.
1308 5654 1627 5733 Antvverpizc

143 5744 230 5780 dlllll
297 5756 308 5783 ι
384 5776 395 5785 ,

143 5741 230 5780 antu
262 5738 395 5788 1700.

1706 561 1856 614 visus
1879 571 1994 615 est:
2036 579 2053 611 σ
2094 559 2197 625 Qui
2230 568 2516 629 postquam
2553 569 2630 614 tot
2660 560 2902 614 virorum
2929 562 3262 617 eruditorum

1708 653 1887 721 palato
1917 668 2025 705 non
2067 652 2378 719 desipuerat
2416 666 2479 705 ac
2525 652 2760 705 intactus
2787 660 2867 705 tot
2895 652 3105 707 smeulis
3145 668 3265 721 per-

1708 752 1999 804 manserat,
2033 742 2158 810 quia
2191 752 2366 795 tamen
2413 757 2522 796 non
2549 742 2729 811 sapuit
2769 743 2949 812 gustui
2988 745 3148 799 unius
3179 761 3268 799 so-

1707 834 1813 887 lius
1846 834 2089 887 censoris
2116 833 2308 897 critici,
2342 834 2394 887 in
2428 850 2567 887 nova
2600 834 2837 889 editione
2856 832 3088 904 Operum
3111 838 3268 891 istius

1710 921 1765 975 S.
1801 921 1979 976 Patris
2018 938 2047 976 a
2080 925 2361 979 monachis
2386 924 2745 981 Benedictinis
2768 927 2981 996 vulgata
3033 936 3162 981 tom.
3200 927 3266 993 Υ,

1709 1011 1761 1063 in
1789 1012 1891 1065 line
1914 1012 1966 1065 in
1988 1014 2282 1081 appendice
2310 1030 2453 1068 nunc
2470 1016 2702 1083 primum
2732 1015 3050 1070 collocatur.
3079 1016 3268 1083 sQuis-

1707 1102 1826 1169 quis
1861 1118 1988 1157 vero
2011 1104 2081 1157 sit
2103 1105 2265 1173 hujus
2302 1106 2569 1160 sermonis
2596 1116 2805 1172 auctor,
2832 1108 3135 1174 incertum;
3170 1124 3269 1161 an-

1709 1195 2047 1263 tiquissimus
2082 1212 2213 1251 sane
2245 1208 2347 1262 est,
2382 1215 2445 1253 ac
2469 1199 2907 1269 antiquissimum
2959 1202 3025 1255 de
3064 1200 3268 1271 Hippo-

1708 1285 1815 1356 lyto
1850 1287 1907 1341 S.
1944 1288 2222 1344 Laurentii
2257 1290 2404 1345 socio
2431 1306 2499 1345 ex
2547 1292 2735 1346 eodem
2770 1293 3138 1347 testimonium
3172 1294 3271 1348 eli—

1707 1382 1899 1436 cimus.
1931 1380 1987 1433 ln
2034 1396 2098 1435 eo
2127 1386 2269 1435 enim
2313 1398 2619 1453 anonymus
2660 1384 2717 1437 S.
2766 1384 3110 1441 Laurentium
3166 1389 3270 1453 sub

1707 1472 1952 1525 custodia
1984 1469 2253 1539 Hippolyti
2290 1472 2459 1526 fuisse
2485 1473 2634 1539 dicit,
2667 1482 2720 1527 et
2745 1473 3086 1546 Hippolytum
3118 1478 3180 1530 ad
3208 1480 3271 1531 ti-

1706 1561 1825 1615 dem
1856 1559 2058 1614 Christi
2083 1561 2399 1615 mirabiliter
2428 1565 2783 1631 convertisse,
2816 1580 2879 1618 ac
2908 1582 3097 1621 rursus
3128 1567 3271 1622 Lau-

1708 1652 1940 1705 rentium
1986 1651 2354 1707 Christianum
2406 1650 2750 1724 Hippolytum
2779 1658 3056 1710 custodem
3106 1672 3265 1712 suum

1711 1742 1903 1797 fecisse
1933 1743 2144 1798 asserit.
2178 1743 2387 1798 Similia
2419 1745 2484 1798 de
2518 1743 2801 1816 Hippolyto
2835 1763 2935 1802 nos
2956 1748 3112 1803 docet
3135 1766 3270 1802 anu-

1638 1845 1678 1898 Β
1709 1850 1899 1905 nymus
1928 1835 2085 1900 alter,
2114 1835 2271 1904 cujus
2294 1835 2569 1890 homiliam
2594 1838 2646 1890 in
2690 1838 2901 1893 laudem
2936 1838 2993 1893 S.
3029 1838 3268 1893 Lauren-

1709 1928 1789 1989 tii,
1824 1927 1879 1980 S.
1911 1926 2177 1997 Fulgentii
2211 1928 2509 1999 Ruspensis
2536 1931 2756 1984 nomine
2787 1932 3122 2001 insignitam,
3153 1934 3267 2001 pri-

1709 2034 1829 2073 mus
1856 2019 2021 2073 edidit
2074 2019 2407 2091 Theophilus
2461 2020 2792 2092 Raynaudus
2822 2024 2957 2093 (55),
3009 2025 3101 2093 qui
3136 2041 3266 2079 .eam

1707 2112 2032 2181 deprompsit
2062 2128 2091 2166 e
2123 2129 2225 2168 ms.
2259 2114 2443 2168 codice
2462 2112 2668 2169 Nicolai
2700 2114 2881 2169 Fabri.
2917 2115 3065 2171 lianc
3090 2126 3267 2170 tamen

1710 2203 1765 2255 8.
1800 2202 2084 2273 Fulgentio
2123 2204 2398 2274 indignam
2435 2221 2695 2262 censuere
2730 2208 3122 2261 accuratissimi
3156 2209 3267 2261 edi-

1709 2304 1852 2348 tores
1883 2296 2159 2364 anonymi,
2184 2298 2274 2365 qui
2308 2296 2533 2352 Parisiis
2566 2314 2709 2351 anno
2742 2298 2877 2351 1684
2903 2299 3071 2367 ipsius
3097 2298 3269 2368 Opera

1708 2390 2016 2458 vulgarunt,
2045 2405 2275 2457 eamque
2305 2406 2429 2443 cum
2460 2390 2681 2457 reliquis
2714 2390 2778 2442 79
2800 2406 2831 2443 a
2870 2388 3166 2458 Theophila
3204 2406 3270 2444 ex

1707 2481 1894 2535 eodem
1912 2482 2096 2535 codice
2119 2482 2421 2550 descriptis,
2448 2482 2500 2535 in
2528 2483 2823 2551 appendice
2853 2486 3087 2553 primum
3124 2494 3270 2537 retu-

1708 2573 1885 2627 lerunt
1907 2573 2043 2643 (51),
2082 2589 2382 2642 eorumque
2416 2574 2481 2628 de
2516 2576 2617 2628 hac
2662 2591 2719 2628 re
2747 2577 3033 2630 consilium
3071 2576 3266 2644 proba-

1708 2675 1832 2718 runt
1855 2664 2175 2719 Guilielmus
2201 2666 2311 2735 (55)
2338 2666 2498 2729 Cave,
2528 2665 2790 2734 Dupinius
2810 2668 2944 2735 (56),
2976 2667 3269 2721 Tillemon-

1708 2756 1813 2808 tius
1848 2755 1956 2825 (57)
1991 2765 2043 2807 et
2075 2754 2373 2809 Casimirus
2408 2754 2650 2809 Oudinus
2685 2756 2817 2824 (58).
2855 2756 3115 2822 Quamvis
3142 2772 3271 2811 vero

1709 2846 2016 2915 hujnsmodi
2074 2847 2293 2899 homilia
2348 2846 2637 2917 Fulgentio
2690 2848 2855 2902 tribui
2918 2864 3023 2902 non
3074 2852 3267 2919 possit,

1709 2939 1879 3006 ipsam
1910 2948 2088 2992 tamen
2118 2938 2326 3007 antiqui
2352 2938 2633 3007 scriptoris
2674 2938 2839 2993 fetum
2868 2955 3008 3006 esse,
3042 2957 3147 2995 non
3182 2956 3271 2996 so-

1708 3030 1819 3082 lum
1850 3045 1915 3082 cx
1951 3030 2089 3099 stylo
2135 3030 2379 3097 dignosci
2422 3038 2640 3098 potest,
2665 3031 2757 3099 qui
2800 3048 2907 3085 non
2943 3032 3268 3085 mediocrem

1712 3122 1916 3176 redolet
1961 3122 2372 3191 antiquitatem;
2414 3138 2601 3175 verum
2653 3124 2813 3177 etiam
2861 3140 2927 3177 ex
2984 3125 3271 3193 praecipuis

1712 3230 1878 3269 sacra:
1913 3212 2205 3282 Scriptura:
2234 3215 2411 3269 citatis
2456 3214 2591 3269 locis
2614 3226 2855 3285 apparet,
2882 3233 3001 3283 quae
3046 3233 3153 3271 non
3204 3234 3270 3271 ex

1710 3307 1924 3377 vulgata
1950 3305 2006 3358 S.
2044 3305 2375 3376 Hieronymi,
2412 3307 2504 3361 sed
2532 3322 2597 3361 ex
2622 3308 2787 3361 veteri
2819 3308 2921 3361 alia
2957 3308 3146 3376 quavis
3186 3308 3272 3361 lii-

1712 3398 1942 3452 bliorum
1972 3398 2237 3462 versione,
2271 3406 2518 3466 excerpta
2547 3406 2694 3464 sunt,
2719 3400 3177 3468 quemadmodum
3205 3415 3273 3453 ex

1712 3488 1955 3557 diligenti
2004 3488 2242 3557 ipsorum
2274 3486 2411 3540 facta
2464 3488 2748 3543 collatione
2800 3490 2997 3558 cuique
3049 3490 3269 3559 patebit.

1716 3578 1817 3632 Sed
1850 3570 1933 3631 his
1956 3578 2160 3639 missis,
2181 3577 2247 3629 ad
2285 3575 2628 3648 Hippolytum
2662 3579 2884 3633 militem
2917 3590 3272 3647 revertamur,

1714 3670 1781 3724 de
1802 3686 1909 3739 quo
1950 3671 2061 3724 hare
2097 3671 2257 3723 habet
2304 3685 2606 3739 anonymus
2653 3681 2878 3725 noster:
2922 3691 2939 3722 ι
2978 3671 3275 3741 lmponitur

1713 3774 1767 3820 et
1811 3767 1924 3834 ipse
1957 3766 2183 3834 (nempe
2218 3763 2276 3818 S.
2320 3764 2713 3832 Laurentius),
2762 3764 2817 3817 in
2872 3763 3271 3834 refrigeriosnm

1717 3918 1836 3986 pia),
1872 3932 2121 3973 sermone
2149 3917 2269 3983 516,
2293 3917 2359 3973 de
2396 3917 2453 3973 S.
2485 3916 2794 3979 Laurentio,
2824 3916 2913 3970 ubi
2945 3917 3058 3971 hrec
3084 3918 3272 3986 legun-

1716 4001 1835 4043 tur:
1863 4007 1881 4039 ί
1912 3988 2030 4053 Quo
2066 4000 2115 4041 te
2150 3990 2165 4057 (
2193 3988 2483 4058 Laurenti)
2515 3988 2724 4040 laudem
2762 3988 3069 4056 praeconio?
3096 3990 3186 4055 qui
3218 3989 3270 4041 in

1718 4060 1833 4127 ipso
1864 4060 2049 4127 praelio
2083 4060 2443 4114 confessionis
2487 4059 2730 4129 positus,
2780 4074 2902 4129 eum
2940 4059 3116 4129 adhuc
3167 4063 3272 4112 sub

1717 4130 1959 4183 custodia
1988 4130 2255 4199 Hippolyti
2287 4127 2497 4197 ageres,
2524 4130 2775 4181 virtutem
2810 4127 3022 4181 Domini
3064 4143 3275 4196 semper

1717 4200 2029 4264 Ostendcns,
2083 4216 2295 4254 crucem
2328 4201 2526 4254 Christi
2576 4215 2735 4266 super
2779 4212 3043 4251 czecorum
3086 4202 3275 4251 oculos

1721 4270 1972 4332 faciebas,
2003 4284 2173 4323 crocos
2207 4271 2571 4331 illuminabas,
2590 4280 2641 4321 et
2662 4267 3001 4337 Hippolytum
3025 4269 3089 4321 ad
3113 4268 3270 4320 [idem

1720 4340 1921 4392 Christi
1942 4339 2255 4391 mirabiliter
2283 4340 2651 4393 convertebas.
2687 4357 2704 4388 ι

1791 4408 1904 4476 (52)
1938 4408 1991 4459 ln
2020 4418 2149 4461 tom.
2170 4408 2431 4461 lllActir.
2467 4420 2774 4462 sam-torum
2805 4406 3003 4460 mensis
3023 4405 3270 4476 Augusti,

1726 4478 1812 4531 die
1837 4494 1929 4547 xiii
1960 4478 2200 4547 ejusdem
2229 4481 2448 4536 mensis.
2470 4481 2533 4531 de
2556 4477 2653 4530 SS.
2678 4477 2959 4547 Hippolyto
2977 4477 3275 4532 etCoucor-

1652 4523 1694 4575 υ
1724 4523 1811 4602 ζίἱᾶ
1834 4523 2214 4617 ιῐιᾶἰλᾞίῖᾇῗό,
2229 4523 2531 4617 ’ξῖὁῖἓὶιῖιῖ
2557 4523 3119 4601 ῖὶὶιέίὲιῖεἶιὶῖιῖᾕδῖ

1792 4618 1902 4686 (ὅῦ)
1936 4620 2067 4671 Cum
2090 4616 2345 4686 operibus
2384 4617 2439 4669 S.
2486 4617 2683 4670 Leonis
2713 4627 2765 4669 et
2807 4617 3022 4669 Maximi
3067 4628 3120 4670 et
3146 4616 3276 4670 Ful-

1721 4688 1906 4757 gentii,
1938 4686 2182 4755 Lugduni
2213 4705 2301 4740 an.
2332 4688 2465 4741 1653
2485 4697 2536 4739 et
2568 4688 2859 4756 165:2,pag.
2893 4688 3017 4739 577.

1790 4757 1901 4825 (54)
1932 4758 2175 4810 Sermon.
2202 4758 2289 4820 60,
2315 4774 2433 4825 pag.
2463 4758 2547 4810 85.

1791 4824 1900 4896 (55)
1932 4827 2187 4896 Scriptor.
2222 4824 2619 4879 ecclesiasticor.
2652 4824 2794 4880 Hist.
2840 4826 3089 4886 litterar.,
3139 4834 3271 4877 tom.

1724 4896 1764 4960 1,
1801 4912 1921 4965 pag.
1948 4895 2051 4965 494
2074 4897 2203 4949 edit.
2228 4897 2404 4950 citata:
2431 4897 2646 4951 Oxunii.

1947 4964 2199 5036 Nouveiie
2245 4967 2593 5036 Bibliotliéque
2632 4969 2717 5019 des
2767 4977 2978 5019 auteurs
3025 4961 3275 5036 ecclesia-

1723 5038 2090 5105 stiques,tom.
2126 5034 2189 5098 ν,
2224 5052 2342 5105 pag.
2390 5037 2458 5089 ‘20
2487 5034 2615 5091 edit.
2663 5037 2896 5091 Monten.
2951 5037 3073 5087 anni
3118 5034 3273 5099 1691,

1725 5104 1815 5159 ubi
1838 5108 1904 5161 de
1928 5107 1985 5161 S.
2011 5104 2541 5176 Fulgentaocjusque
2567 5109 2817 5175 operibus
2850 5118 3153 5161 sermonem
3196 5106 3279 5157 iii--

1724 5187 1917 5233 stituit.

1796 5248 1909 5315 (57)
1957 5247 2113 5301 Tom.
2151 5244 2241 5310 IV,
2273 5262 2395 5316 pag.
2438 5246 2525 5308 59,
2552 5244 2640 5298 ubi
2667 5245 2731 5299 de
2775 5244 2831 5298 S.
2873 5243 3163 5301 Laurentio
3191 5261 3280 5300 ar-

1725 5316 2046 5371 chidiacono
2071 5320 2338 5386 loquitur:
2370 5336 2387 5367 ι
2423 5316 2568 5368 Nons
2596 5332 2662 5368 en
2701 5331 2867 5369 avons
2903 5318 3044 5369 aussi
3085 5334 3152 5369 un
3185 5318 3277 5384 qui

1728 5396 1879 5455 porte
1903 5388 1951 5441 lc
1973 5404 2096 5441 nom
2125 5385 2190 5441 de
2228 5388 2283 5441 S.
2314 5386 2609 5455 Fulgcnce;
2632 5385 2779 5455 mais
2809 5400 2877 5455 on
2913 5386 2976 5438 l‘a
3009 5387 3111 5439 mis
3143 5387 3279 5440 dans

1727 5452 2055 5525 l‘appendice
2092 5473 2157 5511 cn
2193 5458 2243 5511 la
2277 5452 2521 5510 derniere
2557 5452 2761 5507 edition
2803 5454 2870 5507 de
2921 5470 3007 5509 ses
3036 5456 3280 5511 aﬂuvres

1726 5542 1935 5579 contine
1968 5526 2170 5580 n’étant
2199 5542 2293 5594 pas
2321 5527 2386 5579 de
2421 5525 2514 5578 lui.

1800 5596 1911 5715 (58)
1946 5593 2296 5648 Commeniar.
2349 5594 2411 5645 de
2473 5593 2812 5661 scriptoribus
2887 5594 3278 5660 ecrlesiasticis,

1800 5682 1861 5715 ni.
1918 5704 1932 5715 .
1965 5681 2081 5715 uae.
2118 5665 2252 5715 1574
2290 5672 2342 5715 et
2370 5680 2516 5715 sequ.
2546 5665 2672 5715 edit.
2705 5663 2898 5715 Lipsiae
2925 5683 3014 5715 an.
3041 5666 3197 5715 ΓΗΔ-
3224 5668 3278 5715 in

1732 5675 1861 5717 tom.
1892 5663 1932 5726 ι,
1965 5681 2081 5733 pag.
2118 5665 2252 5718 1574
2290 5672 2342 5716 et
2370 5680 2516 5731 seqq.
2546 5665 2672 5716 edit.
2705 5663 2898 5733 Lipsius
2925 5683 3014 5719 an.
3041 5666 3197 5730 i723,
3224 5668 3282 5721 itt

1729 5735 2108 5787 dissertatione
2136 5737 2201 5787 de
2240 5734 2425 5788 ultima
2450 5734 2685 5787 editione
2706 5736 2937 5801 Operum
2962 5738 3134 5792 sancti
3159 5735 3284 5791 Ful-

193 5800 278 5871 (ὗε)
308 5807 499 5862 Eodem
529 5818 651 5863 tozn.
674 5808 737 5874 V,
765 5825 883 5879 pag.
904 5809 1004 5864 376
1030 5809 1155 5863 edit.
1186 5809 1361 5863 citatzc
1384 5806 1626 5859 Antvver-
1670 5835 1701 5857 ..
1732 5804 1891 5873 gentii
1927 5803 2219 5871 lluspensis
2248 5806 2298 5859 in
2340 5802 2517 5857 Africa
2545 5800 2799 5875 episcopi.
