3844 6188
203 363 289 418 L65

894 361 981 416 DE
1020 361 1410 420 PORTUENSJ
1452 362 1509 420 S.
1552 361 1906 417 HlPPOLYTl
1947 362 2140 416 SEDE.
2182 391 2248 402 —-
2285 358 2465 413 PARS
2499 358 2539 413 l.

3214 358 3315 414 466

204 482 288 534 lius
310 474 620 531 cmmeterium
647 475 806 529 sitam
838 472 1025 539 fuisse.
1068 484 1326 546 tantaque
1353 475 1671 531 muriilieen-
1698 478 1744 534 Α
1844 475 2089 546 Metando
2112 474 2326 546 eligitur
2352 474 2550 526 tumulo
2576 471 2752 535 locus;
2777 470 2930 546 Ostia,
2951 473 3210 542 linquunt,

201 574 258 626 tia
278 568 381 623 haud
403 566 640 636 polluisse
670 567 892 621 scimus.
942 566 999 621 S.
1028 566 1301 623 Laurentii
1334 583 1459 622 vero
1490 568 1663 621 basili-

197 677 285 714 cam
305 675 326 711 a
350 656 673 711 Constantino
699 656 767 708 M.
796 657 1227 725 splendidissime
1250 656 1661 726 excitatam,ju-

192 762 255 804 xta
282 749 326 803 S.
350 747 590 818 Hippolyti
623 750 992 802 cmmeterium
1034 749 1267 817 positam
1322 764 1464 815 esse,
1488 750 1663 818 dupli-

186 840 667 910 ciquecolumnarum
708 839 897 892 ordine
948 838 1138 892 fultam
1195 840 1467 904 novimus,
1527 842 1661 894 adeo

184 946 228 987 ut
250 933 389 987 eidem
440 946 558 986 mox
607 932 764 985 allata
836 930 1113 986 Prudentii
1174 934 1415 986 carmina
1461 933 1661 1001 optime

181 1025 458 1081 conveniant.
482 1024 765 1094 Antiquam
792 1024 1167 1079 Laurentinum
1208 1025 1441 1079 basilica:
1475 1026 1661 1079 ichno-

179 1118 397 1187 graphiam
420 1117 547 1170 mire
581 1116 868 1171 illustravit
914 1115 1148 1170 Joannes
1175 1115 1491 1186 Ciampinus
1522 1116 1656 1183 (67),

176 1209 370 1279 quem,si
401 1208 553 1273 lubet,
586 1209 833 1264 consulat
855 1209 1041 1263 lector.
1084 1206 1178 1262 His
1210 1208 1425 1262 demum
1456 1208 1660 1263 accedit

175 1300 596 1354 Iuculentissimum
659 1300 929 1355 Anastasii
974 1298 1369 1354 Bibliotheearii
1416 1301 1659 1354 testimo-

174 1394 286 1445 nium
326 1392 386 1445 ab
418 1390 672 1461 Aringhio
728 1392 836 1461 (68)
891 1393 1187 1459 laudatum,
1252 1393 1344 1462 qui
1388 1391 1657 1463 Hippolyti

174 1482 476 1535 cremeterium
508 1483 574 1535 ab
628 1480 864 1535 Adriano
912 1485 932 1535 l
985 1482 1171 1551 pontif.
1225 1481 1293 1535 M.
1349 1482 1654 1536 restitutum

173 1588 368 1638 narrans,
392 1575 496 1627 ᾔτεε
548 1575 748 1628 habet:
811 1593 829 1623 ι
863 1572 1034 1627 Simul
1068 1584 1121 1628 et
1179 1574 1544 1628 cmmeterium
1592 1573 1651 1627 Β.

173 1663 381 1735 Hippolyti
409 1666 658 1736 martyris
709 1667 863 1735 juxta
920 1664 977 1719 S.
1028 1665 1400 1732 Laurentium,
1449 1666 1591 1735 quod
1623 1682 1655 1720 a

172 1756 320 1819 priscis
343 1768 639 1810 marcuerat
691 1758 1044 1826 temporibus,
1103 1772 1132 1811 a
1186 1773 1321 1811 novo
1352 1756 1649 1810 renovavit.

169 1844 260 1899 Pari
282 1848 418 1901 modo
436 1858 487 1901 et
508 1849 794 1903 ecclesiam
818 1849 876 1901 Β.
904 1850 1101 1904 Christi
1128 1851 1375 1920 martyris
1397 1851 1656 1919 Stephani

170 1938 286 1993 sitam
319 1940 458 2008 juxta
505 1942 821 2011 praedictum
875 1945 1242 1998 etemeterium
1291 1943 1347 1997 S.
1389 1942 1655 2014 Hippolyti

169 2028 362 2083 similiter
416 2032 803 2085 restauravit.)
868 2030 1019 2085 Patet
1072 2033 1232 2101 igitur
1282 2032 1339 2087 S.
1386 2031 1656 2104 Hippolyti

170 2123 468 2176 cemeterium
507 2139 538 2177 a
588 2122 884 2178 Prudentio
947 2125 1297 2194 descriptum,
1337 2142 1444 2179 non
1477 2127 1529 2179 in
1572 2128 1655 2180 via

169 2212 370 2273 Ostiensi.
419 2223 476 2268 ut
524 2214 702 2268 voluit
753 2213 960 2280 Pinius,
1009 2217 1103 2287 sed
1160 2218 1212 2269 in
1271 2215 1573 2281 Tiburtina,
1605 2226 1659 2270 et

166 2301 279 2369 juxta
300 2302 348 2356 S.
378 2304 649 2359 Laurentii
688 2306 965 2360 basilicam
994 2298 1047 2361 in
1090 2322 1218 2377 agro
1254 2306 1465 2361 Verane
1494 2308 1653 2361 situm

169 2393 307 2447 fuisse.
333 2394 665 2465 Quapmpter
720 2396 890 2465 ipsius
938 2397 1301 2466 conjecturam
1343 2399 1409 2452 de
1442 2399 1656 2452 diverso

171 2482 379 2556 Hippolyti
400 2487 604 2555 militis,
632 2497 683 2542 et
718 2486 1011 2558 Hippolyti,
1062 2499 1120 2542 ut
1155 2490 1269 2557 ipse
1314 2492 1507 2559 inquit,
1538 2506 1658 2559 pre-

170 2577 318 2647 sbyteri
341 2580 602 2649 sepulcro,
638 2581 793 2649 cujus
816 2596 914 2649 ope
944 2582 1278 2636 confusionis
1311 2594 1490 2636 notam
1523 2582 1654 2635 Pru-

170 2666 303 2722 dentio
328 2670 545 2725 inustam
586 2672 766 2725 delere
822 2681 1044 2727 conatus
1099 2682 1201 2737 est,
1262 2689 1483 2739 prorsus
1533 2688 1657 2727 eva-

169 2758 305 2814 nuisse
332 2771 597 2830 putamus.

167 2888 269 2945 XlX.
318 2892 625 2965 Hippolytus
682 2896 948 3018 episcopus
1008 2896 1059 2948 in
1130 2913 1254 2970 agro
1322 2890 1522 2950 Verane
1572 2912 1653 2951 u-

774 2982 839 3018 vu
891 2982 970 3018 us.

772 2982 970 3034 puuus.

216 3115 399 3174 Summo
418 3121 600 3191 itaque
628 3119 748 3189 jure
770 3117 1019 3173 Historia:
1038 3120 1415 3176 ecclesiasticae
1446 3136 1647 3190 parens

169 3203 373 3263 Batonius
392 3209 743 3265 Prudentium
775 3220 883 3265 tres
908 3212 962 3264 in
986 3227 1149 3265 unum
1179 3210 1490 3282 Hippolytos
1517 3226 1647 3266 con-

167 3294 281 3351 ﬂasse
301 3302 655 3369 pronuntiavit
679 3320 693 3367 ;
726 3318 827 3357 nec
856 3305 1126 3358 contraria
1164 3320 1481 3374 magnorum
1509 3306 1654 3359 viro-

167 3404 251 3442 rum
276 3392 443 3459 placita
484 3396 636 3449 illius
676 3395 995 3450 sententiam
1030 3396 1112 3450 vel
1144 3398 1423 3452 minimum
1458 3398 1652 3452 infrin-

166 3496 256 3548 gere
277 3500 488 3554 unquam
523 3486 801 3541 valebunt.
846 3486 1167 3557 Hujusmodi
1205 3503 1336 3543 vero
1368 3488 1650 3544 conlusio-

166 3583 269 3633 nem.
289 3576 414 3642 quod
437 3576 499 3631 ad
524 3575 871 3648 Hippolytum
900 3578 1209 3647 episc0pum
1234 3587 1289 3633 et
1313 3577 1653 3649 Hippolytum

165 3660 336 3717 militem
365 3667 571 3733 attinet,
596 3682 664 3720 ex
695 3682 761 3721 eo
800 3668 1140 3737 potissimum
1183 3685 1431 3724 manasse
1476 3670 1655 3738 suspi-

164 3764 321 3821 camur,
346 3760 483 3826 quod
514 3759 679 3813 ambo
717 3768 769 3815 et
809 3760 1053 3831 martyrii
1089 3776 1257 3831 genus
1295 3770 1349 3815 et
1387 3762 1652 3814 tumulum

163 3858 445 3905 communem
494 3851 818 3919 habuerint,
878 3854 1127 3921 quamvis
1177 3852 1386 3906 diverse
1418 3854 1656 3908 sentiant

163 3943 359 4008 superius
387 3945 602 4000 laudata
652 3944 708 4000 S.
750 3945 941 3999 Aureae
972 3946 1124 4010 Acta,
1164 3960 1261 3998 nec
1294 3959 1401 3998 non
1439 3944 1655 3999 Graeco-

163 4044 250 4082 rum
265 4032 356 4103 (69)
381 4044 431 4089 et
457 4036 754 4105 Coptorum
777 4034 1071 4104 Menologia
1096 4050 1158 4088 ac
1181 4033 1400 4100 Meuma,
1422 4050 1655 4103 quorum

163 4132 379 4187 postrema
404 4128 689 4182 nobiscum
713 4126 1101 4182 humanissime
1130 4127 1544 4180 communicavit
1569 4122 1657 4181 Sa-

162 4209 472 4274 pientissimus
523 4219 725 4272 citatus
786 4216 1037 4273 Nicolaus
1094 4218 1445 4281 Antonellus,
1494 4233 1651 4287 quem

162 4300 312 4357 iterum
350 4306 569 4363 honeris
622 4323 783 4363 causa
832 4309 1195 4363 nominamus.
1230 4307 1550 4362 Prudentius
1582 4308 1654 4361 si-

161 4393 329 4457 quidem
369 4396 710 4470 Hippolytum
759 4400 1069 4469 episc0pum
1108 4400 1262 4469 equis
1302 4400 1650 4468 discerptum,

1910 544 2073 598 Roma
2097 545 2286 613 placet,
2316 558 2521 596 sanctos
2550 558 2664 612 qua:
2686 551 2852 595 teneat
2885 545 3099 597 cineres.

1766 650 1875 707 Nec
1911 652 2262 707 Prudentium
2308 652 2362 705 in
2412 651 2515 705 hac
2564 668 2619 705 re
2670 650 2789 705 falsi
2833 668 2983 705 reum
3037 654 3318 709 traducere

1765 741 2033 809 quispiam
2093 742 2322 811 poterit;
2383 756 2507 794 nam
2559 742 2611 793 in
2663 742 2764 795 hoc
2804 742 2991 794 eodem
3048 741 3314 814 Hippolyti

1764 831 1992 896 tumulo,
2028 847 2189 901 quem
2218 831 2269 885 in
2318 831 2401 885 via
2435 830 2736 892 Tiburtina,
2766 841 2818 884 et
2860 832 2912 883 in
2945 848 3073 901 agro
3103 830 3317 887 Verano

1763 920 1926 974 situm
1950 921 2225 974 exstitisse
2250 920 2510 981 diximus,
2542 920 2815 986 egregium
2849 920 2975 971 illud
3010 921 3139 973 tanti
3173 936 3317 974 mar-

1762 1011 1895 1077 tyris
1940 1019 2347 1063 monumentum
2400 1024 2543 1061 anno
2571 1008 2699 1061 1551
2749 1008 2915 1064 fuisse
2944 1020 3208 1078 repertum
3239 1020 3315 1065 te-

1761 1108 1973 1153 stantur
2019 1098 2218 1155 Paulus
2272 1100 2544 1154 Manutius
2573 1100 2703 1170 (71),
2747 1100 2867 1154 Aldi
2916 1102 3087 1163 filius,
3144 1101 3312 1156 Baro-

1761 1188 1884 1243 nius
1921 1189 2055 1259 (72),
2100 1190 2298 1258 aliique
2345 1190 2621 1260 permulti,
2671 1192 2815 1259 quod
2870 1192 3212 1261 postmodum
3257 1194 3311 1246 in

1758 1279 2141 1335 bibliothecam
2183 1280 2499 1336 Vaticanam
2533 1283 2762 1342 illatum,
2800 1294 3026 1337 curante
3061 1284 3312 1338 Marcello

1758 1368 1985 1422 Cervino
2018 1368 2075 1423 S.
2113 1367 2177 1422 Β.
2212 1368 2274 1423 Ε.
2315 1369 2587 1425 cardinale
2623 1369 3052 1431 bibliothecario,
3090 1370 3313 1423 immor-

1761 1460 1881 1513 talis
1910 1461 2186 1515 memorim
2222 1462 2357 1525 viro,
2396 1461 2721 1513 uberrimam
2772 1461 2944 1516 doctis
2975 1461 3104 1514 viris
3135 1460 3309 1513 disse-

1756 1550 1906 1604 rendi
1942 1559 2176 1620 segetem
2210 1551 2471 1618 prmbuit,
2514 1550 2783 1619 Scaligero
2822 1566 3045 1620 nempe,
3082 1549 3312 1619 Egydio

1755 1639 2041 1707 Bucherio,
2071 1640 2306 1707 Norisio,
2347 1641 2637 1695 Franciseo
2666 1641 2997 1706 Blanchino,
3040 1642 3308 1711 Viguolio,

1760 1731 2007 1800 aliisque,
2049 1746 2282 1800 quorum
2320 1732 2519 1801 scripta
2548 1733 2660 1801 jam
2701 1732 2790 1785 diu
2834 1733 3171 1785 eruditorum
3196 1748 3312 1784 ma-

1688 1817 1729 1870 B
1760 1822 1916 1877 nibus
1963 1832 2228 1877 teruntur.
2257 1822 2387 1888 Quae
2439 1840 2561 1878 eum
2604 1825 2673 1877 ita
2726 1824 2868 1887 sint,
2908 1838 3006 1876 nos
3055 1823 3156 1877 hoc
3202 1839 3310 1877 uno

1758 1921 2076 1982 argumento
2113 1915 2410 1968 maximum
2465 1915 2644 1984 operis
2692 1914 3069 1983 compendium
3118 1913 3310 1969 fecisse

1757 2013 2031 2073 putamus.
2080 2002 2405 2060 Prudentius
2475 2022 2662 2060 sacros
2729 2004 2996 2076 Hippolyti
3058 2007 3309 2075 martyris

1757 2098 1966 2152 cineres
2010 2113 2039 2152 e
2070 2096 2235 2151 Portu
2283 2099 2333 2151 in
2380 2097 2577 2153 Urbem
2623 2100 2828 2163 illatus,
2875 2111 3036 2169 atque
3072 2100 3123 2153 in
3166 2100 3312 2155 illius

1757 2186 2065 2240 cmmeterio
2090 2186 2142 2239 in
2180 2203 2307 2257 agro
2334 2186 2544 2241 Verane
2577 2190 2821 2244 comlitos
2855 2199 3133 2243 memorat.
3174 2188 3313 2243 Inter

1758 2274 1987 2345 hujusce
2017 2278 2311 2332 cmmeterii
2343 2280 2538 2333 rudera
2574 2282 3010 2350 antiquissimum
3039 2280 3311 2351 Hippolyti

1756 2367 1899 2423 illius
1943 2380 2353 2425 monumentum
2398 2371 2654 2426 ell‘ossum
2706 2380 2818 2433 est,
2855 2388 3015 2440 quem
3068 2371 3311 2426 Romana

1755 2458 1993 2515 Ecclesia
2038 2463 2477 2518 constantissima
2526 2473 2603 2517 tot
2662 2464 2984 2517 smculorunt
3026 2464 3312 2517 traditione

1756 2548 2109 2606 Portuensem
2146 2552 2457 2621 episcopmn
2496 2555 2734 2624 agnovit.
2765 2555 2897 2620 Quis
2938 2555 3097 2623 igitur
3139 2556 3313 2624 impo-

1756 2650 1959 2694 sterum
1992 2644 2193 2709 credet,
2234 2642 2584 2697 Prudentium
2621 2661 2726 2698 non
2756 2644 3023 2716 Hippolyti
3069 2648 3311 2715 episcopi

1755 2740 1807 2783 et
1841 2731 2117 2801 martyris,
2152 2734 2243 2787 sed
2280 2734 2574 2805 presbyteri
2616 2733 2930 2789 Portuensis
2964 2736 3046 2789 vel
3081 2736 3312 2791 Romani

1756 2820 1942 2875 laudes
1976 2824 2272 2877 cecinisse?
2313 2824 2375 2877 Et
2420 2840 2549 2878 sane
2582 2834 2687 2878 tam
2726 2840 2918 2895 magna
2946 2825 3048 2879 fuit
3088 2827 3321 2896 hujusce

1758 2913 2092 2966 monumenti
2139 2916 2278 2983 apud
2307 2913 2423 2969 Jac.
2468 2915 2791 2985 Basnagium
2834 2916 2945 2984 (75)
2992 2917 3311 2982 auctoritas,

1760 3008 1816 3053 ut
1839 3001 2031 3055 merito
2066 3001 2409 3075 Hippolytum
2446 3013 2690 3058 nostrum
2730 3007 2869 3074 apud
2900 3006 3063 3059 Italos
3090 3006 3311 3073 obiisse,

1760 3099 1814 3145 et
1846 3091 1900 3144 in
1931 3108 2061 3162 agro
2093 3092 2306 3149 Verane
2351 3096 2626 3149 conditum
2664 3111 2909 3149 asserere
2950 3113 3055 3150 non
3095 3097 3313 3151 dubita-

1758 3190 1915 3256 verit,
1944 3189 2261 3244 clarissimis
2312 3189 2460 3241 hisce
2510 3189 2726 3242 verbis:
2764 3207 2783 3238 ί
2826 3186 3029 3242 Interea
3052 3230 3067 3251 ,
3104 3190 3311 3259 inquit,

1756 3284 1871 3336 lucc
1928 3282 2117 3336 suadet
2180 3280 2483 3349 inscriptio,
2525 3280 2668 3349 apud
2736 3279 2895 3334 Italos
2970 3278 3313 3353 Hippolytum

1756 3375 1979 3438 obiisse,
2022 3381 2076 3427 et
2124 3371 2306 3425 forsan
2352 3373 2406 3424 in
2443 3388 2571 3441 agro
2619 3370 2829 3425 Verane
2880 3372 3168 3440 sepultura.
3198 3392 3216 3423 ι
3257 3373 3316 3427 Si

1756 3468 1921 3535 igitur
1947 3467 2088 3536 apud
2127 3482 2227 3519 nos
2270 3474 2571 3518 extremum
2618 3464 2759 3517 diem
2800 3465 2933 3518 obiit
2975 3464 3290 3537 Hippolytus

1756 3559 1801 3613 si
1849 3558 1903 3611 in
1955 3572 2086 3627 agro
2147 3554 2360 3609 Verano
2396 3570 2552 3610 sacra
2589 3555 2759 3623 ipsius
2796 3556 3020 3625 pignora
3070 3557 3310 3625 deposita

1756 3650 1997 3711 fuerunt,
2032 3664 2128 3702 cur
2169 3646 2487 3717 Hippolytus
2533 3647 2639 3711 ille,
2676 3662 2835 3714 quem
2871 3647 2923 3698 in
2973 3646 3161 3700 eodem
3196 3648 3312 3701 loco

1757 3742 2110 3803 tumulatum,
2160 3748 2215 3792 et
2261 3738 2695 3791 Christianorum
2731 3747 2891 3805 caput
2932 3737 2983 3790 iu
3031 3736 3310 3791 Portuensi

1755 3833 1995 3888 Ecclesia
2025 3830 2299 3885 exstitisse
2341 3829 2529 3882 scribit
2572 3827 2927 3891 Prudentius,
2965 3844 3070 3881 non
3100 3829 3313 3897 episco-

1756 3941 1880 3996 pus,
1909 3924 2001 3979 sed
2026 3922 2307 3993 presbyter
2332 3920 2590 3974 dicendus
2625 3918 2760 3972 erit?
2996 3901 3004 3909 ’

1758 4033 1872 4089 XX.
1904 4035 2099 4087 Auctor
2127 4030 2249 4084 libri
2278 4029 2349 4083 De
2381 4029 2584 4081 duabus
2612 4030 2664 4081 iu
2694 4026 2903 4081 Christo
2942 4028 3145 4080 naturis
3179 4026 3314 4091 Hip-

1914 4104 2147 4173 polytum
2177 4101 2387 4154 Arabia
2418 4098 2877 4167 metropolitanum
2905 4098 3153 4167 appellat.

1828 4196 2000 4250 Aliam
2023 4193 2266 4265 profecto
2299 4193 2365 4247 de
2384 4191 2647 4263 Hippolyti
2684 4190 2855 4244 nostri
2885 4190 3011 4243 sede
3032 4190 3313 4258 professus

1758 4297 1842 4342 cst
1874 4288 2196 4341 sententiam
2250 4293 2440 4339 auctor
2475 4284 2598 4336 libri
2647 4282 2723 4337 De
2764 4282 2967 4335 duabus
3016 4283 3215 4335 naturis
3258 4284 3314 4333 in

1758 4380 1986 4444 Christo,
2021 4394 2179 4447 quem
2211 4378 2268 4432 S.
2301 4377 2513 4431 Gelasio
2548 4391 2696 4445 papa:
2726 4375 2969 4429 tribuunt
2988 4374 3315 4427 recentiores

160 4496 399 4557 sacrasque
434 4465 621 4560 'ibsms
680 4465 1009 4554 reliquias—6
1077 4465 1241 4544 pO-m.
1305 4465 1547 4545 Romam)
1599 4494 1652 4545 in
1688 4470 2263 4551 unidam,maxime
2314 4468 2649 4560 heterodoxi.
2702 4465 2798 4521 Hic
2861 4468 3021 4560 igitur
3082 4466 3313 4560 scriptor

165 4569 315 4631 Urbem
341 4596 368 4633 a
399 4582 645 4637 ﬁdelibus
671 4584 979 4649 translatas,
1004 4583 1369 4653 patentissimo
1390 4583 1475 4637 his
1499 4593 1659 4639 testa-

162 4671 226 4718 tur
244 4672 552 4729 caminibus
577 4674 686 4745 (70)
706 4694 718 4728 :

168 4861 317 4944 «idem
342 4869 663 4944 Prudentius
723 4874 776 4926 in
829 4874 1086 4929 Passione
1142 4872 1407 4944 Hippolyti
1434 4873 1499 4927 de
1526 4883 1662 4927 tem-

166 4934 229 4996 ιιιο
275 4936 325 4991 S.
383 4940 652 5014 Hippolyti
713 4944 787 4997 ita
858 4946 1047 5000 scribit
1105 4964 1119 4998 ;
1186 4934 1353 4999 Οἱάό
1393 4945 1663 4997 columna-

166 5018 272 5062 ἵκω.
291 5017 416 5064 εις.»

183 5141 195 5156 ι
219 5074 312 5156 (6η
331 5079 405 5156 ρε
460 5081 731 5156 (adiﬁciis
768 5082 1197 5156 aLConstantino
1219 5084 1515 5156 exstructis,
1541 5098 1659 5153 cap.

173 5148 265 5213 5.9-
298 5148 381 5203 111
415 5159 468 5203 et
502 5152 619 5213 112,
651 5154 780 5207 edit.
812 5152 969 5207 Hom.
996 5171 1084 5207 an.
1116 5154 1268 5209 1695.

342 5218 827 5295 βριηηειιριενταηη
860 5225 897 5278 l.
935 5241 1007 5285 iv,
1032 5243 1081 5277 c.
1117 5225 1202 5289 M,
1229 5234 1279 5295 _t.
1322 5223 1380 5275 ll.

219 5281 313 5362 ($39!
346 5288 543 5362 Menol;
567 5281 900 5358 Grazcoruin,
932 5281 1016 5349 die
1054 5281 1364 5357 xxrx'Jan”
1410 5300 1548 5362 part.
1586 5309 1657 5360 tt,

168 5362 205 5412 ιιι
224 5353 319 5434 ﬁt
344 5359 475 5434 edit.
504 5358 697 5434 Urbini
721 5365 812 5416 cit.

349 5426 551 5504 §azpiu_s_
572 5434 661 5487 cit.
686 5433 832 5503 hym.
859 5432 945 5504 11,
976 5448 1027 5504 v.
1054 5432 1141 5486 52.

349 5494 477 5572 llud.
514 5494 768 5572 Vaticano
793 5520 846 5555 n.
880 5494 1039 5564 5254,
1070 5504 1163 5555 fol.
1196 5502 1281 5557 58.

223 5562 317 5631 (ΤΞ)
352 5564 539 5641 ln_not.
568 5574 631 5623 ad
656 5562 1089 5641 Martyrologium
1121 5572 1413 5626 Humanum
1445 5574 1530 5625 die
1552 5589 1660 5627 XXII

174 5623 310 5711 ius;
326 5651 374 5701 p.
397 5637 497 5691 353
521 5642 641 5693 edit.
667 5623 931 5695 nostra.“
948 5623 1015 5691 ’ῗί
1043 5623 1660 5711 κίίερὶὲιωιιίᾶ1έῖΡῶῖῆίὲ

177 5690 375 5783 ieiunio
420 5690 709 5783 “unjust.”
724 5690 780 5765 δῖ
792 5690 1407 5783 ’’ἡῐββοίγίίῗρῑὲξᾶἱρἷ,
1422 5690 1663 5780 "illam;

180 5777 465 5843 “inspicitur
498 5780 595 5835 alta
644 5779 793 5836 fovea
832 5777 989 5851 aquis
1021 5777 1209 5851 plena,
1256 5777 1503 5851 in’quam
1538 5777 1661 5852 pro-

1762 4562 2010 4631 quisquis
2060 4562 2150 4623 sit,
2181 4576 2244 4613 ex
2278 4559 2483 4622 vitiata,
2522 4567 2579 4611 ut
2628 4567 2807 4610 mouet
2851 4559 3046 4611 citatus
3078 4555 3312 4610 Joannes

1766 4654 1917 4725 Bapt.
1938 4654 2256 4716 Cotelerius,
2292 4650 2506 4706 Eusebii
2531 4649 2774 4705 versione
2800 4651 3073 4718 deceptus,
3101 4649 3158 4702 ὃ.
3186 4646 3315 4716 Hip-

1758 4873 1940 4943 jectus
1952 4870 2281 4943 _martyrium
2318 4867 2877 4943 consutnmavit._His
2911 4868 3215 4943 adjieimus,
3241 4880 3313 4943 _ex

1762 4938 1894 5011 agro
1926 4938 2135 4995 Ver-ano
2182 4956 2212 4993 e
2258 4942 2529 4993 memoriae
2574 4939 2840 5011 Hippolyti
2888 4938 3313 5011 antiquae‘rude-

1761 5006 1911 5066 ribus
1961 5012 2215 5065 cllossum
2264 5026 2385 5064 esse
2433 5006 2689 5077 ejusdem
2722 5006 2986 5076 Hippolyti
3033 5006 3313 5073 antiquum

1764 5095 2127 5135 marmoreum
2182 5081 2533 5134 simulacrum
2584 5079 2721 5133 solio
2774 5079 3047 5139 insidens,
3100 5077 3151 5127 iu
3204 5091 3313 5140 quo

1762 5151 2117 5205 circumcirca
2180 5149 2379 5204 GFIBCiS
2446 5151 2643 5203 litteris
2708 5148 2948 5214 inscripti
3004 5154 3129 5214 sunt
3179 5146 3314 5212 cyeli

1764 5222 2047 5291 paschales
2087 5236 2350 5273 annorutn
2390 5220 2695 5291 sextlecim;
2741 5213 3048 5291 quorbiude
3090 5213 3314 5266 Romam

1763 5286 2021 5354 delatum,
2040 5291 2276 5357 positum
2304 5298 2388 5343 est
2416 5291 2467 5342 in
2503 5289 2757 5342 Vaticana
2782 5286 3315 5357 liibliotlieca,_0p_era

1764 5353 2115 5415 illustrisSimi
2147 5375 2210 5413 ac
2234 5359 2666 5413 reverendissimi
2697 5356 2897 5430 domini
2920 5353 3153 5430 Marcelli
3184 5353 3314 5430 tier-

1767 5431 1876 5483 vini
1900 5441 2011 5483 tum
2033 5430 2344 5492 cardinalis,
2374 5430 2497 5483 inde
2519 5436 2693 5481 autem
2717 5424 2940 5495 Romani
2974 5424 3261 5495 pontilicis.
3286 5442 3308 5495 _a

1767 5499 1884 5552 νεα.
1929 5500 2061 5551 diss.
2102 5498 2137 5551 2
2183 5497 2373 5553 Franc.
2403 5495 2679 5551 Blanchiui
2715 5495 2776 5544 (le
2825 5494 3031 5545 Conone
3079 5493 3314 5560 paschali

1766 5569 1822 5623 S.
1854 5568 2121 5637 Hippolyti
2155 5566 2344 5635 epise.,
2370 5583 2488 5635 cap.
2522 5568 2588 5637 1,;
2608 5564 2760 5637 p.__9‘2
2784 5564 2911 5637 edit.
2944 5562 3124 5637 Horme
3159 5562 3311 5615 1705.

1836 5632 2531 5707 (75)’Ιηάηἰιὶιαιινθι·δ.ἰ10
2652 5632 2943 5707 Hippolyto
2969 5636 3019 5707 in
3050 5632 3312 5707 Thesauro

1765 5702 2085 5762 monument.
2129 5707 2253 5758 eccl.
2293 5718 2339 5756 et
2387 5706 2511 5760 hist.
2558 5704 2771 5760 chrici
2817 5702 3053 5768 Canisii,
3112 5715 3239 5759 tom.
3269 5702 3311 5769 l,

1769 5797 1886 5853 pag.
1917 5781 1969 5843 ll,
2004 5776 2224 5830 Atnstcl.
2264 5774 2413 5829 1725.
