3802 6198
151 311 234 371 ‘69

150 437 330 506 mystica
353 430 540 494 theoria,
563 430 757 485 docens
804 431 1158 486 novissimum
1193 431 1395 488 Christi
1427 433 1627 488 advcn-
1655 441 1700 496 Α

150 541 242 584 tum
267 527 454 581 futurum
484 539 624 577 anno
647 524 820 577 sexies
840 525 1132 579 millesimo
1161 527 1621 595 quingentesimo,

147 619 330 688 ejusdem
351 615 605 682 opinionis
651 625 901 670 auctores
941 616 1127 671 laudat
1173 616 1231 671 S.
1272 617 1624 688 Hippolytum

147 713 284 766 Romae
307 717 350 761 et
371 707 616 777 Cyrillum
649 707 758 774 ('89.)
785 726 798 760 :
833 707 1002 761 Τοῦτο
1034 709 1149 771 καὶ,
1194 710 1390 778 inquit,
1428 711 1623 761 IHIIU-

139 800 308 856 .ll'TUC
335 798 547 852 PDMHC
590 801 680 853 καὶ
720 803 748 852 ὁ
784 801 936 868 ἆγιος
977 799 1244 871 Κύριλλος
1288 800 1534 868 λέγουσιν
1568 804 1625 855 ὲν

135 896 218 956 sui;
241 891 342 962 περὶ
375 889 458 942 τοῦ
512 891 873 962 Ἀντιχρὶστου
909 892 1086 960 λόγοις
1123 891 1316 945 αὐτῶν.
1354 891 1466 946 Hoc
1499 901 1580 946 cst
1609 911 1620 946 :

137 980 577 1050 cllocllippolytus
633 979 818 1032 Romae
866 991 918 1035 ct
964 979 1023 1036 S.
1067 981 1302 1052 Cyrillus
1332 981 1519 1034 dicunt
1567 981 1622 1034 in

132 1073 403 1129 sermonibus
429 1071 540 1124 suis
576 1073 641 1126 de
672 1073 1026 1127 Antichristo.
1059 1092 1078 1124 ›

179 1166 265 1220 Hoc
304 1166 476 1219 eodem
513 1167 714 1220 saeculo
751 1164 1019 1236 Georgius
1059 1163 1342 1236 Syncellus
1386 1164 1522 1235 (85),
1568 1163 1622 1219 in

129 1275 196 1312 sua
241 1257 667 1327 Chronogrophia,
700 1258 767 1313 ad
819 1274 1023 1312 annum
1071 1258 1275 1314 Christi
1328 1258 1434 1313 2l5
1487 1257 1619 1329 (84),

129 1346 401 1416 Hippolytum
435 1355 590 1399 vocat
619 1347 938 1416 episcopum
961 1346 1157 1401 Portus
1187 1347 1326 1418 apud
1354 1346 1620 1404 Romam:

128 1435 444 1490 ΙΠΠΟΛΥΤΟΟ
493 1438 640 1507 ἱερὸς
678 1439 964 1508 φιλόσοφος
1008 1437 1401 1495 EHICKUHOC
1455 1441 1621 1494 ΠΟΡ-

125 1529 221 1582 ’ῙὈΥ
239 1527 313 1581 τῡῦ
336 1529 466 1582 κατὰ
494 1530 595 1600 τὴν
625 1531 884 1583 ΡΩΜΗΝ.
919 1550 936 1581 ‹
962 1529 1282 1602 Hippolytus
1317 1547 1471 1588 sacer
1504 1532 1624 1602 phi-

125 1619 321 1687 losopbus
348 1620 636 1690 episcopus
667 1619 864 1676 Portus
891 1622 1033 1691 apud
1066 1621 1328 1689 Romam;
1361 1642 1379 1674 ι
1414 1631 1463 1678 et
1492 1623 1621 1677 alibi

125 1728 294 1767 narrans
328 1712 453 1782 (85),
487 1712 770 1768 Christum
809 1714 1097 1769 Dominum
1143 1725 1386 1771 nostrum
1431 1727 1617 1771 natum

121 1821 206 1859 esse
243 1806 314 1861 die
357 1822 460 1859 xxv
516 1805 829 1872 Decembr.,
871 1824 961 1863 an.
1008 1809 1078 1862 ιιό
1136 1807 1348 1878 imperii
1391 1808 1621 1881 Augusti
1654 1829 1694 1883 Β

120 1895 310 1960 Caesaris,
331 1896 573 1967 Sulpicio
592 1897 888 1954 Camerino
901 1910 952 1955 et
967 1899 1198 1971 Pappteo
1213 1901 1416 1956 Sabino
1439 1917 1618 1968 cons.,

120 1991 267 2044 hecse
297 2005 392 2045 non
435 2005 501 2044 ex
537 1992 760 2061 propria
806 1991 1045 2048 Minerva
1088 1994 1328 2049 scribere
1369 1993 1617 2058 allirmat,

119 2081 182 2135 sed
221 2081 517 2137 auctoritate
577 2084 639 2138 Β.
713 2085 946 2156 apostoli
1023 2084 1292 2158 Hippolyti
1348 2087 1621 2157 archiepi-

119 2172 298 2241 scopi...
325 2171 545 2228 Romae:
598 2195 617 2226 ε
651 2174 796 2240 Haec,
827 2176 1024 2247 inquit,
1066 2193 1173 2231 non
1208 2193 1275 2232 ex
1325 2179 1621 2234 nobismet-

119 2263 208 2332 ipsis
229 2265 549 2336 collegimus,
579 2267 675 2324 sed
703 2284 770 2323 ex
804 2269 1188 2324 traditionibus
1219 2271 1361 2326 beati
1391 2272 1619 2341 apostoli

117 2358 617 2430 ctarchiepisc0pi....
669 2359 856 2416 Romae
893 2360 1163 2433 Hippolyti
1202 2371 1256 2416 et
1290 2364 1428 2418 sacri
1473 2380 1620 2417 mar-

117 2447 280 2517 tyris,et
305 2449 535 2504 Anniani
561 2452 964 2522 religiosissimi
988 2453 1264 2520 monachi,
1285 2455 1377 2524 qui
1408 2454 1618 2526 cyclum

117 2540 352 2607 paschalem
417 2545 680 2599 undecim
752 2562 1019 2600 annorum
1060 2547 1164 2600 552
1225 2548 1446 2603 scholiis
1498 2548 1620 2602 illu-

117 2639 281 2686 stratum
309 2636 713 2692 studiosissime
741 2639 1019 2706 digessit,»
1042 2649 1144 2693 etc.
1171 2639 1224 2692 ln
1257 2641 1359 2694 hoc
1383 2640 1616 2712 Syncelli

115 2735 302 2780 contextu
336 2729 593 2783 lacunam
624 2731 764 2784 hanc
800 2733 1009 2785 notavit
1042 2730 1278 2786 Iacobus
1306 2733 1448 2787 Goar
1480 2733 1614 2802 (86),

114 2832 318 2889 quamque
344 2836 404 2874 ex
446 2820 764 2892 Nicephoro
804 2823 1232 2890 interpolandam
1269 2840 1389 2878 esse
1429 2825 1618 2879 scribit

113 2909 148 2961 in
173 2913 300 2967 notis.
325 2912 426 2968 Sed
449 2915 590 2984 quid
617 2931 755 2983 opus
779 2923 862 2969 est
890 2913 1212 2986 Nicephoro,
1241 2933 1363 2972 cum
1393 2918 1617 2986 ipsemet

113 2999 325 3072 Syncellus
357 3003 412 3059 S.
444 3003 806 3076 Hippolytum
838 3006 987 3073 alibi,
1022 3016 1079 3060 ut
1116 3007 1371 3070 vidimus,
1405 3011 1617 3077 episco-

111 3109 197 3162 pum
222 3094 396 3153 Portus
448 3098 604 3168 apud
653 3095 880 3150 Romam
913 3097 1157 3152 disertim
1218 3099 1488 3168 appellet?
1513 3100 1614 3152 Ar-

111 3188 352 3259 thirpiscopi
380 3207 500 3244 uero
537 3189 761 3242 Romani
790 3190 1009 3244 nomine
1046 3191 1293 3245 eumdem
1321 3191 1378 3246 S.
1413 3191 1616 3262 Hippo-
1641 3181 1682 3238 (ἶ

110 3277 260 3344 lytum,
312 3281 637 3352 insignitum
697 3297 727 3334 a
803 3279 1006 3335 Grmcis
1073 3281 1368 3352 aliquando
1446 3283 1615 3338 fuisse

108 3378 262 3423 constat
279 3388 334 3425 ex
363 3374 484 3427 cod.
512 3371 624 3424 274
646 3371 980 3426 bibliotheca!
999 3369 1394 3441 Ottoboniante,
1429 3376 1479 3429 in
1507 3391 1616 3445 quo

107 3464 286 3532 ejusdem
343 3467 582 3523 habetur
639 3483 820 3522 sermo
875 3468 1075 3524 Contra
1126 3469 1394 3538 Noetum,
1452 3488 1618 3541 quem

109 3598 203 3652 edit.
232 3599 544 3658 Ratisbonze
589 3602 746 3658 1754.
775 3601 936 3659 Plura
985 3605 1053 3659 de
1101 3605 1289 3660 eodem
1340 3605 1614 3660 Germano

106 3669 313 3746 habentur
339 3675 481 3746 apud
523 3673 700 3742 ipsum
719 3673 1007 3746 (Oudinum
1044 3675 1150 3729 loc.
1179 3677 1297 3737 cit.,
1336 3675 1614 3729 Labbcnm

106 3742 140 3789 in
157 3742 392 3796 dissertat.
423 3745 563 3798 hist.
604 3746 670 3798 ad
719 3745 914 3798 librum
951 3745 1026 3798 De
1057 3746 1399 3803 scriptoribus
1432 3748 1612 3799 eccles.

105 3805 372 3884 Bellarmini,
405 3830 460 3883 p.
501 3813 683 3884 25liet
722 3830 900 3884 seqq.,
938 3826 1068 3870 lom.
1103 3815 1190 3868 V'll
1234 3816 1470 3884 Operum
1500 3816 1617 3869 Bel-

104 3881 266 3935 hrmini
296 3885 384 3938 cit.
407 3881 561 3938 edit.
599 3881 814 3938 Venetia
840 3881 984 3937 1728
1007 3927 1021 3948 ,
1060 3894 1113 3939 et
1160 3881 1296 3939 alios
1340 3895 1614 3949 auctores,

104 3951 166 4017 qui
199 3953 311 4006 inihi
357 3966 885 4010 commemorantur.
929 3954 1097 4011 Nobis
1147 3965 1355 4009 tantum
1423 3957 1620 4010 sullicit

104 4021 229 4102 ipsius
271 4023 562 4102 Germani,
604 4026 919 4096 quicunque
961 4028 1180 4081 demum
1216 4027 1417 4090 fuerit,
1471 4028 1613 4080 anti—

103 4097 236 4158 quitas
262 4104 310 4148 et
345 4097 670 4150 auctoritas.

271 4163 524 4238 Hiblioth.
559 4161 782 4217 Patrum
819 4174 949 4218 tom.
975 4165 1089 4238 ξπ,
1121 4183 1176 4238 p.
1211 4167 1337 4222 592.

166 4234 238 4301 83)
272 4234 536 4308 Georgius
595 4239 934 4308 mmiaclius,
989 4234 1238 4292 Tharasii
1295 4237 1623 4308 patriarcbze

103 4301 638 4374 Constantinopolitani
669 4305 983 4375 Syncellus;
1018 4309 1197 4376 qualis
1219 4301 1498 4362 dicebatur
1521 4310 1612 4377 qui

102 4381 185 4425 erat
216 4377 531 4444 patriarcha:
570 4380 878 4444 proximus,
909 4396 927 4427 ‹
963 4379 1124 4446 eique
1177 4378 1434 4433 defuncto
1485 4394 1611 4430 suc-

103 4458 241 4497 cesSOr
265 4446 663 4517 destinabatur,
688 4447 819 4500 vixit
850 4450 1184 4510 temporibus
1205 4450 1382 4503 Caroli
1414 4448 1612 4517 Magni,

863 307 946 362 DE
982 307 1376 365 PORTUENSI
1419 310 1476 366 S.
1519 309 1876 366 HIPPOLYTI
1919 311 2109 366 SEDE.
2153 341 2223 352 —
2261 310 2436 364 PARS
2473 309 2513 362 l.

3187 304 3290 360 470

1729 433 1919 488 Latine
1950 434 2110 487 vertit
2137 431 2462 487 Franciscus
2492 429 2817 492 Turris-nus,
2853 426 3126 494 ediditque
3156 424 3292 479 Ger-

1730 527 1931 582 hardus
1952 526 2176 581 Vossius
2198 523 2533 594 Tungrensis
2561 521 2972 575 archidiaconus
2995 519 3062 573 ad
3087 517 3288 571 calcem

1731 618 1964 682 Operum
1996 616 2054 672 S.
2089 615 2335 686 Gregorii
2364 611 2781 680 Thaumaturgi,
2829 610 3116 680 Moguntiae
3147 624 3292 663 anno

1731 709 1890 774 i604,
1937 716 1991 763 et
2037 709 2231 762 deinde
2280 707 2332 760 in
2392 706 2564 759 lucem
2618 703 2802 758 Grmce
2833 701 3065 771 primum
3111 701 3292 755 emisit

1727 801 1982 855 Albertus
2008 801 2296 855 Fabricius
2336 796 2764 866 Hamburgcnsis
2797 803 2932 848 tom.
2965 793 3008 846 ll
3053 791 3290 862 Operum

1729 895 1903 949 sancti
1934 893 2241 964 Hippolyti,
2285 907 2406 961 quae
2455 890 2614 944 annis
2650 887 2786 942 l7l6
2819 898 2872 941 et
2906 887 3042 941 i717
3076 887 3292 942 duobus

1728 987 1888 1041 tomis
1936 987 1992 1040 in
2040 986 2214 1040 forma
2261 984 2373 1038 folii
2422 982 2664 1051 vulgavit
2702 980 2835 1050 (87).
2871 979 3085 1036 Titulus
3129 979 3295 1049 igitur

1727 1079 1892 1148 hujus
1924 1079 2194 1133 sermonis
2222 1079 2274 1132 in
2301 1077 2866 1139 codiceOttoboniano
2912 1076 2985 1128 ita
3011 1089 3068 1128 se
3095 1073 3288 1128 habet:

1738 1169 1950 1241 Ὀμιλία
1983 1170 2382 1223 ΗΠΙΟΛΥΤΟΥ
2416 1167 2982 1223 ΔΡΧΙΕΙΙΙΕΚΟΠΟΥ
3017 1164 3290 1230 ΡΩΜΗΟ,

1725 1265 1819 1318 καὶ
1854 1265 2127 1335 μάρτυρος
2156 1265 2234 1327 εἰς
2267 1264 2365 1334 τὴν
2399 1264 2607 1335 αἵρεσιν
2633 1264 2840 1334 Νοήτου
2871 1259 3032 1323 τινός.
3053 1279 3072 1310 ι
3106 1259 3291 1313 Homi-

1724 1355 1795 1409 lia
1847 1352 2120 1425 Hippolyti
2167 1353 2560 1424 archiepiscopi
2609 1352 2795 1408 Roma:
2827 1362 2880 1408 et
2915 1352 3200 1422 martyris,
3235 1353 3288 1404 in

1728 1446 1978 1500 haeresim
2018 1443 2174 1499 Nocti
2207 1447 2511 1514 cujusdam.
2543 1465 2561 1496 ι

1723 1579 1913 1634 XXIII.
1943 1581 2141 1634 Auctor
2170 1579 2416 1635 Chronici
2455 1582 2718 1650 paschalis
2763 1579 3107 1650 Hippolytum
3149 1578 3290 1633 Por-

2083 1662 2164 1706 tus
2196 1652 2418 1704 Romani
2444 1654 2736 1721 episcopum
2773 1651 2921 1705 dicit.

1797 1762 2104 1835 Syncellum
2137 1776 2356 1820 secutus
2389 1775 2473 1820 est
2513 1774 2704 1819 auctor
2730 1764 2977 1820 Chronici
3002 1766 3300 1835 paschalis,.

1725 1870 1818 1910 seu
1850 1855 2224 1917 Alexandrini,
2271 1857 2363 1926 qui
2408 1856 2752 1927 Hippolytum
2789 1855 3142 1910 Portuensem
3175 1856 3295 1924 epi-

1724 1963 1951 2017 scopum
2002 1949 2251 2003 credidit.
2315 1948 2729 2013 ΙΠΠΟΛΥΤΟΟ,
2769 1948 2963 2018 inquit,
3011 1950 3039 2000 ὁ
3070 1947 3168 2016 τῆς
3202 1947 3293 1999 εὐ-

1723 2038 1907 2103 σεϐίας
1953 2039 2168 2110 μάρτυρ
2215 2039 2609 2093 EIIICKOIIOC
2670 2037 2906 2107 γεγονὼς
2956 2036 3048 2090 τοῦ
3091 2037 3290 2090 καλου-

1725 2133 1885 2204 μένου
1914 2133 2187 2186 ΠΟΡΤΟΥ
2228 2132 2452 2204 πλησίον
2493 2133 2591 2204 τῆς
2625 2132 2879 2187 ΡΩΜΗΟ.
2920 2152 2937 2182 ι
2977 2130 3290 2203 Hippolytus

1722 2224 1886 2295 igitur
1936 2224 2154 2294 pietatis
2223 2235 2462 2296 martyr,
2525 2226 2816 2295 episcOpus
2873 2224 3049 2279 factus
3111 2225 3294 2280 vocati

1721 2316 1918 2372 Portus
1956 2332 2120 2388 prope
2145 2317 2373 2373 Romam
2402 2317 2538 2388 (88).
2579 2337 2597 2368 ι

1719 2447 1910 2506 XXIV.
1943 2447 2002 2504 S.
2030 2447 2263 2504 Joannes
2310 2449 2667 2504 Damascenus
2709 2449 3048 2520 Hippolytum
3090 2451 3291 2521 episco-

2170 2537 2295 2590 pum
2339 2521 2631 2575 Rontanum
2661 2530 2828 2575 uocat.

1789 2633 1990 2690 Eodem
2015 2644 2209 2691 octavo
2237 2637 2436 2691 saeculo
2469 2637 2526 2690 S.
2551 2635 2789 2690 Joannes
2817 2635 3206 2703 Damascenus,
3231 2635 3289 2692 in

1723 2724 1934 2796 Eclogis
1969 2727 2084 2783 suis
2108 2769 2122 2793 ,
2165 2743 2302 2797 quas
2348 2743 2482 2783 mss.
2516 2728 2646 2782 vidit
2680 2727 2986 2797 Stephanus
3019 2729 3066 2782 le
3093 2727 3296 2800 Moyne'

1719 2817 1942 2875 Parisiis
1989 2821 2042 2874 in
2079 2821 2407 2876 bibliotheca
2445 2821 2656 2892 collegii
2681 2821 3087 2876 Claromontani
3114 2821 3287 2876 socie-

1720 2913 1842 2967 tatis
1867 2911 2019 2975 Jesu,
2045 2921 2098 2967 et
2123 2913 2318 2968 deinde
2345 2929 2469 2968 cum
2505 2914 2727 2981 reliquis
2755 2912 3074 2967 Damasceni
3107 2911 3286 2982 Operi-

1718 3005 1820 3060 bus
1867 3004 2038 3059 edidit
2090 3005 2398 3075 linguarum
2447 3004 2798 3060 Orientalium
2849 3005 3289 3062 consultissimus

1718 3097 1946 3153 Michael
1978 3097 2212 3167 Lequien
2262 3097 2470 3152 ordinis
2518 3096 2939 3152 Praedicatorum
2979 3097 3284 3168 theologus,

1718 3189 2065 3262 Hippolytum
2110 3198 2358 3243 nostrum
2394 3189 2632 3260 episcOpi
2685 3189 2910 3244 Romani
2941 3192 3160 3244 nomine
3188 3191 3287 3244 do-

1717 3283 1884 3337 navit.
1913 3281 2032 3336 Duo
2065 3282 2331 3353 siquidem
2359 3283 2502 3337 illius
2538 3281 2834 3351 fragmenta
2862 3283 3054 3337 ibidem
3088 3283 3284 3337 inscri-

1717 3375 1843 3444 psit,
1893 3375 1995 3430 hoc
2041 3375 2196 3429 titulo
2237 3375 2526 3445 insignita,
2562 3375 2961 3427 ΙΠΠΟΛΥΤΟΥ
3002 3373 3287 3429 EHlCKO-

1718 3467 1858 3522 ΠΟΥ
1885 3468 2146 3537 ΡΩΜΗΟ,
2182 3486 2201 3520 ‹
2237 3467 2509 3538 Hippolyti
2539 3467 2778 3536 episcopi
2804 3466 2990 3520 Romae
3013 3466 3148 3536 (89).
3189 3483 3208 3517 ι

1717 3603 1950 3674 Georgio
1974 3604 2202 3673 aliisque
2225 3602 2582 3672 scriptoribus
2614 3603 2802 3656 eodem
2829 3602 3047 3657 nomine
3070 3605 3288 3662 donatis

1719 3673 1886 3727 multa
1927 3675 2203 3728 disseruit.
2256 3675 2550 3727 Adenndus
2597 3676 2740 3727 Cave
2791 3673 2891 3727 Ioc.
2925 3675 3017 3728 cit.
3048 3691 3100 3744 p.
3137 3677 3231 3729 6H
3267 3695 3281 3739 ;

1717 3744 1998 3798 Fabricius
2018 3744 2272 3796 Biblioth.
2306 3745 2501 3797 (ἔνατα)
2531 3745 2624 3797 lib.
2653 3761 2704 3804 v,
2749 3760 2867 3812 cap.
2899 3746 2960 3805 4,
3003 3755 3132 3797 tom.
3183 3745 3280 3811 Vl,

1717 3831 1770 3884 p.
1804 3815 1936 3876 M9;
1969 3816 2076 3867 Leo
2103 3815 2352 3876 Allatius,
2383 3815 2631 3884 diatriba
2652 3815 2722 3866 De
2744 3814 3066 3884 Georgiisget
3105 3830 3284 3866 eorum

1716 3882 1926 3954 scriptis
1952 3885 2091 3953 apud
2121 3884 2368 3938 Biblioth.
2399 3883 2566 3938 (ἔναξε.
2597 3883 2851 3947 Fabricii,
2877 3882 2982 3935 vol.
3002 3882 3070 3954 XV,
3104 3899 3155 3952 p.
3181 3885 3288 3938 555

1717 3966 1770 4008 et
1797 3953 1972 4022 seqq..
2010 3955 2099 4007 ubi
2136 3955 2163 4024 ᾗ
2191 3955 2282 4018 ‘25,
2326 3971 2382 4024 p.
2410 3953 2534 4018 650,
2566 3955 2737 4008 multa
2767 3956 2833 4008 de
2878 3954 2997 4022 ipso
3035 3953 3298 4025 Syncello.

1717 4025 2084 4078 eruditissime
2121 4025 2490 4094 proferuntur.

1789 4095 1902 4165 (84)
1946 4095 2021 4147 En
2061 4093 2275 4166 Georgii
2312 4096 2546 4166 Syncelli
2569 4096 2732 4151 verba
2776 4111 2830 4166 p.
2867 4094 2975 4148 285
3015 4094 3146 4166 edit.
3178 4093 3285 4149 Ve...

1717 4163 1890 4230 netze,’
1913 4166 2039 4218 anni
2073 4163 2244 4235 1729⁷,
2273 4163 2436 4235 opera
2479 4176 2533 4220 et
2571 4168 2749 4220 studio
2777 4163 2974 4219 'Jacobi
3023 4163 3195 4227 Goar,
3230 4175 3286 4220 et

1719 4251 1772 4304 p.
1800 4236 1905 4289 558
1945 4235 2075 4306 edit.
2113 4233 2472 4306 Parisiensis:
2511 4235 2874 4306 «Hippolytus
2919 4251 3070 4291 sat-er
3105 4239 3282 4303 philo-

1719 4309 1944 4374 sophus,
1979 4305 2174 4359 Portus
2215 4305 2447 4360 Romani
2481 4305 2787 4375 cpiscopus,
2819 4306 3126 4359 Christiana
3165 4308 3285 4374 phi-

1719 4376 1963 4446 losophia
1993 4378 2536 4446 prmstans,pluribus
2581 4377 2837 4446 jnvamhe
2871 4375 3147 4428 hominum
3192 4395 3281 4429 sa-

1720 4447 1817 4501 luti
1849 4445 2348 4514 couseriptislibiis
2386 4448 2708 4500 celebratur.
2745 4466 2777 4498 ι.
2804 4445 3056 4499 Videatur
3095 4446 3283 4500 Fabri-

102 4521 139 4564 et
172 4529 292 4570 anno
327 4516 443 4588 779,27
482 4514 777 4570 Chronicon
829 4518 1086 4572 instruxit
1134 4535 1162 4572 a
1216 4519 1403 4573 mundi
1461 4514 1616 4572 in'it:o
1652 4524 1695 4577 D
1723 4517 1840 4570 eius
1865 4529 1997 4588 tom.
2031 4515 2049 4568 l
2085 4517 2246 4584 Oper.
2264 4516 2342 4588 _S.
2378 4516 2669 4588 Hippolyti,
2699 4534 2751 4588 p.
2783 4518 2872 4570 4‘2.

105 4596 232 4659 usque
277 4587 339 4640 ad
392 4585 785 4659 Maximianum
843 4597 898 4642 et
943 4588 1299 4644 Maximinum
1358 4599 1620 4659 tyrannos

104 4657 387 4723 perductum,
422 4657 569 4726 quod
601 4668 777 4728 morte
810 4668 1119 4728 praeventus
1158 4657 1395 4714 ulterius
1423 4660 1620 4728 pcrdu.

103 4737 212 4798 tere
237 4742 335 4780 non
384 4729 582 4798 potuit.
643 4727 777 4782 Illud
811 4727 1000 4783 Graace
1059 4741 1111 4784 et
1159 4730 1349 4785 Latine
1395 4729 1620 4783 Parisiis

104 4793 404 4870 lulol._annd
439 4799 594 4864 1652,
624 4815 746 4853 cum
789 4800 1014 4853 historia
1043 4799 1392 4870 Theophanis
1414 4801 1616 4853 editum

103 4868 288 4940 esttypis
311 4868 594 4938 Lupareis,
623 4886 719 4924 seu
745 4870 948 4939 Regiis,
986 4873 1123 4925 inter
1148 4868 1384 4924 historia:
1409 4870 1616 4940 Byzan-

103 4941 536 5012 l|n2_scriptorcs,
573 4941 878 5012 (cuigoperi
912 4951 1086 5012 notas
1128 4944 1324 5010 adjecit
1370 4944 1616 5012 eruditus

102 4999 289 5062 lacubus
314 4999 457 5063 Goar
487 4999 606 5064 0rd.
638 5009 741 5065 FF.
764 4999 1220 5074 'Prgcdicatorum',
1258 5013 1349 5080 qui
1377 5011 1615 5063 labori-ni

104 5087 227 5149 suum
270 5080 334 5133 ad
380 5081 728 5149 corrigendos
773 5081 1058 5136 historicos
1107 5082 1326 5136 Graecos
1365 5087 1612 5134 contulit.

107 5141 144 5221 ll}
165 5145 250 5221 hoc
294 5164 454 5221 opere
506 5141 789 5220 Syncellus
822 5153 1135 5206 universum
1182 5151 1398 5205 Eusebii
1436 5152 1617 5205 Caesa-

108 5217 263 5272 riensis
291 5217 582 5273 Chronico}:
615 5221 941 5275 verbotenus
978 5223 1272 5285 transtulit,
1307 5223 1376 5275 ita
1414 5231 1613 5286 tanien,

109 5295 148 5360 ut
171 5286 214 5338 in
232 5287 467 5360 Eusebio
491 5294 862 5360 redarguendo
885 5301 1032 5345 totus
1059 5293 1228 5346 ferme
1263 5295 1351 5346 sit.
1392 5292 1461 5345 At
1487 5308 1616 5346 vero

108 5352 480 5434 licetlateamur
514 5352 689 5430 ipsum
721 5377 863 5434 saepe
897 5363 1096 5434 merito
1116 5363 1184 5416 ab
1225 5361 1460 5416 Eusebio
1503 5363 1616 5416 dis-

105 5432 284 5492 sentire,
327 5447 454 5485 suos
488 5444 665 5485 tamen
717 5432 998 5503 Syncellus
1047 5449 1225 5487 navos
1276 5434 1466 5496 habet,
1519 5450 1615 5488 nec

105 5505 289 5572 paucos,
318 5518 412 5555 nec
441 5504 683 5571 exiguos,
713 5516 770 5555 ut
813 5503 1053 5572 Scaliger
1080 5507 1133 5557 in
1185 5503 1614 5556 Animadversio-

107 5569 222 5620 libus
250 5569 548 5626 Eusebmnis
579 5575 782 5627 docuit.
814 5593 832 5624 ι
863 5569 987 5627 uae
1021 5575 1210 5629 scribit
1234 5576 1482 5629 Oudinus
1507 5577 1612 5630 loc.

109 5645 200 5716 ιῖιξ.ἱ
220 5654 267 5707 p.
303 5642 451 5702 1955.
483 5645 597 5716 ubi,
650 5655 941 5716 postquam
987 5646 1226 5716 asseruit
1269 5645 1528 5716 nonnulla
1561 5648 1614 5699 in

110 5706 299 5783 alumne
341 5706 694 5783 (supplementi
753 5706 817 5768 ad
873 5715 1169 5783 Scriptores
1236 5715 1613 5768 ecclesiasticos

114 5777 286 5834 ltobern
336 5777 630 5841 Bellarmini
669 5777 1007 5858 adduxisse,
1046 5786 1256 5842 erudite
1312 5788 1376 5842 de
1421 5787 1612 5842 eodem

1791 4589 1905 4654 (85)
1945 4587 1998 4639 In
2032 4590 2217 4640 eadem
2247 4586 2810 4656 Chronograpliia,'ubi
2841 4587 2951 4656 agit
2971 4587 3036 4640 de
3062 4588 3284 4656 reliquis

1720 4656 1950 4712 Herodis
1984 4657 2168 4726 gestis,
2200 4673 2250 4726 p.
2283 4658 2408 4718 251,
2432 4655 2585 4725 juxta
2616 4661 2834 4712 citatam
2876 4655 3129 4710 Venetam
3165 4655 3281 4710 edi-

1720 4732 1920 4783 tionem
1951 4769 1965 4789 ,
2019 4736 2074 4780 et
2109 4727 2266 4796 juxta
2311 4727 2673 4782 Parisiensem
2730 4744 2782 4796 p.
2828 4727 2952 4780 515.
3003 4727 3283 4796 Legendus

1719 4801 1880 4854 etiam
1915 4796 2198 4852 Fabricius
2221 4809 2351 4852 tom.
2405 4797 2424 4851 l
2451 4797 2610 4867 Oper.
2639 4799 2696 4853 S.
2720 4798 3010 4867 Hippolyti,
3048 4812 3099 4865 p.
3123 4797 3207 4850 43.

1791 4871 1902 4938 (86)
1972 4868 2026 4920 In
2083 4871 2560 4923 emendationibus
2598 4880 2653 4923 et
2721 4869 3164 4938 adnotationibus
3227 4870 3282 4921 in

1718 4937 1961 5008 ejusdem
2029 4939 2244 5003 Georgii
2305 4941 2636 4994 Collectanea
2709 4937 3152 5008 chronographica
3215 4940 3281 4992 ad

1719 5007 1916 5064 dictam
1963 5027 2015 5080 p.
2055 5010 2181 5074 25!,
2209 5011 2297 5063 ubi
2326 5027 2378 5078 p.
2423 5012 2483 5065 7i
2525 5013 2701 5080 citatze
2740 5011 2872 5080 edit.
2927 5007 3138 5064 Venetas
3169 5011 3284 5062 haec

1719 5084 1908 5152 scribit
1937 5079 2007 5133 τί(
2031 5082 2550 5152 Ἀρχιεπισκόπου...
2595 5079 2827 5152 Ῥώμης.
2855 5079 3080 5152 Lacuna
3103 5082 3283 5152 verbis

1719 5149 2008 5224 Nicephori
2060 5149 2430 5224 ititei'polanda
2467 5171 2478 5206 :
2517 5149 2720 5224 Πόρτού
2767 5149 2874 5218 ίτῆς
2909 5150 3283 5224 πρεσϐυτέρας

1729 5221 1962 5293 Ῥώμης.
1987 5222 2180 5276 Portus
2197 5225 2339 5275 enim
2368 5221 2903 5290 Rotnani'episeopns
2923 5223 3242 5293 celebratur.
3259 5241 3277 5272 ο

1788 5289 1909 5364 (87)
1941 5294 2128 5346 Exstat
2178 5294 2488 5364 hnjnsmodi
2527 5289 2666 5362 opus
2710 5293 2940 5364 intem.
2967 5289 3009 5343 ll
3045 5289 3283 5360 Operum

1720 5363 1777 5418 S.
1806 5361 2072 5435 Hippolyti
2116 5380 2144 5417 a
2183 5361 2638 5435 Fabricioedit.,
2672 5379 2723 5430 p.
2767 5361 2954 5435 5,__qui
2996 5364 3283 5435 studioet

1718 5432 2289 5506 diligentia'Bernardi
2321 5436 2388 5488 de
2417 5433 2763 5487 Montl'ancon
2815 5432 2945 5486 illud
2981 5449 3047 5486 ex
3093 5434 3280 5488 codice

1719 5505 1982 5574 Vaticano
2008 5506 2338 5574 descriptum
2364 5506 2590 5574 accepit.

1787 5572 2071 5645 (88)_Sunt
2106 5572 2263 5628 verba
2287 5572 2741 5645 ipsmsiChronici
2775 5574 3058 5645 paschalis,
3085 5589 3212 5645 pag.
3245 5576 3280 5626 ϐ

1717 5643 1809 5700 cit.
1841 5643 1969 5698 edit.
2009 5643 2242 5715 Venetia.
2287 5643 2403 5699 Vid.
2446 5644 2752 5698 Fabricium
2797 5644 2957 5715 Oper.
2992 5645 3048 5699 S.
3080 5643 3279 5714 Hippo-

1718 5715 1973 5786 lytitom,
2008 5714 2047 5779 l,
2081 5731 2202 5784 pag.
2232 5716 2302 5786 48
2324 5725 2376 5769 et
2406 5715 2531 5770 2‘24.

1788 5784 1898 5857 (89)
1937 5781 2237 5842 Scilicetvin
2268 5784 2442 5841 Sacris
2475 5787 2758 5843 Porollelis
2791 5787 2881 5845 lib.
2915 5803 2981 5855 II,
3005 5786 3086 5841 tit.
3122 5785 3176 5853 4,
3211 5781 3287 5837 Dc
