3802 6198
556 314 667 379 479

557 440 663 497 est,
689 431 970 503 epistolam
1012 432 1079 486 74
1111 431 1468 501 ejusdemmet
1518 433 1577 488 8.
1626 435 1813 490 Basilii
1864 436 2122 505 scriptam

560 524 961 591 tantummodo,
995 539 1103 579 non
1135 540 1263 580 vero
1312 526 1533 581 missam
1582 524 1753 583 fuisse
1794 526 1927 595 (5|).
1975 526 2128 581 Peni-

459 666 467 674 .
562 618 830 674 tissimam
862 617 1004 673 hanc
1060 618 1308 673 notitiam
1357 616 1594 673 Jacobus
1624 618 1985 675 Combeﬁsius
2016 620 2126 690 (52)

559 726 627 765 ex
661 710 975 779 hujusmodi
1022 712 1167 766 notis
1196 709 1442 777 deduxit,
1478 726 1615 780 quas
1645 711 1699 764 in
1732 711 1973 781 antiquis
2007 712 2128 780 qui-

558 800 791 856 busdam
822 800 1100 857 codicibus
1145 808 1338 858 nactus
1379 812 1483 867 est,
1525 817 1728 873 easque
1772 803 1829 858 in
1878 803 2127 873 publicos

557 893 899 949 eruditorum
932 909 1065 949 usus
1093 894 1354 966 vulgavit.

561 1005 651 1061 lll.
690 1006 867 1061 Variis
892 1024 1065 1062 rerum
1096 1008 1346 1078 exemplis
1375 1008 1680 1078 hujusmodi
1700 1011 1957 1065 sententia
1982 1011 2129 1065 robo.

1265 1089 1435 1133 ratur.

628 1168 892 1235 Quisnam
921 1184 987 1224 ex
1019 1169 1294 1225 veteribus
1321 1171 1508 1225 docuit
1542 1173 1993 1241 praestantissima
2029 1171 2127 1229 Se-

557 1260 689 1315 dulii
734 1270 1004 1331 poemata,
1040 1277 1162 1331 qua:
1185 1262 1393 1318 diutius
1424 1263 1564 1318 inter
1589 1264 1821 1320 schedas
1856 1267 2129 1336 incompo-

557 1354 660 1407 sita
678 1353 991 1423 jacucrunt,
1010 1370 1040 1409 a
1062 1354 1261 1410 Turcio
1286 1355 1431 1410 Rufo
1455 1357 1670 1411 Asterio
1699 1357 1910 1411 meliori
1935 1358 2128 1414 ordine

554 1444 727 1502 fuisse
759 1447 970 1518 digesta
1017 1457 1073 1502 et
1120 1448 1176 1502 in
1220 1448 1396 1503 lucem
1434 1448 1676 1504 emissa?
1713 1448 1964 1505 Profecto
2012 1451 2127 1506 haec

551 1540 689 1594 viris
716 1539 1052 1596 doctissimis
1097 1541 1415 1596 abscondita
1465 1540 1715 1606 fuissent,
1750 1544 1854 1598 nisi
1901 1544 2127 1613 antiqua

553 1640 706 1699 nota,
735 1648 857 1702 quae
887 1634 942 1687 in
975 1634 1150 1689 tribus
1179 1636 1579 1706 antiquissimis
1609 1635 1817 1691 Sedulii
1846 1635 2127 1693 codicibus

552 1733 767 1794 reperta
795 1734 902 1784 est.
938 1726 1266 1795 peculiarem
1295 1737 1350 1783 et
1399 1727 1737 1783 reconditam
1792 1728 1933 1783 hanc
1977 1728 2125 1783 noti-

554 1818 685 1871 tiam
727 1816 1094 1887 patefecisset.
1133 1818 1283 1874 lllam
1332 1821 1583 1875 omnium
1615 1820 1827 1891 primus
1852 1821 2127 1891 evulgavlt

551 1907 788 1964 Jacobus
826 1908 1151 1965 Sirmondus
1182 1926 1247 1965 ex
1280 1912 1468 1967 codice
1521 1912 1833 1977 Rhemensi,
1869 1915 2126 1983 deinceps

550 1999 789 2055 Iacobus
819 1998 1073 2056 Usserius
1104 2018 1171 2056 cx
1200 2003 1387 2057 codice
1411 2004 1711 2075 Anglicauo
1742 2004 1876 2076 (55),
1904 2006 2122 2061 domum

549 2088 871 2157 nosmetipsi
919 2089 1341 2145 emendatiorem
1409 2094 1658 2147 eamdem
1710 2095 2015 2164 reperimus
2067 2098 2123 2152 iu

549 2177 933 2247 antiquissimo
997 2178 1204 2234 Sedulii
1253 2181 1441 2236 codice
1498 2183 1835 2240 bibliorhecae
1893 2184 2124 2241 Ottobo—

549 2270 727 2325 nianaa
760 2285 906 2327 nouo
953 2272 1171 2327 circiter
1204 2274 1407 2329 saeculo
1444 2285 1688 2342 exarato,
1725 2277 1779 2331 in
1823 2294 1953 2347 quo,
2002 2288 2126 2349 post

549 2362 837 2430 epistolam
871 2364 938 2418 ad
972 2363 1377 2434 Macedonium,
1412 2383 1577 2437 quam
1625 2369 1888 2437 integram
1939 2386 2127 2427 emen-

548 2455 839 2527 datamque
867 2460 1111 2528 vulgavit
1138 2463 1327 2530 paucis
1356 2463 1556 2518 abhinc
1584 2466 1744 2519 annis
1765 2466 2125 2538 CliristOpho-

547 2562 647 2603 Ius
690 2546 957 2606 Cellarius
984 2552 1037 2605 in
1068 2553 1199 2607 edit.
1233 2554 1536 2620 Prudentii,
1585 2557 1699 2611 ilch
1744 2560 2119 2616 adnotantur:

554 2659 576 2695 ι
638 2639 752 2697 Hoc
796 2658 933 2713 opus
983 2643 1236 2702 Sedulius
1282 2648 1423 2703 inter
1485 2649 1763 2705 chartulas
1808 2652 2114 2722 dispersum

546 2736 787 2807 reliquit,
837 2738 980 2808 quod
1037 2740 1408 2805 rccollectum,
1464 2742 1784 2808 adunatum,
1834 2752 1998 2814 atque
2052 2744 2120 2799 ad

548 2844 767 2885 omnem
793 2831 1119 2901 elegantiam
1150 2832 1489 2903 divulgatum
1519 2852 1548 2889 a
1571 2835 1767 2892 Turcio
1791 2834 1934 2891 Rufo
1966 2837 2124 2892 Aste-

546 2922 634 2975 rio
675 2921 868 2989 quinto
898 2922 1105 2977 vicario
1146 2925 1374 2979 consule
1423 2925 1725 2991 ordinario,
1752 2937 1916 2997 atque
1950 2929 2122 2998 patri-

547 3013 636 3069 cio
663 3012 775 3083 (54)
801 3029 816 3079 ;
856 3032 874 3066 ι
904 3030 1028 3069 mox
1056 3016 1303 3085 sequitur
1327 3018 1695 3088 epigramma:

622 3125 835 3202 Summe
860 3130 1262 3202 sacer‘meritis,
1300 3134 1499 3186 veracis
1530 3134 1673 3187 dicta
1705 3145 1868 3202 pocla:

692 3196 823 3262 Quae
846 3200 958 3252 sine
997 3200 1233 3269 ﬁgmenti
1260 3202 1471 3255 condita
1502 3213 1622 3255 sunt
1655 3196 1800 3259 vitio.

620 3265 736 3341 Quo
763 3278 903 3322 caret
945 3265 1090 3341 alnia
1126 3271 1276 3339 ﬁdes,
1304 3288 1405 3341 quo
1435 3274 1609 3326 sancti
1642 3277 1819 3341 gratia
1849 3275 2050 3332 Christi

690 3336 795 3391 Per
823 3355 981 3408 quant
1006 3336 1190 3407 justus
1219 3343 1295 3395 ait
1315 3336 1454 3395 talia
1480 3336 1745 3408 Sedulius,

615 3405 917 3483 Asteriique
947 3405 1023 3463 tui
1049 3426 1249 3480 semper
1274 3414 1570 3467 meminisse
1597 3405 1801 3483 jubelo,

694 3477 861 3547 Cujus
904 3496 1005 3553 ope
1024 3494 1072 3534 et
1101 3477 1229 3534 cura
1256 3484 1399 3553 edita
1430 3494 1549 3536 sunt
1577 3477 1806 3553 populis.

619 3546 775 3628 Quia,
798 3546 1032 3619 quamvis
1065 3553 1258 3628 summi
1293 3552 1547 3628 celebrent
1572 3546 1665 3628 per
1694 3556 1888 3611 swcula
1926 3557 2119 3628 fastus,

693 3618 829 3673 Plus
863 3631 1037 3675 tamen
1071 3625 1140 3675 ad
1175 3624 1421 3676 meritum
1456 3618 1635 3691 est,'si
1658 3628 1791 3696 viget
1816 3644 1903 3682 ore
1926 3618 2047 3683 'tuo.

547 3731 633 3789 Ad
669 3731 872 3787 calcem
903 3735 1170 3803 poematis
1199 3737 1313 3791 lucc
1347 3737 1638 3803 habentur,
1672 3755 1794 3809 quae
1823 3742 1984 3795 etiam
2009 3741 2123 3796 Ma-

547 3823 809 3880 billonius
834 3825 1075 3895 vulgavit
1107 3827 1219 3896 (55)
1254 3847 1269 3883 :
1300 3848 1317 3880 ι
1349 3828 1546 3900 incipit
1576 3848 1667 3887 ars
1692 3832 1896 3888 Sedulii
1927 3846 2118 3904 portae,

549 3916 645 3987 qui
703 3917 882 3988 primo
912 3918 1086 3974 laicus
1133 3919 1187 3973 in
1243 3920 1395 3976 Italia
1456 3924 1855 3995 philosophiam
1910 3928 2119 3994 didicit,

546 4016 741 4080 postea
763 4025 887 4065 cum
914 4011 1035 4066 aliis
1064 4020 1361 4067 metrorum
1392 4016 1681 4084 generibus
1704 4018 1980 4072 heroicum
2005 4035 2119 4073 me-

546 4108 696 4155 trum
719 4098 1039 4157 Macedonio
1065 4103 1385 4158 consulente
1411 4103 1617 4168 docuit,
1645 4105 1699 4158 in
1727 4106 1931 4160 Achaia
1954 4108 2121 4164 libros

548 4206 682 4247 suos
701 4192 921 4262 scripsit
939 4202 1180 4262 tempore
1209 4194 1595 4264 imperatorum
1618 4194 1848 4251 minoris
1874 4196 2123 4253 Theodo-

548 4285 620 4345 sii
650 4285 746 4339 lilii
776 4285 1086 4353 Arcadii,et
1102 4284 1460 4341 Valentiniani
1481 4286 1577 4341 lilii
1599 4286 1928 4344 Constantii.
1950 4290 2115 4345 Pax.»

546 4394 1019 4469 IVLTillemontii
1065 4411 1431 4469 argumentum
1479 4419 1544 4457 ea:
1590 4402 1806 4461 Eusebii
1843 4414 1894 4459 et
1949 4408 2123 4460 sancti

622 4466 933 4539 Hieronymi
961 4466 1168 4522 silentio
1196 4470 1527 4539 desumptum
1560 4487 1747 4529 contra
1775 4474 2116 4531 Portuensem

618 4540 789 4592 sancti
826 4539 1101 4610 Hippolyti
1132 4542 1302 4596 sedem
1340 4544 1691 4614 nequidquam
1723 4547 2011 4603 concludit.

623 4650 703 4706 En
733 4652 899 4723 igitur
936 4670 1047 4725 quo
1067 4666 1224 4727 pacto
1254 4658 1527 4728 sequioris
1565 4660 1663 4714 invi
1697 4660 1994 4729 scriptores
2026 4676 2119 4730 pe-

550 4747 784 4804 culiares
826 4749 1090 4819 quasdam
1132 4765 1316 4804 rerum
1349 4751 1574 4807 notitias
1623 4754 1766 4808 nacti
1816 4763 1963 4819 sunt,
2000 4770 2121 4824 qua:

623 4907 735 4979 (51)
766 4907 1061 4979 ῥᾶειιιιᾱιιε
1084 4908 1317 4966 Lironus
1343 4911 1448 4965 loc.
1479 4910 1596 4976 cit.,
1623 4926 1747 4979 pag.
1786 4910 1908 4964 155.

624 4978 737 5051 (52)
766 4976 956 5051 Editus
999 4980 1067 5035 ab
1110 4996 1176 5051 eo
1201 4991 1283 5035 est
1315 4981 1549 5034 Basilius
1596 4976 1888 5047 restitutus,
1923 4980 1976 5034 in
2012 4996 2121 5051 quo

551 5047 805 5121 ejusdem
822 5047 881 5103 S.
908 5049 1084 5105 Patris
1112 5049 1350 5120 Operum
1394 5067 1459 5105 ex
1488 5052 1707 5121 Optimis
1744 5066 1877 5105 mss.
1908 5047 2116 5106 textum

550 5120 858 5185 castigavit,
888 5123 1058 5181 auxit,
1092 5122 1401 5187 illustravit,
1432 5130 1483 5176 et
1507 5120 1786 5175 versiones
1818 5123 2112 5179 recensuit.

554 5191 734 5247 Edidit
756 5191 860 5261 hoc
882 5206 1019 5261 Opus
1045 5190 1269 5246 Parisiis
1297 5208 1387 5246 an.
1420 5191 1577 5261 1679,
1608 5191 1643 5243 9..
1668 5191 1774 5243 vol.
1814 5190 1976 5244 in-8".

626 5262 738 5331 (55)
779 5258 893 5313 Hac
921 5258 1001 5316 'dc
1032 5278 1087 5316 re
1119 5263 1376 5331 legendus
1398 5271 1483 5317 est
1510 5260 1852 5315 Fontauiuus
1879 5262 1930 5313 in
1960 5262 2121 5316 Anti-

627 5332 843 5403 itatibus
868 5331 1073 5397 "artic,
1102 5332 1195 5387 lib.
1229 5348 1288 5398 ιι,
1321 5348 1442 5401 cap.
1469 5333 1522 5403 5,
1554 5331 1581 5403 §
1604 5333 1657 5394 5,
1692 5348 1814 5401 pag.
1840 5330 1945 5385 29.5
1966 5348 2118 5402 seqq.

552 5342 843 5403 quitatibus
868 5342 1073 5397 "artic,
1102 5342 1195 5387 lib.
1229 5348 1288 5398 ιι,
1321 5348 1442 5401 cap.
1469 5342 1522 5396 5,
1554 5342 1581 5403 §
1604 5342 1657 5394 5,
1692 5348 1814 5401 pag.
1840 5342 1945 5385 225
1966 5348 2118 5402 seqq.

555 5403 686 5457 (dit.
724 5401 908 5456 lloina:
934 5419 1079 5457 anno
1111 5403 1268 5470 1708,
1302 5404 1393 5458 ubi
1422 5402 1485 5456 ad
1520 5413 1762 5457 nostram
1798 5404 2120 5458 sententiain

554 5472 857 5530 instituitur
879 5474 1391 5529 sermo.Adeuudus
1413 5473 1577 5528 etiam
1610 5471 1844 5528 Lirouus
1868 5472 1970 5527 loc.
2000 5474 2118 5541 cit.,

556 5541 908 5683 μῗέιέῗξίίάε
939 5611 1305 5667 Fontaniuum
1345 5613 1451 5670 loc.
1485 5613 1603 5678 cit.,
1630 5627 1753 5682 pag.
1784 5611 1890 5666 226
1915 5622 1969 5667 et
1991 5611 2115 5668 227.

628 5681 741 5729 «55)
802 5678 982 5729 Vetera
1030 5682 1294 5729 Ληιιιεει--
1329 5700 1449 5729 mm-
1490 5684 1593 5729 387
1644 5683 1736 5729 nil-
1778 5684 1910 5729 mlit-
1945 5682 2115 5729 Paris-

628 5682 741 5746 (55)
802 5682 982 5732 Vetera
1030 5682 1305 5763 Anqlect.,
1329 5700 1449 5753 pag.
1490 5684 1593 5764 587
1644 5683 1736 5737 cit.
1778 5684 1911 5763 edit.
1945 5682 2116 5737 Paris.

562 5748 722 5812 1725.
762 5747 1045 5819 Legendus
1083 5762 1244 5813 etiam
1280 5753 1617 5811 l‘outamnus
1654 5754 1756 5811 loc.
1786 5762 1876 5811 cu.
1912 5769 1964 5824 p.
1991 5755 2117 5820 230,

1334 321 1421 379 DE
1458 322 1851 383 PORTUENSI
1890 326 1951 382 8.
1991 318 2355 380 HIPPOLYTI
2390 321 2584 377 SEDE.
2623 352 2694 364 —-
2729 320 2910 377 PARS
2944 319 3017 377 ll.

3626 324 3709 381 480

2154 441 2196 497 Α
2228 433 2484 501 Eusebio,
2513 434 2571 490 8.
2602 433 2954 506 Hieronymo,
2985 433 3214 505 aliisque
3238 435 3464 506 antiquis
3492 438 3712 510 scriptori-

2228 526 2331 583 bus
2381 528 2597 597 peuitus
2645 527 2994 597 incomperta:
3044 526 3297 595 fuerunt;
3345 530 3550 601 ideoque
3588 550 3713 594 nemo

2228 632 2337 672 non
2367 619 2513 672 videt
2533 634 2696 688 quam
2728 618 3093 688 periculosum
3121 620 3436 691 quandoque
3459 623 3524 677 sit
3547 624 3631 681 hoc
3645 643 3713 682 ar-

2226 707 2468 779 gumenti
2496 723 2704 778 genus:
2731 707 3001 764 Eusebius
3025 718 3081 763 et
3103 708 3162 764 S.
3196 708 3530 783 Hieronymus
3552 718 3715 774 nescie-

2226 806 2359 852 runt
2384 798 2606 854 ubinam
2636 800 2879 869 gentium
2910 797 2969 855 8.
3006 798 3323 871 Hippolytus
3342 805 3600 873 episcopus
3622 805 3713 862 lue-

2225 892 2327 957 rit;
2358 907 2488 962 ergo
2527 892 2810 960 Leontius,
2851 893 3200 959 Anastasius,
3233 892 3423 963 aliique
3452 897 3715 965 posteriores

2226 982 2373 1039 illius
2401 984 2762 1055 episcopalem
2791 984 2973 1040 sedem
3003 984 3146 1041 scire
3168 999 3275 1039 non
3298 995 3580 1054 potuerunt.
3596 987 3717 1055 Quod

2225 1075 2446 1144 quidem
2495 1077 2803 1146 argumenti
2854 1091 3047 1149 genus,
3086 1076 3133 1132 si
3184 1075 3496 1132 rectioribus
3535 1081 3719 1137 sanioris

2225 1166 2425 1222 critica:
2472 1168 2674 1239 regulis
2722 1168 3128 1224 accensendum
3170 1176 3335 1234 esset,
3366 1165 3579 1224 Henrico
3613 1170 3720 1225 Dod-

2224 1260 2383 1317 wello
2417 1259 2531 1331 (56)
2578 1260 2953 1315 inl‘ensissimo
2984 1267 3303 1314 sanctorum
3341 1258 3528 1315 Christi
3564 1271 3720 1333 many-

2226 1368 2348 1407 rum
2382 1352 2526 1407 hosti
2558 1367 2756 1407 manus
2783 1351 2952 1406 victas
2984 1348 3231 1420 proiecto
3273 1366 3371 1405 nos
3395 1351 3515 1406 dare
3554 1362 3723 1421 oporte-

2226 1452 2330 1509 ret,
2357 1444 2447 1498 cui
2470 1441 2809 1506 Tertulliani,
2836 1440 3080 1506 Eusebii,
3109 1439 3412 1511 Epiphanii,
3438 1439 3722 1509 Theodoreti,

2226 1535 2567 1604 aliorumque
2610 1545 2854 1589 veterum
2906 1534 3236 1603 scriptorum
3291 1532 3546 1587 silentium
3587 1533 3722 1587 maxi-

2230 1642 2404 1691 mum,
2450 1634 2511 1681 ut
2543 1626 2660 1696 ipse
2709 1624 2961 1692 credidit,
3011 1624 3241 1679 rationis
3277 1623 3722 1693 suppeditavitmo-

2229 1729 2497 1785 mentum,
2528 1728 2586 1773 ut
2625 1717 2684 1774 S.
2726 1716 2989 1772 Irenaeum
3025 1717 3433 1774 celeberrimum
3462 1714 3725 1787 Lugdunen-

2226 1812 2367 1866 sium
2416 1812 2737 1877 antistitem,
2786 1809 3063 1881 Hippolyti
3111 1809 3289 1864 nostri
3338 1808 3641 1877 magistrum,
3674 1822 3723 1862 ex

2226 1904 2425 1960 illustri
2454 1915 2754 1976 martyrum
2796 1904 2923 1959 albo
2957 1903 3184 1974 impune
3219 1902 3435 1957 deleret.
3463 1901 3527 1957 At
3552 1901 3723 1955 nimiam

2225 1998 2369 2053 hanc
2405 1997 2666 2054 Dodvvelli
2708 1996 3119 2061 conlidentiam,
3149 2011 3220 2049 ne
3244 1995 3482 2049 dicamus
3511 1994 3726 2047 temerita-

2227 2097 2354 2155 tem,
2381 2089 2708 2145 lirmissimis
2735 2087 3171 2159 certissimisque
3193 2084 3517 2155 argumentis
3540 2082 3727 2138 coercuit

2224 2182 2577 2237 doctissimus
2636 2180 2941 2236 monachus
2994 2178 3243 2235 [leuatus
3297 2175 3582 2232 Massnetus
3625 2174 3726 2243 (δῖ),

2224 2275 2383 2345 cujus
2409 2276 2593 2339 verba,
2617 2281 2805 2344 utpote
2834 2291 2947 2329 rem
2985 2280 3235 2328 nostram
3270 2271 3489 2325 mirilice
3510 2268 3727 2323 illustrau-

2225 2367 2321 2432 tia,
2353 2367 2440 2421 hic
2482 2366 2791 2422 exscribere
2835 2380 2941 2419 non
2978 2363 3349 2434 gravabimur.
3386 2380 3404 2414 ‹
3449 2359 3638 2425 Verum,
3663 2360 3726 2412 in-

2224 2458 2363 2526 quit,
2400 2468 2461 2513 ut
2489 2459 2556 2512 ad
2591 2456 3009 2522 Tertullianum,
3044 2456 3365 2521 Eusebium,
3411 2451 3725 2523 Epiphaniam,

2225 2545 2647 2610 Theodoretum,
2683 2555 2737 2601 et
2767 2546 2928 2610 alios,
2961 2561 3104 2616 quos
3136 2547 3194 2601 in
3234 2560 3410 2601 causae
3451 2558 3553 2598 suae
3586 2540 3728 2595 delen-

2225 2639 2435 2693 sionem
2468 2639 2601 2693 citat
2627 2636 2957 2702 Dodwellus,
2984 2639 3176 2712 pedem
3207 2636 3526 2701 referamus;
3550 2633 3613 2688 illi
3635 2631 3728 2704 qui-

2224 2733 2347 2787 dem
2400 2733 2663 2787 Irenaeum
2712 2747 2983 2802 nusquam
3032 2732 3310 2801 appellant
3354 2723 3730 2799 martyrem,sed

2224 2824 2359 2881 nihil
2394 2824 2542 2879 aliud
2580 2824 2648 2877 ad
2695 2838 2971 2877 summum
3003 2838 3067 2877 ex
3114 2838 3305 2877 eorum
3350 2818 3553 2876 silentio
3588 2812 3729 2883 colligi

2224 2926 2421 2983 potest,
2452 2916 2557 2969 nisi
2588 2915 2735 2986 quod
2769 2914 2836 2969 ad
2882 2930 3073 2969 eorum
3106 2915 3353 2971 notitiam
3381 2913 3506 2967 Acta
3535 2906 3728 2977 martyrii

2225 3020 2334 3059 non
2383 3007 2745 3075 pervenerint,
2777 3016 2873 3062 aut
2914 3017 3211 3078 martyrem
3261 3005 3429 3060 fuisse
3474 3000 3728 3057 nescierint.

2146 3132 2187 3188 ϐ
2228 3095 2304 3149 Ex
2329 3112 2394 3151 eo
2423 3112 2555 3151 vero
2582 3098 2729 3168 quod
2751 3098 2818 3153 ad
2847 3097 3193 3161 Tertulliani,
3220 3096 3453 3163 Eusebii,
3476 3090 3729 3164 Epiphanii,

2220 3198 2274 3243 et
2308 3190 2544 3244 aliorum
2566 3193 2927 3260 quorumdam
2954 3189 3320 3247 Orientalium
3352 3190 3642 3258 scriptorum
3660 3196 3731 3236 uo-

2223 3281 2399 3336 titiam
2441 3282 2697 3352 martyris
2722 3282 2956 3353 alicujus
2985 3282 3352 3337 Occidentalis
3373 3283 3498 3334 Acta
3530 3293 3619 3332 non
3641 3288 3732 3345 per-

2222 3374 2489 3441 venerint,
2547 3385 2837 3445 martyrem
2899 3376 3065 3431 l'uisse
3111 3375 3443 3431 conﬁdenter
3490 3384 3657 3441 negare
3704 3379 3730 3420 ι

2221 3467 2433 3521 ratione
2467 3481 2691 3535 prorsus
2721 3467 2961 3524 alienum
2991 3468 3229 3523 videtur.
3266 3486 3285 3518 ι
3318 3466 3381 3521 Et
3408 3463 3578 3536 paucis
3600 3462 3728 3515 inter-

2217 3558 2427 3627 jectis:
2484 3576 2503 3610 ‹
2550 3556 2657 3613 Sed
2709 3567 2768 3613 ut
2811 3575 2992 3615 causae
3044 3558 3300 3630 jugulum
3351 3558 3559 3629 propius
3596 3552 3732 3607 adhuc

2222 3657 2426 3717 petam,
2466 3647 2758 3713 Eusebius,
2783 3649 2941 3720 cujus
2974 3648 3254 3705 silentium
3286 3648 3417 3703 adeo
3450 3651 3587 3714 urget
3624 3636 3731 3693 Dod-

2205 3739 2430 3825 .wellus,
2483 3738 2753 3811 Hippolyti
2801 3757 2908 3794 non
2956 3742 3123 3796 semel
3177 3740 3443 3803 meminit,
3484 3734 3729 3801 catalogum

2221 3830 2340 3899 ejus
2366 3845 2588 3900 cperam
2617 3832 2768 3891 texit.
2788 3834 3103 3902 episcopum
3131 3831 3306 3887 fuisse
3328 3831 3475 3896 dicit,
3493 3834 3730 3895 martyiem

2223 3923 2496 3993 nuspiam.
2530 3921 2791 3994 Martyrio
2834 3924 3000 3978 vitam
3044 3925 3234 3980 ﬁnisse
3274 3921 3616 3978 certissimum
3643 3927 3732 3968 esse

2222 4012 2382 4065 debet
2431 4012 2516 4065 vel
2565 4012 2667 4081 ipsi
2717 4010 3030 4079 Dodwello;
3083 4029 3212 4067 nam
3263 4013 3318 4068 iu
3366 4012 3432 4065 iis
3472 4008 3591 4080 ipsis
3640 4017 3732 4073 qua:

2222 4104 2432 4174 profert
2491 4092 2817 4158 Theodoreti
2869 4104 3161 4159 adversum
3227 4103 3413 4158 lrenaei
3466 4098 3732 4170 martyrium

2223 4194 2358 4248 locis
2400 4194 2605 4264 martyr
2643 4193 2966 4264 appellatur.
3009 4213 3028 4246 ι
3071 4194 3127 4248 Si
3160 4196 3326 4263 igitur
3368 4190 3571 4246 Eusebii
3606 4185 3733 4241 silen-

2224 4288 2380 4349 tium,
2415 4288 2561 4357 quod
2599 4288 2756 4342 nobis
2785 4288 3053 4355 objiciunt
3086 4287 3461 4342 'l‘illemontius
3490 4294 3539 4338 et
3564 4278 3733 4335 Ceillie-

2224 4381 2359 4445 rius,
2403 4379 2746 4451 Hippolytum
2797 4392 3042 4435 nostrum
3094 4380 3404 4435 venerando
3438 4372 3659 4446 martyris
3684 4369 3733 4423 ti-

2149 4477 2191 4531 Β
2223 4476 2334 4529 tulo
2373 4490 2571 4530 exuere
2604 4474 2828 4529 minime
2866 4475 3028 4538 valet,
3079 4489 3178 4529 nec
3212 4473 3519 4529 Portuensis
3559 4465 3729 4538 quidem

2228 4568 2400 4637 ipsius
2430 4566 2611 4630 sedes,
2644 4574 2725 4619 tot
2752 4567 2982 4635 egregiis
3013 4574 3261 4621 veterum
3285 4565 3592 4636 scriptorum
3612 4554 3731 4612 testi-

2227 4660 2427 4715 moniis
2460 4642 2735 4725 roborata,
2763 4660 2952 4714 eodem
2983 4659 3109 4715 licet
3141 4659 3335 4714 silente
3366 4656 3601 4716 Eusebio,
3633 4661 3731 4703 ιιιιε·

2227 4752 2371 4823 piam
2402 4752 2648 4823 profecto
2677 4759 2983 4807 evanescat.
3015 4751 3121 4806 Sed
3152 4751 3283 4822 Quid
3326 4749 3630 4804 Massuelum
3656 4751 3737 4809 τίν’.

2228 4910 2318 4967 ubi
2344 4910 2459 4965 haec
2485 4908 2605 4964 fuse
2642 4920 2955 4966 narrantur.

2298 4980 2410 5050 (56)
2432 4979 2666 5056 _Dissert.
2692 4981 2726 5035 5
2760 4982 2813 5056 in
2847 4982 3133 5056 Irenaeum.
3159 4978 3431 5056 videndus
3451 4975 3596 5056 etiam
3618 4968 3727 5056 Clite

2228 5046 2652 5119 in‘scriptorum
2691 5053 3159 5106 ecclesiasticarum
3210 5050 3445 5104 Historia
3474 5046 3725 5119 litterario.

2229 5130 2360 5175 tom.
2398 5118 2451 5188 Ι,
2482 5137 2535 5191 p.
2570 5122 2659 5185 67,
2701 5122 2901 5176 saeculo
2948 5121 3225 5187 Gnostico,
3261 5121 3353 5190 qui
3395 5118 3565 5174 eodem
3603 5122 3728 5177 alii”

2228 5191 2424 5263 menti_
2451 5206 2689 5263 genere_,
2749 5193 3073 5247 saeculorum
3132 5193 3439 5263 sequiorum
3462 5258 3476 5263 _
3504 5193 3727 5263 cumulet?

2229 5269 2339 5313 tum
2393 5248 3043 5339 S.Ulre|iae_i'_martyr_iunt_
3052 5263 3186 5339 dicit
3209 5248 3241 5317 ἐ
3271 5258 3487 5339 ,ι-Ουοά,
3510 5270 3622 5339 “3'9

2227 5347 2376 5386 tuens
2403 5340 2605 5403 martyr
2633 5330 2802 5387 fuisse
2832 5330 2991 5403 vulgo
3014 5334 3245 5394 dicatur,
3269 5332 3320 5385 id
3333 5330 3627 5403 rsequiorum
3649 5331 3717 5403 ρίξτ

2228 5403 2338 5457 tius
2361 5395 2682 5456 saeculorum
2712 5395 3080 5458 commentum
3113 5395 3436 5459 censendum
3465 5400 3586 5460 erit;
3613 5395 3724 5444 certe

2228 5472 2507 5538 ignorasse
2544 5472 2794 5527 videntur
2824 5475 3148 5529 vetustiores
3191 5471 3561 5533 Tertullianus,
3591 5460 3722 5516 Μεθ’

2226 5541 2756 5613 btus,Auguslinus,
2798 5542 3193 5599 Theodoretus.
3236 5563 3253 5595 ι

2227 5591 2982 5738 ’bfsg'ea;‘,3}sv.“a;;
2993 5591 3196 5670 ’ϊιοὲἷεὲἰ
3229 5591 3347 5676 ιιι..
3375 5607 3464 5675 90,
3490 5604 3572 5671 at,
3601 5591 3724 5674 gat,
