3802 6198
486 258 587 314 487
678 304 681 309 η

1237 257 1326 312 DE
1358 256 1750 314 PORTUENSI
1792 256 1851 313 S.
1892 254 2257 313 HlPPOLYTi
2295 257 2494 314 SEDE.
2534 287 2606 299 —
2640 256 2824 313 PARS
2861 256 2926 313 ll.
3573 265 3657 324 438

484 374 812 449 quandoque
844 382 1160 443 occurrunt,
1190 375 1299 432 hoc
1337 391 1450 431 uno
1476 376 1727 447 exemplo
1768 391 1880 431 non
1922 390 1952 430 a
1982 374 2051 430 li-
2078 391 2128 451 Α
2159 375 2282 431 dem
2316 376 2510 432 codice
2547 375 2694 431 inter
2738 389 2944 429 annum
2975 373 3175 430 Christi
3193 374 3292 431 775
3316 388 3366 433 et
3391 378 3504 447 771,
3544 379 3663 436 indi-

488 469 685 529 brariis
717 477 917 525 temere
943 469 1205 525 conﬁctas
1231 469 1363 525 satis
1385 484 1660 540 superque
1685 478 1943 525 constare
1968 485 2059 524 ar-

483 561 784 628 bitramur;
842 559 936 615 sed
990 560 1209 615 easdem
1247 560 1315 615 ab
1364 560 1612 630 ipsismet
1660 560 2055 631 scriptoribus,

483 652 570 709 vel
597 652 664 707 ab
692 666 882 706 eorum
931 651 1146 717 amicis,
1179 650 1261 705 vel
1296 651 1602 721 discipulis,
1636 652 1720 706 vel
1763 652 1982 706 demum
2027 667 2061 708 a

485 743 676 814 peritis
703 741 836 796 viris
866 741 1104 811 propriis
1123 740 1407 796 codicibus
1437 741 1714 810 appositas
1746 739 1915 795 fuisse
1940 756 2062 797 cre-

487 835 699 901 dimus;
731 848 905 904 eoque
938 833 1131 903 magis.
1173 833 1301 902 quia
1333 847 1473 901 saape
1499 832 1715 897 accidit,
1747 840 1808 886 ut
1836 831 2059 887 easdem

487 938 578 979 res
608 923 739 993 ipsa:
762 920 1081 984 exhibeam,
1105 936 1228 990 qua:
1250 929 1374 975 cum
1402 919 1642 989 antiquis
1664 934 1727 973 ac
1752 918 1855 973 tide
1883 916 2062 988 dignis

488 1014 806 1070 auctoribus
857 1013 995 1068 mire
1042 1015 1414 1067 consentiunt.
1463 1010 1541 1067 lta
1585 1012 1640 1065 in
1674 1009 2062 1081 antiquissimo

489 1106 675 1163 codice
721 1105 1060 1161 bibliotheca:
1101 1105 1500 1171 Ottobonianze,
1537 1105 1593 1159 in
1639 1119 1751 1175 quo
1796 1104 2063 1158 habentur

489 1198 766 1253 orationes
797 1198 1236 1268 quamplurimm,
1276 1196 1333 1251 S.
1369 1196 1613 1267 Gregorii
1643 1195 1968 1250 Nazianzeni
1995 1194 2063 1249 ad

489 1290 791 1344 orationem
847 1289 903 1343 in
958 1300 1147 1345 sancta
1200 1287 1433 1343 Lumina
1472 1288 1790 1356 hujusmodi
1843 1296 1970 1340 nota
2008 1286 2064 1340 in

488 1379 734 1450 margine
767 1380 997 1433 habetur
1026 1397 1038 1433 :
1066 1372 1236 1442 Οὗτος
1256 1376 1582 1449 δογματικὸς
1604 1377 1802 1450 ὲῤῥέθη
1833 1380 1891 1431 ὲν
1914 1378 2067 1429 Kent-

493 1471 919 1536 παντινοπόλει,
962 1490 980 1523 ‹
1016 1471 1106 1526 hic
1135 1475 1352 1540 (nempe
1382 1471 1584 1540 sermo)
1614 1469 1959 1540 dogmaticus
1982 1468 2065 1521 di-

489 1573 615 1627 etus
649 1572 730 1619 est
764 1564 818 1617 in
849 1562 1340 1631 Constantinopoli,
1381 1579 1401 1614 ι
1437 1576 1560 1631 quae
1589 1564 1751 1616 etiam
1787 1561 1982 1632 legitur
2008 1559 2063 1613 in

491 1655 738 1726 sequenti
771 1655 1017 1709 oratione
1040 1656 1093 1708 in
1113 1654 1489 1709 Pentecosten.
1522 1653 1671 1721 Quas
1692 1653 1910 1724 quidem
1939 1668 2067 1707 ora-

2163 470 2347 525 ctione
2376 484 2473 531 xu,
2519 468 2635 523 hzec
2672 468 2929 539 leguntur
2960 484 2974 521 :
3016 486 3035 519 ε
3070 465 3181 524 Hac
3221 468 3491 526 indictione
3529 486 3656 529 vene-

2170 570 2299 618 runt
2347 559 2542 616 Franci
2595 560 2649 614 in
2700 559 2930 614 Italiam.
2981 577 3000 611 ι
3060 558 3295 615 Francos
3334 561 3503 616 eodem
3543 579 3657 618 anno

2167 653 2350 710 Caroli
2380 652 2452 708 Μ.
2490 654 2655 707 ductu
2684 651 2739 706 in
2783 650 2992 705 Italiam
3037 648 3204 706 fuisse
3240 666 3561 723 progressos,
3594 664 3659 709 te-

2161 752 2375 800 stantur
2404 743 2616 813 antiqui
2661 743 2956 813 scriptores
3004 741 3337 812 Eginhardus
3369 741 3492 814 (70),
3530 743 3664 798 Chro-

2161 839 2317 892 nicon
2350 834 2609 904 Augiense
2644 834 2780 904 (71),
2811 846 2863 889 ct
2893 833 3185 888 Chronicon
3214 832 3562 888 brevissimum
3583 853 3666 889 mo-

2164 926 2389 981 nasterii
2437 924 2497 978 S.
2540 923 2683 977 Galli
2722 922 2867 992 (72),
2899 939 2930 977 a
2958 921 3178 977 Baluzio
3220 922 3357 976 edita
3381 922 3499 990 (75).
3527 921 3666 978 Euse-

2161 1019 2288 1074 bius
2316 1018 2413 1072 lib.
2450 1032 2534 1081 ιιι,
2568 1032 2688 1087 cap.
2716 1015 2809 1082 24,
2847 1007 2922 1069 De
2973 1015 3084 1069 vita
3130 1013 3453 1067 Constantini
3496 1013 3668 1085 Magni,

2163 1110 2385 1181 scripsit
2424 1108 2538 1179 (74)
2575 1123 2634 1164 se
2683 1122 2873 1163 omnes
2906 1106 3151 1177 ejusdem
3204 1104 3525 1161 Constantini
3556 1107 3672 1177 leges

2164 1216 2229 1255 ac
2261 1199 2542 1270 epistolas,
2573 1198 2642 1253 ab
2676 1199 2794 1268 ipso
2824 1199 3152 1266 imperatore
3186 1196 3358 1257 datas.
3400 1212 3511 1262 qua:
3543 1198 3599 1250 ad
3626 1198 3674 1251 ti-

2164 1291 2287 1346 dem
2316 1290 2640 1346 catholicam
2675 1288 3013 1358 speetabant,
3039 1297 3290 1358 separato
3317 1287 3568 1342 volumine
3587 1288 3676 1343 col-

2164 1382 2333 1453 ligere
2358 1380 2512 1446 velle,
2558 1380 2705 1449 quod
2738 1394 2869 1433 num
2904 1378 3020 1447 ipse
3057 1378 3415 1448 praestitisset,
3443 1379 3570 1433 viros
3602 1380 3678 1433 do-

2165 1485 2283 1529 ctos
2306 1474 2513 1528 diutius
2545 1471 2737 1537 latuit;
2765 1470 3094 1541 penitusque
3117 1468 3219 1540 ipsi
3242 1468 3677 1540 ignorassent.nisi

2166 1565 2432 1622 Henricus
2466 1564 2714 1619 Valesius
2743 1572 3025 1632 antiquam
3054 1562 3263 1618 codicis
3288 1559 3510 1615 Mediczei
3530 1570 3677 1614 notam
3776 1598 3777 1601 η

2163 1656 2459 1727 vulgasset,
2492 1670 2555 1709 ex
2583 1670 2689 1725 qua
2714 1652 3009 1708 Eusebium
3039 1668 3209 1723 supra
3247 1653 3565 1707 laudatarum
3589 1652 3680 1721 epi-

492 1747 672 1803 tiones
704 1746 761 1802 S.
792 1746 1114 1817 Gregorium
1156 1745 1634 1816 Constantinopoli
1672 1746 1929 1801 habuisse
1973 1760 2064 1800 re-
2093 1748 2136 1802 Β
2164 1750 2425 1804 stolarum
2462 1748 2635 1818 ipsius
2668 1746 3017 1803 Constantini
3051 1745 3233 1817 Magni
3273 1746 3504 1801 codicem
3533 1744 3682 1800 confe-

490 1855 577 1895 cre
592 1855 656 1895 ex
676 1839 917 1909 antiquis
948 1839 1315 1893 monumentis
1336 1844 1496 1894 docet
1517 1837 1903 1892 Tillemontius
1922 1836 2057 1907 (65).

489 1929 548 1985 In
580 1931 766 1986 codice
790 1930 1170 1985 Casanattensi
1198 1928 1336 2000 (66),
1368 1939 1492 1985 ante
1518 1930 1861 2000 octingentos
1888 1943 2062 1983 annos

490 2019 923 2091 Longobardicis
957 2018 1153 2073 litteris
1183 2027 1430 2081 exarato,
1468 2018 1521 2071 in
1553 2033 1663 2087 quo
1699 2016 1929 2069 habetur
1966 2030 2061 2084 ge-

489 2114 695 2167 nuinus
728 2111 889 2166 Beda:
914 2109 1127 2180 Cyclas,
1157 2109 1271 2179 qui,
1314 2118 1376 2162 ut
1418 2108 1605 2162 docuit
1643 2106 1872 2175 Magnus
1904 2102 2063 2159 Nori-

490 2204 609 2259 sius
658 2202 793 2273 (67),
836 2202 905 2257 ab
954 2215 1100 2255 anno
1131 2199 1337 2255 Christi
1389 2198 1495 2254 552
1535 2214 1708 2269 usque
1742 2197 1808 2251 ad
1856 2210 2060 2250 annum

442 2293 631 2368 1065
678 2293 1018 2364 producitur,
1070 2292 1240 2347 multa
1284 2291 1425 2346 scitu
1474 2291 1639 2361 digna
1688 2289 1919 2360 singulis
1950 2287 2064 2341 fere

425 2383 453 2429 Ῑ
491 2393 653 2448 annis
701 2392 962 2447 adnotata
1017 2397 1165 2455 sunt,
1215 2403 1448 2458 quorum
1488 2387 1577 2442 hic
1625 2387 1807 2457 aliqua
1856 2382 2063 2438 referre

406 2547 411 2551 ,
491 2502 601 2542 non
640 2486 803 2556 piget.
838 2482 1022 2538 Primo
1066 2482 1230 2553 igitur
1270 2482 1387 2536 haec
1421 2480 1690 2535 habentur
1729 2496 1744 2533 :
1781 2495 1799 2527 ι
1844 2475 2063 2530 Primus

493 2578 738 2651 Dionysii
767 2575 1007 2632 circulus
1032 2590 1063 2629 a
1089 2572 1385 2630 Justiniani
1414 2571 1676 2642 principis
1704 2583 1848 2624 anno
1877 2566 1940 2633 6,
1967 2563 2062 2636 qui

492 2668 742 2740 regnavit
784 2680 959 2722 annos
997 2664 1088 2730 58,
1128 2683 1146 2716 ι
1186 2679 1308 2734 quae
1358 2663 1545 2719 omnia
1575 2659 1792 2717 veritati
1832 2668 2063 2729 prorsus

492 2775 622 2824 sunt
653 2770 1050 2823 consentanea;
1085 2759 1404 2831 Dionysium
1430 2757 1575 2812 enim
1599 2754 1866 2828 Exiguum
1900 2768 2061 2810 suum

493 2855 809 2913 Paschalem
845 2852 1050 2924 cyclum
1087 2851 1156 2905 ab
1191 2865 1334 2905 anno
1367 2848 1401 2904 6
1430 2846 1723 2904 Justiniani
1765 2845 2064 2916 imperato-

492 2948 594 3016 ris,
624 2946 719 3018 qui
761 2943 952 3000 incidit
999 2941 1054 2997 in
1096 2956 1302 2997 annum
1337 2940 1464 3006 552,
1501 2938 1838 3007 auspicasse,
1875 2938 2064 2993 multis

493 3049 740 3096 veterum
778 3034 1112 3092 testimoniis
1143 3032 1392 3105 probavit
1430 3032 1570 3086 idem
1615 3029 1865 3085 Norisius
1914 3030 2061 3100 (68),

493 3131 856 3199 eumdemque
882 3102 1264 3197 imperatorem
1295 3125 1455 3179 annis
1485 3123 1575 3186 58,
1601 3138 1709 3176 non
1732 3121 1823 3187 40,
1869 3132 1929 3177 nt
1951 3124 2069 3193 qui-
2093 3102 2136 3159 ε

493 3225 620 3282 dam
664 3235 946 3293 perperam
993 3218 1367 3287 scripserunt,
1418 3228 1696 3284 regnasse,
1745 3213 1874 3267 alibi
1924 3212 2066 3267 idem

494 3312 966 3375 eminentissimus
999 3320 1190 3366 auctor
1220 3307 1338 3364 [use
1367 3307 1708 3361 demonstrat
1735 3303 1866 3375 (69).
1900 3303 1960 3358 ln
1984 3319 2072 3360 eoa-

497 3493 565 3549 de
609 3491 664 3547 S.
699 3486 968 3561 Agobardi
1018 3482 1410 3561 archiepiscopi
1464 3480 1847 3553 Lugdunensis
1894 3480 2066 3550 cultu,

496 3564 649 3619 Actis
676 3572 728 3616 et
749 3554 906 3615 aetate
928 3558 1140 3612 erudite
1166 3554 1537 3625 preferuntur.

569 3632 682 3705 (65)
708 3630 863 3705 Tom.
893 3627 986 3692 IX,
1014 3621 1288 3705 Ιξιέζηρἰεδ
1313 3640 1446 3705 pou:
1467 3623 1630 3705 servir
1655 3621 1963 3705 ti‘l’h‘isloire
1983 3637 2064 3676 ec-

497 3691 863 3773 clésiastique,
877 3691 1000 3770 pag.
1023 3695 1148 3773 462,
1166 3697 1221 3750 in
1244 3691 1668 3773 sajiitgreg_oire
1685 3692 1754 3773 de
1771 3691 2065 3773 l‘iazigiiize,

499 3774 689 3830 article
717 3762 808 3839 6’6,
841 3762 936 3825 des
951 3762 1221 3824 'oraisons
1252 3766 1343 3833 58,
1371 3766 1461 3832 59,
1488 3762 1580 3824 40.
1606 3764 1698 3829 44,
1726 3764 1789 3819 51
1821 3772 1874 3817 et
1894 3762 1963 3816 26
2001 3764 2069 3818 de

498 3846 643 3899 saint
671 3842 945 3910 Grégoire.
994 3907 1005 3910 _
1096 3881 1109 3888 .

571 3913 684 3985 (66)
716 3907 877 3985 sum.
909 3907 1035 3985 sit.

573 3916 662 3985 (66
716 3916 877 3967 Num.
909 3916 1035 3965 5H.

573 3916 686 4057 (67)
722 3981 1115 4057 Dissertatione
1141 3976 1442 4057 5_dencyclo
1468 3972 2071 4057 paschaliﬁavennate

502 4041 771 4110 annorum
819 4051 910 4115 95,
963 4060 1096 4105 tom.
1153 4049 1198 4102 11
1247 4041 1487 4118 Operam
1531 4046 1664 4101 edit.
1701 4041 1932 4099 Verona:
1975 4059 2066 4097 an.

502 4126 662 4191 1729,
690 4140 812 4195 pag.
849 4121 974 4195 754.

573 4182 1075 4268 (68)'Di'ssert.__2de
1096 4185 1339 4268 paschali
1358 4184 1673 4268 Latinorum
1688 4183 1863 4265 cyclo,
1883 4198 1939 4253 p.
1966 4182 2069 4238 725

500 4276 555 4324 et
578 4255 907 4341 seqqltom.
937 4260 980 4315 ll
1008 4255 1246 4341 Operam
1278 4258 1456 4341 citata;
1493 4255 1771 4341 editionis:

511 4321 954 4410 Γ(69)Ἰ)ἱς›ε.ει·ι.
1012 4321 1259 4386 historic.
1305 4329 1371 4382 de
1423 4328 1630 4395 synodo
1676 4324 1888 4395 quinta,
1927 4321 2014 4394 §‘2
2051 4361 2067 4387 ,

501 4417 634 4463 tom.
658 4407 679 4460 1
710 4407 967 4476 Operam,
992 4416 1117 4476 pag.
1139 4399 1244 4454 685
1266 4417 1279 4452 :
1307 4417 1338 4476 ¢_
1355 4397 1519 4467 quue
1535 4396 1807 4467 colligitur
1828 4410 1898 4450 ex
1919 4409 2064 4448 anno

501 4479 683 4535 obitus
709 4470 1003 4529 Iustiniani
1032 4470 1416 4543 imperatoris._
1436 4486 1455 4519 ι

577 4546 689 4616 (70)
727 4532 1351 4616 Eginhardus,'natione
1378 4537 1714 4616 Germanus,_
1738 4532 2021 4616 Caroli_M.
2048 4574 2064 4601 ,

502 4606 596 4691 qui
629 4606 1098 4691 obiit'an._8_l4,“a
1126 4611 1371 4691 secretis,
1405 4607 1716 4691 imperatori
1746 4622 1846 4690 suo
1877 4606 2068 4691 admo-

500 4676 629 4745 dum
657 4688 857 4742 charus
887 4683 1004 4737 fuit.
1031 4681 1233 4736 Praeter
1262 4678 1437 4733 Vitam
1460 4676 1638 4733 Caroli
1660 4676 1859 4747 Magni,
1879 4679 2064 4747 Anna:

502 4743 574 4814 les
598 4759 758 4812 etiam
788 4770 961 4808 rerum
991 4762 1255 4824 gestarum
1277 4750 1454 4824 Pipini
1485 4750 1649 4824 regis,
1678 4743 2068 4824 Caroli‘Magni

501 4840 556 4885 et
585 4826 844 4882 Ludovici
874 4819 1070 4888 Piifab
1101 4839 1245 4877 anno
1289 4819 1386 4875 741
1432 4822 1501 4874 ad
1538 4834 1740 4872 annum
1787 4819 1912 4885 829,
1935 4832 2069 4888 con-

502 4898 745 4969 scripsit,
769 4896 871 4969 qui
896 4887 1101 4965 pluries
1116 4891 1345 4969 luerunt
1375 4890 1861 4969 editi,_praesertim
1889 4907 1919 4943 a
1954 4887 2068 4969 Du-

502 4960 729 5025 chesnio
757 4960 1085 5035 Scriptorum
1111 4962 1352 5035 Francia:
1372 4972 1514 5035 tom.
1544 4960 1608 5024 ll,
1638 4960 1729 5013 ubi
1743 4960 1883 5035 vide
1900 4975 1951 5035 p.
1973 4962 2064 5028 29,

503 5042 571 5095 ad
599 5056 688 5094 an.
719 5038 822 5091 774
849 5029 979 5091 edit.
1007 5034 1233 5088 Lutetia:
1264 5032 1598 5087 Parisiorum
1629 5030 1757 5083 anni
1786 5029 1945 5083 1686.

576 5110 688 5181 (71)
721 5104 1335 5181 Chroniconﬁugiense
1360 5112 1443 5181 est
1476 5101 1662 5181 swculi
1693 5115 1748 5163 χ,
1791 5112 1845 5153 et
1877 5100 2068 5181 incipit

505 5170 758 5235 ab‘an'no
794 5177 998 5232 Cbrisri
1043 5170 1175 5233 709,
1213 5174 1522 5241 desinitque
1569 5172 1634 5241 ad
1683 5186 1886 5224 annum
1937 5170 2062 5227 954.

504 5250 697 5307 Exstat
720 5247 864 5317 apud
896 5245 1154 5316 Stephani
1184 5242 1389 5297 Baluzii
1431 5240 1771 5317 Miscettanea
1800 5256 1940 5317 novo
1961 5260 2066 5317 ργ-

504 5323 629 5377 dine
659 5308 867 5391 digesta
897 5327 951 5391 et
989 5308 1167 5391 aucta,
1203 5329 1365 5391 opera
1384 5322 1451 5391 _et
1486 5311 1665 5367 studio
1684 5308 2067 5391 flaminiam-

505 5393 689 5447 minici
717 5380 936 5449 "Mansi,
972 5399 1105 5442 tom.
1145 5386 1163 5438 1
1208 5380 1336 5438 edit.
1383 5381 1543 5436 Lucae
1572 5381 1699 5434 anni
1729 5380 1887 5435 1761.
1923 5380 2066 5453 Lege

503 5476 558 5533 p.
591 5461 715 5525 120,
739 5461 830 5515 ubi
856 5459 923 5512 ad
952 5472 1154 5512 annum
1186 5453 1289 5507 775
1319 5462 1433 5508 haec
1454 5453 1653 5521 scripta
1676 5453 2021 5520 reperiuntur
2046 5472 2060 5507 ς

508 5548 529 5584 ε
562 5530 727 5601 Capta
775 5538 861 5586 est
895 5529 1046 5583 Italia
1093 5543 1125 5582 a
1170 5523 1413 5589 Francis,
1458 5533 1513 5578 et
1550 5521 1778 5577 Carolus
1833 5521 2063 5577 Romam

574 5603 763 5656 rvenit.
813 5618 833 5652 ι

503 5616 763 5673 pervenit.
813 5618 833 5652 ι

574 5670 685 5741 (72)
717 5669 1028 5741 Chronicon
1060 5664 1371 5741 huiusmodi
1394 5675 1478 5719 est
1506 5662 1689 5719 saeculi
1712 5678 1793 5741 is,
1824 5661 2065 5741 illudque

506 5735 711 5814 pariter
736 5739 906 5795 edidit
937 5737 1191 5793 Baluzius
1219 5746 1353 5791 tom.
1385 5745 1440 5791 et
1466 5750 1588 5806 pag.
1620 5735 1800 5791 cuntis
1833 5751 1847 5788 :
1876 5735 2064 5806 incipit

2166 1841 2309 1897 cisse
2362 1840 2475 1911 ('75)
2521 1849 2708 1909 aperte
2754 1839 3047 1910 colligitur.
3106 1838 3183 1893 Ex
3242 1838 3327 1893 his
3373 1837 3555 1905 igitur,
3586 1852 3683 1907 qua:

2166 1933 2455 2003 hucusque
2485 1932 2553 1987 de
2579 1932 2821 2002 antiquis
2851 1932 3015 1995 notis,
3070 1930 3129 1985 in
3178 1931 3403 1986 vetustis
3447 1929 3684 1985 codicibus

2170 2025 2497 2096 quandoque
2519 2024 2912 2079 exsistentibus
2934 2023 3057 2078 fuse
3081 2023 3267 2087 nimis,
3292 2037 3450 2093 quam
3470 2037 3558 2092 par
3576 2032 3685 2086 erat,

2168 2116 2591 2188 disputavimus,
2622 2115 2756 2170 satis
2784 2129 3058 2184 superque
3100 2114 3363 2183 probasse
3402 2111 3547 2166 nobis
3584 2127 3687 2167 sua-

2169 2207 2381 2271 demus,
2429 2205 2649 2260 easdem
2684 2206 2854 2273 motas
2902 2203 3043 2257 inter
3096 2209 3339 2256 veterum
3388 2199 3687 2254 librarion

2170 2298 2384 2354 somnia
2428 2312 2494 2351 ac
2521 2295 2807 2351 mendacia
2840 2294 2988 2349 haud
3018 2293 3353 2349 recensenda
3391 2306 3520 2347 esse.
3551 2289 3690 2360 Supec

2170 2391 2315 2445 riora
2347 2388 2492 2444 enim
2534 2388 2780 2457 exempla
2811 2395 2997 2456 aperte
3036 2401 3141 2441 nos
3169 2386 3386 2449 docent,
3418 2399 3507 2439 eas
3543 2383 3614 2437 vel
3638 2382 3691 2436 ab

2171 2482 2416 2553 ipsismet
2446 2481 2763 2554 auctoribus
2803 2478 3085 2535 codicibus
3115 2478 3255 2544 suis,
3286 2477 3367 2531 vel
3396 2476 3461 2531 ab
3492 2477 3691 2546 ipsorum

2169 2574 2473 2644 discipulis,
2507 2574 2601 2643 qui
2634 2571 2984 2643 praeceptoris
3016 2570 3103 2625 sui
3131 2585 3218 2624 res
3244 2578 3419 2639 gestas
3444 2568 3593 2638 probe
3611 2581 3693 2620 no-

2169 2676 2383 2732 verunt,
2414 2667 2498 2722 vel
2526 2668 2743 2723 demum
2768 2680 2800 2720 a
2827 2664 3012 2735 peritis
3037 2673 3095 2718 et
3124 2663 3305 2718 doctis
3331 2659 3459 2716 viris
3482 2657 3693 2729 quando-

2171 2776 2277 2831 que
2317 2759 2486 2815 tuisse
2536 2758 2847 2829 appositas;
2885 2756 3000 2827 qui,
3051 2755 3161 2810 etsi
3209 2752 3554 2825 scriptoribus
3587 2750 3698 2820 ipsis

2170 2854 2499 2924 posteriores
2524 2860 2683 2907 aetate
2708 2850 2947 2917 fuerunt,
2973 2857 3161 2904 tamen
3189 2847 3408 2917 optimis
3428 2858 3700 2900 monumen-

2170 2944 2241 2999 tis
2255 2943 2451 3007 edocti,
2481 2943 2528 2999 si
2553 2941 2685 3013 quid
2714 2955 2955 3012 unquam
2978 2940 3046 2994 ad
3066 2939 3324 2994 codicum
3343 2950 3552 2992 suorum
3573 2946 3699 2987 oram

2171 3034 2524 3095 aduotarunt,
2570 3046 2679 3086 non
2720 3031 2891 3084 aniles
2921 3027 3163 3091 fabulas,
3195 3026 3289 3082 sed
3331 3041 3417 3081 res
3438 3023 3533 3079 sibi
3571 3022 3702 3093 plane

2170 3134 2479 3194 compertas
2518 3123 2751 3193 posteris
2782 3120 3147 3185 tradiderunt,
3196 3118 3346 3189 quod
3379 3117 3581 3188 quidem
3609 3115 3701 3169 els-

2168 3217 2284 3271 rius
2317 3215 2473 3269 nobis
2508 3212 2762 3272 innotuit.
2797 3211 2926 3266 dum
2960 3224 3047 3271 ea.
3095 3225 3226 3280 qua:
3269 3210 3325 3263 in
3354 3207 3549 3264 eisdem
3584 3204 3703 3260 notis

2169 3317 2490 3375 narrantur,
2538 3306 2871 3375 incorruptis
2919 3305 3216 3360 vetustatis
3266 3301 3614 3358 monumentis
3648 3296 3702 3354 ad

2168 3487 2237 3541 ab
2262 3501 2353 3541 an.
2389 3483 2487 3539 691
2510 3496 2696 3554 usque
2722 3483 2789 3538 ad
2823 3497 2915 3537 an.
2947 3481 3073 3537 814.
3106 3480 3167 3535 In
3203 3497 3270 3538 eo
3296 3481 3364 3537 ad
3397 3494 3588 3554 annum
3619 3475 3705 3554 771

2168 3558 2404 3627 legitur:
2442 3548 2621 3627 illoc
2660 3555 3077 3627 anno_perrexit
3116 3554 3359 3608 domnus
3400 3550 3615 3627 Karolus
3647 3548 3703 3601 ad

2172 3620 2397 3680 Romam
2428 3625 2493 3678 ad
2526 3633 2773 3679 sanctum
2813 3620 3032 3677 Petrum
3054 3662 3070 3689 ,
3102 3633 3160 3677 et.
3189 3632 3462 3677 revertens
3492 3620 3605 3673 inde
3627 3633 3704 3672 ac-

2168 3698 2391 3767 quisivit
2417 3695 2683 3767 ljeccunia
2711 3695 2928 3764 (melius
2947 3693 3133 3767 P_avia)
3164 3695 3407 3753 civitate.
3427 3692 3533 3745 sive
3549 3690 3707 3767 Cicino

2170 3759 2386 3837 (melius
2419 3765 2629 3833 Ticino)
2654 3759 2788 3837 gum
2815 3778 2941 3837 rege
2969 3759 3275 3831 Desiderio,
3306 3775 3360 3818 et
3386 3777 3507 3817 cum
3536 3759 3707 3831 gaudio

2168 3833 2417 3893 reversus
2443 3846 2526 3890 est
2556 3838 2610 3887 in
2652 3833 2902 3890 Francia.
2937 3852 2956 3886 ι

2200 3906 2353 4033 digii)
2375 3906 2454 3988 .ln
2499 3906 2689 3960 eodem
2727 3915 2859 3960 tom.
2890 3902 2933 3971 1,
2983 3920 3105 3976 pag.
3139 3901 3247 3958 120
3277 3903 3457 3958 citata:
3494 3898 3707 3971 ejusdem

2239 3996 2250 4031 1
2282 3994 2439 4030 101115.

2167 3992 2439 4033 8011101115.

2241 4047 2353 4117 (74)
2391 4047 2569 4117 Citato
2612 4045 2709 4100 lib.
2740 4061 2824 4110 ιιι,
2860 4060 2979 4115 cap.
3012 4044 3105 4110 24,
3151 4061 3299 4117 pag.
3324 4044 3448 4103 592,
3490 4040 3710 4117 ubi__a_git

2165 4111 2445 4189 quomodo
2461 4116 2855 4172 Constantinus
2876 4111 3499 4189 episcAOpis'et'plebibus
3523 4111 3710 4189 religio-

2168 4180 2260 4244 sas
2290 4188 2497 4242 litteras
2543 4190 2742 4256 saepius
2783 4180 3098 4256 scripserit}
3147 4180 3365 4241 ubi'ait
3406 4203 3420 4240 :
3473 4202 3491 4235 ‹
3531 4180 3625 4236 Sed
3664 4189 3711 4233 et

2169 4258 2274 4313 alia
2312 4258 2546 4329 plurima
2572 4258 2838 4327 ejusmodi
2868 4257 3110 4326 scripsit,
3143 4272 3211 4312 ac
3244 4256 3708 4329 peueinnumera-

2171 4322 2926 4397 biles'exaravit'epstolas;
2973 4322 3120 4382 nunc
3167 4322 3441 4397 episcopis
3485 4322 3710 4394 praescri-

2172 4399 2304 4455 bens
2333 4414 2397 4454 ea
2431 4414 2554 4467 quze
2584 4397 2650 4451 ad
2683 4397 3051 4453 Ecclesiarum
3086 4398 3183 4452 Del
3210 4398 3497 4451 utilitatem
3525 4401 3715 4467 spectav

2096 4456 2140 4511 Ι)
2169 4472 2329 4537 bant;
2364 4456 2510 4523 nunc
2561 4469 2707 4538 ipsas
2741 4469 2923 4538 plebes
2959 4482 3054 4538 per
3101 4469 3312 4523 litteras
3358 4456 3706 4538 compellans.

2168 4533 2472 4609 fratresque
2525 4533 2598 4594 ρι’
2629 4533 2926 4594 conservos
2961 4533 3101 4609 suos
3150 4539 3447 4592 nominans
3482 4533 3712 4588 Ecclesia:

2207 4607 2419 4681 opulus,
2452 4610 2534 4663 vir
2559 4610 2928 4681 beatissimus.
2969 4607 3168 4663 Verum
3190 4611 3320 4681 haec
3344 4613 3599 4681 separato
3623 4616 3710 4681 vo-

2192 4673 2373 4736 ufnine
2398 4673 2672 4751 colligere,
2703 4679 2836 4735 alias
2868 4678 3100 4751 fortasse
3129 4678 3303 4733 otium
3337 4673 3520 4739 fuerit,
3548 4688 3611 4728 ne
3630 4673 3711 4726 bu-

2163 4751 2255 4821 jus
2287 4750 2754 4821 historiaa’nostrge
2788 4751 2957 4821 series
2983 4750 3441 4821 initerruiiipatur,
3473 4765 3493 4797 ›

2240 4822 2352 4892 (75)
2394 4821 2519 4877 Haec
2548 4832 2679 4892 sunt
2704 4819 2903 4875 Valesii
2937 4821 3098 4873 verba
3127 4825 3192 4873 ad
3228 4811 3377 4892 hunc
3402 4813 3611 4871 Eusebii
3637 4811 3711 4865 lo-

2160 4889 2292 4949 'cuin
2321 4889 2343 4946 ε’
2364 4911 2383 4943 ‹
2406 4896 2564 4948 Certe
2590 4889 2876 4956 Eusebius,
2907 4891 3051 4960 quod
3077 4892 3164 4944 hic
3187 4889 3493 4959 pollicetur,
3544 4892 3710 4955 postea

2169 4964 2431 5033 implevit,
2460 4976 2760 5033 omnesque
2784 4963 3043 5031 epistolas
3074 4971 3128 5014 et
3152 4960 3469 5033 sanctiones
3499 4960 3710 5025 irrupera-

2170 5030 2305 5088 toris
2334 5030 2703 5098 Constantini,
2734 5030 2856 5100 quae
2885 5036 2951 5085 ad
2978 5033 3303 5085 catholicam
3341 5030 3498 5083 Iidem
3526 5032 3711 5100 specta-

2168 5106 2318 5164 bant,
2348 5103 2569 5173 speciali
2599 5097 3082 5171 lilirocoiiiplexus
3105 5100 3295 5173 est.__ld
3329 5114 3417 5173 me
3438 5097 3612 5173 docuit
3631 5108 3711 5173 co-

2168 5177 2269 5229 dex
2302 5164 2607 5235 Medicaeus,
2634 5179 2689 5227 in
2715 5187 2824 5241 quo
2858 5164 2925 5227 ad
2961 5175 3164 5226 calcem
3198 5170 3459 5224 Historia:
3485 5164 3710 5241 ecclesia-

2166 5248 2315 5300 sticae
2348 5246 2661 5315 praescripta
2701 5235 2784 5297 est
2812 5244 3043 5312 epistola
3083 5242 3427 5315 Constantini
3454 5235 3712 5315 adPalzef

2166 5308 2365 5380 stinos,
2385 5329 2549 5385 quam
2569 5308 2633 5367 in
2662 5308 2927 5384 superiori
2972 5316 3109 5367 libro
3142 5313 3326 5366 retulit
3352 5308 3631 5385 Eusebius,
3663 5311 3711 5355 et

2166 5396 2290 5455 post
2328 5378 3025 5455 Supradictain_'epistolam
3081 5385 3334 5455 leguntur
3359 5378 3706 5455 _h:ec_vcrba:

2166 5444 2350 5510 Ταῦτα
2380 5444 2478 5527 ᾀὲν
2511 5451 2601 5507 οὖν
2623 5449 2726 5508 ὦδέ
2750 5444 2849 5527 pro;
2872 5444 3255 5527 xaiaﬂm._d5éps
3274 5451 3345 5527 δὲΔ
3358 5450 3582 5527 loti-r614:
3602 5444 3712 5527 ξοὺς

2164 5527 2360 5598 νόμους
2380 5515 2486 5580 ’καὶ
2515 5526 2613 5588 τὰς
2636 5515 2775 5598 susp
2804 5525 2901 5593 τῆς
2925 5523 3167 5598 ἀληθοῦς
3184 5515 3465 5598 ἐὺσεϐςζας

2166 5584 2353 5671 φιλοῦέ
2378 5597 2471 5671 κει).
2496 5584 2803 5671 πράρτάῖὸυ
2856 5584 3118 5671 simio;
3142 5584 3468 5662 ἐπιστολὰς,
3489 5590 3578 5659 ἀφ’
3603 5584 3712 5639 ἐτέ-

2168 5666 2264 5743 ρας
2297 5667 2472 5740 ἀρχῆς
2503 5666 2639 5737 ὁμοῦ
2665 5666 3281 5737 πάσαςδυναγάγωμεν.
