3844 6188
175 324 252 377 489

175 436 379 495 amussim
412 428 686 488 consentire
726 432 1208 488 animadvertimus
1239 433 1374 503 (76).
1421 433 1630 489 Idcirco
1658 436 1701 493 Α

175 530 405 591 Leontium,
444 525 793 591 Anastasium,
846 527 1093 595 aliosque
1145 543 1211 582 ex
1265 526 1486 594 Graecis,
1530 529 1626 599 qui

174 623 436 677 Portnensem
473 616 769 686 episcOpum
806 616 1151 688 Hippolytum
1197 619 1485 681 dixerunt,
1518 634 1626 674 non

175 726 315 768 temere
337 711 511 763 locutos
547 707 709 763 fuisse
744 709 1073 763 credendum
1112 718 1217 773 est,
1256 709 1353 763 sed
1388 725 1455 763 ex
1487 710 1628 764 anti-

168 808 254 876 quis
272 802 401 865 notis,
429 800 499 853 vel
523 800 764 867 genuinis
797 815 1021 868 operum
1056 802 1229 856 titulis
1258 802 1497 863 edoctos,
1524 801 1626 854 boc

167 897 332 967 posteris
372 909 451 962 per
502 893 639 945 mille
699 893 1131 963 quadringentos
1180 904 1233 947 et
1270 895 1409 947 ultra
1455 909 1626 947 annos

164 986 509 1044 constantissime
538 985 842 1039 tradidisse.
881 984 1249 1050 Quamobrem
1280 984 1626 1039 Tillemontio

161 1086 198 1129 et
215 1074 430 1128 Ceillierio
467 1088 559 1127 nos
588 1072 919 1127 satisfecisse
950 1087 1201 1143 putamus
1222 1115 1236 1139 ,
1272 1075 1364 1145 qui
1391 1075 1623 1141 Leontii,

162 1165 382 1231 Anastasii,
416 1174 832 1237 caaterorumque
855 1167 1109 1235 deinceps
1138 1166 1448 1221 Grzecorum
1476 1169 1626 1221 testi-

160 1259 301 1322 monia,
336 1268 567 1327 tanquam
604 1273 797 1327 parum
835 1259 1013 1325 ﬁrma,
1046 1259 1322 1329 rejiciunt,
1356 1259 1460 1313 hoc
1508 1268 1627 1313 tan-

160 1361 237 1403 tum
268 1349 454 1404 rationis
499 1360 794 1416 momento,
846 1352 993 1421 quod
1042 1350 1142 1419 ipsi
1180 1366 1263 1414 ea,
1306 1364 1426 1419 quae
1454 1348 1625 1403 Euse~

160 1443 241 1497 hius
262 1458 311 1496 ac
329 1440 377 1496 S.
402 1441 746 1513 Hieronymus
769 1444 1107 1515 ignorarunt,
1136 1445 1276 1499 scire
1292 1444 1441 1497 nullo
1474 1454 1626 1512 pacto

156 1534 370 1603 potuerint.
403 1532 544 1598 Quod
570 1534 773 1589 falsum
802 1535 1023 1589 omnino
1051 1549 1191 1597 esse,
1215 1549 1325 1588 non
1359 1535 1533 1589 solum
1560 1552 1626 1589 ex

155 1625 199 1677 iis
222 1640 311 1692 qua:
349 1623 593 1676 hactenus
633 1622 894 1687 diximus,
932 1637 1119 1677 verum
1151 1622 1315 1676 etiam
1351 1638 1419 1677 ex
1453 1622 1623 1676 Athe-

155 1733 304 1787 nagora:
326 1718 468 1781 laeto,
497 1717 561 1772 de
590 1732 703 1788 quo
748 1732 845 1771 nec
884 1718 1107 1771 verbum
1139 1718 1358 1786 quidem
1406 1716 1528 1771 fecit
1564 1717 1620 1772 S.

157 1809 432 1881 Hieronymus
479 1809 528 1862 in
577 1824 681 1863 suo
726 1808 1015 1863 illustrium
1058 1812 1288 1863 virorum
1332 1808 1623 1879 Catalogo,
1657 1807 1699 1860 Β

152 1904 305 1957 cuilibet
330 1903 656 1956 notissimum
692 1917 811 1957 esse
844 1910 1039 1972 potest.
1074 1901 1187 1957 Hoc
1234 1904 1410 1972 ipsum
1460 1903 1625 1958 etiam

149 1995 397 2050 doctissimis
417 1995 564 2056 viris,
593 1995 690 2065 qui
713 1993 928 2050 Eusebii
952 2004 1005 2050 et
1032 1996 1201 2065 ipsius
1226 1993 1283 2049 S.
1313 1994 1627 2065 Ilieronymi

150 2088 345 2141 silentium
387 2086 534 2143 nobis
580 2087 869 2157 objiciunt,
917 2088 1057 2142 alias
1102 2102 1423 2157 persuasum
1478 2087 1623 2153 fuit;

149 2178 332 2232 nonnulla
354 2180 509 2245 enim,
540 2189 603 2233 ut
650 2194 815 2248 supra
844 2178 1213 2242 ostendimus,
1247 2194 1313 2233 ex
1355 2178 1500 2233 notis
1528 2178 1629 2247 ipsi

150 2282 403 2337 mutuarum,
433 2290 549 2344 qua:
574 2274 799 2329 eosdem
836 2273 1129 2328 Eusebium
1169 2289 1233 2328 ac
1269 2273 1327 2328 S.
1363 2271 1627 2344 Hierony-

148 2380 245 2418 mum
272 2366 455 2434 penitus
486 2367 790 2421 latuerunt.
841 2363 1275 2420 Vetustissitnam
1310 2365 1474 2435 igitur
1504 2365 1631 2420 Por-

149 2457 287 2511 tuensis
311 2455 547 2511 Ecclesiae
598 2456 948 2511 traditionem
996 2470 1105 2508 non
1128 2471 1305 2525 .requo
1330 2455 1453 2525 jure
1483 2472 1631 2511 nunc

148 2547 302 2614 rejicere
328 2546 702 2604 Tillemontius
743 2557 797 2602 et
838 2546 1144 2602 Ccillierius
1183 2556 1470 2611 conantur,
1505 2562 1629 2602 cum

147 2636 220 2704 ipsa
243 2639 429 2705 optimis
457 2651 708 2693 veterum
743 2638 1065 2693 testimoniis
1101 2638 1171 2691 sit
1202 2639 1365 2707 probe
1390 2636 1629 2706 suﬂ‘ulta,

142 2741 304 2794 quorum
346 2729 445 2781 vim
500 2728 786 2797 simplices
841 2727 1175 2797 conjecturae
1214 2728 1300 2782 vel
1336 2728 1629 2784 minimum

144 2817 383 2874 imminuere
414 2835 763 2890 nequaquam
802 2820 1079 2873 valebunt.

144 2930 228 2987 IIII.
253 2934 339 2987 Cur
366 2936 421 2991 S.
457 2932 784 3005 Hippolytus
819 2951 851 2985 α
898 2934 1094 2989 Grmcis
1144 2935 1453 3004 quibusdam
1498 2938 1631 2989 scri-

183 3009 365 3072 ptoribus
394 3006 627 3076 episcopi
664 3005 903 3070 Romani,
944 3006 1019 3059 rel
1044 3021 1191 3074 papa:
1238 3006 1446 3060 nomine
1472 3006 1632 3059 done—

186 3088 264 3139 tur,
286 3081 637 3131 exantinatur.

181 3163 360 3235 Objiciet
392 3168 640 3224 fortasse
680 3167 898 3238 aliquis,
930 3168 1237 3233 Leontium,
1270 3166 1629 3232 Germanum,
1659 3165 1702 3222 G

140 3256 313 3328 aliosque
338 3276 397 3315 ex
433 3260 646 3316 Graecis
683 3261 1060 3330 scriptoribus,
1099 3276 1332 3331 quorum
1389 3262 1633 3316 testimo-

139 3351 195 3403 nia
216 3353 257 3405 in
279 3356 435 3423 printa
464 3353 874 3409 dissertationis
902 3365 1055 3423 parte
1091 3355 1397 3420 retulimus,
1431 3354 1487 3409 S.
1517 3354 1637 3424 Ilip-

139 3444 311 3513 polytum
337 3462 437 3500 non
462 3445 846 3506 Portuensem.
873 3447 965 3501 sed
1001 3464 1017 3496 ι
1057 3444 1314 3500 Romana:
1345 3446 1494 3499 urbis
1516 3447 1633 3514 epi-

137 3552 314 3606 scopum,
358 3540 462 3594 into
492 3548 548 3594 et
598 3554 793 3607 papam
832 3557 849 3588 ι
887 3553 1109 3592 vocasse
1154 3536 1285 3607 (77).
1331 3536 1425 3591 His
1456 3550 1634 3592 tamen

139 3633 520 3697 respondendum,
556 3631 618 3686 S.
656 3630 1001 3701 Hippolytum
1042 3647 1070 3683 a
1101 3628 1303 3685 Graecis
1346 3650 1363 3681 ι
1400 3630 1633 3684 Romani

181 3785 265 3853 (76)
290 3785 551 3857 Antiquos
572 3786 741 3841 etiam
772 3795 1024 3839 auctores
1050 3785 1317 3857 interdum
1350 3783 1502 3839 libris
1523 3786 1638 3841 suis

137 3855 371 3927 alienisque
404 3855 569 3911 notas
598 3857 811 3925 aliquas
838 3857 1130 3919 addidisse,
1167 3856 1637 3927 multisexemplis

134 3923 307 3992 probare
350 3923 960 3998 possetnusfSulIieiat
1015 3938 1194 3998 tamen
1251 3926 1407 3998 nobis
1460 3923 1636 3998 Pbotii

134 3995 395 4067 exemplum,
427 4001 593 4069 cujus
637 3998 773 4051 duas
807 4005 1149 4069 uotasantea
1184 3995 1414 4069 ineditas
1448 3996 1637 4069 vulga-

132 4068 180 4136 vit
204 4065 348 4136 primo
376 4065 695 4124 Bernartius
723 4069 787 4120 de
820 4066 1165 4119 Montfaucon
1203 4065 1255 4136 in
1288 4065 1637 4120 celeberrima

134 4135 172 4209 S.
202 4134 395 4194 Joannis
422 4139 825 4209 Cltrysostomi
843 4138 1101 4200 editione,
1138 4134 1258 4209 ψᾲέ
1292 4135 1325 4188 6
1358 4136 1639 4209 praelatio-

135 4208 191 4259 ris
210 4212 261 4260 ad
286 4221 384 4263 tom
434 4209 473 4261 ν
507 4205 773 4263 editionis
801 4206 973 4261 Paris.
1005 4223 1095 4260 an.
1129 4205 1286 4270 I724,
1319 4220 1384 4259 ex
1413 4208 1532 4259 cod.
1561 4222 1637 4259 xu

131 4280 261 4331 saeculi
308 4295 397 4332 nit
452 4281 803 4333 bibliothecae
848 4278 1215 4341 Coisliuianaa,
1264 4291 1495 4344 quarum
1530 4293 1638 4329 una

131 4344 195 4399 Iul.
223 4350 297 4413 δί,
324 4352 586 4403 docemur
609 4348 858 4401 Pliotium
892 4353 1155 4417 integram
1184 4348 1424 4415 ejusdem
1448 4348 1507 4399 S.
1537 4346 1640 4399 Pa-

132 4418 199 4490 tris
215 4421 591 4490 expositionem
620 4420 672 4490 iu
698 4419 941 4490 I’salmos
967 4420 1206 4490 nancisci
1231 4432 1334 4470 non
1357 4418 1633 4490 potuisse;

127 4487 394 4560 alterm'pag.
423 4492 491 4545 21
529 4500 586 4544 et
616 4489 708 4553 ‘22,
742 4487 797 4541 S.
826 4487 1049 4544 Joannis
1073 4487 1446 4560 Chrysostomi
1472 4502 1639 4560 expo-
1671 4507 1715 4560 ι)

131 4558 325 4631 sitionem
352 4558 609 4631 aliquam
653 4562 707 4613 in
745 4560 1009 4628 psalmum
1045 4558 1428 4631 vrttealtibet,
1470 4566 1524 4631 et
1565 4558 1633 4611 ad

128 4625 280 4699 calcem
330 4625 612 4686 invehitur
664 4625 922 4699 scriptum
973 4648 984 4683 :
1043 4629 1100 4682 Ὀ
1154 4627 1631 4699 Φώτιοςῌγράφει,

132 4697 353 4757 tPhotius
381 4704 601 4757 scribit.
641 4720 659 4750 ι
704 4697 984 4768 Legendus
1030 4699 1133 4754 bac
1171 4701 1237 4753 de
1269 4715 1327 4753 re
1357 4697 1629 4753 Montfau-

130 4782 199 4820 eon
226 4772 312 4825 loc.
343 4774 435 4827 cit.

176 4838 356 4912 (77)Aln
400 4842 647 4912 quodam
696 4837 1055 4912 codic_c__mss_.
1084 4839 1272 4912 Graeco
1304 4838 1405 4893 I95
1446 4839 1636 4894 biblio-

128 4906 620 4979 l_|teca£Coisliniaita:
650 4918 828 4979 exstat
854 4907 1122 4979 Hippolyti
1169 4908 1529 4977 fragmentum
1573 4912 1638 4963 de

130 4974 326 5049 Euthia,
358 4991 412 5035 et
434 4984 710 5049 episcopus
740 4974 1004 5032 Romanus
1029 4974 1327 5047 appellatur
1360 4982 1501 5048 apud
1535 4979 1634 5034 Fa-

132 5048 231 5102 ttnc.
252 5049 405 5121 Oper.
435 5048 495 5105 S.
528 5048 795 5120 Hippolyti
822 5058 953 5103 tom.
980 5050 1020 5121 _I,
1049 5064 1170 5118 pag.
1190 5049 1395 5121 27I,Aet
1420 5060 1550 5103 tom.
1572 5050 1637 5114 ll,

129 5132 214 5191 pag.
266 5118 355 5187 3|;
409 5138 526 5191 quo
582 5118 761 5191 etiam,
798 5130 929 5172 tom.
979 5118 1045 5183 ll,
1097 5136 1217 5191 pag.
1271 5119 1381 5186 22,
1442 5121 1642 5189 pariter

128 5188 380 5261 trahemus:
424 5188 443 5243 ἆ
477 5190 540 5245 S.
573 5190 840 5260 Hippolyti
861 5188 1257 5259 episcopiillo‘m.
1298 5200 1347 5243 et
1393 5188 1641 5261 ntartyris

126 5254 377 5331 fragmenta
431 5254 692 5331 excerpta
726 5254 791 5315 ei
830 5254 1231 5314 commentario
1282 5264 1341 5331 in
1389 5254 1641 5316 Genesim

129 5338 170 5403 εἰ
188 5330 245 5403 88
268 5329 524 5403 Patrtbus
550 5329 788 5395 collecto,
813 5333 905 5400 qui
935 5340 1113 5403 exstat
1135 5346 1268 5385 mss.
1302 5330 1643 5386 Vindobonae

127 5401 161 5448 tn
185 5401 297 5473 bibl.
330 5403 630 5473 augustiss.
662 5402 1020 5468 imperatoris.
1056 5420 1076 5452 ι

175 5469 271 5539 (76)
322 5469 580 5542 Synodus
610 5472 946 5542 Sardicensis
984 5487 1126 5526 anno
1174 5469 1276 5525 547
1309 5470 1491 5525 habita
1545 5470 1647 5525 fuit

129 5530 324 5612 Serdicae
365 5530 422 5595 In
483 5542 715 5612 Illyrico.
765 5541 953 5595 Exstat
987 5542 1151 5610 hujus
1181 5543 1368 5612 synodi
1418 5543 1645 5612 epistola

126 5612 231 5672 ιι)υά
259 5610 440 5667 Labbe
472 5610 605 5665 tom.
639 5614 679 5665 lI
712 5611 1020 5677 Concilium,
1057 5628 1113 5681 p.
1140 5610 1243 5666 6914
1268 5615 1397 5667 edit.
1432 5610 1647 5666 Veneta:

130 5682 223 5732 Iuni
248 5682 400 5736 I718.

178 5752 273 5823 (79)
304 5751 443 5807 Hinc
491 5753 551 5806 in
575 5751 1060 5821 subscriptionibus
1089 5754 1488 5825 episcoporum,
1526 5767 1643 5822 quae

363 5869 641 5931 Panos.
671 5870 784 5931 Gn.
832 5868 910 5928 Χ.

827 312 912 367 DE
950 311 1342 370 PORTUENSI
1384 314 1442 371 S.
1483 311 1841 369 HIPPOLYTI
1880 312 2072 370 SEDE.
2108 343 2176 352 —
2208 312 2387 368 PARS
2426 312 2490 369 II.

3194 316 3301 376 ιθο

1735 430 1974 501 episcopi
2010 448 2028 481 ι
2078 431 2296 485 nomine
2348 429 2520 485 fuisse
2568 429 2850 498 donatum,
2885 448 2951 489 eo
2998 434 3141 505 quod
3184 438 3301 506 epi-

1731 524 2005 594 scopalem
2031 524 2211 578 sedem
2246 524 2301 577 in
2329 523 2605 593 provincia
2639 523 2905 592 Romana,
2932 527 2980 581 id
3012 537 3096 583 est
3122 546 3143 578 ι
3170 530 3303 582 sub—

1730 617 2002 672 urbicaria
2028 658 2041 681 ,
2078 636 2095 669 ι
2130 616 2458 679 obtinuerit',
2507 631 2628 686 quae
2675 616 2844 671 Roma
2877 619 2943 672 ab
2972 620 3105 688 ipsis
3140 635 3301 674 voca—

1730 711 1910 774 batur,
1947 711 2176 779 ejusque
2216 709 2454 779 episcopi
2491 725 2519 763 a
2557 709 2758 765 Grzecis
2803 713 2851 763 ot
2883 713 2989 765 ἀπὸ
3043 712 3298 783 Ῥώμης,

1729 802 1811 855 vel
1840 803 1888 853 oi
1918 800 2060 855 κατὰ
2117 799 2358 871 Ῥώμην,
2405 820 2422 852 ι
2459 800 2600 870 apud
2639 802 2887 866 Romam,
2924 821 2940 851 ι
2976 802 3058 856 vel
3095 820 3112 853 ί
3145 802 3301 870 juxta

1730 893 1956 947 Romam
2005 912 2022 944 ι
2076 893 2509 962 appellabantur.
2564 912 2581 944 ι
2617 891 2709 947 Sic
2740 893 2932 958 Roma,
2982 895 3157 964 inquit
3189 893 3303 948 Ste-

1728 986 1940 1054 phanus
1976 982 2270 1055 Lemoyne,
2329 984 2564 1039 sumitur
2610 1000 2708 1053 pro
2740 986 3017 1054 provincia
3060 996 3112 1041 et
3144 1002 3303 1057 epar—

1727 1078 1850 1130 cbio
1888 1076 2157 1130 Romano.
2198 1094 2216 1126 ›
2258 1074 2317 1129 ln
2363 1076 2573 1145 synodo
2620 1074 2927 1132 Sardicensi
2959 1075 3185 1146 epistola
3229 1076 3299 1131 ad

1726 1167 2026 1223 Ecclesium
2058 1166 2485 1221 Alexandrinam
2521 1167 2645 1221 data
2682 1167 2803 1231 fuit,
2839 1170 2889 1222 in
2920 1184 3027 1238 qua
3059 1169 3297 1223 dicitur:

1738 1261 1801 1314 Ἠ
1848 1260 1977 1330 ἁγία
2025 1259 2240 1323 σύνοδος
2287 1258 2682 1330 συναχθεῖσα...
2717 1259 2823 1314 ἀπὸ
2876 1259 3161 1331 Ῥώμης...
3205 1262 3302 1314 καὶ

1736 1352 1965 1415 Ἰταλίας
1988 1352 2104 1423 (78)
2136 1370 2148 1405 :
2182 1371 2200 1402 ί
2228 1349 2428 1405 Sancta
2454 1352 2696 1422 synodus
2713 1361 3035 1422 congregata
3065 1368 3131 1406 ex
3164 1355 3301 1408 urbe

1727 1443 1899 1498 Roma
1940 1454 1995 1498 et
2028 1442 2209 1509 Italia;
2247 1463 2265 1496 ι
2308 1444 2401 1498 ubi
2442 1462 2460 1494 ι
2502 1442 2675 1497 Roma
2708 1462 2724 1493 ι
2756 1458 2854 1512 pro
2888 1444 3168 1512 provincia
3193 1444 3299 1497 Ro—

1729 1552 1909 1599 mana,
1949 1554 1968 1588 ι
2001 1537 2154 1590 Italia
2184 1555 2200 1588 ι
2231 1552 2330 1605 pro
2355 1535 2579 1591 dioecesi
2611 1535 2999 1589 Mediolanensi
3028 1552 3299 1605 usurpan-

1729 1638 1817 1683 tur
1858 1628 1992 1698 (79).
2028 1630 2102 1681 lla
2135 1629 2296 1681 etiam
2336 1627 2388 1680 in
2414 1627 2641 1696 epistola
2673 1626 2949 1681 Aureliani
2985 1631 3051 1682 de
3082 1630 3300 1697 negotio

1726 1718 1879 1773 Pauli
1915 1718 2255 1774 Samosateni
2296 1735 2312 1771 ι
2363 1737 2381 1769 ι
2424 1716 2803 1787 Interpellatus
2846 1718 3145 1789 imperator
3182 1722 3297 1773 Att-

1730 1815 1969 1867 relianus
2017 1812 2320 1866 rectissime
2360 1811 2464 1866 hoc
2515 1812 2789 1881 negotium
2834 1790 3296 1881 dijudicavitgiis

1727 1905 1949 1958 domum
1985 1900 2124 1956 tradi
2160 1900 2495 1970 pracipiens,
2539 1900 2738 1971 quibus
2768 1903 2936 1957 Italici
2967 1902 3297 1957 Christianas

1730 1994 2010 2064 religionis
2056 1993 2326 2047 antistites
2358 1991 2588 2046 Romani
2625 1994 2866 2063 episcopi
2904 1996 3223 2049 scriberent.
3271 2015 3293 2047 ι

1728 2085 2090 2152 Quamobrem
2127 2101 2471 2155 summopere
2502 2086 2786 2149 miramur,
2817 2087 2962 2155 quod
2996 2088 3074 2140 vir
3098 2087 3298 2143 doctis-

1730 2178 1904 2233 simus
1945 2175 2183 2231 Jacobus
2233 2175 2597 2232 Combelisius
2644 2177 2896 2232 dubitare
2950 2194 3009 2233 se
3050 2189 3295 2246 asserat,

1728 2282 1859 2320 num
1914 2268 2025 2320 haec
2076 2266 2388 2321 Grmcorum
2451 2268 2634 2329 verba,
2695 2265 2910 2338 Ῥώμης
2957 2268 3294 2335 ἐπίσκοπος,

1735 2376 1753 2409 ι
1797 2357 1981 2412 Romae
2008 2358 2319 2427 episcopus,
2360 2378 2378 2409 ι
2414 2373 2500 2421 eo,
2537 2373 2646 2427 quo
2681 2375 2804 2411 mox
2834 2360 3074 2415 diximus
3108 2375 3294 2426 sensu,

1732 2453 1840 2507 sint
1881 2451 2218 2520 accipienda,
2254 2466 2319 2504 eo
2364 2451 2507 2520 quod
2564 2460 2765 2505 tantam
2807 2453 3183 2520 antiquitatem
3234 2452 3294 2509 S.

1730 2542 2023 2613 Hippolyto
2051 2558 2338 2612 supparem
2371 2558 2477 2595 non
2505 2544 2720 2612 sapiant
2747 2543 2878 2613 (80).
2914 2542 3019 2598 Sed
3048 2545 3175 2614 quid
3200 2560 3298 2599 an-

1733 2636 1941 2705 tiquius
1977 2635 2078 2689 bac
2107 2635 2161 2687 in
2199 2648 2257 2688 re
2291 2634 2488 2687 adduci
2516 2643 2725 2703 poterat
2755 2636 3099 2704 imperatoris
3126 2637 3299 2693 Aure-

1731 2728 1859 2782 liani
1889 2728 2139 2797 epistola,
2190 2735 2245 2781 et
2274 2726 2483 2798 synodo
2531 2726 2876 2783 Sardicensi?
2912 2728 3111 2784 Verum
3150 2747 3299 2801 quae-

1732 2837 1855 2875 nam
1892 2820 2053 2875 fuerit
2102 2819 2414 2874 Graacorum
2455 2836 2627 2886 mens,
2668 2822 2796 2875 dum
2845 2821 2901 2877 S.
2947 2821 3297 2896 Hippolytum

1737 2935 1755 2967 ι
1790 2915 2022 2969 Romani
2070 2916 2309 2985 cpiscOpi
2351 2935 2367 2967 ι
2427 2914 2645 2969 nomine
2682 2914 3060 2985 designat-unt,
3114 2919 3299 2973 erudi-

1735 3012 1941 3067 tissime
1974 3020 2118 3082 patet
2148 3026 2211 3065 ex
2251 3008 2522 3081 Syncello,
2550 3009 2838 3064 Anastasio
2866 3010 3222 3079 apocrisiario
3246 3022 3300 3067 et

1733 3102 2062 3173 Nieepltoro,
2109 3116 2342 3174 quorum
2390 3102 2700 3156 testimonia
2751 3101 2887 3156 alias
2931 3102 3096 3155 relata
3151 3112 3295 3158 sunt.

1736 3196 1908 3265 Quam
1943 3212 2072 3251 vero
2100 3196 2390 3266 provinciae
2420 3193 2676 3247 Romanm
2701 3208 2895 3247 nomen
2923 3191 3186 3249 latissime
3211 3211 3303 3249 ac-

1736 3301 1950 3361 ceptum
1991 3289 2151 3343 fuerit
2181 3289 2343 3343 etiam
2379 3285 2668 3341 Alexandri
2695 3301 2847 3355 papa:
2878 3284 2945 3338 Ill
2985 3301 3117 3351 aevo,
3145 3287 3303 3341 cuili-

1736 3384 1826 3440 bet
1862 3382 2246 3437 Lateranensis
2273 3379 2487 3434 concilii
2516 3378 2944 3447 subscriptiones
2970 3377 3300 3448 inspicienti,

1736 3493 1767 3531 a
1800 3476 1944 3531 Luca
1981 3474 2246 3551 Daclterio
2278 3474 2513 3543 primum
2553 3471 2747 3535 editas,
2781 3470 3084 3527 clarissime
3121 3482 3304 3542 patere

1737 3568 1935 3638 pOterit
1969 3567 2096 3637 (81).

1808 3657 1917 3713 Nec
1943 3658 2141 3712 desunt
2164 3657 2326 3709 etiam
2358 3653 2500 3722 apud
2536 3653 2758 3709 Latinos
2794 3655 3062 3723 exempla,
3096 3670 3159 3707 ex
3182 3655 3304 3722 qui-

1776 3833 1859 3885 ag.
1892 3813 1995 3867 69?.
2022 3818 2258 3885 exstant,
2294 3810 2604 3885 inyenimus
2632 3828 2703 3885 :nc
2740 3809 2938 3864 Lucius
2969 3810 3302 3885 ab_l_taliade

1776 3833 1859 3885 ag.
1892 3833 1995 3867 D'JZ
2024 3833 2258 3875 exuant,
2297 3833 2604 3863 Invenimus
2632 3833 2643 3861 :
2686 3833 2702 3859 ι
2740 3833 2938 3864 μιιριυδ
2969 3833 3036 3864 an
3064 3833 3214 3867 Itatla
3235 3833 3302 3866 ue

1738 3833 1976 3940 gemma.
2012 3883 2242 3937 Severus
2260 3881 2327 3933 ab
2358 3878 2509 3931 Italia
2548 3882 2613 3931 de
2645 3879 3005 3934 Ravennensi.
3043 3880 3302 3935 Ursaeius

1739 3959 1807 4011 ab
1835 3955 1980 4007 Italia
2021 3955 2086 4005 de
2108 3951 2428 4005 Mediolano.
2470 3967 2486 3998 ι
2528 3948 2590 4002 Et
2619 3966 2737 4019 pag.
2783 3949 2884 4002 688
2930 3968 2942 4003 :
2986 3970 3003 4000 ‹
3033 3951 3299 4006 Fortuna-

1738 4031 1918 4081 tianus
1947 4024 2013 4077 ab
2046 4024 2197 4075 Italia
2222 4023 2287 4076 de
2314 4019 2581 4089 Aquileia.
2616 4039 2633 4069 ι

1810 4116 1919 4189 (80)
1949 4112 2310 4189 _Frauciscus
2364 4112 2726 4189 Combeﬁsius
2780 4121 2923 4189 tom;
2971 4111 3300 4189 IHBIILIIOM.

1741 4180 1911 4243 Grivc.
1940 4186 2165 4239 Patrum
2189 4186 2409 4238 Auctar.
2441 4184 2657 4243 noviss.,
2702 4197 2825 4251 pag.
2858 4180 2925 4235 65
2964 4181 3089 4238 edit.
3122 4182 3297 4239 Paris.

1739 4276 1829 4313 an.
1868 4257 2037 4310 1672:
2079 4274 2096 4304 ι
2130 4253 2281 4318 Quod
2308 4268 2335 4307 a
2370 4255 2484 4306 viro
2515 4252 2868 4313 amicissimo,
2899 4252 3305 4316 erudito,inl'u-

1740 4329 1849 4383 lato
1880 4328 2109 4397 (scilicet
2150 4323 2309 4397 Petro
2352 4324 2417 4378 de
2447 4322 2625 4397 M_arca
2667 4321 3073 4397 arcbiepiscopo
3100 4322 3303 4397 Paris.)

1740 4390 2107 4458 observatum,
2148 4396 2432 4463 episcopos
2468 4393 2731 4463 Romanos
2758 4390 2886 4463 dici,
2917 4390 3015 4463 qui
3045 4395 3199 4463 quasi
3225 4390 3302 4449 le;

1742 4467 1920 4523 vando
1961 4482 2101 4520 onus
2146 4463 2375 4517 Romani
2407 4463 2578 4531 ipsius
2622 4462 3158 4534 an_tistitis,ejusque
3185 4465 3304 4519 vice

1746 4540 1798 4593 in
1841 4536 1983 4591 Urbe
2015 4534 2287 4590 celebrent
2317 4534 2381 4587 ad
2407 4533 2458 4585 id
2491 4531 2732 4585 muneris
2774 4531 3118 4600 peculiariter
3155 4536 3302 4589 dele-

1744 4611 1838 4668 cti,
1862 4609 2002 4661 inter
2025 4619 2163 4675 quos
2192 4620 2248 4658 se
2272 4604 2385 4673 ipse
2400 4601 2824 4675 annumerabat,
2843 4604 3026 4675 tt_csci0
3051 4619 3118 4658 an
3142 4614 3305 4660 tanta:

1736 4672 2074 4747 antiquitatis
2096 4674 2195 4747 sit,
2229 4672 2445 4747 ut’inde
2483 4672 2802 4742 Hippolytus
2844 4672 3064 4737 'Pdium;
3089 4679 3302 4746 episco-

1737 4767 1839 4820 pus
1870 4744 2057 4802 audire
2085 4744 2287 4799 Graecis
2323 4747 2572 4812 potuerit.
2606 4761 2625 4793 ι

1810 4839 1919 4910 (81)
1970 4836 2282 4910 Exstantjn
2328 4832 2522 4910 tom.__l
2555 4832 2847 4910 Spicilegit,
2874 4848 2997 4910 pag.
3029 4834 3325 4910 (i56_edit._

1736 4903 1959 4967 Parisiis
1992 4909 2119 4962 anui
2146 4906 2303 4960 I723.
2336 4903 2435 4959 Hic
2464 4906 2585 4959 illas
2614 4903 3003 4959 exscribendas
3030 4904 3302 4967 ducimus,

1739 4992 1799 5036 ut
1842 4990 2099 5049 appareat
2133 4991 2297 5049 quam
2328 4975 2434 5049 late
2465 4991 2589 5049 sese
2614 4975 2914 5049 provincia
2928 4973 3174 5049 Romana
3196 4990 3303 5049 ex—

1738 5042 2001 5107 tendi-sset
2030 5066 2043 5101 :
2081 5066 2099 5100 ε
2137 5042 2212 5100 De
2234 5045 2513 5115 provincia
2547 5042 2789 5099 Romana
2819 5063 2833 5099 :
2870 5042 3152 5115 Hubaldus
3193 5043 3303 5100 Ho-

1741 5122 1983 5184 stieusis,
2009 5118 2162 5188 Hugo
2183 5114 3202 5188 Terracinensis,_JoannesEundanus.
3214 5117 3303 5188 ,Ιο-

1741 5203 1898 5246 natas
1924 5184 2240 5248 Fundanus,
2270 5185 2562 5242 Zacharias
2584 5186 2815 5250 Marsus,
2839 5184 3139 5238 Odalrisius
3158 5186 3305 5241 Wal-

1741 5265 1947 5327 vensis,
1964 5260 2115 5314 ltodo
2158 5255 2728 5327 ReatinusLFormund
2740 5270 2803 5310 us
2829 5252 3170 5327 _Verulanus,
3199 5258 3306 5313 Leo

1741 5324 2038 5394 Aleti-inus,
2073 5328 2391 5395 Rodulpbus
2420 5325 2765 5389 Ferentinus,
2784 5324 3009 5396 _Asaliel
3039 5325 3306 5396 Agniuus,

1743 5401 1936 5482 Retrus
1963 5401 2246 5482 Sigpiuus,
2256 5394 2387 5451 Milo
2402 5396 2755 5482 '[yburtinunm
2772 5394 3306 5482 JoannesSut'riuus,

1744 5466 2381 5537 Martiuus’Nepesinus,
2424 5466 2655 5521 Censius
2687 5466 3079 5537 Tuscaneusis,
3116 5466 3310 5528 Petrus

1746 5542 1979 5595 civitatis
2009 5534 2455 5597 Castellanensis,
2504 5538 2759 5589 Armatus
2796 5534 3137 5601 Narniensis,
3171 5538 3312 5595 Pau-

1748 5614 1831 5665 ltts
1858 5609 2155 5672 Hortarius,
2185 5609 2377 5662 Petrus
2404 5607 2707 5669 Amelinns,
2740 5606 3042 5661 Ricltardus
3074 5607 3311 5667 Urbcve-

1751 5693 1929 5743 latius.
1976 5682 2267 5735 Gratianus
2311 5676 2659 5748 TAltdelftIlllls,
2698 5675 2952 5748 Vivjauus
2990 5676 3312 5748 Perusinus,

1751 5751 1944 5806 Petrus
1972 5750 2297 5814 Castrensis,
2342 5746 2449 5801 Leo
2472 5746 2751 5813 Clasiuus,
2786 5745 3048 5802 Martinus
3084 5745 3313 5808 ϐιηθεθὲ

2909 5858 2983 5920 16

1859 5936 1887 5946 -Δ
