  <div class='ocr_page' id='page_1' title='image "/cluster/home/n/w/nwhite01/storage/ocr_20150623/10/hvd.32044073501330/267.png"; bbox 0 0 3802 6198; ppageno 0'>
   <div class='ocr_carea' id='block_1_1' title="bbox 497 270 603 327">
    <p class='ocr_par' dir='ltr' id='par_1_1' title="bbox 497 270 603 327">
     <span class='ocr_line' id='line_1_1' title="bbox 497 270 603 327; baseline -0.009 0"><span class='ocrx_word' id='word_1_1' title='bbox 497 270 603 327; x_wconf 68' lang='grc'>495</span> 
     </span>
    </p>
   </div>
   <div class='ocr_carea' id='block_1_2' title="bbox 1272 272 3639 349">
    <p class='ocr_par' dir='ltr' id='par_1_2' title="bbox 1272 272 3639 349">
     <span class='ocr_line' id='line_1_2' title="bbox 1272 272 3639 349; baseline 0.004 -23"><span class='ocrx_word' id='word_1_2' title='bbox 1272 272 1358 327; x_wconf 79' lang='lat' dir='ltr'><strong>DE</strong></span> <span class='ocrx_word' id='word_1_3' title='bbox 1395 272 1785 332; x_wconf 81' lang='lat' dir='ltr'><strong>PORTUENSI</strong></span> <span class='ocrx_word' id='word_1_4' title='bbox 1819 275 1875 332; x_wconf 93' lang='lat' dir='ltr'><strong>S.</strong></span> <span class='ocrx_word' id='word_1_5' title='bbox 1915 272 2279 333; x_wconf 73' lang='lat' dir='ltr'><strong>HlPPOLYTI</strong></span> <span class='ocrx_word' id='word_1_6' title='bbox 2318 275 2508 332; x_wconf 80' lang='lat' dir='ltr'><strong>SEDE.</strong></span> <span class='ocrx_word' id='word_1_7' title='bbox 2547 306 2616 317; x_wconf 90' lang='lat'><strong>—</strong></span> <span class='ocrx_word' id='word_1_8' title='bbox 2658 275 2838 333; x_wconf 81' lang='lat' dir='ltr'><strong>PARS</strong></span> <span class='ocrx_word' id='word_1_9' title='bbox 2869 273 2933 333; x_wconf 86' lang='lat' dir='ltr'><strong>ll.</strong></span> <span class='ocrx_word' id='word_1_10' title='bbox 3560 292 3639 349; x_wconf 65' lang='grc' dir='ltr'><strong>ωδ</strong></span> 
     </span>
    </p>
   </div>
   <div class='ocr_carea' id='block_1_3' title="bbox 494 392 3644 482">
    <p class='ocr_par' dir='ltr' id='par_1_3' title="bbox 494 392 3644 482">
     <span class='ocr_line' id='line_1_3' title="bbox 494 392 3644 482; baseline 0.005 -32"><span class='ocrx_word' id='word_1_11' title='bbox 494 392 1175 466; x_wconf 67' lang='lat' dir='ltr'><strong>patriarchazAiexandrini</strong></span> <span class='ocrx_word' id='word_1_12' title='bbox 1197 397 1561 466; x_wconf 85' lang='lat' dir='ltr'><strong>subjeeerunt.</strong></span> <span class='ocrx_word' id='word_1_13' title='bbox 1585 398 1723 454; x_wconf 79' lang='lat' dir='ltr'><strong>Hinc</strong></span> <span class='ocrx_word' id='word_1_14' title='bbox 1742 401 1901 455; x_wconf 89' lang='lat' dir='ltr'><strong>etiam</strong></span> <span class='ocrx_word' id='word_1_15' title='bbox 1923 402 2063 457; x_wconf 83' lang='lat' dir='ltr'><strong>Pru-</strong></span> <span class='ocrx_word' id='word_1_16' title='bbox 2091 409 2138 465; x_wconf 76' lang='grc' dir='ltr'>Α</span> <span class='ocrx_word' id='word_1_17' title='bbox 2166 408 2470 457; x_wconf 77' lang='lat' dir='ltr'><strong>autumant.</strong></span> <span class='ocrx_word' id='word_1_18' title='bbox 2534 401 2639 457; x_wconf 90' lang='lat' dir='ltr'><strong>Sed</strong></span> <span class='ocrx_word' id='word_1_19' title='bbox 2697 402 2791 473; x_wconf 92' lang='lat' dir='ltr'><strong>qui</strong></span> <span class='ocrx_word' id='word_1_20' title='bbox 2838 402 2998 473; x_wconf 83' lang='lat' dir='ltr'><strong>paulo</strong></span> <span class='ocrx_word' id='word_1_21' title='bbox 3036 416 3192 472; x_wconf 80' lang='lat' dir='ltr'><strong>supra</strong></span> <span class='ocrx_word' id='word_1_22' title='bbox 3224 413 3325 460; x_wconf 89' lang='lat' dir='ltr'><strong>tam</strong></span> <span class='ocrx_word' id='word_1_23' title='bbox 3363 412 3547 482; x_wconf 81' lang='lat' dir='ltr'><strong>egregie</strong></span> <span class='ocrx_word' id='word_1_24' title='bbox 3567 432 3644 472; x_wconf 85' lang='lat' dir='ltr'><strong>nos</strong></span> 
     </span>
    </p>
   </div>
   <div class='ocr_carea' id='block_1_4' title="bbox 492 483 2062 562">
    <p class='ocr_par' dir='ltr' id='par_1_4' title="bbox 492 483 2062 562">
     <span class='ocr_line' id='line_1_4' title="bbox 492 483 2062 562; baseline 0.003 -20"><span class='ocrx_word' id='word_1_25' title='bbox 492 485 712 542; x_wconf 86' lang='lat' dir='ltr'><strong>dentius</strong></span> <span class='ocrx_word' id='word_1_26' title='bbox 741 483 1086 542; x_wconf 80' lang='lat' dir='ltr'><strong>Valerianum</strong></span> <span class='ocrx_word' id='word_1_27' title='bbox 1122 485 1671 560; x_wconf 72' lang='lat' dir='ltr'><strong>Ctesaraugustanum</strong></span> <span class='ocrx_word' id='word_1_28' title='bbox 1724 492 2062 562; x_wconf 84' lang='lat' dir='ltr'><strong>episcopum,</strong></span> 
     </span>
    </p>
   </div>
   <div class='ocr_carea' id='block_1_5' title="bbox 492 578 2066 659">
    <p class='ocr_par' dir='ltr' id='par_1_5' title="bbox 492 578 2066 659">
     <span class='ocr_line' id='line_1_5' title="bbox 492 578 2066 659; baseline 0.004 -24"><span class='ocrx_word' id='word_1_29' title='bbox 492 579 581 635; x_wconf 90' lang='lat' dir='ltr'><strong>cui</strong></span> <span class='ocrx_word' id='word_1_30' title='bbox 608 578 1070 650; x_wconf 75' lang='lat' dir='ltr'><strong>elegantissimum</strong></span> <span class='ocrx_word' id='word_1_31' title='bbox 1113 581 1374 653; x_wconf 82' lang='lat' dir='ltr'><strong>hymnum</strong></span> <span class='ocrx_word' id='word_1_32' title='bbox 1407 584 1475 640; x_wconf 88' lang='lat' dir='ltr'><strong>de</strong></span> <span class='ocrx_word' id='word_1_33' title='bbox 1512 583 1569 639; x_wconf 88' lang='lat' dir='ltr'><strong>S.</strong></span> <span class='ocrx_word' id='word_1_34' title='bbox 1608 583 1897 659; x_wconf 83' lang='lat' dir='ltr'><strong>Hippolyto</strong></span> <span class='ocrx_word' id='word_1_35' title='bbox 1926 603 2066 642; x_wconf 61' lang='lat' dir='ltr'><strong>nun»</strong></span> 
     </span>
    </p>
   </div>
   <div class='ocr_carea' id='block_1_6' title="bbox 491 671 1747 744">
    <p class='ocr_par' dir='ltr' id='par_1_6' title="bbox 491 671 1747 744">
     <span class='ocr_line' id='line_1_6' title="bbox 491 671 1747 744; baseline 0.004 -17"><span class='ocrx_word' id='word_1_36' title='bbox 491 671 728 742; x_wconf 90' lang='lat' dir='ltr'><strong>cupavit,</strong></span> <span class='ocrx_word' id='word_1_37' title='bbox 758 672 841 728; x_wconf 89' lang='lat' dir='ltr'><strong>his</strong></span> <span class='ocrx_word' id='word_1_38' title='bbox 875 674 1207 730; x_wconf 83' lang='lat' dir='ltr'><strong>carminibus</strong></span> <span class='ocrx_word' id='word_1_39' title='bbox 1237 691 1428 744; x_wconf 87' lang='lat' dir='ltr'><strong>papam</strong></span> <span class='ocrx_word' id='word_1_40' title='bbox 1452 678 1699 732; x_wconf 92' lang='lat' dir='ltr'><strong>nominat</strong></span> <span class='ocrx_word' id='word_1_41' title='bbox 1733 697 1747 732; x_wconf 71' lang='grc' dir='ltr'>ς</span> 
     </span>
    </p>
   </div>
   <div class='ocr_carea' id='block_1_7' title="bbox 559 782 1871 859">
    <p class='ocr_par' dir='ltr' id='par_1_7' title="bbox 559 782 1871 859">
     <span class='ocr_line' id='line_1_7' title="bbox 559 782 1871 859; baseline 0.006 -24"><span class='ocrx_word' id='word_1_42' title='bbox 559 782 815 859; x_wconf 46' lang='lat' dir='ltr'><strong>Rogantes</strong></span> <span class='ocrx_word' id='word_1_43' title='bbox 845 783 1110 839; x_wconf 78' lang='lat' dir='ltr'><strong>Saxorum</strong></span> <span class='ocrx_word' id='word_1_44' title='bbox 1142 786 1313 855; x_wconf 80' lang='lat' dir='ltr'><strong>apices</strong></span> <span class='ocrx_word' id='word_1_45' title='bbox 1340 787 1466 859; x_wconf 75' lang='lat' dir='ltr'><strong>vidi,</strong></span> <span class='ocrx_word' id='word_1_46' title='bbox 1498 789 1690 857; x_wconf 84' lang='lat' dir='ltr'><strong>optime</strong></span> <span class='ocrx_word' id='word_1_47' title='bbox 1714 803 1871 859; x_wconf 85' lang='lat' dir='ltr'><strong>papa,</strong></span> 
     </span>
    </p>
   </div>
   <div class='ocr_carea' id='block_1_8' title="bbox 636 853 1805 927">
    <p class='ocr_par' dir='ltr' id='par_1_8' title="bbox 636 853 1805 927">
     <span class='ocr_line' id='line_1_8' title="bbox 636 853 1805 927; baseline 0.005 -21"><span class='ocrx_word' id='word_1_48' title='bbox 636 853 1038 924; x_wconf 79' lang='lat' dir='ltr'><strong>Purpureusque</strong></span> <span class='ocrx_word' id='word_1_49' title='bbox 1066 853 1217 909; x_wconf 83' lang='lat' dir='ltr'><strong>notas</strong></span> <span class='ocrx_word' id='word_1_50' title='bbox 1242 857 1478 926; x_wconf 75' lang='lat' dir='ltr'><strong>vepribus</strong></span> <span class='ocrx_word' id='word_1_51' title='bbox 1509 853 1805 927; x_wconf 71' lang='lat' dir='ltr'><strong>impositas.</strong></span> 
     </span>
    </p>
   </div>
   <div class='ocr_carea' id='block_1_9' title="bbox 492 936 2059 1020">
    <p class='ocr_par' dir='ltr' id='par_1_9' title="bbox 492 936 2059 1020">
     <span class='ocr_line' id='line_1_9' title="bbox 492 936 2059 1020; baseline 0.008 -24"><span class='ocrx_word' id='word_1_52' title='bbox 492 936 731 997; x_wconf 82' lang='lat' dir='ltr'><strong>Tandem</strong></span> <span class='ocrx_word' id='word_1_53' title='bbox 758 944 1138 1000; x_wconf 84' lang='lat' dir='ltr'><strong>sanctissimus</strong></span> <span class='ocrx_word' id='word_1_54' title='bbox 1180 945 1421 1015; x_wconf 73' lang='lat' dir='ltr'><strong>pontifex</strong></span> <span class='ocrx_word' id='word_1_55' title='bbox 1458 946 1752 1020; x_wconf 79' lang='lat' dir='ltr'><strong>Gregorius</strong></span> <span class='ocrx_word' id='word_1_56' title='bbox 1786 949 1875 1006; x_wconf 85' lang='lat' dir='ltr'><strong>Vll</strong></span> <span class='ocrx_word' id='word_1_57' title='bbox 1918 952 2059 1009; x_wconf 89' lang='lat' dir='ltr'><strong>edita</strong></span> 
     </span>
    </p>
   </div>
   <div class='ocr_carea' id='block_1_10' title="bbox 489 1036 2061 1116">
    <p class='ocr_par' dir='ltr' id='par_1_10' title="bbox 489 1036 2061 1116">
     <span class='ocr_line' id='line_1_10' title="bbox 489 1036 2061 1116; baseline 0.006 -26"><span class='ocrx_word' id='word_1_58' title='bbox 489 1037 875 1090; x_wconf 83' lang='lat' dir='ltr'><strong>constitutione</strong></span> <span class='ocrx_word' id='word_1_59' title='bbox 898 1036 1210 1106; x_wconf 73' lang='lat' dir='ltr'><strong>huiusmodi</strong></span> <span class='ocrx_word' id='word_1_60' title='bbox 1236 1053 1435 1094; x_wconf 87' lang='lat' dir='ltr'><strong>nomen</strong></span> <span class='ocrx_word' id='word_1_61' title='bbox 1468 1041 1567 1095; x_wconf 87' lang='lat' dir='ltr'><strong>soli</strong></span> <span class='ocrx_word' id='word_1_62' title='bbox 1597 1040 1840 1098; x_wconf 83' lang='lat' dir='ltr'><strong>Romano</strong></span> <span class='ocrx_word' id='word_1_63' title='bbox 1883 1046 2061 1116; x_wconf 89' lang='lat' dir='ltr'><strong>ponti-</strong></span> 
     </span>
    </p>
   </div>
   <div class='ocr_carea' id='block_1_11' title="bbox 490 1126 1151 1185">
    <p class='ocr_par' dir='ltr' id='par_1_11' title="bbox 490 1126 1151 1185">
     <span class='ocr_line' id='line_1_11' title="bbox 490 1126 1151 1185; baseline 0.005 -4"><span class='ocrx_word' id='word_1_64' title='bbox 490 1126 574 1182; x_wconf 84' lang='lat' dir='ltr'><strong>iiei</strong></span> <span class='ocrx_word' id='word_1_65' title='bbox 611 1128 803 1182; x_wconf 89' lang='lat' dir='ltr'><strong>merito</strong></span> <span class='ocrx_word' id='word_1_66' title='bbox 836 1128 1151 1185; x_wconf 84' lang='lat' dir='ltr'><strong>reservavit.</strong></span> 
     </span>
    </p>
   </div>
   <div class='ocr_carea' id='block_1_12' title="bbox 558 1238 1967 1311">
    <p class='ocr_par' dir='ltr' id='par_1_12' title="bbox 558 1238 1967 1311">
     <span class='ocr_line' id='line_1_12' title="bbox 558 1238 1967 1311; baseline 0.007 -18"><span class='ocrx_word' id='word_1_67' title='bbox 558 1238 648 1293; x_wconf 82' lang='lat' dir='ltr'><strong>IX.</strong></span> <span class='ocrx_word' id='word_1_68' title='bbox 688 1238 938 1311; x_wconf 80' lang='lat' dir='ltr'><strong>Stephani</strong></span> <span class='ocrx_word' id='word_1_69' title='bbox 971 1241 1018 1311; x_wconf 81' lang='lat' dir='ltr'><strong>le</strong></span> <span class='ocrx_word' id='word_1_70' title='bbox 1060 1241 1247 1311; x_wconf 80' lang='lat' dir='ltr'><strong>Magne</strong></span> <span class='ocrx_word' id='word_1_71' title='bbox 1276 1246 1534 1298; x_wconf 76' lang='lat' dir='ltr'><strong>sententia</strong></span> <span class='ocrx_word' id='word_1_72' title='bbox 1561 1246 1624 1299; x_wconf 87' lang='lat' dir='ltr'><strong>de</strong></span> <span class='ocrx_word' id='word_1_73' title='bbox 1652 1246 1885 1301; x_wconf 77' lang='lat' dir='ltr'><strong>Remane</strong></span> <span class='ocrx_word' id='word_1_74' title='bbox 1911 1247 1967 1305; x_wconf 89' lang='lat' dir='ltr'><strong>S.</strong></span> 
     </span>
    </p>
   </div>
   <div class='ocr_carea' id='block_1_13' title="bbox 790 1310 1751 1384">
    <p class='ocr_par' dir='ltr' id='par_1_13' title="bbox 790 1310 1751 1384">
     <span class='ocr_line' id='line_1_13' title="bbox 790 1310 1751 1384; baseline 0.007 -21"><span class='ocrx_word' id='word_1_75' title='bbox 790 1310 1062 1382; x_wconf 83' lang='lat' dir='ltr'><strong>Hippolyti</strong></span> <span class='ocrx_word' id='word_1_76' title='bbox 1091 1310 1395 1382; x_wconf 79' lang='lat' dir='ltr'><strong>episcopatu</strong></span> <span class='ocrx_word' id='word_1_77' title='bbox 1420 1317 1751 1384; x_wconf 73' lang='lat' dir='ltr'><strong>expenditur.</strong></span> 
     </span>
    </p>
   </div>
   <div class='ocr_carea' id='block_1_14' title="bbox 560 1398 2050 1481">
    <p class='ocr_par' dir='ltr' id='par_1_14' title="bbox 560 1398 2050 1481">
     <span class='ocr_line' id='line_1_14' title="bbox 560 1398 2050 1481; baseline 0.008 -28"><span class='ocrx_word' id='word_1_78' title='bbox 560 1398 653 1457; x_wconf 77' lang='lat' dir='ltr'><strong>[iis</strong></span> <span class='ocrx_word' id='word_1_79' title='bbox 669 1409 847 1456; x_wconf 91' lang='lat' dir='ltr'><strong>tamen</strong></span> <span class='ocrx_word' id='word_1_80' title='bbox 870 1417 976 1457; x_wconf 89' lang='lat' dir='ltr'><strong>non</strong></span> <span class='ocrx_word' id='word_1_81' title='bbox 1000 1404 1294 1473; x_wconf 82' lang='lat' dir='ltr'><strong>acquiescit</strong></span> <span class='ocrx_word' id='word_1_82' title='bbox 1320 1403 1627 1476; x_wconf 85' lang='lat' dir='ltr'><strong>Stephanus</strong></span> <span class='ocrx_word' id='word_1_83' title='bbox 1643 1408 1692 1463; x_wconf 90' lang='lat' dir='ltr'><strong>le</strong></span> <span class='ocrx_word' id='word_1_84' title='bbox 1706 1406 1897 1480; x_wconf 85' lang='lat' dir='ltr'><strong>Moyne</strong></span> <span class='ocrx_word' id='word_1_85' title='bbox 1918 1408 2050 1481; x_wconf 88' lang='lat'><strong>(88),</strong></span> 
     </span>
    </p>
   </div>
   <div class='ocr_carea' id='block_1_15' title="bbox 485 1494 2051 1571">
    <p class='ocr_par' dir='ltr' id='par_1_15' title="bbox 485 1494 2051 1571">
     <span class='ocr_line' id='line_1_15' title="bbox 485 1494 2051 1571; baseline 0.005 -22"><span class='ocrx_word' id='word_1_86' title='bbox 485 1495 580 1549; x_wconf 85' lang='lat' dir='ltr'><strong>sed</strong></span> <span class='ocrx_word' id='word_1_87' title='bbox 627 1494 729 1549; x_wconf 88' lang='lat' dir='ltr'><strong>sibi</strong></span> <span class='ocrx_word' id='word_1_88' title='bbox 772 1495 1052 1563; x_wconf 85' lang='lat' dir='ltr'><strong>probabile</strong></span> <span class='ocrx_word' id='word_1_89' title='bbox 1092 1495 1265 1550; x_wconf 91' lang='lat' dir='ltr'><strong>videri</strong></span> <span class='ocrx_word' id='word_1_90' title='bbox 1317 1495 1541 1565; x_wconf 81' lang='lat' dir='ltr'><strong>fatetur,</strong></span> <span class='ocrx_word' id='word_1_91' title='bbox 1601 1496 1658 1552; x_wconf 91' lang='lat' dir='ltr'><strong>S.</strong></span> <span class='ocrx_word' id='word_1_92' title='bbox 1704 1497 2051 1571; x_wconf 80' lang='lat' dir='ltr'><strong>Hippolytum</strong></span> 
     </span>
    </p>
   </div>
   <div class='ocr_carea' id='block_1_16' title="bbox 485 1585 2052 1660">
    <p class='ocr_par' dir='ltr' id='par_1_16' title="bbox 485 1585 2052 1660">
     <span class='ocr_line' id='line_1_16' title="bbox 485 1585 2052 1660; baseline 0.004 -19"><span class='ocrx_word' id='word_1_93' title='bbox 485 1586 771 1657; x_wconf 87' lang='lat' dir='ltr'><strong>ipsiusmet</strong></span> <span class='ocrx_word' id='word_1_94' title='bbox 804 1585 988 1641; x_wconf 81' lang='lat' dir='ltr'><strong>Romae</strong></span> <span class='ocrx_word' id='word_1_95' title='bbox 1012 1587 1322 1657; x_wconf 89' lang='lat' dir='ltr'><strong>episcopum</strong></span> <span class='ocrx_word' id='word_1_96' title='bbox 1364 1604 1487 1647; x_wconf 88' lang='lat' dir='ltr'><strong>esse</strong></span> <span class='ocrx_word' id='word_1_97' title='bbox 1525 1590 1786 1660; x_wconf 85' lang='lat' dir='ltr'><strong>potuisse,</strong></span> <span class='ocrx_word' id='word_1_98' title='bbox 1832 1592 2052 1647; x_wconf 87' lang='lat' dir='ltr'><strong>notissi-</strong></span> 
     </span>
    </p>
   </div>
   <div class='ocr_carea' id='block_1_17' title="bbox 484 1670 2049 1752">
    <p class='ocr_par' dir='ltr' id='par_1_17' title="bbox 484 1670 2049 1752">
     <span class='ocr_line' id='line_1_17' title="bbox 484 1670 2049 1752; baseline 0.004 -20"><span class='ocrx_word' id='word_1_99' title='bbox 484 1692 576 1732; x_wconf 88' lang='lat' dir='ltr'><strong>nio</strong></span> <span class='ocrx_word' id='word_1_100' title='bbox 604 1677 854 1748; x_wconf 81' lang='lat' dir='ltr'><strong>exemplo</strong></span> <span class='ocrx_word' id='word_1_101' title='bbox 890 1670 1035 1744; x_wconf 83' lang='lat' dir='ltr'><strong>Lin&#39;i,</strong></span> <span class='ocrx_word' id='word_1_102' title='bbox 1066 1677 1222 1743; x_wconf 89' lang='lat' dir='ltr'><strong>Cleti,</strong></span> <span class='ocrx_word' id='word_1_103' title='bbox 1264 1679 1577 1746; x_wconf 88' lang='lat' dir='ltr'><strong>Clementis,</strong></span> <span class='ocrx_word' id='word_1_104' title='bbox 1627 1696 1765 1752; x_wconf 90' lang='lat' dir='ltr'><strong>quos</strong></span> <span class='ocrx_word' id='word_1_105' title='bbox 1807 1698 1916 1737; x_wconf 83' lang='lat' dir='ltr'><strong>uno</strong></span> <span class='ocrx_word' id='word_1_106' title='bbox 1956 1698 2049 1738; x_wconf 33' lang='lat' dir='ltr'><strong>cce</strong></span> 
     </span>
    </p>
   </div>
   <div class='ocr_carea' id='block_1_18' title="bbox 2167 492 3649 571">
    <p class='ocr_par' dir='ltr' id='par_1_18' title="bbox 2167 492 3649 571">
     <span class='ocr_line' id='line_1_18' title="bbox 2167 492 3649 571; baseline 0.009 -24"><span class='ocrx_word' id='word_1_107' title='bbox 2167 493 2371 559; x_wconf 78' lang='lat' dir='ltr'><strong>docuit,</strong></span> <span class='ocrx_word' id='word_1_108' title='bbox 2424 492 2481 547; x_wconf 91' lang='lat' dir='ltr'><strong>S.</strong></span> <span class='ocrx_word' id='word_1_109' title='bbox 2553 492 2897 565; x_wconf 80' lang='lat' dir='ltr'><strong>Hippolytum</strong></span> <span class='ocrx_word' id='word_1_110' title='bbox 2951 492 3243 550; x_wconf 81' lang='lat' dir='ltr'><strong>Romanum</strong></span> <span class='ocrx_word' id='word_1_111' title='bbox 3282 499 3556 571; x_wconf 86' lang='lat' dir='ltr'><strong>episcopum</strong></span> <span class='ocrx_word' id='word_1_112' title='bbox 3594 510 3649 561; x_wconf 83' lang='lat' dir='ltr'><strong>ab</strong></span> 
     </span>
    </p>
   </div>
   <div class='ocr_carea' id='block_1_19' title="bbox 2167 584 3649 655">
    <p class='ocr_par' dir='ltr' id='par_1_19' title="bbox 2167 584 3649 655">
     <span class='ocr_line' id='line_1_19' title="bbox 2167 584 3649 655; baseline 0.009 -17"><span class='ocrx_word' id='word_1_113' title='bbox 2167 585 2406 655; x_wconf 87' lang='lat' dir='ltr'><strong>antiquis</strong></span> <span class='ocrx_word' id='word_1_114' title='bbox 2460 593 2737 650; x_wconf 88' lang='lat' dir='ltr'><strong>vocatum,</strong></span> <span class='ocrx_word' id='word_1_115' title='bbox 2789 584 2914 655; x_wconf 86' lang='lat' dir='ltr'><strong>quia</strong></span> <span class='ocrx_word' id='word_1_116' title='bbox 2949 584 3306 655; x_wconf 88' lang='lat' dir='ltr'><strong>episcopatum</strong></span> <span class='ocrx_word' id='word_1_117' title='bbox 3350 589 3402 643; x_wconf 88' lang='lat' dir='ltr'><strong>in</strong></span> <span class='ocrx_word' id='word_1_118' title='bbox 3451 589 3649 651; x_wconf 79' lang='lat' dir='ltr'><strong>Romam</strong></span> 
     </span>
    </p>
   </div>
   <div class='ocr_carea' id='block_1_20' title="bbox 2165 675 3650 749">
    <p class='ocr_par' dir='ltr' id='par_1_20' title="bbox 2165 675 3650 749">
     <span class='ocr_line' id='line_1_20' title="bbox 2165 675 3650 749; baseline 0.006 -19"><span class='ocrx_word' id='word_1_119' title='bbox 2165 677 2439 747; x_wconf 80' lang='lat' dir='ltr'><strong>provincia</strong></span> <span class='ocrx_word' id='word_1_120' title='bbox 2465 675 2721 742; x_wconf 88' lang='lat' dir='ltr'><strong>obtinuit,</strong></span> <span class='ocrx_word' id='word_1_121' title='bbox 2751 675 2913 746; x_wconf 88' lang='lat' dir='ltr'><strong>idque</strong></span> <span class='ocrx_word' id='word_1_122' title='bbox 2941 675 3123 730; x_wconf 91' lang='lat' dir='ltr'><strong>multis</strong></span> <span class='ocrx_word' id='word_1_123' title='bbox 3153 678 3398 749; x_wconf 79' lang='lat' dir='ltr'><strong>exemplis</strong></span> <span class='ocrx_word' id='word_1_124' title='bbox 3415 695 3475 735; x_wconf 79' lang='lat' dir='ltr'><strong>ex</strong></span> <span class='ocrx_word' id='word_1_125' title='bbox 3508 686 3650 740; x_wconf 80' lang='lat' dir='ltr'><strong>eccle-</strong></span> 
     </span>
    </p>
   </div>
   <div class='ocr_carea' id='block_1_21' title="bbox 2164 766 3650 842">
    <p class='ocr_par' dir='ltr' id='par_1_21' title="bbox 2164 766 3650 842">
     <span class='ocr_line' id='line_1_21' title="bbox 2164 766 3650 842; baseline 0.006 -20"><span class='ocrx_word' id='word_1_126' title='bbox 2164 766 2378 822; x_wconf 85' lang='lat' dir='ltr'><strong>siastica</strong></span> <span class='ocrx_word' id='word_1_127' title='bbox 2435 767 2754 837; x_wconf 86' lang='lat' dir='ltr'><strong>antiquitate</strong></span> <span class='ocrx_word' id='word_1_128' title='bbox 2817 766 2997 837; x_wconf 88' lang='lat' dir='ltr'><strong>petitis</strong></span> <span class='ocrx_word' id='word_1_129' title='bbox 3047 768 3419 837; x_wconf 80' lang='lat' dir='ltr'><strong>comprobavit,</strong></span> <span class='ocrx_word' id='word_1_130' title='bbox 3461 787 3650 842; x_wconf 87' lang='lat' dir='ltr'><strong>quorum</strong></span> 
     </span>
    </p>
   </div>
   <div class='ocr_carea' id='block_1_22' title="bbox 2162 857 3655 929">
    <p class='ocr_par' dir='ltr' id='par_1_22' title="bbox 2162 857 3655 929">
     <span class='ocr_line' id='line_1_22' title="bbox 2162 857 3655 929; baseline 0.007 -17"><span class='ocrx_word' id='word_1_131' title='bbox 2162 857 2429 927; x_wconf 68' lang='lat' dir='ltr'><strong>praecipua</strong></span> <span class='ocrx_word' id='word_1_132' title='bbox 2454 872 2553 912; x_wconf 87' lang='lat' dir='ltr'><strong>nos</strong></span> <span class='ocrx_word' id='word_1_133' title='bbox 2586 858 2687 928; x_wconf 85' lang='lat' dir='ltr'><strong>ipsi</strong></span> <span class='ocrx_word' id='word_1_134' title='bbox 2720 858 2832 927; x_wconf 91' lang='lat' dir='ltr'><strong>jam</strong></span> <span class='ocrx_word' id='word_1_135' title='bbox 2867 858 3116 928; x_wconf 89' lang='lat' dir='ltr'><strong>superius</strong></span> <span class='ocrx_word' id='word_1_136' title='bbox 3151 860 3530 929; x_wconf 79' lang='lat' dir='ltr'><strong>exscripsimus,</strong></span> <span class='ocrx_word' id='word_1_137' title='bbox 3553 864 3655 922; x_wconf 84' lang='lat' dir='ltr'><strong>huic</strong></span> 
     </span>
    </p>
   </div>
   <div class='ocr_carea' id='block_1_23' title="bbox 2162 950 3657 1020">
    <p class='ocr_par' dir='ltr' id='par_1_23' title="bbox 2162 950 3657 1020">
     <span class='ocr_line' id='line_1_23' title="bbox 2162 950 3657 1020; baseline 0.006 -17"><span class='ocrx_word' id='word_1_138' title='bbox 2162 965 2311 1020; x_wconf 62' lang='lat' dir='ltr'><strong>purae</strong></span> <span class='ocrx_word' id='word_1_139' title='bbox 2333 966 2398 1004; x_wconf 91' lang='lat' dir='ltr'><strong>ac</strong></span> <span class='ocrx_word' id='word_1_140' title='bbox 2445 950 2594 1004; x_wconf 90' lang='lat' dir='ltr'><strong>inani</strong></span> <span class='ocrx_word' id='word_1_141' title='bbox 2625 951 2949 1020; x_wconf 69' lang='lat' dir='ltr'><strong>conjecturae</strong></span> <span class='ocrx_word' id='word_1_142' title='bbox 2981 950 3130 1005; x_wconf 90' lang='lat' dir='ltr'><strong>nullo</strong></span> <span class='ocrx_word' id='word_1_143' title='bbox 3161 951 3320 1007; x_wconf 88' lang='lat' dir='ltr'><strong>modo</strong></span> <span class='ocrx_word' id='word_1_144' title='bbox 3342 955 3657 1012; x_wconf 85' lang='lat' dir='ltr'><strong>assentiride-</strong></span> 
     </span>
    </p>
   </div>
   <div class='ocr_carea' id='block_1_24' title="bbox 2158 1040 3658 1112">
    <p class='ocr_par' dir='ltr' id='par_1_24' title="bbox 2158 1040 3658 1112">
     <span class='ocr_line' id='line_1_24' title="bbox 2158 1040 3658 1112; baseline 0.004 -16"><span class='ocrx_word' id='word_1_145' title='bbox 2158 1040 2340 1109; x_wconf 86' lang='lat' dir='ltr'><strong>behat,</strong></span> <span class='ocrx_word' id='word_1_146' title='bbox 2368 1057 2492 1096; x_wconf 93' lang='lat' dir='ltr'><strong>cum</strong></span> <span class='ocrx_word' id='word_1_147' title='bbox 2521 1043 2663 1112; x_wconf 85' lang='lat' dir='ltr'><strong>apud</strong></span> <span class='ocrx_word' id='word_1_148' title='bbox 2693 1052 2903 1097; x_wconf 82' lang='lat' dir='ltr'><strong>veteres</strong></span> <span class='ocrx_word' id='word_1_149' title='bbox 2923 1042 3090 1097; x_wconf 92' lang='lat' dir='ltr'><strong>altum</strong></span> <span class='ocrx_word' id='word_1_150' title='bbox 3126 1041 3192 1097; x_wconf 89' lang='lat' dir='ltr'><strong>de</strong></span> <span class='ocrx_word' id='word_1_151' title='bbox 3218 1057 3273 1097; x_wconf 88' lang='lat' dir='ltr'><strong>re</strong></span> <span class='ocrx_word' id='word_1_152' title='bbox 3301 1045 3512 1099; x_wconf 81' lang='lat' dir='ltr'><strong>maxima</strong></span> <span class='ocrx_word' id='word_1_153' title='bbox 3538 1046 3658 1103; x_wconf 77' lang='lat' dir='ltr'><strong>inve-</strong></span> 
     </span>
    </p>
   </div>
   <div class='ocr_carea' id='block_1_25' title="bbox 2159 1129 3657 1204">
    <p class='ocr_par' dir='ltr' id='par_1_25' title="bbox 2159 1129 3657 1204">
     <span class='ocr_line' id='line_1_25' title="bbox 2159 1129 3657 1204; baseline 0.003 -17"><span class='ocrx_word' id='word_1_154' title='bbox 2159 1131 2343 1187; x_wconf 90' lang='lat' dir='ltr'><strong>niatur</strong></span> <span class='ocrx_word' id='word_1_155' title='bbox 2394 1131 2690 1186; x_wconf 88' lang='lat' dir='ltr'><strong>silentium.</strong></span> <span class='ocrx_word' id='word_1_156' title='bbox 2739 1129 2895 1198; x_wconf 83' lang='lat' dir='ltr'><strong>Quod</strong></span> <span class='ocrx_word' id='word_1_157' title='bbox 2944 1131 3164 1202; x_wconf 89' lang='lat' dir='ltr'><strong>quidem</strong></span> <span class='ocrx_word' id='word_1_158' title='bbox 3198 1132 3403 1187; x_wconf 82' lang='lat' dir='ltr'><strong>evenire</strong></span> <span class='ocrx_word' id='word_1_159' title='bbox 3428 1148 3657 1204; x_wconf 88' lang='lat' dir='ltr'><strong>nunquam</strong></span> 
     </span>
    </p>
   </div>
   <div class='ocr_carea' id='block_1_26' title="bbox 2157 1223 3659 1296">
    <p class='ocr_par' dir='ltr' id='par_1_26' title="bbox 2157 1223 3659 1296">
     <span class='ocr_line' id='line_1_26' title="bbox 2157 1223 3659 1296; baseline 0.003 -18"><span class='ocrx_word' id='word_1_160' title='bbox 2157 1225 2443 1294; x_wconf 88' lang='lat' dir='ltr'><strong>potuisset,</strong></span> <span class='ocrx_word' id='word_1_161' title='bbox 2466 1225 2514 1279; x_wconf 93' lang='lat' dir='ltr'><strong>si</strong></span> <span class='ocrx_word' id='word_1_162' title='bbox 2539 1224 2597 1279; x_wconf 91' lang='lat' dir='ltr'><strong>S.</strong></span> <span class='ocrx_word' id='word_1_163' title='bbox 2636 1223 2951 1296; x_wconf 86' lang='lat' dir='ltr'><strong>Hippolytus</strong></span> <span class='ocrx_word' id='word_1_164' title='bbox 2985 1223 3413 1293; x_wconf 79' lang='lat' dir='ltr'><strong>augustissimam</strong></span> <span class='ocrx_word' id='word_1_165' title='bbox 3455 1223 3510 1279; x_wconf 90' lang='grc' dir='ltr'><strong>Β.</strong></span> <span class='ocrx_word' id='word_1_166' title='bbox 3545 1224 3659 1282; x_wconf 82' lang='lat' dir='ltr'><strong>Petri</strong></span> 
     </span>
    </p>
   </div>
   <div class='ocr_carea' id='block_1_27' title="bbox 2157 1312 3662 1380">
    <p class='ocr_par' dir='ltr' id='par_1_27' title="bbox 2157 1312 3662 1380">
     <span class='ocr_line' id='line_1_27' title="bbox 2157 1312 3662 1380; baseline 0 -9"><span class='ocrx_word' id='word_1_167' title='bbox 2157 1315 2468 1371; x_wconf 85' lang='lat' dir='ltr'><strong>cathedram</strong></span> <span class='ocrx_word' id='word_1_168' title='bbox 2501 1315 2853 1371; x_wconf 86' lang='lat' dir='ltr'><strong>ascendisset.</strong></span> <span class='ocrx_word' id='word_1_169' title='bbox 2895 1312 3007 1369; x_wconf 87' lang='lat' dir='ltr'><strong>Nec</strong></span> <span class='ocrx_word' id='word_1_170' title='bbox 3038 1312 3177 1380; x_wconf 89' lang='lat' dir='ltr'><strong>Lini,</strong></span> <span class='ocrx_word' id='word_1_171' title='bbox 3226 1314 3354 1369; x_wconf 88' lang='lat' dir='ltr'><strong>Cleti</strong></span> <span class='ocrx_word' id='word_1_172' title='bbox 3387 1324 3437 1369; x_wconf 88' lang='lat' dir='ltr'><strong>et</strong></span> <span class='ocrx_word' id='word_1_173' title='bbox 3458 1315 3662 1371; x_wconf 82' lang='lat' dir='ltr'><strong>Clemen-</strong></span> 
     </span>
    </p>
   </div>
   <div class='ocr_carea' id='block_1_28' title="bbox 2156 1405 3661 1479">
    <p class='ocr_par' dir='ltr' id='par_1_28' title="bbox 2156 1405 3661 1479">
     <span class='ocr_line' id='line_1_28' title="bbox 2156 1405 3661 1479; baseline 0.001 -17"><span class='ocrx_word' id='word_1_174' title='bbox 2156 1408 2227 1463; x_wconf 87' lang='lat' dir='ltr'><strong>tis</strong></span> <span class='ocrx_word' id='word_1_175' title='bbox 2248 1408 2551 1478; x_wconf 88' lang='lat' dir='ltr'><strong>exemplum</strong></span> <span class='ocrx_word' id='word_1_176' title='bbox 2583 1407 2860 1479; x_wconf 88' lang='lat' dir='ltr'><strong>quidpiam</strong></span> <span class='ocrx_word' id='word_1_177' title='bbox 2898 1407 3040 1462; x_wconf 92' lang='lat' dir='ltr'><strong>hanc</strong></span> <span class='ocrx_word' id='word_1_178' title='bbox 3068 1406 3238 1476; x_wconf 89' lang='lat' dir='ltr'><strong>ipsius</strong></span> <span class='ocrx_word' id='word_1_179' title='bbox 3269 1407 3318 1462; x_wconf 92' lang='lat' dir='ltr'><strong>le</strong></span> <span class='ocrx_word' id='word_1_180' title='bbox 3354 1405 3527 1477; x_wconf 85' lang='lat' dir='ltr'><strong>Moyne</strong></span> <span class='ocrx_word' id='word_1_181' title='bbox 3556 1423 3661 1464; x_wconf 81' lang='lat' dir='ltr'><strong>con-</strong></span> 
     </span>
    </p>
   </div>
   <div class='ocr_carea' id='block_1_29' title="bbox 2150 1498 3661 1570">
    <p class='ocr_par' dir='ltr' id='par_1_29' title="bbox 2150 1498 3661 1570">
     <span class='ocr_line' id='line_1_29' title="bbox 2150 1498 3661 1570; baseline 0.002 -15"><span class='ocrx_word' id='word_1_182' title='bbox 2150 1499 2413 1570; x_wconf 87' lang='lat' dir='ltr'><strong>jecturam</strong></span> <span class='ocrx_word' id='word_1_183' title='bbox 2457 1500 2649 1570; x_wconf 87' lang='lat' dir='ltr'><strong>juvare</strong></span> <span class='ocrx_word' id='word_1_184' title='bbox 2691 1509 2900 1570; x_wconf 83' lang='lat' dir='ltr'><strong>potest;</strong></span> <span class='ocrx_word' id='word_1_185' title='bbox 2958 1498 3162 1555; x_wconf 89' lang='lat' dir='ltr'><strong>etenim</strong></span> <span class='ocrx_word' id='word_1_186' title='bbox 3210 1499 3384 1569; x_wconf 82' lang='lat' dir='ltr'><strong>magni</strong></span> <span class='ocrx_word' id='word_1_187' title='bbox 3415 1498 3661 1570; x_wconf 84' lang='lat' dir='ltr'><strong>scriptores</strong></span> 
     </span>
    </p>
   </div>
   <div class='ocr_carea' id='block_1_30' title="bbox 2155 1589 3660 1663">
    <p class='ocr_par' dir='ltr' id='par_1_30' title="bbox 2155 1589 3660 1663">
     <span class='ocr_line' id='line_1_30' title="bbox 2155 1589 3660 1663; baseline 0.003 -19"><span class='ocrx_word' id='word_1_188' title='bbox 2155 1589 2425 1648; x_wconf 85' lang='lat' dir='ltr'><strong>Baronius</strong></span> <span class='ocrx_word' id='word_1_189' title='bbox 2459 1591 2593 1662; x_wconf 91' lang='lat'><strong>(89),</strong></span> <span class='ocrx_word' id='word_1_190' title='bbox 2632 1590 2833 1663; x_wconf 88' lang='lat' dir='ltr'><strong>Pagius</strong></span> <span class='ocrx_word' id='word_1_191' title='bbox 2860 1590 2975 1663; x_wconf 88' lang='lat'><strong>(90)</strong></span> <span class='ocrx_word' id='word_1_192' title='bbox 3005 1591 3378 1648; x_wconf 78' lang='lat' dir='ltr'><strong>Tillemontius</strong></span> <span class='ocrx_word' id='word_1_193' title='bbox 3415 1592 3516 1663; x_wconf 85' lang='lat'><strong>(9|)</strong></span> <span class='ocrx_word' id='word_1_194' title='bbox 3544 1594 3660 1648; x_wconf 82' lang='lat' dir='ltr'><strong>anti-</strong></span> 
     </span>
    </p>
   </div>
   <div class='ocr_carea' id='block_1_31' title="bbox 2151 1678 3661 1751">
    <p class='ocr_par' dir='ltr' id='par_1_31' title="bbox 2151 1678 3661 1751">
     <span class='ocr_line' id='line_1_31' title="bbox 2151 1678 3661 1751; baseline 0.003 -16"><span class='ocrx_word' id='word_1_195' title='bbox 2151 1696 2386 1751; x_wconf 88' lang='lat' dir='ltr'><strong>quorum</strong></span> <span class='ocrx_word' id='word_1_196' title='bbox 2436 1690 2742 1747; x_wconf 88' lang='lat' dir='ltr'><strong>auctorum,</strong></span> <span class='ocrx_word' id='word_1_197' title='bbox 2793 1681 2966 1737; x_wconf 88' lang='lat' dir='ltr'><strong>sancti</strong></span> <span class='ocrx_word' id='word_1_198' title='bbox 3012 1678 3202 1736; x_wconf 75' lang='lat' dir='ltr'><strong>lrenaei</strong></span> <span class='ocrx_word' id='word_1_199' title='bbox 3237 1680 3348 1751; x_wconf 85' lang='lat'><strong>(92)</strong></span> <span class='ocrx_word' id='word_1_200' title='bbox 3383 1681 3580 1749; x_wconf 90' lang='lat' dir='ltr'><strong>scilicet,</strong></span> <span class='ocrx_word' id='word_1_201' title='bbox 3612 1681 3661 1739; x_wconf 86' lang='lat' dir='ltr'><strong>S.</strong></span> 
     </span>
    </p>
   </div>
   <div class='ocr_carea' id='block_1_32' title="bbox 483 1745 3663 1843">
    <p class='ocr_par' dir='ltr' id='par_1_32' title="bbox 483 1745 3663 1843">
     <span class='ocr_line' id='line_1_32' title="bbox 483 1745 3663 1843; baseline 0.001 -19"><span class='ocrx_word' id='word_1_202' title='bbox 483 1770 718 1841; x_wconf 86' lang='lat' dir='ltr'><strong>demque</strong></span> <span class='ocrx_word' id='word_1_203' title='bbox 754 1745 994 1841; x_wconf 71' lang='lat' dir='ltr'><strong>tempore</strong></span> <span class='ocrx_word' id='word_1_204' title='bbox 1033 1771 1409 1843; x_wconf 89' lang='lat' dir='ltr'><strong>episcopatum</strong></span> <span class='ocrx_word' id='word_1_205' title='bbox 1455 1745 1758 1830; x_wconf 84' lang='lat' dir='ltr'><strong>obtinuisse</strong></span> <span class='ocrx_word' id='word_1_206' title='bbox 1802 1776 2047 1830; x_wconf 79' lang='lat' dir='ltr'><strong>nonnulli</strong></span> <span class='ocrx_word' id='word_1_207' title='bbox 2083 1745 2120 1801; x_wconf 73' lang='grc' dir='ltr'><strong><em>Β</em></strong></span> <span class='ocrx_word' id='word_1_208' title='bbox 2148 1745 2433 1842; x_wconf 63' lang='lat' dir='ltr'><strong>Epiphanii</strong></span> <span class='ocrx_word' id='word_1_209' title='bbox 2464 1771 2596 1843; x_wconf 87' lang='grc'>(95),</span> <span class='ocrx_word' id='word_1_210' title='bbox 2633 1745 2974 1841; x_wconf 84' lang='lat' dir='ltr'><strong>aliorumque</strong></span> <span class='ocrx_word' id='word_1_211' title='bbox 3003 1745 3532 1835; x_wconf 38' lang='lat' dir='ltr'><strong>testimoniis&#39;innixi,</strong></span> <span class='ocrx_word' id='word_1_212' title='bbox 3563 1745 3663 1828; x_wconf 80' lang='lat' dir='ltr'><strong>con-</strong></span> 
     </span>
    </p>
   </div>
   <div class='ocr_carea' id='block_1_33' title="bbox 482 1922 2050 1992">
    <p class='ocr_par' dir='ltr' id='par_1_33' title="bbox 482 1922 2050 1992">
     <span class='ocr_line' id='line_1_33' title="bbox 482 1922 2050 1992; baseline 0 -11"><span class='ocrx_word' id='word_1_213' title='bbox 482 1927 660 1981; x_wconf 66' lang='lat' dir='ltr'><strong>citatee</strong></span> <span class='ocrx_word' id='word_1_214' title='bbox 688 1925 820 1980; x_wconf 88' lang='lat' dir='ltr'><strong>edit.</strong></span> <span class='ocrx_word' id='word_1_215' title='bbox 851 1922 1234 1978; x_wconf 75' lang='lat' dir='ltr'><strong>Amstclodami</strong></span> <span class='ocrx_word' id='word_1_216' title='bbox 1266 1924 1394 1978; x_wconf 90' lang='lat' dir='ltr'><strong>anni</strong></span> <span class='ocrx_word' id='word_1_217' title='bbox 1432 1924 1589 1988; x_wconf 89' lang='grc'>1700,</span> <span class='ocrx_word' id='word_1_218' title='bbox 1619 1939 1671 1992; x_wconf 83' lang='lat' dir='ltr'><strong>p.</strong></span> <span class='ocrx_word' id='word_1_219' title='bbox 1717 1925 1819 1980; x_wconf 85' lang='grc'><strong>179</strong></span> <span class='ocrx_word' id='word_1_220' title='bbox 1848 1945 1860 1980; x_wconf 89' lang='lat'>:</span> <span class='ocrx_word' id='word_1_221' title='bbox 1902 1946 1921 1979; x_wconf 71' lang='grc' dir='ltr'>ι</span> <span class='ocrx_word' id='word_1_222' title='bbox 1965 1927 2050 1982; x_wconf 88' lang='lat' dir='ltr'><strong>Di-</strong></span> 
     </span>
    </p>
   </div>
   <div class='ocr_carea' id='block_1_34' title="bbox 481 1993 2045 2067">
    <p class='ocr_par' dir='ltr' id='par_1_34' title="bbox 481 1993 2045 2067">
     <span class='ocr_line' id='line_1_34' title="bbox 481 1993 2045 2067; baseline 0.001 -17"><span class='ocrx_word' id='word_1_223' title='bbox 481 1997 716 2067; x_wconf 74' lang='lat' dir='ltr'><strong>dicjmus</strong></span> <span class='ocrx_word' id='word_1_224' title='bbox 762 1994 1054 2067; x_wconf 79' lang='lat' dir='ltr'><strong>secessisse</strong></span> <span class='ocrx_word' id='word_1_225' title='bbox 1091 1993 1434 2067; x_wconf 82' lang='lat' dir='ltr'><strong>benedictum</strong></span> <span class='ocrx_word' id='word_1_226' title='bbox 1474 2008 1665 2067; x_wconf 84' lang='lat' dir='ltr'><strong>papam</strong></span> <span class='ocrx_word' id='word_1_227' title='bbox 1716 1995 2045 2067; x_wconf 80' lang='lat' dir='ltr'><strong>Cyprianum</strong></span> 
     </span>
    </p>
   </div>
   <div class='ocr_carea' id='block_1_35' title="bbox 482 2063 2047 2132">
    <p class='ocr_par' dir='ltr' id='par_1_35' title="bbox 482 2063 2047 2132">
     <span class='ocr_line' id='line_1_35' title="bbox 482 2063 2047 2132; baseline 0 -11"><span class='ocrx_word' id='word_1_228' title='bbox 482 2082 514 2121; x_wconf 83' lang='lat' dir='ltr'><strong>a</strong></span> <span class='ocrx_word' id='word_1_229' title='bbox 549 2066 826 2120; x_wconf 89' lang='lat' dir='ltr'><strong>Clemente</strong></span> <span class='ocrx_word' id='word_1_230' title='bbox 848 2064 1203 2120; x_wconf 90' lang='lat' dir='ltr'><strong>subdiacono.</strong></span> <span class='ocrx_word' id='word_1_231' title='bbox 1236 2081 1257 2115; x_wconf 73' lang='grc' dir='ltr'><strong><em>ι</em></strong></span> <span class='ocrx_word' id='word_1_232' title='bbox 1298 2063 1377 2116; x_wconf 86' lang='lat' dir='ltr'><strong>Ad</strong></span> <span class='ocrx_word' id='word_1_233' title='bbox 1408 2079 1529 2132; x_wconf 83' lang='lat' dir='ltr'><strong>quae</strong></span> <span class='ocrx_word' id='word_1_234' title='bbox 1555 2066 1718 2119; x_wconf 88' lang='lat' dir='ltr'><strong>verba</strong></span> <span class='ocrx_word' id='word_1_235' title='bbox 1752 2063 1867 2122; x_wconf 59' lang='lat' dir='ltr'><strong>hinc</strong></span> <span class='ocrx_word' id='word_1_236' title='bbox 1911 2068 2047 2122; x_wconf 86' lang='lat' dir='ltr'><strong>scri-</strong></span> 
     </span>
    </p>
   </div>
   <div class='ocr_carea' id='block_1_36' title="bbox 481 2132 2048 2217">
    <p class='ocr_par' dir='ltr' id='par_1_36' title="bbox 481 2132 2048 2217">
     <span class='ocr_line' id='line_1_36' title="bbox 481 2132 2048 2217; baseline 0.001 -27"><span class='ocrx_word' id='word_1_237' title='bbox 481 2136 563 2217; x_wconf 78' lang='lat' dir='ltr'><strong>bit</strong></span> <span class='ocrx_word' id='word_1_238' title='bbox 599 2134 868 2217; x_wconf 81' lang='lat' dir='ltr'><strong>Rigaltius</strong></span> <span class='ocrx_word' id='word_1_239' title='bbox 894 2149 949 2204; x_wconf 89' lang='lat' dir='ltr'><strong>p.</strong></span> <span class='ocrx_word' id='word_1_240' title='bbox 987 2133 1173 2214; x_wconf 75' lang='lat' dir='ltr'><strong>eadem</strong></span> <span class='ocrx_word' id='word_1_241' title='bbox 1194 2151 1242 2217; x_wconf 47' lang='grc' dir='ltr'>ἐ.</span> <span class='ocrx_word' id='word_1_242' title='bbox 1279 2150 1299 2185; x_wconf 67' lang='grc' dir='ltr'>ι</span> <span class='ocrx_word' id='word_1_243' title='bbox 1322 2132 1436 2217; x_wconf 64' lang='lat' dir='ltr'><strong>Sic</strong></span> <span class='ocrx_word' id='word_1_244' title='bbox 1469 2134 1725 2215; x_wconf 74' lang='lat' dir='ltr'><strong>appellari</strong></span> <span class='ocrx_word' id='word_1_245' title='bbox 1768 2135 2048 2217; x_wconf 77' lang='lat' dir='ltr'><strong>Carthagi-</strong></span> 
     </span>
    </p>
   </div>
   <div class='ocr_carea' id='block_1_37' title="bbox 482 2201 2045 2275">
    <p class='ocr_par' dir='ltr' id='par_1_37' title="bbox 482 2201 2045 2275">
     <span class='ocr_line' id='line_1_37' title="bbox 482 2201 2045 2275; baseline 0.001 -15"><span class='ocrx_word' id='word_1_246' title='bbox 482 2206 571 2261; x_wconf 89' lang='lat' dir='ltr'><strong>nis</strong></span> <span class='ocrx_word' id='word_1_247' title='bbox 602 2201 920 2275; x_wconf 73' lang='lat' dir='ltr'><strong>episcopum</strong></span> <span class='ocrx_word' id='word_1_248' title='bbox 956 2218 1063 2257; x_wconf 92' lang='lat' dir='ltr'><strong>non</strong></span> <span class='ocrx_word' id='word_1_249' title='bbox 1100 2203 1341 2275; x_wconf 82' lang='lat' dir='ltr'><strong>invident</strong></span> <span class='ocrx_word' id='word_1_250' title='bbox 1362 2274 1365 2275; x_wconf 10' lang='lat'><em>7</em></span> <span class='ocrx_word' id='word_1_251' title='bbox 1388 2201 1616 2275; x_wconf 63' lang='lat' dir='ltr'><strong>Romani</strong></span> <span class='ocrx_word' id='word_1_252' title='bbox 1650 2221 1666 2260; x_wconf 87' lang='lat'><strong>:</strong></span> <span class='ocrx_word' id='word_1_253' title='bbox 1694 2206 1788 2275; x_wconf 85' lang='lat' dir='ltr'><strong>sed</strong></span> <span class='ocrx_word' id='word_1_254' title='bbox 1816 2222 1915 2262; x_wconf 84' lang='lat' dir='ltr'><strong>nec</strong></span> <span class='ocrx_word' id='word_1_255' title='bbox 1945 2201 2045 2261; x_wconf 81' lang='lat' dir='ltr'><strong>aii-</strong></span> 
     </span>
    </p>
   </div>
   <div class='ocr_carea' id='block_1_38' title="bbox 484 2271 2042 2345">
    <p class='ocr_par' dir='ltr' id='par_1_38' title="bbox 484 2271 2042 2345">
     <span class='ocr_line' id='line_1_38' title="bbox 484 2271 2042 2345; baseline 0.001 -14"><span class='ocrx_word' id='word_1_256' title='bbox 484 2285 562 2331; x_wconf 86' lang='lat' dir='ltr'><strong>ter</strong></span> <span class='ocrx_word' id='word_1_257' title='bbox 589 2271 821 2345; x_wconf 73' lang='lat' dir='ltr'><strong>appellat</strong></span> <span class='ocrx_word' id='word_1_258' title='bbox 846 2273 1155 2345; x_wconf 81' lang='lat' dir='ltr'><strong>Romanum</strong></span> <span class='ocrx_word' id='word_1_259' title='bbox 1188 2272 1493 2345; x_wconf 84' lang='lat' dir='ltr'><strong>pontiticem</strong></span> <span class='ocrx_word' id='word_1_260' title='bbox 1521 2271 1889 2345; x_wconf 88' lang='lat' dir='ltr'><strong>Tertullianus</strong></span> <span class='ocrx_word' id='word_1_261' title='bbox 1919 2277 2042 2334; x_wconf 90' lang='lat' dir='ltr'><strong>libr.</strong></span> 
     </span>
    </p>
   </div>
   <div class='ocr_carea' id='block_1_39' title="bbox 479 2343 2049 2414">
    <p class='ocr_par' dir='ltr' id='par_1_39' title="bbox 479 2343 2049 2414">
     <span class='ocr_line' id='line_1_39' title="bbox 479 2343 2049 2414; baseline 0.001 -15"><span class='ocrx_word' id='word_1_262' title='bbox 479 2345 558 2401; x_wconf 87' lang='lat' dir='ltr'><strong>De</strong></span> <span class='ocrx_word' id='word_1_263' title='bbox 583 2343 888 2414; x_wconf 56' lang='lat' dir='ltr'><strong>Priescript.</strong></span> <span class='ocrx_word' id='word_1_264' title='bbox 911 2343 1159 2398; x_wconf 85' lang='lat' dir='ltr'><strong>adversus</strong></span> <span class='ocrx_word' id='word_1_265' title='bbox 1193 2343 1482 2407; x_wconf 61' lang='lat' dir='ltr'><strong>hereticos,</strong></span> <span class='ocrx_word' id='word_1_266' title='bbox 1512 2352 1565 2398; x_wconf 89' lang='lat' dir='ltr'><strong>et</strong></span> <span class='ocrx_word' id='word_1_267' title='bbox 1605 2344 1697 2398; x_wconf 91' lang='lat' dir='ltr'><strong>lib.</strong></span> <span class='ocrx_word' id='word_1_268' title='bbox 1730 2344 1807 2399; x_wconf 87' lang='lat' dir='ltr'><strong>De</strong></span> <span class='ocrx_word' id='word_1_269' title='bbox 1849 2348 2049 2414; x_wconf 83' lang='lat' dir='ltr'><strong>pudici-</strong></span> 
     </span>
    </p>
   </div>
   <div class='ocr_carea' id='block_1_40' title="bbox 482 2413 2045 2486">
    <p class='ocr_par' dir='ltr' id='par_1_40' title="bbox 482 2413 2045 2486">
     <span class='ocr_line' id='line_1_40' title="bbox 482 2413 2045 2486; baseline 0.002 -17"><span class='ocrx_word' id='word_1_270' title='bbox 482 2417 579 2471; x_wconf 86' lang='lat' dir='ltr'><strong>tia.</strong></span> <span class='ocrx_word' id='word_1_271' title='bbox 616 2413 679 2469; x_wconf 89' lang='lat' dir='ltr'><strong>Hi</strong></span> <span class='ocrx_word' id='word_1_272' title='bbox 712 2414 864 2486; x_wconf 85' lang='lat' dir='ltr'><strong>fnere</strong></span> <span class='ocrx_word' id='word_1_273' title='bbox 896 2422 1028 2468; x_wconf 91' lang='lat' dir='ltr'><strong>tunc</strong></span> <span class='ocrx_word' id='word_1_274' title='bbox 1057 2414 1304 2486; x_wconf 74' lang='lat' dir='ltr'><strong>Romano</strong></span> <span class='ocrx_word' id='word_1_275' title='bbox 1337 2414 1575 2486; x_wconf 81' lang='lat' dir='ltr'><strong>pontiﬁci</strong></span> <span class='ocrx_word' id='word_1_276' title='bbox 1618 2429 1741 2468; x_wconf 91' lang='lat' dir='ltr'><strong>cum</strong></span> <span class='ocrx_word' id='word_1_277' title='bbox 1772 2416 2045 2486; x_wconf 80' lang='lat' dir='ltr'><strong>plerisque</strong></span> 
     </span>
    </p>
   </div>
   <div class='ocr_carea' id='block_1_41' title="bbox 479 2484 2045 2554">
    <p class='ocr_par' dir='ltr' id='par_1_41' title="bbox 479 2484 2045 2554">
     <span class='ocr_line' id='line_1_41' title="bbox 479 2484 2045 2554; baseline 0 -12"><span class='ocrx_word' id='word_1_278' title='bbox 479 2487 709 2542; x_wconf 74' lang='lat' dir='ltr'><strong>aliarum</strong></span> <span class='ocrx_word' id='word_1_279' title='bbox 742 2484 961 2539; x_wconf 89' lang='lat' dir='ltr'><strong>urbium</strong></span> <span class='ocrx_word' id='word_1_280' title='bbox 1004 2485 1272 2554; x_wconf 86' lang='lat' dir='ltr'><strong>episcopis</strong></span> <span class='ocrx_word' id='word_1_281' title='bbox 1302 2485 1443 2537; x_wconf 85' lang='lat' dir='ltr'><strong>tituli</strong></span> <span class='ocrx_word' id='word_1_282' title='bbox 1476 2499 1812 2539; x_wconf 82' lang='lat' dir='ltr'><strong>communes.</strong></span> <span class='ocrx_word' id='word_1_283' title='bbox 1851 2504 1870 2537; x_wconf 72' lang='grc' dir='ltr'><strong><em>ι</em></strong></span> <span class='ocrx_word' id='word_1_284' title='bbox 1908 2484 2045 2542; x_wconf 83' lang='lat' dir='ltr'><strong>Hinc</strong></span> 
     </span>
    </p>
   </div>
   <div class='ocr_carea' id='block_1_42' title="bbox 480 2554 2041 2626">
    <p class='ocr_par' dir='ltr' id='par_1_42' title="bbox 480 2554 2041 2626">
     <span class='ocr_line' id='line_1_42' title="bbox 480 2554 2041 2626; baseline 0 -15"><span class='ocrx_word' id='word_1_285' title='bbox 480 2558 644 2612; x_wconf 84' lang='lat' dir='ltr'><strong>etiam</strong></span> <span class='ocrx_word' id='word_1_286' title='bbox 672 2557 725 2610; x_wconf 91' lang='lat' dir='ltr'><strong>in</strong></span> <span class='ocrx_word' id='word_1_287' title='bbox 757 2555 915 2610; x_wconf 88' lang='lat' dir='ltr'><strong>titulo</strong></span> <span class='ocrx_word' id='word_1_288' title='bbox 949 2555 1106 2625; x_wconf 88' lang='lat' dir='ltr'><strong>epist.</strong></span> <span class='ocrx_word' id='word_1_289' title='bbox 1145 2554 1235 2616; x_wconf 85' lang='grc'><strong>50,</strong></span> <span class='ocrx_word' id='word_1_290' title='bbox 1276 2569 1399 2626; x_wconf 81' lang='lat' dir='ltr'><strong>pag.</strong></span> <span class='ocrx_word' id='word_1_291' title='bbox 1440 2554 1566 2626; x_wconf 74' lang='lat'><strong>209,</strong></span> <span class='ocrx_word' id='word_1_292' title='bbox 1604 2555 1731 2626; x_wconf 79' lang='lat' dir='ltr'><strong>haec_</strong></span> <span class='ocrx_word' id='word_1_293' title='bbox 1750 2555 2041 2626; x_wconf 80' lang='lat' dir='ltr'><strong>leguntur:</strong></span> 
     </span>
    </p>
   </div>
   <div class='ocr_carea' id='block_1_43' title="bbox 486 2623 2044 2698">
    <p class='ocr_par' dir='ltr' id='par_1_43' title="bbox 486 2623 2044 2698">
     <span class='ocr_line' id='line_1_43' title="bbox 486 2623 2044 2698; baseline 0.001 -19"><span class='ocrx_word' id='word_1_294' title='bbox 486 2645 507 2679; x_wconf 73' lang='grc' dir='ltr'>ι</span> <span class='ocrx_word' id='word_1_295' title='bbox 539 2623 1000 2698; x_wconf 69' lang='lat' dir='ltr'><strong>Cyprianopapai</strong></span> <span class='ocrx_word' id='word_1_296' title='bbox 1031 2625 1331 2698; x_wconf 71' lang='lat' dir='ltr'><strong>presbyteri</strong></span> <span class='ocrx_word' id='word_1_297' title='bbox 1361 2632 1416 2698; x_wconf 80' lang='lat' dir='ltr'><strong>et</strong></span> <span class='ocrx_word' id='word_1_298' title='bbox 1448 2623 1886 2698; x_wconf 56' lang='lat' dir='ltr'><strong>diaconiﬁomie</strong></span> <span class='ocrx_word' id='word_1_299' title='bbox 1914 2642 2044 2698; x_wconf 86' lang='lat' dir='ltr'><strong>con-</strong></span> 
     </span>
    </p>
   </div>
   <div class='ocr_carea' id='block_1_44' title="bbox 479 2693 2043 2765">
    <p class='ocr_par' dir='ltr' id='par_1_44' title="bbox 479 2693 2043 2765">
     <span class='ocr_line' id='line_1_44' title="bbox 479 2693 2043 2765; baseline -0.001 -13"><span class='ocrx_word' id='word_1_300' title='bbox 479 2693 734 2753; x_wconf 71' lang='lat' dir='ltr'><strong>sistentes</strong></span> <span class='ocrx_word' id='word_1_301' title='bbox 756 2693 1006 2751; x_wconf 78' lang='lat' dir='ltr'><strong>salutem.</strong></span> <span class='ocrx_word' id='word_1_302' title='bbox 1035 2693 1058 2747; x_wconf 60' lang='grc' dir='ltr'><strong>ἱ</strong></span> <span class='ocrx_word' id='word_1_303' title='bbox 1105 2693 1275 2749; x_wconf 85' lang='lat' dir='ltr'><strong>Sicuti</strong></span> <span class='ocrx_word' id='word_1_304' title='bbox 1307 2694 1470 2749; x_wconf 89' lang='lat' dir='ltr'><strong>etiam</strong></span> <span class='ocrx_word' id='word_1_305' title='bbox 1501 2697 1555 2749; x_wconf 93' lang='lat' dir='ltr'><strong>in</strong></span> <span class='ocrx_word' id='word_1_306' title='bbox 1581 2693 1732 2765; x_wconf 89' lang='lat' dir='ltr'><strong>titulo</strong></span> <span class='ocrx_word' id='word_1_307' title='bbox 1768 2696 1924 2765; x_wconf 89' lang='lat' dir='ltr'><strong>epist.</strong></span> <span class='ocrx_word' id='word_1_308' title='bbox 1951 2697 2043 2762; x_wconf 81' lang='grc'><strong>55,</strong></span> 
     </span>
    </p>
   </div>
   <div class='ocr_carea' id='block_1_45' title="bbox 519 2764 2047 2837">
    <p class='ocr_par' dir='ltr' id='par_1_45' title="bbox 519 2764 2047 2837">
     <span class='ocr_line' id='line_1_45' title="bbox 519 2764 2047 2837; baseline 0 -15"><span class='ocrx_word' id='word_1_309' title='bbox 519 2808 533 2821; x_wconf 90' lang='grc'><strong>.</strong></span> <span class='ocrx_word' id='word_1_310' title='bbox 583 2768 709 2822; x_wconf 70' lang='lat'><strong>218.</strong></span> <span class='ocrx_word' id='word_1_311' title='bbox 775 2766 1105 2837; x_wconf 68' lang='lat' dir='ltr'><strong>Erequeuter</strong></span> <span class='ocrx_word' id='word_1_312' title='bbox 1148 2779 1366 2837; x_wconf 85' lang='lat' dir='ltr'><strong>quoque</strong></span> <span class='ocrx_word' id='word_1_313' title='bbox 1408 2766 1566 2837; x_wconf 78' lang='lat' dir='ltr'><strong>apud</strong></span> <span class='ocrx_word' id='word_1_314' title='bbox 1608 2764 1745 2819; x_wconf 93' lang='lat' dir='ltr'><strong>alios</strong></span> <span class='ocrx_word' id='word_1_315' title='bbox 1794 2764 2047 2837; x_wconf 84' lang='lat' dir='ltr'><strong>antiquos</strong></span> 
     </span>
    </p>
   </div>
   <div class='ocr_carea' id='block_1_46' title="bbox 480 2784 2043 2905">
    <p class='ocr_par' dir='ltr' id='par_1_46' title="bbox 480 2784 2043 2905">
     <span class='ocr_line' id='line_1_46' title="bbox 519 2784 2043 2837; baseline 0 -15"><span class='ocrx_word' id='word_1_316' title='bbox 519 2808 533 2821; x_wconf 94' lang='lat'><strong>.</strong></span> <span class='ocrx_word' id='word_1_317' title='bbox 583 2784 709 2822; x_wconf 68' lang='lat'><strong>216.</strong></span> <span class='ocrx_word' id='word_1_318' title='bbox 776 2784 1105 2835; x_wconf 80' lang='lat' dir='ltr'><strong>rrequemer</strong></span> <span class='ocrx_word' id='word_1_319' title='bbox 1148 2784 1366 2834; x_wconf 83' lang='lat' dir='ltr'><strong>quoque</strong></span> <span class='ocrx_word' id='word_1_320' title='bbox 1408 2784 1551 2834; x_wconf 78' lang='lat' dir='ltr'><strong>apud</strong></span> <span class='ocrx_word' id='word_1_321' title='bbox 1608 2784 1745 2819; x_wconf 89' lang='lat' dir='ltr'><strong>auos</strong></span> <span class='ocrx_word' id='word_1_322' title='bbox 1794 2784 2043 2837; x_wconf 83' lang='lat' dir='ltr'><strong>antiquos</strong></span> 
     </span>
     <span class='ocr_line' id='line_1_47' title="bbox 480 2784 2043 2905; baseline -0.001 -13"><span class='ocrx_word' id='word_1_323' title='bbox 480 2784 737 2894; x_wconf 59' lang='lat' dir='ltr'><strong>Ecclesiae</strong></span> <span class='ocrx_word' id='word_1_324' title='bbox 790 2835 977 2891; x_wconf 86' lang='lat' dir='ltr'><strong>Patres</strong></span> <span class='ocrx_word' id='word_1_325' title='bbox 1024 2849 1174 2905; x_wconf 72' lang='lat' dir='ltr'><strong>papa:</strong></span> <span class='ocrx_word' id='word_1_326' title='bbox 1206 2834 1437 2905; x_wconf 80' lang='lat' dir='ltr'><strong>nomine</strong></span> <span class='ocrx_word' id='word_1_327' title='bbox 1485 2834 1771 2905; x_wconf 86' lang='lat' dir='ltr'><strong>episcopos</strong></span> <span class='ocrx_word' id='word_1_328' title='bbox 1821 2846 2043 2892; x_wconf 89' lang='lat' dir='ltr'><strong>vocatos</strong></span> 
     </span>
    </p>
   </div>
   <div class='ocr_carea' id='block_1_47' title="bbox 477 2904 2044 2976">
    <p class='ocr_par' dir='ltr' id='par_1_47' title="bbox 477 2904 2044 2976">
     <span class='ocr_line' id='line_1_48' title="bbox 477 2904 2044 2976; baseline -0.003 -14"><span class='ocrx_word' id='word_1_329' title='bbox 477 2910 751 2963; x_wconf 87' lang='lat' dir='ltr'><strong>novimus.</strong></span> <span class='ocrx_word' id='word_1_330' title='bbox 786 2905 863 2976; x_wconf 81' lang='lat' dir='ltr'><strong>Ita</strong></span> <span class='ocrx_word' id='word_1_331' title='bbox 913 2904 1055 2976; x_wconf 67' lang='lat' dir='ltr'><strong>apud</strong></span> <span class='ocrx_word' id='word_1_332' title='bbox 1102 2905 1161 2976; x_wconf 21' lang='lat' dir='ltr'><strong>SA.</strong></span> <span class='ocrx_word' id='word_1_333' title='bbox 1201 2904 1584 2976; x_wconf 81' lang='lat' dir='ltr'><strong>Hieronymum</strong></span> <span class='ocrx_word' id='word_1_334' title='bbox 1626 2904 1739 2976; x_wconf 20' lang='lat' dir='ltr'><strong>lib.”</strong></span> <span class='ocrx_word' id='word_1_335' title='bbox 1764 2920 1826 2960; x_wconf 88' lang='lat' dir='ltr'><strong>in</strong></span> <span class='ocrx_word' id='word_1_336' title='bbox 1866 2919 2044 2960; x_wconf 78' lang='lat' dir='ltr'><strong>contra</strong></span> 
     </span>
    </p>
   </div>
   <div class='ocr_carea' id='block_1_48' title="bbox 477 2974 2043 3047">
    <p class='ocr_par' dir='ltr' id='par_1_48' title="bbox 477 2974 2043 3047">
     <span class='ocr_line' id='line_1_49' title="bbox 477 2974 2043 3047; baseline 0 -16"><span class='ocrx_word' id='word_1_337' title='bbox 477 2979 761 3047; x_wconf 71' lang='lat' dir='ltr'><strong>Bullinum,</strong></span> <span class='ocrx_word' id='word_1_338' title='bbox 810 2974 972 3047; x_wconf 84' lang='lat' dir='ltr'><strong>Oper.</strong></span> <span class='ocrx_word' id='word_1_339' title='bbox 1017 2974 1253 3047; x_wconf 63' lang='lat' dir='ltr'><strong>S._llie_r.</strong></span> <span class='ocrx_word' id='word_1_340' title='bbox 1290 2974 1529 3047; x_wconf 73' lang='lat' dir='ltr'><strong>tum._l_l,</strong></span> <span class='ocrx_word' id='word_1_341' title='bbox 1557 2989 1610 3042; x_wconf 93' lang='lat' dir='ltr'><strong>p.</strong></span> <span class='ocrx_word' id='word_1_342' title='bbox 1639 2974 1764 3042; x_wconf 73' lang='grc'>545,</span> <span class='ocrx_word' id='word_1_343' title='bbox 1794 2977 2043 3047; x_wconf 64' lang='lat' dir='ltr'><strong>numJG</strong></span> 
     </span>
    </p>
   </div>
   <div class='ocr_carea' id='block_1_49' title="bbox 2149 1922 3660 1994">
    <p class='ocr_par' dir='ltr' id='par_1_49' title="bbox 2149 1922 3660 1994">
     <span class='ocr_line' id='line_1_50' title="bbox 2149 1922 3660 1994; baseline 0.003 -17"><span class='ocrx_word' id='word_1_344' title='bbox 2149 1925 2434 1994; x_wconf 80' lang='lat' dir='ltr'><strong>pontiﬁces</strong></span> <span class='ocrx_word' id='word_1_345' title='bbox 2468 1923 2691 1979; x_wconf 88' lang='lat' dir='ltr'><strong>titulum</strong></span> <span class='ocrx_word' id='word_1_346' title='bbox 2728 1922 3040 1979; x_wconf 81' lang='lat' dir='ltr'><strong>uniuersalis</strong></span> <span class='ocrx_word' id='word_1_347' title='bbox 3064 1924 3270 1994; x_wconf 83' lang='lat' dir='ltr'><strong>nomini</strong></span> <span class='ocrx_word' id='word_1_348' title='bbox 3292 1941 3435 1994; x_wconf 69' lang='lat' dir='ltr'><strong>papa</strong></span> <span class='ocrx_word' id='word_1_349' title='bbox 3480 1926 3660 1994; x_wconf 77' lang='lat' dir='ltr'><strong>addide-</strong></span> 
     </span>
    </p>
   </div>
   <div class='ocr_carea' id='block_1_50' title="bbox 2149 1993 3663 2063">
    <p class='ocr_par' dir='ltr' id='par_1_50' title="bbox 2149 1993 3663 2063">
     <span class='ocr_line' id='line_1_51' title="bbox 2149 1993 3663 2063; baseline 0.003 -16"><span class='ocrx_word' id='word_1_350' title='bbox 2149 1993 2257 2049; x_wconf 69' lang='lat' dir='ltr'><strong>rint</strong></span> <span class='ocrx_word' id='word_1_351' title='bbox 2296 2014 2314 2049; x_wconf 72' lang='grc' dir='ltr'><strong>ο</strong></span> <span class='ocrx_word' id='word_1_352' title='bbox 2350 2013 2363 2049; x_wconf 90' lang='lat'><strong>:</strong></span> <span class='ocrx_word' id='word_1_353' title='bbox 2400 1995 2479 2051; x_wconf 88' lang='lat' dir='ltr'><strong>sic</strong></span> <span class='ocrx_word' id='word_1_354' title='bbox 2505 1994 2815 2048; x_wconf 81' lang='lat' dir='ltr'><strong>universalis</strong></span> <span class='ocrx_word' id='word_1_355' title='bbox 2846 2011 2985 2063; x_wconf 84' lang='lat' dir='ltr'><strong>papa</strong></span> <span class='ocrx_word' id='word_1_356' title='bbox 3002 1995 3209 2063; x_wconf 87' lang='lat' dir='ltr'><strong>dicitur</strong></span> <span class='ocrx_word' id='word_1_357' title='bbox 3243 1993 3469 2049; x_wconf 81' lang='lat' dir='ltr'><strong>JOannes</strong></span> <span class='ocrx_word' id='word_1_358' title='bbox 3502 1993 3663 2051; x_wconf 79' lang='lat' dir='ltr'><strong>Villia</strong></span> 
     </span>
    </p>
   </div>
   <div class='ocr_carea' id='block_1_51' title="bbox 2150 2062 3664 2136">
    <p class='ocr_par' dir='ltr' id='par_1_51' title="bbox 2150 2062 3664 2136">
     <span class='ocr_line' id='line_1_52' title="bbox 2150 2062 3664 2136; baseline 0.002 -18"><span class='ocrx_word' id='word_1_359' title='bbox 2150 2066 2355 2136; x_wconf 80' lang='lat' dir='ltr'><strong>synodo</strong></span> <span class='ocrx_word' id='word_1_360' title='bbox 2382 2063 2656 2136; x_wconf 81' lang='lat' dir='ltr'><strong>Ticinensi</strong></span> <span class='ocrx_word' id='word_1_361' title='bbox 2686 2080 2777 2119; x_wconf 90' lang='lat' dir='ltr'><strong>an.</strong></span> <span class='ocrx_word' id='word_1_362' title='bbox 2821 2064 2948 2127; x_wconf 84' lang='lat'><strong>876,</strong></span> <span class='ocrx_word' id='word_1_363' title='bbox 2993 2072 3130 2118; x_wconf 85' lang='lat' dir='ltr'><strong>toni.</strong></span> <span class='ocrx_word' id='word_1_364' title='bbox 3168 2062 3217 2136; x_wconf 80' lang='grc'><strong>11</strong></span> <span class='ocrx_word' id='word_1_365' title='bbox 3253 2065 3537 2134; x_wconf 62' lang='lat' dir='ltr'><strong>capitatam,</strong></span> <span class='ocrx_word' id='word_1_366' title='bbox 3577 2066 3664 2121; x_wconf 86' lang='lat' dir='ltr'><strong>col.</strong></span> 
     </span>
    </p>
   </div>
   <div class='ocr_carea' id='block_1_52' title="bbox 2147 2133 3661 2206">
    <p class='ocr_par' dir='ltr' id='par_1_52' title="bbox 2147 2133 3661 2206">
     <span class='ocr_line' id='line_1_53' title="bbox 2147 2133 3661 2206; baseline 0.001 -18"><span class='ocrx_word' id='word_1_367' title='bbox 2147 2133 2253 2206; x_wconf 74' lang='lat'><strong>237</strong></span> <span class='ocrx_word' id='word_1_368' title='bbox 2299 2149 2352 2190; x_wconf 88' lang='lat' dir='ltr'><strong>et</strong></span> <span class='ocrx_word' id='word_1_369' title='bbox 2407 2136 2533 2206; x_wconf 79' lang='lat'><strong>259.</strong></span> <span class='ocrx_word' id='word_1_370' title='bbox 2568 2133 2714 2206; x_wconf 84' lang='lat' dir='ltr'><strong>Idem</strong></span> <span class='ocrx_word' id='word_1_371' title='bbox 2753 2134 3281 2206; x_wconf 76' lang='lat' dir='ltr'><strong>summus_pontifex</strong></span> <span class='ocrx_word' id='word_1_372' title='bbox 3313 2133 3661 2206; x_wconf 30' lang='lat' dir='ltr'><strong>papamcoange-</strong></span> 
     </span>
    </p>
   </div>
   <div class='ocr_carea' id='block_1_53' title="bbox 2147 2203 3657 2330">
    <p class='ocr_par' dir='ltr' id='par_1_53' title="bbox 2147 2203 3657 2330">
     <span class='ocr_line' id='line_1_54' title="bbox 2147 2203 3657 2330; baseline 0.002 -73"><span class='ocrx_word' id='word_1_373' title='bbox 2147 2205 2648 2330; x_wconf 47' lang='lat' dir='ltr'><strong>gcgssgampellatur</strong></span> <span class='ocrx_word' id='word_1_374' title='bbox 2676 2205 2733 2259; x_wconf 84' lang='lat' dir='ltr'><strong>in</strong></span> <span class='ocrx_word' id='word_1_375' title='bbox 2754 2205 2962 2277; x_wconf 87' lang='lat' dir='ltr'><strong>synodo</strong></span> <span class='ocrx_word' id='word_1_376' title='bbox 3002 2203 3249 2260; x_wconf 84' lang='lat' dir='ltr'><strong>Romana</strong></span> <span class='ocrx_word' id='word_1_377' title='bbox 3279 2203 3513 2269; x_wconf 14' lang='lat' dir='ltr'><strong>an.7877,</strong></span> <span class='ocrx_word' id='word_1_378' title='bbox 3553 2203 3657 2262; x_wconf 80' lang='lat' dir='ltr'><strong>ibid.</strong></span> 
     </span>
    </p>
   </div>
   <div class='ocr_carea' id='block_1_54' title="bbox 2147 2289 3661 2416">
    <p class='ocr_par' dir='ltr' id='par_1_54' title="bbox 2147 2289 3661 2416">
     <span class='ocr_line' id='line_1_55' title="bbox 2147 2289 3661 2416; baseline 0.038 -30"><span class='ocrx_word' id='word_1_379' title='bbox 2147 2289 2591 2416; x_wconf 54' lang='grc' dir='ltr'><strong>β’(ξῗδόίεμιτίδ.</strong></span> <span class='ocrx_word' id='word_1_380' title='bbox 2642 2343 2811 2416; x_wconf 81' lang='lat' dir='ltr'><strong>de_S.</strong></span> <span class='ocrx_word' id='word_1_381' title='bbox 2874 2341 3166 2416; x_wconf 60' lang='lat' dir='ltr'><strong>Hippolyto</strong></span> <span class='ocrx_word' id='word_1_382' title='bbox 3208 2343 3426 2416; x_wconf 63' lang='grc' dir='ltr'><strong>ίητθτίυεο</strong></span> <span class='ocrx_word' id='word_1_383' title='bbox 3461 2345 3661 2416; x_wconf 67' lang='grc' dir='ltr'><strong>⁰ί⁸³¹¹ί¹³ν</strong></span> 
     </span>
    </p>
   </div>
   <div class='ocr_carea' id='block_1_55' title="bbox 2146 2413 3661 2484">
    <p class='ocr_par' dir='ltr' id='par_1_55' title="bbox 2146 2413 3661 2484">
     <span class='ocr_line' id='line_1_56' title="bbox 2146 2413 3661 2484; baseline 0.002 -15"><span class='ocrx_word' id='word_1_384' title='bbox 2146 2430 2200 2484; x_wconf 91' lang='lat' dir='ltr'><strong>p.</strong></span> <span class='ocrx_word' id='word_1_385' title='bbox 2227 2413 2296 2469; x_wconf 83' lang='lat'><strong>29</strong></span> <span class='ocrx_word' id='word_1_386' title='bbox 2311 2413 2334 2470; x_wconf 64' lang='grc' dir='ltr'><strong>ἐ</strong></span> <span class='ocrx_word' id='word_1_387' title='bbox 2375 2434 2392 2466; x_wconf 79' lang='grc' dir='ltr'>ι</span> <span class='ocrx_word' id='word_1_388' title='bbox 2436 2413 2539 2469; x_wconf 89' lang='lat' dir='ltr'><strong>Sed</strong></span> <span class='ocrx_word' id='word_1_389' title='bbox 2569 2429 2680 2470; x_wconf 89' lang='lat' dir='ltr'><strong>rem</strong></span> <span class='ocrx_word' id='word_1_390' title='bbox 2720 2413 2906 2470; x_wconf 81' lang='lat' dir='ltr'><strong>forsan</strong></span> <span class='ocrx_word' id='word_1_391' title='bbox 2944 2413 3128 2469; x_wconf 64' lang='lat' dir='ltr'><strong>nou&#39;a</strong></span> <span class='ocrx_word' id='word_1_392' title='bbox 3181 2430 3309 2469; x_wconf 86' lang='lat' dir='ltr'><strong>vero</strong></span> <span class='ocrx_word' id='word_1_393' title='bbox 3351 2414 3422 2470; x_wconf 91' lang='lat' dir='ltr'><strong>ita</strong></span> <span class='ocrx_word' id='word_1_394' title='bbox 3464 2415 3661 2472; x_wconf 84' lang='lat' dir='ltr'><strong>alienam</strong></span> 
     </span>
    </p>
   </div>
   <div class='ocr_carea' id='block_1_56' title="bbox 2146 2483 3659 2556">
    <p class='ocr_par' dir='ltr' id='par_1_56' title="bbox 2146 2483 3659 2556">
     <span class='ocr_line' id='line_1_57' title="bbox 2146 2483 3659 2556; baseline 0.002 -18"><span class='ocrx_word' id='word_1_395' title='bbox 2146 2483 2483 2550; x_wconf 80' lang='lat' dir='ltr'><strong>asseremus,</strong></span> <span class='ocrx_word' id='word_1_396' title='bbox 2511 2484 2556 2540; x_wconf 89' lang='lat' dir='ltr'><strong>si</strong></span> <span class='ocrx_word' id='word_1_397' title='bbox 2582 2485 2830 2541; x_wconf 88' lang='lat' dir='ltr'><strong>dicamus</strong></span> <span class='ocrx_word' id='word_1_398' title='bbox 2853 2485 3003 2539; x_wconf 92' lang='lat' dir='ltr'><strong>illum</strong></span> <span class='ocrx_word' id='word_1_399' title='bbox 3037 2483 3424 2556; x_wconf 77' lang='lat' dir='ltr'><strong>(Hippolytum)</strong></span> <span class='ocrx_word' id='word_1_400' title='bbox 3444 2486 3586 2540; x_wconf 87' lang='lat' dir='ltr'><strong>etiam</strong></span> <span class='ocrx_word' id='word_1_401' title='bbox 3607 2502 3659 2541; x_wconf 75' lang='lat' dir='ltr'><strong>es</strong></span> 
     </span>
    </p>
   </div>
   <div class='ocr_carea' id='block_1_57' title="bbox 2144 2555 3659 2625">
    <p class='ocr_par' dir='ltr' id='par_1_57' title="bbox 2144 2555 3659 2625">
     <span class='ocr_line' id='line_1_58' title="bbox 2144 2555 3659 2625; baseline 0.001 -17"><span class='ocrx_word' id='word_1_402' title='bbox 2144 2564 2299 2624; x_wconf 81' lang='lat' dir='ltr'><strong>parte</strong></span> <span class='ocrx_word' id='word_1_403' title='bbox 2333 2556 2385 2609; x_wconf 92' lang='lat' dir='ltr'><strong>in</strong></span> <span class='ocrx_word' id='word_1_404' title='bbox 2425 2572 2484 2611; x_wconf 91' lang='lat' dir='ltr'><strong>se</strong></span> <span class='ocrx_word' id='word_1_405' title='bbox 2526 2555 2842 2625; x_wconf 75' lang='lat' dir='ltr'><strong>suscepisse</strong></span> <span class='ocrx_word' id='word_1_406' title='bbox 2859 2569 3000 2609; x_wconf 91' lang='lat' dir='ltr'><strong>onus</strong></span> <span class='ocrx_word' id='word_1_407' title='bbox 3024 2555 3269 2625; x_wconf 86' lang='lat' dir='ltr'><strong>regendi</strong></span> <span class='ocrx_word' id='word_1_408' title='bbox 3294 2555 3456 2624; x_wconf 85' lang='lat' dir='ltr'><strong>ipsius</strong></span> <span class='ocrx_word' id='word_1_409' title='bbox 3482 2556 3659 2624; x_wconf 83' lang='lat' dir='ltr'><strong>episco-</strong></span> 
     </span>
    </p>
   </div>
   <div class='ocr_carea' id='block_1_58' title="bbox 2144 2623 3657 2695">
    <p class='ocr_par' dir='ltr' id='par_1_58' title="bbox 2144 2623 3657 2695">
     <span class='ocr_line' id='line_1_59' title="bbox 2144 2623 3657 2695; baseline 0.002 -19"><span class='ocrx_word' id='word_1_410' title='bbox 2144 2623 2303 2695; x_wconf 76' lang='lat' dir='ltr'><strong>putus</strong></span> <span class='ocrx_word' id='word_1_411' title='bbox 2338 2624 2588 2695; x_wconf 80' lang='lat' dir='ltr'><strong>Romani.</strong></span> <span class='ocrx_word' id='word_1_412' title='bbox 2628 2623 2763 2678; x_wconf 84' lang='lat' dir='ltr'><strong>Nam</strong></span> <span class='ocrx_word' id='word_1_413' title='bbox 2801 2623 3075 2695; x_wconf 84' lang='lat' dir='ltr'><strong>Hippolyti</strong></span> <span class='ocrx_word' id='word_1_414' title='bbox 3094 2623 3342 2693; x_wconf 68' lang='lat' dir='ltr'><strong>tempore</strong></span> <span class='ocrx_word' id='word_1_415' title='bbox 3375 2623 3525 2679; x_wconf 88' lang='lat' dir='ltr'><strong>multi</strong></span> <span class='ocrx_word' id='word_1_416' title='bbox 3542 2625 3657 2679; x_wconf 82' lang='lat' dir='ltr'><strong>Ara-</strong></span> 
     </span>
    </p>
   </div>
   <div class='ocr_carea' id='block_1_59' title="bbox 2144 2694 3661 2766">
    <p class='ocr_par' dir='ltr' id='par_1_59' title="bbox 2144 2694 3661 2766">
     <span class='ocr_line' id='line_1_60' title="bbox 2144 2694 3661 2766; baseline 0.001 -17"><span class='ocrx_word' id='word_1_417' title='bbox 2144 2694 2240 2766; x_wconf 81' lang='lat' dir='ltr'><strong>bes</strong></span> <span class='ocrx_word' id='word_1_418' title='bbox 2261 2705 2313 2749; x_wconf 90' lang='lat' dir='ltr'><strong>et</strong></span> <span class='ocrx_word' id='word_1_419' title='bbox 2342 2695 2511 2751; x_wconf 66' lang='lat' dir='ltr'><strong>Graeci</strong></span> <span class='ocrx_word' id='word_1_420' title='bbox 2535 2694 2719 2749; x_wconf 62' lang='lat' dir='ltr'><strong>Romae</strong></span> <span class='ocrx_word' id='word_1_421' title='bbox 2750 2694 3011 2766; x_wconf 77' lang='lat' dir='ltr'><strong>agebant,</strong></span> <span class='ocrx_word' id='word_1_422' title='bbox 3036 2710 3181 2765; x_wconf 85' lang='lat' dir='ltr'><strong>quos</strong></span> <span class='ocrx_word' id='word_1_423' title='bbox 3214 2696 3391 2766; x_wconf 78' lang='lat' dir='ltr'><strong>forsan</strong></span> <span class='ocrx_word' id='word_1_424' title='bbox 3413 2697 3661 2766; x_wconf 87' lang='lat' dir='ltr'><strong>episcopus</strong></span> 
     </span>
    </p>
   </div>
   <div class='ocr_carea' id='block_1_60' title="bbox 2147 2764 3661 2836">
    <p class='ocr_par' dir='ltr' id='par_1_60' title="bbox 2147 2764 3661 2836">
     <span class='ocr_line' id='line_1_61' title="bbox 2147 2764 3661 2836; baseline 0.001 -20"><span class='ocrx_word' id='word_1_425' title='bbox 2147 2764 2459 2836; x_wconf 86' lang='lat' dir='ltr'><strong>llippolytus</strong></span> <span class='ocrx_word' id='word_1_426' title='bbox 2485 2768 2721 2834; x_wconf 77' lang='lat' dir='ltr'><strong>regebat,</strong></span> <span class='ocrx_word' id='word_1_427' title='bbox 2751 2764 2807 2836; x_wconf 61' lang='lat' dir='ltr'><strong>ei</strong></span> <span class='ocrx_word' id='word_1_428' title='bbox 2825 2764 3214 2836; x_wconf 75' lang='lat' dir='ltr'><strong>quibussacra</strong></span> <span class='ocrx_word' id='word_1_429' title='bbox 3239 2765 3418 2820; x_wconf 73' lang='lat' dir='ltr'><strong>Graece</strong></span> <span class='ocrx_word' id='word_1_430' title='bbox 3446 2766 3523 2819; x_wconf 89' lang='lat' dir='ltr'><strong>vel</strong></span> <span class='ocrx_word' id='word_1_431' title='bbox 3550 2764 3661 2818; x_wconf 65' lang='lat' dir='ltr'><strong>A&#39;ra-</strong></span> 
     </span>
    </p>
   </div>
   <div class='ocr_carea' id='block_1_61' title="bbox 2146 2834 3660 2899">
    <p class='ocr_par' dir='ltr' id='par_1_61' title="bbox 2146 2834 3660 2899">
     <span class='ocr_line' id='line_1_62' title="bbox 2146 2834 3660 2899; baseline 0.002 -11"><span class='ocrx_word' id='word_1_432' title='bbox 2146 2836 2265 2890; x_wconf 73' lang='lat' dir='ltr'><strong>Iiice</strong></span> <span class='ocrx_word' id='word_1_433' title='bbox 2295 2834 2732 2891; x_wconf 85' lang='lat' dir='ltr'><strong>administrabat.</strong></span> <span class='ocrx_word' id='word_1_434' title='bbox 2767 2834 2876 2889; x_wconf 80' lang='lat' dir='ltr'><strong>Nec</strong></span> <span class='ocrx_word' id='word_1_435' title='bbox 2913 2834 3204 2890; x_wconf 87' lang='lat' dir='ltr'><strong>insolentis</strong></span> <span class='ocrx_word' id='word_1_436' title='bbox 3230 2836 3330 2889; x_wconf 87' lang='lat' dir='ltr'><strong>hoc</strong></span> <span class='ocrx_word' id='word_1_437' title='bbox 3355 2844 3465 2890; x_wconf 85' lang='lat' dir='ltr'><strong>erat</strong></span> <span class='ocrx_word' id='word_1_438' title='bbox 3499 2836 3660 2899; x_wconf 84' lang='lat' dir='ltr'><strong>moris,</strong></span> 
     </span>
    </p>
   </div>
   <div class='ocr_carea' id='block_1_62' title="bbox 2142 2904 3660 2974">
    <p class='ocr_par' dir='ltr' id='par_1_62' title="bbox 2142 2904 3660 2974">
     <span class='ocr_line' id='line_1_63' title="bbox 2142 2904 3660 2974; baseline 0.001 -16"><span class='ocrx_word' id='word_1_439' title='bbox 2142 2905 2282 2974; x_wconf 87' lang='lat' dir='ltr'><strong>duos</strong></span> <span class='ocrx_word' id='word_1_440' title='bbox 2303 2907 2355 2960; x_wconf 92' lang='lat' dir='ltr'><strong>in</strong></span> <span class='ocrx_word' id='word_1_441' title='bbox 2381 2922 2486 2961; x_wconf 93' lang='lat' dir='ltr'><strong>una</strong></span> <span class='ocrx_word' id='word_1_442' title='bbox 2506 2907 2640 2960; x_wconf 91' lang='lat' dir='ltr'><strong>urbe</strong></span> <span class='ocrx_word' id='word_1_443' title='bbox 2658 2905 2950 2974; x_wconf 90' lang='lat' dir='ltr'><strong>episcopali</strong></span> <span class='ocrx_word' id='word_1_444' title='bbox 2972 2905 3258 2960; x_wconf 89' lang='lat' dir='ltr'><strong>admittere</strong></span> <span class='ocrx_word' id='word_1_445' title='bbox 3280 2905 3563 2974; x_wconf 85' lang='lat' dir='ltr'><strong>episcopos.</strong></span> <span class='ocrx_word' id='word_1_446' title='bbox 3585 2904 3660 2960; x_wconf 81' lang='lat' dir='ltr'><strong>Sic</strong></span> 
     </span>
    </p>
   </div>
   <div class='ocr_carea' id='block_1_63' title="bbox 2144 2973 3663 3046">
    <p class='ocr_par' dir='ltr' id='par_1_63' title="bbox 2144 2973 3663 3046">
     <span class='ocr_line' id='line_1_64' title="bbox 2144 2973 3663 3046; baseline 0.002 -19"><span class='ocrx_word' id='word_1_447' title='bbox 2144 2973 2315 3029; x_wconf 74' lang='lat' dir='ltr'><strong>Roma</strong></span> <span class='ocrx_word' id='word_1_448' title='bbox 2346 2976 2400 3030; x_wconf 92' lang='lat' dir='ltr'><strong>in</strong></span> <span class='ocrx_word' id='word_1_449' title='bbox 2440 2978 2555 3046; x_wconf 88' lang='lat' dir='ltr'><strong>ipsa</strong></span> <span class='ocrx_word' id='word_1_450' title='bbox 2587 2973 2775 3046; x_wconf 73' lang='lat' dir='ltr'><strong>Linus,</strong></span> <span class='ocrx_word' id='word_1_451' title='bbox 2808 2973 2863 3030; x_wconf 82' lang='lat' dir='ltr'><strong>et</strong></span> <span class='ocrx_word' id='word_1_452' title='bbox 2900 2974 3177 3046; x_wconf 79' lang='lat' dir='ltr'><strong>Clemens,</strong></span> <span class='ocrx_word' id='word_1_453' title='bbox 3215 2984 3270 3029; x_wconf 85' lang='lat' dir='ltr'><strong>et</strong></span> <span class='ocrx_word' id='word_1_454' title='bbox 3301 2973 3479 3030; x_wconf 89' lang='lat' dir='ltr'><strong>Cletus</strong></span> <span class='ocrx_word' id='word_1_455' title='bbox 3502 2976 3663 3030; x_wconf 86' lang='lat' dir='ltr'><strong>dicun-</strong></span> 
     </span>
    </p>
   </div>
   <div class='ocr_carea' id='block_1_64' title="bbox 475 3042 3663 3136">
    <p class='ocr_par' dir='ltr' id='par_1_64' title="bbox 475 3042 3663 3136">
     <span class='ocr_line' id='line_1_65' title="bbox 475 3042 3663 3136; baseline 0 0"><span class='ocrx_word' id='word_1_456' title='bbox 475 3042 606 3136; x_wconf 61' lang='lat' dir='ltr'><strong>sti&#39;i:</strong></span> <span class='ocrx_word' id='word_1_457' title='bbox 632 3042 895 3136; x_wconf 59' lang='lat' dir='ltr'><strong>Ietae?!</strong></span> <span class='ocrx_word' id='word_1_458' title='bbox 928 3042 2043 3136; x_wconf 38' lang='lat' dir='ltr'><strong>“1‘:17?}-‘m§€&#39;fl’§_§.fll“i‘l‘£€a!29_9lf</strong></span> <span class='ocrx_word' id='word_1_459' title='bbox 2071 3079 2112 3136; x_wconf 80' lang='grc' dir='ltr'>ο</span> <span class='ocrx_word' id='word_1_460' title='bbox 2147 3042 2802 3136; x_wconf 46' lang='lat' dir='ltr'><strong>{sissesissefieri:</strong></span> <span class='ocrx_word' id='word_1_461' title='bbox 2815 3044 3238 3136; x_wconf 53' lang='grc' dir='ltr'><strong>,ςιξρίέηῖίἀεξιξιξ</strong></span> <span class='ocrx_word' id='word_1_462' title='bbox 3252 3045 3663 3136; x_wconf 51' lang='lat' dir='ltr'><strong>sementis:</strong></span> 
     </span>
    </p>
   </div>
   <div class='ocr_carea' id='block_1_65' title="bbox 476 3112 3663 3185">
    <p class='ocr_par' dir='ltr' id='par_1_65' title="bbox 476 3112 3663 3185">
     <span class='ocr_line' id='line_1_66' title="bbox 476 3112 3663 3185; baseline -0.001 -14"><span class='ocrx_word' id='word_1_463' title='bbox 476 3120 608 3172; x_wconf 82' lang='lat' dir='ltr'><strong>teris</strong></span> <span class='ocrx_word' id='word_1_464' title='bbox 631 3117 920 3181; x_wconf 88' lang='lat' dir='ltr'><strong>indicasse,</strong></span> <span class='ocrx_word' id='word_1_465' title='bbox 950 3116 1096 3185; x_wconf 83' lang='lat' dir='ltr'><strong>quod</strong></span> <span class='ocrx_word' id='word_1_466' title='bbox 1125 3129 1260 3184; x_wconf 90' lang='lat' dir='ltr'><strong>papa</strong></span> <span class='ocrx_word' id='word_1_467' title='bbox 1287 3112 1618 3185; x_wconf 85' lang='lat' dir='ltr'><strong>Theophilus</strong></span> <span class='ocrx_word' id='word_1_468' title='bbox 1648 3112 2039 3183; x_wconf 76' lang='lat' dir='ltr'><strong>eipositionem</strong></span> <span class='ocrx_word' id='word_1_469' title='bbox 2071 3112 2112 3136; x_wconf 73' lang='grc' dir='ltr'><strong>ν</strong></span> <span class='ocrx_word' id='word_1_470' title='bbox 2145 3129 2267 3168; x_wconf 91' lang='lat' dir='ltr'><strong>nem</strong></span> <span class='ocrx_word' id='word_1_471' title='bbox 2299 3116 2662 3185; x_wconf 84' lang='lat' dir='ltr'><strong>successionis</strong></span> <span class='ocrx_word' id='word_1_472' title='bbox 2690 3112 3075 3184; x_wconf 78' lang='lat' dir='ltr'><strong>episcoporum</strong></span> <span class='ocrx_word' id='word_1_473' title='bbox 3106 3114 3472 3170; x_wconf 80' lang='lat' dir='ltr'><strong>Romanorum</strong></span> <span class='ocrx_word' id='word_1_474' title='bbox 3508 3117 3663 3185; x_wconf 87' lang='lat' dir='ltr'><strong>aliquo</strong></span> 
     </span>
    </p>
   </div>
   <div class='ocr_carea' id='block_1_66' title="bbox 477 3184 2036 3257">
    <p class='ocr_par' dir='ltr' id='par_1_66' title="bbox 477 3184 2036 3257">
     <span class='ocr_line' id='line_1_67' title="bbox 477 3184 2036 3257; baseline -0.003 -15"><span class='ocrx_word' id='word_1_475' title='bbox 477 3188 600 3243; x_wconf 83' lang='lat' dir='ltr'><strong>tidei</strong></span> <span class='ocrx_word' id='word_1_476' title='bbox 630 3201 803 3257; x_wconf 88' lang='lat' dir='ltr'><strong>nuper</strong></span> <span class='ocrx_word' id='word_1_477' title='bbox 832 3184 1084 3257; x_wconf 58' lang='lat' dir='ltr'><strong>ediderit,</strong></span> <span class='ocrx_word' id='word_1_478' title='bbox 1108 3200 1228 3257; x_wconf 64' lang='lat' dir='ltr'><strong>quae</strong></span> <span class='ocrx_word' id='word_1_479' title='bbox 1257 3184 1322 3238; x_wconf 88' lang='lat' dir='ltr'><strong>ad</strong></span> <span class='ocrx_word' id='word_1_480' title='bbox 1348 3197 1466 3257; x_wconf 89' lang='lat' dir='ltr'><strong>vos_</strong></span> <span class='ocrx_word' id='word_1_481' title='bbox 1470 3184 1702 3257; x_wconf 80' lang='lat' dir='ltr'><strong>necdum</strong></span> <span class='ocrx_word' id='word_1_482' title='bbox 1727 3186 1990 3257; x_wconf 75' lang='lat' dir='ltr'><strong>pervenit,</strong></span> <span class='ocrx_word' id='word_1_483' title='bbox 2015 3203 2036 3238; x_wconf 75' lang='grc' dir='ltr'><strong><em>ι</em></strong></span> 
     </span>
    </p>
   </div>
   <div class='ocr_carea' id='block_1_67' title="bbox 474 3252 2040 3328">
    <p class='ocr_par' dir='ltr' id='par_1_67' title="bbox 474 3252 2040 3328">
     <span class='ocr_line' id='line_1_68' title="bbox 474 3252 2040 3328; baseline -0.001 -15"><span class='ocrx_word' id='word_1_484' title='bbox 474 3271 533 3313; x_wconf 87' lang='lat' dir='ltr'><strong>et</strong></span> <span class='ocrx_word' id='word_1_485' title='bbox 561 3252 725 3328; x_wconf 82' lang='lat' dir='ltr'><strong>paulo</strong></span> <span class='ocrx_word' id='word_1_486' title='bbox 751 3265 876 3327; x_wconf 90' lang='lat' dir='ltr'><strong>post</strong></span> <span class='ocrx_word' id='word_1_487' title='bbox 905 3272 920 3308; x_wconf 87' lang='lat'><strong>:</strong></span> <span class='ocrx_word' id='word_1_488' title='bbox 964 3273 994 3328; x_wconf 74' lang='lat'><strong>¢_</strong></span> <span class='ocrx_word' id='word_1_489' title='bbox 1016 3253 1098 3309; x_wconf 91' lang='lat' dir='ltr'><strong>Tu</strong></span> <span class='ocrx_word' id='word_1_490' title='bbox 1126 3252 1220 3322; x_wconf 74' lang='lat' dir='ltr'><strong>qui</strong></span> <span class='ocrx_word' id='word_1_491' title='bbox 1251 3268 1403 3323; x_wconf 82' lang='lat' dir='ltr'><strong>papae</strong></span> <span class='ocrx_word' id='word_1_492' title='bbox 1426 3252 1708 3328; x_wconf 79' lang='lat' dir='ltr'><strong>Theophili</strong></span> <span class='ocrx_word' id='word_1_493' title='bbox 1736 3253 1964 3328; x_wconf 81' lang='lat' dir='ltr'><strong>diciste</strong></span> <span class='ocrx_word' id='word_1_494' title='bbox 1984 3256 2040 3311; x_wconf 93' lang='lat' dir='ltr'><strong>in</strong></span> 
     </span>
    </p>
   </div>
   <div class='ocr_carea' id='block_1_68' title="bbox 479 3322 2039 3393">
    <p class='ocr_par' dir='ltr' id='par_1_68' title="bbox 479 3322 2039 3393">
     <span class='ocr_line' id='line_1_69' title="bbox 479 3322 2039 3393; baseline -0.01 -10"><span class='ocrx_word' id='word_1_495' title='bbox 479 3322 733 3383; x_wconf 76' lang='lat' dir='ltr'><strong>omnibus</strong></span> <span class='ocrx_word' id='word_1_496' title='bbox 751 3322 1087 3387; x_wconf 68' lang='lat' dir='ltr'><strong>sententiam</strong></span> <span class='ocrx_word' id='word_1_497' title='bbox 1119 3322 1304 3393; x_wconf 89' lang='lat' dir='ltr'><strong>sequi;</strong></span> <span class='ocrx_word' id='word_1_498' title='bbox 1338 3342 1357 3375; x_wconf 71' lang='grc' dir='ltr'>ι</span> <span class='ocrx_word' id='word_1_499' title='bbox 1403 3332 1458 3377; x_wconf 91' lang='lat' dir='ltr'><strong>et</strong></span> <span class='ocrx_word' id='word_1_500' title='bbox 1491 3322 1685 3378; x_wconf 88' lang='lat' dir='ltr'><strong>deinde</strong></span> <span class='ocrx_word' id='word_1_501' title='bbox 1735 3324 1923 3392; x_wconf 88' lang='lat' dir='ltr'><strong>paucis</strong></span> <span class='ocrx_word' id='word_1_502' title='bbox 1951 3325 2039 3379; x_wconf 90' lang='lat' dir='ltr'><strong>in-</strong></span> 
     </span>
    </p>
   </div>
   <div class='ocr_carea' id='block_1_69' title="bbox 473 3393 2039 3468">
    <p class='ocr_par' dir='ltr' id='par_1_69' title="bbox 473 3393 2039 3468">
     <span class='ocr_line' id='line_1_70' title="bbox 473 3393 2039 3468; baseline -0.002 -15"><span class='ocrx_word' id='word_1_503' title='bbox 473 3398 734 3468; x_wconf 88' lang='lat' dir='ltr'><strong>terjectis,</strong></span> <span class='ocrx_word' id='word_1_504' title='bbox 753 3411 945 3466; x_wconf 84' lang='lat' dir='ltr'><strong>papam</strong></span> <span class='ocrx_word' id='word_1_505' title='bbox 968 3393 1326 3468; x_wconf 74' lang='lat' dir='ltr'><strong>Epiphaniam</strong></span> <span class='ocrx_word' id='word_1_506' title='bbox 1352 3393 1627 3468; x_wconf 67' lang='lat' dir='ltr'><strong>npminat;</strong></span> <span class='ocrx_word' id='word_1_507' title='bbox 1648 3395 2039 3468; x_wconf 18' lang='lat' dir='ltr'><strong>exstant‘etiam</strong></span> 
     </span>
    </p>
   </div>
   <div class='ocr_carea' id='block_1_70' title="bbox 471 3463 2039 3533">
    <p class='ocr_par' dir='ltr' id='par_1_70' title="bbox 471 3463 2039 3533">
     <span class='ocr_line' id='line_1_71' title="bbox 471 3463 2039 3533; baseline -0.003 -9"><span class='ocrx_word' id='word_1_508' title='bbox 471 3463 712 3533; x_wconf 79' lang='lat' dir='ltr'><strong>epistolae</strong></span> <span class='ocrx_word' id='word_1_509' title='bbox 752 3463 821 3521; x_wconf 82' lang='lat'><strong>86</strong></span> <span class='ocrx_word' id='word_1_510' title='bbox 875 3474 929 3520; x_wconf 86' lang='lat' dir='ltr'><strong>et</strong></span> <span class='ocrx_word' id='word_1_511' title='bbox 980 3463 1334 3533; x_wconf 59' lang='lat' dir='ltr'><strong>88&#39;ejusdem</strong></span> <span class='ocrx_word' id='word_1_512' title='bbox 1371 3463 1430 3517; x_wconf 89' lang='lat' dir='ltr'><strong>S.</strong></span> <span class='ocrx_word' id='word_1_513' title='bbox 1474 3463 1711 3533; x_wconf 86' lang='lat' dir='ltr'><strong>doctoris</strong></span> <span class='ocrx_word' id='word_1_514' title='bbox 1740 3463 2039 3533; x_wconf 75' lang='lat' dir='ltr'><strong>beatissimo</strong></span> 
     </span>
    </p>
   </div>
   <div class='ocr_carea' id='block_1_71' title="bbox 526 3532 2038 3608">
    <p class='ocr_par' dir='ltr' id='par_1_71' title="bbox 526 3532 2038 3608">
     <span class='ocr_line' id='line_1_72' title="bbox 526 3532 2038 3608; baseline -0.001 -16"><span class='ocrx_word' id='word_1_515' title='bbox 526 3554 642 3608; x_wconf 70' lang='lat' dir='ltr'><strong>apte</strong></span> <span class='ocrx_word' id='word_1_516' title='bbox 670 3533 952 3605; x_wconf 77' lang='lat' dir='ltr'><strong>Tlieopln‘l‘o</strong></span> <span class='ocrx_word' id='word_1_517' title='bbox 976 3532 1138 3608; x_wconf 64' lang='lat' dir='ltr'><strong>uane,</strong></span> <span class='ocrx_word' id='word_1_518' title='bbox 1174 3532 1515 3608; x_wconf 30' lang='lat' dir='ltr'><strong>operantem.</strong></span> <span class='ocrx_word' id='word_1_519' title='bbox 1550 3532 1593 3601; x_wconf 89' lang='lat' dir='ltr'><strong>l,</strong></span> <span class='ocrx_word' id='word_1_520' title='bbox 1615 3549 1670 3603; x_wconf 91' lang='lat' dir='ltr'><strong>p.</strong></span> <span class='ocrx_word' id='word_1_521' title='bbox 1704 3532 1803 3588; x_wconf 81' lang='grc'><strong>551</strong></span> <span class='ocrx_word' id='word_1_522' title='bbox 1841 3536 2038 3608; x_wconf 81' lang='lat' dir='ltr'><strong>et_552</strong></span> 
     </span>
    </p>
   </div>
   <div class='ocr_carea' id='block_1_72' title="bbox 473 3604 2035 3679">
    <p class='ocr_par' dir='ltr' id='par_1_72' title="bbox 473 3604 2035 3679">
     <span class='ocr_line' id='line_1_73' title="bbox 473 3604 2035 3679; baseline -0.003 -15"><span class='ocrx_word' id='word_1_523' title='bbox 473 3604 605 3665; x_wconf 83' lang='lat' dir='ltr'><strong>edit.</strong></span> <span class='ocrx_word' id='word_1_524' title='bbox 670 3604 914 3679; x_wconf 78' lang='lat' dir='ltr'><strong>ejusdem</strong></span> <span class='ocrx_word' id='word_1_525' title='bbox 977 3604 1233 3679; x_wconf 50' lang='lat' dir='ltr'><strong>Vallarsii</strong></span> <span class='ocrx_word' id='word_1_526' title='bbox 1286 3604 1453 3679; x_wconf 69' lang='grc'>1754,</span> <span class='ocrx_word' id='word_1_527' title='bbox 1498 3605 1561 3679; x_wconf 87' lang='lat' dir='ltr'><strong>in</strong></span> <span class='ocrx_word' id='word_1_528' title='bbox 1599 3620 1828 3674; x_wconf 88' lang='lat' dir='ltr'><strong>quarum</strong></span> <span class='ocrx_word' id='word_1_529' title='bbox 1869 3605 2035 3660; x_wconf 88' lang='lat' dir='ltr'><strong>altera</strong></span> 
     </span>
    </p>
   </div>
   <div class='ocr_carea' id='block_1_73' title="bbox 472 3674 2036 3750">
    <p class='ocr_par' dir='ltr' id='par_1_73' title="bbox 472 3674 2036 3750">
     <span class='ocr_line' id='line_1_74' title="bbox 472 3674 2036 3750; baseline -0.002 -17"><span class='ocrx_word' id='word_1_530' title='bbox 472 3696 526 3750; x_wconf 93' lang='lat' dir='ltr'><strong>p.</strong></span> <span class='ocrx_word' id='word_1_531' title='bbox 560 3680 663 3735; x_wconf 79' lang='grc'><strong>555</strong></span> <span class='ocrx_word' id='word_1_532' title='bbox 687 3674 952 3733; x_wconf 81' lang='lat' dir='ltr'><strong>habentur</strong></span> <span class='ocrx_word' id='word_1_533' title='bbox 980 3676 1094 3750; x_wconf 67' lang='lat' dir='ltr'><strong>haec</strong></span> <span class='ocrx_word' id='word_1_534' title='bbox 1128 3676 1288 3750; x_wconf 79' lang='lat' dir='ltr'><strong>verba</strong></span> <span class='ocrx_word' id='word_1_535' title='bbox 1321 3694 1333 3728; x_wconf 92' lang='lat'><strong>:</strong></span> <span class='ocrx_word' id='word_1_536' title='bbox 1375 3693 1393 3725; x_wconf 77' lang='grc' dir='ltr'>ι</span> <span class='ocrx_word' id='word_1_537' title='bbox 1428 3674 1684 3728; x_wconf 86' lang='lat' dir='ltr'><strong>Adnitere</strong></span> <span class='ocrx_word' id='word_1_538' title='bbox 1719 3690 1867 3746; x_wconf 86' lang='lat' dir='ltr'><strong>ergo,</strong></span> <span class='ocrx_word' id='word_1_539' title='bbox 1898 3690 2036 3745; x_wconf 88' lang='lat' dir='ltr'><strong>papa</strong></span> 
     </span>
    </p>
   </div>
   <div class='ocr_carea' id='block_1_74' title="bbox 472 3746 2038 3816">
    <p class='ocr_par' dir='ltr' id='par_1_74' title="bbox 472 3746 2038 3816">
     <span class='ocr_line' id='line_1_75' title="bbox 472 3746 2038 3816; baseline -0.004 -11"><span class='ocrx_word' id='word_1_540' title='bbox 472 3746 847 3805; x_wconf 75' lang='lat' dir='ltr'><strong>amantissime</strong></span> <span class='ocrx_word' id='word_1_541' title='bbox 882 3758 1043 3816; x_wconf 87' lang='lat' dir='ltr'><strong>atque</strong></span> <span class='ocrx_word' id='word_1_542' title='bbox 1076 3746 1403 3811; x_wconf 86' lang='lat' dir='ltr'><strong>beatissime,</strong></span> <span class='ocrx_word' id='word_1_543' title='bbox 1437 3754 1490 3798; x_wconf 88' lang='lat' dir='ltr'><strong>et</strong></span> <span class='ocrx_word' id='word_1_544' title='bbox 1519 3760 1613 3814; x_wconf 89' lang='lat' dir='ltr'><strong>per</strong></span> <span class='ocrx_word' id='word_1_545' title='bbox 1633 3760 1847 3816; x_wconf 86' lang='lat' dir='ltr'><strong>omnem</strong></span> <span class='ocrx_word' id='word_1_546' title='bbox 1880 3762 2038 3801; x_wconf 66' lang='lat' dir='ltr'><strong>ocra—</strong></span> 
     </span>
    </p>
   </div>
   <div class='ocr_carea' id='block_1_75' title="bbox 471 3815 2034 3885">
    <p class='ocr_par' dir='ltr' id='par_1_75' title="bbox 471 3815 2034 3885">
     <span class='ocr_line' id='line_1_76' title="bbox 471 3815 2034 3885; baseline -0.004 -9"><span class='ocrx_word' id='word_1_547' title='bbox 471 3822 683 3876; x_wconf 87' lang='lat' dir='ltr'><strong>sionetn</strong></span> <span class='ocrx_word' id='word_1_548' title='bbox 722 3821 788 3874; x_wconf 88' lang='lat' dir='ltr'><strong>ad</strong></span> <span class='ocrx_word' id='word_1_549' title='bbox 823 3815 1198 3872; x_wconf 72' lang='lat' dir='ltr'><strong>Occidentales</strong></span> <span class='ocrx_word' id='word_1_550' title='bbox 1230 3818 1521 3885; x_wconf 83' lang='lat' dir='ltr'><strong>episcopos.</strong></span> <span class='ocrx_word' id='word_1_551' title='bbox 1557 3815 1755 3881; x_wconf 88' lang='lat' dir='ltr'><strong>scribe,</strong></span> <span class='ocrx_word' id='word_1_552' title='bbox 1790 3826 1850 3870; x_wconf 92' lang='lat' dir='ltr'><strong>ut</strong></span> <span class='ocrx_word' id='word_1_553' title='bbox 1895 3818 2034 3870; x_wconf 87' lang='lat' dir='ltr'><strong>mala</strong></span> 
     </span>
    </p>
   </div>
   <div class='ocr_carea' id='block_1_76' title="bbox 472 3886 2035 3963">
    <p class='ocr_par' dir='ltr' id='par_1_76' title="bbox 472 3886 2035 3963">
     <span class='ocr_line' id='line_1_77' title="bbox 472 3886 2035 3963; baseline -0.003 -17"><span class='ocrx_word' id='word_1_554' title='bbox 472 3890 742 3963; x_wconf 86' lang='lat' dir='ltr'><strong>germina,</strong></span> <span class='ocrx_word' id='word_1_555' title='bbox 788 3896 1066 3963; x_wconf 87' lang='lat' dir='ltr'><strong>acuta,_ut</strong></span> <span class='ocrx_word' id='word_1_556' title='bbox 1112 3887 1228 3956; x_wconf 90' lang='lat' dir='ltr'><strong>ipse</strong></span> <span class='ocrx_word' id='word_1_557' title='bbox 1278 3886 2035 3963; x_wconf 78' lang='lat' dir='ltr'><strong>signiticas,succideiefalce</strong></span> 
     </span>
    </p>
   </div>
   <div class='ocr_carea' id='block_1_77' title="bbox 472 3956 2035 4026">
    <p class='ocr_par' dir='ltr' id='par_1_77' title="bbox 472 3956 2035 4026">
     <span class='ocr_line' id='line_1_78' title="bbox 472 3956 2035 4026; baseline -0.003 -9"><span class='ocrx_word' id='word_1_558' title='bbox 472 3956 581 4016; x_wconf 74' lang='lat' dir='ltr'><strong>non</strong></span> <span class='ocrx_word' id='word_1_559' title='bbox 631 3969 867 4016; x_wconf 90' lang='lat' dir='ltr'><strong>cessent.</strong></span> <span class='ocrx_word' id='word_1_560' title='bbox 915 3978 934 4010; x_wconf 79' lang='grc' dir='ltr'><strong><em>ι</em></strong></span> <span class='ocrx_word' id='word_1_561' title='bbox 980 3956 1039 4011; x_wconf 86' lang='lat' dir='ltr'><strong>ln</strong></span> <span class='ocrx_word' id='word_1_562' title='bbox 1083 3972 1191 4026; x_wconf 88' lang='lat' dir='ltr'><strong>qua</strong></span> <span class='ocrx_word' id='word_1_563' title='bbox 1229 3959 1391 4010; x_wconf 89' lang='lat' dir='ltr'><strong>etiam</strong></span> <span class='ocrx_word' id='word_1_564' title='bbox 1424 3956 1745 4026; x_wconf 80' lang='lat' dir='ltr'><strong>Anastasius</strong></span> <span class='ocrx_word' id='word_1_565' title='bbox 1785 3972 2035 4012; x_wconf 89' lang='lat' dir='ltr'><strong>summus</strong></span> 
     </span>
    </p>
   </div>
   <div class='ocr_carea' id='block_1_78' title="bbox 471 4024 2031 4100">
    <p class='ocr_par' dir='ltr' id='par_1_78' title="bbox 471 4024 2031 4100">
     <span class='ocr_line' id='line_1_79' title="bbox 471 4024 2031 4100; baseline -0.003 -16"><span class='ocrx_word' id='word_1_566' title='bbox 471 4030 722 4086; x_wconf 79' lang='lat' dir='ltr'><strong>Pontifex</strong></span> <span class='ocrx_word' id='word_1_567' title='bbox 762 4046 901 4100; x_wconf 88' lang='lat' dir='ltr'><strong>papa</strong></span> <span class='ocrx_word' id='word_1_568' title='bbox 955 4024 1183 4100; x_wconf 75' lang='lat' dir='ltr'><strong>vocatur</strong></span> <span class='ocrx_word' id='word_1_569' title='bbox 1226 4042 1348 4100; x_wconf 81' lang='lat' dir='ltr'><strong>pag.</strong></span> <span class='ocrx_word' id='word_1_570' title='bbox 1392 4027 1600 4100; x_wconf 76' lang='lat' dir='ltr'><strong>eadem.</strong></span> <span class='ocrx_word' id='word_1_571' title='bbox 1645 4024 1722 4079; x_wconf 86' lang='lat' dir='ltr'><strong>Ita</strong></span> <span class='ocrx_word' id='word_1_572' title='bbox 1753 4027 1956 4095; x_wconf 89' lang='lat' dir='ltr'><strong>pariter</strong></span> <span class='ocrx_word' id='word_1_573' title='bbox 1979 4031 2031 4082; x_wconf 89' lang='lat' dir='ltr'><strong>in</strong></span> 
     </span>
    </p>
   </div>
   <div class='ocr_carea' id='block_1_79' title="bbox 469 4094 2031 4172">
    <p class='ocr_par' dir='ltr' id='par_1_79' title="bbox 469 4094 2031 4172">
     <span class='ocr_line' id='line_1_80' title="bbox 469 4094 2031 4172; baseline -0.004 -15"><span class='ocrx_word' id='word_1_574' title='bbox 469 4103 715 4172; x_wconf 86' lang='lat' dir='ltr'><strong>epistolis</strong></span> <span class='ocrx_word' id='word_1_575' title='bbox 745 4094 849 4155; x_wconf 68' lang='lat'><strong>{02</strong></span> <span class='ocrx_word' id='word_1_576' title='bbox 875 4108 930 4154; x_wconf 91' lang='lat' dir='ltr'><strong>et</strong></span> <span class='ocrx_word' id='word_1_577' title='bbox 952 4098 1076 4163; x_wconf 87' lang='grc'>105,</span> <span class='ocrx_word' id='word_1_578' title='bbox 1108 4094 1242 4152; x_wconf 73' lang='lat' dir='ltr'><strong>tom.</strong></span> <span class='ocrx_word' id='word_1_579' title='bbox 1273 4094 1319 4172; x_wconf 69' lang='grc'><strong>1,</strong></span> <span class='ocrx_word' id='word_1_580' title='bbox 1357 4094 1540 4172; x_wconf 67' lang='lat' dir='ltr'><strong>p.626</strong></span> <span class='ocrx_word' id='word_1_581' title='bbox 1580 4103 1636 4172; x_wconf 83' lang='lat' dir='ltr'><strong>e_t</strong></span> <span class='ocrx_word' id='word_1_582' title='bbox 1665 4094 1819 4172; x_wconf 79' lang='lat' dir='ltr'><strong>seqq.</strong></span> <span class='ocrx_word' id='word_1_583' title='bbox 1849 4110 2031 4172; x_wconf 77' lang='lat' dir='ltr'><strong>sancto</strong></span> 
     </span>
    </p>
   </div>
   <div class='ocr_carea' id='block_1_80' title="bbox 431 4165 2033 4240">
    <p class='ocr_par' dir='ltr' id='par_1_80' title="bbox 431 4165 2033 4240">
     <span class='ocr_line' id='line_1_81' title="bbox 431 4165 2033 4240; baseline -0.004 -12"><span class='ocrx_word' id='word_1_584' title='bbox 431 4188 439 4194; x_wconf 84' lang='lat'><strong>&#39;</strong></span> <span class='ocrx_word' id='word_1_585' title='bbox 468 4165 531 4227; x_wconf 70' lang='lat' dir='ltr'><strong>ac</strong></span> <span class='ocrx_word' id='word_1_586' title='bbox 561 4172 860 4226; x_wconf 81' lang='lat' dir='ltr'><strong>beatissimo</strong></span> <span class='ocrx_word' id='word_1_587' title='bbox 887 4184 1038 4240; x_wconf 79' lang='lat' dir='ltr'><strong>papa:</strong></span> <span class='ocrx_word' id='word_1_588' title='bbox 1065 4165 1364 4240; x_wconf 78' lang='lat' dir='ltr'><strong>Augustino</strong></span> <span class='ocrx_word' id='word_1_589' title='bbox 1397 4165 1562 4230; x_wconf 88' lang='lat' dir='ltr'><strong>datis,</strong></span> <span class='ocrx_word' id='word_1_590' title='bbox 1603 4165 2033 4240; x_wconf 64' lang='lat' dir='ltr'><strong>haecinveniun-</strong></span> 
     </span>
    </p>
   </div>
   <div class='ocr_carea' id='block_1_81' title="bbox 470 4236 2028 4307">
    <p class='ocr_par' dir='ltr' id='par_1_81' title="bbox 470 4236 2028 4307">
     <span class='ocr_line' id='line_1_82' title="bbox 470 4236 2028 4307; baseline -0.003 -10"><span class='ocrx_word' id='word_1_591' title='bbox 470 4252 597 4301; x_wconf 87' lang='lat' dir='ltr'><strong>tur:</strong></span> <span class='ocrx_word' id='word_1_592' title='bbox 635 4261 654 4293; x_wconf 72' lang='grc' dir='ltr'>ι</span> <span class='ocrx_word' id='word_1_593' title='bbox 697 4236 969 4296; x_wconf 80' lang='lat' dir='ltr'><strong>Memento</strong></span> <span class='ocrx_word' id='word_1_594' title='bbox 1002 4239 1130 4300; x_wconf 84' lang='lat' dir='ltr'><strong>mei,</strong></span> <span class='ocrx_word' id='word_1_595' title='bbox 1158 4236 1350 4292; x_wconf 83' lang='lat' dir='ltr'><strong>sancte</strong></span> <span class='ocrx_word' id='word_1_596' title='bbox 1386 4252 1451 4293; x_wconf 89' lang='lat' dir='ltr'><strong>ac</strong></span> <span class='ocrx_word' id='word_1_597' title='bbox 1492 4236 1821 4291; x_wconf 86' lang='lat' dir='ltr'><strong>venerabilis</strong></span> <span class='ocrx_word' id='word_1_598' title='bbox 1867 4252 2028 4307; x_wconf 90' lang='lat' dir='ltr'><strong>papa,</strong></span> 
     </span>
    </p>
   </div>
   <div class='ocr_carea' id='block_1_82' title="bbox 466 4307 2026 4377">
    <p class='ocr_par' dir='ltr' id='par_1_82' title="bbox 466 4307 2026 4377">
     <span class='ocr_line' id='line_1_83' title="bbox 466 4307 2026 4377; baseline -0.003 -10"><span class='ocrx_word' id='word_1_599' title='bbox 466 4323 521 4367; x_wconf 89' lang='lat' dir='ltr'><strong>et</strong></span> <span class='ocrx_word' id='word_1_600' title='bbox 559 4322 806 4367; x_wconf 86' lang='lat' dir='ltr'><strong>sanctum</strong></span> <span class='ocrx_word' id='word_1_601' title='bbox 835 4325 898 4366; x_wconf 89' lang='lat' dir='ltr'><strong>ac</strong></span> <span class='ocrx_word' id='word_1_602' title='bbox 927 4308 1287 4364; x_wconf 86' lang='lat' dir='ltr'><strong>venerabilem</strong></span> <span class='ocrx_word' id='word_1_603' title='bbox 1309 4307 1529 4361; x_wconf 82' lang='lat' dir='ltr'><strong>fratrem</strong></span> <span class='ocrx_word' id='word_1_604' title='bbox 1555 4316 1801 4361; x_wconf 88' lang='lat' dir='ltr'><strong>nostrum</strong></span> <span class='ocrx_word' id='word_1_605' title='bbox 1836 4322 2026 4377; x_wconf 85' lang='lat' dir='ltr'><strong>papam</strong></span> 
     </span>
    </p>
   </div>
   <div class='ocr_carea' id='block_1_83' title="bbox 468 4376 2031 4454">
    <p class='ocr_par' dir='ltr' id='par_1_83' title="bbox 468 4376 2031 4454">
     <span class='ocr_line' id='line_1_84' title="bbox 468 4376 2031 4454; baseline -0.003 -18"><span class='ocrx_word' id='word_1_606' title='bbox 468 4386 742 4454; x_wconf 82' lang='lat' dir='ltr'><strong>Alypium,</strong></span> <span class='ocrx_word' id='word_1_607' title='bbox 779 4391 837 4434; x_wconf 93' lang='lat' dir='ltr'><strong>ut</strong></span> <span class='ocrx_word' id='word_1_608' title='bbox 886 4395 1009 4435; x_wconf 88' lang='lat' dir='ltr'><strong>meo</strong></span> <span class='ocrx_word' id='word_1_609' title='bbox 1045 4379 1567 4454; x_wconf 71' lang='lat' dir='ltr'><strong>obsequiosalutes,</strong></span> <span class='ocrx_word' id='word_1_610' title='bbox 1608 4376 2031 4454; x_wconf 32' lang='lat' dir='ltr'><strong>obsecro...’lii-</strong></span> 
     </span>
    </p>
   </div>
   <div class='ocr_carea' id='block_1_84' title="bbox 465 4446 2031 4510">
    <p class='ocr_par' dir='ltr' id='par_1_84' title="bbox 465 4446 2031 4510">
     <span class='ocr_line' id='line_1_85' title="bbox 465 4446 2031 4510; baseline -0.004 0"><span class='ocrx_word' id='word_1_611' title='bbox 465 4446 735 4510; x_wconf 71' lang='lat' dir='ltr'><strong>coitionem</strong></span> <span class='ocrx_word' id='word_1_612' title='bbox 756 4461 808 4505; x_wconf 89' lang='lat' dir='ltr'><strong>te</strong></span> <span class='ocrx_word' id='word_1_613' title='bbox 830 4460 886 4506; x_wconf 88' lang='lat' dir='ltr'><strong>et</strong></span> <span class='ocrx_word' id='word_1_614' title='bbox 904 4446 1211 4505; x_wconf 77' lang='lat' dir='ltr'><strong>memorem</strong></span> <span class='ocrx_word' id='word_1_615' title='bbox 1233 4449 1339 4503; x_wconf 74' lang='lat' dir='ltr'><strong>insi</strong></span> <span class='ocrx_word' id='word_1_616' title='bbox 1367 4448 1620 4503; x_wconf 84' lang='lat' dir='ltr'><strong>Christus</strong></span> <span class='ocrx_word' id='word_1_617' title='bbox 1646 4446 1909 4502; x_wconf 85' lang='lat' dir='ltr'><strong>Dominus</strong></span> <span class='ocrx_word' id='word_1_618' title='bbox 1931 4464 2031 4504; x_wconf 90' lang='lat' dir='ltr'><strong>no-</strong></span> 
     </span>
    </p>
   </div>
   <div class='ocr_carea' id='block_1_85' title="bbox 466 4520 2026 4590">
    <p class='ocr_par' dir='ltr' id='par_1_85' title="bbox 466 4520 2026 4590">
     <span class='ocr_line' id='line_1_86' title="bbox 466 4520 2026 4590; baseline -0.003 -12"><span class='ocrx_word' id='word_1_619' title='bbox 466 4534 580 4579; x_wconf 88' lang='lat' dir='ltr'><strong>ster</strong></span> <span class='ocrx_word' id='word_1_620' title='bbox 633 4532 847 4576; x_wconf 88' lang='lat' dir='ltr'><strong>tueatur</strong></span> <span class='ocrx_word' id='word_1_621' title='bbox 903 4520 1272 4590; x_wconf 88' lang='lat' dir='ltr'><strong>omnipotens,</strong></span> <span class='ocrx_word' id='word_1_622' title='bbox 1322 4520 1541 4574; x_wconf 85' lang='lat' dir='ltr'><strong>domine</strong></span> <span class='ocrx_word' id='word_1_623' title='bbox 1587 4533 1709 4572; x_wconf 86' lang='lat' dir='ltr'><strong>vere</strong></span> <span class='ocrx_word' id='word_1_624' title='bbox 1754 4526 1941 4573; x_wconf 88' lang='lat' dir='ltr'><strong>sancte</strong></span> <span class='ocrx_word' id='word_1_625' title='bbox 1973 4530 2026 4574; x_wconf 87' lang='lat' dir='ltr'><strong>et</strong></span> 
     </span>
    </p>
   </div>
   <div class='ocr_carea' id='block_1_86' title="bbox 465 4589 2027 4663">
    <p class='ocr_par' dir='ltr' id='par_1_86' title="bbox 465 4589 2027 4663">
     <span class='ocr_line' id='line_1_87' title="bbox 465 4589 2027 4663; baseline -0.003 -16"><span class='ocrx_word' id='word_1_626' title='bbox 465 4592 811 4663; x_wconf 75' lang='lat' dir='ltr'><strong>suspiciende</strong></span> <span class='ocrx_word' id='word_1_627' title='bbox 841 4606 997 4662; x_wconf 88' lang='lat' dir='ltr'><strong>papa.</strong></span> <span class='ocrx_word' id='word_1_628' title='bbox 1030 4589 1373 4663; x_wconf 38' lang='lat' dir='ltr'><strong>i’lununtera</strong></span> <span class='ocrx_word' id='word_1_629' title='bbox 1397 4590 1514 4663; x_wconf 73' lang='lat' dir='ltr'><strong>alia</strong></span> <span class='ocrx_word' id='word_1_630' title='bbox 1548 4600 1675 4663; x_wconf 77' lang='lat' dir='ltr'><strong>sunt</strong></span> <span class='ocrx_word' id='word_1_631' title='bbox 1705 4590 1847 4657; x_wconf 87' lang='lat' dir='ltr'><strong>apud</strong></span> <span class='ocrx_word' id='word_1_632' title='bbox 1874 4604 2027 4644; x_wconf 84' lang='lat' dir='ltr'><strong>eum-</strong></span> 
     </span>
    </p>
   </div>
   <div class='ocr_carea' id='block_1_87' title="bbox 466 4658 2030 4734">
    <p class='ocr_par' dir='ltr' id='par_1_87' title="bbox 466 4658 2030 4734">
     <span class='ocr_line' id='line_1_88' title="bbox 466 4658 2030 4734; baseline -0.004 -14"><span class='ocrx_word' id='word_1_633' title='bbox 466 4658 586 4720; x_wconf 81' lang='lat' dir='ltr'><strong>deni</strong></span> <span class='ocrx_word' id='word_1_634' title='bbox 613 4664 671 4718; x_wconf 84' lang='lat' dir='ltr'><strong>S.</strong></span> <span class='ocrx_word' id='word_1_635' title='bbox 703 4658 1093 4734; x_wconf 79' lang='lat' dir='ltr'><strong>Hieronymum</strong></span> <span class='ocrx_word' id='word_1_636' title='bbox 1120 4660 1432 4734; x_wconf 77' lang='lat' dir='ltr'><strong>huiusmodi</strong></span> <span class='ocrx_word' id='word_1_637' title='bbox 1457 4658 1725 4734; x_wconf 81' lang='lat' dir='ltr'><strong>exempla,</strong></span> <span class='ocrx_word' id='word_1_638' title='bbox 1752 4673 1874 4729; x_wconf 75' lang='lat' dir='ltr'><strong>quae</strong></span> <span class='ocrx_word' id='word_1_639' title='bbox 1893 4674 2030 4734; x_wconf 60' lang='lat' dir='ltr'><strong>prae-</strong></span> 
     </span>
    </p>
   </div>
   <div class='ocr_carea' id='block_1_88' title="bbox 466 4729 2027 4801">
    <p class='ocr_par' dir='ltr' id='par_1_88' title="bbox 466 4729 2027 4801">
     <span class='ocr_line' id='line_1_89' title="bbox 466 4729 2027 4801; baseline -0.002 -13"><span class='ocrx_word' id='word_1_640' title='bbox 466 4744 753 4790; x_wconf 85' lang='lat' dir='ltr'><strong>tereuntur</strong></span> <span class='ocrx_word' id='word_1_641' title='bbox 781 4729 1053 4799; x_wconf 74' lang='lat' dir='ltr'><strong>consulto,</strong></span> <span class='ocrx_word' id='word_1_642' title='bbox 1087 4746 1155 4785; x_wconf 90' lang='lat' dir='ltr'><strong>ne</strong></span> <span class='ocrx_word' id='word_1_643' title='bbox 1179 4733 1452 4801; x_wconf 83' lang='lat' dir='ltr'><strong>longiores</strong></span> <span class='ocrx_word' id='word_1_644' title='bbox 1479 4732 1654 4801; x_wconf 84' lang='lat' dir='ltr'><strong>simus</strong></span> <span class='ocrx_word' id='word_1_645' title='bbox 1673 4730 1727 4801; x_wconf 89' lang='lat' dir='ltr'><strong>in</strong></span> <span class='ocrx_word' id='word_1_646' title='bbox 1763 4746 1823 4791; x_wconf 86' lang='lat' dir='ltr'><strong>re</strong></span> <span class='ocrx_word' id='word_1_647' title='bbox 1841 4729 2027 4800; x_wconf 80' lang='lat' dir='ltr'><strong>explo-</strong></span> 
     </span>
    </p>
   </div>
   <div class='ocr_carea' id='block_1_89' title="bbox 466 4799 2025 4871">
    <p class='ocr_par' dir='ltr' id='par_1_89' title="bbox 466 4799 2025 4871">
     <span class='ocr_line' id='line_1_90' title="bbox 466 4799 2025 4871; baseline -0.003 -12"><span class='ocrx_word' id='word_1_648' title='bbox 466 4806 774 4859; x_wconf 84' lang='lat' dir='ltr'><strong>ratissima:</strong></span> <span class='ocrx_word' id='word_1_649' title='bbox 810 4805 1093 4858; x_wconf 89' lang='lat' dir='ltr'><strong>innumera</strong></span> <span class='ocrx_word' id='word_1_650' title='bbox 1120 4799 1340 4871; x_wconf 84' lang='lat' dir='ltr'><strong>quoque</strong></span> <span class='ocrx_word' id='word_1_651' title='bbox 1367 4801 1509 4871; x_wconf 90' lang='lat' dir='ltr'><strong>apud</strong></span> <span class='ocrx_word' id='word_1_652' title='bbox 1554 4799 1612 4854; x_wconf 90' lang='lat' dir='ltr'><strong>S.</strong></span> <span class='ocrx_word' id='word_1_653' title='bbox 1659 4799 2025 4871; x_wconf 82' lang='lat' dir='ltr'><strong>Augustinum</strong></span> 
     </span>
    </p>
   </div>
   <div class='ocr_carea' id='block_1_90' title="bbox 463 4870 2030 4946">
    <p class='ocr_par' dir='ltr' id='par_1_90' title="bbox 463 4870 2030 4946">
     <span class='ocr_line' id='line_1_91' title="bbox 463 4870 2030 4946; baseline -0.001 -18"><span class='ocrx_word' id='word_1_654' title='bbox 463 4876 520 4946; x_wconf 77' lang='lat' dir='ltr'><strong>in</strong></span> <span class='ocrx_word' id='word_1_655' title='bbox 544 4876 788 4946; x_wconf 84' lang='lat' dir='ltr'><strong>epistolis</strong></span> <span class='ocrx_word' id='word_1_656' title='bbox 816 4874 904 4946; x_wconf 73' lang='grc'><strong>15,</strong></span> <span class='ocrx_word' id='word_1_657' title='bbox 936 4873 1030 4946; x_wconf 86' lang='grc'>18,</span> <span class='ocrx_word' id='word_1_658' title='bbox 1059 4870 1361 4946; x_wconf 56' lang='lat'><strong>222,256,</strong></span> <span class='ocrx_word' id='word_1_659' title='bbox 1384 4870 1650 4946; x_wconf 78' lang='lat' dir='ltr'><strong>aliosque,</strong></span> <span class='ocrx_word' id='word_1_660' title='bbox 1679 4870 1825 4946; x_wconf 69' lang='lat' dir='ltr'><strong>quos</strong></span> <span class='ocrx_word' id='word_1_661' title='bbox 1848 4871 2030 4946; x_wconf 74' lang='lat' dir='ltr'><strong>laudat</strong></span> 
     </span>
    </p>
   </div>
   <div class='ocr_carea' id='block_1_91' title="bbox 462 4939 2029 5011">
    <p class='ocr_par' dir='ltr' id='par_1_91' title="bbox 462 4939 2029 5011">
     <span class='ocr_line' id='line_1_92' title="bbox 462 4939 2029 5011; baseline -0.003 -12"><span class='ocrx_word' id='word_1_662' title='bbox 462 4939 780 5002; x_wconf 77' lang='lat' dir='ltr'><strong>Joaétiimus</strong></span> <span class='ocrx_word' id='word_1_663' title='bbox 833 4942 1110 4999; x_wconf 75' lang='lat' dir='ltr'><strong>Vedianas</strong></span> <span class='ocrx_word' id='word_1_664' title='bbox 1167 4944 1262 4997; x_wconf 91' lang='lat' dir='ltr'><strong>lib.</strong></span> <span class='ocrx_word' id='word_1_665' title='bbox 1322 4943 1399 4995; x_wconf 86' lang='lat' dir='ltr'><strong>De</strong></span> <span class='ocrx_word' id='word_1_666' title='bbox 1448 4939 1728 5011; x_wconf 63' lang='lat' dir='ltr'><strong>primitiae:</strong></span> <span class='ocrx_word' id='word_1_667' title='bbox 1776 4939 2029 5011; x_wconf 67' lang='lat' dir='ltr'><strong>Ecclesia:</strong></span> 
     </span>
    </p>
   </div>
   <div class='ocr_carea' id='block_1_92' title="bbox 462 5009 2027 5084">
    <p class='ocr_par' dir='ltr' id='par_1_92' title="bbox 462 5009 2027 5084">
     <span class='ocr_line' id='line_1_93' title="bbox 462 5009 2027 5084; baseline -0.003 -14"><span class='ocrx_word' id='word_1_668' title='bbox 462 5027 609 5072; x_wconf 83' lang='lat' dir='ltr'><strong>statu</strong></span> <span class='ocrx_word' id='word_1_669' title='bbox 656 5019 759 5071; x_wconf 89' lang='lat' dir='ltr'><strong>sub</strong></span> <span class='ocrx_word' id='word_1_670' title='bbox 794 5018 980 5079; x_wconf 85' lang='lat' dir='ltr'><strong>linem,</strong></span> <span class='ocrx_word' id='word_1_671' title='bbox 1014 5012 1313 5084; x_wconf 85' lang='lat' dir='ltr'><strong>Bignonius</strong></span> <span class='ocrx_word' id='word_1_672' title='bbox 1334 5012 1407 5084; x_wconf 87' lang='lat' dir='ltr'><strong>ad</strong></span> <span class='ocrx_word' id='word_1_673' title='bbox 1440 5009 1590 5084; x_wconf 58' lang='grc' dir='ltr'><strong>Ιώ.)</strong></span> <span class='ocrx_word' id='word_1_674' title='bbox 1627 5009 1890 5084; x_wconf 77' lang='lat' dir='ltr'><strong>Marcum,</strong></span> <span class='ocrx_word' id='word_1_675' title='bbox 1927 5010 2027 5066; x_wconf 88' lang='lat' dir='ltr'><strong>Sa-</strong></span> 
     </span>
    </p>
   </div>
   <div class='ocr_carea' id='block_1_93' title="bbox 462 5080 2028 5152">
    <p class='ocr_par' dir='ltr' id='par_1_93' title="bbox 462 5080 2028 5152">
     <span class='ocr_line' id='line_1_94' title="bbox 462 5080 2028 5152; baseline -0.003 -11"><span class='ocrx_word' id='word_1_676' title='bbox 462 5102 596 5143; x_wconf 85' lang='lat' dir='ltr'><strong>varo</strong></span> <span class='ocrx_word' id='word_1_677' title='bbox 624 5090 689 5143; x_wconf 87' lang='lat' dir='ltr'><strong>ad</strong></span> <span class='ocrx_word' id='word_1_678' title='bbox 732 5085 1020 5142; x_wconf 88' lang='lat' dir='ltr'><strong>Sidonium</strong></span> <span class='ocrx_word' id='word_1_679' title='bbox 1054 5080 1148 5138; x_wconf 73' lang='lat' dir='ltr'><strong>lib.</strong></span> <span class='ocrx_word' id='word_1_680' title='bbox 1180 5099 1218 5147; x_wconf 86' lang='grc' dir='ltr'>ι,</span> <span class='ocrx_word' id='word_1_681' title='bbox 1262 5083 1421 5152; x_wconf 84' lang='lat' dir='ltr'><strong>epist.</strong></span> <span class='ocrx_word' id='word_1_682' title='bbox 1447 5084 1502 5137; x_wconf 88' lang='lat'><strong>6.</strong></span> <span class='ocrx_word' id='word_1_683' title='bbox 1541 5080 1601 5137; x_wconf 86' lang='lat' dir='ltr'><strong>In</strong></span> <span class='ocrx_word' id='word_1_684' title='bbox 1634 5082 1776 5137; x_wconf 85' lang='lat' dir='ltr'><strong>serie</strong></span> <span class='ocrx_word' id='word_1_685' title='bbox 1808 5095 2028 5152; x_wconf 85' lang='lat' dir='ltr'><strong>quoque</strong></span> 
     </span>
    </p>
   </div>
   <div class='ocr_carea' id='block_1_94' title="bbox 460 5152 2025 5228">
    <p class='ocr_par' dir='ltr' id='par_1_94' title="bbox 460 5152 2025 5228">
     <span class='ocr_line' id='line_1_95' title="bbox 460 5152 2025 5228; baseline -0.003 -18"><span class='ocrx_word' id='word_1_686' title='bbox 460 5160 844 5228; x_wconf 79' lang='lat' dir='ltr'><strong>episcOporum</strong></span> <span class='ocrx_word' id='word_1_687' title='bbox 875 5155 1197 5211; x_wconf 80' lang='lat' dir='ltr'><strong>Metensium</strong></span> <span class='ocrx_word' id='word_1_688' title='bbox 1224 5153 1561 5228; x_wconf 75' lang='lat' dir='ltr'><strong>scriptasub</strong></span> <span class='ocrx_word' id='word_1_689' title='bbox 1604 5152 1800 5208; x_wconf 89' lang='lat' dir='ltr'><strong>Carolo</strong></span> <span class='ocrx_word' id='word_1_690' title='bbox 1830 5152 2025 5223; x_wconf 79' lang='lat' dir='ltr'><strong>Magno</strong></span> 
     </span>
    </p>
   </div>
   <div class='ocr_carea' id='block_1_95' title="bbox 508 5223 1675 5300">
    <p class='ocr_par' dir='ltr' id='par_1_95' title="bbox 508 5223 1675 5300">
     <span class='ocr_line' id='line_1_96' title="bbox 508 5223 1675 5300; baseline -0.005 -18"><span class='ocrx_word' id='word_1_691' title='bbox 508 5223 885 5300; x_wconf 80' lang='lat' dir='ltr'><strong>hrodégangus</strong></span> <span class='ocrx_word' id='word_1_692' title='bbox 920 5240 1071 5300; x_wconf 66' lang='lat' dir='ltr'><strong>papie</strong></span> <span class='ocrx_word' id='word_1_693' title='bbox 1105 5226 1324 5300; x_wconf 72' lang='lat' dir='ltr'><strong>nomine</strong></span> <span class='ocrx_word' id='word_1_694' title='bbox 1347 5223 1637 5300; x_wconf 80' lang='lat' dir='ltr'><strong>insignitnr</strong></span> <span class='ocrx_word' id='word_1_695' title='bbox 1662 5240 1675 5276; x_wconf 90' lang='lat'>:</span> 
     </span>
    </p>
   </div>
   <div class='ocr_carea' id='block_1_96' title="bbox 536 5291 1909 5366">
    <p class='ocr_par' dir='ltr' id='par_1_96' title="bbox 536 5291 1909 5366">
     <span class='ocr_line' id='line_1_97' title="bbox 536 5291 1909 5366; baseline -0.007 -12"><span class='ocrx_word' id='word_1_696' title='bbox 536 5291 746 5354; x_wconf 57' lang='lat' dir='ltr'><strong>Nobilis</strong></span> <span class='ocrx_word' id='word_1_697' title='bbox 770 5291 825 5354; x_wconf 73' lang='lat' dir='ltr'><strong>iii</strong></span> <span class='ocrx_word' id='word_1_698' title='bbox 861 5291 1061 5352; x_wconf 69' lang='lat' dir='ltr'><strong>cunctis</strong></span> <span class='ocrx_word' id='word_1_699' title='bbox 1082 5312 1221 5366; x_wconf 87' lang='lat' dir='ltr'><strong>papa</strong></span> <span class='ocrx_word' id='word_1_700' title='bbox 1243 5291 1648 5366; x_wconf 65' lang='lat' dir='ltr'><strong>Chrodegangus</strong></span> <span class='ocrx_word' id='word_1_701' title='bbox 1671 5291 1909 5366; x_wconf 50' lang='lat' dir='ltr'><strong>habetur.</strong></span> 
     </span>
    </p>
   </div>
   <div class='ocr_carea' id='block_1_97' title="bbox 458 5362 2023 5436">
    <p class='ocr_par' dir='ltr' id='par_1_97' title="bbox 458 5362 2023 5436">
     <span class='ocr_line' id='line_1_98' title="bbox 458 5362 2023 5436; baseline -0.006 -11"><span class='ocrx_word' id='word_1_702' title='bbox 458 5367 622 5426; x_wconf 87' lang='lat' dir='ltr'><strong>Plura</strong></span> <span class='ocrx_word' id='word_1_703' title='bbox 653 5374 775 5425; x_wconf 88' lang='lat' dir='ltr'><strong>vide</strong></span> <span class='ocrx_word' id='word_1_704' title='bbox 828 5370 971 5436; x_wconf 91' lang='lat' dir='ltr'><strong>apud</strong></span> <span class='ocrx_word' id='word_1_705' title='bbox 1018 5362 1093 5422; x_wconf 72' lang='lat' dir='ltr'><strong>da</strong></span> <span class='ocrx_word' id='word_1_706' title='bbox 1138 5362 1312 5436; x_wconf 78' lang='lat' dir='ltr'><strong>Gange</strong></span> <span class='ocrx_word' id='word_1_707' title='bbox 1354 5362 1463 5436; x_wconf 68' lang='lat' dir='ltr'><strong>loc.</strong></span> <span class='ocrx_word' id='word_1_708' title='bbox 1503 5362 1636 5429; x_wconf 86' lang='lat' dir='ltr'><strong>cii..;</strong></span> <span class='ocrx_word' id='word_1_709' title='bbox 1671 5362 2023 5436; x_wconf 76' lang='lat' dir='ltr'><strong>Theophilum</strong></span> 
     </span>
    </p>
   </div>
   <div class='ocr_carea' id='block_1_98' title="bbox 461 5432 2024 5513">
    <p class='ocr_par' dir='ltr' id='par_1_98' title="bbox 461 5432 2024 5513">
     <span class='ocr_line' id='line_1_99' title="bbox 461 5432 2024 5513; baseline -0.003 -21"><span class='ocrx_word' id='word_1_710' title='bbox 461 5439 819 5513; x_wconf 76' lang='lat' dir='ltr'><strong>Baynaudum</strong></span> <span class='ocrx_word' id='word_1_711' title='bbox 850 5432 1186 5513; x_wconf 81' lang='lat' dir='ltr'><strong>Oper._t_om._</strong></span> <span class='ocrx_word' id='word_1_712' title='bbox 1323 5436 1377 5490; x_wconf 91' lang='lat' dir='ltr'><strong>in</strong></span> <span class='ocrx_word' id='word_1_713' title='bbox 1397 5432 1768 5513; x_wconf 79' lang='lat' dir='ltr'><strong>_Ouomastico</strong></span> <span class='ocrx_word' id='word_1_714' title='bbox 1802 5434 2024 5513; x_wconf 85' lang='lat' dir='ltr'><strong>pontiﬁ-</strong></span> 
     </span>
    </p>
   </div>
   <div class='ocr_carea' id='block_1_99' title="bbox 457 5505 2023 5582">
    <p class='ocr_par' dir='ltr' id='par_1_99' title="bbox 457 5505 2023 5582">
     <span class='ocr_line' id='line_1_100' title="bbox 457 5505 2023 5582; baseline -0.004 -17"><span class='ocrx_word' id='word_1_715' title='bbox 457 5505 568 5575; x_wconf 63' lang='lat' dir='ltr'><strong>cio&#39;,</strong></span> <span class='ocrx_word' id='word_1_716' title='bbox 601 5515 750 5566; x_wconf 88' lang='lat' dir='ltr'><strong>verb.</strong></span> <span class='ocrx_word' id='word_1_717' title='bbox 791 5505 969 5582; x_wconf 72' lang='lat' dir='ltr'><strong>Papa;</strong></span> <span class='ocrx_word' id='word_1_718' title='bbox 1024 5508 1197 5565; x_wconf 72' lang='lat' dir='ltr'><strong>Macri.</strong></span> <span class='ocrx_word' id='word_1_719' title='bbox 1224 5505 1559 5582; x_wconf 61' lang='grc' dir='ltr'><strong>Βίαν-οιαὶοο</strong></span> <span class='ocrx_word' id='word_1_720' title='bbox 1594 5506 1757 5582; x_wconf 79' lang='lat' dir='ltr'><strong>verbo</strong></span> <span class='ocrx_word' id='word_1_721' title='bbox 1810 5506 2023 5569; x_wconf 88' lang='lat' dir='ltr'><strong>eodem,</strong></span> 
     </span>
    </p>
   </div>
   <div class='ocr_carea' id='block_1_100' title="bbox 457 5577 2021 5651">
    <p class='ocr_par' dir='ltr' id='par_1_100' title="bbox 457 5577 2021 5651">
     <span class='ocr_line' id='line_1_101' title="bbox 457 5577 2021 5651; baseline -0.004 -16"><span class='ocrx_word' id='word_1_722' title='bbox 457 5585 708 5651; x_wconf 82' lang='lat' dir='ltr'><strong>aliosque</strong></span> <span class='ocrx_word' id='word_1_723' title='bbox 733 5583 826 5651; x_wconf 91' lang='lat' dir='ltr'><strong>qui</strong></span> <span class='ocrx_word' id='word_1_724' title='bbox 858 5577 963 5636; x_wconf 79' lang='lat' dir='ltr'><strong>hoc</strong></span> <span class='ocrx_word' id='word_1_725' title='bbox 999 5582 1077 5651; x_wconf 66' lang='lat' dir='ltr'><strong>de</strong></span> <span class='ocrx_word' id='word_1_726' title='bbox 1119 5580 1341 5651; x_wconf 86' lang='lat' dir='ltr'><strong>nomine</strong></span> <span class='ocrx_word' id='word_1_727' title='bbox 1382 5577 1603 5651; x_wconf 86' lang='lat' dir='ltr'><strong>abunde</strong></span> <span class='ocrx_word' id='word_1_728' title='bbox 1628 5578 2021 5630; x_wconf 86' lang='lat' dir='ltr'><strong>disseruerunt.</strong></span> 
     </span>
    </p>
   </div>
   <div class='ocr_carea' id='block_1_101' title="bbox 458 5648 2023 5719">
    <p class='ocr_par' dir='ltr' id='par_1_101' title="bbox 458 5648 2023 5719">
     <span class='ocr_line' id='line_1_102' title="bbox 458 5648 2023 5719; baseline -0.003 -15"><span class='ocrx_word' id='word_1_729' title='bbox 458 5648 711 5715; x_wconf 54' lang='lat' dir='ltr'><strong>llinc,&#39;ut</strong></span> <span class='ocrx_word' id='word_1_730' title='bbox 747 5648 922 5719; x_wconf 83' lang='lat' dir='ltr'><strong>inquit</strong></span> <span class='ocrx_word' id='word_1_731' title='bbox 942 5652 1014 5706; x_wconf 90' lang='lat' dir='ltr'><strong>du</strong></span> <span class='ocrx_word' id='word_1_732' title='bbox 1040 5648 1282 5719; x_wconf 86' lang='lat' dir='ltr'><strong>Cangius</strong></span> <span class='ocrx_word' id='word_1_733' title='bbox 1310 5650 1413 5703; x_wconf 85' lang='lat' dir='ltr'><strong>loc.</strong></span> <span class='ocrx_word' id='word_1_734' title='bbox 1441 5649 1554 5713; x_wconf 90' lang='lat' dir='ltr'><strong>cit.,</strong></span> <span class='ocrx_word' id='word_1_735' title='bbox 1572 5666 1591 5699; x_wconf 72' lang='grc' dir='ltr'>ι</span> <span class='ocrx_word' id='word_1_736' title='bbox 1628 5662 1752 5702; x_wconf 88' lang='lat' dir='ltr'><strong>cum</strong></span> <span class='ocrx_word' id='word_1_737' title='bbox 1781 5662 2023 5719; x_wconf 47' lang='lat' dir='ltr'><strong>comniuf</strong></span> 
     </span>
    </p>
   </div>
   <div class='ocr_carea' id='block_1_102' title="bbox 457 5715 2022 5788">
    <p class='ocr_par' dir='ltr' id='par_1_102' title="bbox 457 5715 2022 5788">
     <span class='ocr_line' id='line_1_103' title="bbox 457 5715 2022 5788; baseline -0.002 -12"><span class='ocrx_word' id='word_1_738' title='bbox 457 5739 544 5777; x_wconf 85' lang='lat' dir='ltr'><strong>ms</strong></span> <span class='ocrx_word' id='word_1_739' title='bbox 574 5731 719 5779; x_wconf 82' lang='lat' dir='ltr'><strong>esset</strong></span> <span class='ocrx_word' id='word_1_740' title='bbox 748 5715 842 5776; x_wconf 75' lang='lat' dir='ltr'><strong>illa</strong></span> <span class='ocrx_word' id='word_1_741' title='bbox 868 5715 1297 5788; x_wconf 74' lang='lat' dir='ltr'><strong>tiomenclaiura,</strong></span> <span class='ocrx_word' id='word_1_742' title='bbox 1338 5718 1540 5777; x_wconf 85' lang='lat' dir='ltr'><strong>factum</strong></span> <span class='ocrx_word' id='word_1_743' title='bbox 1573 5728 1655 5776; x_wconf 85' lang='lat' dir='ltr'><strong>est</strong></span> <span class='ocrx_word' id='word_1_744' title='bbox 1686 5725 1744 5774; x_wconf 90' lang='lat' dir='ltr'><strong>ut</strong></span> <span class='ocrx_word' id='word_1_745' title='bbox 1789 5715 2022 5775; x_wconf 79' lang='lat' dir='ltr'><strong>Romani</strong></span> 
     </span>
    </p>
   </div>
   <div class='ocr_carea' id='block_1_103' title="bbox 2141 3184 3665 3255">
    <p class='ocr_par' dir='ltr' id='par_1_103' title="bbox 2141 3184 3665 3255">
     <span class='ocr_line' id='line_1_104' title="bbox 2141 3184 3665 3255; baseline 0.003 -20"><span class='ocrx_word' id='word_1_746' title='bbox 2141 3185 2304 3238; x_wconf 84' lang='lat' dir='ltr'><strong>modo</strong></span> <span class='ocrx_word' id='word_1_747' title='bbox 2329 3189 2562 3241; x_wconf 90' lang='lat' dir='ltr'><strong>turbare.</strong></span> <span class='ocrx_word' id='word_1_748' title='bbox 2597 3184 2699 3239; x_wconf 88' lang='lat' dir='ltr'><strong>Sed</strong></span> <span class='ocrx_word' id='word_1_749' title='bbox 2724 3186 2926 3254; x_wconf 88' lang='lat' dir='ltr'><strong>optime</strong></span> <span class='ocrx_word' id='word_1_750' title='bbox 2946 3201 2979 3239; x_wconf 89' lang='lat' dir='ltr'><strong>a</strong></span> <span class='ocrx_word' id='word_1_751' title='bbox 3011 3186 3145 3240; x_wconf 89' lang='lat' dir='ltr'><strong>viris</strong></span> <span class='ocrx_word' id='word_1_752' title='bbox 3170 3186 3381 3255; x_wconf 81' lang='lat' dir='ltr'><strong>egregie</strong></span> <span class='ocrx_word' id='word_1_753' title='bbox 3403 3186 3560 3241; x_wconf 86' lang='lat' dir='ltr'><strong>doctis</strong></span> <span class='ocrx_word' id='word_1_754' title='bbox 3579 3184 3665 3240; x_wconf 84' lang='lat' dir='ltr'><strong>hoc</strong></span> 
     </span>
    </p>
   </div>
   <div class='ocr_carea' id='block_1_104' title="bbox 2139 3254 3663 3321">
    <p class='ocr_par' dir='ltr' id='par_1_104' title="bbox 2139 3254 3663 3321">
     <span class='ocr_line' id='line_1_105' title="bbox 2139 3254 3663 3321; baseline 0.003 -15"><span class='ocrx_word' id='word_1_755' title='bbox 2139 3256 2479 3319; x_wconf 89' lang='lat' dir='ltr'><strong>conciliatur,</strong></span> <span class='ocrx_word' id='word_1_756' title='bbox 2515 3261 2807 3311; x_wconf 88' lang='lat' dir='ltr'><strong>asserendo</strong></span> <span class='ocrx_word' id='word_1_757' title='bbox 2834 3254 3192 3321; x_wconf 89' lang='lat' dir='ltr'><strong>Clementem,</strong></span> <span class='ocrx_word' id='word_1_758' title='bbox 3232 3254 3446 3321; x_wconf 79' lang='lat' dir='ltr'><strong>Litium,</strong></span> <span class='ocrx_word' id='word_1_759' title='bbox 3482 3256 3663 3311; x_wconf 84' lang='lat' dir='ltr'><strong>Cletum</strong></span> 
     </span>
    </p>
   </div>
   <div class='ocr_carea' id='block_1_105' title="bbox 2139 3322 3661 3395">
    <p class='ocr_par' dir='ltr' id='par_1_105' title="bbox 2139 3322 3661 3395">
     <span class='ocr_line' id='line_1_106' title="bbox 2139 3322 3661 3395; baseline 0.002 -20"><span class='ocrx_word' id='word_1_760' title='bbox 2139 3322 2310 3395; x_wconf 75' lang='lat' dir='ltr'><strong>fuisse</strong></span> <span class='ocrx_word' id='word_1_761' title='bbox 2336 3327 2620 3395; x_wconf 83' lang='lat' dir='ltr'><strong>episcopos</strong></span> <span class='ocrx_word' id='word_1_762' title='bbox 2676 3326 2839 3381; x_wconf 84' lang='lat' dir='ltr'><strong>simul</strong></span> <span class='ocrx_word' id='word_1_763' title='bbox 2890 3338 2944 3380; x_wconf 90' lang='lat' dir='ltr'><strong>et</strong></span> <span class='ocrx_word' id='word_1_764' title='bbox 2983 3326 3179 3381; x_wconf 89' lang='lat' dir='ltr'><strong>eodem</strong></span> <span class='ocrx_word' id='word_1_765' title='bbox 3229 3336 3486 3395; x_wconf 88' lang='lat' dir='ltr'><strong>tempore,</strong></span> <span class='ocrx_word' id='word_1_766' title='bbox 3518 3339 3661 3381; x_wconf 88' lang='lat' dir='ltr'><strong>unum</strong></span> 
     </span>
    </p>
   </div>
   <div class='ocr_carea' id='block_1_106' title="bbox 2138 3392 3667 3464">
    <p class='ocr_par' dir='ltr' id='par_1_106' title="bbox 2138 3392 3667 3464">
     <span class='ocr_line' id='line_1_107' title="bbox 2138 3392 3667 3464; baseline 0.001 -17"><span class='ocrx_word' id='word_1_767' title='bbox 2138 3392 2314 3457; x_wconf 83' lang='lat' dir='ltr'><strong>Pauli,</strong></span> <span class='ocrx_word' id='word_1_768' title='bbox 2339 3392 2567 3450; x_wconf 80' lang='lat' dir='ltr'><strong>alterum</strong></span> <span class='ocrx_word' id='word_1_769' title='bbox 2592 3394 2758 3464; x_wconf 85' lang='lat' dir='ltr'><strong>Petri,</strong></span> <span class='ocrx_word' id='word_1_770' title='bbox 2784 3411 2952 3451; x_wconf 91' lang='lat' dir='ltr'><strong>unum</strong></span> <span class='ocrx_word' id='word_1_771' title='bbox 2982 3392 3440 3459; x_wconf 80' lang='lat' dir='ltr'><strong>circumcisioiiis,</strong></span> <span class='ocrx_word' id='word_1_772' title='bbox 3469 3398 3667 3452; x_wconf 86' lang='lat' dir='ltr'><strong>alterum</strong></span> 
     </span>
    </p>
   </div>
   <div class='ocr_carea' id='block_1_107' title="bbox 2138 3463 3666 3586">
    <p class='ocr_par' dir='ltr' id='par_1_107' title="bbox 2138 3463 3666 3586">
     <span class='ocr_line' id='line_1_108' title="bbox 2138 3463 3666 3586; baseline 0.001 -69"><span class='ocrx_word' id='word_1_773' title='bbox 2138 3466 2405 3586; x_wconf 55' lang='lat' dir='ltr'><strong>[i&#39;ieputih</strong></span> <span class='ocrx_word' id='word_1_774' title='bbox 2433 3481 2600 3520; x_wconf 90' lang='lat' dir='ltr'><strong>unum</strong></span> <span class='ocrx_word' id='word_1_775' title='bbox 2622 3463 2956 3532; x_wconf 70' lang='lat' dir='ltr'><strong>Iudaeorum,</strong></span> <span class='ocrx_word' id='word_1_776' title='bbox 2983 3468 3220 3521; x_wconf 84' lang='lat' dir='ltr'><strong>alterum</strong></span> <span class='ocrx_word' id='word_1_777' title='bbox 3244 3468 3497 3538; x_wconf 78' lang='lat' dir='ltr'><strong>gentium,</strong></span> <span class='ocrx_word' id='word_1_778' title='bbox 3525 3481 3666 3521; x_wconf 88' lang='lat' dir='ltr'><strong>unum</strong></span> 
     </span>
     <span class='ocr_line' id='line_1_109' title="bbox 2185 3535 3666 3586; baseline 0 0"><span class='ocrx_word' id='word_1_779' title='bbox 2185 3535 2478 3586; x_wconf 84' lang='lat' dir='ltr'><strong>atinorum.</strong></span> <span class='ocrx_word' id='word_1_780' title='bbox 2507 3537 2603 3586; x_wconf 85' lang='lat' dir='ltr'><strong>nui</strong></span> <span class='ocrx_word' id='word_1_781' title='bbox 2646 3537 2702 3586; x_wconf 87' lang='lat' dir='ltr'><strong>in</strong></span> <span class='ocrx_word' id='word_1_782' title='bbox 2746 3539 2877 3586; x_wconf 85' lang='lat' dir='ltr'><strong>urbe</strong></span> <span class='ocrx_word' id='word_1_783' title='bbox 2916 3538 3207 3586; x_wconf 66' lang='lat' dir='ltr'><strong>degebant.</strong></span> <span class='ocrx_word' id='word_1_784' title='bbox 3239 3548 3291 3586; x_wconf 82' lang='lat' dir='ltr'><strong>et</strong></span> <span class='ocrx_word' id='word_1_785' title='bbox 3314 3540 3539 3586; x_wconf 84' lang='lat' dir='ltr'><strong>nondum</strong></span> <span class='ocrx_word' id='word_1_786' title='bbox 3580 3535 3666 3586; x_wconf 84' lang='lat' dir='ltr'><strong>La-</strong></span> 
     </span>
    </p>
   </div>
   <div class='ocr_carea' id='block_1_108' title="bbox 2185 3535 3667 3607">
    <p class='ocr_par' dir='ltr' id='par_1_108' title="bbox 2185 3535 3667 3607">
     <span class='ocr_line' id='line_1_110' title="bbox 2185 3535 3667 3607; baseline 0.002 -20"><span class='ocrx_word' id='word_1_787' title='bbox 2185 3535 2478 3607; x_wconf 80' lang='lat' dir='ltr'><strong>atinorum,</strong></span> <span class='ocrx_word' id='word_1_788' title='bbox 2507 3537 2603 3606; x_wconf 91' lang='lat' dir='ltr'><strong>qui</strong></span> <span class='ocrx_word' id='word_1_789' title='bbox 2646 3537 2702 3590; x_wconf 88' lang='lat' dir='ltr'><strong>in</strong></span> <span class='ocrx_word' id='word_1_790' title='bbox 2746 3539 2877 3591; x_wconf 90' lang='lat' dir='ltr'><strong>urbe</strong></span> <span class='ocrx_word' id='word_1_791' title='bbox 2916 3538 3207 3607; x_wconf 80' lang='lat' dir='ltr'><strong>degebant,</strong></span> <span class='ocrx_word' id='word_1_792' title='bbox 3239 3535 3291 3593; x_wconf 75' lang='lat' dir='ltr'><strong>et</strong></span> <span class='ocrx_word' id='word_1_793' title='bbox 3313 3540 3540 3592; x_wconf 87' lang='lat' dir='ltr'><strong>nondum</strong></span> <span class='ocrx_word' id='word_1_794' title='bbox 3580 3535 3667 3590; x_wconf 81' lang='lat' dir='ltr'><strong>La-</strong></span> 
     </span>
    </p>
   </div>
   <div class='ocr_carea' id='block_1_109' title="bbox 2140 3605 3097 3676">
    <p class='ocr_par' dir='ltr' id='par_1_109' title="bbox 2140 3605 3097 3676">
     <span class='ocr_line' id='line_1_111' title="bbox 2140 3605 3097 3676; baseline 0.001 -18"><span class='ocrx_word' id='word_1_795' title='bbox 2140 3605 2491 3676; x_wconf 75' lang='lat' dir='ltr'><strong>tintelingua:</strong></span> <span class='ocrx_word' id='word_1_796' title='bbox 2514 3605 2645 3662; x_wconf 80' lang='lat' dir='ltr'><strong>satis</strong></span> <span class='ocrx_word' id='word_1_797' title='bbox 2666 3605 3036 3661; x_wconf 81' lang='lat' dir='ltr'><strong>assueverant.</strong></span> <span class='ocrx_word' id='word_1_798' title='bbox 3078 3625 3097 3658; x_wconf 75' lang='grc' dir='ltr'><strong><em>ι</em></strong></span> 
     </span>
    </p>
   </div>
   <div class='ocr_carea' id='block_1_110' title="bbox 2190 3674 3667 3748">
    <p class='ocr_par' dir='ltr' id='par_1_110' title="bbox 2190 3674 3667 3748">
     <span class='ocr_line' id='line_1_112' title="bbox 2190 3674 3667 3748; baseline 0.001 -19"><span class='ocrx_word' id='word_1_799' title='bbox 2190 3674 2323 3748; x_wconf 82' lang='lat'><strong>(89)</strong></span> <span class='ocrx_word' id='word_1_800' title='bbox 2359 3674 2441 3748; x_wconf 69' lang='lat' dir='ltr'><strong>Ad</strong></span> <span class='ocrx_word' id='word_1_801' title='bbox 2492 3692 2695 3731; x_wconf 90' lang='lat' dir='ltr'><strong>annum</strong></span> <span class='ocrx_word' id='word_1_802' title='bbox 2720 3676 2929 3748; x_wconf 76' lang='lat' dir='ltr'><strong>Christi</strong></span> <span class='ocrx_word' id='word_1_803' title='bbox 2969 3677 3058 3748; x_wconf 85' lang='grc'><strong>69,</strong></span> <span class='ocrx_word' id='word_1_804' title='bbox 3103 3692 3263 3733; x_wconf 90' lang='lat' dir='ltr'><strong>num.</strong></span> <span class='ocrx_word' id='word_1_805' title='bbox 3318 3678 3409 3743; x_wconf 71' lang='grc'>41,</span> <span class='ocrx_word' id='word_1_806' title='bbox 3464 3694 3516 3748; x_wconf 89' lang='lat' dir='ltr'><strong>p.</strong></span> <span class='ocrx_word' id='word_1_807' title='bbox 3560 3675 3667 3741; x_wconf 65' lang='lat'><strong>646,</strong></span> 
     </span>
    </p>
   </div>
   <div class='ocr_carea' id='block_1_111' title="bbox 2136 3746 3665 3819">
    <p class='ocr_par' dir='ltr' id='par_1_111' title="bbox 2136 3746 3665 3819">
     <span class='ocr_line' id='line_1_113' title="bbox 2136 3746 3665 3819; baseline 0.001 -20"><span class='ocrx_word' id='word_1_808' title='bbox 2136 3752 2269 3801; x_wconf 89' lang='lat' dir='ltr'><strong>tom.</strong></span> <span class='ocrx_word' id='word_1_809' title='bbox 2307 3746 2447 3802; x_wconf 88' lang='lat' dir='ltr'><strong>lcit.</strong></span> <span class='ocrx_word' id='word_1_810' title='bbox 2482 3747 2632 3819; x_wconf 57' lang='lat' dir='ltr'><strong>edin,</strong></span> <span class='ocrx_word' id='word_1_811' title='bbox 2680 3746 2977 3819; x_wconf 39' lang='lat' dir='ltr'><strong>uhihmulta</strong></span> <span class='ocrx_word' id='word_1_812' title='bbox 3028 3747 3084 3801; x_wconf 91' lang='lat' dir='ltr'><strong>in</strong></span> <span class='ocrx_word' id='word_1_813' title='bbox 3132 3748 3279 3803; x_wconf 90' lang='lat' dir='ltr'><strong>idem</strong></span> <span class='ocrx_word' id='word_1_814' title='bbox 3319 3746 3665 3819; x_wconf 83' lang='lat' dir='ltr'><strong>argumentum</strong></span> 
     </span>
    </p>
   </div>
   <div class='ocr_carea' id='block_1_112' title="bbox 2141 3815 3251 3873">
    <p class='ocr_par' dir='ltr' id='par_1_112' title="bbox 2141 3815 3251 3873">
     <span class='ocr_line' id='line_1_114' title="bbox 2141 3815 3251 3873; baseline 0.004 -5"><span class='ocrx_word' id='word_1_815' title='bbox 2141 3825 2454 3871; x_wconf 87' lang='lat' dir='ltr'><strong>sanctorum</strong></span> <span class='ocrx_word' id='word_1_816' title='bbox 2485 3815 2704 3871; x_wconf 84' lang='lat' dir='ltr'><strong>Patrum</strong></span> <span class='ocrx_word' id='word_1_817' title='bbox 2735 3815 2891 3871; x_wconf 75' lang='lat' dir='ltr'><strong>affert</strong></span> <span class='ocrx_word' id='word_1_818' title='bbox 2916 3818 3251 3873; x_wconf 84' lang='lat' dir='ltr'><strong>testimonia.</strong></span> 
     </span>
    </p>
   </div>
   <div class='ocr_carea' id='block_1_113' title="bbox 2206 3886 3663 3960">
    <p class='ocr_par' dir='ltr' id='par_1_113' title="bbox 2206 3886 3663 3960">
     <span class='ocr_line' id='line_1_115' title="bbox 2206 3886 3663 3960; baseline 0 -20"><span class='ocrx_word' id='word_1_819' title='bbox 2206 3886 2318 3960; x_wconf 76' lang='lat'><strong>(90)</strong></span> <span class='ocrx_word' id='word_1_820' title='bbox 2356 3887 2903 3960; x_wconf 15' lang='lat' dir='ltr'><strong>BrreviarioAltistoric.</strong></span> <span class='ocrx_word' id='word_1_821' title='bbox 2943 3889 3540 3960; x_wconf 72' lang='lat' dir='ltr'><strong>clironologico-critico,</strong></span> <span class='ocrx_word' id='word_1_822' title='bbox 3584 3886 3663 3960; x_wconf 89' lang='lat' dir='ltr'><strong>ubi</strong></span> 
     </span>
    </p>
   </div>
   <div class='ocr_carea' id='block_1_114' title="bbox 2133 3956 3665 4081">
    <p class='ocr_par' dir='ltr' id='par_1_114' title="bbox 2133 3956 3665 4081">
     <span class='ocr_line' id='line_1_116' title="bbox 2133 3956 3665 4081; baseline 0.003 -72"><span class='ocrx_word' id='word_1_823' title='bbox 2133 3957 2245 4081; x_wconf 52' lang='lat' dir='ltr'><strong>iguit</strong></span> <span class='ocrx_word' id='word_1_824' title='bbox 2250 3956 2815 4081; x_wconf 42' lang='lat' dir='ltr'><strong>e1(ticali:siutzi,‘i{i,tificibus</strong></span> <span class='ocrx_word' id='word_1_825' title='bbox 2842 3966 2965 4028; x_wconf 82' lang='lat' dir='ltr'><strong>pa‘g.</strong></span> <span class='ocrx_word' id='word_1_826' title='bbox 2999 3958 3033 4013; x_wconf 86' lang='lat'><strong>5</strong></span> <span class='ocrx_word' id='word_1_827' title='bbox 3058 3968 3112 4013; x_wconf 89' lang='lat' dir='ltr'><strong>et</strong></span> <span class='ocrx_word' id='word_1_828' title='bbox 3146 3956 3324 4031; x_wconf 78' lang='lat' dir='ltr'><strong>seqq.,</strong></span> <span class='ocrx_word' id='word_1_829' title='bbox 3359 3968 3487 4017; x_wconf 89' lang='lat' dir='ltr'><strong>tom.</strong></span> <span class='ocrx_word' id='word_1_830' title='bbox 3520 3959 3665 4014; x_wconf 85' lang='lat' dir='ltr'><strong>ledit.</strong></span> 
     </span>
     <span class='ocr_line' id='line_1_117' title="bbox 2219 4043 2602 4081; baseline 0 -1"><span class='ocrx_word' id='word_1_831' title='bbox 2219 4043 2248 4081; x_wconf 89' lang='lat' dir='ltr'><strong>c</strong></span> <span class='ocrx_word' id='word_1_832' title='bbox 2398 4066 2413 4079; x_wconf 95' lang='lat'><strong>.</strong></span> <span class='ocrx_word' id='word_1_833' title='bbox 2589 4069 2602 4081; x_wconf 94' lang='lat'><strong>.</strong></span> 
     </span>
    </p>
   </div>
   <div class='ocr_carea' id='block_1_115' title="bbox 2182 4043 2602 4082">
    <p class='ocr_par' dir='ltr' id='par_1_115' title="bbox 2182 4043 2602 4082">
     <span class='ocr_line' id='line_1_118' title="bbox 2182 4043 2602 4082; baseline 0.002 -1"><span class='ocrx_word' id='word_1_834' title='bbox 2182 4043 2295 4081; x_wconf 67' lang='grc' dir='ltr'><strong>ιιοεε</strong></span> <span class='ocrx_word' id='word_1_835' title='bbox 2323 4043 2413 4081; x_wconf 88' lang='lat' dir='ltr'><strong>an.</strong></span> <span class='ocrx_word' id='word_1_836' title='bbox 2446 4043 2602 4082; x_wconf 71' lang='grc'>1123.</span> 
     </span>
    </p>
   </div>
   <div class='ocr_carea' id='block_1_116' title="bbox 2203 4095 3665 4168">
    <p class='ocr_par' dir='ltr' id='par_1_116' title="bbox 2203 4095 3665 4168">
     <span class='ocr_line' id='line_1_119' title="bbox 2203 4095 3665 4168; baseline 0.002 -16"><span class='ocrx_word' id='word_1_837' title='bbox 2203 4098 2315 4166; x_wconf 84' lang='grc'>(91)</span> <span class='ocrx_word' id='word_1_838' title='bbox 2355 4096 2509 4152; x_wconf 86' lang='lat' dir='ltr'><strong>Tom.</strong></span> <span class='ocrx_word' id='word_1_839' title='bbox 2543 4097 2586 4151; x_wconf 94' lang='lat' dir='ltr'><strong>ll</strong></span> <span class='ocrx_word' id='word_1_840' title='bbox 2609 4095 2904 4163; x_wconf 69' lang='lat' dir='ltr'><strong>Memoires,</strong></span> <span class='ocrx_word' id='word_1_841' title='bbox 2932 4106 3062 4164; x_wconf 90' lang='lat' dir='ltr'><strong>etc.,</strong></span> <span class='ocrx_word' id='word_1_842' title='bbox 3096 4108 3204 4155; x_wconf 89' lang='lat' dir='ltr'><strong>art.</strong></span> <span class='ocrx_word' id='word_1_843' title='bbox 3232 4099 3288 4168; x_wconf 80' lang='lat'><strong>2,</strong></span> <span class='ocrx_word' id='word_1_844' title='bbox 3316 4100 3540 4168; x_wconf 44' lang='lat' dir='ltr'><strong>in,Saint</strong></span> <span class='ocrx_word' id='word_1_845' title='bbox 3560 4096 3665 4155; x_wconf 68' lang='grc'>(316-</span> 
     </span>
    </p>
   </div>
   <div class='ocr_carea' id='block_1_117' title="bbox 2132 4168 3665 4238">
    <p class='ocr_par' dir='ltr' id='par_1_117' title="bbox 2132 4168 3665 4238">
     <span class='ocr_line' id='line_1_120' title="bbox 2132 4168 3665 4238; baseline 0.001 -17"><span class='ocrx_word' id='word_1_846' title='bbox 2132 4178 2301 4232; x_wconf 90' lang='lat' dir='ltr'><strong>ment,</strong></span> <span class='ocrx_word' id='word_1_847' title='bbox 2326 4184 2447 4238; x_wconf 89' lang='lat' dir='ltr'><strong>pag.</strong></span> <span class='ocrx_word' id='word_1_848' title='bbox 2478 4168 2579 4222; x_wconf 73' lang='grc'>152</span> <span class='ocrx_word' id='word_1_849' title='bbox 2599 4178 2653 4223; x_wconf 88' lang='lat' dir='ltr'><strong>et</strong></span> <span class='ocrx_word' id='word_1_850' title='bbox 2684 4183 2824 4238; x_wconf 89' lang='lat' dir='ltr'><strong>seq.,</strong></span> <span class='ocrx_word' id='word_1_851' title='bbox 2862 4177 2917 4224; x_wconf 87' lang='lat' dir='ltr'><strong>et</strong></span> <span class='ocrx_word' id='word_1_852' title='bbox 2946 4177 3075 4225; x_wconf 87' lang='lat' dir='ltr'><strong>note</strong></span> <span class='ocrx_word' id='word_1_853' title='bbox 3109 4171 3164 4237; x_wconf 91' lang='grc'><strong>1,</strong></span> <span class='ocrx_word' id='word_1_854' title='bbox 3202 4186 3298 4226; x_wconf 90' lang='lat' dir='ltr'><strong>sur</strong></span> <span class='ocrx_word' id='word_1_855' title='bbox 3324 4171 3382 4226; x_wconf 74' lang='grc' dir='ltr'><strong>ὃ.</strong></span> <span class='ocrx_word' id='word_1_856' title='bbox 3424 4169 3665 4233; x_wconf 83' lang='lat' dir='ltr'><strong>Clémeut,</strong></span> 
     </span>
    </p>
   </div>
   <div class='ocr_carea' id='block_1_118' title="bbox 2129 4185 2750 4308">
    <p class='ocr_par' dir='ltr' id='par_1_118' title="bbox 2129 4185 2750 4308">
     <span class='ocr_line' id='line_1_121' title="bbox 2132 4185 2750 4292; baseline 0.002 -70"><span class='ocrx_word' id='word_1_857' title='bbox 2132 4185 2301 4267; x_wconf 80' lang='lat' dir='ltr'><strong>ment,</strong></span> <span class='ocrx_word' id='word_1_858' title='bbox 2326 4185 2447 4292; x_wconf 61' lang='lat' dir='ltr'><strong>pag.</strong></span> <span class='ocrx_word' id='word_1_859' title='bbox 2478 4185 2579 4222; x_wconf 66' lang='grc' dir='ltr'><strong>ποτ</strong></span> <span class='ocrx_word' id='word_1_860' title='bbox 2599 4185 2653 4223; x_wconf 84' lang='lat' dir='ltr'><strong>et</strong></span> <span class='ocrx_word' id='word_1_861' title='bbox 2684 4185 2750 4223; x_wconf 63' lang='lat' dir='ltr'><strong>sel</strong></span> 
     </span>
     <span class='ocr_line' id='line_1_122' title="bbox 2129 4239 2750 4308; baseline 0.003 -18"><span class='ocrx_word' id='word_1_862' title='bbox 2129 4253 2286 4308; x_wconf 72' lang='lat' dir='ltr'><strong>pape,</strong></span> <span class='ocrx_word' id='word_1_863' title='bbox 2317 4254 2370 4307; x_wconf 94' lang='lat' dir='ltr'><strong>p.</strong></span> <span class='ocrx_word' id='word_1_864' title='bbox 2431 4239 2502 4293; x_wconf 70' lang='grc'>45</span> <span class='ocrx_word' id='word_1_865' title='bbox 2520 4248 2574 4293; x_wconf 90' lang='lat' dir='ltr'><strong>et</strong></span> <span class='ocrx_word' id='word_1_866' title='bbox 2597 4254 2750 4308; x_wconf 87' lang='lat' dir='ltr'><strong>seqq.</strong></span> 
     </span>
    </p>
   </div>
   <div class='ocr_carea' id='block_1_119' title="bbox 2200 4307 3669 4382">
    <p class='ocr_par' dir='ltr' id='par_1_119' title="bbox 2200 4307 3669 4382">
     <span class='ocr_line' id='line_1_123' title="bbox 2200 4307 3669 4382; baseline -0.001 -18"><span class='ocrx_word' id='word_1_867' title='bbox 2200 4307 2325 4382; x_wconf 69' lang='lat'><strong>(92)</strong></span> <span class='ocrx_word' id='word_1_868' title='bbox 2348 4308 2468 4382; x_wconf 85' lang='lat' dir='ltr'><strong>Lib.</strong></span> <span class='ocrx_word' id='word_1_869' title='bbox 2514 4324 2593 4382; x_wconf 82' lang='lat' dir='ltr'><strong>itt-</strong></span> <span class='ocrx_word' id='word_1_870' title='bbox 2625 4307 3145 4382; x_wconf 16' lang='lat' dir='ltr'><strong>Adaei-ausumausus</strong></span> <span class='ocrx_word' id='word_1_871' title='bbox 3166 4349 3183 4374; x_wconf 96' lang='lat'><strong>,</strong></span> <span class='ocrx_word' id='word_1_872' title='bbox 3246 4325 3367 4382; x_wconf 90' lang='lat' dir='ltr'><strong>cap.</strong></span> <span class='ocrx_word' id='word_1_873' title='bbox 3414 4311 3468 4379; x_wconf 89' lang='grc'><strong>5,</strong></span> <span class='ocrx_word' id='word_1_874' title='bbox 3495 4326 3546 4380; x_wconf 92' lang='lat' dir='ltr'><strong>p.</strong></span> <span class='ocrx_word' id='word_1_875' title='bbox 3575 4307 3669 4363; x_wconf 82' lang='lat'><strong>202</strong></span> 
     </span>
    </p>
   </div>
   <div class='ocr_carea' id='block_1_120' title="bbox 2132 4377 3669 4454">
    <p class='ocr_par' dir='ltr' id='par_1_120' title="bbox 2132 4377 3669 4454">
     <span class='ocr_line' id='line_1_124' title="bbox 2132 4377 3669 4454; baseline 0 -21"><span class='ocrx_word' id='word_1_876' title='bbox 2132 4380 2262 4454; x_wconf 78' lang='lat' dir='ltr'><strong>edit.</strong></span> <span class='ocrx_word' id='word_1_877' title='bbox 2292 4377 2514 4454; x_wconf 77' lang='lat' dir='ltr'><strong>Oxoniae</strong></span> <span class='ocrx_word' id='word_1_878' title='bbox 2536 4380 2635 4454; x_wconf 68' lang='lat' dir='ltr'><strong>cit.</strong></span> <span class='ocrx_word' id='word_1_879' title='bbox 2661 4395 2753 4434; x_wconf 91' lang='lat' dir='ltr'><strong>an.</strong></span> <span class='ocrx_word' id='word_1_880' title='bbox 2797 4377 2990 4454; x_wconf 81' lang='lat' dir='ltr'><strong>l7l_l_2_:</strong></span> <span class='ocrx_word' id='word_1_881' title='bbox 3030 4398 3057 4454; x_wconf 77' lang='lat' dir='ltr'><strong>i_</strong></span> <span class='ocrx_word' id='word_1_882' title='bbox 3090 4377 3406 4454; x_wconf 59' lang='lat' dir='ltr'><strong>F_uiidan:tes</strong></span> <span class='ocrx_word' id='word_1_883' title='bbox 3438 4377 3589 4454; x_wconf 81' lang='lat' dir='ltr'><strong>igitur</strong></span> <span class='ocrx_word' id='word_1_884' title='bbox 3622 4389 3669 4434; x_wconf 88' lang='lat' dir='ltr'><strong>et</strong></span> 
     </span>
    </p>
   </div>
   <div class='ocr_carea' id='block_1_121' title="bbox 2061 4435 3669 4520">
    <p class='ocr_par' dir='ltr' id='par_1_121' title="bbox 2061 4435 3669 4520">
     <span class='ocr_line' id='line_1_125' title="bbox 2061 4435 3669 4520; baseline 0.002 -17"><span class='ocrx_word' id='word_1_885' title='bbox 2061 4435 2108 4492; x_wconf 82' lang='grc' dir='ltr'>ο</span> <span class='ocrx_word' id='word_1_886' title='bbox 2132 4450 2463 4505; x_wconf 87' lang='lat' dir='ltr'><strong>instruentes</strong></span> <span class='ocrx_word' id='word_1_887' title='bbox 2496 4450 2639 4505; x_wconf 86' lang='lat' dir='ltr'><strong>beati</strong></span> <span class='ocrx_word' id='word_1_888' title='bbox 2681 4450 2909 4520; x_wconf 89' lang='lat' dir='ltr'><strong>apostoli</strong></span> <span class='ocrx_word' id='word_1_889' title='bbox 2936 4448 3258 4517; x_wconf 87' lang='lat' dir='ltr'><strong>Ecclesiam,</strong></span> <span class='ocrx_word' id='word_1_890' title='bbox 3306 4435 3669 4520; x_wconf 55' lang='lat' dir='ltr'><strong>Linooepisco-</strong></span> 
     </span>
    </p>
   </div>
   <div class='ocr_carea' id='block_1_122' title="bbox 2170 4519 3668 4590">
    <p class='ocr_par' dir='ltr' id='par_1_122' title="bbox 2170 4519 3668 4590">
     <span class='ocr_line' id='line_1_126' title="bbox 2170 4519 3668 4590; baseline 0.001 -17"><span class='ocrx_word' id='word_1_891' title='bbox 2170 4529 2317 4574; x_wconf 89' lang='lat' dir='ltr'><strong>atum</strong></span> <span class='ocrx_word' id='word_1_892' title='bbox 2348 4519 2785 4575; x_wconf 74' lang='lat' dir='ltr'><strong>administranda:</strong></span> <span class='ocrx_word' id='word_1_893' title='bbox 2817 4519 3073 4575; x_wconf 63' lang='lat' dir='ltr'><strong>Ecclesiae</strong></span> <span class='ocrx_word' id='word_1_894' title='bbox 3115 4521 3473 4576; x_wconf 87' lang='lat' dir='ltr'><strong>tradiderunt.</strong></span> <span class='ocrx_word' id='word_1_895' title='bbox 3508 4519 3668 4590; x_wconf 79' lang='lat' dir='ltr'><strong>Hujus</strong></span> 
     </span>
    </p>
   </div>
   <div class='ocr_carea' id='block_1_123' title="bbox 2178 4590 3672 4662">
    <p class='ocr_par' dir='ltr' id='par_1_123' title="bbox 2178 4590 3672 4662">
     <span class='ocr_line' id='line_1_127' title="bbox 2178 4590 3672 4662; baseline 0.001 -19"><span class='ocrx_word' id='word_1_896' title='bbox 2178 4590 2249 4644; x_wconf 90' lang='lat' dir='ltr'><strong>ini</strong></span> <span class='ocrx_word' id='word_1_897' title='bbox 2274 4590 2475 4662; x_wconf 88' lang='lat' dir='ltr'><strong>Paulus</strong></span> <span class='ocrx_word' id='word_1_898' title='bbox 2499 4591 2552 4644; x_wconf 90' lang='lat' dir='ltr'><strong>in</strong></span> <span class='ocrx_word' id='word_1_899' title='bbox 2576 4591 2695 4662; x_wconf 79' lang='lat' dir='ltr'><strong>his,</strong></span> <span class='ocrx_word' id='word_1_900' title='bbox 2728 4606 2849 4662; x_wconf 63' lang='lat' dir='ltr'><strong>quae</strong></span> <span class='ocrx_word' id='word_1_901' title='bbox 2875 4600 3002 4645; x_wconf 90' lang='lat' dir='ltr'><strong>sunt</strong></span> <span class='ocrx_word' id='word_1_902' title='bbox 3022 4591 3089 4645; x_wconf 84' lang='lat' dir='ltr'><strong>ad</strong></span> <span class='ocrx_word' id='word_1_903' title='bbox 3110 4590 3455 4662; x_wconf 82' lang='lat' dir='ltr'><strong>Timotheum</strong></span> <span class='ocrx_word' id='word_1_904' title='bbox 3486 4590 3672 4661; x_wconf 84' lang='lat' dir='ltr'><strong>Episto-</strong></span> 
     </span>
    </p>
   </div>
   <div class='ocr_carea' id='block_1_124' title="bbox 2128 4660 3669 4732">
    <p class='ocr_par' dir='ltr' id='par_1_124' title="bbox 2128 4660 3669 4732">
     <span class='ocr_line' id='line_1_128' title="bbox 2128 4660 3669 4732; baseline 0.001 -20"><span class='ocrx_word' id='word_1_905' title='bbox 2128 4660 2219 4726; x_wconf 91' lang='lat' dir='ltr'><strong>lis,</strong></span> <span class='ocrx_word' id='word_1_906' title='bbox 2255 4661 2525 4717; x_wconf 85' lang='lat' dir='ltr'><strong>meminit.</strong></span> <span class='ocrx_word' id='word_1_907' title='bbox 2569 4660 2819 4716; x_wconf 75' lang='lat' dir='ltr'><strong>Succedit</strong></span> <span class='ocrx_word' id='word_1_908' title='bbox 2872 4671 3051 4732; x_wconf 85' lang='lat' dir='ltr'><strong>auteni</strong></span> <span class='ocrx_word' id='word_1_909' title='bbox 3108 4661 3159 4715; x_wconf 90' lang='lat' dir='ltr'><strong>ei</strong></span> <span class='ocrx_word' id='word_1_910' title='bbox 3208 4660 3669 4732; x_wconf 29' lang='lat' dir='ltr'><strong>Anacletus,’post</strong></span> 
     </span>
    </p>
   </div>
   <div class='ocr_carea' id='block_1_125' title="bbox 2129 4731 3668 4801">
    <p class='ocr_par' dir='ltr' id='par_1_125' title="bbox 2129 4731 3668 4801">
     <span class='ocr_line' id='line_1_129' title="bbox 2129 4731 3668 4801; baseline 0 -18"><span class='ocrx_word' id='word_1_911' title='bbox 2129 4746 2253 4801; x_wconf 76' lang='lat' dir='ltr'><strong>eum</strong></span> <span class='ocrx_word' id='word_1_912' title='bbox 2281 4732 2438 4787; x_wconf 91' lang='lat' dir='ltr'><strong>tertio</strong></span> <span class='ocrx_word' id='word_1_913' title='bbox 2466 4733 2587 4786; x_wconf 89' lang='lat' dir='ltr'><strong>loco</strong></span> <span class='ocrx_word' id='word_1_914' title='bbox 2632 4732 2701 4786; x_wconf 91' lang='lat' dir='ltr'><strong>ab</strong></span> <span class='ocrx_word' id='word_1_915' title='bbox 2742 4731 3005 4800; x_wconf 90' lang='lat' dir='ltr'><strong>apostolis</strong></span> <span class='ocrx_word' id='word_1_916' title='bbox 3048 4733 3420 4801; x_wconf 87' lang='lat' dir='ltr'><strong>episc0patum</strong></span> <span class='ocrx_word' id='word_1_917' title='bbox 3464 4731 3668 4787; x_wconf 85' lang='lat' dir='ltr'><strong>sortitur</strong></span> 
     </span>
    </p>
   </div>
   <div class='ocr_carea' id='block_1_126' title="bbox 2129 4799 3664 4872">
    <p class='ocr_par' dir='ltr' id='par_1_126' title="bbox 2129 4799 3664 4872">
     <span class='ocr_line' id='line_1_130' title="bbox 2129 4799 3664 4872; baseline -0.001 -19"><span class='ocrx_word' id='word_1_918' title='bbox 2129 4799 2398 4872; x_wconf 79' lang='lat' dir='ltr'><strong>Clemens,</strong></span> <span class='ocrx_word' id='word_1_919' title='bbox 2436 4816 2529 4870; x_wconf 86' lang='lat' dir='ltr'><strong>qui</strong></span> <span class='ocrx_word' id='word_1_920' title='bbox 2565 4802 2697 4856; x_wconf 89' lang='lat' dir='ltr'><strong>vidit</strong></span> <span class='ocrx_word' id='word_1_921' title='bbox 2735 4799 3008 4872; x_wconf 79' lang='lat' dir='ltr'><strong>aposmlos</strong></span> <span class='ocrx_word' id='word_1_922' title='bbox 3037 4799 3095 4856; x_wconf 72' lang='lat' dir='ltr'><strong>ei</strong></span> <span class='ocrx_word' id='word_1_923' title='bbox 3116 4799 3350 4858; x_wconf 71' lang='lat' dir='ltr'><strong>coriiulit</strong></span> <span class='ocrx_word' id='word_1_924' title='bbox 3380 4801 3618 4872; x_wconf 82' lang='lat' dir='ltr'><strong>cumeis.</strong></span> <span class='ocrx_word' id='word_1_925' title='bbox 3645 4819 3664 4851; x_wconf 71' lang='grc' dir='ltr'><strong><em>ι</em></strong></span> 
     </span>
    </p>
   </div>
   <div class='ocr_carea' id='block_1_127' title="bbox 2134 4870 3668 4940">
    <p class='ocr_par' dir='ltr' id='par_1_127' title="bbox 2134 4870 3668 4940">
     <span class='ocr_line' id='line_1_131' title="bbox 2134 4870 3668 4940; baseline -0.001 -16"><span class='ocrx_word' id='word_1_926' title='bbox 2134 4870 2370 4940; x_wconf 69' lang='lat' dir='ltr'><strong>Viuenda</strong></span> <span class='ocrx_word' id='word_1_927' title='bbox 2403 4887 2525 4940; x_wconf 63' lang='lat' dir='ltr'><strong>qua:</strong></span> <span class='ocrx_word' id='word_1_928' title='bbox 2567 4876 2634 4927; x_wconf 88' lang='lat' dir='ltr'><strong>ad</strong></span> <span class='ocrx_word' id='word_1_929' title='bbox 2674 4870 2822 4927; x_wconf 82' lang='lat' dir='ltr'><strong>hunc</strong></span> <span class='ocrx_word' id='word_1_930' title='bbox 2855 4871 3032 4927; x_wconf 86' lang='lat' dir='ltr'><strong>locum</strong></span> <span class='ocrx_word' id='word_1_931' title='bbox 3066 4873 3398 4929; x_wconf 88' lang='lat' dir='ltr'><strong>adnotantur</strong></span> <span class='ocrx_word' id='word_1_932' title='bbox 3432 4870 3668 4927; x_wconf 76' lang='lat' dir='ltr'><strong>aJoanne</strong></span> 
     </span>
    </p>
   </div>
   <div class='ocr_carea' id='block_1_128' title="bbox 2128 4939 2576 4996">
    <p class='ocr_par' dir='ltr' id='par_1_128' title="bbox 2128 4939 2576 4996">
     <span class='ocr_line' id='line_1_132' title="bbox 2128 4939 2576 4996; baseline 0.004 -2"><span class='ocrx_word' id='word_1_933' title='bbox 2128 4939 2354 4994; x_wconf 74' lang='lat' dir='ltr'><strong>Ernesto</strong></span> <span class='ocrx_word' id='word_1_934' title='bbox 2380 4939 2576 4996; x_wconf 15' lang='lat' dir='ltr'><strong>G’rabe.</strong></span> 
     </span>
    </p>
   </div>
   <div class='ocr_carea' id='block_1_129' title="bbox 2200 5009 3665 5082">
    <p class='ocr_par' dir='ltr' id='par_1_129' title="bbox 2200 5009 3665 5082">
     <span class='ocr_line' id='line_1_133' title="bbox 2200 5009 3665 5082; baseline 0.007 -19"><span class='ocrx_word' id='word_1_935' title='bbox 2200 5012 2309 5082; x_wconf 67' lang='lat'><strong>(9.3)</strong></span> <span class='ocrx_word' id='word_1_936' title='bbox 2344 5012 2607 5066; x_wconf 82' lang='lat' dir='ltr'><strong>Adversus</strong></span> <span class='ocrx_word' id='word_1_937' title='bbox 2661 5012 2880 5068; x_wconf 77' lang='lat' dir='ltr'><strong>hiereses</strong></span> <span class='ocrx_word' id='word_1_938' title='bbox 2928 5012 3023 5068; x_wconf 92' lang='lat' dir='ltr'><strong>lib.</strong></span> <span class='ocrx_word' id='word_1_939' title='bbox 3062 5027 3102 5079; x_wconf 84' lang='lat' dir='ltr'><strong>t,</strong></span> <span class='ocrx_word' id='word_1_940' title='bbox 3151 5024 3285 5068; x_wconf 88' lang='lat' dir='ltr'><strong>tom.</strong></span> <span class='ocrx_word' id='word_1_941' title='bbox 3312 5015 3358 5081; x_wconf 89' lang='grc' dir='ltr'>ι,</span> <span class='ocrx_word' id='word_1_942' title='bbox 3407 5009 3665 5082; x_wconf 62' lang='lat' dir='ltr'><strong>haeresi].</strong></span> 
     </span>
    </p>
   </div>
   <div class='ocr_carea' id='block_1_130' title="bbox 2127 5079 3668 5152">
    <p class='ocr_par' dir='ltr' id='par_1_130' title="bbox 2127 5079 3668 5152">
     <span class='ocr_line' id='line_1_134' title="bbox 2127 5079 3668 5152; baseline -0.003 -16"><span class='ocrx_word' id='word_1_943' title='bbox 2127 5079 2216 5136; x_wconf 87' lang='lat' dir='ltr'><strong>vel</strong></span> <span class='ocrx_word' id='word_1_944' title='bbox 2244 5079 2336 5152; x_wconf 76' lang='lat'><strong>27,</strong></span> <span class='ocrx_word' id='word_1_945' title='bbox 2378 5097 2434 5137; x_wconf 92' lang='lat' dir='ltr'><strong>n.</strong></span> <span class='ocrx_word' id='word_1_946' title='bbox 2493 5082 2547 5149; x_wconf 88' lang='lat'><strong>6,</strong></span> <span class='ocrx_word' id='word_1_947' title='bbox 2590 5097 2644 5152; x_wconf 93' lang='lat' dir='ltr'><strong>p.</strong></span> <span class='ocrx_word' id='word_1_948' title='bbox 2677 5082 2799 5149; x_wconf 91' lang='grc'>107,</span> <span class='ocrx_word' id='word_1_949' title='bbox 2833 5084 2925 5139; x_wconf 91' lang='lat' dir='ltr'><strong>cit.</strong></span> <span class='ocrx_word' id='word_1_950' title='bbox 2960 5083 3090 5138; x_wconf 89' lang='lat' dir='ltr'><strong>edit.</strong></span> <span class='ocrx_word' id='word_1_951' title='bbox 3129 5079 3454 5139; x_wconf 87' lang='lat' dir='ltr'><strong>Parisieiisis</strong></span> <span class='ocrx_word' id='word_1_952' title='bbox 3490 5103 3504 5138; x_wconf 89' lang='lat'>:</span> <span class='ocrx_word' id='word_1_953' title='bbox 3543 5101 3561 5133; x_wconf 72' lang='grc' dir='ltr'>ι</span> <span class='ocrx_word' id='word_1_954' title='bbox 3587 5079 3668 5133; x_wconf 73' lang='lat' dir='ltr'><strong>Et-</strong></span> 
     </span>
    </p>
   </div>
   <div class='ocr_carea' id='block_1_131' title="bbox 2126 5151 3667 5223">
    <p class='ocr_par' dir='ltr' id='par_1_131' title="bbox 2126 5151 3667 5223">
     <span class='ocr_line' id='line_1_135' title="bbox 2126 5151 3667 5223; baseline 0 -17"><span class='ocrx_word' id='word_1_955' title='bbox 2126 5152 2269 5207; x_wconf 88' lang='lat' dir='ltr'><strong>enim</strong></span> <span class='ocrx_word' id='word_1_956' title='bbox 2303 5151 2488 5206; x_wconf 70' lang='lat' dir='ltr'><strong>Romze</strong></span> <span class='ocrx_word' id='word_1_957' title='bbox 2517 5151 2677 5223; x_wconf 84' lang='lat' dir='ltr'><strong>primi</strong></span> <span class='ocrx_word' id='word_1_958' title='bbox 2717 5155 2961 5208; x_wconf 88' lang='lat' dir='ltr'><strong>omnium</strong></span> <span class='ocrx_word' id='word_1_959' title='bbox 2993 5152 3188 5208; x_wconf 86' lang='lat' dir='ltr'><strong>Petrus</strong></span> <span class='ocrx_word' id='word_1_960' title='bbox 3224 5164 3279 5207; x_wconf 90' lang='lat' dir='ltr'><strong>et</strong></span> <span class='ocrx_word' id='word_1_961' title='bbox 3324 5154 3523 5209; x_wconf 86' lang='lat' dir='ltr'><strong>Paulus</strong></span> <span class='ocrx_word' id='word_1_962' title='bbox 3553 5164 3667 5221; x_wconf 53' lang='lat' dir='ltr'><strong>apoc</strong></span> 
     </span>
    </p>
   </div>
   <div class='ocr_carea' id='block_1_132' title="bbox 2129 5222 3663 5294">
    <p class='ocr_par' dir='ltr' id='par_1_132' title="bbox 2129 5222 3663 5294">
     <span class='ocr_line' id='line_1_136' title="bbox 2129 5222 3663 5294; baseline -0.002 -18"><span class='ocrx_word' id='word_1_963' title='bbox 2129 5223 2252 5277; x_wconf 88' lang='lat' dir='ltr'><strong>stoli</strong></span> <span class='ocrx_word' id='word_1_964' title='bbox 2296 5222 2706 5294; x_wconf 16' lang='lat' dir='ltr'><strong>paritcrg’atque</strong></span> <span class='ocrx_word' id='word_1_965' title='bbox 2745 5224 2984 5294; x_wconf 87' lang='lat' dir='ltr'><strong>episcopi</strong></span> <span class='ocrx_word' id='word_1_966' title='bbox 3037 5222 3280 5278; x_wconf 87' lang='lat' dir='ltr'><strong>fuerunt.</strong></span> <span class='ocrx_word' id='word_1_967' title='bbox 3325 5227 3453 5278; x_wconf 83' lang='lat' dir='ltr'><strong>lude</strong></span> <span class='ocrx_word' id='word_1_968' title='bbox 3493 5224 3663 5284; x_wconf 90' lang='lat' dir='ltr'><strong>Linus,</strong></span> 
     </span>
    </p>
   </div>
   <div class='ocr_carea' id='block_1_133' title="bbox 2129 5292 3666 5349">
    <p class='ocr_par' dir='ltr' id='par_1_133' title="bbox 2129 5292 3666 5349">
     <span class='ocr_line' id='line_1_137' title="bbox 2129 5292 3666 5349; baseline -0.003 -2"><span class='ocrx_word' id='word_1_969' title='bbox 2129 5305 2240 5347; x_wconf 91' lang='lat' dir='ltr'><strong>tum</strong></span> <span class='ocrx_word' id='word_1_970' title='bbox 2263 5292 2466 5349; x_wconf 85' lang='lat' dir='ltr'><strong>Cletus.</strong></span> <span class='ocrx_word' id='word_1_971' title='bbox 2497 5292 2635 5349; x_wconf 73' lang='lat' dir='ltr'><strong>Post</strong></span> <span class='ocrx_word' id='word_1_972' title='bbox 2660 5292 2805 5348; x_wconf 77' lang='lat' dir='ltr'><strong>hunc</strong></span> <span class='ocrx_word' id='word_1_973' title='bbox 2826 5292 3078 5348; x_wconf 84' lang='lat' dir='ltr'><strong>Clemens</strong></span> <span class='ocrx_word' id='word_1_974' title='bbox 3104 5295 3248 5347; x_wconf 86' lang='lat' dir='ltr'><strong>Petri</strong></span> <span class='ocrx_word' id='word_1_975' title='bbox 3282 5305 3338 5349; x_wconf 90' lang='lat' dir='ltr'><strong>et</strong></span> <span class='ocrx_word' id='word_1_976' title='bbox 3373 5296 3518 5348; x_wconf 83' lang='lat' dir='ltr'><strong>Pauli</strong></span> <span class='ocrx_word' id='word_1_977' title='bbox 3547 5302 3666 5345; x_wconf 88' lang='lat' dir='ltr'><strong>tem-</strong></span> 
     </span>
    </p>
   </div>
   <div class='ocr_carea' id='block_1_134' title="bbox 2125 5363 3667 5434">
    <p class='ocr_par' dir='ltr' id='par_1_134' title="bbox 2125 5363 3667 5434">
     <span class='ocr_line' id='line_1_138' title="bbox 2125 5363 3667 5434; baseline -0.003 -16"><span class='ocrx_word' id='word_1_978' title='bbox 2125 5379 2316 5433; x_wconf 88' lang='lat' dir='ltr'><strong>porum</strong></span> <span class='ocrx_word' id='word_1_979' title='bbox 2341 5366 2587 5433; x_wconf 83' lang='lat' dir='ltr'><strong>aequalis,</strong></span> <span class='ocrx_word' id='word_1_980' title='bbox 2620 5363 2688 5419; x_wconf 85' lang='lat' dir='ltr'><strong>de</strong></span> <span class='ocrx_word' id='word_1_981' title='bbox 2710 5380 2818 5434; x_wconf 92' lang='lat' dir='ltr'><strong>quo</strong></span> <span class='ocrx_word' id='word_1_982' title='bbox 2852 5364 3054 5419; x_wconf 91' lang='lat' dir='ltr'><strong>Paulus</strong></span> <span class='ocrx_word' id='word_1_983' title='bbox 3089 5366 3335 5419; x_wconf 89' lang='lat' dir='ltr'><strong>tneminit</strong></span> <span class='ocrx_word' id='word_1_984' title='bbox 3375 5367 3443 5419; x_wconf 85' lang='lat' dir='ltr'><strong>ad</strong></span> <span class='ocrx_word' id='word_1_985' title='bbox 3485 5363 3667 5417; x_wconf 79' lang='lat' dir='ltr'><strong>Roma-</strong></span> 
     </span>
    </p>
   </div>
   <div class='ocr_carea' id='block_1_135' title="bbox 2124 5434 3669 5509">
    <p class='ocr_par' dir='ltr' id='par_1_135' title="bbox 2124 5434 3669 5509">
     <span class='ocr_line' id='line_1_139' title="bbox 2124 5434 3669 5509; baseline -0.002 -18"><span class='ocrx_word' id='word_1_986' title='bbox 2124 5450 2226 5509; x_wconf 71' lang='lat' dir='ltr'><strong>nos</strong></span> <span class='ocrx_word' id='word_1_987' title='bbox 2270 5437 2536 5509; x_wconf 76' lang='lat' dir='ltr'><strong>scribens.</strong></span> <span class='ocrx_word' id='word_1_988' title='bbox 2557 5453 2575 5486; x_wconf 76' lang='grc' dir='ltr'><strong><em>ι</em></strong></span> <span class='ocrx_word' id='word_1_989' title='bbox 2597 5434 2663 5488; x_wconf 82' lang='grc' dir='ltr'>Ει</span> <span class='ocrx_word' id='word_1_990' title='bbox 2687 5436 2847 5504; x_wconf 89' lang='lat' dir='ltr'><strong>paulo</strong></span> <span class='ocrx_word' id='word_1_991' title='bbox 2884 5446 3058 5509; x_wconf 66' lang='lat' dir='ltr'><strong>post;</strong></span> <span class='ocrx_word' id='word_1_992' title='bbox 3081 5452 3101 5487; x_wconf 69' lang='grc' dir='ltr'><em>ι</em></span> <span class='ocrx_word' id='word_1_993' title='bbox 3136 5435 3240 5489; x_wconf 88' lang='lat' dir='ltr'><strong>Sed</strong></span> <span class='ocrx_word' id='word_1_994' title='bbox 3252 5445 3535 5509; x_wconf 77' lang='lat' dir='ltr'><strong>utcunque</strong></span> <span class='ocrx_word' id='word_1_995' title='bbox 3561 5443 3669 5509; x_wconf 57' lang='lat' dir='ltr'><strong>sese</strong></span> 
     </span>
    </p>
   </div>
   <div class='ocr_carea' id='block_1_136' title="bbox 2125 5505 3667 5576">
    <p class='ocr_par' dir='ltr' id='par_1_136' title="bbox 2125 5505 3667 5576">
     <span class='ocr_line' id='line_1_140' title="bbox 2125 5505 3667 5576; baseline -0.005 -17"><span class='ocrx_word' id='word_1_996' title='bbox 2125 5505 2404 5576; x_wconf 82' lang='lat' dir='ltr'><strong>habuerit,</strong></span> <span class='ocrx_word' id='word_1_997' title='bbox 2457 5505 2828 5560; x_wconf 69' lang='lat' dir='ltr'><strong>Romanorum</strong></span> <span class='ocrx_word' id='word_1_998' title='bbox 2871 5506 3190 5576; x_wconf 79' lang='lat' dir='ltr'><strong>pontificum</strong></span> <span class='ocrx_word' id='word_1_999' title='bbox 3219 5506 3356 5576; x_wconf 64' lang='lat' dir='ltr'><strong>ista</strong></span> <span class='ocrx_word' id='word_1_1000' title='bbox 3413 5505 3667 5576; x_wconf 82' lang='lat' dir='ltr'><strong>successio</strong></span> 
     </span>
    </p>
   </div>
   <div class='ocr_carea' id='block_1_137' title="bbox 2124 5574 3665 5642">
    <p class='ocr_par' dir='ltr' id='par_1_137' title="bbox 2124 5574 3665 5642">
     <span class='ocr_line' id='line_1_141' title="bbox 2124 5574 3665 5642; baseline 0.002 -12"><span class='ocrx_word' id='word_1_1001' title='bbox 2124 5585 2212 5630; x_wconf 89' lang='lat' dir='ltr'><strong>est</strong></span> <span class='ocrx_word' id='word_1_1002' title='bbox 2242 5594 2257 5631; x_wconf 92' lang='lat'><strong>:</strong></span> <span class='ocrx_word' id='word_1_1003' title='bbox 2285 5574 2502 5639; x_wconf 81' lang='lat' dir='ltr'><strong>Petrus,</strong></span> <span class='ocrx_word' id='word_1_1004' title='bbox 2527 5585 2583 5631; x_wconf 89' lang='lat' dir='ltr'><strong>et</strong></span> <span class='ocrx_word' id='word_1_1005' title='bbox 2604 5576 2826 5642; x_wconf 82' lang='lat' dir='ltr'><strong>Paulus,</strong></span> <span class='ocrx_word' id='word_1_1006' title='bbox 2867 5574 3059 5642; x_wconf 89' lang='lat' dir='ltr'><strong>Linus,</strong></span> <span class='ocrx_word' id='word_1_1007' title='bbox 3086 5592 3149 5632; x_wconf 89' lang='lat' dir='ltr'><strong>ac</strong></span> <span class='ocrx_word' id='word_1_1008' title='bbox 3172 5574 3379 5641; x_wconf 86' lang='lat' dir='ltr'><strong>Cletus,</strong></span> <span class='ocrx_word' id='word_1_1009' title='bbox 3409 5574 3665 5633; x_wconf 67' lang='lat' dir='ltr'><strong>Clemens.</strong></span> 
     </span>
    </p>
   </div>
   <div class='ocr_carea' id='block_1_138' title="bbox 2125 5644 3667 5718">
    <p class='ocr_par' dir='ltr' id='par_1_138' title="bbox 2125 5644 3667 5718">
     <span class='ocr_line' id='line_1_142' title="bbox 2125 5644 3667 5718; baseline -0.002 -20"><span class='ocrx_word' id='word_1_1010' title='bbox 2125 5644 2427 5718; x_wconf 86' lang='lat' dir='ltr'><strong>Evaristus,</strong></span> <span class='ocrx_word' id='word_1_1011' title='bbox 2474 5644 2735 5718; x_wconf 82' lang='lat' dir='ltr'><strong>Hyginus,</strong></span> <span class='ocrx_word' id='word_1_1012' title='bbox 2779 5645 2930 5713; x_wconf 75' lang='lat' dir='ltr'><strong>Piis,</strong></span> <span class='ocrx_word' id='word_1_1013' title='bbox 2955 5645 3247 5718; x_wconf 66' lang='lat' dir='ltr'><strong>Anicetus,</strong></span> <span class='ocrx_word' id='word_1_1014' title='bbox 3288 5646 3382 5716; x_wconf 84' lang='lat' dir='ltr'><strong>qui</strong></span> <span class='ocrx_word' id='word_1_1015' title='bbox 3413 5655 3497 5700; x_wconf 91' lang='lat' dir='ltr'><strong>est</strong></span> <span class='ocrx_word' id='word_1_1016' title='bbox 3534 5658 3563 5697; x_wconf 86' lang='lat' dir='ltr'><strong>a</strong></span> <span class='ocrx_word' id='word_1_1017' title='bbox 3589 5651 3667 5695; x_wconf 81' lang='lat' dir='ltr'><strong>me</strong></span> 
     </span>
    </p>
   </div>
   <div class='ocr_carea' id='block_1_139' title="bbox 2125 5717 3569 5788">
    <p class='ocr_par' dir='ltr' id='par_1_139' title="bbox 2125 5717 3569 5788">
     <span class='ocr_line' id='line_1_143' title="bbox 2125 5717 3569 5788; baseline -0.005 -15"><span class='ocrx_word' id='word_1_1018' title='bbox 2125 5717 2288 5787; x_wconf 87' lang='lat' dir='ltr'><strong>paulo</strong></span> <span class='ocrx_word' id='word_1_1019' title='bbox 2317 5726 2442 5776; x_wconf 82' lang='lat' dir='ltr'><strong>ante</strong></span> <span class='ocrx_word' id='word_1_1020' title='bbox 2474 5717 2534 5775; x_wconf 87' lang='lat' dir='ltr'><strong>iu</strong></span> <span class='ocrx_word' id='word_1_1021' title='bbox 2550 5719 2926 5788; x_wconf 85' lang='lat' dir='ltr'><strong>episcoporum</strong></span> <span class='ocrx_word' id='word_1_1022' title='bbox 2952 5717 3143 5776; x_wconf 89' lang='lat' dir='ltr'><strong>ordine</strong></span> <span class='ocrx_word' id='word_1_1023' title='bbox 3166 5724 3504 5773; x_wconf 87' lang='lat' dir='ltr'><strong>numeratus.</strong></span> <span class='ocrx_word' id='word_1_1024' title='bbox 3549 5732 3569 5766; x_wconf 76' lang='grc' dir='ltr'>ι</span> 
     </span>
    </p>
   </div>
  </div>
