3802 6198
170 251 256 308 ‘91
869 242 957 296 DE
996 240 1389 297 PORTUENSI
1430 237 1490 294 S.
1534 239 1894 294 HlPPOLYTl
1938 237 2132 294 SEDE.
2173 268 2243 276 —
2280 235 2458 290 PARS
2498 234 2561 289 11.

3242 228 3346 284 498

175 366 448 430 stautissime
477 371 670 421 tenent.
720 359 779 415 S.
812 361 974 415 Petro
1018 358 1237 424 Linum,
1264 358 1403 414 Lino
1443 360 1673 414 Anacle-
1700 363 1747 419 Α
1774 364 1881 422 est,
1928 373 2037 412 non
2075 355 2471 426 presbyterum,
2502 352 2594 406 sed
2623 353 2936 422 episcopum
2994 342 3182 413 fuisse,
3234 365 3345 404 non

178 475 290 526 tum,
327 457 555 513 Anacleto
608 453 939 508 Clementem
984 451 1038 506 in
1087 452 1288 507 summi
1338 454 1671 523 apostolatus

176 567 350 612 nionem
382 549 722 604 successisse.
773 544 929 600 Hune
973 543 1170 616 Moynii
1202 545 1381 600 locum
1415 545 1675 600 exscribit

172 649 350 704 Joannes
398 642 645 696 Albertus
690 638 972 692 Fabricius
1022 637 1077 690 iu
1129 636 1265 692 libro
1322 637 1410 691 cui
1479 637 1671 692 titulus

166 736 380 796 Salutem
409 733 498 786 tua:
545 729 841 801 Evangelii,
897 729 995 785 abs
1037 744 1096 784 se
1135 729 1281 784 edito
1309 729 1446 799 (94),
1472 730 1527 784 in
1558 744 1671 799 quo

160 809 424 886 Christiana
463 824 586 879 ﬁdei
627 823 780 878 initia
815 821 958 892 apud
989 835 1178 876 omnes
1215 831 1400 890 gentes
1445 837 1531 887 ea,
1563 838 1668 891 qua

157 937 231 992 par
276 926 377 982 est,
434 915 741 972 eruditione
811 915 1094 985 repandit,
1167 914 1426 984 additque
1497 915 1671 985 ipsius

154 1010 309 1081 onnii
327 1007 708 1072 testimonium,
736 1016 796 1062 ut
821 1008 1014 1077 probet
1036 1007 1174 1062 duos
1189 1007 1474 1076 episcopos
1507 1023 1668 1063 unam

152 1101 446 1170 eamdemque
471 1097 775 1154 Ecclesiarn
807 1099 1002 1153 eodem
1039 1109 1277 1168 tempore
1311 1101 1664 1168 gubernasse.

153 1195 229 1249 Sed
252 1195 394 1248 hasce
426 1191 967 1263 Presbyterianorum
1001 1193 1166 1246 tricas
1199 1192 1311 1261 jam
1347 1192 1550 1247 centies
1580 1207 1669 1246 ra-

151 1288 304 1344 dicitus
328 1285 715 1341 convulserunt
740 1285 842 1338 viri
874 1285 1309 1354 praestantissimi
1337 1300 1400 1338 ex
1443 1283 1666 1348 nostris,

147 1391 262 1435 etc:
293 1377 603 1448 Anglicanis
652 1376 1023 1446 quamplures,
1063 1375 1203 1429 inter
1249 1390 1389 1446 quos
1433 1375 1677 1431 Thomas.

147 1472 366 1538 Dilsonus,
406 1469 681 1525 Henricus
708 1468 1049 1533 Hamondus,
1084 1478 1138 1524 et
1172 1469 1408 1524 Joannes
1440 1469 1670 1525 Pearso-

147 1567 254 1629 nius,
280 1563 363 1634 qui
393 1562 676 1632 peritioris
701 1561 1021 1617 eruditionis
1042 1562 1200 1617 laude
1234 1572 1286 1616 et
1321 1561 1520 1632 ingenii
1544 1579 1668 1618 acu-

146 1658 254 1710 mine
279 1655 564 1725 plurimum
609 1654 900 1709 excellunt.
934 1652 1175 1723 Denique
1200 1652 1436 1708 Jacobus
1465 1653 1669 1708 Basna-

1779 448 1987 514 Romae,
2035 457 2095 504 ut
2123 447 2293 504 Graeci
2342 445 2562 511 habent,
2615 446 2708 499 sed
2760 445 2812 498 in
2844 443 3019 515 Syria.
3073 439 3170 496 llis
3199 443 3348 497 enim

1778 541 2170 610 respondemus
2210 554 2332 595 cum
2362 534 2680 592 doctissimo
2715 533 3000 589 Ruinartio
3031 532 3167 605 (97),
3200 533 3348 586 anti-

1777 649 1907 704 qua,
1938 649 2059 703 quae
2080 632 2352 688 (Adonem
2382 637 2794 702 praecesserunt,
2824 635 2877 682 et
2905 629 3112 698 aliquot
3137 642 3202 681 ex
3240 627 3348 693 his,

1777 742 1899 797 quae
1940 734 2065 797 post
2113 725 2376 796 (ejusdem
2416 723 2642 793 Adonis)
2693 731 2905 778 aetatem
2959 720 3158 792 scripta
3196 731 3347 789 sunt,

1777 819 1982 875 nudum
2032 819 2302 892 Hippolyti
2350 833 2545 873 nomen
2581 818 2666 873 die
2696 833 2806 870 xxx
2839 814 3078 870 Januarii
3113 834 3132 867 ι
3187 814 3346 870 exhi-

1778 915 1942 980 bere;
1979 929 2088 983 quo
2114 912 2191 979 lit,
2226 921 2282 966 ut
2310 913 2392 966 bis
2425 909 2754 980 conjecturis
2791 919 2846 963 et
2873 907 3346 963 emendationibus

1777 1003 2105 1059 Tillemontii
2142 1003 2321 1058 nullus
2341 1003 2576 1072 supersit
2601 1001 2773 1056 locus.
2798 998 3179 1069 Antiquissimi
3205 997 3349 1053 Mar-

1777 1095 2025 1169 tyrologii
2058 1094 2377 1149 Dacberiani
2411 1105 2464 1149 et
2493 1093 2786 1164 pervetusti
2815 1090 3163 1146 Ottoboniani
3189 1089 3348 1146 lectio

1777 1187 2127 1242 conlirmatur
2175 1201 2204 1239 a
2239 1194 2318 1240 tot
2367 1185 2604 1254 antiquis
2653 1183 3032 1254 scriptoribus,
3064 1197 3204 1251 quos
3252 1198 3350 1236 su-

1776 1279 1976 1350 periori
2030 1278 2254 1349 hujusce
2293 1277 2693 1333 dissertationis
2740 1285 2892 1347 parte
2944 1275 3343 1338 recensuimus,

1775 1387 1837 1426 ex
1880 1372 2079 1441 quibus
2121 1381 2303 1439 aperte
2351 1369 2652 1438 colligimus
2693 1367 2749 1426 S.
2769 1366 3114 1438 Hippolytum
3147 1365 3346 1419 Portus

1778 1462 2041 1528 Romani,
2087 1463 2178 1533 qui
2239 1462 2306 1516 ad
2351 1462 2586 1531 antiqua:
2627 1459 2840 1514 Tuscia:
2882 1460 3015 1513 lines
3062 1457 3340 1528 pertinuit,

1774 1556 2087 1625 episcopum
2119 1554 2412 1608 exstitisse.

1773 1645 1864 1703 XI.
1906 1647 2111 1716 Bigmci
2146 1646 2403 1699 sententia
2433 1645 2496 1698 de
2519 1645 2719 1697 duobus
2744 1641 3047 1712 Hippolytis
3081 1640 3338 1710 rejicitur.

144 1750 232 1816 gius
262 1745 585 1816 praecipuum
632 1746 798 1801 hocce
837 1744 1036 1816 Moyuii
1087 1744 1361 1800 somnium
1413 1745 1668 1800 convellit
1701 1731 1742 1784 Β
1841 1739 2067 1792 Demum
2120 1736 2456 1807 Margarinus
2503 1735 2751 1804 Bignzeus
2794 1734 2928 1804 (98),
2965 1734 3102 1788 duos
3137 1743 3190 1786 et
3227 1734 3342 1801 ipse

143 1842 182 1894 in
202 1840 294 1894 suis
316 1840 379 1893 de
401 1838 460 1894 S.
499 1837 783 1911 Hippolyti
829 1839 938 1892 vita
976 1845 1032 1892 et
1071 1836 1290 1906 scriptis
1319 1836 1665 1892 animadver—

142 1933 331 1988 sionibus
358 1933 490 2003 (95).

141 2046 188 2102 Χ.
211 2046 505 2101 Tillemontii
538 2045 866 2115 conjectura,
899 2063 1004 2116 qua
1038 2053 1277 2116 sanctym
1314 2042 1664 2113 Hippolytum

189 2118 445 2171 Antiochia:
494 2113 742 2185 passum,
778 2128 827 2170 et
859 2113 930 2186 ,ia
960 2117 1134 2170 vicina
1168 2113 1328 2185 Syria
1362 2117 1668 2184 episcopum,

191 2189 348 2257 fuisse,
379 2188 671 2258 refellitur.

187 2305 534 2361 Tillemontius
572 2303 686 2375 (96)
722 2306 775 2358 in
808 2319 928 2360 eam
965 2304 1176 2358 videtur
1230 2303 1492 2357 inclinare
1539 2318 1664 2357 sen-

140 2397 345 2462 tentiam,
395 2397 545 2464 quod
613 2395 670 2449 S.
695 2393 1014 2465 Hippolytus
1066 2393 1360 2465 gloriosam
1421 2393 1662 2464 martyrii

139 2491 318 2557 palmam
348 2486 663 2541 Antiochiae
712 2494 1040 2541 consecutus
1073 2487 1170 2549 sit;
1213 2485 1438 2554 ideoque
1471 2485 1522 2537 in
1561 2484 1660 2537 ali-

137 2594 210 2646 qua
237 2579 466 2650 proxima
516 2577 695 2648 Syriae
745 2576 880 2630 urbe
931 2576 1303 2647 episcopatum
1357 2575 1658 2631 obtinuisse

135 2681 287 2724 censet.
366 2669 524 2724 Hanc
561 2669 930 2738 conjecturam
973 2666 1214 2736 diligenti
1246 2669 1478 2736 quadarn
1515 2679 1660 2724 vete-

135 2773 222 2813 rum
257 2759 759 2831 Hartyrologiorum
807 2757 1139 2826 inspectione
1190 2756 1384 2812 fulcire
1435 2759 1657 2823 nititur;

133 2851 201 2905 sed
244 2851 384 2906 irrito
436 2866 678 2922 prorsus
726 2858 944 2904 conatu.
1005 2848 1459 2918 Antiquissimum
1512 2850 1655 2904 enim

133 2944 561 3014 martyrologium,
597 2943 815 2998 cuilibet
862 2940 1280 3010 praeferendum,
1316 2941 1458 3011 quod
1492 2940 1658 2995 edidit

132 3031 394 3104 Dacberius,
426 3037 643 3092 diserte
668 3035 863 3089 habet:
900 3052 916 3084 ι
956 3033 1012 3086 ln
1049 3031 1248 3088 Tuscia
1290 3031 1353 3088 Β.
1382 3031 1653 3104 Hippolyti

131 3129 316 3197 episcopi
344 3130 410 3183 de
437 3127 709 3197 antiquis.
741 3145 761 3178 ι
809 3124 949 3180 Huic
982 3127 1252 3180 consentit
1283 3123 1427 3181 aliud
1452 3123 1654 3196 Marty-

131 3218 344 3289 rologium
380 3209 740 3274 bibliotheca:
768 3217 1164 3278 Ottobonianae,
1211 3217 1264 3270 in
1296 3232 1404 3286 quo
1435 3219 1655 3285 paucis-

130 3312 229 3364 sima
257 3321 570 3367 sanctorum
599 3310 817 3364 nomina
850 3309 1089 3380 qualibet
1113 3308 1199 3362 die
1222 3318 1533 3362 occurrunt.
1577 3307 1654 3363 Ex

130 3401 388 3470 huiusmodi
426 3404 603 3475 igitur
631 3400 1028 3472 Martyrologiis
1067 3407 1281 3454 constat
1314 3398 1370 3454 S.
1400 3399 1654 3472 Hippoly-

127 3501 227 3559 tum,
251 3511 339 3550 nec
369 3495 682 3550 Antiochia:
724 3509 967 3562 passum,
1017 3507 1116 3546 nec
1167 3491 1219 3543 in
1254 3490 1430 3562 Syria,
1466 3493 1560 3546 sed
1595 3492 1650 3545 in

127 3582 299 3643 Tuscia.
356 3587 467 3645 Nec
516 3587 681 3642 addat
709 3585 1105 3652 Tillemontius,
1141 3587 1394 3641 mendum
1435 3595 1488 3639 et
1523 3580 1652 3640 con-

124 3673 340 3732 lusionem
401 3681 457 3732 in
502 3679 612 3733 hoc
639 3676 1018 3747 Martyrologio
1062 3678 1365 3746 irrepsisse,
1412 3692 1478 3732 eo
1505 3675 1650 3747 quod

124 3769 199 3821 alia
221 3768 594 3842 Martyrologia
641 3771 742 3824 hac
773 3769 958 3824 eadem
1008 3771 1095 3824 die
1135 3771 1504 3840 presbyterum
1535 3769 1648 3824 An-

124 3860 380 3916 tiochenam
411 3862 614 3918 Novati
639 3862 963 3966 discipuli?)
999 3862 1287 3925 celebrent,
1317 3861 1485 3918 Graeci
1521 3877 1650 3916 vero

125 3950 164 4004 S.
185 3951 516 4026 Hippolytum
559 3971 750 4025 papam
783 3950 968 4010 Itonia:
1006 3953 1274 4017 referant;
1317 3953 1650 4023 prointlcque

121 4044 399 4099 credendum
446 4046 547 4109 sit,
582 4043 950 4117 Hippolytum,
983 4046 1077 4116 qui
1112 4045 1415 4100 Antiochia:
1454 4062 1647 4114 passus

170 4217 262 4290 (94)
297 4218 426 4290 Cap.
467 4219 558 4281 i5,
594 4237 643 4289 p.
675 4219 798 4284 555,
823 4221 949 4274 edit.
978 4217 1266 4288 Hamburgi
1295 4237 1382 4277 an.
1422 4220 1576 4276 1751.

171 4288 529 4360 (95)-Ῐῐὶᾴῑοῐῐι.
570 4288 804 4359 ιίΑηιὶιῙ.
851 4291 966 4342 lect.
1002 4290 1218 4344 Henrici
1257 4290 1483 4360 Canisii,
1521 4309 1640 4360 pag.

120 4355 171 4430 33':
198 4376 213 4407 ι
238 4357 398 4414 Multo
428 4360 617 4414 minus
653 4355 1014 4430 crediderim,
1049 4361 1196 4413 illum
1243 4355 1640 4430 (Hippolytum)

1768 1827 2086 1900 Hippolytos
2114 1827 2375 1882 conﬁnxit
2405 1845 2416 1879 :
2451 1843 2618 1880 unum
2650 1826 2857 1882 scilicet
2881 1824 3148 1887 Graecum,
3182 1823 3342 1893 cujus

1768 1919 2198 1976 luculentissima
2239 1927 2452 1973 exstant
2483 1926 2835 1972 monumenta
2867 1918 2934 1971 ab
2962 1917 3080 1986 ipso
3109 1916 3342 1984 aliisque

1765 2013 1945 2079 edita;
1977 2010 2328 2066 Portuensem
2360 2010 2612 2074 alterum,
2643 2025 2802 2080 quem
2834 2008 3079 2063 Romana
3114 2024 3340 2062 venera-

1766 2112 1854 2158 tur
1879 2101 2153 2169 Ecclesia;
2196 2121 2214 2153 ι
2243 2118 2339 2172 per
2365 2119 2450 2157 me
2489 2103 2667 2168 liccat,
2700 2102 2895 2171 inquit,
2927 2103 3035 2156 duo
3069 2103 3178 2156 sint
3207 2101 3339 2172 Hip-

1767 2196 1954 2267 polyti,
1982 2195 2208 2250 Latinus
2253 2211 2395 2268 unus
2442 2195 2531 2249 ille
2563 2195 2712 2265 prior
2738 2193 3081 2260 Portuensis,
3115 2193 3338 2254 Graecus

1763 2302 1893 2341 vero
1922 2287 2058 2342 alter
2089 2287 2250 2356 hujus
2278 2286 2542 2340 orationis
2585 2295 2795 2340 auctor.
2828 2304 2847 2337 ι
2901 2283 3201 2341 Peculiaris
3237 2286 3339 2339 hu-

1759 2379 1916 2450 jusce
1957 2379 2235 2434 sententiae
2275 2377 2612 2448 potissimam
2657 2377 2743 2432 his
2770 2376 2951 2431 verbis
2987 2376 3143 2430 ail‘ert
3170 2379 3337 2432 ratio-

1765 2486 1886 2525 nem
1913 2489 1925 2524 :
1957 2488 1974 2521 ε
2007 2469 2123 2524 Non
2177 2470 2249 2523 ita
2281 2484 2402 2524 esse
2431 2467 2724 2522 verisimile
2756 2465 2948 2520 Italum
2995 2466 3333 2536 episcopum,

1763 2564 1845 2617 vel
1872 2563 2055 2617 Graroe
2086 2562 2390 2631 scripsisse,
2431 2560 2515 2616 vel
2551 2559 2719 2614 fuisse
2754 2567 2903 2612 tanta
2937 2558 3334 2613 necessitudine

1762 2670 1887 2710 cum
1912 2653 2144 2724 Origene
2177 2653 2552 2722 conjunctnm.
2590 2671 2608 2702 ι
2646 2650 2845 2705 Verum
2891 2650 3179 2705 levissimae
3207 2650 3336 2705 huic

1761 2746 2086 2816 conjecturae
2133 2746 2361 2801 nimium
2409 2746 2635 2800 indulsit
2671 2744 2940 2815 Bignaeus.
2991 2743 3335 2814 Quapropter

1754 2839 1878 2908 jure
1919 2854 1983 2893 ac
2020 2839 2214 2892 merito
2244 2837 2350 2893 Leo
2375 2836 2604 2892 Allatius
2649 2837 2790 2892 hanc
2837 2836 3010 2906 ipsius
3038 2836 3331 2890 divinatio-

1760 2946 1882 2985 nem
1912 2931 2099 3001 rejecit
2131 2931 2183 2984 in
2215 2929 2582 2998 descriptione
2613 2927 2816 2983 codicis
2842 2927 3110 2993 Ghisiani,
3140 2943 3329 2996 quam,

1759 3035 1818 3079 ut
1845 3025 1980 3078 alias
2010 3024 2268 3085 diximus,
2300 3022 2467 3076 edidit
2496 3021 2845 3076 doctissimus
2869 3019 3137 3090 Josephus
3166 3020 3330 3074 Blan-

1757 3117 1949 3173 chinus
1980 3117 2033 3169 in
2061 3114 2309 3170 Vimiiciis
2334 3129 2606 3168 sacrorum
2621 3114 2858 3166 codicum
2889 3113 2973 3167 his
2995 3113 3174 3167 verbis
3193 3112 3329 3184 (99):

1763 3230 1780 3262 ι
1812 3209 1916 3264 Sed
1948 3210 2048 3263 hac
2117 3226 2214 3263 sua
2251 3207 2503 3278 opinione
2552 3205 2754 3260 fallitur
2779 3204 3062 3276 Bignmus;
3115 3222 3330 3277 possem

1755 3303 1935 3371 plures
1951 3301 2444 3356 enumerareltalos
2473 3298 2746 3354 inGraecis
2769 3313 2875 3353 non
2895 3308 3104 3353 tantum
3135 3299 3331 3354 intelli-

1756 3393 1944 3464 gendis
1979 3394 2071 3448 sed
2093 3393 2392 3447 scribendis
2421 3391 2583 3446 etiam
2615 3390 2781 3447 fuisse
2805 3392 3234 3459 versatissimos;
3273 3401 3331 3446 ut

1754 3485 1821 3538 de
1854 3484 1975 3538 aliis
2006 3484 2214 3548 sileam,
2238 3481 2489 3537 Elianus
2510 3482 2780 3538 Praeneste
2830 3491 2987 3552 natus
3019 3492 3226 3537 tantum
3273 3485 3329 3538 in

1754 3575 1943 3631 Graeca
1996 3575 2244 3629 oratione
2273 3574 2463 3639 valuit,
2495 3584 2553 3628 ut
2581 3576 2710 3644 Apis
2730 3575 2911 3629 Attica
2945 3575 3084 3628 inter
3108 3575 3328 3630 Graecos

1753 3683 1782 3722 a
1818 3666 2019 3721 Graecis
2058 3666 2190 3734 ipsis
2224 3665 2416 3724 vocari
2443 3668 2720 3721 meruerit.
2757 3685 2776 3719 ›
2839 3667 3037 3720 Allatio
3073 3668 3326 3720 subscri-

1753 3758 1888 3812 bunt
1916 3755 2219 3812 doctissimi
2249 3755 2478 3809 editores
2515 3755 2852 3810 Bibliotheca:
2875 3754 3102 3809 Patrum
3133 3757 3326 3810 editio-

1754 3850 1837 3905 nis
1864 3847 2262 3919 Lugdunensis,
2295 3848 2388 3916 qui
2419 3847 2789 3917 Margarinum
2817 3862 3030 3902 errasse
3057 3847 3322 3911 scribunt;

1757 3960 1774 3992 t
1809 3957 1929 3994 nam
1968 3939 2024 3994 S.
2050 3938 2370 4010 Hippolytus
2417 3938 2738 3994 Portuensis
2787 3939 3076 4010 episcopus
3105 3938 3326 3995 Graecus

1751 4030 1872 4097 fuit,
1903 4039 1958 4084 et
1985 4030 2174 4086 Greece
2205 4030 2442 4100 scripsit.
2480 4049 2499 4082 ι

1747 4229 1886 4283 celui
1913 4228 1981 4282 de
2011 4227 2196 4282 Porto.
2249 4227 2344 4282 S‘il
2380 4245 2408 4281 a
2442 4229 2842 4284 ell‘ectivement
2881 4229 3105 4284 sonll‘ert
3153 4229 3184 4282 ἐι
3214 4229 3320 4283 An-

1748 4301 1947 4361 tiochc,
1999 4301 2134 4352 c’est
2182 4315 2289 4351 une
2320 4301 2521 4368 grande
2554 4316 2754 4369 preuve
2788 4301 2917 4370 qu’il
2947 4317 2982 4354 a»
3003 4300 3088 4356 éte
3108 4299 3320 4370 evéque

1746 4371 1882 4442 dans
1905 4369 2147 4442 l'Oricnt,
2171 4368 2568 4442 etsansdoute
2591 4370 2730 4424 dans
2759 4368 3004 4442 la'Syrie.
3033 4390 3052 4422 ι
3103 4368 3168 4442 Et
3197 4368 3316 4439 pag.

121 4424 370 4510 Humanam
413 4430 637 4510 sedem
671 4431 924 4510 Ιίξιιιιίδεεξ-
984 4419 1259 4510 Οιεὲςιίιιιὶἆ
1291 4419 1645 4510 φὶῖιηηῚιιυνὶὶ
1675 4419 1718 4473 D
2825 4419 3321 4506 diminutas—2',

119 4497 462 4568 denasrentis
515 4499 771 4554 Ecclesiae
825 4501 1154 4568 primordiis,
1211 4501 1500 4554 verisimile
1535 4518 1640 4555 non

120 4566 159 4642 lit
195 4567 334 4624 binos
387 4571 675 4639 episcopos
729 4566 1027 4642 Romanam
1091 4571 1295 4642 rexisse
1343 4570 1642 4642 Ecclesium

120 4639 296 4708 ineunte
349 4642 517 4693 tertio
575 4641 810 4702 saeculo,
864 4655 972 4708 quo
1030 4641 1304 4707 vulgatum
1371 4639 1643 4697 ferebatur

118 4707 286 4779 axioma
311 4728 322 4762 :
352 4709 500 4763 Unus
527 4709 687 4772 Deus,
716 4727 848 4763 unus
878 4707 1168 4779 episcopus.
1227 4711 1282 4763 id
1317 4727 1422 4764 non
1456 4713 1641 4767 latuis-

118 4785 178 4829 set
211 4775 610 4851 Hieronymum,
668 4775 941 4852 plurimos
989 4775 1161 4852 annos
1213 4781 1266 4833 in
1321 4782 1435 4852 ipsa
1471 4783 1639 4838 ltoma

117 4849 505 4921 yersatumgqui
538 4849 717 4905 tamen
754 4849 1022 4920 Hippolyti
1055 4851 1235 4921 sedem
1271 4849 1638 4920 epiSCOpalcm

117 4919 356 4982 ignoravit.
394 4919 638 4989 Denique
668 4921 735 4975 de
765 4929 872 4974 tam
909 4919 1138 4992 sulemni
1183 4922 1430 4990 exemplo
1465 4919 1642 4992 genti-

118 4999 271 5062 norum
318 4992 693 5062 episcOporum
748 4992 965 5062 inuna
1015 4991 1311 5062 eademque
1356 4991 1492 5046 sede
1529 5008 1639 5048 non

115 5055 368 5131 siluissent
418 5055 520 5114 vel'
553 5060 930 5126 schismatici,
979 5061 1061 5114 vel
1116 5055 1293 5116 caeteri
1346 5063 1640 5131 scriptores

117 5127 454 5184 ecclesiastici.
481 5149 499 5182 ι

167 5197 263 5270 (_9_6)
289 5198 493 5268 Saapius
523 5201 688 5254 citato
715 5211 847 5254 tom.
878 5199 965 5263 lll,
992 5216 1112 5270 pag.
1137 5202 1274 5258 ἓως
1305 5221 1324 5252 ‹
1346 5199 1639 5257 Bollandns

114 5264 492 5342 etElorentinus
521 5273 727 5342 croient
771 5287 877 5339 que
918 5264 1384 5342 sai-uttlhppolyte,
1417 5273 1640 5339 marqué

115 5329 150 5412 ine
263 5348 317 5412 et
360 5339 410 5392 lc
441 5341 506 5393 50
537 5342 602 5395 de
634 5329 855 5412 Janvier
881 5342 1018 5395 dans
1052 5341 1127 5394 les
1155 5329 1638 5412 liiariyrologes'de

115 5398 392 5479 S.Jer0me,
417 5425 620 5466 comme
653 5427 725 5464 un
752 5411 954 5479 éréqne
982 5413 1048 5464 de
1079 5398 1396 5479 l’antiquité,
1423 5398 1480 5467 εἴ
1502 5414 1638 5468 dans

115 5476 468 5553 guelques-uns
490 5496 700 5553 eamme
726 5476 889 5553 ayant
919 5482 1144 5535 souil'ert
1175 5482 1204 5534 ii
1229 5476 1513 5553 Antioche,
1555 5493 1638 5538 est

187 5536 338 5612 grand
379 5547 656 5622 Hippolyte
699 5536 830 5605 duint
858 5567 995 5607 nous
1048 5553 1286 5621 parlons.
1340 5551 1440 5605 Les
1471 5536 1638 5609 Grcos

117 5607 380 5670 l'honorent
400 5607 607 5691 eti-elici
631 5621 766 5675 dans
795 5637 886 5676 ces
921 5607 1124 5676 ménies
1145 5623 1320 5691 jours,
1345 5607 1636 5691 quoiqu‘ils

119 5693 391 5756 Npportent
413 5689 644 5747 tres-mal
674 5707 770 5748 son
802 5693 1043 5757 histoire,
1078 5693 1126 5747 le
1148 5689 1634 5752 conl'ondantateo

1747 4511 1941 4583 repetit
1965 4529 1979 4564 :
2008 4510 2278 4583 (Coruine
2310 4508 2522 4583 Usuard
2552 4508 2619 4564 iet
2640 4512 2794 4566 Adon
2837 4527 2903 4565 ne
2930 4513 3144 4583 parient
3167 4512 3320 4580 point

1742 4581 1814 4636 du
1859 4591 1975 4635 tout
2019 4582 2084 4636 de
2116 4581 2171 4633 S.
2201 4581 2486 4650 Hippolyte
2523 4583 2748 4650 (ireque,
2798 4583 2909 4636 cela
2934 4581 3077 4649 'peut
3110 4583 3318 4650 donner

1742 4654 1978 4721 quelque
2006 4651 2148 4719 sujet
2171 4650 2238 4704 de
2271 4649 2445 4706 ci-oire
2471 4667 2579 4719 quc
2611 4649 2688 4718 c‘a
2719 4653 2894 4720 plutt‘tt
2923 4651 3006 4706 eté
3027 4668 3093 4706 en
3120 4649 3310 4705 Orient

1741 4725 1901 4791 qu‘en
1926 4721 2188 4777 Occident
2219 4722 2349 4790 qu’il
2405 4723 2654 4791 arexercé
2689 4723 3002 4791 l’episeopat
3035 4730 3089 4776 et
3115 4721 3246 4790 qu‘il
3281 4736 3313 4774 a

1742 4790 1967 4847 s'onli‘ert
2024 4794 2071 4846 le
2113 4802 2363 4862 martyre.
2413 4790 2562 4846 Nmis
2586 4790 2811 4847 verrons
2847 4808 2913 4862 en
2944 4793 3067 4846 eﬂ‘et
3092 4793 3228 4846 dans
3263 4792 3311 4844 la

1741 4872 1867 4934 note
1889 4863 2020 4934 tuo
2055 4863 2119 4934 ὃ.⁸
2133 4860 2414 4934 Hippolyte
2438 4862 2640 4932 évéque
2665 4861 2891 4932 triarqué
2914 4862 2942 4915 :‘t
2977 4862 3240 4934 Antioche
3262 4863 3313 4914 le

1741 4932 1810 5002 29
1843 4942 1896 4986 et
1923 4933 1972 4986 le
1995 4933 2064 4985 δυ
2089 4931 2155 4984 de
2172 4930 2391 5002 Janvier
2415 4976 2428 4988 .
2454 4943 2508 4988 et
2531 4930 2601 4986 on
2629 4936 2765 4988 croit
2788 4930 2893 5002 que
2917 4935 3048 4987 c'est
3075 4932 3305 4986 colui-ci.

1740 5001 1924 5057 Pierre
1942 5002 2162 5055 Damien
2182 5002 2230 5054 le
2248 5001 2673 5058 faitanssivenir
2701 5004 2768 5057 de
2802 5001 2990 5058 devers
3021 5003 3305 5056 Antioche.

1741 5073 1892 5126 Ainsi
1924 5073 1959 5126 il
1987 5087 2121 5143 aura
2153 5087 2223 5140 pu
2259 5074 2371 5126 étre
2396 5074 2599 5142 évéque
2625 5075 2690 5128 de
2727 5075 2958 5143 quelque
2993 5073 3154 5141 petite
3184 5071 3308 5124 ville

1739 5145 1806 5216 de
1835 5145 2010 5216 Syrio.
2039 5162 2056 5194 ι
2102 5141 2346 5216 Legenda
2399 5141 2776 5216 pariteszttttt
2802 5141 2903 5216 ea,
2934 5159 3056 5216 quae
3090 5143 3143 5195 in
3176 5156 3302 5194 nota

1728 5214 1792 5275 '4,
1823 5211 1890 5268 ab
1915 5215 2104 5268 eodem
2135 5211 2478 5277 Tillemontio
2507 5216 2571 5267 de
2599 5213 2657 5267 S.
2682 5212 2950 5284 Hippolyti
2988 5222 3304 5282 eptscojatu

1778 5285 2108 5338 rol'eruntur.

1778 5299 2108 5338 roreruntur.

1739 5299 1773 5353 ρ
1809 5354 1921 5424 (97)
1954 5355 2071 5408 Act.
2096 5364 2408 5425 martyrum,
2436 5355 2488 5408 in
2513 5354 2884 5425 admonitione
2908 5355 2973 5425 in_
2988 5355 3304 5425 martyrium

1740 5425 1799 5480 S.
1825 5425 2115 5496 Hippolyti,
2159 5423 2282 5496 pag.
2313 5424 2414 5478 1M
2445 5426 2623 5479 citata:
2669 5424 2922 5496 editionis
2958 5423 3304 5496 Veronensts.

1811 5495 1921 5566 (98)
1949 5495 2210 5566 .szliotlt.
2255 5496 2498 5566 Patrum,
2552 5506 2680 5551 tom.
2714 5495 2818 5559 ΙΙΙ,
2874 5510 2991 5566 pag.
3023 5495 3128 5550 252
3177 5497 3302 5553 edit.

1740 5565 1988 5631 Lugduni
2025 5569 2152 5619 anni
2181 5565 2337 5619 1677.

1811 5634 1920 5706 (99)
1965 5633 2118 5690 Tum.
2155 5636 2192 5701 Ι,
2230 5635 2324 5692 fol.
2355 5633 2477 5690 262.
