3844 6188
897 172 989 228 DE
1023 173 1410 232 PORTUENSI
1447 177 1505 232 S.
1539 177 1895 234 HlPPOLY'l‘l
1932 178 2123 234 SEDE.
2164 209 2234 219 -
2270 177 2448 234 PARS
2486 179 2551 235 ll.

3240 180 3345 237 50‘!

211 299 352 366 (nullo
393 306 542 352 tamen
585 301 818 348 veterum
874 292 1210 365 testimonio)
1252 310 1445 364 pagum
1483 296 1689 350 Arabian
1717 303 1764 357 Α
1864 298 2052 365 Quoad
2085 299 2342 368 primum,
2379 297 2609 354 celebris
2639 307 2722 354 est
2755 299 2894 355 inter
2933 299 3173 356 eruditos
3208 316 3344 355 con-

212 394 375 449 Petreae
395 387 660 443 Bostrensis
684 385 938 440 dioecesis
980 384 1058 438 illi
1082 386 1313 454 patriam
1342 385 1530 449 fuisse,
1566 387 1686 442 diu-

213 499 296 555 que
314 483 499 542 Bostrzc,
539 490 655 544 qua:
699 473 800 528 fuit
835 473 1077 543 ejusdem
1101 474 1312 530 Arabia'
1349 478 1682 546 metropolis,

212 576 377 637 vixisse,
400 578 442 624 et
464 569 764 638 episcopum
793 565 988 622 Portus
1015 565 1243 620 Romani
1276 567 1329 620 in
1351 568 1549 622 Arabia
1583 569 1683 624 Fe-

207 667 282 720 lice
302 661 548 716 exstitisse.
579 657 782 713 Novam
811 660 951 713 hanc
986 658 1088 712 viri
1133 657 1330 712 eruditi
1364 661 1684 715 sententiam

201 759 249 812 de
273 753 464 808 Arabico
492 749 548 804 S.
573 749 844 822 Hippolyti
869 751 1182 820 episcopatu
1209 751 1509 820 probarunt
1549 768 1686 808 non-

197 844 297 900 nulli
330 858 386 897 ex
421 841 755 896 beterodoxis
803 841 1103 895 litterarum
1157 839 1301 895 fama
1343 851 1682 911 praistantes,

195 933 450 991 Guilielmus
495 931 698 987 scilicet
746 931 888 987 Cave
931 929 1032 1002 (9),
1078 931 1385 988 Fridericus
1439 933 1685 1004 Spanbe-

193 1027 298 1080 mius
316 1025 430 1095 (10),
458 1025 669 1079 Samuel
699 1023 995 1096 Basnagius
1015 1025 1149 1096 (11),
1183 1034 1235 1079 et
1271 1025 1564 1080 novissime
1591 1026 1682 1079 Al-

191 1117 328 1171 bertus
364 1114 630 1170 Fabricius
690 1115 1114 1188 Hambnrgensis
1171 1116 1306 1188 (l2).
1373 1115 1476 1170 Sed
1517 1133 1680 1185 quam

189 1206 307 1275 longe
339 1220 364 1258 a
385 1219 508 1260 vero
535 1206 700 1261 distet
730 1207 843 1262 haec
870 1206 1128 1276 Stephani
1177 1207 1227 1263 le
1254 1207 1445 1278 Moyne
1471 1208 1681 1262 divina-

189 1302 259 1363 tio,
281 1315 333 1354 ει
363 1300 440 1365 iis,
466 1315 584 1368 qua:
612 1315 742 1355 mox
793 1299 1018 1356 dicenda
1072 1311 1218 1367 sunt,
1262 1301 1480 1356 cuilibet
1527 1299 1680 1356 facile

187 1394 356 1465 patebit.

185 1504 284 1559 lilii.
335 1504 694 1560 Fundamenta
749 1506 903 1576 hujus
949 1511 1219 1562 sententiae
1267 1510 1590 1571 indicantur,
1627 1519 1678 1563 et

230 1589 388 1658 amor.
402 1578 581 1658 libelli,
603 1578 697 1647 qui
725 1578 993 1633 S.Gelasii
1015 1577 1044 1632 Ι
1067 1596 1214 1648 papae
1237 1597 1419 1633 nomen
1443 1581 1674 1650 prtefert,

231 1657 492 1716 taqttmtur.

228 1759 433 1831 Moynius
463 1758 852 1814 divinationem
891 1775 1045 1815 suam
1076 1759 1289 1815 duobus
1321 1771 1560 1817 veterum
1595 1769 1673 1816 te-

180 1853 389 1909 stimoniis
435 1851 628 1907 fulcire
676 1862 905 1908 conatur
934 1852 1068 1921 (l5),
1121 1868 1352 1921 quorum
1401 1869 1568 1908 unum
1609 1869 1676 1908 ex

180 1947 357 2016 quodam
384 1946 578 2015 scripto
610 1945 691 1999 De
712 1945 914 1999 duabus
947 1949 1152 2000 naturis
1186 1947 1241 1999 in
1270 1945 1498 2011 Christo,
1529 1946 1675 2016 quod

179 2037 326 2094 Gelasii
370 2053 512 2108 papae
560 2036 585 2092 1
632 2053 832 2093 nomen
867 2037 1102 2107 praefert,
1159 2038 1388 2093 alterum
1434 2054 1564 2092 vero
1610 2054 1673 2093 ex

181 2128 475 2201 Philostorgio
499 2130 760 2186 desumit.

179 2268 265 2336 dam
302 2279 456 2332 eruta,
506 2267 560 2321 in
613 2267 744 2334 sede
789 2266 1103 2335 episcopali,
1147 2282 1309 2335 quam
1361 2277 1678 2336 occupasset

178 2335 449 2409 Hippolytus,
489 2339 556 2391 ab
593 2339 742 2392 illius
779 2337 1086 2409 cultoribus
1111 2338 1283 2409 posita
1325 2346 1379 2390 et
1415 2335 1676 2394 collocata

178 2406 350 2475 luisset;
376 2409 630 2462 nimirum
669 2409 808 2462 intra
835 2407 1028 2462 Portus
1054 2406 1316 2461 Ostiensis
1343 2409 1675 2464 territorium

177 2480 471 2549 etpomaaria.
509 2477 636 2532 Jam
672 2494 798 2532 vero
854 2479 1130 2531 inventum
1178 2485 1262 2531 est
1299 2479 1354 2549 in
1383 2479 1495 2549 aede
1527 2479 1672 2532 Lau-

178 2547 360 2603 rentiana
386 2556 447 2603 ait
476 2549 703 2612 Urbem,
734 2563 837 2616 quo
867 2557 1121 2601 constare
1151 2549 1280 2600 tnihi
1311 2547 1538 2613 videtur,
1570 2550 1678 2602 Ro-

177 2633 317 2688 nanos
344 2620 483 2673 illum
513 2619 847 2682 vindicasse,
877 2617 1060 2672 Romae
1089 2617 1354 2687 praecipue
1379 2622 1575 2688 egisse,
1603 2620 1674 2673 ibi

177 2687 404 2757 Evangelia
434 2689 806 2759 propagando,
839 2698 892 2742 et
923 2689 1188 2742 luerosum
1219 2689 1337 2740 viru
1382 2687 1434 2742 et
1467 2705 1674 2744 veneno

175 2760 499 2828 exstinguendo
548 2761 808 2814 alacriter
853 2769 905 2812 et
937 2770 1156 2813 strenue
1189 2759 1520 2825 incubuisse,
1558 2761 1677 2814 titil-

173 2828 556 2898 liusepiseopalis
599 2830 748 2884 sedis
781 2829 971 2883 vicinae
1011 2839 1272 2898 rectorem
1329 2828 1516 2893 fuisse,
1551 2831 1674 2883 etsi

1703 1644 1748 1701 Β

1788 389 2051 446 troversia
2073 430 2088 454 ,
2124 390 2374 458 quisnam
2398 388 2644 444 Celasins
2670 388 2855 455 libelli,
2883 405 3043 460 quem
3070 406 3196 443 mox
3223 391 3343 443 lau-

1785 481 2055 544 davimus,
2081 489 2271 536 auctor
2301 480 2462 535 fuerit
2489 479 2622 553 (14).
2647 479 2900 535 Nonnulli
2927 481 3142 536 Gelasio
3169 481 3344 549 primo

1787 571 2033 628 Romano
2057 572 2297 642 pontitici
2333 573 2606 637 tribuunt,
2660 573 2750 626 alii
2806 573 3018 627 Gelasio
3053 572 3344 643 Cyziceno,
3440 577 3442 590 ‘

1784 665 2002 733 quidam
2065 664 2279 719 Gelasio
2335 663 2667 720 Caesareensi
2722 665 3054 735 adjudicant.
3117 663 3345 733 Magnus

1785 755 2067 810 Annalium
2120 756 2593 810 ecclesiasticarum
2649 772 2843 826 parens
2893 755 3160 812 Baronius
3230 754 3344 826 (15)

1785 847 2049 901 immensa
2071 885 2084 910 ,
2121 862 2228 916 qua
2264 847 2534 916 pollebat,
2569 845 2877 901 eruditione
2899 889 2914 912 ,
2952 862 3065 900 rem
3095 846 3238 901 hanc
3271 847 3339 904 ad

1784 937 2018 992 sanioris
2061 937 2276 992 critices
2322 938 2536 1007 regulas
2582 937 2993 1006 diligentissime
3037 937 3342 1003 revocavit,

1785 1030 2148 1099 maximisque
2185 1029 2521 1097 argumentis
2553 1029 2788 1084 ostendit
2836 1028 3109 1084 Gelasium
3145 1027 3349 1084 Roma-

1783 1137 1912 1176 num
1989 1120 2298 1191 pontiﬁcem
2359 1121 2586 1190 hujusce
2643 1121 2808 1176 libelli
2862 1131 3137 1176 auctorem
3198 1121 3344 1176 haud

1780 1213 1969 1267 fuisse.
1989 1211 2300 1267 Gennadius
2329 1212 2470 1266 enim
2491 1212 2600 1282 (l6)
2620 1213 2827 1277 scribit,
2847 1213 3120 1268 Gelasium
3148 1229 3345 1283 papam

1780 1302 2016 1358 edidisse
2061 1309 2251 1356 contra
2299 1300 2666 1372 Eutychianos
2697 1303 2896 1373 grande
2931 1311 2980 1356 et
3026 1303 3345 1372 praeclarum

1780 1393 2015 1447 volumen
2036 1409 2056 1457 ;
2091 1393 2177 1447 cui
2214 1393 2538 1448 Anastasius
2565 1394 3019 1450 Bibliothecarius
3063 1395 3174 1467 (17)
3208 1411 3343 1450 con-

1780 1485 1982 1540 sentire
2014 1485 2258 1550 videtur,
2301 1485 2394 1553 qui
2443 1485 2753 1554 hujusmodi
2784 1501 2921 1555 opus
2951 1487 3112 1540 libros
3147 1487 3347 1544 diserto

1780 1573 2033 1644 appellat.
2064 1571 2188 1628 Haec
2205 1571 2470 1628 Gennadii
2497 1573 2680 1635 verba,
2702 1573 2792 1641 qui
2824 1573 3120 1643 genuinum
3140 1571 3341 1627 Gelasii

1777 1680 1914 1735 opus
1942 1666 2177 1736 legerat,
2209 1680 2369 1734 quem
2408 1680 2554 1718 nunc
2585 1664 2849 1718 habemus
2882 1665 3128 1734 libellum
3151 1705 3166 1729 ,
3196 1664 3342 1719 desi-
3412 1680 3442 1736 ,ς

1778 1771 1944 1826 gnare
1967 1771 2128 1825 posse
2154 1769 2314 1809 nemo
2344 1755 2613 1818 censebit;
2647 1770 2771 1806 nam
2807 1770 2928 1808 cum
2961 1755 3110 1808 illum
3141 1755 3343 1824 grands
3410 1748 3455 1837 ς’

1777 1856 1823 1900 et
1850 1847 2165 1918 praclarum
2198 1846 2436 1900 volumen
2465 1846 2711 1900 disertim
2739 1845 3053 1901 Gennadius
3082 1847 3340 1916 appellet,

1780 1949 1941 2010 atque
1972 1938 2281 2011 hujusmodi
2317 1940 2496 1994 verbis
2531 1955 2690 2009 parce
2728 1939 3020 1994 admodum
3067 1941 3181 2009 ipse
3210 1956 3344 1997 usus

1778 2035 1883 2100 sit,
1913 2043 2020 2088 tam
2057 2047 2237 2102 parvae
2269 2032 2429 2085 molis
2481 2031 2660 2086 libello
2691 2032 2978 2085 convenire
3027 2047 3135 2085 non
3185 2045 3345 2100 posse

1778 2141 1938 2181 nemo
1992 2143 2099 2181 non
2160 2126 2323 2180 videt.
2375 2124 2530 2190 Quod
2585 2140 2718 2180 sane
2775 2125 3005 2194 ipsomet
3061 2122 3344 2181 Gennadio

1775 2264 2010 2335 gessisse
2047 2263 2483 2338 doctissimiviri
2517 2264 2773 2336 Stephani
2827 2268 2877 2321 le
2907 2267 3100 2338 Moyne
3147 2269 3338 2338 conje-

1773 2346 1926 2409 ctura
1959 2336 2181 2409 est,_qu_i
2213 2336 2279 2409 de
2305 2335 2590 2406 Hippolyto
2618 2335 2847 2406 ejusque
2873 2335 3091 2409 scriptis
3119 2335 3340 2409 copiose

1775 2405 2032 2459 disseruit
2072 2406 2122 2456 in
2148 2404 2554 2476 Prologomcuis
2585 2404 2834 2476 notisque
2867 2410 2933 2461 ad
2976 2406 3134 2461 Varia
3165 2404 3342 2472 altera,

1776 2483 2048 2597 etlpraiter
2085 2475 2488 2531 'l‘illemontium
2523 2493 2585 2532 ac
2608 2475 2844 2533 Caveum
2876 2478 2942 2532 de
2970 2479 3071 2532 hoc
3097 2488 3180 2534 est
3213 2497 3344 2534 con-

1776 2560 1837 2597 SU
1864 2561 1943 2597 Clit
1971 2561 2052 2597 llS.
2084 2563 2101 2596 ι
2347 2560 2356 2566 ’

1776 2560 2052 2600 SUlOlltlllS.
2084 2563 2101 2596 1
2347 2560 2356 2566 ’

1847 2615 1964 2688 (15),
2009 2613 2399 2688 Prolegomena
2444 2619 2510 2688 ad
2547 2616 2710 2672 Varia
2751 2636 2923 2683 sacra,
2960 2635 3081 2688 pag.
3108 2616 3198 2684 28,
3247 2619 3343 2673 ubi

1775 2686 1850 2760 ait
1881 2687 2071 2760 adhuc
2094 2687 2332 2760 ignorari
2365 2691 2423 2760 S.
2445 2687 2715 2760 Hippolyti
2741 2686 3152 2760 episcopatum,
3179 2697 3344 2760 atque

1778 2757 1891 2829 haec
1913 2756 2100 2829 scribit
2124 2775 2149 2829 :_
2190 2777 2207 2810 ι
2237 2757 2392 2829 Quod
2440 2756 2755 2829 continuari
2792 2756 2979 2829 potest
3031 2759 3343 2814 testimonio

1777 2826 2178 2900 ipsiuchlasii
2213 2828 2483 2900 pontiﬁcis
2513 2828 2759 2897 Romani,
2794 2826 2887 2900 qui
2917 2830 3106 2900 eodem
3142 2829 3343 2885 saeculo

172 2897 316 2954 Portus
348 2902 634 2970 episcopus
669 2900 885 2970 habitus
925 2911 1026 2970 est,
1077 2914 1195 2970 non?
1214 2897 1406 2953 Portus
1440 2900 1492 2954 in
1524 2900 1675 2955 Latio
1775 2914 1806 2950 v
1835 2897 1996 2970 paulo
2032 2907 2155 2970 post
2193 2897 2299 2953 fata
2332 2897 2642 2970 Hieronymi
2688 2897 2871 2970 sedem
2915 2899 3216 2970 Romanam
3250 2915 3342 2954 oc-

170 2979 209 3054 et
235 2967 446 3050 ditecesis
473 2967 759 3054 Romanae,
801 2969 892 3054 sed
926 2969 1126 3054 Portus
1170 2967 1396 3054 Romani
1439 2971 1490 3024 in
1535 2973 1674 3054 Ara-
1701 2998 1743 3054 ρ
1778 2969 2013 3054 cupavit.
2037 2967 2374 3054 lls‘qnippe.
2403 2971 2457 3054 in
2510 2967 2649 3051 libro
2685 2969 2760 3030 De
2795 2971 2998 3024 duabus
3039 2971 3093 3023 in
3128 2969 3342 3054 Christo

171 3037 232 3164 3;:
255 3043 534 3112 episcopum
561 3040 812 3113 agnitum
844 3049 898 3094 et
923 3050 1228 3110 reputatum
1261 3037 1449 3095 fuisse.
1484 3061 1502 3093 ι
1550 3040 1672 3098 Haec

213 3126 248 3164 e.

213 3126 248 3166 Β.

222 3180 278 3248 (9)
301 3179 352 3236 1η
383 3183 580 3252 saepius
613 3183 780 3237 citato
812 3191 941 3238 tom.
973 3180 1014 3234 ll
1040 3178 1381 3252 Scriptorum
1429 3181 1674 3252 ecclesia-

172 3252 360 3306 sticarum
386 3250 522 3307 Hist.
545 3253 842 3318 litteraria,
878 3269 1002 3322 pag.
1029 3250 1130 3304 102
1156 3269 1234 3324 :___«
1269 3253 1400 3324 Cum
1427 3253 1495 3306 cl.
1523 3251 1674 3324 Moy-

173 3324 235 3376 nio
254 3327 423 3393 inerito
455 3325 785 3379 concludere
823 3320 1136 3393 possumus.
1170 3320 1510 3393 Hippolytum
1547 3320 1675 3377 Por-

171 3401 232 3445 tus
253 3391 475 3461 Romani,
505 3394 743 3464 emporii
775 3391 839 3448 in
859 3394 1053 3447 Arabia
1085 3391 1442 3464 celeberrimi,
1473 3393 1676 3450 Adenae

168 3464 285 3516 etiam
312 3465 458 3531 dicti,
491 3473 546 3518 et
579 3481 612 3518 a
644 3463 901 3518 Romanis
938 3463 1330 3517 mercatoribus
1379 3463 1673 3520 admodum

169 3530 450 3606 immutati,
499 3537 821 3603 episcopum
871 3531 1298 3606 fuisscherum
1347 3534 1462 3606 haec
1512 3538 1674 3606 paulo

168 3602 318 3660 clarius
349 3613 398 3658 et
441 3602 768 3674 explicatius
815 3605 1130 3674 exponenda
1169 3611 1313 3656 sunt.
1359 3602 1674 3662 Aden'urbs

167 3677 329 3744 eratad
353 3672 600 3730 Rubrum
638 3690 786 3729 mare
818 3672 1008 3744 sita...
1035 3672 1227 3744 Indiae
1258 3674 1390 3728 urbe
1415 3677 1546 3744 quin
1591 3693 1677 3732 se-

168 3743 259 3816 detur
276 3747 504 3800 habuerit
529 3745 854 3816 Hippolytus
878 3742 1069 3798 Portus
1090 3741 1314 3816 Romani
1363 3741 1674 3816 episcopus,

167 3814 263 3886 nulli
302 3814 655 3872 dubitamus.’
691 3814 860 3886 Unde
888 3816 1064 3886 ipsum
1106 3814 1320 3886 Arabia:
1372 3814 1675 3886 Metropolis

163 3884 418 3956 episcopum
437 3888 611 3941 fuisse
627 3884 1077 3956 scribitGelasius
1095 3884 1367 3956 pap_a..’.ex
1395 3889 1494 3942 hoc
1509 3884 1674 3942 Portu

169 3951 347 4028 Romam)
380 3968 502 4012 nata
535 3965 634 4028 est
666 3956 902 4028 vulgaris
920 3951 1135 4028 fabula,
1167 3951 1508 4028 Hippolytum
1535 3959 1676 4028 γροτ-

169 3999 1112 4096 genita}:“negligens-sata
1121 3999 1508 4096 ἶιῖὄέἔὲᾖῦἒὶῖ
1533 3999 1676 4095 ait...

169 4094 300 4171 lapide
344 4102 662 4171 episcopum
713 4095 896 4171 luisse.
935 4115 953 4147 ι
1007 4095 1141 4152 Vide
1191 4094 1356 4153 etiam
1404 4097 1676 4160 Oudinum

167 4168 290 4238 citato
315 4175 437 4222 tom.
471 4171 519 4234 1,
556 4184 612 4238 p.
633 4168 758 4222 221.

215 4236 302 4311 (lli)
333 4236 879 4311 Epit_ome__isagogica
915 4238 1001 4311 _at_l
1053 4238 1241 4294 histor.
1283 4240 1595 4303 ecclesiast.,
1621 4256 1672 4311 p.

166 4304 256 4380 tot,
287 4304 408 4380 toni.
441 4309 484 4376 l,
521 4308 652 4362 edit.
683 4304 929 4378 Lugduni
965 4308 1292 4364 Batavorum
1328 4311 1454 4380 anni
1484 4304 1637 4365 1689:

216 4377 319 4450 (ll),
350 4380 542 4433 Annal.
577 4377 1206 4450 pontico-ecclesiastici,
1259 4381 1326 4436 ad
1365 4377 1507 4438 anu.
1549 4381 1676 4445 ‘2‘2‘2,

166 4455 264 4521 tota.
289 4449 342 4514 ll,
375 4466 496 4521 pag.
526 4449 654 4516 288,
706 4466 859 4505 num.
908 4450 939 4503 7
971 4452 1098 4506 edit.
1157 4452 1499 4512 liuterodami
1552 4454 1679 4506 anni

307 4536 326 4592 εν
361 4515 647 4575 (Citinatn
692 4520 1126 4592 veroiEcclesiee
1176 4521 1464 4592 praal‘ectus
1520 4521 1681 4577 fuerit

165 4585 500 4662 (Hippolytus),
541 4607 642 4646 nec
667 4592 800 4647 dicit
828 4591 1126 4655 Eusebius,
1172 4585 1226 4648 et
1273 4610 1302 4648 a
1339 4609 1397 4648 se
1444 4594 1679 4662 ignorari

165 4661 393 4731 proﬁtetur
424 4661 856 4731 Hieronymus...
908 4663 964 4716 in
1016 4662 1232 4718 Oriente
1278 4661 1678 4718 tameniollicio

167 4725 358 4803 {tinctum
407 4748 544 4803 esse!
577 4725 837 4803 episcopi,
892 4735 1260 4802 conjecturam
1313 4734 1574 4803 ducimus
1611 4749 1678 4786 ex

167 4793 444 4872 Hieronymo
470 4819 483 4854 :
513 4793 735 4871 Scripsit
752 4793 1022 4859 humilium
1045 4805 1108 4856 de
1145 4804 1300 4857 laude
1324 4803 1529 4856 Domini
1554 4802 1676 4857 Sal-

167 4872 317 4944 uatoris
347 4874 394 4924 in
413 4890 517 4941 qua
538 4885 789 4942 prazsenle
808 4875 1030 4944 Origene
1047 4891 1100 4928 se
1115 4875 1258 4943 loqui
1283 4875 1337 4926 in
1361 4872 1578 4928 ecclesia
1601 4874 1674 4926 si-

165 4941 356 5007 gniﬁcat.
377 4945 546 5008 Quem
569 4946 837 4999 dicentem
857 4941 1129 5000 audivisse
1156 4941 1367 4999 videtur
1392 4944 1673 5012 Origenes,

165 5024 260 5063 cum
297 5012 345 5086 in
384 5014 582 5068 Arabia
632 5025 961 5078 versaretur,
1016 5031 1125 5086 quo
1173 5017 1254 5070 bis
1287 5017 1572 5069 tcrtiuuive
1617 5031 1675 5070 se

165 5085 508 5157 rootulerat....
533 5086 718 5157 Itaque
749 5102 814 5156 eo
849 5085 1069 5140 inclinat
1103 5088 1340 5150 animus,
1369 5097 1428 5140 ut
1457 5087 1508 5138 in
1541 5087 1678 5157 Ara-

167 5147 230 5228 bia
255 5154 604 5228 episcopatum
631 5147 936 5213 'obtinuerit
967 5157 1305 5228 Hippolytus,
1327 5147 1449 5210 tuon
1491 5158 1542 5209 in
1572 5155 1676 5209 lla-

166 5218 235 5298 ha,
258 5218 365 5278 cum
390 5218 1350 5299 Portuensekarigenes'Ecciesiam
1388 5244 1496 5281 non
1526 5229 1675 5299 anie-

168 5301 236 5370 nt,
265 5304 315 5347 ut
339 5299 544 5370 auditor
569 5309 711 5352 esset
735 5297 1072 5370 Hippolyti,”
1095 5299 1264 5353 multa
1299 5314 1356 5370 se
1391 5298 1676 5370 probabili-

167 5367 261 5418 tatis
287 5368 453 5434 specie
494 5367 1169 5426 commendatdoctissimi
1227 5369 1536 5438 conjectura
1567 5367 1672 5422 Le-

167 5438 348 5499 moynii,
371 5445 470 5499 etp.
503 5455 519 5487 ι

219 5449 588 5584 (ἷέὶιΐξιξίὶίζψ.
623 5507 790 5584 (inec.
819 5509 911 5564 lib.
937 5525 998 5584 ν,
1013 5526 1129 5584 cap.
1156 5512 1205 5576 l,
1240 5529 1360 5584 pag.
1383 5513 1505 5574 903,
1537 5520 1668 5567 tom.

170 5565 471 5647 Vg'ti’ortus
515 5579 759 5643 Romani,
810 5597 916 5634 non
965 5565 1256 5636 Ostiensis.
1285 5565 1542 5647 ίῖῖίιιίιίξι,
1576 5565 1667 5636 scil

171 5644 354 5712 celebris
378 5649 429 5702 in
459 5648 650 5705 Arabia
680 5653 781 5706 hoc
806 5653 1024 5708 nomine
1050 5654 1273 5725 (πωροι-11
1301 5644 1669 5724 episcopatum

1778 3041 1986 3094 naturis
2021 3042 2150 3094 citat
2180 3040 2525 3110 Hippolytum
2554 3044 2852 3110 episcopum
2884 3041 3186 3110 metmpolis
3213 3041 3346 3100 Ara-

1774 3111 1871 3164 bia:
1903 3112 1956 3165 in
1976 3110 2229 3166 Memoria
2252 3113 2538 3167 hazresetov.
2569 3111 2750 3177 «Quod
2778 3127 2882 3166 non
2911 3121 3219 3180 suspectum
3245 3111 3342 3166 de-

1773 3181 1894 3236 buit
1923 3184 2144 3236 reddere
2173 3184 2314 3237 istud
2355 3181 2674 3250 opusculum
2705 3183 3138 3236 eminentissimo
3170 3183 3342 3237 cardi-

1773 3254 1906 3317 nali,
1941 3253 2116 3322 quasi
2146 3268 2254 3306 non
2293 3262 2437 3308 esset
2478 3268 2618 3321 opus
2650 3251 2852 3306 Gelasii
2891 3253 3182 3322 pontilicis,
3225 3254 3340 3322 qui,

1776 3320 2306 3394 inquit—cardinalis,
2359 3339 2462 3394 non
2508 3320 2679 3391 potuit
2712 3320 2962 3393 ignorare
2997 3320 3339 3394 Hippolytum

1778 3391 1946 3449 fuisse
2003 3393 2322 3462 episcopum
2370 3391 2869 3454 Romanumﬁnon
2925 3391 3341 3448 vero’Arabem

1777 3461 2270 3535 metropolitanum.
2305 3461 2408 3535 Sed
2444 3464 2548 3517 hoc
2587 3465 2851 3535 ignoravit
2881 3462 3246 3535 Hieronymus
3284 3465 3339 3517 in

1776 3535 1893 3602 ipsa
1939 3533 2108 3606 Ruina
2150 3534 2218 3586 50
2258 3534 2416 3606 annis
2454 3544 2578 3587 ante
2609 3532 2924 3606 Gelasium,
2971 3532 3161 3604 quidni
3198 3550 3343 3606 ergo

1777 3606 2026 3660 Gelasius
2061 3604 2202 3656 idem
2233 3605 2396 3657 etiam
2432 3605 2768 3672 ignorasset?
2817 3605 2975 3658 Certe
3018 3619 3156 3673 opus
3196 3604 3340 3660 istud

1778 3687 2056 3745 propterea
2077 3673 2130 3726 in
2146 3675 2508 3745 suspicionem
2536 3675 2717 3745 venire
2745 3691 2852 3728 non
2880 3675 3084 3730 debuit.
3116 3673 3227 3745 Nec
3257 3685 3343 3730 est

1777 3743 1916 3802 fetus
1943 3745 2226 3809 Gennadii,
2259 3759 2354 3798 nec
2374 3744 2572 3798 Gelasii
2601 3745 2976 3809 Cazsarieusis,
3013 3760 3113 3799 nec
3137 3743 3341 3809 Gelasii

1777 3816 2046 3886 Cyziceni,
2087 3816 2180 3886 sed
2210 3813 2409 3869 Gelasii
2443 3816 2710 3882 pontiﬁcis
2742 3814 3188 3886 Romani.rQuod
3217 3824 3341 3886 tan-

1776 3884 1898 3942 dem
1947 3884 2153 3940 calculo
2184 3899 2284 3939 suo
2316 3895 2503 3940 contra
2539 3893 2648 3938 tres
2686 3885 3146 3939 eminentissimos
3169 3885 3343 3940 cardi-

1777 3958 1930 4013 nales
1977 3955 2287 4019 Baronium,
2341 3955 2744 4020 Bellarmiuum,
2792 3956 2996 4009 Perona
3047 3959 3341 4010 conﬁrma-

1778 4039 1906 4081 runt
1948 4025 2304 4091 Sirmondus,
2348 4024 2631 4090 Petavius,
2675 4027 2994 4091 Chilletius,
3038 4023 3288 4080 Labbeus
3321 4066 3342 4092 ,

1777 4099 1977 4167 aliique
2006 4099 2103 4150 viri
2136 4097 2384 4151 laudibus
2427 4098 2698 4151 litterariis
2738 4097 2914 4150 ornati
2943 4105 3011 4167 et
3033 4097 3291 4166 insignes.
3315 4117 3335 4148 ι

1849 4166 1957 4239 (14)
1996 4168 2183 4222 Exstat
2215 4170 2314 4239 iste
2337 4167 2481 4239 liber
2515 4167 2566 4220 in
2605 4167 2849 4220 Antidota
2882 4166 3131 4220 adversus
3175 4168 3342 4220 hare-

1778 4238 1865 4293 ses
1890 4238 2112 4295 Basilea:
2145 4238 2300 4300 1528,
2325 4238 2442 4303 fol.,
2474 4248 2526 4291 et
2557 4253 2678 4291 cum
2711 4241 2830 4292 aliis
2855 4248 3094 4291 veterum
3125 4239 3342 4306 scriptis

1708 4347 1754 4403 ι)
1782 4311 1847 4365 de
2135 4309 2344 4403 naturis
2373 4318 2433 4403 etl
2461 4325 2563 4386 una
2596 4308 3155 4403 persoiia)iplClilristo
3176 4350 3229 4403 ,η
3243 4307 3342 4403 Ἱςί-

1783 4398 1813 4450 3

1820 4382 1902 4434 uri
1967 4382 2134 4446 1571,

1782 4453 1888 4505 vol.
1924 4451 2055 4517 Vill,
2091 4468 2144 4520 p.
2180 4452 2301 4504 699.
2391 4519 2411 4520 ί
2664 4519 2711 4520 η
3384 4479 3391 4501 -.

1853 4524 1964 4592 (.15)
2003 4519 2334 4592 Ad’annum
2375 4519 2754 4592 Clll‘lSliWA-QG,
2803 4536 2955 4576 num.
2991 4521 3017 4574 1
3065 4531 3120 4575 et
3163 4536 3339 4591 seqq.,

1781 4591 1911 4647 tom.
1957 4593 2065 4645 Vill
2094 4591 2401 4656 Annalium,
2431 4607 2549 4660 pag.
2723 4593 2850 4646 edit.
2884 4595 3078 4646 citataz.

1852 4665 1961 4733 (16)
2006 4664 2164 4716 Libro
2189 4661 2264 4733 De
2289 4663 2415 4715 vir-is
2440 4662 2757 4733 illustribus,
2789 4679 2905 4733 cap.
2939 4664 3027 4727 94,
3063 4664 3116 4715 in
3141 4660 3342 4733 tomtll

1778 4731 2013 4803 Operam
2053 4733 2108 4787 S.
2160 4732 2472 4804 Hieronymi
2517 4733 2645 4786 edit.
2687 4731 2971 4798 Vallarsii,
3021 4749 3162 4804 pag.
3188 4731 3339 4786 987:

1783 4821 1804 4855 ι
1833 4805 2082 4860 Gelasius
2121 4805 2271 4874 urbis
2303 4803 2491 4857 Ruune
2528 4804 2817 4874 cpiscopus
2844 4805 3060 4874 scripsit
3095 4803 3341 4857 adversus

1779 4874 2052 4945 Eutychen
2083 4885 2130 4929 et
2167 4873 2476 4929 Nestorium
2510 4873 2801 4944 grande’et
2836 4873 3152 4945 praeclarum
3184 4873 3340 4927 volu-

1779 4961 1934 5009 men,
1965 4954 2018 4998 et
2061 4956 2324 5001 tractatus
2367 4947 2704 5000 diversarum
2744 4946 3152 5015 Scripturarum
3178 4954 3230 4997 et
3255 4961 3345 4998 sa-

1777 5027 2178 5071 cramentorum
2212 5017 2432 5072 elitnato
2465 5033 2738 5084 sermone,
2761 5027 2815 5073 et
2841 5013 3343 5084 a‘dversusrPetrum

1777 5099 1822 5139 et
1855 5089 2104 5140 Acacium
2133 5090 2350 5157 scripsit
2377 5088 2653 5156 epistolas,
2676 5083 2799 5158 qua:
2831 5089 2989 5142 hodie
3018 5088 3070 5158 in
3097 5083 3340 5158 Ecclesia

1779 5165 2045 5230 tenentur
2072 5155 2362 5213 catholica.
2399 5155 2549 5212 Fecit
2575 5169 2628 5213 ct
2665 5155 2976 5230 hymnosin
3026 5155 3342 5210 similitudi-

1776 5243 1898 5282 nem
1930 5229 2223 5283 Ambrosii.
2256 5232 2399 5285 Obiit
2432 5233 2534 5283 sub
2558 5229 2848 5284 Anastasio
2880 5229 3207 5298 Augusto.)

1849 5301 1958 5368 (17)
1995 5304 2053 5354 ln
2088 5299 2206 5354 Vita
2255 5303 2312 5353 S.
2358 5301 2556 5354 Gelasii
2611 5311 2740 5355 tom.
2777 5298 2876 5364 Ill,
2909 5297 3030 5368 pag.
3072 5297 3174 5352 195
3205 5297 3337 5368 edit.

1779 5369 1963 5442 Romae
1990 5387 2054 5423 ex
2087 5372 2438 5442 typographia
2483 5369 2742 5424 Vaticana
2787 5367 2931 5442 anno
2962 5367 3140 5442 “‘28;
3181 5387 3200 5422 ι
3240 5367 3340 5442 Hic

1775 5438 1902 5512 fecit
1931 5438 2192 5496 tractatus
2221 5438 2288 5496 'et
2314 5438 2586 5512 'hymnos,
2625 5442 2770 5512 sicut
2797 5441 2987 5495 beatus
3015 5441 3341 5512 Ambrosius

1773 5511 2100 5580 episcOpus,
2145 5523 2199 5568 et
2229 5511 2396 5566 libros
2442 5513 2688 5565 adversus
2747 5511 3019 5580 Eutychen
3051 5522 3099 5565 et
3144 5511 3340 5566 Nesto-

1775 5583 1944 5645 rium,
1979 5585 2072 5651 qui
2105 5583 2263 5637 hodie
2289 5584 2342 5634 in
2377 5582 2693 5639 bibliotheca
2718 5591 2773 5640 et
2815 5581 3070 5647 Ecclesia:
3096 5584 3340 5640 archivio

1775 5653 2039 5711 reconditi
2072 5661 2318 5709 tenentur
2368 5670 2387 5713 ι

2206 4381 2331 4444 l'ol.;
2404 4380 2637 4447 denique
2687 4380 2741 4433 in
2803 4377 3127 4432 Bibliotheca
3182 4377 3338 4433 Patr.
