3814 6198
501 191 610 250 863

1279 191 1368 247 DE
1404 169 1800 248 PonruimSI
1839 189 1897 244 s.
1933 183 2308 244 HlPPOLY‘l‘l
2342 187 2534 244 sane.
2572 218 2646 230 —
2673 188 2851 243 rans
2883 186 2947 243 ii.

3551 193 3636 252 508

503 321 642 368 teste
683 309 884 368 clarius
929 311 1215 380 elucescit;
1257 329 1383 370 nam
1443 331 1606 385 opera
1652 313 1905 370 Antiochi
1949 312 2065 383 epi-
2091 315 2140 370 Α
2166 310 2225 366 S.
2255 310 2602 383 Fulgentius,
2634 309 2728 379 qui
2764 309 2951 380 paucis
2991 317 3110 380 post
3135 309 3387 365 Gelasium
3419 313 3642 370 annislo-

502 403 654 474 scopi
687 403 799 474 (18)
847 412 1034 460 contra
1062 405 1346 460 avaritiam
1369 445 1386 472 ,
1419 413 1476 461 et
1503 403 1785 474 Theophili
1831 403 2067 458 Alexan-

499 496 648 554 drini
687 495 797 567 (19)
829 505 1019 552 contra
1039 495 1326 569 Origenem
1355 499 1550 569 grande
1589 497 1826 552 volumen
1853 497 1922 552 ab
1948 496 2067 566 ipso

503 588 871 658 appellantur.
904 588 1088 646 Severi
1121 600 1302 646 autem
1337 590 1554 662 Sulpitii
1584 590 1697 662 (20)
1730 589 2025 644 Historiam
2048 630 2066 656 ,

503 694 631 733 cuni
681 680 894 735 caeteris
924 679 1169 751 ejusdem
1201 663 1490 752 operibus,
1525 682 1759 751 opusculi
1792 683 1946 738 titulo
1979 683 2064 737 in-

502 771 758 841 signivit;
811 788 934 844 quae
979 773 1198 844 quidem
1233 774 1458 830 historia
1513 775 1672 845 triplo
1700 775 1874 844 major
1902 790 2066 844 supra

505 862 725 918 laudato
755 861 936 917 libello
955 878 1076 918 esse
1103 863 1323 918 cuilibet
1345 863 1593 920 eamdem
1628 864 1880 920 lustranti
1909 863 2066 919 facile

503 956 710 1028 patebit
740 956 874 1028 (21).
901 955 997 1012 His
1032 957 1260 1020 accedit,
1289 955 1433 1028 quod
1461 955 1726 1012 Gennadii
1758 955 1825 1009 de
1851 953 2068 1010 Gelasio

506 1048 881 1103 testimonium
940 1048 1276 1103 desideratur
1335 1049 1390 1102 in
1452 1048 1834 1117 antiquissimo
1880 1049 2067 1103 codice

507 1137 812 1206 Vaticano,
863 1155 1022 1209 quem
1072 1138 1346 1194 Vaticante
1395 1139 1733 1194 bibliotheca:
1781 1139 2070 1209 acquisivit

499 1233 906 1287 eruditissimus
946 1232 1188 1300 ejusdem
1238 1233 1524 1302 praefectus
1571 1232 1899 1288 Laurentius
1933 1233 2067 1289 Zac-

501 1338 730 1395 cagnus.
764 1323 919 1380 Hunc
951 1325 1190 1379 codicem
1217 1323 1457 1380 laudavit
1502 1325 1586 1379 vir
1633 1326 2067 1396 sapientissimus

503 1413 683 1471 Lucas
721 1415 1051 1484 Holstenius,
1085 1417 1178 1487 qui
1207 1418 1455 1472 eumdem
1481 1418 1614 1472 vidit
1663 1419 1715 1472 iii
1743 1419 2065 1475 bibliotheca

501 1509 828 1563 clericorum
857 1509 1190 1578 regularium
1233 1507 1290 1564 S.
1321 1509 1549 1564 Andreas
1573 1511 1642 1564 de
1671 1510 1850 1577 Valle,
1879 1511 2066 1566 illum-

500 1615 612 1668 que
642 1600 835 1654 merito
885 1601 1324 1670 antiquissimum
1359 1611 1547 1669 vocat;
1596 1603 1669 1657 ibi
1713 1605 1857 1658 enim
1901 1620 2068 1674 quon-

501 1693 629 1746 dam
661 1692 940 1761 quadratis
988 1702 1041 1748 et
1085 1709 1210 1750 vere
1257 1695 1516 1750 Romanis
1567 1695 1758 1750 litteris
1785 1696 2064 1755 Ciceronis

499 1785 782 1840 orationes
829 1787 886 1840 in
958 1784 1167 1840 Verrem
1223 1786 1509 1856 descriptae
1564 1786 1814 1853 fuerunt,
1867 1788 2063 1858 quibus

397 1872 407 1880 ’
501 1883 690 1944 postea
715 1876 905 1931 deletis
931 1891 993 1930 ac
1021 1879 1277 1943 corrosis,
1299 1875 1358 1932 S.
1381 1877 1693 1948 Hieronymi
1719 1888 1772 1934 et
1797 1879 2064 1935 Geiinadii

500 1965 790 2038 Catalogus
821 1969 1128 2024 uncialibus
1158 1970 1377 2036 iterum,
1413 1972 1504 2027 sed
1530 1973 1924 2027 recentioribus
1971 1973 2062 2028 lit-

498 2059 634 2113 teris
669 2061 1068 2130 snperscriptus
1097 2061 1216 2117 fuit.
1245 2062 1494 2119 Secundo
1539 2077 1861 2136 argumento
1906 2066 2065 2120 Baro-

502 2151 629 2205 nius
661 2150 775 2221 (22)
804 2153 997 2221 probat
1023 2154 1189 2207 multa
1219 2155 1272 2208 in
1303 2155 1406 2210 hoc
1435 2156 1616 2211 libello
1645 2157 1910 2224 inveniri,
1943 2173 2063 2227 quae

499 2257 534 2296 a
573 2241 630 2296 S.
664 2242 880 2299 Gelasio
911 2260 1047 2314 papa
1103 2256 1322 2302 exarata
1373 2263 1496 2303 esse
1544 2263 1681 2318 pene
1728 2249 2064 2319 impossibile

498 2346 623 2400 est,
675 2347 728 2392 et
757 2335 1051 2392 Eusebium
1084 2337 1474 2394 Caisariensem
1508 2340 1691 2395 multis
1721 2340 1976 2395 observat
2007 2339 2061 2394 in

497 2430 690 2483 eodem
715 2428 896 2484 libello
919 2431 1184 2484 eneomiis
1209 2431 1416 2494 ornari,
1436 2431 1870 2500 queinArianum
1895 2431 2063 2487 fuisse

499 2527 711 2575 eertum
746 2529 848 2585 est,
878 2519 1036 2588 cujus
1065 2535 1228 2589 opera
1266 2519 1405 2574 inter
1435 2520 1696 2574 libroruin
1725 2521 2062 2592 apocrypha-

498 2625 624 2667 rum
669 2627 956 2666 numerum
1005 2612 1074 2666 ab
1118 2611 1307 2668 eodem
1367 2612 1582 2668 Gelasio
1629 2613 1967 2682 rejieiuntur,
2011 2622 2065 2669 et

497 2699 718 2756 Graecos
747 2701 938 2757 Patres
988 2711 1199 2758 tantum
1244 2703 1495 2769 laudari,
1541 2719 1640 2759 nec
1688 2720 1796 2760 non
1834 2705 2063 2760 Ambro-

498 2793 666 2862 sium,
695 2792 1103 2866 Hieronymum,
1135 2804 1470 2865 czeterosque
1502 2811 1567 2850 ex
1601 2795 1808 2851 Latinis
1849 2796 2064 2851 silentio

499 2884 786 2952 praeteriri.
823 2883 1024 2940 Verum
1069 2884 1304 2940 Jacobus
1336 2884 1659 2941 Sirmondns
1687 2885 1822 2956 (25),
1858 2885 2064 2958 Philip-

2167 403 2296 468 ruit,
2323 418 2388 458 ex
2425 403 2529 458 hoc
2582 401 2762 457 libello
2791 410 3044 472 tanquam
3078 399 3263 456 Gelasii
3292 417 3428 470 papm
3453 404 3538 456 tria
3569 405 3642 459 de-

2166 494 2401 564 sumpsit
2421 495 2762 560 testimonia,
2797 509 2919 564 quae
2949 493 2998 548 iii
3030 493 3220 546 librum
3252 491 3317 545 De
3345 492 3375 545 5
3396 495 3646 562 questioni-

2167 588 2261 641 bus
2290 587 2433 656 apud
2466 585 2799 641 Ferrandum
2829 586 3114 642 diaconum
3138 626 3154 650 ,
3198 600 3311 655 cap.
3338 584 3428 649 18,
3470 588 3644 655 retulit;

2166 694 2352 732 verum
2389 679 2556 734 etiam
2601 677 2726 748 quia
2773 679 3024 733 laudatur
3071 694 3101 732 a
3145 676 3340 733 Joanne
3383 675 3420 728 ll
3459 693 3572 748 papa
3604 681 3646 734 in

2162 769 2392 839 epistola
2409 769 2477 823 ad
2489 770 2739 824 Avienum
2757 770 2869 840 (26)
2884 778 3190 839 ceterosque
3210 777 3466 821 senatores.
3481 769 3567 823 Sed
3584 770 3648 824 his

2168 859 2442 914 Sirmondi
2471 861 2805 928 argumentis
2828 875 3056 929 magnus
3084 859 3340 914 Baronius
3362 859 3543 913 videtur
3568 875 3650 914 non

2165 953 2398 1007 obscure
2433 951 2795 1019 satisfecisse;
2855 953 3105 1022 quamvis
3136 951 3245 1021 ipse
3273 949 3505 1006 Ferrandi
3533 952 3654 1006 testi-

2167 1046 2408 1099 monium
2428 1045 2606 1099 videre
2629 1061 2734 1101 non
2753 1045 3008 1116 potuerit,
3027 1043 3186 1114 cujus
3201 1043 3367 1112 Opera
3385 1041 3654 1098 Fraiiciscus

2165 1135 2446 1191 Chiﬂetius
2473 1137 2661 1192 multis
2682 1146 2802 1206 post
2831 1136 3051 1191 Baronii
3082 1145 3302 1190 mortem
3337 1135 3479 1188 annis
3505 1135 3656 1190 edidit.

2164 1225 2428 1283 Observat
2471 1229 2653 1298 itaque
2700 1227 3164 1283 eminentissimus
3217 1226 3513 1290 cardinalis,
3553 1241 3660 1280 non—

2166 1321 2314 1374 nulla
2346 1321 2414 1377 ab
2458 1322 2844 1390 impostoribus
2884 1321 2942 1376 S.
2993 1320 3208 1377 Gelasio
3239 1335 3381 1390 papa:
3424 1319 3584 1374 eodem
3618 1335 3659 1374 Vl

2167 1413 2386 1478 saeculo,
2420 1414 2472 1467 in
2502 1430 2610 1482 quo
2638 1414 2750 1483 ipse
2777 1413 2910 1467 obiit
2939 1421 2993 1466 et
3024 1411 3335 1482 Fulgentius
3357 1409 3536 1474 ﬂoruit,
3561 1425 3660 1479 sup-

2167 1505 2342 1575 posita
2382 1505 2570 1560 fuisse.
2603 1503 2879 1574 Optimum
2909 1505 3193 1560 sententiae
3224 1517 3333 1556 sua:
3363 1509 3530 1555 testem
3568 1501 3662 1556 lau-

2167 1596 2677 1662 datCassiodorum,
2699 1599 2792 1666 qui
2813 1597 3014 1652 diserte
3047 1596 3236 1665 scribit
3261 1595 3316 1648 S.
3341 1595 3532 1650 Gelasio
3547 1610 3665 1664 papa:

2167 1689 2474 1758 suppositas
2501 1689 2666 1744 fuisse
2697 1689 3082 1744 adnotationes
3105 1688 3361 1758 quasdam
3389 1687 3438 1740 in
3457 1685 3666 1756 epistolas

2164 1779 2227 1833 Ι).
2281 1779 2472 1844 Pauli,
2525 1780 2577 1834 iii
2627 1781 2826 1850 quibus
2874 1779 3153 1851 Pelagiani
3203 1780 3455 1850 dogmatis
3483 1778 3664 1848 vestigia

2165 1880 2480 1940 supererant
2506 1870 2644 1940 (27).
2699 1893 2716 1926 ι
2751 1873 2811 1941 In
2855 1871 3162 1942 Epistolas,
3194 1873 3392 1943 inquit,
3430 1871 3664 1926 tresdecim

2166 1963 2224 2019 S.
2273 1963 2426 2020 Pauli
2481 1967 2856 2022 adnotationes
2895 1968 3234 2036 conscriptas
3285 1968 3337 2020 in
3389 1967 3498 2035 ipso
3544 1964 3666 2019 initio

2165 2074 2299 2114 mete
2333 2059 2580 2114 lectionis
2609 2061 2828 2126 inveni,
2861 2076 2982 2130 quin
3025 2060 3082 2114 in
3125 2069 3437 2115 cunctorum
3465 2058 3668 2115 manibus

2163 2150 2236 2204 ita
2265 2151 2505 2206 celebres
2554 2151 2927 2218 habebantur,
2975 2161 3036 2206 ut
3080 2167 3174 2208 eas
3216 2167 3246 2206 a
3292 2161 3468 2205 sancto
3495 2149 3670 2205 Gelasio

2160 2258 2299 2314 papa
2329 2243 2476 2298 urbis
2504 2241 2720 2309 Romai,
2763 2243 3062 2299 doctissimi
3094 2244 3194 2298 viri
3251 2243 3422 2298 studio
3473 2241 3670 2296 dicerent

2161 2335 2333 2390 fuisse
2365 2334 2735 2406 conscriptas,
2788 2335 2936 2406 quod
2981 2337 3162 2390 solent
3189 2333 3364 2389 facere
3393 2332 3477 2403 qui
3513 2346 3587 2386 res
3609 2330 3670 2384 vi-

2161 2429 2331 2484 tiosas
2361 2428 2587 2499 cupiunt
2633 2429 2856 2500 gloriosi
2889 2428 3132 2483 nominis
3167 2426 3476 2482 auctoritate
3520 2421 3670 2479 delen-

2161 2520 2306 2577 dere.
2345 2520 2447 2576 Sed
2485 2521 2644 2576 nobis
2675 2537 2741 2577 ex
2775 2521 3207 2591 prmeedentibus
3236 2518 3541 2574 lectionibus
3577 2515 3673 2569 dili-

2161 2611 2308 2683 genti
2334 2611 2718 2666 retractatione
2747 2619 3061 2681 patuerunt,
3090 2610 3465 2667 subtilissimas
3492 2607 3672 2678 quidem

2159 2718 2284 2760 esse
2312 2719 2377 2758 ac
2407 2703 2756 2759 brevissiinas
2779 2703 3069 2769 dictiones,
3105 2704 3200 2759 sed
3227 2701 3487 2773 Pelagiani
3509 2700 3675 2755 erroris

2163 2811 2367 2851 venena
2393 2795 2502 2852 illic
2533 2810 2654 2850 esse
2686 2796 2973 2850 seminata.
3003 2815 3021 2847 ο
3051 2795 3366 2850 Cassiodori
3398 2795 3546 2864 igitur
3565 2806 3674 2856 aevo,

2162 2889 2254 2960 qui
2281 2889 2430 2944 circa
2453 2903 2654 2942 annum
2683 2886 2786 2943 556
2813 2887 2926 2942 huic
2962 2889 3189 2958 scripsit
3215 2889 3325 2960 (28)
3345 2930 3359 2954 ,
3384 2887 3677 2958 supposititia

2097 1659 2140 1716 Β

499 2991 604 3047 pus
651 2975 899 3030 Labbeus
945 2977 1090 3046 (24),
1141 2977 1410 3034 Antonius
1459 2978 1654 3049 Pagius
1696 2979 1807 3050 (25)
1856 2980 2059 3048 senior,
2087 2999 2134 3062 ο
2165 2979 2367 3036 Gelasii
2416 2995 2569 3050 papze
2623 2995 2790 3050 opera
2837 2980 3182 3037 circumferri
3226 2983 3336 3052 jam
3380 2982 3537 3037 multo
3579 2990 3678 3034 ante

501 3069 563 3124 S.
603 3069 882 3125 Gelasium
934 3069 1249 3139 hujusmodi
1293 3070 1455 3124 libelli
1491 3079 1766 3125 auctorem
1797 3070 2060 3136 credunt,

501 3179 610 3217 non
645 3163 822 3218 solum
854 3164 979 3233 quia
1012 3163 1066 3218 in
1114 3160 1510 3233 antiquissimis
1540 3163 1817 3221 codicibus
1862 3164 2066 3220 descri-

503 3266 628 3326 ptus
674 3257 766 3312 ille
813 3267 898 3312 est
947 3256 1088 3312 inter
1128 3256 1462 3312 indubitatas
1513 3257 1633 3328 ejus
1680 3257 1965 3326 epistolas,
2011 3267 2064 3312 et

571 3391 684 3465 (18)
724 3392 855 3462 Cap.
877 3391 968 3465 20,
997 3409 1118 3465 pag.
1152 3395 1257 3450 962
1286 3395 1463 3449 citata}
1490 3395 1620 3450 edit.
1659 3410 1672 3445 :
1715 3415 1733 3444 ο
1764 3395 2064 3452 Antiochus

501 3463 792 3533 episcopus
855 3463 1089 3533 scripsit
1141 3466 1400 3522 adversus
1453 3466 1735 3521 avaritiam
1793 3481 1959 3520 unum
2012 3477 2064 3521 et

501 3531 722 3598 IOngnm
753 3531 1024 3589 volumen.
1065 3554 1084 3587 ι

576 3603 684 3673 (19)
723 3602 855 3676 Cap.
889 3606 978 3676 55,
1011 3621 1132 3674 pag.
1166 3605 1271 3660 966
1298 3606 1456 3661 dicta:
1483 3606 1614 3661 edit.
1641 3625 1654 3660 :
1690 3625 1708 3656 ι
1729 3604 2064 3676 The0philtis

502 3673 881 3746 Alexandrina:
923 3673 1156 3731 civitatis
1205 3676 1493 3746 episcopus
1540 3677 1758 3746 scripsit
1803 3673 2063 3734 adversus

503 3745 788 3816 Origenem
843 3761 1008 3799 unum
1048 3755 1102 3800 et
1149 3745 1350 3816 grande
1394 3745 1684 3810 volumen,
1727 3763 1837 3816 quo
1881 3749 2064 3804 omnia

501 3829 637 3884 pene
657 3815 779 3884 ejus
804 3818 945 3872 dicta
972 3825 1025 3870 et
1055 3815 1229 3886 ipsum
1262 3815 1757 3888 pariterdamnat,
1779 3817 1940 3888 simul
1967 3820 2066 3873 do-

499 3899 630 3957 cens
653 3901 760 3941 non
794 3904 825 3942 a
859 3902 917 3941 se
944 3888 1180 3957 primum
1208 3887 1358 3946 eum.
1394 3887 1488 3943 sed
1521 3888 1590 3942 ab
1611 3889 1850 3957 antiquis
1884 3887 2064 3942 Patri-

500 3953 603 4029 b_us
654 3965 709 4010 et
761 3953 1005 4029 maxime;
1042 3955 1265 4014 Heracla
1324 3957 1492 4012 fuisse
1541 3966 1596 4012 et
1641 3973 1677 4029 7a
1732 3953 2064 4029 presbyterio

501 4026 732 4093 ejectum
752 4069 769 4096 ,
796 4038 849 4084 et
873 4028 939 4084 de
968 4027 1208 4085 Ecclesia
1239 4029 1455 4099 pulsum
1477 4069 1492 4093 ,
1541 4035 1595 4082 et
1621 4028 1688 4085 de
1729 4026 1946 4084 civitate
1982 4029 2066 4085 lu-

536 4107 708 4152 atum.
741 4119 760 4150 ι

501 4111 857 4240 8³(ξὸῐ)’(ἒίιρ.
906 4170 974 4224 19
1004 4213 1019 4235 ,
1071 4186 1194 4240 pag.
1230 4169 1336 4240 961
1396 4169 1489 4223 cit.
1540 4167 1671 4222 edit.
1709 4186 1794 4240 :_¢
1830 4166 2064 4225 Severus

502 4238 818 4311 presbyter,
833 4238 1191 4311 cognomento
1222 4238 1488 4311 Sulpitius
1512 4238 1816 4307 Aquitaniae
1845 4241 2064 4308 provin-

499 4309 619 4373 ciae,
641 4313 724 4364 vir
751 4309 946 4380 genere
978 4321 1030 4367 et
1058 4311 1250 4366 litteris
1285 4309 1500 4374 nobilis,
1531 4321 1585 4363 et
1617 4311 1946 4379 paupertatis
1977 4321 2073 4366 ιιι--

2165 3081 2338 3142 empta
2367 3081 2540 3136 erant,
2585 3089 2706 3143 quae
2737 3091 2767 3128 a
2800 3073 3182 3131 disertissimis
3213 3075 3342 3131 viris
3374 3091 3468 3146 pro
3490 3075 3612 3131 veris
3636 3087 3679 3128 et

2163 3165 2412 3237 genuinis
2466 3166 2836 3234 habebantur;
2912 3167 3148 3236 ideoque
3204 3183 3312 3223 non
3371 3163 3677 3237 improbabile

2163 3258 2488 3329 quibusdam
2527 3259 2796 3315 videbitur
2839 3258 2894 3315 S.
2945 3259 3290 3332 Fulgentium
3340 3262 3564 3331 aliosque
3608 3273 3680 3329 ge

2163 3396 2358 3470 tirmet,
2377 3405 2554 3453 tamen
2590 3399 2730 3454 inter
2749 3400 2932 3470 plures
2959 3409 3274 3455 sanctorum
3300 3399 3680 3456 orthodoxoruin

2163 3465 2383 3543 Patru_m
2405 3470 2734 3543 assertiones
2754 3465 2911 3539 ponit
2934 3480 3052 3540 post
3074 3470 3332 3543 Magnum
3345 3470 3680 3543 Athanasium.

2163 3544 2290 3592 ante
2311 3536 2628 3608 Gregorium
2653 3536 3075 3604 Nazianzenum,
3103 3536 3396 3595 Eusebium
3427 3537 3682 3594 Caisari'en-

2165 3623 2278 3662 sem
2307 3648 2321 3672 ,
2371 3609 2763 3665 conclamatum
2810 3611 2920 3679 jam
2977 3627 3117 3679 saepe
3170 3613 3238 3665 ab
3274 3611 3516 3666 omnibus
3561 3617 3685 3679 ante-

2163 3679 2447 3750 signanum
2477 3677 3065 3750 Arianorum,ejusque
3083 3691 3197 3736 tres
3227 3681 3513 3737 sententias
3539 3695 3597 3734 ex
3617 3677 3685 3730 di-

2164 3749 2340 3822 versis
2379 3750 2525 3822 locis
2542 3759 2790 3822 acceptas
2821 3749 2989 3805 refert
3013 3768 3028 3806 :
3063 3767 3185 3820 qua:
3210 3753 3425 3822 quidem
3451 3767 3596 3821 quam
3624 3751 3687 3800 in-

2163 3817 2325 3891 digna
2357 3821 2464 3874 sint
2487 3817 2702 3874 Gelasio
2738 3837 2874 3890 papa
2897 3863 2913 3885 ,
2939 3817 3099 3875 nemo
3123 3817 3428 3882 non'videt;
3452 3817 3687 3891 quamque

2165 3888 2374 3960 alienus
2415 3891 2486 3943 sit
2523 3898 2712 3945 auctor
2738 3888 2830 3945 ille
2858 3892 2924 3945 ab
2969 3892 3153 3960 aliquo
3185 3891 3382 3946 Latino
3423 3888 3683 3960 scriptore;

2162 3973 2289 4012 cum
2321 3959 2374 4012 iii
2402 3975 2458 4015 re
2487 3969 2635 4015 tanta
2672 3961 2876 4015 nitatur
2901 3959 3215 4016 Graecorum
3246 3964 3504 4016 duntaxat
3527 3959 3683 4014 aucto-

2165 4030 2324 4084 ritate
2347 4071 2361 4094 ,
2406 4031 2495 4083 vix
2536 4031 2750 4086 duobus
2785 4031 2994 4086 Latinis
3024 4048 3086 4086 ex
3116 4033 3368 4100 plurimis
3396 4035 3447 4087 lli
3479 4031 3688 4086 testimo-

2166 4101 2313 4152 nium
2360 4100 2624 4155 add'uctis.
2674 4101 2846 4168 Quam
2894 4117 3023 4155 vero
3063 4114 3286 4157 econtra
3331 4119 3391 4157 ea
3440 4101 3689 4158 conveniat

2164 4168 2380 4243 Gelasio
2407 4171 2480 4224 illi
2514 4187 2544 4225 a
2580 4172 2769 4243 Photio
2797 4173 3065 4227 recensito
3083 4215 3097 4238 ,
3123 4189 3391 4243 cognosce
3409 4216 3424 4238 ,
3449 4174 3568 4227 dum
3593 4172 3688 4238 ipse

2164 4239 2217 4310 in
2236 4240 2381 4293 dicto
2405 4256 2567 4310 opere
2591 4243 2658 4296 de
2673 4242 2887 4297 Niceno
2911 4243 3142 4299 concilio
3164 4239 3412 4299 eumdem
3432 4243 3687 4297 Eusebium

2165 4309 2550 4382 Caesariensem
2581 4313 2872 4382 plurimum
2903 4313 3108 4380 laudat,
3137 4326 3192 4369 et
3219 4315 3390 4368 titulis
3417 4313 3688 4367 orthodoxo

499 4371 613 4448 quer
649 4371 972 4436 humilitatis
1017 4395 1204 4453 amore
1259 4371 1632 4453 conspicuus:
1662 4371 1852 4453 pclarus
1897 4381 2059 4435 etiam
2095 4371 2138 4425 υ
2162 4393 2363 4453 magno
2385 4380 2501 4435 viro
2544 4371 2721 4452 dignis
2745 4393 3003 4450 exornat,
3036 4371 3198 4453 atque
3232 4386 3302 4439 ab
3328 4384 3474 4440 omni
3507 4383 3692 4453 Arianae

500 4459 812 4520 sanctorum
847 4453 1086 4506 virorum
1120 4451 1335 4506 Martini
1367 4450 1705 4506 Turonensis
1730 4451 1972 4520 episcopi
2007 4462 2062 4507 et

501 4519 722 4642 PauliniI
741 4519 992 4578 Noleusis
1023 4523 1250 4588 notitia,
1283 4522 1504 4593 scripsit
1536 4535 1642 4576 non
1667 4519 2060 4578 contemnenda

501 4603 704 4642 onuscu
728 4605 780 4642 a.
817 4609 836 4642 ι

499 4603 780 4657 Opuscuia.
817 4609 836 4642 ι

571 4658 682 4729 (21)
723 4661 1007 4732 Legendus
1047 4661 1314 4718 Baronius
1344 4662 1410 4718 ad
1447 4663 1649 4718 dictum
1686 4679 1886 4718 annum
1933 4662 2058 4726 496,

500 4732 722 4798 nuin.4,
763 4749 883 4803 pag.
909 4734 1036 4799 596,
1071 4743 1204 4788 tom.
1240 4733 1351 4788 Vlll
1387 4735 1479 4788 cit.
1514 4734 1669 4796 edit.,
1706 4735 1792 4787 ubi
1824 4737 1938 4788 haec
1961 4749 2060 4788 nos

497 4805 658 4857 etiam
687 4805 842 4858 docet
869 4822 883 4858 :
926 4825 944 4856 ι
974 4804 1175 4859 Verum
1205 4820 1312 4858 non
1346 4820 1511 4858 unum
1539 4805 1802 4859 duntaxat
1826 4806 2056 4870 librum;

499 4875 590 4928 sed
627 4875 770 4942 quod
799 4875 1002 4946 grande
1031 4885 1085 4931 et
1114 4876 1432 4946 praeclarum
1458 4890 1596 4944 opus
1621 4874 1934 4930 Gennadius
1960 4892 2059 4927 no-

499 4946 699 5016 minat,
743 4945 1088 5016 in’quinqne
1116 4945 1302 5000 ’libros
1354 4946 1520 5016 fuisse
1567 4949 1819 5014 partitum
1869 4946 2056 5014 liquet.

499 5013 670 5068 Habet
710 5016 762 5070 id
801 5013 946 5072 enim
987 5013 1309 5071 Anastasius
1355 5013 1803 5070 Bibliotliecarius
1833 5016 1885 5068 in
1922 5013 2061 5069 libro

502 5087 574 5158 De
606 5086 861 5142 Romanis
888 5088 1256 5158 pontiﬁcibus,
1292 5103 1423 5158 cuin
1444 5086 1674 5158 allirmat
1702 5087 1965 5158 quinque,
1997 5087 2061 5139 li.-

499 5156 627 5213 bl'OS
657 5155 921 5214 adversus
952 5155 1262 5214 Nestorium
1289 5166 1343 5212 et
1385 5155 1734 5226 Eutyclieteiii
1778 5156 1846 5210 ab
1870 5157 2058 5212 eodem

498 5227 712 5285 Gelasio
763 5229 935 5287 fuisse
958 5232 1292 5298 conscriptos
1311 5269 1326 5288 .
1356 5243 1477 5281 cuni
1511 5236 1687 5281 tamen
1715 5227 2058 5297 opusculum,

497 5303 637 5369 quod
663 5301 865 5357 Gelasii
899 5302 1118 5357 nomine
1146 5308 1324 5354 exstat
1352 5299 1579 5362 editum,
1621 5298 1785 5354 unius
1816 5298 1937 5352 libri
1963 5313 2059 5367 pe-

501 5371 652 5425 riodo
682 5374 970 5428 terniiiietu
980 5391 1023 5427 r.
1059 5392 1078 5424 ι

571 5442 682 5506 (22)
721 5443 800 5496 Ad
827 5444 1030 5498 dictum
1061 5457 1264 5497 annum
1294 5439 1428 5507 496,
1461 5456 1516 5494 n.
1549 5438 1580 5490 7
1603 5481 1618 5505 ,
1642 5455 1694 5509 p.
1725 5439 1871 5495 596:
1909 5458 1928 5491 ι
1957 5438 2060 5506 Qui

497 5511 746 5566 Gelasius
771 5514 842 5567 De
866 5515 1068 5568 duabus
1094 5513 1298 5567 naturis
1323 5512 1642 5581 opusculum
1673 5512 1800 5566 illud
1821 5512 2058 5580 scripsit.

498 5597 618 5636 cuni
653 5584 704 5636 in
735 5585 839 5638 line
873 5587 1156 5652 protitetur
1197 5599 1254 5638 se
1300 5583 1710 5646 catholicorum,
1733 5591 1792 5637 ut
1819 5582 1916 5648 ait,
1955 5597 2063 5635 ma-

502 5653 789 5716 gistrorum
819 5655 1123 5712 testimonia
1149 5653 1360 5723 aﬂ‘erre,
1389 5653 1586 5725 quibus
1615 5670 1643 5710 a
1665 5668 1724 5710 se
1755 5653 1895 5709 dicta
1924 5667 2056 5709 coii-

2162 4449 2383 4504 haeresis
2440 4449 2750 4522 suspicione
2800 4454 2914 4508 vult
2961 4449 3315 4523 exemptum,
3353 4457 3476 4509 dum
3538 4452 3692 4523 ipsum

2161 4536 2437 4589 nunquam
2483 4521 2613 4578 Ario
2664 4525 3010 4580 consensisse
3062 4521 3171 4578 non
3218 4521 3305 4580 sit
3332 4525 3532 4579 veritus
3576 4521 3696 4573 allir-

2161 4606 2329 4672 mare.
2363 4591 2699 4676 inLegeiidtis
2721 4590 3694 4676 Bellarminnsubenscript.‘ecclesiasti-

2160 4663 2256 4786 ζέε,
2473 4661 2683 4719 Gelasio
2716 4681 2855 4736 papa
2885 4675 3015 4720 tom.
3047 4665 3137 4720 νιι
3164 4661 3329 4737 Oper.
3359 4668 3529 4722 citata:
3557 4663 3690 4725 edit.,

2198 4748 2281 4786 air.
2427 4774 2441 4786 .

2198 4748 2281 4788 all.
2324 4748 2441 4788 151.

2160 4745 2540 4873 pafél’iiﬂpud
2573 4804 2747 4873 ipsum
2782 4805 3052 4859 Lalibeuni
3111 4808 3407 4861 citandiim.

2231 4874 2363 4946 (24)
2386 4874 2610 4931 Dissert.
2649 4875 2999 4946 historicaad
3029 4877 3123 4930 lib.
3160 4876 3236 4930 De
3265 4877 3445 4946 script.
3481 4875 3692 4930 ecclesia-

2160 4943 2304 5000 stieis
2331 4943 2678 5016 ’Bellarniini,
2711 4961 2835 5016 pag.
2868 4944 2989 5000 188.

2234 5013 2368 5140 (25ζῖ
2387 5017 2466 5070 Ad
2496 5031 2696 5068 annum
2713 5013 2932 5098 dictum
2969 5015 3106 5097 ᾀ96,
3136 5032 3290 5098 num.
3323 5019 3393 5100 ᾗ,
3429 5034 3546 5089 pag.
3573 5015 3690 5077 598,

2234 5105 2292 5140 τι.
2375 5085 2438 5139 lll
2470 5089 2659 5139 Annal.
2693 5087 2913 5140 Baronii
2941 5097 3091 5140 citat.
3126 5087 3401 5140 editionis.

2162 5085 2292 5144 tom.
2326 5085 2438 5140 Vlll
2470 5089 2659 5139 Annal.
2693 5087 2913 5141 Baronii
2941 5087 3091 5142 citat.
3126 5087 3401 5144 editionis.

2233 5159 2346 5230 (26)
2388 5156 2510 5211 llaic
2551 5166 2679 5211 sunt
2712 5158 2982 5230 rationum
3025 5169 3291 5230 momenta
3317 5159 3554 5230 ,quibus
3593 5156 3692 5209 Sir-

2163 5228 2396 5284 mondus
2434 5237 2488 5282 et
2523 5243 2588 5281 ex
2632 5242 2696 5282 eo
2731 5228 2880 5281 citati
2924 5240 3176 5283 aucmres
3226 5228 3284 5285 S.
3325 5229 3535 5284 Gelasio
3573 5241 3692 5296 opus

2163 5299 2470 5368 hujusniodi
2501 5297 2891 5370 ascribenduni
2913 5315 3033 5352 esse
3073 5312 3426 5370 propugnant.
3463 5299 3550 5352 llis
3579 5296 3692 5370 sub-

2161 5372 2350 5426 scribit
2383 5370 2544 5425 etiain
2588 5368 2732 5422 Cave
2774 5369 2973 5438 Script.
3029 5368 3210 5425 cedes.
3262 5371 3389 5426 hist.
3418 5368 3690 5428 litterario,

2161 5451 2293 5496 tom.
2322 5441 2364 5506 l,
2395 5455 2516 5510 pag.
2547 5439 2670 5494 465.

2233 5503 2358 5582 (27)
2386 5503 2805 5566 Βεῖηειίιαιίοηε
2833 5513 3126 5566 divinarum
3156 5513 3473 5569 litterarum.
3503 5503 3692 5582 eain}.

2165 5578 2290 5640 toni.
2326 5578 2367 5637 ll
2383 5582 2640 5651 Operum,
2661 5597 2778 5654 pag.
2800 5581 2923 5649 545,
2947 5585 3076 5638 edit.
3101 5583 3417 5652 Botliomagi
3443 5599 3530 5654 an.
3552 5578 3692 5637 1679.

2234 5653 2346 5730 (28)
2386 5652 2674 5726 Legendus
2691 5652 2831 5714 Cave
2860 5667 2990 5715 toni.
3025 5657 3043 5712 1
3077 5659 3262 5722 citato,
3293 5670 3417 5728 pag.
3445 5652 3564 5710 501.
