3814 6198
539 250 642 311 507

1319 249 1407 305 DE
1443 248 1833 307 PORTUENSI
1876 248 1933 304 S.
1970 241 2329 301 HIPPOLYTI
2376 242 2569 298 SEDE.
2604 271 2676 283 -
2706 238 2886 296 PARS
2916 239 2986 298 ιι.

3574 242 3656 305 508

540 365 770 425 Latinos
798 368 1139 438 promiscue,
1175 383 1274 439 pro
1307 369 1567 439 speciebus
1595 385 1691 425 seu
1721 368 2096 434 accidentibus,
2128 372 2174 430 Α
2201 380 2324 420 cum
2363 364 2513 419 nulla
2544 378 2610 419 ex
2640 364 2725 419 sui
2770 370 2925 434 parte
2966 360 3034 416 iis
3054 402 3068 427 ,
3108 374 3225 431 qua
3255 357 3317 414 de
3358 358 3466 429 ipso
3498 362 3660 435 antiqui

540 469 835 531 usurpatas
862 458 1032 515 fuisse
1076 460 1283 516 centies
1321 460 1624 517 docuerunt
1654 461 1833 530 magni
1860 459 1963 514 viri
1990 458 2097 514 Ba-

538 553 733 608 tonius
774 551 920 621 (38),
964 550 1236 607 Arnaldus
1286 551 1427 623 (59),
1468 551 1830 606 Bellarminus
1866 549 1999 622 (40),
2045 559 2100 607 et

540 645 838 700 novissime
883 642 1265 697 Orientalium'
1302 643 1608 714 linguarum
1663 642 2099 699 consultissimus

538 735 769 791 Michael
809 735 1113 805 Lequienus
1142 734 1252 807 (41)
1282 740 1402 790 ord.
1434 735 1660 790 Pradic.
1700 734 1983 805 theologus
2015 735 2099 788 in-

538 831 733 902 signis.
775 831 1026 898 Etenim,
1071 839 1132 886 ut
1174 831 1308 887 scite
1353 830 1606 885 observat
1651 844 1879 900 magnus
1914 830 2097 883 Anna-

538 924 671 978 lium
702 923 1171 977 ecclesiasticarum
1209 938 1427 993 parens,
1459 921 1667 992 antiqui
1692 920 1880 976 Patres
1908 920 2098 991 hujus-

538 1016 687 1071 modi
723 1016 948 1071 vocibus
1000 1015 1142 1071 bona
1185 1014 1289 1071 ﬁde
1328 1025 1461 1071 tunc
1501 1012 1762 1084 temporis
1790 1014 2098 1083 promiscue

530 1109 623 1165 usi
652 1119 811 1172 sunt;
839 1107 1106 1163 hareticis
1137 1108 1282 1162 enim
1337 1108 1578 1190 nondum
1619 1107 1825 1162 exortis
1855 1108 2098 1162 securior

538 1201 859 1270 simplicitas
907 1200 1262 1270 loquebatur;
1307 1214 1497 1254 verum
1543 1214 1662 1254 cum
1712 1196 2096 1268 superveniens

534 1294 916 1349 hareticorum
942 1292 1147 1348 malitia
1197 1292 1487 1348 subtilibus
1510 1290 1943 1346 cavillationibus
1966 1290 2099 1344 sim-

533 1387 818 1457 pliciorum
850 1385 1046 1440 animis
1073 1384 1254 1440 fucum
1285 1382 1463 1439 facere
1492 1393 1802 1451 conaretur,
1835 1398 1970 1454 opus
1993 1381 2099 1437 fuit

531 1479 844 1548 excogitare
866 1476 1111 1547 quadam
1153 1475 1451 1543 vocabula,
1494 1475 1846 1529 accidentium
1891 1474 2098 1531 scilicet

535 1583 628 1622 seu
661 1568 979 1637 specierum,
1009 1582 1130 1637 qua
1158 1567 1500 1637 apertissime
1534 1566 1913 1623 bareticorum
1944 1566 2096 1637 quis-

528 1659 731 1729 quilias
785 1668 840 1715 et
891 1660 1262 1715 cavillationes
1310 1659 1744 1730 pessumdareut.
1817 1659 2091 1713 Immerito

2200 454 2493 523 scriptores
2515 453 2871 519 tradiderunt,
2896 451 3231 520 respondeat.
3249 448 3429 504 Verum
3446 450 3488 506 si
3511 452 3664 524 aliquis

2196 546 2435 602 Antonio
2458 545 2696 600 Arnaldo
2721 543 2971 599 assentiri
2996 541 3274 607 maluerit,
3310 540 3421 608 hoc,
3447 544 3569 612 quod
3594 544 3663 599 ha-

2196 636 2387 694 bemus
2412 679 2427 703 ,
2454 652 2574 692 esse
2603 635 2875 691 Gelasiani
2907 633 3083 703 operis
3108 633 3342 687 mutilum
3370 632 3666 703 fragmentum

2194 729 2449 785 libentius
2490 726 2940 791 concederemus;
2999 723 3093 779 sed
3142 721 3267 793 quid
3318 732 3504 779 natura
3539 728 3667 781 verba

2197 819 2337 889 apud
2382 819 2560 888 ipsum
2608 816 2666 872 8.
2700 816 2973 873 Gelasium
3022 814 3346 884 signiﬁcent,
3382 814 3576 883 ipsemet
3615 816 3661 871 S.

2195 905 2434 978 pontifex
2463 906 2656 973 docet,
2691 906 2819 961 dum
2850 903 3210 976 Eutychianos
3255 903 3477 959 stultitia
3503 906 3669 976 arguit,

2195 998 2341 1069 quod
2371 996 2743 1052 inﬁciarentur
2785 998 2921 1051 duas
2960 995 3045 1049 vel
3084 1004 3191 1050 tres
3227 1004 3435 1051 naturas
3457 1010 3566 1069 ,esse
3590 1013 3673 1054 non

2194 1104 2374 1160 posse.
2406 1108 2425 1141 ι
2458 1087 2598 1154 Quid
2631 1088 2776 1158 quod
2810 1087 2911 1157 ipsi
2937 1086 3103 1142 etiam
3136 1100 3295 1140 unam
3325 1085 3528 1141 dicendo
3550 1097 3674 1142 natu-

2194 1197 2312 1237 ram
2340 1181 2395 1235 in
2417 1180 2650 1235 Domino
2678 1178 2807 1235 Jesu
2835 1179 3075 1244 Christo,
3106 1187 3309 1233 natura
3333 1186 3492 1233 tamen
3517 1195 3674 1236 nomen

2195 1271 2595 1327 convincuntur
2640 1284 2917 1335 asserere,
2951 1285 3019 1323 an
3065 1283 3227 1323 unam
3264 1268 3415 1322 liceat
3450 1270 3677 1325 nominare

2194 1375 2466 1429 naturam,
2497 1369 2553 1417 et
2577 1362 2737 1426 duas,
2771 1361 2855 1415 vel
2883 1361 3066 1430 plures
3101 1374 3279 1414 rerum
3305 1368 3583 1415 caterarum
3605 1375 3678 1431 ap-

2193 1457 2391 1526 pellare
2420 1454 2501 1509 fas
2532 1470 2640 1525 non
2667 1453 2814 1509 erit?
2842 1451 2974 1519 Quis
3011 1451 3115 1508 ista
3157 1466 3263 1505 non
3305 1451 3494 1517 rideat,
3519 1460 3564 1505 et
3588 1460 3680 1506 tan-

2192 1561 2355 1615 quam
2406 1544 2633 1615 puerilia
2689 1543 3044 1600 deliramenta
3113 1542 3366 1612 despiciat
3410 1542 3584 1614 μιν»
3634 1541 3680 1601 Si

2194 1636 2360 1707 igitur
2386 1638 2567 1708 plures
2597 1636 2759 1691 unius
2800 1636 2879 1691 rei
2914 1644 3140 1691 naturas
3179 1651 3299 1691 esse
3326 1649 3474 1705 posse
3502 1634 3681 1690 credidit

528 1751 734 1822 pariter
762 1750 1077 1806 heterodoxi
1122 1751 1481 1815 recentiores,
1527 1751 1786 1823 neglectis
1829 1751 2082 1822 antiquis-

2192 1729 2249 1783 S.
2293 1727 2569 1793 Gelasius,
2620 1742 2778 1784 nemo
2818 1743 2927 1783 non
2973 1728 3122 1783 videt
3161 1743 3257 1797 pro
3285 1724 3487 1792 natura,
3530 1728 3681 1797 species

532 1843 689 1898 simis
743 1841 1033 1909 Patribus,
1089 1858 1120 1897 a
1178 1842 1377 1912 quibus
1427 1852 1776 1899 sacrosancta
1826 1842 2089 1899 Euchari-

530 1932 635 1988 stia
678 1949 802 1986 caro
851 1930 1002 1986 Verbi
1047 1931 1171 1997 Dei,
1232 1949 1417 2002 corpus
1467 1932 1680 1987 Domini
1734 1934 2089 1991 disertissime

524 2025 848 2093 appellatur,
877 2025 1033 2080 nobis
1067 2025 1306 2094 epistola
1328 2025 1396 2078 ad
1422 2022 1715 2079 Casarium
1752 2026 2085 2092 monachum,

530 2114 591 2168 8.
620 2113 816 2169 Joanni
851 2114 1238 2186 Chrysostomo
1262 2115 1566 2182 attributa,
1613 2126 1667 2172 et
1687 2118 1859 2172 sancti
1888 2116 2087 2174 Gelasii

459 2236 463 2245 -
518 2208 597 2262 'de
645 2208 858 2262 duabus
907 2208 1118 2262 naturis
1170 2207 1386 2264 inﬁrma
1432 2209 1743 2266 testimonia
1790 2211 2082 2280 objiciunt,

528 2313 651 2353 cum
699 2304 778 2352 tot
808 2298 1151 2353 disertissimi
1199 2299 1466 2369 primava
1508 2298 1796 2367 Ecclesia,
1827 2312 1881 2356 et
1904 2310 2084 2371 poste-

526 2391 734 2446 riorum
768 2401 1071 2460 temporum
1105 2391 1294 2448 Patres
1322 2408 1505 2449 veram
1546 2394 1897 2450 ecclesiastici
1930 2394 2085 2465 panis

526 2484 1188 2540 transsubstantiationem
1219 2486 1534 2555 agnoverint
1554 2527 1571 2551 ,
1605 2494 1659 2542 et
1685 2487 1753 2543 de
1780 2487 1965 2543 eadem
2000 2488 2084 2542 in-

524 2576 769 2631 numeris
812 2575 924 2631 fere
966 2576 1099 2631 locis
1129 2576 1467 2648 apertissime
1494 2578 1663 2633 locuti
1710 2578 1852 2647 sint;
1885 2580 2083 2650 quibus

523 2666 742 2738 putidas
775 2667 940 2722 hasce
970 2669 1294 2739 scriptorum
1335 2669 1563 2726 lacinias
1614 2672 1823 2743 magnis
1853 2671 2084 2745 Chryso-

524 2759 687 2836 stomi
735 2768 790 2813 et
843 2758 1042 2815 Gelasii
1098 2761 1410 2818 nominibus
1466 2763 1751 2833 insignitas
1807 2764 2079 2833 obiicere,

521 2850 881 2916 rectioribus,
919 2866 1057 2921 quas
1081 2852 1276 2907 docent
1299 2893 1315 2918 ,
1349 2852 1551 2909 critica
1580 2854 1779 2925 regulis
1826 2856 2081 2922 patentis-

522 2942 659 2996 sime
707 2956 1008 3013 repugnare
1047 2958 1207 2998 nemo
1247 2959 1354 2998 non
1405 2945 1567 3000 videt.
1606 2945 1740 3011 Quis
1789 2947 1931 3002 enim
1977 2946 2104 3002 sibi‘

520 3032 843 3104 persuadeat
865 3032 1334 3104 Chrysostomum,
1363 3037 1456 3106 qui
1488 3044 1568 3093 tot
1595 3038 1867 3108 tantisque
1893 3038 1949 3092 in
1991 3038 2077 3093 lo-

2193 1836 2289 1877 seu
2349 1820 2640 1874 accidentia
2690 1819 3053 1884 intellexisse;
3107 1818 3341 1888 alioquin
3389 1818 3433 1872 si
3485 1816 3545 1871 de
3589 1817 3683 1872 sub-

2192 1910 2391 1966 stantia
2419 1910 2631 1966 locutus
2658 1918 2839 1975 esset,
2872 1924 2983 1965 non
3013 1909 3199 1980 plures
3218 1948 3233 1973 ,
3263 1907 3353 1963 sed
3377 1907 3566 1962 unicam
3590 1922 3685 1963 esse

2190 2014 2371 2054 rerum
2392 2008 2640 2054 naturam
2672 1999 3012 2056 aﬁirmasset.
3032 1998 3294 2070 Corporis
3317 1998 3452 2053 enim
3479 1997 3683 2053 substan-

2191 2089 2287 2157 tia,
2312 2091 2465 2161 juxta
2508 2090 2751 2162 egregios
2778 2092 3156 2162 philosophos,
3186 2091 3341 2147 unica
3369 2099 3464 2158 est,
3490 2090 3685 2146 acciden-

2192 2183 2263 2238 tia
2291 2197 2424 2237 vero
2449 2197 2545 2237 seu
2572 2184 2777 2254 species
2807 2184 3239 2254 quamplurima.

2256 2296 2372 2353 XV.
2411 2296 2666 2368 Ejusdem
2696 2298 2860 2353 libelli
2883 2300 3073 2354 incerti
3103 2299 3328 2353 auctoris
3356 2298 3414 2353 de
3441 2297 3635 2353 Arabica

2396 2367 2463 2423 S.
2489 2368 2755 2439 Hippolyti
2783 2369 2899 2423 sede
2928 2371 3187 2424 sententia
3212 2368 3519 2440 expenditur.

2259 2459 2365 2515 Sed
2409 2461 2477 2516 de
2508 2460 2593 2516 his
2644 2461 2936 2529 hactenus;
2991 2477 3138 2517 nunc
3187 2462 3253 2516 ad
3299 2459 3355 2516 8.
3398 2459 3686 2533 Hippolytum

2189 2550 2557 2619 revertamur,
2589 2569 2748 2624 quem
2792 2554 3101 2624 Stephanus
3127 2552 3392 2625 Lemoyne
3413 2553 3534 2625 (45),
3561 2554 3690 2624 hujus

2184 2647 2430 2717 opusculi
2477 2646 2786 2701 testimonio
2846 2646 3105 2713 innixus,
3158 2645 3384 2702 Arabem
3430 2647 3687 2716 episcopum

2186 2736 2354 2794 fuisse
2402 2738 2639 2808 conjicit.
2689 2736 2766 2791 En
2798 2738 3085 2808 ipsiusmet
3132 2740 3336 2810 antiqui
3366 2739 3612 2809 scriptoris
3643 2739 3688 2793 in

2184 2830 2407 2901 prafato
2431 2830 2695 2901 opusculo
2733 2833 2928 2887 verba:
2970 2851 2990 2884 ι
3028 2831 3087 2888 S.
3132 2831 3393 2905 Hippolyti
3421 2832 3623 2903 episcopi
3647 2840 3690 2886 et

2184 2923 2438 2995 martyris
2463 2924 2698 2978 Arabum
2726 2925 3041 2995 metropolis
3062 2926 3117 2979 in
3146 2925 3393 2979 Memoris
3410 2926 3643 2978 Ιιωτιειιιιι.
3667 2941 3682 2973 ι

2184 3013 2485 3085 Perpendat
2517 3016 2680 3086 igitur
2725 3016 2894 3071 lector
2938 3032 3069 3071 num
3105 3018 3210 3073 hoc
3252 3018 3618 3083 testimonium,
3645 3015 3691 3069 in

522 3083 839 3104 r"'***'—'
876 3083 1334 3104 ν-’δ-ν-’-·----’·ν
1369 3083 1456 3106 Ί“’
1492 3083 1568 3093 *ν*
1599 3083 1866 3108 ’“···“·’Ί“·“’
1893 3083 1949 3092 ···
1992 3083 2045 3093 ’ν

522 3124 604 3179 cis
648 3124 992 3180 eucharistici
1043 3125 1198 3195 panis
1245 3127 1627 3183 miraculosam
1677 3130 2080 3184 transsubstan—

2185 3083 2313 3177 quo,
2342 3117 2400 3162 ut
2427 3083 2570 3164 recte
2591 3107 2964 3165 Tillemontius
2992 3110 3104 3181 (46)
3131 3112 3357 3178 monuit,
3384 3109 3692 3180 grammatica

519 3218 801 3273 tiationem
832 3216 1062 3289 ingenue
1090 3217 1270 3275 fassus
1292 3226 1394 3282 est,
1422 3227 1625 3274 mutata
1649 3236 1792 3276 nunc
1813 3222 2077 3276 sententia

514 3308 972 3371 hetemdoxorum
1002 3310 1228 3365 somniis
1258 3309 1436 3366 favere
1456 3310 1597 3382 (42);
1636 3319 1692 3367 et
1720 3313 1777 3368 S.
1806 3312 2080 3370 Gelasium

520 3402 824 3461 Romanum
867 3401 1198 3472 pontiﬁcem,
1228 3402 1320 3473 qui
1363 3383 1419 3456 in
1447 3402 1675 3473 epistola
1713 3404 1782 3456 ad
1817 3406 2079 3474 episcopos

518 3491 830 3558 Dardania,
867 3502 925 3548 ut
952 3503 1135 3548 monet
1161 3492 1425 3550 Baronius
1456 3494 1588 3567 (45),
1632 3495 2076 3565 augustissimum

514 3579 872 3639 Eucharistia
888 3595 1309 3649 sacramentum,
1328 3602 1514 3656 panem
1531 3586 1620 3657 qui
1639 3588 1702 3640 de
1724 3587 1849 3641 calo
1874 3588 2080 3647 descen-

516 3674 616 3739 dit,
649 3684 833 3739 vocat,
861 3691 1006 3732 nunc
1039 3676 1255 3731 sibimet
1281 3678 1653 3734 contradicere
1678 3718 1693 3743 ,
1725 3689 1779 3734 et
1813 3680 1865 3734 in
1895 3696 2078 3737 sacra-

516 3763 730 3819 tissimo
755 3764 1002 3833 corporis
1044 3764 1246 3820 Christi
1281 3766 1538 3836 mysterio
1577 3768 1877 3829 naturalem
1923 3770 2078 3839 panis

515 3854 878 3909 substantiam
926 3863 1051 3924 post
1101 3857 1531 3913 consecrationis
1574 3859 1739 3915 verba
1776 3875 2075 3930 remanere,

514 3947 804 4016 scripsisse
833 3948 935 4004 sibi
965 3951 1162 4019 poterit
1185 3951 1507 4023 imaginari?
1536 3950 1771 4023 ingenue
1800 3954 1963 4026 igitur
1995 3954 2077 4011 la—

512 4039 615 4093 teri
651 4049 862 4110 oportet
912 4058 1037 4097 cum
1077 4043 1394 4099 doctissimo
1422 4043 1731 4114 Lequieno,
1779 4045 2075 4118 Epistulam

511 4131 583 4187 ad
606 4131 901 4189 Casarium
928 4137 1241 4190 monachum
1262 4139 1557 4208 genuinum
1584 4140 1727 4196 haud
1750 4157 1872 4198 esse
1893 4144 2075 4215 magni

511 4223 884 4298 Cbrysostomi
916 4227 1120 4296 fctum,
1162 4231 1255 4285 sed
1296 4231 1547 4309 putidum
1599 4233 1913 4305 ﬁgmentutn
1952 4246 2075 4307 post

508 4328 753 4373 exortam
776 4318 1013 4375 Nestorii
1045 4321 1315 4390 haeresim,
1346 4324 1456 4381 imo
1485 4334 1609 4395 post
1635 4325 2073 4385 Chalcedonense

2181 3200 2322 3271 leges
2371 3201 2785 3271 desiderantur,
2854 3211 2935 3259 tot
2999 3203 3373 3261 disertissimis
3420 3202 3690 3265 Prudentii,

2179 3294 2420 3362 Leontii,
2464 3295 2772 3361 Anastasii,
2813 3297 3154 3367 aliorumque
3188 3297 3497 3355 testimoniis
3526 3293 3689 3351 antefe-

2178 3387 2403 3441 rendum
2436 3388 2524 3453 sit,
2556 3388 2647 3458 qui
2678 3403 2771 3458 per
2815 3388 2962 3445 mille
2993 3398 3046 3444 et
3085 3390 3402 3461 quingentos
3430 3389 3531 3444 fere
3553 3400 3691 3442 annos

2180 3476 2237 3533 8.
2276 3477 2618 3555 Hippolytum
2651 3478 2952 3537 Romanum
2993 3482 3077 3537 vel
3121 3483 3318 3539 Portus
3356 3482 3567 3538 Romani
3598 3481 3691 3550 epi-

2178 3583 2401 3642 scopum
2429 3570 2598 3627 fuisse
2636 3572 3076 3629 constantissime
3120 3574 3473 3637 tradiderunt,
3510 3586 3694 3627 omnes-

2177 3679 2284 3733 que
2311 3664 2412 3719 hos
2440 3664 2785 3721 doctissimos
2816 3666 2957 3722 viros
2990 3668 3221 3737 turpiter
3270 3668 3598 3723 hallucinatos
3638 3664 3694 3720 sit

2176 3756 2537 3824 credendum,
2593 3766 2648 3812 et
2698 3758 2874 3813 solum
2925 3768 3204 3815 auctorem
3255 3763 3409 3816 toties
3453 3754 3693 3815 memorati

2176 3847 2343 3903 libelli
2388 3849 2641 3905 omnibus
2681 3849 2829 3905 hisce
2874 3850 3172 3907 beatiorem
3228 3862 3281 3909 et
3331 3851 3693 3909 fortunatiorem

2174 3941 2468 4004 exstitisse,
2520 3951 2703 4012 utpote
2751 3942 2838 3998 cui
2887 3943 2989 3998 soli
3035 3943 3222 4000 datum
3267 3946 3420 4001 fuerit
3458 3958 3618 3998 veram
3644 3938 3691 3994 S.

2176 4029 2445 4103 Hippolyti
2473 4033 2653 4088 sedem
2687 4034 2808 4090 aliis
2842 4035 3081 4105 ignotam
3115 4038 3376 4094 nancisci.
3407 4035 3502 4091 Sed
3530 4051 3557 4089 a
3587 4032 3692 4088 viris

2174 4123 2401 4180 eruditis
2436 4125 2549 4195 qui,
2589 4126 2845 4197 neglectis
2888 4135 2966 4183 tot
3011 4129 3358 4200 antiquorum
3386 4125 3691 4187 testimoniis,

2175 4214 2303 4271 huic
2354 4218 2615 4287 opusculo
2665 4220 2926 4290 integram
2970 4221 3127 4276 ﬁdem
3178 4224 3445 4294 prabent,
3495 4220 3692 4292 petimus

2173 4308 2430 4378 quidnam
2460 4309 2563 4365 sibi
2591 4310 2720 4365 velit
2744 4311 2858 4366 hac
2888 4311 3099 4367 dicendi
3128 4314 3297 4369 ratio:
3344 4333 3364 4367 ι
3396 4310 3619 4384 Episcopi
3648 4314 3693 4363 et

510 4410 834 4476 concilium,
866 4411 935 4465 ab
967 4412 1219 4481 imperito
1266 4415 1534 4472 nebulone
1561 4418 1981 4487 concinnatum;
2019 4431 2072 4477 et

2185 4402 2431 4473 martyris
2469 4402 2711 4457 Arabum
2741 4404 3071 4475 metmpolis.
3116 4425 3137 4457 ι
3188 4405 3388 4463 Forsan
3418 4403 3548 4476 quod
3578 4401 3689 4470 Hip-

509 4502 834 4569 opusculum
866 4503 941 4558 De
969 4506 1173 4560 duabus
1207 4508 1417 4565 naturis
1448 4509 1588 4564 inter
1616 4510 1839 4567 indubia
1873 4512 1930 4567 8.
1968 4511 2073 4567 Ge-

510 4589 635 4649 lasii
676 4607 828 4663 papa
876 4610 1040 4667 opera
1087 4614 1431 4671 nequaquam
1474 4615 1595 4657 esse
1640 4603 2068 4672 numerandum,

512 4819 660 4876 modi
698 4819 756 4874 S.
797 4820 1011 4876 Gelasio
1044 4836 1194 4890 papa
1231 4821 1574 4877 tribuendum
1608 4838 1729 4878 esse
1775 4824 2066 4881 contendit.

584 4890 814 4967 (58_)_§d
856 4892 1059 4946 dictum
1103 4907 1303 4946 annum
1323 4892 1477 4957 .496,
1514 4909 1665 4948 num.
1712 4894 1781 4948 12
1810 4908 1863 4950 et
1891 4911 2067 4967 seqq.,

511 4976 635 5033 pag.
654 4961 771 5033 59S
784 4970 851 5033 Aet
880 4977 1030 5031 seqq.

605 5032 695 5105 59)
728 5030 895 5105 Qitat.
922 5030 1056 5087 tom.
1081 5030 1165 5105 ill,
1198 5048 1320 5105 pag.
1351 5033 1448 5089 251
1484 5044 1537 5089 et
1566 5050 1719 5105 seqq.

605 5100 789 5165 milia
816 5118 1043 5156 sacram.
1073 5100 1398 5170 ΕιιεΙιιιιῖὶειη
1439 5105 1532 5159 lib.
1562 5120 1623 5171 ιι,
1644 5100 1697 5159 c.
1725 5105 1814 5168 27,
1839 5114 1969 5161 tom.
2000 5104 2069 5162 ΙΙΙ

509 5171 773 5243 Operum,
814 5188 935 5241 pag.
962 5173 1071 5243 259
1101 5174 1230 5228 edit.
1267 5173 1482 5234 Veneta
1511 5191 1639 5231 ann.
1669 5175 1827 5229 i791.

584 5243 697 5312 (tl)
737 5242 793 5312 ln
832 5244 974 5302 notis
1004 5242 1076 5305 ad
1118 5244 1210 5299 lib.
1254 5261 1305 5302 tv
1349 5244 1406 5299 8.
1454 5243 1679 5299 Joannis
1717 5245 2064 5310 Damasceni,

677 5310 707 5387 ξ
734 5310 991 5387 Operum,
1018 5329 1144 5387 cap.
1169 5315 1359 5387 {SJDe
1389 5314 1489 5377 fide
1523 5315 1835 5387 orthodoxa,
1877 5332 1932 5387 p.
1959 5317 2066 5373 270

511 5384 645 5439 edit.
675 5382 999 5452 Parisiensis
1022 5382 1149 5438 anni
1185 5384 1343 5452 1712,
1376 5393 1503 5440 nota
1536 5386 1589 5440 2.

587 5452 703 5526 (42)
729 5451 976 5526 Legenda
1001 5455 1310 5513 dissertatio
1343 5457 1496 5511 tertia
1518 5456 1759 5526 ejusdem
1788 5455 2065 5514 Michaelis

515 5518 751 5600 tegmen
785 5518 853 5600 dte
896 5526 1122 5600 epistola
1160 5526 1229 5580 ad
1259 5518 1912 5600 Casarium'monacliuin,
1943 5545 2065 5600 qua

518 5590 581 5643 8.
612 5589 857 5667 ’.ιρειιιιιξδ
902 5589 1273 5667 Chrysostomi
1315 5599 1532 5653 nomine
1579 5598 1832 5667 insignita
1862 5589 1975 5655 est:
2005 5598 2065 5655 ln

512 5676 626 5737 qua
676 5664 735 5723 8.
793 5661 1057 5729 Joannem
1123 5666 1566 5749 Chrysostomum
1623 5661 1783 5749 hujus
1823 5670 2064 5747 epistola

2171 4492 2350 4563 polyto
2376 4495 2689 4564 metropolis
2734 4496 2945 4551 Arabia
2975 4497 3147 4567 patria
3189 4497 3382 4554 fuerit?
3413 4497 3467 4552 Si
3499 4497 3599 4551 hac
3623 4491 3691 4544 in-

2171 4585 2362 4659 telligit
2386 4593 2608 4656 auctor,
2640 4587 2895 4646 libentius
2922 4592 3235 4659 credemus;
3275 4589 3510 4663 quamvis
3538 4585 3691 4644 nullus

2170 4838 2448 4901 auctorem
2479 4833 2703 4889 minime
2730 4846 2852 4889 esse
2877 4835 3104 4892 miriﬁce
3132 4836 3396 4901 ostendit,
3423 4841 3473 4890 et
3497 4839 3684 4901 senten-

2173 4900 2274 4976 tias
2327 4901 2393 4976 in
2453 4917 2516 4976 ea
2568 4904 2792 4976 reperiri
2841 4920 2961 4976 qua
3014 4908 3083 4962 ab
3130 4900 3388 4976 ejusdem
3430 4900 3687 4976 S._P:_itris

2168 4970 2415 5025 doctrina
2445 4969 2795 5031 dissentiunt.
2842 4969 3032 5031 Exstat
3078 4978 3132 5031 in
3158 4969 3314 5033 citat.
3346 4984 3471 5032 tum.
3508 4972 3525 5026 1
3568 4969 3684 5040 Ope-

2168 5054 2338 5113 rum,
2361 5056 2485 5113 pag.
2520 5042 2608 5098 48.

2239 5107 2468 5185 (ιιόὶξ-ᾼξί
2497 5114 2700 5185 dictum
2726 5129 2926 5173 annum
2950 5116 3075 5177 496.
3125 5133 3277 5172 num.
3306 5117 3371 5172 15
3394 5158 3408 5182 ,
3438 5130 3548 5185 pag.
3578 5107 3683 5169 598.

2167 5187 2300 5250 tom.
2329 5181 2446 5237 Vlll
2475 5184 2639 5239 citato
2662 5225 2677 5250 ,
2725 5186 2817 5239 ubi
2861 5188 2973 5242 hac
3020 5188 3213 5243 Gelasii
3245 5189 3402 5244 verba
3441 5181 3677 5250 legimus:

2172 5267 2197 5328 ξ
2231 5248 2298 5305 Ut
2339 5254 2604 5328 salutaris
2640 5248 2899 5328 alimonia
2943 5260 3098 5327 panis
3139 5259 3313 5319 illius,
3359 5258 3448 5328 qui
3480 5248 3542 5310 de
3559 5250 3686 5328 calo

2165 5320 2465 5387 descendit,
2486 5324 2670 5383 ﬁdeles
2703 5326 2850 5384 hunc
2872 5320 3148 5385 sumentes
3176 5329 3241 5384 ad
3265 5320 3424 5383 vitain
3453 5323 3685 5399 perducat.

2165 5399 2444 5447 aternam.
2482 5414 2501 5446 ι

2385 5462 2545 5543 :I'om.
2581 5463 2648 5543 IY
2675 5464 3218 5543 Biblioth_.__Patrum,
3241 5484 3294 5540 p.
3319 5467 3439 5525 563.
3504 5535 3516 5543 _
3632 5530 3642 5543 ο

2236 5535 2348 5680 (‘5;
2385 5535 2442 5615 In
2471 5535 2699 5591 diatriba
2725 5538 2790 5593 de
2811 5537 2870 5621 8..
2902 5537 3183 5622 Hippolyto
3209 5535 3325 5596 loco
3347 5535 3581 5608 superius
3603 5535 3680 5589 cit.

2236 5606 2325 5680 (4b
2385 5604 2521 5667 Dote
2548 5606 2611 5675 2,
2656 5622 2750 5665 sur
2782 5616 2925 5667 samt
2960 5610 3265 5680 Hippolyte,
3303 5618 3430 5666 tom.
3470 5605 3555 5673 lli,
3579 5616 3680 5680 pag.

2163 5604 2347 5733 67(2M1)
2385 5604 2521 5667 Note
2548 5606 2611 5675 2,
2656 5622 2750 5665 sur
2782 5609 2925 5667 saint
2960 5604 3265 5693 Hippolyte,
3303 5604 3430 5666 tom'.
3470 5605 3555 5673 lli,
3579 5616 3682 5684 pas-
