3796 6194
240 280 315 337 509
897 275 980 330 DE
1019 275 1418 335 PORTUENSI
1463 276 1517 333 S.
1565 275 1922 331 HIPPOLYTI
1959 274 2148 330 SEDE.
2185 307 2253 316 —-
2285 263 2464 330 PARS
2502 273 2562 328 H.

241 399 417 471 probate
436 393 527 450 ﬁdei
554 392 776 463 scriptor
801 395 859 450 S.
894 395 1235 470 Hippolytum
1258 399 1487 455 Arabem
1523 399 1690 455 fuisse
1719 405 1762 459 Λ
1795 401 2039 469 plebique
2075 416 2186 453 sua:
2228 407 2472 468 praeerat,
2520 399 2779 469 martyrio
2821 405 3139 454 coronatum
3175 409 3356 470 aperte

240 495 388 549 doceat.
421 486 501 542 Nec
533 487 816 556 quidquam
859 489 1140 561 suﬂ'ragari
1184 501 1376 561 potest,
1409 504 1467 548 ut
1494 495 1688 564 aliquis

239 583 278 640 S.
303 581 565 651 Hippolytum
594 579 823 634 Arabcm
859 581 1026 637 fuisse
1061 583 1330 650 defendat,
1382 588 1522 657 quod
1554 604 1689 640 non-

233 677 331 730 nulla
367 674 501 741 ipsius
536 673 788 740 opuscula
820 673 1053 729 Arabico
1081 688 1134 730 ct
1168 676 1390 748 Syriaco
1440 696 1690 735 sermone

223 777 378 824 exarata
410 765 732 832 reperiantur,
781 775 832 820 et
863 768 1131 837 Abedjesu
1168 772 1452 843 episcopus
1485 772 1689 827 Seben-

219 862 272 914 sis
300 858 384 927 (i7)
425 858 644 926 quaedam
696 857 865 927 ipsius
917 859 974 914 S.
1024 860 1291 934 Hippolyti
1337 866 1533 934 scripta
1587 882 1686 919 suo

215 951 399 1004 librarum
434 949 887 1003 ecclesiasticarum
932 951 1186 1023 Catalogo
1233 965 1543 1021 recenseat;
1575 959 1686 1026 epi-

214 1057 352 1110 scopus
377 1042 497 1094 enim
530 1041 612 1094 ille
644 1041 901 1098 Sobensis
942 1045 1078 1100 alios
1118 1047 1170 1100 in
1211 1047 1398 1102 eodem
1434 1048 1685 1119 Catalogo

209 1136 425 1204 scriptores
451 1145 739 1201 enumerat,
772 1138 863 1206 qui
897 1153 994 1194 nec
1031 1137 1182 1210 Syri,
1213 1155 1311 1194 nec
1338 1142 1542 1196 Arabes
1568 1143 1685 1198 fue-

208 1239 310 1288 runt,
337 1227 412 1281 sed
441 1226 619 1290 Graeci,
657 1231 737 1282 vel
768 1229 966 1295 Latini,
994 1241 1054 1286 ut
1083 1233 1139 1286 S.
1171 1232 1455 1299 Damasus,
1487 1236 1686 1305 aliique

203 1320 266 1388 qui
290 1321 331 1372 in
365 1320 525 1373 eodem
575 1318 830 1392 Catalogo
882 1323 1166 1378 habentur.
1211 1325 1442 1380 Exstant
1489 1328 1543 1381 in
1589 1327 1685 1382 Bi-

202 1411 387 1465 bliotheca
410 1411 748 1466 Clementino-
763 1413 1017 1468 Vaticana
1049 1415 1269 1486 Josephi
1319 1417 1548 1474 Simonii
1589 1419 1685 1473 As-

198 1504 375 1556 scmanni
395 1504 596 1572 quidam
631 1505 834 1576 Syriaci
859 1514 913 1562 et
935 1507 1149 1562 Arabici
1173 1507 1384 1565 codices
1408 1510 1461 1563 in
1486 1512 1683 1580 quibus

197 1594 276 1648 hec
298 1593 342 1648 S.
372 1593 646 1665 Hippolyto
675 1597 1015 1666 tribuuntur;
1066 1599 1302 1655 Canones
1333 1603 1549 1655 Arabici
1577 1604 1681 1657 duo

195 1685 239 1738 de
256 1686 552 1754 quadraginta
586 1688 724 1757 (.58),
759 1690 1212 1758 quemadmodum
1250 1692 1432 1747 Grzece
1464 1709 1681 1764 quoque

189 1787 313 1830 exstat
337 1778 551 1846 ejusdem
582 1779 644 1834 S.
678 1779 944 1853 Hippolyti
980 1784 1200 1838 homilia
1234 1783 1307 1838 De
1337 1785 1680 1854 Amic/crista,
1713 1779 1755 1833 Β

187 1871 428 1922 demendo
460 1870 661 1926 Christi
712 1873 966 1939 adventu,
1013 1885 1062 1929 et
1094 1877 1157 1929 de
1186 1877 1289 1946 [ine
1338 1879 1518 1932 mutuli
1547 1880 1679 1948 (49).

184 1958 349 2014 Erstant
393 1962 619 2032 denique
679 1963 898 2036 Syriaco
947 1966 1242 2037 fragmenta
1311 1971 1556 2041 quantam
1609 1972 1682 2026 De

182 2064 346 2121 quatuor
366 2057 700 2122 animalibus,
738 2060 791 2112 in
833 2058 1136 2124 Jeremiam,
1174 2063 1226 2114 in
1257 2061 1478 2117 Cantica
1515 2066 1682 2118 canti-

180 2161 323 2210 corum,
347 2158 390 2200 et
418 2148 478 2202 de
513 2151 743 2221 quinque
784 2151 891 2205 illis
931 2169 1045 2222 qua:
1077 2152 1357 2208 Mattitceus
1397 2157 1451 2210 in
1483 2155 1680 2211 Christi

177 2237 407 2307 genealogia
449 2244 794 2310 praetermisit
825 2244 954 2314 (50).
1004 2245 1108 2300 Sed
1156 2262 1219 2300 ex
1274 2247 1360 2302 his
1413 2249 1486 2302 nil
1533 2250 1679 2305 aliud

176 2329 302 2400 colligi
341 2347 488 2400 posse
569 2350 897 2402 censemus,
949 2354 1110 2406 quam
1160 2339 1272 2394 haec
1337 2341 1680 2412 aliorumque

175 2422 417 2478 Graecorum
450 2426 531 2480 vel
563 2426 882 2482 Latinorum
912 2429 1132 2484 Patrum
1161 2448 1344 2502 opera,
1377 2433 1444 2487 de
1475 2435 1677 2504 quibus

172 2531 407 2572 sermonem
441 2520 607 2575 habet
634 2520 930 2590 Abedjesu,
958 2539 1023 2577 ex
1060 2523 1244 2579 Graeco
1271 2527 1353 2580 vel
1387 2525 1582 2581 Latino
1621 2528 1676 2583 in

173 2604 390 2677 Syriacum
421 2612 627 2666 idioma
662 2629 818 2668 versa
870 2614 1037 2670 fuisse
1059 2657 1074 2682 ,
1128 2619 1580 2687 quemadmodum
1610 2621 1677 2677 de

168 2697 206 2752 S.
229 2700 450 2774 Gregorio
496 2706 844 2762 Nazianzeno
876 2719 930 2763 et
974 2710 1040 2764 de
1072 2709 1130 2764 S.
1181 2710 1380 2766 Basilio
1415 2713 1483 2766 Μ.
1529 2723 1676 2770 certo

166 2806 349 2849 asserere
395 2812 711 2864 possumus,
759 2814 991 2868 quorum
1042 2801 1240 2870 scripta
1276 2804 1533 2860 nonnulla
1577 2805 1677 2878 Sy-

162 2885 267 2940 risce
289 2899 490 2944 exstant
519 2892 576 2945 in
608 2891 932 2961 quibusdam
965 2893 1323 2952 bibliothecis.

211 2976 254 3032 Si
281 2997 394 3036 vero
423 3000 488 3038 ex
536 2999 708 3053 supra
750 2985 979 3041 laudatis
1031 2986 1246 3042 verbis:
1285 3007 1303 3038 ‹
1346 2987 1589 3060 Episcopi
1623 2999 1677 3046 et

158 3074 352 3142 martyris
395 3075 642 3130 Arabum
706 3078 1020 3146 metropolis
1080 3097 1098 3130 ι
1166 3079 1364 3150 aliquis
1411 3082 1674 3139 deducere

159 3163 466 3232 existimabit,
516 3168 578 3221 S.
648 3167 995 3240 Hippolytum
1036 3171 1089 3225 in
1142 3173 1374 3228 Arabica
1437 3175 1669 3243 quadam

156 3257 379 3326 metropoli
422 3260 722 3328 gloriosam
767 3263 1011 3334 martyrii
1054 3264 1283 3330 palmam
1320 3274 1670 3320 consecutum

154 3358 255 3410 esse,
283 3349 322 3403 is
355 3367 534 3406 meras
583 3368 759 3420 nugas
797 3363 998 3425 ageret.
1032 3354 1358 3412 Prudentius
1394 3359 1538 3414 enim
1587 3367 1670 3415 te-

151 3436 248 3503 stis,
289 3449 340 3494 ut
389 3444 554 3514 vulgo
598 3444 833 3510 dicitur,
892 3447 1038 3500 omni
1105 3449 1420 3518 exceptione
1454 3450 1665 3519 major,

155 3523 196 3580 S.
223 3527 547 3604 Hippolytum
608 3535 662 3590 in
693 3533 858 3590 Portu
891 3535 1156 3604 Romano,
1195 3539 1285 3594 ubi
1330 3539 1417 3593 ille
1448 3540 1671 3610 degebat

195 3709 286 3782 (Π)
324 3709 392 3763 De
423 3711 529 3767 hoc
576 3709 806 3766 Sobensi
835 3713 1092 3782 episcopo
1128 3712 1356 3782 plurima
1390 3715 1551 3770 habet
1577 3715 1668 3770 Jo-

144 3779 298 3845 sepbus
326 3782 610 3836 Simonius
639 3779 1002 3838 Assemannus
1026 3779 1365 3838 Bibliotheca
1410 3785 1665 3840 Oriental.

141 3845 441 3905 Clementino—
459 3852 739 3910 Vaticana.
787 3862 917 3907 tom.
954 3853 1036 3910 Ill.
1070 3867 1221 3910 parte
1253 3872 1289 3910 ι.
1338 3871 1457 3910 patr.
1512 3857 1570 3910 1.
1616 3866 1668 3910 et

275 3868 739 3917 mino—raucam,
787 3868 917 3907 tom.
954 3868 1036 3917 ιιι,
1070 3868 1221 3920 parte
1253 3872 1289 3920 ι,
1338 3871 1457 3920 pag.
1512 3868 1570 3918 1,
1616 3873 1644 3909 e

141 3871 739 3917 cantamina—raucam,
787 3871 917 3907 tom.
954 3871 1036 3917 ιιι,
1070 3871 1221 3922 parte
1253 3872 1289 3920 ι,
1338 3871 1457 3925 pag.
1512 3871 1570 3918 1,
1616 3871 1668 3910 et

141 3932 257 3994 seqq.
284 3923 405 3994 edit.
452 3922 647 3977 Roma:
678 3922 818 3994 anni
842 3924 1131 3994 1725,ηυί
1169 3926 1481 3994 hujusmodi
1523 3936 1668 3980 cata-

139 3987 276 4062 loguin
301 3993 483 4062 edidit,
512 4003 568 4048 et
601 3994 768 4046 multa
809 3993 859 4046 in
897 3987 1207 4062 praefaiiune
1232 3987 1455 4050 notavit.

189 4060 278 4130 (48)
315 4061 603 4131 Legendus
623 4060 990 4118 Assemannus
1012 4064 1261 4120 Biblioth.
1293 4066 1494 4120 Orient.
1529 4077 1662 4123 tom.

339 4125 442 4189 δῖε)
473 4134 608 4188 edit.
637 4132 824 4188 Romae
856 4133 1011 4201 1719,
1037 4144 1090 4190 et
1121 4137 1174 4189 in
1211 4139 1374 4191 citato
1408 4146 1540 4192 tom.
1576 4136 1663 4204 HI,

185 4216 224 4256 Ε.
259 4216 335 4256 Ιῧ.

132 4213 468 4348 Ὗῗλνῗλριιὰ
501 4277 790 4348 Asseman.
817 4281 950 4348 tom.
972 4274 1172 4348 eodem
1204 4273 1244 4338 Ι,
1274 4291 1394 4348 pag.
1425 4275 1549 4345 605,
1573 4293 1666 4333 co-

131 4337 226 4414 dice
238 4337 326 4414 Δ12,
353 4337 407 4397 et
438 4360 566 4414 pag.
602 4343 725 4414 597,
756 4343 941 4398 codice
970 4345 1059 4399 59.

182 4410 276 4484 (ᾇο)
315 4410 586 4484 (Ιίι.ἰοῐιι.
614 4412 654 4478 1,
689 4430 810 4484 pag.
849 4415 972 4479 607,
1004 4416 1123 4470 cod.
1158 4417 1210 4470 5.

132 4479 277 4620 sm(1.25:)
318 4483 520 4554 Hymn.
566 4486 660 4539 cit.
689 4479 708 4484 ’
740 4479 807 4540 άέ
859 4484 918 4540 S.
971 4484 1257 4558 Hippolyto
1301 4502 1443 4544 vers.
1495 4487 1564 4542 ‘58
1616 4497 1672 4544 et

179 4623 277 4694 (δὲ)
315 4622 495 4694 Yersu
528 4639 721 4694 nempe
752 4623 841 4680 47.

179 4693 276 4769 (55)
315 4693 478 4750 Tom.
519 4694 548 4769 l_
585 4693 818 4769 Operum
866 4694 923 4749 S.
951 4693 1266 4769 Hippolyti,
1331 4714 1452 4769 pag.
1495 4698 1592 4762 ‘20,
1639 4715 1672 4752 χ

125 4757 214 4838 Kal.
243 4762 423 4838 Sept;
458 4783 488 4838 ﬁt
532 4765 589 4838 in
631 4757 800 4838 Porta
841 4767 986 4820 urbis
1012 4757 1190 4821 Roma:
1220 4757 1497 4824 "unus
1544 4757 1674 4838 Hip-

125 4834 278 4902 polyti,
308 4837 403 4902 qui
437 4836 641 4890 dicitur
670 4833 898 4892 Nonnus
921 4878 934 4902 ,
971 4853 1092 4891 cum
1137 4839 1300 4892 sociis
1339 4841 1474 4893 suis.
1509 4859 1527 4890 ι

181 4904 280 4972 (54)
317 4904 612 4976 Legendus
644 4904 1020 4960 Tillemontius
1049 4907 1216 4961 citato
1246 4917 1376 4961 tom.
1412 4908 1474 4962 Ill
1495 4951 1510 4974 ,
1549 4918 1674 4963 nota

121 4971 163 5046 2,
192 4971 276 5028 sur
303 4971 451 5031 saiiit
484 4974 787 5046 Hippolyte,
822 4992 942 5046 pag.
979 4977 1071 5031 cit.
1103 4978 1224 5031 672.
1272 4971 1505 5033 Carolus
1535 4996 1565 5034 a
1613 4980 1670 5034 S.

120 5041 282 5116 Paulo,
310 5041 646 5116 Geograplria
662 5041 838 5110 sacra,
860 5041 918 5100 ἱιῖ
929 5047 1309 5102 Patriarchatu
1331 5050 1670 5115 Antiocheno,

119 5128 162 5182 p.
187 5114 284 5168 295
308 5114 446 5172 editi
483 5114 869 5172 Amstelodami
906 5118 1033 5171 anni
1063 5117 1234 5180 1705,
1277 5121 1478 5174 nullam
1511 5121 1672 5174 aliam

117 5186 305 5260 Arabia
355 5189 707 5260 metropotim
733 5229 750 5253 ,
803 5199 998 5256 praeter
1046 5187 1294 5260 Bostram
1323 5229 1338 5254 ,
1384 5192 1670 5260 agnoscit,

122 5270 140 5304 ι
169 5257 314 5324 cujus
343 5259 639 5327 episcopus
668 5258 1062 5312 Constantinus
1105 5259 1396 5314 subscribit
1425 5257 1674 5316 'concilio

115 5322 548 5385 Cbalcedonensi.
594 5338 649 5383 et
691 5330 744 5382 in
775 5325 1364 5385 Constantinooolitano
1395 5347 1454 5385 ιι.
1488 5347 1668 5385 gener.

115 5345 548 5392 waiceuonenSI,
594 5345 649 5383 et
691 5345 744 5382 ιιι
775 5345 1364 5398 υοιιειθηιιιιορυιιιδιιο
1395 5347 1454 5396 ιι,
1488 5347 1668 5401 gener.

113 5409 172 5457 v,
208 5396 436 5469 Joannis
486 5397 867 5453 Bostrenorum
920 5409 1148 5468 metrop.
1187 5401 1354 5469 epise.
1410 5402 1672 5456 memoria

113 5475 218 5539 est.
236 5486 254 5516 ι
279 5467 335 5519 In
362 5466 579 5539 Notitiis
604 5470 842 5539 antiquis
863 5472 930 5524 ab
949 5466 1136 5524 eodem
1154 5466 1347 5524 Carolo
1367 5486 1398 5524 a
1425 5469 1481 5525 S.
1504 5470 1674 5528 Paulo

110 5537 272 5609 editis,
315 5541 488 5591 etiam
535 5537 1077 5609 Bostra'metropolis
1124 5541 1412 5609 provincia:
1461 5541 1674 5598 Arabia:

113 5605 445 5688 describitur:
491 5607 699 5680 Βόστρα
730 5605 1383 5688 μητρόπὸλις,*μθ-,50ζ
1398 5609 1590 5688 Bostra
1617 5613 1672 5667 in

116 5674 292 5749 A-abia
324 5679 494 5731 etiam
543 5674 994 5736 commemoratur
1021 5695 1052 5734 ιι
1092 5674 1317 5736 Claudio
1348 5680 1670 5749 Ptolcmmo,

116 5743 394 5819 Geograph.
435 5750 652 5806 uuirers.
683 5749 776 5807 lib.
811 5766 862 5818 v,
897 5766 946 5808 c.
983 5751 1070 5819 17,
1104 5766 1222 5822 pag.
1271 5750 1373 5807 104
1406 5753 1534 5808 edit.
1566 5743 1672 5808 Ba;

1795 491 1980 545 scribit
2009 490 2120 558 (51)
2143 508 2155 543 :

1932 601 2154 656 Sistitnr
2183 603 2367 654 insano
2399 601 2586 652 rectori
2608 598 2946 653 Christicolas
2979 609 3101 654 tunc

2006 671 2155 725 Ostia
2194 673 2403 725 vexanti
2429 688 2518 737 per
2552 669 2794 722 Tiberina
2820 672 2976 724 viros.

1931 739 2036 794 Illo
2069 759 2285 811 namque
2315 744 2398 793 die
2428 741 2592 793 Roma
2624 750 2919 801 secesserat,
2954 742 3091 806 ipsos

1999 811 2153 866 Peste
2179 812 2502 866 suburbanos
2538 822 2590 863 ut
2625 822 2857 879 quateret
2887 811 3128 882 populus.

1790 924 1854 979 Et
1884 935 2007 996 post
2034 941 2202 994 pauca
2229 925 2338 993 (59.)
2361 943 2374 980 :

1932 1016 2231 1069 Protulerat
2257 1018 2449 1069 rabiem
2483 1015 2731 1085 Tyrrheni
2761 1014 2830 1067 ad
2857 1013 3049 1067 littoris
3084 1029 3226 1085 oras,

1994 1086 2219 1156 Quteque
2245 1087 2355 1140 loca
2381 1083 2645 1152 wtht‘eus
2668 1087 2905 1154 proxima
2935 1095 3113 1152 portus
3143 1083 3314 1138 habet.

1785 1177 1892 1232 Nec
1923 1177 2218 1234 Prudentia
2265 1181 2584 1234 adversatur
2627 1181 3052 1234 vetustissimum
3100 1179 3354 1234 calenda-

1787 1271 1959 1336 rium,
1993 1286 2101 1340 quo
2132 1287 2228 1325 usa
2273 1283 2356 1326 est
2402 1273 2502 1325 sub
2550 1271 2761 1324 Liberio
2804 1270 3046 1326 Humana
3077 1271 3349 1338 Ecclesia,

1785 1361 1914 1415 dum
1947 1360 2002 1414 S.
2051 1359 2317 1434 Hippolyti
2348 1362 2542 1416 festum
2590 1362 2771 1416 Idibus
2809 1362 3034 1432 Augusti
3065 1364 3352 1430 consignat

1783 1453 1870 1508 his
1903 1453 2120 1509 verbis:
2153 1472 2171 1504 ι
2206 1453 2474 1525 Hippolyti
2507 1456 2559 1508 in
2601 1453 2904 1521 Tiburtina,
2935 1465 2987 1508 et
3015 1455 3259 1509 Pontiani
3293 1455 3347 1509 in

1782 1545 1978 1600 Calixti
2010 1561 2025 1600 :
2055 1566 2074 1598 ι
2110 1547 2269 1602 verba
2300 1548 2442 1601 enim
2472 1548 2558 1601 illa
2587 1549 2641 1600 in
2692 1547 2967 1600 Tiburtina
2991 1557 3044 1600 et
3071 1550 3122 1600 in
3149 1547 3351 1602 Calixti

1781 1637 2090 1692 carmetcria
2131 1637 2416 1708 designant
2444 1637 2496 1690 in
2531 1638 2724 1706 quibus
2759 1637 2856 1691 SS.
2893 1647 3186 1708 martyrum
3229 1655 3350 1692 cor-

1785 1742 1915 1795 pora
1953 1728 2334 1797 quiescebant,
2365 1738 2418 1781 et
2449 1727 2713 1798 Hippolyti
2749 1730 3117 1784 cmmeterium
3166 1730 3216 1782 in
3266 1729 3350 1783 ria

1787 1818 2068 1874 Tiburtina
2117 1820 2280 1874 situm
2326 1818 2492 1874 fuisse
2522 1820 2768 1888 superius
2811 1821 3166 1874 ostendimus.
3203 1818 3347 1872 Con-

1785 1912 1948 1966 scntit
1995 1911 2167 1966 eidem
2218 1911 2512 1966 Prudentio
2554 1913 2980 1967 vetustissimum
3033 1911 3350 1982 Martyrolo-

1784 2001 1932 2071 gium
1979 2017 2011 2055 a
2050 2001 2314 2056 Dacherio
2349 2002 2553 2056 editum
2601 2005 2686 2058 bis
2736 2003 2952 2057 verbis:
3010 2022 3027 2054 ι
3067 2002 3120 2055 ln
3151 2002 3348 2058 Tuscia

1784 2091 1842 2146 S.
1876 2091 2143 2164 Hippolyti
2189 2095 2428 2164 episcopi
2462 2095 2527 2148 de
2559 2095 2816 2164 antiquis.
2862 2115 2879 2146 ι
2926 2094 3206 2149 Cousentit
3250 2096 3348 2149 dc-

1781 2183 1945 2253 nique
1977 2184 2415 2256 Martyrologium
2462 2185 2765 2240 Romanum
2809 2184 3250 2246 Ottobouianuni,
3296 2193 3350 2239 et

1778 2275 1924 2330 aliud
1971 2292 2002 2330 a
2041 2275 2289 2332 Fabricio
2316 2279 2426 2346 (55)
2461 2277 2734 2332 laudatum
2757 2319 2771 2344 ,
2801 2277 2943 2347 quod
2995 2277 3051 2330 S.
3099 2275 3348 2348 Hippoly-

1779 2375 1891 2421 tum
1938 2376 2184 2422 nostrum
2239 2369 2292 2422 in
2345 2369 2508 2424 Portu
2553 2368 2797 2425 Romano
2846 2385 2944 2438 pro
2999 2367 3200 2423 Christi
3243 2369 3349 2423 tlde

1777 2458 2096 2514 occubuisse
2125 2469 2370 2514 testatur.

1850 2551 2076 2606 Demum
2134 2553 2178 2606 si
2233 2568 2301 2608 ex
2345 2553 2594 2622 superius
2637 2553 2816 2608 citatis
2861 2553 3037 2608 verbis
3064 2553 3228 2607 libelli
3270 2552 3348 2608 De

1775 2643 1977 2698 duabus
2016 2645 2222 2697 naturis
2277 2643 2334 2698 S.
2367 2643 2581 2698 Gelasio
2621 2645 2862 2713 ascripti.
2898 2643 2954 2698 S.
2991 2643 3335 2714 Hippolytum

1774 2734 1988 2788 Arabia:
2021 2734 2493 2802 metropolitanum
2535 2732 2703 2788 fuisse
2750 2734 2944 2804 aliquis
2989 2735 3206 2788 credere
3252 2751 3347 2789 vo-

1775 2823 1956 2889 luerit,
1983 2833 2222 2893 oportet,
2275 2832 2334 2875 ut
2382 2823 2538 2877 nobis
2584 2823 2670 2877 ille
2712 2822 3063 2891 demonstret,
3095 2839 3344 2894 quaenam

1775 2915 1937 2969 fuerit
1975 2916 2090 2971 ιιωο
2126 2915 2340 2970 Arabiae
2369 2915 2684 2984 metropolis
2719 2915 2806 2968 cui
2837 2930 3066 2984 praeesse
3108 2917 3346 2984 potuerit

1774 3004 2112 3077 Hippolytus.
2162 3007 2240 3060 Ex
2286 3006 2557 3060 veteribus
2613 3005 2796 3069 enim,
2845 3021 2967 3074 qua:
3011 3015 3344 3073 supersunt,

1699 3133 1740 3190 C
1776 3098 2162 3163 monumentis,
2193 3097 2393 3150 nullam
2422 3097 2474 3150 in
2509 3097 2706 3150 Arabia
2738 3095 3002 3166 Hippolyti
3032 3112 3147 3150 aevo
3177 3097 3350 3152 eccle-

1774 3189 2045 3245 siasticam
2087 3188 2452 3258 metropoliin,
2477 3197 2670 3257 praeter
2701 3186 2970 3250 Bostram,
3004 3196 3219 3242 exstare
3251 3201 3349 3257 po-

1775 3282 1940 3336 tuisse
1986 3291 2320 3351 compcrtum
2371 3288 2454 3335 est
2503 3279 2636 3350 (54).
2691 3277 2846 3332 Petra
2895 3279 3161 3348 siquidem
3214 3278 3346 3335 urbs

1769 3371 2134 3428 Nabateorum
2166 3372 2404 3426 Arabum
2436 3371 2612 3425 civilis
2636 3371 2970 3440 metropolis,
2996 3387 3116 3440 qua:
3135 3370 3346 3425 Arabia

1769 3462 1986 3517 Petram
2041 3477 2236 3516 nomen
2292 3461 2478 3527 dedit,
2529 3461 2594 3528 tiu
2675 3461 3010 3528 metropolim
3085 3459 3342 3515 ecclesia-

1771 3555 1956 3611 Sticam
1981 3564 2157 3609 erecta
2189 3563 2269 3608 cst
2299 3564 2418 3623 post
2439 3553 2724 3608 concilium
2744 3553 3177 3609 Chalcedonense
3208 3553 3342 3624 (55),

1770 3716 1918 3772 silete
1969 3713 2127 3784 1540,
2175 3713 2753 3784 aliisqueigeographis
2796 3715 3034 3783 antiquis
3069 3725 3121 3769 et
3162 3730 3347 3769 recen-

1771 3787 2024 3840 tioribus.
2058 3783 2116 3837 P.
2159 3784 2386 3836 Michael
2417 3783 2652 3852 chuicn
2685 3784 2736 3837 in
2771 3785 2982 3839 Oriente
3019 3786 3342 3844 Christiano,

1773 3868 1901 3911 tom.
1936 3853 1998 3917 ll,
2036 3869 2154 3924 pag.
2209 3854 2333 3914 854,
2369 3855 2499 3907 edit.
2559 3852 2733 3908 Paris.
2775 3873 2864 3924 a_n.
2914 3855 3070 3919 17-“),
3107 3856 3195 3908 ubi
3237 3857 3349 3923 agit

1769 3929 1835 3981 de
1884 3919 2159 3995 provincia
2207 3925 2452 3985 Arabiae,
2503 3925 2667 3978 multa
2719 3919 3106 3992 de'metropoli
3147 3919 3345 3995 _Bost'ra

1769 3993 1979 4050 erudite
2013 3995 2190 4054 habet,
2231 4009 2392 4063 quam
2444 3995 2496 4045 in
2535 3995 2742 4048 notitiis
2772 3995 3029 4047 Hieroclis
3061 4004 3112 4047 et
3146 3993 3345 4048 Leonis

1768 4067 1901 4136 imp.
1946 4065 2236 4136 provincia:
2282 4064 2491 4118 Arabia:
2533 4065 2869 4136 metropolini
2913 4065 3016 4136 dici
3059 4065 3344 4128 observat;

1769 4133 1958 4206 hujus,
1992 4134 2247 4206 Ecclesiae.
2296 4136 2580 4206 episcopos
2636 4135 2747 4206 ipse
2776 4203 2784 4206 _
2809 4133 3044 4206 Lequicn
3081 4141 3349 4206 recenset,

1771 4201 1961 4276 neiupe
1993 4205 2296 4268 Timonem,
2329 4201 2617 4273 Bcryllum,
2652 4201 2940 4256 Maximum
2975 4201 3036 4254 N.
3058 4245 3075 4268 ,
3123 4203 3214 4276 qui
3249 4202 3348 4257 Pe-

1771 4273 1913 4332 truui
1959 4276 2310 4346 Capitoliadis
2361 4290 2672 4346 episcopum
2715 4283 2773 4346 ct
2801 4283 3089 4346 martyrem
3129 4273 3346 4346 iu_pre-

1771 4341 2406 4418 sbyteruin'iordinavit,
2451 4342 2872 4418 _l\'icomachiim,
2909 4341 3122 4418 Titum,
3172 4341 3347 4418 Baga-

1772 4413 1921 4472 dium
1945 4459 1960 4483 ,
1991 4417 2267 4486 Eulysium
2291 4455 2308 4478 ,
2339 4415 2698 4486 Antiochum,
2731 4413 3167 4486 Constantinum.
3195 4413 3350 4486 Anti-

1699 4473 1744 4528 Ῐ)
1776 4473 1986 4558 patrum
2007 4528 2022 4552 ,
2060 4473 2336 4558 Jiilianuin
2357 4526 2370 4548 ,
2407 4473 2703 4558 Joannem,
2737 4485 3088 4558 Simeonem,
3114 4483 3346 4558 Stepha-

1775 4555 1927 4622 num,
1965 4569 2018 4611 et
2041 4555 2639 4627 deniqueﬁrcgoriuni,
2673 4558 2764 4624 qui
2797 4573 2938 4609 anno
2969 4557 3124 4620 1671,
3155 4555 3241 4627 die
3271 4567 3348 4627 Axx

1772 4627 2021 4682 Octobris
2059 4623 2120 4679 ct
2164 4623 2232 4678 xv
2282 4623 2632 4694 Novembris.
2673 4623 2872 4694 duplici
2908 4627 3131 4680 Macarii
3161 4623 3346 4694 Antio-

1774 4699 1932 4752 cbeui
1984 4696 2414 4766 patriarclnede
2461 4693 2797 4750 Eucharistia
2851 4698 3163 4766 testimonio
3219 4693 3349 4747 sub-

1775 4768 2012 4836 Scripsit.
2060 4767 2218 4820 Anno
2263 4765 2400 4818 i672
2438 4765 2489 4817 in
2541 4767 2770 4820 concilio
2817 4765 3300 4836 Hierosolymitano
3328 4801 3345 4825 ,

1775 4834 1918 4906 quod
1967 4836 2312 4890 Calvinianos
2345 4837 2512 4906 iligna
2563 4845 2710 4906 nota”
2737 4846 2789 4891 et
2838 4834 3076 4890 censura
3107 4834 3346 4897 inussit,

1775 4903 1913 4962 sedit
1941 4919 1992 4961 et
2021 4908 2314 4961 subscribit
2343 4903 2621 4958 Philemon
2673 4905 3132 4961 Iliei-omonaclius
3173 4911 3225 4955 et
3259 4917 3349 4954 ar-

1772 4979 2169 5041 chimandrita,
2215 4987 2267 5031 et
2302 4977 2713 5030 administrator
2759 4977 3113 5031 sanctissimae
3145 4983 3345 5025 metro-

1773 5049 1911 5117 polis
1935 5047 2269 5102 Bostrorum.
2293 5115 2306 5117 _
2328 5045 2457 5117 Yide
2511 5047 2759 5102 eumdem
2791 5046 3032 5116 Lequien
3082 5059 3206 5114 pag.
3248 5041 3345 5096 cit.

1779 5114 1950 5188 usque
1991 5120 2055 5188 ad
2091 5134 2213 5188 pag.
2247 5114 2369 5188 $60.

1848 5183 1962 5260 ('55)
2003 5183 2424 5260 De'ur'bcgl’etra
2462 5187 2627 5260 multa
2659 5187 2832 5260 docte
2869 5183 3217 5260 habuitjdem
3246 5184 3349 5240 Le-

1773 5255 1950 5331 quien'
1966 5269 2096 5314 tom.
2127 5258 2201 5331 Hi
2231 5257 2431 5331 Orient.
2470 5257 2756 5331 Christian.
2779 5295 2802 5331 ,_
2833 5272 2953 5331 pag.
2981 5255 3084 5308 665
3111 5266 3342 5331 etseqq.

1776 5327 1931 5386 citat.
1956 5331 2124 5397 edit.;
2155 5329 2243 5381 lilii
2285 5343 2353 5380 an
2404 5329 2511 5381 duo
2548 5329 2745 5381 fuerint
2791 5327 2951 5397 hujus
2991 5327 3224 5382 nominis
3253 5345 3346 5382 ιιι·-

1773 5401 1903 5466 bes,
1953 5416 2060 5454 una
2100 5396 2306 5455 Scilicet
2344 5399 2396 5452 in
2433 5397 2714 5451 Palaistina
2739 5437 2752 5459 ,
2790 5397 2842 5448 in
2900 5396 3094 5448 Arabia
3139 5399 3345 5463 altera,

1769 5471 2066 5534 examinat,
2087 5481 2138 5525 et
2163 5471 2228 5523 de
2255 5469 2385 5521 Atio
2412 5485 2506 5521 seu
2535 5468 2786 5531 Macario,
2805 5475 2859 5520 et
2885 5466 3116 5530 Asterie,
3151 5469 3343 5524 barum

1774 5541 1986 5594 urbium
2003 5539 2288 5610 episcopis,
2307 5539 2474 5591 multa
2489 5539 2723 5610 disserit,
2739 5548 2789 5591 et
2805 5536 3094 5610 concludit,
3113 5536 3345 5610 Petram,

1774 5627 1894 5680 qua:
1939 5607 2230 5680 episcOpali
2273 5609 2476 5680 honore
2525 5609 2777 5680 decorata
2821 5620 2970 5673 erat,
3032 5607 3085 5662 in
3145 5609 3345 5680 Arabia

1775 5677 1988 5735 tantum
2027 5677 2214 5739 fuisse.
2251 5688 2305 5733 et
2332 5677 2620 5748 episcopos
2662 5679 2905 5733 alterutri
2947 5680 3209 5748 ascriptos
3247 5677 3348 5748 Pe-

1774 5760 1870 5809 tra:
1913 5751 2121 5808 Arabiae
2177 5765 2295 5806 esse
2331 5747 2740 5822 adjudicandos,
2782 5752 2944 5815 Ario,
2974 5747 3348 5809 sive’biacario
