3796 6194
487 312 586 368 ε’)ἳὸ

1248 313 1333 366 DE
1367 311 1754 367 PORTUENSI
1795 313 1852 367 S.
1896 308 2260 364 lllPPOLY'l'I
2303 309 2495 366 SEDE.
2536 341 2605 352 ——-
2641 311 2823 367 PARS
2860 314 2924 369 ll.

3540 329 3617 384 524

487 433 726 508 Πὸρτου,
783 434 948 503 ἤγουν
1002 434 1090 486 τοῦ
1146 434 1362 504 λιμένος
1410 435 1624 507 Ῥώμης
1665 454 1726 489 :t
1762 436 2048 506 episcopus

2163 431 2295 486 idem
2325 431 2518 504 Scylax
2548 435 2598 487 in
2637 433 2845 505 Periplo
2872 434 3003 506 (17).
3033 433 3209 494 Certas
3242 441 3470 509 quasdam
3491 443 3620 514 leges,

485 526 700 592 Portus,
729 527 971 583 videlicet
1015 538 1204 598 portus
1233 527 1438 598 Romae,
1481 549 1499 581 ι
1537 529 1595 584 S.
1624 530 1940 602 Hippolytus
1968 531 2050 585 di-

485 619 646 672 citur.
682 618 813 672 Acta
858 621 1090 688 genuina
1143 621 1199 673 S.
1239 619 1430 690 lgnatii
1473 621 1695 676 Portum
1747 623 2049 686 nominant,

485 711 614 766 dum
656 708 904 766 eumdem
945 710 1002 765 S.
1051 711 1314 781 lgnatium
1354 714 1550 769 docent
1591 715 1892 783 profectum
1932 728 2053 769 esse

484 802 594 857 ἀπὸ
623 801 717 856 τοῦ
747 803 1078 874 καλουμένου
1107 804 1314 876 Πόρτου
1346 806 1478 875 (11),
1514 814 1574 860 ιιι
1595 805 1821 861 Romam
1857 806 2049 872 adiret,

487 891 578 946 tibi
609 893 830 964 gloriosi
868 894 1181 949 certaminis
1226 895 1462 966 palmam
1513 897 1774 967 consequi
1800 897 2047 952 debebat.

485 983 582 1039 f—lis
605 984 858 1039 omnibus
886 984 942 1038 in
985 984 1087 1039 hac
1133 999 1194 1040 re
1241 986 1648 1056 anteponendos
1695 996 1779 1042 est
1808 985 1927 1052 Dio,
1956 987 2051 1056 qui

484 1077 892 1132 accuratissime
919 1086 1135 1148 portum
1167 1077 1469 1133 Romanum
1503 1095 1533 1134 a
1576 1079 1805 1135 Claudio
1834 1088 2050 1134 exstru-

483 1178 632 1224 ctum
659 1168 993 1237 describens,
1028 1184 1187 1239 quem
1230 1169 1346 1240 ipse
1386 1170 1573 1226 Graeca
1605 1187 1737 1227 voce
1763 1171 1926 1244 λιμήν
1955 1187 2052 1242 ap-

484 1260 669 1331 pellat,
696 1260 896 1316 diserte
921 1260 1128 1327 scribit,
1164 1262 1305 1330 quod
1337 1277 1366 1315 a
1388 1261 1597 1317 Latinis
1623 1262 1820 1317 Portus
1851 1263 2054 1319 Ostien-

483 1354 580 1418 sis,
615 1368 680 1409 ex
711 1353 944 1430 eo’quod
996 1353 1061 1409 ad
1106 1355 1246 1410 ostia
1278 1353 1491 1408 Tiberis
1537 1352 1638 1410 fuit
1684 1365 2050 1422 constructus,

486 1446 801 1501 nominatur
829 1445 962 1517 (12).

557 1536 899 1609 Quapropter
929 1539 1033 1594 hoc
1056 1537 1247 1593 eodem
1274 1536 1501 1592 rationis
1529 1545 1802 1592 momento
1824 1537 2052 1594 Carolus

485 1629 555 1682 du
581 1629 804 1696 Fresne,
831 1629 883 1683 in
909 1628 1224 1700 praefatione
1246 1629 1312 1685 ad
1336 1627 1628 1684 Chronicon
1648 1628 1893 1698 paschale
1917 1629 2051 1701 (l5),

487 1721 544 1777 S.
572 1720 916 1792 Hippolytum
960 1721 1312 1777 Portuensem
1345 1721 1658 1791 episcopum
1689 1730 1895 1786 censet,
1926 1737 2050 1776 cum

486 1828 515 1866 a
547 1787 820 1866 nonnullis
867 1810 1106 1881 antiquis
1141 1787 1497 1881 scriptoribus
1534 1787 1802 1880 episcopus
1839 1810 2051 1876 Portus,
2086 1787 2130 1842 Β

482 1903 634 1959 nullo
674 1903 928 1973 adjuncto
966 1903 1251 1967 vocabulo,
1307 1903 1623 1973 appelletur.
1677 1901 1796 1969 Quo
1836 1904 2056 1958 nomine

480 1995 633 2049 nulla
677 1994 780 2048 alia
819 1993 1010 2048 civitas
1065 2003 1212 2048 recte
1261 1994 1533 2065 designari
1591 2003 1806 2064 potest,
1865 2003 2058 2064 praeter

478 2086 707 2139 Portum
739 2083 1068 2148 Romanum,
1096 2094 1154 2137 ut
1182 2093 1328 2153 patet
1362 2099 1428 2138 ex
1454 2099 1617 2153 supra
1645 2083 1876 2138 laudatis
1905 2085 2058 2139 testi-

488 2174 720 2238 tnoniis,
753 2183 808 2228 et
841 2188 908 2228 ex
955 2173 1151 2243 insigni
1206 2174 1556 2244 inscriptione
1609 2189 1772 2243 quam
1821 2172 2056 2229 Jacobus

479 2262 726 2332 ‘Sponius
754 2261 926 2331 Aquis
955 2259 1153 2316 Sextiis
1187 2262 1240 2315 in
1289 2262 1496 2316 aedibus
1524 2261 1816 2318 Peiresckii
1850 2264 2055 2345 degeri-

487 2353 594 2423 psit
623 2361 785 2423 atque
814 2352 1050 2423 vulgavit
1087 2352 1221 2424 (14).
1252 2351 1403 2407 Patet
1431 2353 1594 2424 igitur
1622 2352 1919 2424 Moynium,
1954 2355 2055 2410 hac

487 2459 679 2499 vocum
712 2445 1058 2515 homonymia
1091 2443 1401 2514 deceptum,
1429 2445 1582 2499 irrito
1606 2461 1831 2516 prorsus
1858 2455 2055 2500 conatu

490 2536 548 2590 S.
601 2535 948 2608 Hippolytum
1002 2535 1310 2591 Homaeritis
1343 2535 1482 2592 falso
1517 2536 1882 2608 adjudicassc.
1927 2537 2055 2590 Em-

486 2630 625 2700 porii
647 2630 789 2684 enim
824 2629 988 2685 dictio
1017 2630 1150 2701 (15),
1183 2639 1242 2684 ut
1271 2645 1459 2685 omnes
1491 2637 1712 2696 norunt,
1739 2629 1874 2684 nihil
1909 2629 2056 2684 aliud

485 2724 707 2778 denotat
733 2739 894 2795 quam
916 2723 1092 2779 locum
1135 2723 1186 2777 in
1216 2739 1325 2794 quo
1351 2723 1678 2779 conveniunt
1705 2731 2053 2787 mercatores,

487 2817 579 2870 ubi
609 2826 824 2873 statutae
869 2819 1130 2873 mercium
1181 2818 1442 2872 stationes
1473 2817 1759 2884 habentur,
1791 2832 1927 2887 quas
1956 2831 2057 2871 nos

490 2907 607 2962 Itali
662 2908 838 2961 scalas
887 2908 1151 2973 dicimus;
1183 2907 1390 2961 Plinius
1422 2921 1549 2962 vero
1585 2906 1760 2976 forum
1791 2905 2056 2959 nundina-

491 3003 628 3053 rium
658 3008 834 3063 vocat,
872 3006 926 3053 et
953 2997 1147 3070 Scylax
1176 2997 1586 3054 Chariandenus
1617 2996 1729 3068 (16)
1751 3039 1766 3064 ,
1807 2999 1860 3052 in
1905 2997 2059 3050 Peri-

488 3092 596 3161 plo,
647 3092 934 3159 emporium
981 3107 1014 3142 a
1061 3101 1216 3158 portu
1274 3089 1440 3158 probe
1488 3089 1802 3160 distinguit,
1839 3088 1967 3144 dum
2000 3089 2055 3142 in

489 3184 678 3239 Cilicia
733 3196 1002 3238 memorat
1042 3182 1302 3253 ἐμπόριον
1353 3180 1579 3251 ’Λλάνη,
1613 3181 1708 3234 καὶ
1735 3181 1920 3254 λιμήν,
1949 3198 2057 3235 em-

490 3277 697 3345 porium
730 3275 918 3342 Alane,
965 3290 1082 3335 seu.
1124 3283 1182 3328 ut
1217 3271 1484 3328 Salmasio
1519 3273 1740 3342 placuit,
1789 3273 1974 3327 Adone
2009 3284 2059 3328 et

489 3379 691 3439 portus.
724 3367 1040 3437 Emporium
1077 3369 1238 3422 etiam
1277 3365 1566 3437 Hispanica
1606 3366 1737 3422 urbs
1783 3365 1885 3420 fuit
1917 3367 2056 3423 ultra

493 3460 773 3515 columnas
798 3457 1089 3514 Herculeas
1133 3459 1187 3514 in
1231 3458 1506 3514 lberorum
1537 3461 1754 3530 regione
1787 3460 1911 3526 sita,
1940 3471 1992 3516 et
2026 3477 2058 3516 a

484 3554 696 3609 Graecis
749 3551 999 3608 Massiliae
1048 3551 1256 3607 colonis
1306 3550 1546 3613 condita,
1603 3550 1760 3621 cujus
1811 3551 2060 3608 meminit

487 3736 800 3793 sertatione.
818 3731 1145 3794 referuntur,
1168 3729 1352 3792 verba,
1379 3730 1492 3800 hac
1516 3729 1677 3798 paulo
1713 3739 1832 3800 post
1862 3731 2009 3786 addit
2041 3751 2055 3788 :

499 3826 518 3859 ο
569 3806 720 3861 Ultra
767 3803 909 3858 istud
960 3816 1024 3856 os
1067 3801 1133 3855 ad
1187 3801 1359 3870 ripam
1400 3799 1654 3870 (Tiberis)
1699 3799 2058 3857 condiderunt

495 3877 685 3932 urbem
714 3876 841 3928 olim
872 3871 1123 3936 Romani,
1160 3887 1280 3940 quae
1309 3871 1581 3925 moenibus
1609 3872 1782 3924 cincta
1815 3880 1897 3926 cst
1925 3873 2058 3926 vali-

496 3945 769 4009 dissimis,
802 3945 1072 4011 ductoque
1117 3957 1147 3995 a
1190 3949 1353 4010 portu
1394 3941 1659 3996 vocabulo
1699 3940 1892 3995 Portus
1924 3942 2058 3998 dici-

495 4026 604 4072 tur.
644 4035 664 4066 ο

595 4085 684 4153 11)
711 4081 866 4153 Apud
913 4079 1088 4153 ipsum
1132 4079 1382 4153 Ruinart.
1411 4079 1520 4133 loc.
1543 4079 1661 4153 _cit.,
1693 4094 1746 4148 p.
1774 4079 1862 4144 18,
1895 4097 1950 4134 ιι.
1977 4081 2009 4136 5
2038 4097 2052 4133 :

501 4175 523 4210 ι
551 4149 706 4212 Unde
728 4149 890 4222 igitur
919 4149 1108 4222 Pprtu,
1141 4151 1404 4222 itadicto,
1437 4149 1660 4218 profecti
1691 4159 1874 4222 sunt.»

571 4223 682 4295 (12)
713 4219 915 4276 Hister.
938 4219 1192 4295 ﬁnitione
1217 4220 1310 4273 lib.
1351 4236 1418 4272 ιχ
1438 4258 1452 4280 ,
1466 4235 1627 4295 itum.
1651 4221 1970 4295 undecimo,
2002 4222 2058 4295 in

495 4287 741 4355 Claudio,
773 4302 903 4345 tom.
937 4289 982 4342 ll
1007 4289 1262 4359 Oper-um,
1297 4305 1435 4360 pag.
1461 4288 1564 4343 949
1601 4289 1728 4360 edit.
1761 4287 2057 4360 Hamburgi

495 4366 627 4420 anni
676 4362 850 4425 1752,
905 4361 1072 4429 ipsius
1119 4360 1279 4414 verba
1323 4359 1514 4413 Latine
1562 4359 1768 4412 reddita
1813 4359 2052 4429 damus:

503 4455 522 4487 ι
554 4432 817 4490 Claudius
856 4427 1089 4502 ittstittiit
1118 4440 1332 4499 portum
1360 4429 1434 4502 ibi
1469 4429 1633 4494 (circa
1656 4429 1800 4502 ostia
1825 4427 2056 4502 Tiberis)

491 4502 754 4558 fabricari
807 4541 820 4554 .
862 4537 877 4553 .
923 4539 936 4553 .
987 4498 1171 4553 effodit
1233 4499 1596 4570 continentem
1656 4498 1798 4552 haud
1860 4498 2056 4570 exiguo

498 4573 696 4643 spatio,
735 4571 1345 4643 ambitumqueomnem
1384 4569 1930 4643 crepidinelapidum
1958 4569 2058 4624 lir-

495 4640 690 4707 litavit,
738 4656 802 4695 ac
834 4640 887 4692 in
932 4655 1054 4692 eum
1105 4640 1280 4693 locum
1318 4654 1465 4693 mare
1501 4640 1736 4707 accepit;
1775 4640 1966 4694 deinde
1991 4655 2056 4694 ex

496 4723 731 4782 utraque
769 4709 930 4778 hujus
960 4708 1060 4762 loci
1107 4721 1516 4782 parteaggercs
1549 4709 1603 4762 in
1633 4710 1918 4782 ipsomari
1942 4726 2059 4764 ma-

494 4778 830 4854 gttos'jecit,
886 4781 1223 4854 multumque
1266 4778 1334 4854 iis
1385 4778 1550 4854 maris
1599 4780 1911 4854 complestis
1953 4789 2055 4844 est,

496 4848 634 4924 [inin
665 4848 738 4906 ibi
776 4851 1009 4924 insulam
1039 4848 1246 4924 effecit,
1280 4849 1530 4924 imposita
1561 4848 1868 4924 turriunde
1897 4861 2058 4904 noctu

502 4917 656 4992 ignes
685 4922 978 4977 emicantes
1011 4921 1225 4992 signum
1246 4920 1435 4992 nautis
1459 4920 1667 4992 darent.
1691 4917 1849 4990 Isque
1872 4929 2060 4988 portus

498 4987 572 5048 ab
593 5007 659 5048 eo
691 4997 1002 5047 exstructus
1030 4988 1282 5043 Ostiensis
1313 4987 1520 5042 Latinis
1543 4987 1811 5044 dicitur.)

575 5062 688 5134 (15)
719 5060 879 5117 Num.
913 5059 1078 5134 20__et
1109 5074 1285 5134 seqq.,
1319 5075 1441 5128 pag.
1483 5058 1548 5134 1έ
1593 5075 1706 5128 seq.
1732 5056 1870 5134 Vide
1897 5057 2056 5134 etiam

502 5125 610 5188 loc.
643 5125 759 5199 c'it.,
802 5147 926 5202 pag.
976 5129 1064 5202 15,
1101 5125 1488 5202 ιι1ιὶίξοιιέιξτῑίοι
1512 5125 1797 5182 Ροινιιιόιιεί
1837 5126 2063 5202 δηιιίρ-

543 5204 670 5275 olyti
714 5197 1050 5272 episcopatui
1105 5199 1238 5252 nihil
1284 5198 1498 5275 ofﬁcere
1537 5213 1733 5267 posse,
1771 5197 1922 5275 quod
1948 5200 2063 5267 ipse

589 5267 775 5326 manus
813 5267 1154 5339 nuncupatur
1177 5285 1194 5320 .:
1232 5288 1250 5320 ί
1281 5268 1534 5339 Legimus
1573 5277 1815 5339 nostrum
1863 5267 2065 5339 Hippo-

505 5345 676 5414 lytum
703 5338 1013 5398 Romanum,
1029 5341 1373 5414 solummodo
1401 5347 1773 5414 nuncupatum
1805 5338 1858 5391 in
1892 5338 2065 5414 gata-

508 5407 624 5483 ibgo
670 5415 1075 5483 impcratorum_
1095 5409 1801 5483 Consiantinopolituaor’um
1837 5407 1989 5483 edito
2032 5425 2061 5463 a

507 5477 832 5539 Léuuclavio
864 5484 1017 5558 lib._tt
1039 5480 1191 5558 luris
1217 5477 1674 5558 Graeco-Romani.
1697 5477 1852 5543 Quod
1877 5487 2064 5558 tamen

507 5565 707 5607 nostra:
743 5553 1020 5607 sentcntiae
1064 5553 1288 5608 minime
1318 5550 1646 5607 contrarium
1680 5561 1783 5613 est,
1833 5557 1891 5602 ut
1926 5549 2064 5604 alias

509 5623 935 5677 observavimus.
966 5642 985 5674 ι

583 5691 717 5763 (14)-
738 5693 1078 5763 Μιδεειιαιιεα
1119 5693 1339 5763 erudita:
1385 5691 1749 5763 antiquitatis,
1801 5700 1933 5747 sect.
1989 5706 2063 5763 tt,

509 5760 783 5829 num.'20,
805 5777 929 5833 pag.
969 5762 1072 5818 329
1110 5764 1240 5820 edit.
1273 5760 1523 5834 Lugduni
1557 5763 1712 5832 1685,
1740 5763 1830 5820 ubi
1862 5762 2064 5818 mentio

2154 534 2214 579 ut
2244 534 2428 578 monet
2457 523 2694 581 Jacobus
2720 526 3077 582 Gothofredus
3103 529 3229 600 (l8),
3265 531 3464 598 Romani
3490 535 3620 605 impe-

2154 623 2367 670 ratores
2416 619 2812 674 mercatoribus
2865 619 2980 674 suis
3032 621 3167 690 apud
3208 621 3443 679 barbaras
3483 637 3626 696 gentes

2151 709 2613 765 commorantibus
2641 711 3104 780 praescripserunt,
3127 728 3256 783 quas
3285 716 3524 784 praeterire
3546 719 3627 788 pia-

2152 801 2334 856 culum
2362 811 2497 856 erat.
2530 801 2667 857 Hinc
2695 803 2873 858 evenit
2915 812 2976 858 ut
3021 804 3153 870 loca,
3183 804 3267 858 ubi
3296 806 3433 875 juxta
3459 810 3626 864 easdem

2151 894 2296 963 leges
2349 893 2604 948 nundinae
2653 893 3010 961 habebantur,
3057 893 3296 964 Emporia
3342 896 3629 953 Romanorum

2149 994 2496 1040 vocarentur.
2530 983 2722 1040 Exstat
2754 985 2807 1039 in
2845 984 3034 1041 Codice
3074 986 3390 1044 Justinianeo
3415 991 3568 1045 titulus
3585 997 3632 1045 its

2149 1077 2476 1131 commerciis
2521 1089 2573 1131 et
2620 1078 2996 1132 mercatoribus
3053 1079 3162 1150 (l9)
3213 1099 3226 1135 :
3274 1081 3326 1134 in
3379 1097 3501 1151 quo,
3546 1082 3633 1153 lege

2149 1177 2365 1238 quarta,
2399 1180 2552 1223 extra
2583 1185 2644 1224 ea
2675 1170 2792 1224 loca
2825 1170 3080 1224 nundinis
3119 1171 3389 1236 destinata,
3421 1189 3521 1242 quae
3540 1189 3634 1242 pro—

2150 1261 2237 1314 cul
2262 1260 2428 1315 dubio
2455 1260 2705 1331 Emporia
2731 1263 3069 1330 dicebantur,
3093 1263 3158 1317 ab
3185 1260 3406 1317 Honorio
3431 1272 3477 1316 et
3500 1262 3636 1317 Theo-

2151 1349 2306 1404 dosio
2340 1350 2759 1420 imperatoribus
2791 1351 2994 1422 aliquid
3028 1351 3183 1406 vendi
3212 1352 3307 1406 hoc
3329 1361 3467 1421 pacto
3491 1353 3633 1421 prohi-

2151 1442 2309 1497 betur
2339 1458 2351 1494 :
2386 1451 2405 1494 ἁ
2439 1441 2765 1497 Mercatores
2798 1453 2906 1497 tam
2931 1441 3159 1512 imperio
3189 1451 3362 1496 nostro
3383 1456 3519 1504 quam
3537 1440 3635 1496 Per-

2153 1549 2338 1590 sarum
2368 1533 2482 1606 regi
2525 1533 2824 1605 subjectos,
2856 1535 2998 1589 ultra
3039 1549 3106 1589 ea
3148 1533 3259 1588 loca
3289 1533 3339 1586 in
3377 1533 3544 1603 quibus
3566 1532 3638 1587 le:-

2158 1625 2300 1681 deris
2333 1635 2573 1696 tempore
2615 1641 2740 1681 cum
2789 1636 3086 1682 memorata
3139 1627 3347 1680 natione
3383 1625 3516 1680 nobis
3539 1640 3639 1678 con-

2156 1719 2321 1785 venit,
2357 1719 2628 1773 nundinas
2659 1735 2912 1774 exercere
2935 1719 3163 1774 minime
3187 1725 3401 1788 oportet,
3433 1732 3492 1771 ne
3522 1716 3640 1771 alieni

2159 1809 2328 1880 regni,
2357 1809 2501 1878 quod
2541 1824 2650 1864 non
2685 1811 2956 1874 convenit,
2989 1819 3300 1866 scrutentur
3333 1824 3523 1864 arcana.
3548 1807 3646 1862 Nul-

2159 1900 2242 1955 lus
2293 1901 2454 1970 igitur
2499 1900 2728 1970 posthac
2772 1901 3001 1971 imperio
3042 1909 3236 1956 nostro
3272 1901 3516 1971 subjectus
3541 1900 3643 1954 ultra

2157 1991 2388 2059 Nisibin,
2418 1990 2738 2047 Callinicum
2769 2001 2822 2048 et
2852 1993 3169 2048 Artaxatam
3200 1993 3399 2048 emendi
3437 2007 3517 2046 seu
3551 2006 3646 2044 ven-

2157 2084 2318 2139 dendi
2353 2084 2560 2152 species
2610 2099 2774 2138 causa
2820 2084 3091 2153 proficisci
3146 2084 3364 2151 audeat,
3390 2098 3477 2138 nec
3500 2090 3647 2152 praeter

2157 2188 2488 2232 memoratas
2533 2176 2783 2231 clvitates
2829 2190 2951 2229 cum
2999 2173 3174 2231 Persa
3221 2190 3413 2230 merces
3438 2171 3649 2227 existimet

2155 2269 2588 2333 commutandas,
2634 2268 2841 2322 sciente
2891 2276 3161 2337 utroque,
3210 2267 3296 2338 qui
3331 2265 3586 2328 contrahit,
3611 2271 3650 2314 et

2157 2359 2384 2429 species,
2429 2374 2550 2428 quae
2596 2368 2792 2428 praeter
2836 2359 2949 2414 haec
2987 2359 3111 2414 loca
3152 2359 3344 2414 fuerint
3379 2356 3647 2415 venundatae,

2158 2452 2242 2507 vel
2285 2459 2644 2520 comparatae,
2693 2464 2852 2507 sacro
2896 2451 3094 2505 aerario
3139 2459 3319 2505 nostro
3342 2447 3647 2506 vindicandas,

2157 2553 2210 2598 et
2246 2551 2439 2613 praeter
2469 2558 2656 2597 earum
2690 2558 2870 2597 rerum
2899 2557 2961 2598 ac
2988 2542 3152 2612 pretii
3179 2540 3516 2600 amissionem,
3545 2535 3650 2606 quod

2157 2634 2318 2689 fuerit
2342 2643 2686 2688 numeratum
2711 2634 2794 2688 vel
2824 2642 3245 2697 commutatum,
3267 2631 3430 2686 exsilii
3455 2644 3504 2684 se
3524 2639 3652 2693 pinnat

2157 2727 2498 2796 sempiternae
2523 2725 2882 2780 subdendum.
2909 2743 2927 2777 ι
2951 2724 3008 2779 Si
3036 2726 3169 2794 quis
3201 2724 3336 2778 scire
3364 2721 3523 2790 cupiat
3544 2731 3654 2786 qua:-

2158 2831 2283 2871 nam
2323 2815 2377 2869 in
2412 2812 2630 2869 Oriente
2661 2814 2862 2869 fuerint
2897 2816 3145 2883 emporia
3175 2813 3406 2868 Romana
3435 2817 3482 2864 et
3504 2806 3652 2861 barba-

2156 2908 2290 2974 rica,
2313 2907 2454 2978 legat
2481 2906 2696 2961 Arriani
2723 2905 2992 2975 Periplum
3019 2907 3188 2959 maris
3206 2902 3379 2966 Rubri,
3401 2898 3652 2971 quod-nunc

2159 3000 2386 3056 habetur
2411 3009 2541 3054 tom.
2574 2999 2596 3053 Ι
2621 2998 3042 3068 Geographorum
3065 3000 3347 3061 minorum,
3379 3007 3501 3065 quos
3527 2988 3653 3045 edidit

2155 3091 2392 3168 Joannes
2436 3093 2726 3147 lludsonus
2773 3091 2996 3146 Oxoniae
3042 3105 3194 3146 anno
3235 3088 3386 3144 1698.
3428 3084 3546 3140 Urbs
3570 3082 3652 3142 illa,

2157 3200 2279 3256 quae
2304 3183 2619 3254 Emporium
2648 3182 2951 3238 Romanum
2981 3183 3034 3236 in
3057 3181 3462 3238 Homaeritarum
3488 3175 3657 3246 regione

2158 3278 2320 3332 situm
2365 3275 2669 3342 constituit,
2713 3275 2783 3328 ab
2823 3274 3061 3343 antiquis
3109 3283 3164 3328 et
3207 3269 3460 3328 accuratis
3485 3276 3658 3336 geogra-

2158 3368 2301 3438 pbis,
2332 3366 2624 3422 Ptolemaeo
2651 3374 2705 3420 et
2731 3365 2982 3428 Arriano,
3009 3365 3213 3418 Arabia
3237 3362 3523 3423 vocabatur,
3548 3349 3656 3424 qttod

2157 3462 2225 3516 ad
2260 3460 2558 3530 marginem
2607 3455 2884 3513 Ptolemaei
2913 3455 3242 3526 jampridem
3279 3450 3532 3508 adnotavit
3552 3443 3658 3499 anti-
3758 3455 3759 3464 η

2159 3567 2279 3622 quae
2302 3549 2640 3624 geographia
2661 3549 3022 3619 peritissimus
3046 3547 3227 3603 Lucas
3249 3542 3532 3602 Holstenius
3549 3535 3657 3609 (20):

2157 3742 2241 3788 est
2279 3730 2445 3786 Marci
2493 3729 2692 3784 Aurelii
2749 3727 2984 3784 Heronis
3029 3729 3215 3785 aeditui
3248 3726 3375 3784 aedis
3417 3715 3660 3790 Serapidi}.
3758 3756 3759 3759 η

2157 3784 2292 3872 ius
2311 3784 2418 3872 est:
2442 3802 2517 3872 in“
2546 3800 2747 3872 Portu":
2764 3801 2852 3872 iu.
2878 3784 3432 3872 AiYPllAlUXiiﬂIfQN
3456 3784 3662 3872 Νεοξςρ
3758 3823 3759 3828 ~

2156 3857 2286 3925 P02
2317 3871 2452 3923 ΤΟΥ
2483 3871 2575 3924 EN
2622 3871 2846 3923 norm
2895 3871 3290 3923 EEPAHIAOZ.
3327 3866 3420 3921 Ubi
3458 3877 3548 3915 vox
3576 3857 3660 3933 illa.

2157 3943 2212 3994 in
2239 3941 2427 4003 Portu,
2463 3941 2538 3994 nil
2571 3941 2715 3994 aliud
2763 3940 3028 4008 signiﬁcat
3061 3957 3227 4009 quam
3271 3938 3584 4009 Portuensem
3606 3941 3663 3979 ει·

2156 4013 2400 4067 vitalem.
2434 4009 2566 4065 Vide
2585 4012 2746 4065 etiam
2770 4007 2838 4062 du
2865 4007 3093 4075 Fresne,
3127 4027 3247 4080 pag.
3286 4008 3368 4067 M.
3395 4007 3486 4080 loc.
3508 4008 3583 4053 Cll.

2369 4063 2637 4153 Robertus
2656 4080 2970 4153 Stephanus
3005 4063 3084 4132 in,
3103 4063 3367 4153 Tlieusauro
3394 4075 3564 4153 lingua
3585 4063 3665 4153 litt:

2159 4146 2283 4208 tina?
2315 4146 2522 4216 scribit,
2557 4152 2704 4205 verb.
2743 4146 3051 4218 Emporium
3081 4165 3100 4202 :
3132 4170 3149 4202 ‹
3185 4151 3376 4207 Locus,
3403 4146 3453 4200 in
3482 4153 3573 4210 quo
3599 4147 3662 4187 res

2157 4223 2373 4278 venales
2395 4230 2757 4290 exponuntur,
2787 4221 2854 4273 ab
2874 4220 3158 4290 eui-topéw,
3190 4221 3380 4280 lucror,
3405 4220 3616 4290 negotior.
3643 4218 3658 4251 ι

2228 4293 2340 4360 (16)
2382 4283 2510 4345 Vide
2548 4292 2600 4344 in
2626 4283 2941 4360 Geographie
2972 4283 3260 4360 lludsonii,
3294 4298 3419 4341 tom.
3584 4347 3594 4358 ⁸

2229 4355 2337 4449 μγ)
2377 4360 2508 4443 Vide
2535 4355 3663 4449 etiam.RobertumHStephanuili-Alofrlgh

2165 4453 2183 4486 ι
2216 4419 2530 4502 Emporium
2564 4432 2928 4502 oppidumest
2963 4447 2991 4483 a
3019 4419 3445 4502 Massiiieusibus
3478 4419 3666 4502 aediﬁca:

2088 4495 2133 4554 Ι)
2162 4515 2274 4559 tum
2303 4491 2334 4558 a
2363 4491 2933 4572 Pyrenaeis-mouimus
2972 4503 3112 4555 stad.
3149 4499 3288 4553 1004
3327 4491 3667 4572 intervallm}!

2161 4559 2432 4643 Hispaniae
2461 4572 2658 4643 finibus
2683 4572 2748 4643 ad
2776 4569 3001 4623 Galliam
3030 4571 3240 4643 distans
3273 4585 3285 4620 :
3319 4583 3347 4621 a
3380 4559 3668 4643 quo-Empo-

2161 4632 2380 4765 τίειῖδῖξῗ)
2393 4641 2573 4711 populi
2606 4641 2733 4696 dicti
2757 4648 2903 4703 sunt,
2931 4649 2988 4693 ut
3013 4640 3193 4694 videre
3218 4649 3303 4694 est
3331 4632 3464 4706 apud
3494 4632 3668 4685 Strabo-

2161 4730 2280 4765 nem
2328 4729 2342 4764 ι
2387 4750 2400 4764 .
2434 4727 2515 4765 ιιι.

2161 4730 2280 4769 nem
2309 4727 2400 4765 HD.
2434 4727 2515 4766 ιιι.

2230 4783 2340 4850 (18)
2367 4781 2586 4834 Dissert.
2623 4779 2687 4832 de
2709 4777 3057 4850 Philostorg.,
3087 4793 3149 4850 ι)ζ
3182 4775 3303 4832 108.
3373 4845 3385 4850 _
3454 4845 3464 4850 _
3563 4839 3573 4850 .

2230 4787 2318 4850 (18
2367 4787 2586 4834 ltissert.
2623 4787 2687 4832 de
2710 4787 3057 4848 Philostorg.,
3087 4793 3141 4848 p.
3182 4787 3303 4832 ius.
3563 4839 3573 4850 .
3605 4833 3648 4847 η

2230 4787 2342 4924 (l9;
2375 4851 2498 4924 _Lih.
2525 4851 2714 4924 1v,_ti_t.
2741 4850 2829 4924 ϐξ),
2863 4857 3005 4924 io_m._
3038 4849 3076 4902 ll
3110 4845 3489 4924 Corpugjuris
3533 4833 3668 4894 civili!

2160 4917 2406 4985 Romani,
2435 4937 2554 4990 pag.
2585 4920 2676 4973 191
2706 4922 2834 4973 edit.
2865 4917 3057 4990 Lipsiae
3083 4920 3213 4990 anni
3251 4918 3402 4990 {140.

2569 4973 3232 5064 I’ioleinatumlieograplt.
3280 4987 3370 5064 lib.
3403 5001 3472 5064 rt,
3499 4973 3669 5064 (Epit

2162 5051 2284 5133 pag.
2324 5051 2436 5115 ’1ιὸ
2456 5059 2834 5133 ειιίιηΒιιειιεφ
2873 5051 3152 5133 1540,'ubi
3187 5078 3216 5133 εΔ
3243 5076 3262 5108 ι
3297 5057 3485 5133 Arabia
3511 5051 3672 5133 Euippe

2166 5129 2339 5198 rium;
2379 5151 2397 5183 ι
2447 5139 2500 5186 et
2538 5131 2604 5184 ad
2635 5132 2776 5183 hunc
2805 5129 2982 5183 locum
3014 5131 3125 5182 haec
3149 5129 3402 5182 adnatata
3439 5129 3666 5198 legimus:

2171 5221 2189 5255 ι
2235 5187 2382 5256 Adet:
2414 5201 2595 5264 hodie,
2629 5201 2991 5253 munitissima
3024 5199 3187 5263 urbs,
3213 5207 3267 5251 et
3299 5187 3578 5264 emporium
3607 5187 3670 5264 ia-

2166 5274 2484 5340 migeratuin
2518 5290 2536 5322 ι
2573 5259 2666 5324 lib.
2699 5286 2758 5333 ll,
2785 5285 2902 5338 cap.
2939 5268 2992 5322 4.
3020 5267 3149 5323 Luo.
3173 5259 3182 5263 ⁷
3204 5259 3669 5344 VamoitauPtole-

2166 5343 2285 5396 maei
2329 5341 2548 5396 Graccus
2587 5349 2871 5396 contextus
2915 5339 3076 5393 habet
3132 5339 3385 5407 Ἀραϐίας
3431 5339 3669 5407 ἐμῇοριοντ

2166 5411 2476 5467 Holstcnius
2522 5421 2696 5464 tamen
2739 5410 3023 5479 legendum
3052 5402 3302 5479 advertit,
3363 5402 3583 5477 Ἀρὰὃέα,
3623 5402 3672 5479 tt!
3758 5435 3759 5438 η

2165 5484 2429 5536 Arrianus
2451 5482 2645 5547 habet;
2681 5475 2967 5552 etquidem
3003 5481 3056 5534 in
3083 5478 3270 5532 Latina
3309 5475 3537 5552 versione
3561 5475 3672 5552 apti:

2167 5569 2252 5606 me
2285 5552 2478 5620 legitur
2517 5545 3130 5620 (ArabiaEmporium,
3177 5568 3195 5599 ι
3244 5563 3402 5620 quain
3427 5545 3669 5620 lectionem

2167 5612 2386 5676 secutu's
2414 5631 2498 5675 est
2535 5619 2770 5675 Joannes
2801 5612 3091 5674 Hudsonus
3126 5622 3178 5671 in
3210 5612 3413 5672 edenda
3437 5612 3671 5688 Ptoletott'l

2168 5692 2524 5760 Descriptione
2548 5691 2780 5753 Arabiae,
2829 5700 2882 5744 et
2917 5689 3117 5744 Tabula
3158 5689 3363 5760 urbium
3406 5687 3668 5760 insignium-

2169 5752 2424 5821 Mendosa
2454 5772 2538 5819 est
2563 5763 2720 5818 lectio
2745 5752 2946 5816 Codicis
2975 5759 3309 5827 Coisliniani,
3337 5756 3424 5830 qui
3449 5768 3538 5828 pro
3563 5752 3672 5804 Ara-
