3814 6198
545 244 640 299 5ὗ1

1316 238 1404 294 ne
1441 234 1836 297 PORTUENSI
1875 240 1936 297 s.
1976 231 2346 296 HIPPDLYTI
2381 238 2574 296 sane.
2612 271 2681 283 .-
2717 239 2899 294 PARS
2932 238 2994 296 ιι.
3589 260 3666 316 ςςξ

544 357 833 432 nus[35]),
870 358 1012 412 intra
1042 359 1440 427 patriarchalus
1468 361 1793 415 Antioclteni
1825 360 2106 415 dioecesim
2139 365 2181 418 A
2212 378 2312 425 ":13,
2341 370 2394 414 et
2421 361 2474 412 in
2503 359 2693 423 altero,
2726 359 2870 427 quod
2902 357 3083 412 laudat
3105 357 3364 419 Fabricius
3393 364 3670 437 ('59).\lerum

544 454 647 507 sita
678 450 838 505 luerit
869 449 1001 520 (55),
1027 461 1080 505 et
1108 464 1231 505 cum
1259 448 1316 503 S.
1355 449 1650 506 [httnianus
1675 453 1877 506 scribat
1903 449 1959 506 S.
1983 451 2114 519 Hip-

542 545 784 614 polytum
812 543 1180 611 episcopatum
1208 540 1274 595 de
1306 541 1657 597 Antiochenis
1682 544 1927 612 partibus
1956 543 2112 599 dese-

542 637 741 700 ruisse,
780 650 941 687 nemu
965 650 1071 688 non
1099 635 1241 688 videt
1267 635 1379 687 Ιιωυ
1402 634 1704 705 Hippolyto,
1740 644 1799 689 ιιι
1827 645 2112 691 autumant

541 727 757 781 Arabiae
781 724 977 781 Felicis
1005 727 1278 796 episcopo,
1311 727 1468 797 cujus
1502 727 1754 782 dimcesis
1777 728 2113 797 patriarcha-

541 820 620 872 tui
651 817 1017 872 Alexandrina
1046 819 1283 881 Suberat,
1316 820 1604 873 convenire
1650 834 1756 872 non
1795 835 1975 888 posse,
2014 820 2109 874 sed

541 911 718 978 potius
736 907 926 964 Nonno
943 908 1215 965 Edessena
1239 911 1400 964 tribui
1428 910 1643 976 debere,
1659 912 1749 981 qui
1774 912 2110 966 Antiacheno

542 1003 861 1072 patriarcha:
888 1004 1167 1072 subjectus
1197 1002 1317 1056 fuit.
1337 1002 1562 1057 Demum
1592 1002 1648 1057 S.
1668 1002 1863 1058 Petrus
1888 1002 2109 1058 Damia~

540 1114 643 1151 nus
670 1096 782 1152 haec
810 1097 1016 1161 omnia,
1038 1112 1157 1165 quae
1185 1097 1249 1149 de
1273 1095 1329 1148 8.
1354 1095 1638 1167 Hippolyto
1668 1096 1847 1160 habet,
1873 1112 1938 1151 ex
1960 1097 2109 1152 Actis

541 1187 599 1241 S.
631 1188 822 1242 Aureae
854 1196 1133 1242 mutuatus
1166 1197 1268 1252 est,
1298 1203 1419 1254 qua:
1445 1188 1735 1241 immortali
1768 1188 1882 1241 viro
1907 1187 2107 1242 Caesari

538 1281 798 1335 cardinali
830 1279 1065 1333 Baronio
1099 1278 1211 1349 (36)
1246 1279 1426 1332 minus
1456 1279 1806 1347 placuerunt;
1861 1295 1959 1333 nec
2008 1280 2109 1332 im-

541 1371 732 1424 merito
785 1385 1013 1440 magnus
1050 1371 1131 1424 vir
1176 1370 1369 1423 borum
1413 1369 1670 1425 Actorum
1720 1371 1876 1423 ﬁdem
1914 1385 2109 1440 suspe-

538 1470 679 1515 ctam
709 1460 930 1525 habuit;
963 1460 1076 1527 ipsa
1110 1460 1276 1523 enim,
1304 1469 1361 1515 ut
1389 1471 1537 1515 recte
1564 1461 1773 1515 monuit
1808 1460 2105 1515 Tillemon-

537 1556 646 1605 tius
679 1550 812 1621 (57),
846 1551 1000 1605 miris
1030 1560 1237 1606 scatent
1278 1551 1499 1616 fabulis,
1529 1567 1852 1622 summaque
1895 1561 2104 1621 tempo-

535 1657 655 1695 rum
706 1640 1025 1697 confusione
1079 1641 1360 1708 laborant;
1412 1643 1612 1697 idcirco
1655 1643 1786 1712 ipsis
1818 1658 2009 1711 parum
2038 1643 2090 1696 ti-

533 1730 770 1786 dendum
804 1746 1109 1786 censemus.
1148 1730 1348 1785 Eadem
1393 1747 1538 1787 nunc
1568 1732 1621 1785 in
1648 1732 1862 1786 duobus
1891 1742 2107 1786 exstant

533 1824 815 1878 codicibus
857 1833 941 1878 sat
978 1824 1206 1879 vetustis
1233 1864 1246 1885 ,
1292 1838 1525 1893 quorum
1577 1823 1805 1891 primus.
1841 1821 2103 1893 Aringbio

532 1916 731 1982 Indice,
778 1915 832 1969 in
878 1914 1144 1968 tabulario
1179 1914 1530 1970 Lateranensi
1560 1915 1850 1979 invenitur,
1878 1914 2016 1968 alter
2046 1916 2100 1969 in

532 2008 862 2062 bibliotheca
892 2008 1261 2062 Vallicellaua.
1296 2008 1722 2078 Papebrochius,
1751 2006 2000 2063 Fabricio
2031 2019 2103 2063 te-

531 2108 613 2153 ste
668 2098 799 2170 (58),
851 2099 1149 2153 sinceriora
1207 2098 1263 2154 S.
1306 2100 1500 2154 Aurea:
1546 2100 1678 2154 Acta
1726 2116 1785 2155 se
1831 2101 2101 2170 reperisse

530 2190 738 2253 scribit,
771 2189 823 2241 in
852 2189 1050 2258 quibus
1080 2190 1134 2243 8.
1172 2188 1488 2259 Hippolytus
1519 2190 1756 2243 Arabum
1788 2191 2101 2260 metropoli-

511 2290 690 2335 tanus
718 2279 936 2342 dicitur,
981 2289 1033 2332 et
1065 2279 1324 2351 Cyr-iaeus
1356 2280 1675 2335 Portuensis
1702 2282 2006 2353 episcopus.
2042 2282 2099 2338 Si

533 2372 844 2441 huiusmodi
874 2371 1005 2425 Acta
1035 2372 1335 2426 doctissimi
1370 2372 1505 2426 socii
1539 2371 1876 2427 Bollandiani
1912 2374 2093 2442 vulga-

529 2463 685 2529 bunt,
715 2462 1021 2517 videbimus
1069 2461 1124 2515 in
1167 2463 1368 2529 quibus
1395 2478 1424 2517 a
1458 2461 1823 2518 Vallicellanis
1856 2473 1909 2519 et
1944 2464 2099 2520 Late-

528 2555 853 2610 ranensibus
887 2554 1158 2610 ditl'erant.
1195 2554 1359 2611 Nobis
1392 2565 1568 2611 tamen
1616 2559 2096 2626 persuasissimum

525 2657 629 2709 est,
660 2647 851 2703 borum
880 2647 1141 2703 Actorum
1168 2649 1546 2705 auctoritatem
1581 2660 1659 2706 tot
1688 2652 1929 2721 antiquis
1963 2652 2098 2707 scri-

525 2739 774 2808 ptoribus
822 2739 965 2794 haud
1006 2756 1126 2795 esse
1171 2744 1624 2810 anteponendam.
1676 2741 1732 2798 Si
1781 2744 1925 2799 enim
1982 2744 2097 2800 haec

526 2833 659 2891 Acta
707 2832 1003 2887 sinceriora
1033 2842 1238 2897 essent,
1278 2832 1335 2890 S.
1375 2832 1717 2906 Hippolytum
1749 2852 1856 2891 non
1883 2837 2096 2893 Arabiae

526 2925 1025 2995 metropolitanum,
1076 2940 1177 2980 nec
1225 2925 1510 2996 Cyriacum
1558 2926 1948 2994 Portuensem,
2002 2930 2093 2986 sed

525 3014 826 3071 Ostiensem
858 3016 1172 3085 episcopum
1212 3016 1590 3084 appellassent.
1643 3016 1755 3072 Nec
1805 3019 2007 3074 mirum
2046 3020 2091 3074 si

525 3106 583 3158 S.
615 3104 811 3161 Petrus
862 3104 1159 3161 Damianus
1190 3104 1248 3159 S.
1281 3105 1625 3178 Hippolytum
1660 3106 1841 3162 Νοιιηὶ
1873 3111 2092 3166 nomine

522 3199 839 3269 insignivit;
889 3199 991 3254 hoc
1032 3198 1176 3253 enim
1221 3199 1335 3269 ipse
1367 3198 1445 3252 vel
1497 3215 1565 3252 ex
1606 3198 1755 3254 Actis
1787 3198 1845 3255 S.
1876 3202 2087 3268 Aureaa,

520 3291 607 3345 vel
637 3305 701 3344 ex
737 3290 977 3362 antiquis
1000 3289 1397 3361 Martyrologiis
1420 3290 1630 3345 discere
1658 3292 1854 3361 patuit,
1887 3292 1938 3346 in
1968 3294 2090 3363 qui-

520 3382 625 3437 bus
650 3380 706 3435 8.
732 3380 1053 3451 Hippolytus
1088 3380 1190 3435 hoc
1213 3380 1430 3434 nomine
1455 3380 1790 3452 designatur,
1821 3383 2090 3453 praecipue

523 3476 577 3539 in
617 3472 1032 3545 Langobardico
1064 3482 1373 3544 pervetusto
1413 3473 1750 3535 bibliotheca:
1774 3472 2090 3533 Ottobania-

592 3651 721 3724 (.54),
745 3651 1029 3724 Legendus
1059 3650 1311 3707 Norisius
1357 3651 1435 3724 De
1466 3654 1673 3720 epochis
1705 3654 2088 3723 Syromacedo-

519 3722 646 3792 nam
675 3723 891 3778 dissert.
918 3723 974 3786 2.
1006 3725 1167 3791 Oper.
1204 3730 1336 3776 tom.
1366 3722 1430 3789 ll,
1474 3739 1527 3792 p.
1557 3724 1660 3779 l-l5
1691 3722 1783 3779 cit.
1814 3726 1943 3780 edit.

589 3791 699 3863 (55)
741 3792 1025 3865 Legendus
1049 3794 1278 3865 Garalus
1312 3808 1342 3849 a
1368 3791 1556 3865 saneto
1584 3792 1770 3865 Paulo,
1795 3795 2083 3865 Ceograplt.

516 3861 694 3927 sacra,
725 3861 848 3933 pag.
875 3862 1001 3928 29-2,
1028 3871 1080 3916 et
1109 3861 1347 3933 Lequien
1382 3864 1473 3919 cit.
1512 3873 1643 3919 tom.
1674 3864 1737 3929 ll,
1759 3881 1881 3937 pag.
1902 3861 2012 3921 ’954
2033 3876 2087 3922 et

517 3947 650 3989 ιξθαα
657 3970 669 3983 .

579 3946 696 4072 (ἐξά)
736 4000 1045 4074 Adannum
1076 4001 1201 4065 299,
1229 4018 1379 4074 num.
1406 4002 1467 4074 _7,
1499 4012 1631 4059 tom.
1666 4002 1730 4069 Il,
1768 4021 1820 4074 p.
1851 4005 1947 4060 481
1989 4008 2081 4074 cit.

515 4071 646 4125 edit.
676 4070 694 4125 ξ
739 4090 757 4143 ι
788 4070 911 4125 Haec
962 4081 1140 4143 autem
1193 4073 1374 4125 omnia
1406 4072 1731 4141 locupletius
1764 4070 1963 4143 scripta
2010 4071 2085 4132 le;

516 4151 718 4215 guntur
744 4141 797 4195 in
816 4142 1075 4215 AdictisAS,
1100 4142 1292 4195 Aureae
1319 4142 1561 4215 martyrii
1588 4143 1757 4215 Actis,
1780 4141 1903 4215 qua:
1930 4162 2083 4201 men-

515 4212 601 4271 dis
633 4212 786 4279 plena
815 4211 867 4265 in
901 4212 1087 4266 multis
1114 4222 1297 4265 essent
1328 4211 1679 4266 restituenda.
1713 4232 1731 4265 ι

738 4280 915 4336 Citato
946 4291 1076 4336 tom.
1112 4279 1202 4345 Ill,
1237 4291 1348 4339 not.
1380 4282 1415 4335 4
1455 4298 1549 4337 sur
1588 4285 1732 4339 saint
1778 4283 2082 4359 Hippolyte,

586 4417 911 4493 (38)_Oper_.f
934 4420 1013 4493 S._
1038 4419 1309 4492 Hippolyti
1340 4430 1471 4493 tam.
1510 4420 1550 4484 I,
1579 4438 1699 4493 pag.
1727 4423 1817 4485 2i,
1853 4427 1943 4480 ubi
1974 4428 2087 4483 hcce
2119 4419 2161 4475 D

509 4489 686 4545 verba
711 4489 947 4546 Danielis
985 4489 1343 4559 Papebroehii
1374 4489 1682 4546 referuntur
1715 4513 1727 4548 :
1761 4513 1779 4545 ι
1812 4494 2083 4553 Habemus

510 4559 1129 4635 sincerior-a'S._Aurea:
1171 4563 1374 4635 pariter
1398 4565 1759 4635 passzeActa,
1790 4566 1843 4619 in
1886 4566 2083 4635 quibus

510 4646 600 4691 res
629 4639 739 4705 [ala
764 4632 1055 4705 ascribitur
1085 4640 1325 4701 tempore
1350 4632 1641 4705 Alexandri
1675 4635 1806 4705 imp.
1834 4632 1952 4704 ipso
1981 4650 2081 4690 an-

511 4715 583 4774 pa
627 4700 780 4774 222,_
808 4700 869 4774 4_
891 4700 1047 4754 Mart.
1107 4700 1334 4774 regnare
1384 4704 1585 4774 exarsi,
1631 4700 1768 4774 quo"
1796 4700 2083 4774 priedictus

509 4770 785 4842 Hippolyti
830 4770 1020 4825 Canon
1070 4770 1412 4839 terminatur,
1442 4785 1495 4827 et
1526 4770 1841 4830 Portuensis
1878 4791 1975 4842 pro
2016 4792 2083 4831 eo

508 4841 754 4917 tempore
779 4841 1068 4917 episcopus
1094 4841 1203 4917 illic
1230 4844 1529 4917 appellatur
1553 4844 1840 4915 Cyriacus,
1875 4841 2079 4917 Hippa-

478 4964 481 4969 λ
507 4912 811 4985 lytttsvel'o
842 4914 1143 4985 appellatur
1168 4913 1408 4967 Arabum
1446 4912 1916 4985 metropolitanus.
1944 4912 1969 4968 ἱ

581 4980 892 5057 (ὂψ-Τρηι.
926 4980 1216 5057 [Operam
1267 4986 1454 5057 sancti
1481 4980 1773 5057 Hippolyti,
1809 5003 1928 5056 pag.
1950 4987 2033 5057 7‘20
2062 5000 2078 5042 :

511 5071 531 5102 ‹
566 5050 597 5127 x_'
630 5052 749 5127 Kal.
785 5050 1020 5127 S_ept._in
1052 5050 1216 5127 P_ortu
1249 5054 1397 5107 urbis
1422 5050 1834 5127 Rom'tenatalis
1861 5050 1919 5112 S.
1948 5056 2080 5127 Hip-

507 5123 698 5197 polyti,
729 5122 823 5197 qui
844 5122 1055 5197 dicitur
1078 5120 1323 5186 Nannus,
1345 5140 1491 5197 cum
1514 5126 1679 5180 sociis
1710 5127 1846 5197 suis.
1879 5146 1898 5178 ι

577 5191 688 5262 (ἆυ)
728 5191 803 5245 Ex
840 5191 898 5247 82
930 5192 1258 5264 Hieronymo
1284 5194 1448 5264 etiam
1479 5195 1582 5250 hoc
1608 5196 1871 5251 discimus
1901 5198 1953 5251 in
1983 5198 2073 5251 lib.

506 5260 584 5338 De
611 5260 737 5338 viris
762 5263 1085 5338 illustribus,
1213 5264 1311 5338 61,
1338 5262 1500 5335 Oper.
1550 5275 1684 5321 tom.
1719 5265 1782 5332 ll,
1812 5282 1934 5338 pag.
1973 5268 2077 5321 886

503 5333 742 5409 eit._e_dit.
762 5332 1009 5409 \fallarsii
1037 5351 1050 5386 :
1082 5354 1111 5409 ε
1125 5332 1511 5409 Hippolytus...
1531 5332 2077 5409 scripsit...—etvitpoc-

501 5402 718 5477 ομιλίαγ
764 5405 834 5477 de
880 5404 1037 5459 laude
1080 5402 1291 5459 Domini
1321 5402 1658 5471 'Salvatoris,
1689 5408 1741 5460 in
1778 5425 1907 5477 qua,
1937 5402 2076 5477 pra:-

505 5474 1033 5548 sentelOL'igeneLse
1050 5476 1197 5548 loqui
1232 5478 1286 5548 in
1312 5478 1543 5532 ecclesia
1574 5474 1863 5548 signiﬁcat.
1890 5498 1909 5530 ι

576 5542 920 5617 (ll)__Petrus
943 5542 1175 5608 Halloiit,
1210 5547 1459 5617 Origenes
1484 5542 1748 5617 deferfsus.
1796 5547 1929 5604 Vitae
1949 5548 2074 5603 Ori—

504 5616 646 5688 gcpis
694 5614 790 5667 lib.
813 5631 864 5688 ι,
907 5630 956 5669 c.
986 5616 1073 5688 ill,
1104 5633 1223 5684 pag.
1254 5616 1323 5672 29
1348 5618 1476 5688 edit.
1504 5614 1688 5672 Leodii
1720 5622 1848 5675 anni
1886 5620 2022 5675 1648
2056 5637 2070 5676 :

507 5680 528 5737 ι
559 5680 709 5741 'l'unc
734 5682 949 5759 quidem
981 5680 1198 5759 (nempe
1218 5704 1340 5742 cum
1364 5686 1621 5764 Origenes
1651 5691 1704 5748 in
1730 5692 1928 5751 Arabia
1958 5708 2073 5748 mo-

2216 453 2320 506 hoc
2367 449 2543 504 Nomii
2598 467 2815 515 nomen,
2847 451 3011 520 quod,
3068 461 3123 505 ut
3162 452 3395 521 diximus,
3423 460 3671 531 episcOpnm

2214 542 2484 610 primaeva:
2515 540 2769 595 Ecclesia?
2798 543 3037 604 denotat,
3070 540 3124 596 S.
3154 542 3442 600 Damianum
3465 544 3613 604 forsan
3637 558 3675 608 in

2213 651 2451 689 errorem
2482 635 2712 693 induxit.
2749 635 2877 689 dum
2909 643 3151 689 sanctum
3180 622 3488 708 Hippolytum
3519 644 3678 710 episco-

2213 742 2341 796 pum
2388 724 2638 780 Nannum
2684 741 2806 779 cum
2853 723 3046 779 Nonne
3082 724 3338 781 Edessena
3363 728 3588 796 ctutludit,
3610 736 3681 802 qui

2212 818 2386 873 tribus
2419 817 2642 886 integris
2673 819 2886 872 saeculis
2932 828 3054 887 post
3097 816 3152 870 8.
3191 816 3500 890 Hippolytum
3526 821 3680 880 ﬂoruit.

2211 905 2351 961 Num
2384 907 2547 976 igitur
2577 905 2632 961 S.
2658 906 2799 961 Petri
2834 905 3080 961 Damiani
3108 908 3447 963 testimonium
3468 919 3532 964 tot
3553 912 3683 967 diser-

2215 999 2283 1053 tis
2339 998 2578 1068 autiquis
2623 999 2982 1067 scriptoribus
3029 997 3403 1067 praeferendum
3448 1001 3527 1068 sit,
3551 1002 3687 1063 doctis

2210 1090 2343 1145 viris
2377 1090 2734 1158 iudicandum
2764 1089 3135 1159 relinquimus.

2242 1205 2431 1260 XXIII.
2477 1206 2722 1275 Origenes
2758 1202 2814 1258 S.
2851 1203 3190 1273 Hippolytum
3218 1203 3267 1254 in
3302 1201 3449 1256 Partu
3475 1202 3663 1260 Romano

2605 1275 2953 1344 alluquentem
2987 1275 3170 1326 audire
3196 1275 3375 1341 patuit.

2278 1364 2511 1437 Objiciet
2557 1367 2773 1420 demum
2827 1364 3041 1434 aliquis,
3073 1364 3130 1418 S.
3163 1363 3482 1435 Hippolytum
3525 1378 3611 1418 non
3650 1366 3691 1420 in

2207 1458 2518 1523 Occidente,
2567 1458 2659 1513 sed
2708 1458 2761 1511 in
2810 1455 3026 1511 Oriente
3065 1455 3365 1525 episcOpum
3410 1453 3573 1520 fuisse,
3596 1458 3691 1524 quia

2209 1548 2490 1620 Origenes,
2523 1549 2616 1618 qui
2649 1550 2702 1602 in
2727 1547 2947 1602 Oriente
2983 1549 3134 1606 vixit.
3174 1545 3229 1600 S.
3262 1546 3571 1617 Hippolytum
3594 1547 3696 1599 allo-

2208 1651 2465 1711 qncntem
2519 1640 2725 1695 audivit
2759 1640 2892 1708 (£0).
2926 1637 3227 1693 Ilalloixius
3273 1635 3503 1707 Origenis
3540 1636 3693 1690 vindex

2142 1713 2180 1767 Β
2208 1733 2267 1790 8.
2299 1732 2645 1803 Hippolytum
2678 1731 2731 1785 in
2761 1730 2958 1784 Arabia
2992 1730 3060 1784 ab
3085 1728 3271 1786 eodem
3300 1729 3524 1783 auditum
3551 1727 3697 1795 conje-

2206 1836 2318 1880 ctat
2350 1825 2482 1895 (il),
2514 1840 2577 1879 ea
2607 1824 2873 1880 adductus
2902 1823 3132 1886 ratione,
3161 1820 3303 1890 quod
3331 1818 3563 1888 Origenes
3589 1829 3699 1874 anno

2204 1918 2407 1973 Christi
2434 1917 2559 1984 2l7,
2589 1926 2647 1971 ut
2669 1915 3014 1970 Tillemontio
3045 1913 3156 1985 (42)
3181 1912 3394 1984 placuit,
3421 1912 3470 1964 in
3494 1910 3696 1963 Arabiam

2204 2026 2233 2063 a
2261 2009 2553 2078 provincia:
2581 2005 2831 2078 praefecto
2862 2013 3121 2060 evocatus
3154 1999 3593 2073 migravit.Verum
3613 1999 3698 2053 hac

2204 2098 2457 2155 Halloixii
2482 2099 2794 2167 conjectura
2819 2096 3169 2153 Tillemontio
3199 2108 3384 2165 parum
3406 2091 3580 2147 arridet
3599 2090 3698 2160 (43).

2201 2189 2485 2262 Origenem
2542 2189 2772 2246 Romam
2829 2205 2887 2244 se
2931 2188 3229 2244 contulisse
3277 2194 3474 2241 certum
3525 2181 3698 2237 omnino

2200 2293 2283 2338 est
2311 2282 2421 2354 (44)
2446 2300 2462 2349 ;
2499 2290 2827 2351 quapropter
2854 2281 2899 2336 si
2934 2278 3205 2335 Halloixio
3244 2277 3394 2333 licuit
3418 2291 3538 2345 pura
3560 2272 3700 2341 conje-

2200 2385 2350 2428 ctura
2378 2388 2622 2427 asserere
2650 2371 2709 2426 S.
2744 2371 3012 2443 Hippolyti
3050 2371 3329 2426 hamiliam
3358 2368 3423 2423 ab
3449 2365 3643 2435 Origene
3661 2364 3703 2420 iu

2199 2465 2399 2521 Arabia
2429 2464 2670 2519 auditam
2703 2463 2907 2529 fuisse;
2948 2462 3109 2518 nobis
3137 2475 3370 2531 quoque,
3397 2458 3482 2528 qui
3509 2465 3704 2510 veterum

2201 2557 2523 2611 testimoniis
2556 2556 2900 2626 probavimus
2929 2553 2986 2610 S.
3015 2553 3363 2625 Hippolytum
3405 2549 3581 2604 Portus
3622 2544 3704 2597 llo-

2199 2649 2345 2703 mani
2380 2663 2487 2703 non
2512 2648 2566 2702 in
2594 2646 2832 2713 Oriente,
2860 2646 2954 2702 sed
2985 2646 3037 2700 in
3078 2645 3366 2700 Occidente
3392 2641 3705 2711 episcopatum

2198 2740 2519 2807 obtinuisse,
2555 2739 2736 2794 licebit
2784 2738 3019 2804 ﬁrmare,
3056 2736 3403 2806 Hippolytum
3436 2732 3513 2786 vel
3544 2729 3708 2791 Rome,

2195 2833 2278 2887 vel
2329 2832 2383 2887 in
2430 2830 2714 2887 Portuensi
2737 2831 2986 2896 ecclesia,
3022 2838 3293 2902 praesente
3322 2824 3556 2896 Origene,
3580 2820 3711 2875 fuisse

2196 2925 2459 2982 locutum.

2117 3066 2160 3121 C
2193 3058 2382 3114 ΧΧιν.
2428 3060 2486 3130 8.
2536 3059 2811 3130 Hippolyti
2862 3073 3221 3113 marmoreum
3276 3057 3634 3130 monumentum
3674 3044 3713 3125 in

2267 3146 2392 3199 agro
2427 3116 2833 3199 Verano'prbpe
2880 3131 2991 3197 ejus
3038 3126 3394 3199 cmmeterium
3432 3122 3498 3199 at:
3526 3116 3713 3193 antiquis

2266 3191 2463 3253 Christi
2492 3191 2732 3269 ﬁdelibits
2766 3191 3101 3259 collocatum,
3145 3198 3419 3269 antiquam
3460 3191 3712 3245 Portuensis

2268 3265 2518 3324 Ecclesiae
2551 3271 2885 3323 traditionem
2916 3269 3141 3337 mirifice
3166 3265 3482 3335 comprobat.

2267 3382 2504 3438 Tandem
2542 3384 2818 3438 nonnullis
2848 3381 2906 3437 S.
2941 3380 3219 3453 Hippolyti
3265 3379 3590 3448 episcopatus
3612 3368 3716 3422 Por-

2196 3473 2406 3531 tuensis
2434 3473 2614 3531 minus
2644 3474 2863 3540 arridet,
2895 3487 2961 3526 ex
2984 3487 3048 3526 eo
3068 3472 3220 3541 quod
3250 3469 3420 3541 ipsius
3453 3476 3721 3526 monumen‘

2194 3654 2455 3727 rabatur)
2489 3656 2747 3712 accidisse
2777 3657 2926 3723 illud,
2965 3655 3107 3725 quod
3152 3656 3233 3727 de
3259 3651 3318 3709 S.
3354 3648 3622 3727 Hippolyto
3639 3658 3720 3727 “re-

2193 3725 2386 3787 fertur,
2428 3714 2617 3795 netnpe
2660 3728 2785 3781 dum
2818 3714 3140 3780 concionem
3172 3726 3240 3780 ad
3272 3714 3610 3795 populum'de
3636 3714 3719 3795 D0-

2195 3796 2327 3850 mini
2363 3792 2660 3852 Salvatoris
2692 3796 2851 3850 laude
2885 3796 3128 3857 haberet,
3164 3792 3331 3863 atque
3363 3794 3417 3846 in
3446 3792 3719 3863 presentetn

2191 3864 2477 3939 Origenem
2508 3866 2698 3939 oculos
2725 3866 3061 3939 intendisset,
3085 3853 3212 3935 ejus
3235 3853 3570 3939 praesen-tiam
3597 3853 3725 3908 audi-

2192 3937 2404 3990 toribus
2434 3936 2719 4000 indicasse,
2749 3951 2842 3991 seu
2877 3936 3022 4005 quod
3056 3950 3186 3990 eum
3221 3935 3385 4005 dictis
3418 3935 3529 3986 suis
3560 3940 3719 3981 assen-

2192 4007 2414 4060 tientem
2451 4005 2673 4068 videret,
2703 4020 2796 4061 seu
2847 4004 2990 4074 quod
3037 4005 3183 4073 plebi
3228 4004 3413 4067 talem,
3445 4005 3725 4065 tantumque

2191 4074 2517 4129 declaranda
2551 4074 2837 4142 hospitem,
2870 4075 3165 4143 gratilicari
3197 4074 3379 4131 vellet.
3412 4091 3430 4123 ι

2262 4145 2373 4219 (ᾁὲ)
2414 4144 2568 4219 '_I‘am.
2593 4138 2681 4219 lll',
2715 4145 2768 4198 in
2803 4138 3050 4219 Origene,
3079 4154 3189 4219 art.
3222 4145 3312 4208 I5,
3342 4138 3544 4219 p.

2262 4201 2374 4284 (45)
2415 4213 2544 4269 Lac.
2586 4201 2705 4276 cui,
2757 4230 2808 4283 p.
2844 4201 2947 4269 δὴ
2981 4201 3048 4284 :i
3078 4213 3219 4269 Mais
3246 4201 3384 4284 patir
3413 4212 3461 4265 le
3497 4201 3728 4284 licuetle

2191 4280 2386 4353 temps,
2406 4285 2441 4338 il
2474 4293 2557 4339 est
2585 4280 2797 4339 dillicile
2823 4286 2938 4354 d‘en
2967 4283 3083 4337 rien
3113 4285 3234 4338 dire
3248 4280 3334 4337 'de
3358 4280 3578 4354 certain,
3596 4288 3729 4354 parce

2191 4342 2472 4423 que-nous
2513 4368 2580 4409 ne
2613 4369 2810 4409 savons
2838 4353 2991 4423 point
3018 4368 3087 4408 en
3119 4354 3251 4424 quel
3296 4368 3431 4423 pays
3460 4342 3730 4412 saiut'llipv

2190 4425 2368 4495 polyte
2398 4425 2529 4495 etalt
2558 4424 2780 4495 évéque.
2816 4445 2836 4477 ο
3001 4493 3032 4495 η
3086 4492 3124 4495 _
3236 4492 3246 4495 Α
3276 4492 3287 4495 Α
3612 4483 3667 4495 m

2257 4483 2369 4569 (€54)
2408 4493 2636 4569 “enim
2667 4483 2867 4569 diserte
2897 4493 3063 4569 tradit
3086 4492 3361 4569 Eusebius
3394 4492 3489 4546 lib.
3517 4502 3576 4569 γι⁸
3602 4483 3725 4569 Hist.

2183 4558 2417 4635 eccl.,c.
2456 4564 2542 4629 14,
2577 4580 2692 4635 pag.
2732 4564 2873 4635 9.747:
2902 4582 2922 4635 ι
2948 4564 3321 4635 Adamantius
3349 4558 3579 4635 vero_(id
3605 4558 3731 4609 enim

2184 4632 2589 4705 etiamAOrigeni
2625 4632 2820 4705 nomen
2837 4633 2986 4703 luit),
3014 4632 3329 4705 Zephyrino
3358 4648 3456 4702 per
3482 4632 3590 4685 haec
3615 4635 3732 4705 tetu-

2200 4719 2316 4775 iora
2347 4695 2644 4759 Romanam
2673 4695 2982 4761 Ecclesiam’
3004 4695 3376 4775 gubernante,-
3397 4717 3455 4757 se
3475 4695 3731 4775 in‘urbenl

2234 4790 2412 4828 curiam
2443 4776 2724 4830 advenisse
2755 4775 2962 4839 scribit,
2997 4767 3119 4845 cum
3151 4774 3258 4828 sibi
3295 4775 3351 4826 in
3385 4772 3519 4845 votis
3545 4767 3731 4845 fuisset.

2184 4846 2328 4916 sicut
2380 4845 2607 4913 ipsemet
2658 4845 2856 4899 alicubi
2907 4846 3058 4911 dicit,
3098 4843 3419 4916 Itonianam
3448 4840 3733 4916 _I:Lcelesiam

2183 4909 2423 4971 omnium
2451 4916 2885 4985 antiquissimam
2915 4909 3098 4969 coram
3134 4915 3346 4985 videre.
3387 4912 3461 4985 lbi
3485 4909 3733 4980 paulisper

2182 4994 2447 5061 moratus.
2473 4982 2881 5061 Alexandriam
2942 4986 3149 5061 redit.)
3193 4982 3467 5061 Legenda
3493 4986 3621 5061 sunt
3654 4986 3734 5061 Veith

2181 5071 2302 5123 qua:
2326 5071 2357 5110 a
2390 5054 2606 5109 Valesio
2653 5056 2980 5110 adnotantur
3008 5055 3075 5110 ad
3116 5050 3532 5123 hunc'Eusebii
3556 5050 3733 5123 locum,

2179 5117 2272 5198 qui
2319 5126 2570 5195 quamvis
2616 5126 2816 5198 invitus
2849 5125 3082 5181 Baronio
3120 5126 3410 5198 concedat,
3446 5117 3733 5190 hujusmodi

2180 5196 2467 5252 adventum
2508 5211 2653 5250 anno
2703 5196 2817 5250 220
2845 5198 3155 5265 contigisse,
3191 5196 3272 5250 illi
3310 5204 3493 5248 tamen
3528 5203 3650 5265 ιιοιι⁸
3666 5199 3737 5265 flig-

2179 5267 2426 5331 sentitur,
2451 5269 2698 5320 eumdem
2726 5268 2918 5321 iterum
2953 5255 3175 5321 Romam
3203 5267 3427 5320 venisse
3453 5274 3596 5332 anno
3622 5255 3733 5332 ετξβο

2178 5345 2233 5391 et
2279 5325 2576 5393 secundum
2612 5339 2902 5409 adveptum
2952 5342 3018 5392 de
3063 5338 3237 5409 altera
3279 5325 3734 5409 Ogjgeneniutellif

2179 5408 2410 5476 gendum
2443 5410 2718 5462 observat.
2750 5406 2880 5462 Vide
2906 5410 3066 5463 etiam
3100 5407 3283 5460 Alloix
3326 5400 3734 5476 γίὶωβονίθεηιξε

2178 5465 2273 5532 lib.
2294 5493 2368 5550 ἰ.
2395 5495 2446 5533 c.
2481 5479 2533 5542 7,
2564 5494 2618 5548 p.
2642 5479 2733 5543 20,
2761 5490 2816 5532 et
2843 5479 3244 5550 'I‘illemontium
3278 5487 3419 5530 tom.
3456 5472 3542 5550 lIl,
3570 5465 3733 5550 ait._8,

2177 5551 2244 5619 de
2279 5546 2529 5619 Origene,
2566 5545 2703 5618 'pag.
2738 5550 2841 5603 510
2871 5560 2923 5602 ct
2954 5564 3127 5617 seqq,
3156 5547 3249 5599 ubi
3277 5549 3451 5619 etiam
3485 5545 3552 5600 de
3580 5545 3736 5611 ipsius

2179 5617 2411 5679 Romani
2442 5617 2698 5686 adventu,
2730 5630 2781 5676 et
2820 5636 2963 5680 anno
2996 5620 3162 5673 multa
3200 5617 3433 5672 habent.
