  <div class='ocr_page' id='page_1' title='image "/cluster/home/n/w/nwhite01/storage/ocr_20150623/10/hvd.32044073501330/287.png"; bbox 0 0 3796 6194; ppageno 0'>
   <div class='ocr_carea' id='block_1_1' title="bbox 452 230 564 286">
    <p class='ocr_par' dir='ltr' id='par_1_1' title="bbox 452 230 564 286">
     <span class='ocr_line' id='line_1_1' title="bbox 452 230 564 286; baseline 0 -1"><span class='ocrx_word' id='word_1_1' title='bbox 452 230 564 286; x_wconf 76' lang='grc'><strong>555</strong></span> 
     </span>
    </p>
   </div>
   <div class='ocr_carea' id='block_1_2' title="bbox 1241 212 2926 281">
    <p class='ocr_par' dir='ltr' id='par_1_2' title="bbox 1241 212 2926 281">
     <span class='ocr_line' id='line_1_2' title="bbox 1241 212 2926 281; baseline -0.006 0"><span class='ocrx_word' id='word_1_2' title='bbox 1241 225 1327 281; x_wconf 81' lang='lat' dir='ltr'><strong>DE</strong></span> <span class='ocrx_word' id='word_1_3' title='bbox 1360 221 1754 280; x_wconf 76' lang='lat' dir='ltr'><strong>PORTUENSI</strong></span> <span class='ocrx_word' id='word_1_4' title='bbox 1790 221 1847 276; x_wconf 89' lang='lat' dir='ltr'><strong>S.</strong></span> <span class='ocrx_word' id='word_1_5' title='bbox 1886 219 2261 277; x_wconf 68' lang='lat' dir='ltr'><strong>HJPPOLYTI</strong></span> <span class='ocrx_word' id='word_1_6' title='bbox 2300 221 2490 279; x_wconf 70' lang='grc' dir='ltr'><strong>δεῦε.</strong></span> <span class='ocrx_word' id='word_1_7' title='bbox 2526 250 2596 262; x_wconf 88' lang='lat'><strong>-—</strong></span> <span class='ocrx_word' id='word_1_8' title='bbox 2627 212 2810 276; x_wconf 51' lang='lat' dir='ltr'><strong>P&#39;ABS</strong></span> <span class='ocrx_word' id='word_1_9' title='bbox 2845 217 2926 273; x_wconf 80' lang='grc' dir='ltr'>ιι.</span> 
     </span>
    </p>
   </div>
   <div class='ocr_carea' id='block_1_3' title="bbox 3532 217 3617 272">
    <p class='ocr_par' dir='ltr' id='par_1_3' title="bbox 3532 217 3617 272">
     <span class='ocr_line' id='line_1_3' title="bbox 3532 217 3617 272; baseline 0 0"><span class='ocrx_word' id='word_1_10' title='bbox 3532 217 3617 272; x_wconf 73' lang='grc'><strong>558</strong></span> 
     </span>
    </p>
   </div>
   <div class='ocr_carea' id='block_1_4' title="bbox 455 334 3618 410">
    <p class='ocr_par' dir='ltr' id='par_1_4' title="bbox 455 334 3618 410">
     <span class='ocr_line' id='line_1_4' title="bbox 455 334 3618 410; baseline -0.005 -4"><span class='ocrx_word' id='word_1_11' title='bbox 455 350 683 406; x_wconf 78' lang='lat' dir='ltr'><strong>busdam</strong></span> <span class='ocrx_word' id='word_1_12' title='bbox 708 348 976 405; x_wconf 88' lang='lat' dir='ltr'><strong>obeundis</strong></span> <span class='ocrx_word' id='word_1_13' title='bbox 995 348 1048 401; x_wconf 90' lang='lat' dir='ltr'><strong>in</strong></span> <span class='ocrx_word' id='word_1_14' title='bbox 1066 347 1231 403; x_wconf 85' lang='lat' dir='ltr'><strong>variis</strong></span> <span class='ocrx_word' id='word_1_15' title='bbox 1258 345 1443 401; x_wconf 68' lang='lat' dir='ltr'><strong>Romae</strong></span> <span class='ocrx_word' id='word_1_16' title='bbox 1458 344 1671 402; x_wconf 80' lang='lat' dir='ltr'><strong>sacellis</strong></span> <span class='ocrx_word' id='word_1_17' title='bbox 1691 353 1746 400; x_wconf 85' lang='lat' dir='ltr'><strong>et</strong></span> <span class='ocrx_word' id='word_1_18' title='bbox 1763 343 2024 399; x_wconf 81' lang='lat' dir='ltr'><strong>basilicis.</strong></span> <span class='ocrx_word' id='word_1_19' title='bbox 2059 349 2099 403; x_wconf 77' lang='grc' dir='ltr'><strong>Δ</strong></span> <span class='ocrx_word' id='word_1_20' title='bbox 2131 344 2332 399; x_wconf 87' lang='lat' dir='ltr'><strong>nemini</strong></span> <span class='ocrx_word' id='word_1_21' title='bbox 2360 343 2586 398; x_wconf 82' lang='lat' dir='ltr'><strong>dubium</strong></span> <span class='ocrx_word' id='word_1_22' title='bbox 2611 340 2734 395; x_wconf 91' lang='lat' dir='ltr'><strong>erit.</strong></span> <span class='ocrx_word' id='word_1_23' title='bbox 2772 338 2893 410; x_wconf 73' lang='lat' dir='ltr'><strong>lloy</strong></span> <span class='ocrx_word' id='word_1_24' title='bbox 2908 338 3027 395; x_wconf 87' lang='lat' dir='ltr'><strong>nius</strong></span> <span class='ocrx_word' id='word_1_25' title='bbox 3055 334 3209 392; x_wconf 86' lang='lat' dir='ltr'><strong>nimis</strong></span> <span class='ocrx_word' id='word_1_26' title='bbox 3235 334 3543 398; x_wconf 78' lang='lat' dir='ltr'><strong>conﬁdenter.</strong></span> <span class='ocrx_word' id='word_1_27' title='bbox 3565 354 3618 392; x_wconf 85' lang='lat' dir='ltr'><strong>ne</strong></span> 
     </span>
    </p>
   </div>
   <div class='ocr_carea' id='block_1_5' title="bbox 454 436 2031 510">
    <p class='ocr_par' dir='ltr' id='par_1_5' title="bbox 454 436 2031 510">
     <span class='ocr_line' id='line_1_5' title="bbox 454 436 2031 510; baseline -0.006 -12"><span class='ocrx_word' id='word_1_28' title='bbox 454 441 559 498; x_wconf 84' lang='lat' dir='ltr'><strong>Sed</strong></span> <span class='ocrx_word' id='word_1_29' title='bbox 592 442 693 497; x_wconf 85' lang='lat' dir='ltr'><strong>ista</strong></span> <span class='ocrx_word' id='word_1_30' title='bbox 724 449 854 495; x_wconf 91' lang='lat' dir='ltr'><strong>sunt</strong></span> <span class='ocrx_word' id='word_1_31' title='bbox 883 439 1153 510; x_wconf 71' lang='lat' dir='ltr'><strong>sequioris</strong></span> <span class='ocrx_word' id='word_1_32' title='bbox 1186 438 1306 503; x_wconf 59' lang='lat' dir='ltr'><strong>aevi,</strong></span> <span class='ocrx_word' id='word_1_33' title='bbox 1331 453 1432 493; x_wconf 90' lang='lat' dir='ltr'><strong>nec</strong></span> <span class='ocrx_word' id='word_1_34' title='bbox 1462 436 1659 491; x_wconf 79' lang='lat' dir='ltr'><strong>Portus</strong></span> <span class='ocrx_word' id='word_1_35' title='bbox 1685 436 2031 505; x_wconf 83' lang='lat' dir='ltr'><strong>episcopatus</strong></span> 
     </span>
    </p>
   </div>
   <div class='ocr_carea' id='block_1_6' title="bbox 452 526 2031 602">
    <p class='ocr_par' dir='ltr' id='par_1_6' title="bbox 452 526 2031 602">
     <span class='ocr_line' id='line_1_6' title="bbox 452 526 2031 602; baseline -0.004 -15"><span class='ocrx_word' id='word_1_36' title='bbox 452 541 600 588; x_wconf 80' lang='lat' dir='ltr'><strong>tanta</strong></span> <span class='ocrx_word' id='word_1_37' title='bbox 635 547 693 587; x_wconf 87' lang='lat' dir='ltr'><strong>se</strong></span> <span class='ocrx_word' id='word_1_38' title='bbox 726 540 904 602; x_wconf 91' lang='lat' dir='ltr'><strong>potest</strong></span> <span class='ocrx_word' id='word_1_39' title='bbox 929 539 1199 586; x_wconf 88' lang='lat' dir='ltr'><strong>vetustate</strong></span> <span class='ocrx_word' id='word_1_40' title='bbox 1233 528 1640 584; x_wconf 83' lang='lat' dir='ltr'><strong>commendare.</strong></span> <span class='ocrx_word' id='word_1_41' title='bbox 1667 546 1685 578; x_wconf 82' lang='grc' dir='ltr'><strong>ι</strong></span> <span class='ocrx_word' id='word_1_42' title='bbox 1715 526 2031 581; x_wconf 76' lang='lat' dir='ltr'><strong>l‘ortuensis</strong></span> 
     </span>
    </p>
   </div>
   <div class='ocr_carea' id='block_1_7' title="bbox 451 616 2033 694">
    <p class='ocr_par' dir='ltr' id='par_1_7' title="bbox 451 616 2033 694">
     <span class='ocr_line' id='line_1_7' title="bbox 451 616 2033 694; baseline -0.006 -15"><span class='ocrx_word' id='word_1_43' title='bbox 451 625 798 694; x_wconf 82' lang='lat' dir='ltr'><strong>episcopatus</strong></span> <span class='ocrx_word' id='word_1_44' title='bbox 838 621 1216 690; x_wconf 81' lang='lat' dir='ltr'><strong>antiquitatem</strong></span> <span class='ocrx_word' id='word_1_45' title='bbox 1251 618 1499 690; x_wconf 81' lang='lat' dir='ltr'><strong>Moynius</strong></span> <span class='ocrx_word' id='word_1_46' title='bbox 1525 618 1672 673; x_wconf 80' lang='lat' dir='ltr'><strong>facili</strong></span> <span class='ocrx_word' id='word_1_47' title='bbox 1703 617 1919 689; x_wconf 75' lang='lat' dir='ltr'><strong>negotio</strong></span> <span class='ocrx_word' id='word_1_48' title='bbox 1948 616 2033 671; x_wconf 89' lang='lat' dir='ltr'><strong>in-</strong></span> 
     </span>
    </p>
   </div>
   <div class='ocr_carea' id='block_1_8' title="bbox 453 711 2032 786">
    <p class='ocr_par' dir='ltr' id='par_1_8' title="bbox 453 711 2032 786">
     <span class='ocr_line' id='line_1_8' title="bbox 453 711 2032 786; baseline -0.003 -15"><span class='ocrx_word' id='word_1_49' title='bbox 453 716 664 786; x_wconf 85' lang='lat' dir='ltr'><strong>spicere</strong></span> <span class='ocrx_word' id='word_1_50' title='bbox 682 723 915 785; x_wconf 78' lang='lat' dir='ltr'><strong>poterat,</strong></span> <span class='ocrx_word' id='word_1_51' title='bbox 932 714 976 771; x_wconf 88' lang='lat' dir='ltr'><strong>si</strong></span> <span class='ocrx_word' id='word_1_52' title='bbox 1004 714 1348 768; x_wconf 88' lang='lat' dir='ltr'><strong>notissimum</strong></span> <span class='ocrx_word' id='word_1_53' title='bbox 1379 711 1719 782; x_wconf 63' lang='lat' dir='ltr'><strong>Geographie</strong></span> <span class='ocrx_word' id='word_1_54' title='bbox 1741 727 1910 767; x_wconf 72' lang='lat' dir='ltr'><strong>sacra</strong></span> <span class='ocrx_word' id='word_1_55' title='bbox 1933 726 2001 766; x_wconf 88' lang='lat' dir='ltr'><strong>vo</strong></span> <span class='ocrx_word' id='word_1_56' title='bbox 2017 740 2032 751; x_wconf 86' lang='lat'><em>-</em></span> 
     </span>
    </p>
   </div>
   <div class='ocr_carea' id='block_1_9' title="bbox 453 803 2033 874">
    <p class='ocr_par' dir='ltr' id='par_1_9' title="bbox 453 803 2033 874">
     <span class='ocr_line' id='line_1_9' title="bbox 453 803 2033 874; baseline -0.003 -12"><span class='ocrx_word' id='word_1_57' title='bbox 453 809 636 869; x_wconf 84' lang='lat' dir='ltr'><strong>lumen</strong></span> <span class='ocrx_word' id='word_1_58' title='bbox 652 823 682 862; x_wconf 88' lang='lat' dir='ltr'><strong>a</strong></span> <span class='ocrx_word' id='word_1_59' title='bbox 709 807 908 862; x_wconf 86' lang='lat' dir='ltr'><strong>Carolo</strong></span> <span class='ocrx_word' id='word_1_60' title='bbox 930 822 961 860; x_wconf 89' lang='lat' dir='ltr'><strong>a</strong></span> <span class='ocrx_word' id='word_1_61' title='bbox 990 804 1195 861; x_wconf 88' lang='lat' dir='ltr'><strong>Sancto</strong></span> <span class='ocrx_word' id='word_1_62' title='bbox 1217 804 1388 860; x_wconf 85' lang='lat' dir='ltr'><strong>Paulo</strong></span> <span class='ocrx_word' id='word_1_63' title='bbox 1408 804 1743 859; x_wconf 88' lang='lat' dir='ltr'><strong>elaboratum</strong></span> <span class='ocrx_word' id='word_1_64' title='bbox 1768 803 2033 874; x_wconf 87' lang='lat' dir='ltr'><strong>tantisper</strong></span> 
     </span>
    </p>
   </div>
   <div class='ocr_carea' id='block_1_10' title="bbox 453 896 2035 970">
    <p class='ocr_par' dir='ltr' id='par_1_10' title="bbox 453 896 2035 970">
     <span class='ocr_line' id='line_1_10' title="bbox 453 896 2035 970; baseline -0.003 -12"><span class='ocrx_word' id='word_1_65' title='bbox 453 901 841 965; x_wconf 86' lang='lat' dir='ltr'><strong>consuluisset,</strong></span> <span class='ocrx_word' id='word_1_66' title='bbox 894 916 997 956; x_wconf 82' lang='lat' dir='ltr'><strong>nec</strong></span> <span class='ocrx_word' id='word_1_67' title='bbox 1040 900 1157 957; x_wconf 91' lang='lat' dir='ltr'><strong>solo</strong></span> <span class='ocrx_word' id='word_1_68' title='bbox 1194 899 1408 970; x_wconf 81' lang='lat' dir='ltr'><strong>Ughelli</strong></span> <span class='ocrx_word' id='word_1_69' title='bbox 1453 897 1769 953; x_wconf 81' lang='lat' dir='ltr'><strong>testimonio</strong></span> <span class='ocrx_word' id='word_1_70' title='bbox 1815 896 2035 967; x_wconf 89' lang='lat' dir='ltr'><strong>acquie-</strong></span> 
     </span>
    </p>
   </div>
   <div class='ocr_carea' id='block_1_11' title="bbox 456 989 2033 1062">
    <p class='ocr_par' dir='ltr' id='par_1_11' title="bbox 456 989 2033 1062">
     <span class='ocr_line' id='line_1_11' title="bbox 456 989 2033 1062; baseline -0.004 -12"><span class='ocrx_word' id='word_1_71' title='bbox 456 1010 609 1050; x_wconf 85' lang='lat' dir='ltr'><strong>scere</strong></span> <span class='ocrx_word' id='word_1_72' title='bbox 655 992 956 1057; x_wconf 89' lang='lat' dir='ltr'><strong>maluisset,</strong></span> <span class='ocrx_word' id='word_1_73' title='bbox 1013 991 1108 1062; x_wconf 89' lang='lat' dir='ltr'><strong>qui</strong></span> <span class='ocrx_word' id='word_1_74' title='bbox 1161 999 1341 1045; x_wconf 89' lang='lat' dir='ltr'><strong>tamen</strong></span> <span class='ocrx_word' id='word_1_75' title='bbox 1393 1006 1502 1046; x_wconf 92' lang='lat' dir='ltr'><strong>non</strong></span> <span class='ocrx_word' id='word_1_76' title='bbox 1556 989 1851 1045; x_wconf 86' lang='lat' dir='ltr'><strong>admodum</strong></span> <span class='ocrx_word' id='word_1_77' title='bbox 1907 1005 2033 1047; x_wconf 87' lang='lat' dir='ltr'><strong>sero</strong></span> 
     </span>
    </p>
   </div>
   <div class='ocr_carea' id='block_1_12' title="bbox 458 1083 2031 1156">
    <p class='ocr_par' dir='ltr' id='par_1_12' title="bbox 458 1083 2031 1156">
     <span class='ocr_line' id='line_1_12' title="bbox 458 1083 2031 1156; baseline -0.002 -15"><span class='ocrx_word' id='word_1_78' title='bbox 458 1085 843 1142; x_wconf 86' lang='lat' dir='ltr'><strong>Portuensium</strong></span> <span class='ocrx_word' id='word_1_79' title='bbox 891 1085 1277 1156; x_wconf 85' lang='lat' dir='ltr'><strong>episcoporum</strong></span> <span class='ocrx_word' id='word_1_80' title='bbox 1330 1083 1527 1139; x_wconf 86' lang='lat' dir='ltr'><strong>seriem</strong></span> <span class='ocrx_word' id='word_1_81' title='bbox 1574 1083 1851 1139; x_wconf 80' lang='lat' dir='ltr'><strong>inchoavit</strong></span> <span class='ocrx_word' id='word_1_82' title='bbox 1894 1083 2031 1155; x_wconf 85' lang='lat'><strong>(50).</strong></span> 
     </span>
    </p>
   </div>
   <div class='ocr_carea' id='block_1_13' title="bbox 457 1176 2034 1250">
    <p class='ocr_par' dir='ltr' id='par_1_13' title="bbox 457 1176 2034 1250">
     <span class='ocr_line' id='line_1_13' title="bbox 457 1176 2034 1250; baseline -0.003 -15"><span class='ocrx_word' id='word_1_83' title='bbox 457 1180 690 1235; x_wconf 89' lang='lat' dir='ltr'><strong>Carolus</strong></span> <span class='ocrx_word' id='word_1_84' title='bbox 718 1195 748 1233; x_wconf 85' lang='lat' dir='ltr'><strong>a</strong></span> <span class='ocrx_word' id='word_1_85' title='bbox 784 1178 842 1233; x_wconf 92' lang='lat' dir='ltr'><strong>S.</strong></span> <span class='ocrx_word' id='word_1_86' title='bbox 869 1177 1039 1232; x_wconf 85' lang='lat' dir='ltr'><strong>Paulo</strong></span> <span class='ocrx_word' id='word_1_87' title='bbox 1058 1178 1171 1250; x_wconf 87' lang='grc'><strong>(51)</strong></span> <span class='ocrx_word' id='word_1_88' title='bbox 1195 1176 1516 1247; x_wconf 78' lang='lat' dir='ltr'><strong>Gregorium</strong></span> <span class='ocrx_word' id='word_1_89' title='bbox 1543 1176 1753 1241; x_wconf 82' lang='lat' dir='ltr'><strong>laudat,</strong></span> <span class='ocrx_word' id='word_1_90' title='bbox 1777 1176 1871 1247; x_wconf 89' lang='lat' dir='ltr'><strong>qui</strong></span> <span class='ocrx_word' id='word_1_91' title='bbox 1900 1191 2034 1232; x_wconf 91' lang='lat' dir='ltr'><strong>con-</strong></span> 
     </span>
    </p>
   </div>
   <div class='ocr_carea' id='block_1_14' title="bbox 457 1268 2032 1341">
    <p class='ocr_par' dir='ltr' id='par_1_14' title="bbox 457 1268 2032 1341">
     <span class='ocr_line' id='line_1_14' title="bbox 457 1268 2032 1341; baseline -0.003 -14"><span class='ocrx_word' id='word_1_92' title='bbox 457 1272 588 1327; x_wconf 91' lang='lat' dir='ltr'><strong>cilio</strong></span> <span class='ocrx_word' id='word_1_93' title='bbox 617 1270 921 1326; x_wconf 78' lang='lat' dir='ltr'><strong>Arelatensi</strong></span> <span class='ocrx_word' id='word_1_94' title='bbox 955 1270 1138 1341; x_wconf 84' lang='lat' dir='ltr'><strong>primo</strong></span> <span class='ocrx_word' id='word_1_95' title='bbox 1168 1268 1415 1324; x_wconf 83' lang='lat' dir='ltr'><strong>interfuit</strong></span> <span class='ocrx_word' id='word_1_96' title='bbox 1443 1278 1498 1324; x_wconf 91' lang='lat' dir='ltr'><strong>et</strong></span> <span class='ocrx_word' id='word_1_97' title='bbox 1533 1268 1859 1339; x_wconf 88' lang='lat' dir='ltr'><strong>subscripsit</strong></span> <span class='ocrx_word' id='word_1_98' title='bbox 1882 1268 2032 1341; x_wconf 73' lang='lat'><strong>(52);</strong></span> 
     </span>
    </p>
   </div>
   <div class='ocr_carea' id='block_1_15' title="bbox 461 1359 2033 1430">
    <p class='ocr_par' dir='ltr' id='par_1_15' title="bbox 461 1359 2033 1430">
     <span class='ocr_line' id='line_1_15' title="bbox 461 1359 2033 1430; baseline -0.002 -14"><span class='ocrx_word' id='word_1_99' title='bbox 461 1360 722 1429; x_wconf 78' lang='lat' dir='ltr'><strong>Ugltcllus</strong></span> <span class='ocrx_word' id='word_1_100' title='bbox 774 1360 1084 1416; x_wconf 82' lang='lat' dir='ltr'><strong>Romanum</strong></span> <span class='ocrx_word' id='word_1_101' title='bbox 1140 1360 1451 1430; x_wconf 88' lang='lat' dir='ltr'><strong>subjuugit,</strong></span> <span class='ocrx_word' id='word_1_102' title='bbox 1505 1360 1600 1430; x_wconf 88' lang='lat' dir='ltr'><strong>qui</strong></span> <span class='ocrx_word' id='word_1_103' title='bbox 1622 1359 1768 1415; x_wconf 90' lang='lat' dir='ltr'><strong>circa</strong></span> <span class='ocrx_word' id='word_1_104' title='bbox 1827 1374 2033 1413; x_wconf 90' lang='lat' dir='ltr'><strong>annum</strong></span> 
     </span>
    </p>
   </div>
   <div class='ocr_carea' id='block_1_16' title="bbox 464 1452 2035 1523">
    <p class='ocr_par' dir='ltr' id='par_1_16' title="bbox 464 1452 2035 1523">
     <span class='ocr_line' id='line_1_16' title="bbox 464 1452 2035 1523; baseline -0.003 -13"><span class='ocrx_word' id='word_1_105' title='bbox 464 1454 680 1511; x_wconf 86' lang='lat' dir='ltr'><strong>Domini</strong></span> <span class='ocrx_word' id='word_1_106' title='bbox 715 1454 821 1509; x_wconf 82' lang='lat'><strong>570</strong></span> <span class='ocrx_word' id='word_1_107' title='bbox 850 1454 1006 1514; x_wconf 87' lang='lat' dir='ltr'><strong>vixit,</strong></span> <span class='ocrx_word' id='word_1_108' title='bbox 1037 1462 1093 1507; x_wconf 91' lang='lat' dir='ltr'><strong>et</strong></span> <span class='ocrx_word' id='word_1_109' title='bbox 1120 1452 1378 1522; x_wconf 84' lang='lat' dir='ltr'><strong>deinceps</strong></span> <span class='ocrx_word' id='word_1_110' title='bbox 1424 1461 1690 1522; x_wconf 88' lang='lat' dir='ltr'><strong>utrosque</strong></span> <span class='ocrx_word' id='word_1_111' title='bbox 1727 1461 2035 1523; x_wconf 87' lang='lat' dir='ltr'><strong>sequuntur</strong></span> 
     </span>
    </p>
   </div>
   <div class='ocr_carea' id='block_1_17' title="bbox 461 1542 2034 1615">
    <p class='ocr_par' dir='ltr' id='par_1_17' title="bbox 461 1542 2034 1615">
     <span class='ocr_line' id='line_1_17' title="bbox 461 1542 2034 1615; baseline 0 -16"><span class='ocrx_word' id='word_1_112' title='bbox 461 1545 680 1613; x_wconf 81' lang='lat' dir='ltr'><strong>Petrus,</strong></span> <span class='ocrx_word' id='word_1_113' title='bbox 708 1544 929 1607; x_wconf 84' lang='lat' dir='ltr'><strong>Castus,</strong></span> <span class='ocrx_word' id='word_1_114' title='bbox 956 1545 1177 1615; x_wconf 86' lang='lat' dir='ltr'><strong>aliique.</strong></span> <span class='ocrx_word' id='word_1_115' title='bbox 1222 1544 1266 1604; x_wconf 77' lang='grc' dir='ltr'><strong>Α</strong></span> <span class='ocrx_word' id='word_1_116' title='bbox 1311 1543 1600 1600; x_wconf 84' lang='lat' dir='ltr'><strong>Portuensi</strong></span> <span class='ocrx_word' id='word_1_117' title='bbox 1630 1544 1885 1614; x_wconf 89' lang='lat' dir='ltr'><strong>episcopo</strong></span> <span class='ocrx_word' id='word_1_118' title='bbox 1920 1542 2034 1599; x_wconf 83' lang='lat' dir='ltr'><strong>Ro-</strong></span> 
     </span>
    </p>
   </div>
   <div class='ocr_carea' id='block_1_18' title="bbox 460 1637 2034 1709">
    <p class='ocr_par' dir='ltr' id='par_1_18' title="bbox 460 1637 2034 1709">
     <span class='ocr_line' id='line_1_18' title="bbox 460 1637 2034 1709; baseline -0.002 -13"><span class='ocrx_word' id='word_1_119' title='bbox 460 1655 684 1696; x_wconf 87' lang='lat' dir='ltr'><strong>manum</strong></span> <span class='ocrx_word' id='word_1_120' title='bbox 717 1639 1032 1709; x_wconf 87' lang='lat' dir='ltr'><strong>pontitlcem</strong></span> <span class='ocrx_word' id='word_1_121' title='bbox 1063 1637 1398 1702; x_wconf 85' lang='lat' dir='ltr'><strong>consecrari,</strong></span> <span class='ocrx_word' id='word_1_122' title='bbox 1424 1652 1512 1691; x_wconf 88' lang='lat' dir='ltr'><strong>res</strong></span> <span class='ocrx_word' id='word_1_123' title='bbox 1540 1652 1649 1692; x_wconf 93' lang='lat' dir='ltr'><strong>non</strong></span> <span class='ocrx_word' id='word_1_124' title='bbox 1680 1637 1816 1692; x_wconf 88' lang='lat' dir='ltr'><strong>adeo</strong></span> <span class='ocrx_word' id='word_1_125' title='bbox 1842 1652 2034 1693; x_wconf 85' lang='lat' dir='ltr'><strong>recens</strong></span> 
     </span>
    </p>
   </div>
   <div class='ocr_carea' id='block_1_19' title="bbox 2130 428 3619 503">
    <p class='ocr_par' dir='ltr' id='par_1_19' title="bbox 2130 428 3619 503">
     <span class='ocr_line' id='line_1_19' title="bbox 2130 428 3619 503; baseline -0.004 -13"><span class='ocrx_word' id='word_1_126' title='bbox 2130 435 2378 490; x_wconf 86' lang='lat' dir='ltr'><strong>dicamus</strong></span> <span class='ocrx_word' id='word_1_127' title='bbox 2433 442 2665 500; x_wconf 84' lang='lat' dir='ltr'><strong>temere,</strong></span> <span class='ocrx_word' id='word_1_128' title='bbox 2714 431 2885 503; x_wconf 89' lang='lat' dir='ltr'><strong>ipsius</strong></span> <span class='ocrx_word' id='word_1_129' title='bbox 2936 428 3295 499; x_wconf 82' lang='lat' dir='ltr'><strong>antiquitatem</strong></span> <span class='ocrx_word' id='word_1_130' title='bbox 3346 428 3396 483; x_wconf 93' lang='lat' dir='ltr'><strong>in</strong></span> <span class='ocrx_word' id='word_1_131' title='bbox 3439 428 3619 484; x_wconf 81' lang='lat' dir='ltr'><strong>dubium</strong></span> 
     </span>
    </p>
   </div>
   <div class='ocr_carea' id='block_1_20' title="bbox 2131 520 3621 590">
    <p class='ocr_par' dir='ltr' id='par_1_20' title="bbox 2131 520 3621 590">
     <span class='ocr_line' id='line_1_20' title="bbox 2131 520 3621 590; baseline -0.005 -8"><span class='ocrx_word' id='word_1_132' title='bbox 2131 542 2386 583; x_wconf 84' lang='lat' dir='ltr'><strong>revocare</strong></span> <span class='ocrx_word' id='word_1_133' title='bbox 2436 542 2606 581; x_wconf 91' lang='lat' dir='ltr'><strong>ausus</strong></span> <span class='ocrx_word' id='word_1_134' title='bbox 2648 534 2752 588; x_wconf 90' lang='lat' dir='ltr'><strong>est,</strong></span> <span class='ocrx_word' id='word_1_135' title='bbox 2797 533 2852 578; x_wconf 91' lang='lat' dir='ltr'><strong>et</strong></span> <span class='ocrx_word' id='word_1_136' title='bbox 2895 536 3019 580; x_wconf 88' lang='lat' dir='ltr'><strong>cum</strong></span> <span class='ocrx_word' id='word_1_137' title='bbox 3051 521 3328 590; x_wconf 82' lang='lat' dir='ltr'><strong>Gregorius</strong></span> <span class='ocrx_word' id='word_1_138' title='bbox 3362 520 3509 589; x_wconf 85' lang='lat' dir='ltr'><strong>ipsius</strong></span> <span class='ocrx_word' id='word_1_139' title='bbox 3532 523 3621 589; x_wconf 80' lang='lat' dir='ltr'><strong>epi-</strong></span> 
     </span>
    </p>
   </div>
   <div class='ocr_carea' id='block_1_21' title="bbox 2132 612 3625 691">
    <p class='ocr_par' dir='ltr' id='par_1_21' title="bbox 2132 612 3625 691">
     <span class='ocr_line' id='line_1_21' title="bbox 2132 612 3625 691; baseline -0.007 -13"><span class='ocrx_word' id='word_1_140' title='bbox 2132 636 2330 691; x_wconf 87' lang='lat' dir='ltr'><strong>scopus</strong></span> <span class='ocrx_word' id='word_1_141' title='bbox 2345 620 2579 675; x_wconf 89' lang='lat' dir='ltr'><strong>concilio</strong></span> <span class='ocrx_word' id='word_1_142' title='bbox 2595 616 2899 673; x_wconf 79' lang='lat' dir='ltr'><strong>Arelatensi</strong></span> <span class='ocrx_word' id='word_1_143' title='bbox 2932 614 3255 678; x_wconf 77' lang='lat' dir='ltr'><strong>interfuerit,</strong></span> <span class='ocrx_word' id='word_1_144' title='bbox 3271 612 3443 683; x_wconf 84' lang='lat' dir='ltr'><strong>paucis</strong></span> <span class='ocrx_word' id='word_1_145' title='bbox 3461 613 3625 668; x_wconf 75' lang='lat' dir='ltr'><strong>scilicet</strong></span> 
     </span>
    </p>
   </div>
   <div class='ocr_carea' id='block_1_22' title="bbox 2132 701 3625 780">
    <p class='ocr_par' dir='ltr' id='par_1_22' title="bbox 2132 701 3625 780">
     <span class='ocr_line' id='line_1_22' title="bbox 2132 701 3625 780; baseline -0.003 -15"><span class='ocrx_word' id='word_1_146' title='bbox 2132 711 2291 765; x_wconf 89' lang='lat' dir='ltr'><strong>annis</strong></span> <span class='ocrx_word' id='word_1_147' title='bbox 2346 720 2469 780; x_wconf 91' lang='lat' dir='ltr'><strong>post</strong></span> <span class='ocrx_word' id='word_1_148' title='bbox 2523 707 2790 764; x_wconf 84' lang='lat' dir='ltr'><strong>redditam</strong></span> <span class='ocrx_word' id='word_1_149' title='bbox 2839 704 3119 762; x_wconf 71' lang='lat' dir='ltr'><strong>catholicae</strong></span> <span class='ocrx_word' id='word_1_150' title='bbox 3164 701 3404 759; x_wconf 78' lang='lat' dir='ltr'><strong>Ecclesiae</strong></span> <span class='ocrx_word' id='word_1_151' title='bbox 3443 719 3625 774; x_wconf 88' lang='lat' dir='ltr'><strong>pacem,</strong></span> 
     </span>
    </p>
   </div>
   <div class='ocr_carea' id='block_1_23' title="bbox 2136 793 3627 869">
    <p class='ocr_par' dir='ltr' id='par_1_23' title="bbox 2136 793 3627 869">
     <span class='ocr_line' id='line_1_23' title="bbox 2136 793 3627 869; baseline -0.005 -14"><span class='ocrx_word' id='word_1_152' title='bbox 2136 800 2346 855; x_wconf 89' lang='lat' dir='ltr'><strong>nullum</strong></span> <span class='ocrx_word' id='word_1_153' title='bbox 2373 797 2681 869; x_wconf 80' lang='lat' dir='ltr'><strong>ambigendi</strong></span> <span class='ocrx_word' id='word_1_154' title='bbox 2708 798 2885 852; x_wconf 90' lang='lat' dir='ltr'><strong>locum</strong></span> <span class='ocrx_word' id='word_1_155' title='bbox 2912 807 3195 865; x_wconf 88' lang='lat' dir='ltr'><strong>superesse</strong></span> <span class='ocrx_word' id='word_1_156' title='bbox 3223 807 3502 859; x_wconf 84' lang='lat' dir='ltr'><strong>censemus,</strong></span> <span class='ocrx_word' id='word_1_157' title='bbox 3525 793 3627 863; x_wconf 88' lang='lat' dir='ltr'><strong>quin</strong></span> 
     </span>
    </p>
   </div>
   <div class='ocr_carea' id='block_1_24' title="bbox 2136 883 3631 960">
    <p class='ocr_par' dir='ltr' id='par_1_24' title="bbox 2136 883 3631 960">
     <span class='ocr_line' id='line_1_24' title="bbox 2136 883 3631 960; baseline -0.005 -13"><span class='ocrx_word' id='word_1_158' title='bbox 2136 891 2454 947; x_wconf 88' lang='lat' dir='ltr'><strong>Portuensis</strong></span> <span class='ocrx_word' id='word_1_159' title='bbox 2510 891 2857 960; x_wconf 88' lang='lat' dir='ltr'><strong>episcopatus</strong></span> <span class='ocrx_word' id='word_1_160' title='bbox 2922 884 3219 958; x_wconf 89' lang='lat' dir='ltr'><strong>primordia</strong></span> <span class='ocrx_word' id='word_1_161' title='bbox 3281 885 3346 939; x_wconf 91' lang='lat' dir='ltr'><strong>ab</strong></span> <span class='ocrx_word' id='word_1_162' title='bbox 3398 883 3631 956; x_wconf 77' lang='lat' dir='ltr'><strong>Hippolyto</strong></span> 
     </span>
    </p>
   </div>
   <div class='ocr_carea' id='block_1_25' title="bbox 2134 977 3633 1056">
    <p class='ocr_par' dir='ltr' id='par_1_25' title="bbox 2134 977 3633 1056">
     <span class='ocr_line' id='line_1_25' title="bbox 2134 977 3633 1056; baseline -0.007 -16"><span class='ocrx_word' id='word_1_163' title='bbox 2134 985 2428 1056; x_wconf 88' lang='lat' dir='ltr'><strong>repetenda</strong></span> <span class='ocrx_word' id='word_1_164' title='bbox 2489 999 2612 1040; x_wconf 88' lang='lat' dir='ltr'><strong>esse</strong></span> <span class='ocrx_word' id='word_1_165' title='bbox 2671 982 2998 1042; x_wconf 87' lang='lat' dir='ltr'><strong>credamus,</strong></span> <span class='ocrx_word' id='word_1_166' title='bbox 3043 979 3284 1048; x_wconf 88' lang='lat' dir='ltr'><strong>aliosque</strong></span> <span class='ocrx_word' id='word_1_167' title='bbox 3334 984 3447 1047; x_wconf 85' lang='lat' dir='ltr'><strong>post</strong></span> <span class='ocrx_word' id='word_1_168' title='bbox 3492 977 3633 1046; x_wconf 85' lang='lat' dir='ltr'><strong>ipsum</strong></span> 
     </span>
    </p>
   </div>
   <div class='ocr_carea' id='block_1_26' title="bbox 2134 1070 3636 1151">
    <p class='ocr_par' dir='ltr' id='par_1_26' title="bbox 2134 1070 3636 1151">
     <span class='ocr_line' id='line_1_26' title="bbox 2134 1070 3636 1151; baseline -0.007 -16"><span class='ocrx_word' id='word_1_169' title='bbox 2134 1081 2424 1151; x_wconf 82' lang='lat' dir='ltr'><strong>episcOpos</strong></span> <span class='ocrx_word' id='word_1_170' title='bbox 2451 1077 2807 1135; x_wconf 87' lang='lat' dir='ltr'><strong>Portuensem</strong></span> <span class='ocrx_word' id='word_1_171' title='bbox 2848 1074 3145 1131; x_wconf 82' lang='lat' dir='ltr'><strong>Ecclesiam</strong></span> <span class='ocrx_word' id='word_1_172' title='bbox 3174 1086 3340 1141; x_wconf 88' lang='lat' dir='ltr'><strong>usque</strong></span> <span class='ocrx_word' id='word_1_173' title='bbox 3377 1070 3437 1125; x_wconf 87' lang='lat' dir='ltr'><strong>ad</strong></span> <span class='ocrx_word' id='word_1_174' title='bbox 3470 1070 3636 1140; x_wconf 80' lang='lat' dir='ltr'><strong>Grego-</strong></span> 
     </span>
    </p>
   </div>
   <div class='ocr_carea' id='block_1_27' title="bbox 2137 1165 3639 1241">
    <p class='ocr_par' dir='ltr' id='par_1_27' title="bbox 2137 1165 3639 1241">
     <span class='ocr_line' id='line_1_27' title="bbox 2137 1165 3639 1241; baseline -0.008 -15"><span class='ocrx_word' id='word_1_175' title='bbox 2137 1172 2279 1226; x_wconf 89' lang='lat' dir='ltr'><strong>rium</strong></span> <span class='ocrx_word' id='word_1_176' title='bbox 2337 1170 2675 1234; x_wconf 81' lang='lat' dir='ltr'><strong>ohtinuisse,</strong></span> <span class='ocrx_word' id='word_1_177' title='bbox 2733 1168 3123 1241; x_wconf 83' lang='lat' dir='ltr'><strong>quinquaginta</strong></span> <span class='ocrx_word' id='word_1_178' title='bbox 3171 1165 3370 1220; x_wconf 87' lang='lat' dir='ltr'><strong>scilicet</strong></span> <span class='ocrx_word' id='word_1_179' title='bbox 3421 1177 3639 1217; x_wconf 86' lang='lat' dir='ltr'><strong>annorum</strong></span> 
     </span>
    </p>
   </div>
   <div class='ocr_carea' id='block_1_28' title="bbox 2136 1254 3640 1333">
    <p class='ocr_par' dir='ltr' id='par_1_28' title="bbox 2136 1254 3640 1333">
     <span class='ocr_line' id='line_1_28' title="bbox 2136 1254 3640 1333; baseline -0.008 -14"><span class='ocrx_word' id='word_1_180' title='bbox 2136 1262 2441 1320; x_wconf 88' lang='lat' dir='ltr'><strong>intervallo.</strong></span> <span class='ocrx_word' id='word_1_181' title='bbox 2467 1276 2703 1333; x_wconf 89' lang='lat' dir='ltr'><strong>quorum</strong></span> <span class='ocrx_word' id='word_1_182' title='bbox 2749 1260 2974 1323; x_wconf 86' lang='lat' dir='ltr'><strong>nomina</strong></span> <span class='ocrx_word' id='word_1_183' title='bbox 3014 1270 3314 1330; x_wconf 86' lang='lat' dir='ltr'><strong>temporum</strong></span> <span class='ocrx_word' id='word_1_184' title='bbox 3350 1254 3526 1325; x_wconf 83' lang='lat' dir='ltr'><strong>injuria</strong></span> <span class='ocrx_word' id='word_1_185' title='bbox 3544 1270 3640 1326; x_wconf 85' lang='lat' dir='ltr'><strong>pcr-</strong></span> 
     </span>
    </p>
   </div>
   <div class='ocr_carea' id='block_1_29' title="bbox 2137 1353 2476 1425">
    <p class='ocr_par' dir='ltr' id='par_1_29' title="bbox 2137 1353 2476 1425">
     <span class='ocr_line' id='line_1_29' title="bbox 2137 1353 2476 1425; baseline -0.006 -16"><span class='ocrx_word' id='word_1_186' title='bbox 2137 1356 2317 1409; x_wconf 89' lang='lat' dir='ltr'><strong>ieruut</strong></span> <span class='ocrx_word' id='word_1_187' title='bbox 2340 1353 2476 1425; x_wconf 84' lang='lat'><strong>(56&#39;).</strong></span> 
     </span>
    </p>
   </div>
   <div class='ocr_carea' id='block_1_30' title="bbox 2142 1440 3644 1518">
    <p class='ocr_par' dir='ltr' id='par_1_30' title="bbox 2142 1440 3644 1518">
     <span class='ocr_line' id='line_1_30' title="bbox 2142 1440 3644 1518; baseline -0.003 -16"><span class='ocrx_word' id='word_1_188' title='bbox 2142 1446 2336 1504; x_wconf 75' lang='lat' dir='ltr'><strong>XXVI.</strong></span> <span class='ocrx_word' id='word_1_189' title='bbox 2382 1446 2589 1518; x_wconf 75' lang='lat' dir='ltr'><strong>Moyuii</strong></span> <span class='ocrx_word' id='word_1_190' title='bbox 2618 1448 2876 1502; x_wconf 81' lang='lat' dir='ltr'><strong>divinatio</strong></span> <span class='ocrx_word' id='word_1_191' title='bbox 2905 1446 2970 1500; x_wconf 86' lang='lat' dir='ltr'><strong>de</strong></span> <span class='ocrx_word' id='word_1_192' title='bbox 2999 1445 3218 1518; x_wconf 72' lang='lat' dir='ltr'><strong>antiqua</strong></span> <span class='ocrx_word' id='word_1_193' title='bbox 3250 1443 3434 1510; x_wconf 71' lang='lat' dir='ltr'><strong>Partus</strong></span> <span class='ocrx_word' id='word_1_194' title='bbox 3465 1440 3644 1499; x_wconf 68' lang='lat' dir='ltr'><strong>Romani</strong></span> 
     </span>
    </p>
   </div>
   <div class='ocr_carea' id='block_1_31' title="bbox 2508 1515 3327 1586">
    <p class='ocr_par' dir='ltr' id='par_1_31' title="bbox 2508 1515 3327 1586">
     <span class='ocr_line' id='line_1_31' title="bbox 2508 1515 3327 1586; baseline -0.002 -13"><span class='ocrx_word' id='word_1_195' title='bbox 2508 1520 2646 1573; x_wconf 83' lang='lat' dir='ltr'><strong>acris</strong></span> <span class='ocrx_word' id='word_1_196' title='bbox 2677 1518 3051 1573; x_wconf 81' lang='lat' dir='ltr'><strong>insalubritate</strong></span> <span class='ocrx_word' id='word_1_197' title='bbox 3072 1515 3327 1586; x_wconf 78' lang='lat' dir='ltr'><strong>rejicitur.</strong></span> 
     </span>
    </p>
   </div>
   <div class='ocr_carea' id='block_1_32' title="bbox 2205 1611 3646 1697">
    <p class='ocr_par' dir='ltr' id='par_1_32' title="bbox 2205 1611 3646 1697">
     <span class='ocr_line' id='line_1_32' title="bbox 2205 1611 3646 1697; baseline -0.01 -17"><span class='ocrx_word' id='word_1_198' title='bbox 2205 1624 2316 1682; x_wconf 86' lang='lat' dir='ltr'><strong>Nec</strong></span> <span class='ocrx_word' id='word_1_199' title='bbox 2352 1627 2599 1694; x_wconf 86' lang='lat' dir='ltr'><strong>insurgat</strong></span> <span class='ocrx_word' id='word_1_200' title='bbox 2633 1623 2883 1697; x_wconf 78' lang='lat' dir='ltr'><strong>Moynius</strong></span> <span class='ocrx_word' id='word_1_201' title='bbox 2912 1623 3023 1679; x_wconf 89' lang='lat' dir='ltr'><strong>loc.</strong></span> <span class='ocrx_word' id='word_1_202' title='bbox 3068 1619 3314 1691; x_wconf 89' lang='lat' dir='ltr'><strong>proxime</strong></span> <span class='ocrx_word' id='word_1_203' title='bbox 3350 1616 3499 1673; x_wconf 90' lang='lat' dir='ltr'><strong>citato</strong></span> <span class='ocrx_word' id='word_1_204' title='bbox 3536 1611 3646 1682; x_wconf 87' lang='lat' dir='ltr'><strong>obji-</strong></span> 
     </span>
    </p>
   </div>
   <div class='ocr_carea' id='block_1_33' title="bbox 460 1698 3647 1800">
    <p class='ocr_par' dir='ltr' id='par_1_33' title="bbox 460 1698 3647 1800">
     <span class='ocr_line' id='line_1_33' title="bbox 460 1698 3647 1800; baseline -0.008 -15"><span class='ocrx_word' id='word_1_205' title='bbox 460 1742 581 1797; x_wconf 87' lang='lat' dir='ltr'><strong>est;</strong></span> <span class='ocrx_word' id='word_1_206' title='bbox 615 1698 741 1795; x_wconf 74' lang='lat' dir='ltr'><strong>nam</strong></span> <span class='ocrx_word' id='word_1_207' title='bbox 776 1746 842 1785; x_wconf 83' lang='lat' dir='ltr'><strong>ex</strong></span> <span class='ocrx_word' id='word_1_208' title='bbox 872 1730 1078 1784; x_wconf 85' lang='lat' dir='ltr'><strong>Dinrnu</strong></span> <span class='ocrx_word' id='word_1_209' title='bbox 1122 1698 1479 1783; x_wconf 71' lang='lat' dir='ltr'><strong>Romanorum</strong></span> <span class='ocrx_word' id='word_1_210' title='bbox 1516 1729 1845 1800; x_wconf 76' lang='lat' dir='ltr'><strong>pontiﬁcum,</strong></span> <span class='ocrx_word' id='word_1_211' title='bbox 1871 1744 2033 1799; x_wconf 89' lang='lat' dir='ltr'><strong>quem</strong></span> <span class='ocrx_word' id='word_1_212' title='bbox 2067 1698 2113 1758; x_wconf 64' lang='grc' dir='ltr'><strong>Β</strong></span> <span class='ocrx_word' id='word_1_213' title='bbox 2139 1717 2334 1775; x_wconf 84' lang='lat' dir='ltr'><strong>ciendo</strong></span> <span class='ocrx_word' id='word_1_214' title='bbox 2348 1716 2570 1772; x_wconf 84' lang='lat' dir='ltr'><strong>Portum</strong></span> <span class='ocrx_word' id='word_1_215' title='bbox 2594 1714 3041 1782; x_wconf 69' lang='lat' dir='ltr'><strong>liomanum,aeri</strong></span> <span class='ocrx_word' id='word_1_216' title='bbox 3064 1704 3367 1768; x_wconf 79' lang='lat' dir='ltr'><strong>inclementi</strong></span> <span class='ocrx_word' id='word_1_217' title='bbox 3382 1706 3647 1800; x_wconf 68' lang='lat' dir='ltr'><strong>obnoxium,</strong></span> 
     </span>
    </p>
   </div>
   <div class='ocr_carea' id='block_1_34' title="bbox 461 1819 2041 1896">
    <p class='ocr_par' dir='ltr' id='par_1_34' title="bbox 461 1819 2041 1896">
     <span class='ocr_line' id='line_1_34' title="bbox 461 1819 2041 1896; baseline -0.003 -16"><span class='ocrx_word' id='word_1_218' title='bbox 461 1824 748 1880; x_wconf 87' lang='lat' dir='ltr'><strong>collectum</strong></span> <span class='ocrx_word' id='word_1_219' title='bbox 781 1830 906 1892; x_wconf 90' lang='lat' dir='ltr'><strong>post</strong></span> <span class='ocrx_word' id='word_1_220' title='bbox 938 1837 1140 1876; x_wconf 89' lang='lat' dir='ltr'><strong>annum</strong></span> <span class='ocrx_word' id='word_1_221' title='bbox 1163 1820 1269 1876; x_wconf 82' lang='lat'><strong>685</strong></span> <span class='ocrx_word' id='word_1_222' title='bbox 1303 1821 1493 1877; x_wconf 77' lang='lat' dir='ltr'><strong>scribit</strong></span> <span class='ocrx_word' id='word_1_223' title='bbox 1519 1820 1639 1891; x_wconf 90' lang='lat' dir='ltr'><strong>ejus</strong></span> <span class='ocrx_word' id='word_1_224' title='bbox 1669 1821 1847 1896; x_wconf 77' lang='lat' dir='ltr'><strong>editor</strong></span> <span class='ocrx_word' id='word_1_225' title='bbox 1873 1819 2041 1875; x_wconf 80' lang='lat' dir='ltr'><strong>Joan-</strong></span> 
     </span>
    </p>
   </div>
   <div class='ocr_carea' id='block_1_35' title="bbox 463 1908 2040 1980">
    <p class='ocr_par' dir='ltr' id='par_1_35' title="bbox 463 1908 2040 1980">
     <span class='ocr_line' id='line_1_35' title="bbox 463 1908 2040 1980; baseline 0.001 -16"><span class='ocrx_word' id='word_1_226' title='bbox 463 1925 560 1964; x_wconf 90' lang='lat' dir='ltr'><strong>ncs</strong></span> <span class='ocrx_word' id='word_1_227' title='bbox 597 1908 927 1973; x_wconf 84' lang='lat' dir='ltr'><strong>Garnerius,</strong></span> <span class='ocrx_word' id='word_1_228' title='bbox 981 1917 1203 1964; x_wconf 83' lang='lat' dir='ltr'><strong>constat</strong></span> <span class='ocrx_word' id='word_1_229' title='bbox 1240 1910 1352 1979; x_wconf 83' lang='lat' dir='ltr'><strong>jam</strong></span> <span class='ocrx_word' id='word_1_230' title='bbox 1408 1918 1537 1964; x_wconf 89' lang='lat' dir='ltr'><strong>tunc</strong></span> <span class='ocrx_word' id='word_1_231' title='bbox 1584 1909 1847 1980; x_wconf 88' lang='lat' dir='ltr'><strong>temporis</strong></span> <span class='ocrx_word' id='word_1_232' title='bbox 1893 1910 2040 1965; x_wconf 89' lang='lat' dir='ltr'><strong>hunc</strong></span> 
     </span>
    </p>
   </div>
   <div class='ocr_carea' id='block_1_36' title="bbox 463 2000 2034 2071">
    <p class='ocr_par' dir='ltr' id='par_1_36' title="bbox 463 2000 2034 2071">
     <span class='ocr_line' id='line_1_36' title="bbox 463 2000 2034 2071; baseline 0 -14"><span class='ocrx_word' id='word_1_233' title='bbox 463 2016 667 2061; x_wconf 88' lang='lat' dir='ltr'><strong>morem</strong></span> <span class='ocrx_word' id='word_1_234' title='bbox 709 2000 1024 2067; x_wconf 86' lang='lat' dir='ltr'><strong>invaluisse,</strong></span> <span class='ocrx_word' id='word_1_235' title='bbox 1055 2009 1116 2056; x_wconf 90' lang='lat' dir='ltr'><strong>ut</strong></span> <span class='ocrx_word' id='word_1_236' title='bbox 1155 2002 1443 2071; x_wconf 89' lang='lat' dir='ltr'><strong>episcopus</strong></span> <span class='ocrx_word' id='word_1_237' title='bbox 1482 2001 1800 2057; x_wconf 87' lang='lat' dir='ltr'><strong>Portnensis</strong></span> <span class='ocrx_word' id='word_1_238' title='bbox 1842 2016 2034 2057; x_wconf 84' lang='lat' dir='ltr'><strong>conse-</strong></span> 
     </span>
    </p>
   </div>
   <div class='ocr_carea' id='block_1_37' title="bbox 462 2093 2039 2165">
    <p class='ocr_par' dir='ltr' id='par_1_37' title="bbox 462 2093 2039 2165">
     <span class='ocr_line' id='line_1_37' title="bbox 462 2093 2039 2165; baseline -0.001 -15"><span class='ocrx_word' id='word_1_239' title='bbox 462 2094 691 2150; x_wconf 88' lang='lat' dir='ltr'><strong>crationi</strong></span> <span class='ocrx_word' id='word_1_240' title='bbox 741 2093 971 2148; x_wconf 79' lang='lat' dir='ltr'><strong>Romani</strong></span> <span class='ocrx_word' id='word_1_241' title='bbox 1021 2093 1297 2164; x_wconf 75' lang='lat' dir='ltr'><strong>pontificis</strong></span> <span class='ocrx_word' id='word_1_242' title='bbox 1342 2095 1627 2149; x_wconf 81' lang='lat' dir='ltr'><strong>interesset</strong></span> <span class='ocrx_word' id='word_1_243' title='bbox 1663 2094 1801 2165; x_wconf 85' lang='grc'><strong>(55).</strong></span> <span class='ocrx_word' id='word_1_244' title='bbox 1866 2093 1937 2148; x_wconf 85' lang='lat' dir='ltr'><strong>At</strong></span> <span class='ocrx_word' id='word_1_245' title='bbox 1991 2094 2039 2149; x_wconf 92' lang='lat' dir='ltr'><strong>si</strong></span> 
     </span>
    </p>
   </div>
   <div class='ocr_carea' id='block_1_38' title="bbox 464 2184 2039 2255">
    <p class='ocr_par' dir='ltr' id='par_1_38' title="bbox 464 2184 2039 2255">
     <span class='ocr_line' id='line_1_38' title="bbox 464 2184 2039 2255; baseline -0.001 -13"><span class='ocrx_word' id='word_1_246' title='bbox 464 2186 654 2242; x_wconf 89' lang='lat' dir='ltr'><strong>sedqu</strong></span> <span class='ocrx_word' id='word_1_247' title='bbox 683 2200 799 2240; x_wconf 86' lang='lat' dir='ltr'><strong>rem</strong></span> <span class='ocrx_word' id='word_1_248' title='bbox 835 2186 1007 2255; x_wconf 85' lang='lat' dir='ltr'><strong>ipsam</strong></span> <span class='ocrx_word' id='word_1_249' title='bbox 1040 2184 1423 2255; x_wconf 86' lang='lat' dir='ltr'><strong>inspiciamus,</strong></span> <span class='ocrx_word' id='word_1_250' title='bbox 1468 2184 1701 2255; x_wconf 87' lang='lat' dir='ltr'><strong>hujusce</strong></span> <span class='ocrx_word' id='word_1_251' title='bbox 1742 2185 1883 2241; x_wconf 90' lang='lat' dir='ltr'><strong>ritus</strong></span> <span class='ocrx_word' id='word_1_252' title='bbox 1924 2184 2039 2255; x_wconf 88' lang='lat' dir='ltr'><strong>pri-</strong></span> 
     </span>
    </p>
   </div>
   <div class='ocr_carea' id='block_1_39' title="bbox 465 2275 2040 2333">
    <p class='ocr_par' dir='ltr' id='par_1_39' title="bbox 465 2275 2040 2333">
     <span class='ocr_line' id='line_1_39' title="bbox 465 2275 2040 2333; baseline -0.003 0"><span class='ocrx_word' id='word_1_253' title='bbox 465 2278 674 2333; x_wconf 89' lang='lat' dir='ltr'><strong>mordia</strong></span> <span class='ocrx_word' id='word_1_254' title='bbox 702 2279 756 2332; x_wconf 95' lang='lat' dir='ltr'><strong>in</strong></span> <span class='ocrx_word' id='word_1_255' title='bbox 784 2276 1032 2332; x_wconf 82' lang='lat' dir='ltr'><strong>Romana</strong></span> <span class='ocrx_word' id='word_1_256' title='bbox 1070 2275 1309 2332; x_wconf 87' lang='lat' dir='ltr'><strong>Ecclesia</strong></span> <span class='ocrx_word' id='word_1_257' title='bbox 1337 2277 1708 2333; x_wconf 83' lang='lat' dir='ltr'><strong>vetustissima</strong></span> <span class='ocrx_word' id='word_1_258' title='bbox 1738 2292 1861 2332; x_wconf 87' lang='lat' dir='ltr'><strong>esse</strong></span> <span class='ocrx_word' id='word_1_259' title='bbox 1880 2292 2040 2332; x_wconf 90' lang='lat' dir='ltr'><strong>nemo</strong></span> 
     </span>
    </p>
   </div>
   <div class='ocr_carea' id='block_1_40' title="bbox 465 2367 2039 2440">
    <p class='ocr_par' dir='ltr' id='par_1_40' title="bbox 465 2367 2039 2440">
     <span class='ocr_line' id='line_1_40' title="bbox 465 2367 2039 2440; baseline -0.001 -16"><span class='ocrx_word' id='word_1_260' title='bbox 465 2368 766 2434; x_wconf 83' lang='lat' dir='ltr'><strong>dubitabit,</strong></span> <span class='ocrx_word' id='word_1_261' title='bbox 802 2384 927 2424; x_wconf 90' lang='lat' dir='ltr'><strong>cum</strong></span> <span class='ocrx_word' id='word_1_262' title='bbox 962 2367 1023 2423; x_wconf 92' lang='lat' dir='ltr'><strong>S.</strong></span> <span class='ocrx_word' id='word_1_263' title='bbox 1064 2367 1354 2424; x_wconf 87' lang='lat' dir='ltr'><strong>Cornelius</strong></span> <span class='ocrx_word' id='word_1_264' title='bbox 1390 2383 1529 2438; x_wconf 92' lang='lat' dir='ltr'><strong>papa</strong></span> <span class='ocrx_word' id='word_1_265' title='bbox 1568 2369 1713 2440; x_wconf 86' lang='lat' dir='ltr'><strong>apud</strong></span> <span class='ocrx_word' id='word_1_266' title='bbox 1744 2368 2039 2423; x_wconf 87' lang='lat' dir='ltr'><strong>Eusebium</strong></span> 
     </span>
    </p>
   </div>
   <div class='ocr_carea' id='block_1_41' title="bbox 472 2459 2035 2531">
    <p class='ocr_par' dir='ltr' id='par_1_41' title="bbox 472 2459 2035 2531">
     <span class='ocr_line' id='line_1_41' title="bbox 472 2459 2035 2531; baseline 0.001 -20"><span class='ocrx_word' id='word_1_267' title='bbox 472 2480 492 2511; x_wconf 79' lang='grc' dir='ltr'><strong>ι</strong></span> <span class='ocrx_word' id='word_1_268' title='bbox 512 2461 887 2515; x_wconf 89' lang='lat' dir='ltr'><strong>adumbratam</strong></span> <span class='ocrx_word' id='word_1_269' title='bbox 917 2460 1064 2515; x_wconf 93' lang='lat' dir='ltr'><strong>inani</strong></span> <span class='ocrx_word' id='word_1_270' title='bbox 1090 2459 1326 2530; x_wconf 89' lang='lat' dir='ltr'><strong>quadam</strong></span> <span class='ocrx_word' id='word_1_271' title='bbox 1355 2475 1619 2514; x_wconf 86' lang='lat' dir='ltr'><strong>manuum</strong></span> <span class='ocrx_word' id='word_1_272' title='bbox 1644 2459 1992 2531; x_wconf 88' lang='lat' dir='ltr'><strong>impositione</strong></span> <span class='ocrx_word' id='word_1_273' title='bbox 2016 2479 2035 2513; x_wconf 78' lang='grc' dir='ltr'><strong>ι</strong></span> 
     </span>
    </p>
   </div>
   <div class='ocr_carea' id='block_1_42' title="bbox 466 2550 2043 2623">
    <p class='ocr_par' dir='ltr' id='par_1_42' title="bbox 466 2550 2043 2623">
     <span class='ocr_line' id='line_1_42' title="bbox 466 2550 2043 2623; baseline 0.003 -17"><span class='ocrx_word' id='word_1_274' title='bbox 466 2550 755 2606; x_wconf 84' lang='lat' dir='ltr'><strong>Novatiaui</strong></span> <span class='ocrx_word' id='word_1_275' title='bbox 780 2552 1181 2608; x_wconf 87' lang='lat' dir='ltr'><strong>ordinationem</strong></span> <span class='ocrx_word' id='word_1_276' title='bbox 1235 2551 1467 2622; x_wconf 88' lang='lat' dir='ltr'><strong>appellet</strong></span> <span class='ocrx_word' id='word_1_277' title='bbox 1496 2551 1632 2622; x_wconf 68' lang='grc'><strong>(56),</strong></span> <span class='ocrx_word' id='word_1_278' title='bbox 1674 2567 1744 2607; x_wconf 92' lang='lat' dir='ltr'><strong>eo</strong></span> <span class='ocrx_word' id='word_1_279' title='bbox 1782 2552 1948 2623; x_wconf 86' lang='lat' dir='ltr'><strong>quod,</strong></span> <span class='ocrx_word' id='word_1_280' title='bbox 1982 2563 2043 2610; x_wconf 89' lang='lat' dir='ltr'><strong>ut</strong></span> 
     </span>
    </p>
   </div>
   <div class='ocr_carea' id='block_1_43' title="bbox 469 2643 2043 2714">
    <p class='ocr_par' dir='ltr' id='par_1_43' title="bbox 469 2643 2043 2714">
     <span class='ocr_line' id='line_1_43' title="bbox 469 2643 2043 2714; baseline 0.002 -15"><span class='ocrx_word' id='word_1_281' title='bbox 469 2644 649 2714; x_wconf 87' lang='lat' dir='ltr'><strong>inquit</strong></span> <span class='ocrx_word' id='word_1_282' title='bbox 681 2643 951 2700; x_wconf 82' lang='lat' dir='ltr'><strong>Henricus</strong></span> <span class='ocrx_word' id='word_1_283' title='bbox 985 2643 1236 2700; x_wconf 80' lang='lat' dir='ltr'><strong>Valesius</strong></span> <span class='ocrx_word' id='word_1_284' title='bbox 1257 2684 1274 2711; x_wconf 90' lang='lat'><strong>,</strong></span> <span class='ocrx_word' id='word_1_285' title='bbox 1330 2644 1473 2699; x_wconf 78' lang='lat' dir='ltr'><strong>facta</strong></span> <span class='ocrx_word' id='word_1_286' title='bbox 1522 2654 1671 2701; x_wconf 87' lang='lat' dir='ltr'><strong>esset</strong></span> <span class='ocrx_word' id='word_1_287' title='bbox 1706 2645 1774 2700; x_wconf 93' lang='lat' dir='ltr'><strong>ab</strong></span> <span class='ocrx_word' id='word_1_288' title='bbox 1820 2646 2043 2702; x_wconf 89' lang='lat' dir='ltr'><strong>alterius</strong></span> 
     </span>
    </p>
   </div>
   <div class='ocr_carea' id='block_1_44' title="bbox 470 2738 2041 2808">
    <p class='ocr_par' dir='ltr' id='par_1_44' title="bbox 470 2738 2041 2808">
     <span class='ocr_line' id='line_1_44' title="bbox 470 2738 2041 2808; baseline 0.002 -17"><span class='ocrx_word' id='word_1_289' title='bbox 470 2738 766 2807; x_wconf 64' lang='lat' dir='ltr'><strong>provinciae</strong></span> <span class='ocrx_word' id='word_1_290' title='bbox 811 2738 1117 2807; x_wconf 87' lang='lat' dir='ltr'><strong>episcopis,</strong></span> <span class='ocrx_word' id='word_1_291' title='bbox 1161 2753 1269 2795; x_wconf 88' lang='lat' dir='ltr'><strong>non</strong></span> <span class='ocrx_word' id='word_1_292' title='bbox 1295 2739 1364 2793; x_wconf 85' lang='lat' dir='ltr'><strong>ah</strong></span> <span class='ocrx_word' id='word_1_293' title='bbox 1416 2738 1484 2793; x_wconf 90' lang='lat' dir='ltr'><strong>iis</strong></span> <span class='ocrx_word' id='word_1_294' title='bbox 1541 2738 1637 2808; x_wconf 91' lang='lat' dir='ltr'><strong>qui</strong></span> <span class='ocrx_word' id='word_1_295' title='bbox 1686 2738 2041 2795; x_wconf 89' lang='lat' dir='ltr'><strong>consecrandi</strong></span> 
     </span>
    </p>
   </div>
   <div class='ocr_carea' id='block_1_45' title="bbox 469 2829 2045 2905">
    <p class='ocr_par' dir='ltr' id='par_1_45' title="bbox 469 2829 2045 2905">
     <span class='ocr_line' id='line_1_45' title="bbox 469 2829 2045 2905; baseline 0.003 -22"><span class='ocrx_word' id='word_1_296' title='bbox 469 2829 743 2900; x_wconf 82' lang='lat' dir='ltr'><strong>pontiﬁcis</strong></span> <span class='ocrx_word' id='word_1_297' title='bbox 774 2829 1009 2885; x_wconf 80' lang='lat' dir='ltr'><strong>Romani</strong></span> <span class='ocrx_word' id='word_1_298' title='bbox 1046 2830 1141 2900; x_wconf 85' lang='lat' dir='ltr'><strong>jus</strong></span> <span class='ocrx_word' id='word_1_299' title='bbox 1167 2830 1443 2889; x_wconf 81' lang='lat' dir='ltr'><strong>habebant</strong></span> <span class='ocrx_word' id='word_1_300' title='bbox 1483 2833 1619 2905; x_wconf 86' lang='lat'><strong>(55).</strong></span> <span class='ocrx_word' id='word_1_301' title='bbox 1648 2832 1785 2889; x_wconf 82' lang='lat' dir='ltr'><strong>Hinc</strong></span> <span class='ocrx_word' id='word_1_302' title='bbox 1824 2843 2045 2903; x_wconf 89' lang='lat' dir='ltr'><strong>apparet</strong></span> 
     </span>
    </p>
   </div>
   <div class='ocr_carea' id='block_1_46' title="bbox 470 2922 2041 2992">
    <p class='ocr_par' dir='ltr' id='par_1_46' title="bbox 470 2922 2041 2992">
     <span class='ocr_line' id='line_1_46' title="bbox 470 2922 2041 2992; baseline 0.003 -16"><span class='ocrx_word' id='word_1_303' title='bbox 470 2938 633 2992; x_wconf 90' lang='lat' dir='ltr'><strong>quam</strong></span> <span class='ocrx_word' id='word_1_304' title='bbox 669 2922 939 2980; x_wconf 90' lang='lat' dir='ltr'><strong>immenso</strong></span> <span class='ocrx_word' id='word_1_305' title='bbox 974 2924 1263 2980; x_wconf 84' lang='lat' dir='ltr'><strong>vetustatis</strong></span> <span class='ocrx_word' id='word_1_306' title='bbox 1304 2924 1590 2982; x_wconf 89' lang='lat' dir='ltr'><strong>intervallo</strong></span> <span class='ocrx_word' id='word_1_307' title='bbox 1629 2925 2041 2981; x_wconf 79' lang='lat' dir='ltr'><strong>Homtcritarum</strong></span> 
     </span>
    </p>
   </div>
   <div class='ocr_carea' id='block_1_47' title="bbox 472 3014 2041 3088">
    <p class='ocr_par' dir='ltr' id='par_1_47' title="bbox 472 3014 2041 3088">
     <span class='ocr_line' id='line_1_47' title="bbox 472 3014 2041 3088; baseline 0.001 -19"><span class='ocrx_word' id='word_1_308' title='bbox 472 3015 744 3071; x_wconf 83' lang='lat' dir='ltr'><strong>Ecclesias</strong></span> <span class='ocrx_word' id='word_1_309' title='bbox 767 3014 1089 3071; x_wconf 83' lang='lat' dir='ltr'><strong>Portuensis</strong></span> <span class='ocrx_word' id='word_1_310' title='bbox 1118 3016 1437 3081; x_wconf 88' lang='lat' dir='ltr'><strong>antecellat;</strong></span> <span class='ocrx_word' id='word_1_311' title='bbox 1468 3016 1674 3073; x_wconf 92' lang='lat' dir='ltr'><strong>idcirco</strong></span> <span class='ocrx_word' id='word_1_312' title='bbox 1702 3019 1873 3088; x_wconf 90' lang='lat' dir='ltr'><strong>ipsam</strong></span> <span class='ocrx_word' id='word_1_313' title='bbox 1901 3018 2041 3071; x_wconf 89' lang='lat' dir='ltr'><strong>inter</strong></span> 
     </span>
    </p>
   </div>
   <div class='ocr_carea' id='block_1_48' title="bbox 474 3106 2041 3179">
    <p class='ocr_par' dir='ltr' id='par_1_48' title="bbox 474 3106 2041 3179">
     <span class='ocr_line' id='line_1_48' title="bbox 474 3106 2041 3179; baseline 0 -17"><span class='ocrx_word' id='word_1_314' title='bbox 474 3107 887 3179; x_wconf 88' lang='lat' dir='ltr'><strong>antiquissimas</strong></span> <span class='ocrx_word' id='word_1_315' title='bbox 912 3108 1083 3164; x_wconf 89' lang='lat' dir='ltr'><strong>totius</strong></span> <span class='ocrx_word' id='word_1_316' title='bbox 1116 3106 1282 3164; x_wconf 67' lang='lat' dir='ltr'><strong>Italia:</strong></span> <span class='ocrx_word' id='word_1_317' title='bbox 1314 3109 1471 3165; x_wconf 89' lang='lat' dir='ltr'><strong>sedes</strong></span> <span class='ocrx_word' id='word_1_318' title='bbox 1500 3110 1888 3166; x_wconf 87' lang='lat' dir='ltr'><strong>recensendam</strong></span> <span class='ocrx_word' id='word_1_319' title='bbox 1920 3122 2041 3163; x_wconf 89' lang='lat' dir='ltr'><strong>esse</strong></span> 
     </span>
    </p>
   </div>
   <div class='ocr_carea' id='block_1_49' title="bbox 549 3372 2042 3448">
    <p class='ocr_par' dir='ltr' id='par_1_49' title="bbox 549 3372 2042 3448">
     <span class='ocr_line' id='line_1_49' title="bbox 549 3372 2042 3448; baseline -0.003 -16"><span class='ocrx_word' id='word_1_320' title='bbox 549 3375 663 3448; x_wconf 83' lang='lat'><strong>(50)</strong></span> <span class='ocrx_word' id='word_1_321' title='bbox 704 3374 835 3431; x_wconf 82' lang='lat' dir='ltr'><strong>Ital.</strong></span> <span class='ocrx_word' id='word_1_322' title='bbox 863 3383 1193 3448; x_wconf 72' lang='lat' dir='ltr'><strong>sacr._,_tom.</strong></span> <span class='ocrx_word' id='word_1_323' title='bbox 1227 3373 1269 3440; x_wconf 90' lang='lat' dir='ltr'><strong>l,</strong></span> <span class='ocrx_word' id='word_1_324' title='bbox 1299 3390 1421 3448; x_wconf 69' lang='lat' dir='ltr'><strong>pag.</strong></span> <span class='ocrx_word' id='word_1_325' title='bbox 1456 3372 1491 3429; x_wconf 89' lang='grc'><strong>5</strong></span> <span class='ocrx_word' id='word_1_326' title='bbox 1527 3373 1659 3430; x_wconf 89' lang='lat' dir='ltr'><strong>edit.</strong></span> <span class='ocrx_word' id='word_1_327' title='bbox 1696 3372 1915 3448; x_wconf 62' lang='lat' dir='ltr'><strong>Venetae</strong></span> <span class='ocrx_word' id='word_1_328' title='bbox 1942 3389 2042 3429; x_wconf 84' lang='lat' dir='ltr'><strong>an-</strong></span> 
     </span>
    </p>
   </div>
   <div class='ocr_carea' id='block_1_50' title="bbox 477 3444 2043 3516">
    <p class='ocr_par' dir='ltr' id='par_1_50' title="bbox 477 3444 2043 3516">
     <span class='ocr_line' id='line_1_50' title="bbox 477 3444 2043 3516; baseline -0.003 -12"><span class='ocrx_word' id='word_1_329' title='bbox 477 3450 532 3504; x_wconf 90' lang='lat' dir='ltr'><strong>ni</strong></span> <span class='ocrx_word' id='word_1_330' title='bbox 560 3444 723 3507; x_wconf 67' lang='grc'><strong>⁷1717,</strong></span> <span class='ocrx_word' id='word_1_331' title='bbox 753 3455 877 3515; x_wconf 86' lang='lat' dir='ltr'><strong>post</strong></span> <span class='ocrx_word' id='word_1_332' title='bbox 907 3446 964 3500; x_wconf 82' lang='lat' dir='ltr'><strong>S.</strong></span> <span class='ocrx_word' id='word_1_333' title='bbox 997 3446 1340 3516; x_wconf 83' lang='lat' dir='ltr'><strong>Hippolytum</strong></span> <span class='ocrx_word' id='word_1_334' title='bbox 1385 3444 1690 3516; x_wconf 56' lang='lat' dir='ltr'><strong>Romanum</strong></span> <span class='ocrx_word' id='word_1_335' title='bbox 1731 3444 2043 3516; x_wconf 75' lang='lat' dir='ltr'><strong>episcopum</strong></span> 
     </span>
    </p>
   </div>
   <div class='ocr_carea' id='block_1_51' title="bbox 478 3513 2043 3587">
    <p class='ocr_par' dir='ltr' id='par_1_51' title="bbox 478 3513 2043 3587">
     <span class='ocr_line' id='line_1_51' title="bbox 478 3513 2043 3587; baseline -0.001 -14"><span class='ocrx_word' id='word_1_336' title='bbox 478 3533 622 3573; x_wconf 90' lang='lat' dir='ltr'><strong>anno</strong></span> <span class='ocrx_word' id='word_1_337' title='bbox 662 3513 769 3572; x_wconf 74' lang='lat'><strong>370</strong></span> <span class='ocrx_word' id='word_1_338' title='bbox 796 3513 1089 3587; x_wconf 80' lang='lat' dir='ltr'><strong>recensuit,</strong></span> <span class='ocrx_word' id='word_1_339' title='bbox 1108 3513 1370 3587; x_wconf 77' lang='lat' dir='ltr'><strong>quamvis</strong></span> <span class='ocrx_word' id='word_1_340' title='bbox 1397 3513 1691 3579; x_wconf 81' lang='lat' dir='ltr'><strong>Lucentius</strong></span> <span class='ocrx_word' id='word_1_341' title='bbox 1720 3513 2043 3586; x_wconf 71' lang='lat' dir='ltr'><strong>Gregorium</strong></span> 
     </span>
    </p>
   </div>
   <div class='ocr_carea' id='block_1_52' title="bbox 480 3586 1034 3655">
    <p class='ocr_par' dir='ltr' id='par_1_52' title="bbox 480 3586 1034 3655">
     <span class='ocr_line' id='line_1_52' title="bbox 480 3586 1034 3655; baseline 0.002 -14"><span class='ocrx_word' id='word_1_342' title='bbox 480 3587 673 3642; x_wconf 86' lang='lat' dir='ltr'><strong>deinde</strong></span> <span class='ocrx_word' id='word_1_343' title='bbox 699 3586 1034 3655; x_wconf 89' lang='lat' dir='ltr'><strong>produxerit.</strong></span> 
     </span>
    </p>
   </div>
   <div class='ocr_carea' id='block_1_53' title="bbox 549 3655 1594 3728">
    <p class='ocr_par' dir='ltr' id='par_1_53' title="bbox 549 3655 1594 3728">
     <span class='ocr_line' id='line_1_53' title="bbox 549 3655 1594 3728; baseline 0 -17"><span class='ocrx_word' id='word_1_344' title='bbox 549 3657 663 3721; x_wconf 84' lang='grc'><strong>(51)</strong></span> <span class='ocrx_word' id='word_1_345' title='bbox 701 3656 998 3727; x_wconf 78' lang='lat' dir='ltr'><strong>Geograph.</strong></span> <span class='ocrx_word' id='word_1_346' title='bbox 1023 3676 1162 3713; x_wconf 71' lang='grc' dir='ltr'><strong>δεον.</strong></span> <span class='ocrx_word' id='word_1_347' title='bbox 1202 3656 1400 3723; x_wconf 66' lang='lat' dir='ltr'><strong>Italica,</strong></span> <span class='ocrx_word' id='word_1_348' title='bbox 1424 3671 1479 3728; x_wconf 88' lang='lat' dir='ltr'><strong>p.</strong></span> <span class='ocrx_word' id='word_1_349' title='bbox 1504 3655 1594 3711; x_wconf 73' lang='grc'><strong>47.</strong></span> 
     </span>
    </p>
   </div>
   <div class='ocr_carea' id='block_1_54' title="bbox 549 3728 1297 3795">
    <p class='ocr_par' dir='ltr' id='par_1_54' title="bbox 549 3728 1297 3795">
     <span class='ocr_line' id='line_1_54' title="bbox 549 3728 1297 3795; baseline 0.001 -14"><span class='ocrx_word' id='word_1_350' title='bbox 549 3728 663 3795; x_wconf 72' lang='lat'><strong>(52)</strong></span> <span class='ocrx_word' id='word_1_351' title='bbox 703 3728 903 3793; x_wconf 80' lang='lat' dir='ltr'><strong>Mansi,</strong></span> <span class='ocrx_word' id='word_1_352' title='bbox 940 3728 1146 3785; x_wconf 78' lang='lat' dir='ltr'><strong>Concil.</strong></span> <span class='ocrx_word' id='word_1_353' title='bbox 1188 3738 1226 3783; x_wconf 92' lang='lat' dir='ltr'><strong>t.</strong></span> <span class='ocrx_word' id='word_1_354' title='bbox 1258 3731 1297 3782; x_wconf 93' lang='grc' dir='ltr'><strong>Ι.</strong></span> 
     </span>
    </p>
   </div>
   <div class='ocr_carea' id='block_1_55' title="bbox 554 3795 2043 3868">
    <p class='ocr_par' dir='ltr' id='par_1_55' title="bbox 554 3795 2043 3868">
     <span class='ocr_line' id='line_1_55' title="bbox 554 3795 2043 3868; baseline -0.001 -15"><span class='ocrx_word' id='word_1_355' title='bbox 554 3798 664 3868; x_wconf 87' lang='grc'><strong>(55)</strong></span> <span class='ocrx_word' id='word_1_356' title='bbox 704 3798 763 3852; x_wconf 90' lang='lat' dir='ltr'><strong>ln</strong></span> <span class='ocrx_word' id='word_1_357' title='bbox 787 3798 928 3853; x_wconf 89' lang='lat' dir='ltr'><strong>libro</strong></span> <span class='ocrx_word' id='word_1_358' title='bbox 955 3797 1155 3854; x_wconf 81' lang='lat' dir='ltr'><strong>Diuma</strong></span> <span class='ocrx_word' id='word_1_359' title='bbox 1175 3799 1527 3857; x_wconf 86' lang='lat' dir='ltr'><strong>Romanorum</strong></span> <span class='ocrx_word' id='word_1_360' title='bbox 1560 3797 1889 3868; x_wconf 58' lang='lat' dir='ltr'><strong>pontiﬁcum.</strong></span> <span class='ocrx_word' id='word_1_361' title='bbox 1912 3811 1961 3852; x_wconf 93' lang='lat' dir='ltr'><strong>c.</strong></span> <span class='ocrx_word' id='word_1_362' title='bbox 1986 3795 2043 3864; x_wconf 73' lang='lat'><strong>2,</strong></span> 
     </span>
    </p>
   </div>
   <div class='ocr_carea' id='block_1_56' title="bbox 482 3866 2047 3939">
    <p class='ocr_par' dir='ltr' id='par_1_56' title="bbox 482 3866 2047 3939">
     <span class='ocr_line' id='line_1_56' title="bbox 482 3866 2047 3939; baseline -0.001 -15"><span class='ocrx_word' id='word_1_363' title='bbox 482 3866 697 3924; x_wconf 83' lang='lat' dir='ltr'><strong>articul.</strong></span> <span class='ocrx_word' id='word_1_364' title='bbox 724 3868 789 3932; x_wconf 92' lang='lat'><strong>8,</strong></span> <span class='ocrx_word' id='word_1_365' title='bbox 834 3868 973 3924; x_wconf 90' lang='lat' dir='ltr'><strong>ritus</strong></span> <span class='ocrx_word' id='word_1_366' title='bbox 1017 3869 1301 3925; x_wconf 89' lang='lat' dir='ltr'><strong>ordinandi</strong></span> <span class='ocrx_word' id='word_1_367' title='bbox 1349 3866 1661 3939; x_wconf 75' lang='lat' dir='ltr'><strong>pontiliCis:</strong></span> <span class='ocrx_word' id='word_1_368' title='bbox 1702 3866 1902 3939; x_wconf 69' lang='lat' dir='ltr'><strong>tTunc</strong></span> <span class='ocrx_word' id='word_1_369' title='bbox 1931 3868 2047 3939; x_wconf 84' lang='lat' dir='ltr'><strong>epi-</strong></span> 
     </span>
    </p>
   </div>
   <div class='ocr_carea' id='block_1_57' title="bbox 482 3938 2047 4009">
    <p class='ocr_par' dir='ltr' id='par_1_57' title="bbox 482 3938 2047 4009">
     <span class='ocr_line' id='line_1_57' title="bbox 482 3938 2047 4009; baseline -0.001 -14"><span class='ocrx_word' id='word_1_370' title='bbox 482 3955 682 4009; x_wconf 89' lang='lat' dir='ltr'><strong>scopus</strong></span> <span class='ocrx_word' id='word_1_371' title='bbox 712 3939 1036 4009; x_wconf 73' lang='lat' dir='ltr'><strong>Albanensis</strong></span> <span class='ocrx_word' id='word_1_372' title='bbox 1081 3940 1175 3994; x_wconf 92' lang='lat' dir='ltr'><strong>dat</strong></span> <span class='ocrx_word' id='word_1_373' title='bbox 1218 3938 1520 3994; x_wconf 87' lang='lat' dir='ltr'><strong>orationem</strong></span> <span class='ocrx_word' id='word_1_374' title='bbox 1555 3939 1816 4008; x_wconf 90' lang='lat' dir='ltr'><strong>primam;</strong></span> <span class='ocrx_word' id='word_1_375' title='bbox 1852 3938 2047 3993; x_wconf 88' lang='lat' dir='ltr'><strong>deinde</strong></span> 
     </span>
    </p>
   </div>
   <div class='ocr_carea' id='block_1_58' title="bbox 482 4006 2041 4079">
    <p class='ocr_par' dir='ltr' id='par_1_58' title="bbox 482 4006 2041 4079">
     <span class='ocr_line' id='line_1_58' title="bbox 482 4006 2041 4079; baseline -0.001 -15"><span class='ocrx_word' id='word_1_376' title='bbox 482 4006 771 4079; x_wconf 79' lang='lat' dir='ltr'><strong>cpiscopus</strong></span> <span class='ocrx_word' id='word_1_377' title='bbox 828 4006 1150 4066; x_wconf 88' lang='lat' dir='ltr'><strong>Portuensis</strong></span> <span class='ocrx_word' id='word_1_378' title='bbox 1198 4010 1293 4065; x_wconf 91' lang='lat' dir='ltr'><strong>dat</strong></span> <span class='ocrx_word' id='word_1_379' title='bbox 1351 4006 1656 4067; x_wconf 79' lang='lat' dir='ltr'><strong>orationem</strong></span> <span class='ocrx_word' id='word_1_380' title='bbox 1705 4008 2041 4079; x_wconf 86' lang='lat' dir='ltr'><strong>secundam;</strong></span> 
     </span>
    </p>
   </div>
   <div class='ocr_carea' id='block_1_59' title="bbox 483 4078 2047 4151">
    <p class='ocr_par' dir='ltr' id='par_1_59' title="bbox 483 4078 2047 4151">
     <span class='ocr_line' id='line_1_59' title="bbox 483 4078 2047 4151; baseline -0.001 -14"><span class='ocrx_word' id='word_1_381' title='bbox 483 4078 829 4151; x_wconf 83' lang='lat' dir='ltr'><strong>postmodum</strong></span> <span class='ocrx_word' id='word_1_382' title='bbox 858 4079 1201 4139; x_wconf 88' lang='lat' dir='ltr'><strong>adducuntur</strong></span> <span class='ocrx_word' id='word_1_383' title='bbox 1232 4080 1540 4151; x_wconf 72' lang='lat' dir='ltr'><strong>Evangelia.</strong></span> <span class='ocrx_word' id='word_1_384' title='bbox 1575 4087 1629 4151; x_wconf 78' lang='lat' dir='ltr'><strong>et</strong></span> <span class='ocrx_word' id='word_1_385' title='bbox 1654 4078 1971 4147; x_wconf 84' lang='lat' dir='ltr'><strong>aperiuntur</strong></span> <span class='ocrx_word' id='word_1_386' title='bbox 1995 4088 2047 4135; x_wconf 91' lang='lat' dir='ltr'><strong>et</strong></span> 
     </span>
    </p>
   </div>
   <div class='ocr_carea' id='block_1_60' title="bbox 485 4147 1779 4220">
    <p class='ocr_par' dir='ltr' id='par_1_60' title="bbox 485 4147 1779 4220">
     <span class='ocr_line' id='line_1_60' title="bbox 485 4147 1779 4220; baseline -0.005 -14"><span class='ocrx_word' id='word_1_387' title='bbox 485 4147 747 4220; x_wconf 56' lang='lat' dir='ltr'><strong>tenentur:</strong></span> <span class='ocrx_word' id='word_1_388' title='bbox 758 4165 921 4219; x_wconf 87' lang='lat' dir='ltr'><strong>super</strong></span> <span class='ocrx_word' id='word_1_389' title='bbox 952 4161 1116 4220; x_wconf 88' lang='lat' dir='ltr'><strong>caput</strong></span> <span class='ocrx_word' id='word_1_390' title='bbox 1142 4150 1296 4207; x_wconf 89' lang='lat' dir='ltr'><strong>electi</strong></span> <span class='ocrx_word' id='word_1_391' title='bbox 1331 4166 1360 4203; x_wconf 88' lang='lat' dir='ltr'><strong>a</strong></span> <span class='ocrx_word' id='word_1_392' title='bbox 1387 4147 1779 4220; x_wconf 55' lang='lat' dir='ltr'><strong>diaconibus.)</strong></span> 
     </span>
    </p>
   </div>
   <div class='ocr_carea' id='block_1_61' title="bbox 557 4216 2044 4290">
    <p class='ocr_par' dir='ltr' id='par_1_61' title="bbox 557 4216 2044 4290">
     <span class='ocr_line' id='line_1_61' title="bbox 557 4216 2044 4290; baseline -0.001 -15"><span class='ocrx_word' id='word_1_393' title='bbox 557 4220 671 4290; x_wconf 60' lang='grc'><strong>(51)</strong></span> <span class='ocrx_word' id='word_1_394' title='bbox 710 4218 790 4274; x_wconf 84' lang='lat' dir='ltr'><strong>En</strong></span> <span class='ocrx_word' id='word_1_395' title='bbox 814 4216 976 4275; x_wconf 82' lang='lat' dir='ltr'><strong>verba</strong></span> <span class='ocrx_word' id='word_1_396' title='bbox 1001 4216 1217 4277; x_wconf 85' lang='lat' dir='ltr'><strong>Eusebii</strong></span> <span class='ocrx_word' id='word_1_397' title='bbox 1242 4220 1433 4274; x_wconf 85' lang='lat' dir='ltr'><strong>Latine</strong></span> <span class='ocrx_word' id='word_1_398' title='bbox 1461 4219 1667 4290; x_wconf 67' lang='lat' dir='ltr'><strong>reddita</strong></span> <span class='ocrx_word' id='word_1_399' title='bbox 1701 4218 1792 4290; x_wconf 84' lang='lat' dir='ltr'><strong>lib.</strong></span> <span class='ocrx_word' id='word_1_400' title='bbox 1816 4233 1869 4269; x_wconf 81' lang='lat' dir='ltr'><strong>vt</strong></span> <span class='ocrx_word' id='word_1_401' title='bbox 1902 4216 2044 4274; x_wconf 79' lang='lat' dir='ltr'><strong>Hist.</strong></span> 
     </span>
    </p>
   </div>
   <div class='ocr_carea' id='block_1_62' title="bbox 484 4288 2045 4362">
    <p class='ocr_par' dir='ltr' id='par_1_62' title="bbox 484 4288 2045 4362">
     <span class='ocr_line' id='line_1_62' title="bbox 484 4288 2045 4362; baseline -0.001 -17"><span class='ocrx_word' id='word_1_402' title='bbox 484 4288 805 4354; x_wconf 60' lang='lat' dir='ltr'><strong>ecclesiam,</strong></span> <span class='ocrx_word' id='word_1_403' title='bbox 835 4306 954 4360; x_wconf 86' lang='lat' dir='ltr'><strong>cap.</strong></span> <span class='ocrx_word' id='word_1_404' title='bbox 985 4293 1056 4347; x_wconf 74' lang='grc'><strong>45</strong></span> <span class='ocrx_word' id='word_1_405' title='bbox 1075 4333 1092 4359; x_wconf 84' lang='grc'>,</span> <span class='ocrx_word' id='word_1_406' title='bbox 1121 4307 1242 4362; x_wconf 89' lang='lat' dir='ltr'><strong>pag.</strong></span> <span class='ocrx_word' id='word_1_407' title='bbox 1274 4291 1372 4344; x_wconf 88' lang='grc'><strong>511</strong></span> <span class='ocrx_word' id='word_1_408' title='bbox 1398 4308 1411 4343; x_wconf 89' lang='lat'>:</span> <span class='ocrx_word' id='word_1_409' title='bbox 1456 4308 1475 4340; x_wconf 82' lang='grc' dir='ltr'><strong>ι</strong></span> <span class='ocrx_word' id='word_1_410' title='bbox 1504 4288 1628 4362; x_wconf 72' lang='lat' dir='ltr'><strong>Eos</strong></span> <span class='ocrx_word' id='word_1_411' title='bbox 1652 4288 1980 4362; x_wconf 64' lang='lat' dir='ltr'><strong>(episcopos)</strong></span> <span class='ocrx_word' id='word_1_412' title='bbox 2014 4305 2045 4343; x_wconf 89' lang='lat' dir='ltr'><strong>a</strong></span> 
     </span>
    </p>
   </div>
   <div class='ocr_carea' id='block_1_63' title="bbox 486 4357 2046 4431">
    <p class='ocr_par' dir='ltr' id='par_1_63' title="bbox 486 4357 2046 4431">
     <span class='ocr_line' id='line_1_63' title="bbox 486 4357 2046 4431; baseline -0.003 -16"><span class='ocrx_word' id='word_1_413' title='bbox 486 4362 812 4431; x_wconf 85' lang='lat' dir='ltr'><strong>quibusdam</strong></span> <span class='ocrx_word' id='word_1_414' title='bbox 848 4357 933 4417; x_wconf 77' lang='lat' dir='ltr'><strong>sui</strong></span> <span class='ocrx_word' id='word_1_415' title='bbox 972 4357 1265 4425; x_wconf 72' lang='lat' dir='ltr'><strong>similibus,</strong></span> <span class='ocrx_word' id='word_1_416' title='bbox 1298 4374 1438 4431; x_wconf 86' lang='lat' dir='ltr'><strong>quos</strong></span> <span class='ocrx_word' id='word_1_417' title='bbox 1481 4361 1546 4431; x_wconf 88' lang='lat' dir='ltr'><strong>ad</strong></span> <span class='ocrx_word' id='word_1_418' title='bbox 1581 4359 1634 4414; x_wconf 81' lang='lat' dir='ltr'><strong>id</strong></span> <span class='ocrx_word' id='word_1_419' title='bbox 1673 4357 2046 4431; x_wconf 80' lang='lat' dir='ltr'><strong>(Novatianns)</strong></span> 
     </span>
    </p>
   </div>
   <div class='ocr_carea' id='block_1_64' title="bbox 2141 1797 3649 1882">
    <p class='ocr_par' dir='ltr' id='par_1_64' title="bbox 2141 1797 3649 1882">
     <span class='ocr_line' id='line_1_64' title="bbox 2141 1797 3649 1882; baseline -0.011 -16"><span class='ocrx_word' id='word_1_420' title='bbox 2141 1810 2504 1882; x_wconf 84' lang='lat' dir='ltr'><strong>paucissimos</strong></span> <span class='ocrx_word' id='word_1_421' title='bbox 2527 1824 2741 1879; x_wconf 89' lang='lat' dir='ltr'><strong>semper</strong></span> <span class='ocrx_word' id='word_1_422' title='bbox 2766 1808 2972 1863; x_wconf 91' lang='lat' dir='ltr'><strong>aluisse</strong></span> <span class='ocrx_word' id='word_1_423' title='bbox 3000 1805 3346 1863; x_wconf 89' lang='lat' dir='ltr'><strong>habitatores.</strong></span> <span class='ocrx_word' id='word_1_424' title='bbox 3376 1820 3395 1852; x_wconf 83' lang='grc' dir='ltr'><strong>ι</strong></span> <span class='ocrx_word' id='word_1_425' title='bbox 3415 1799 3528 1854; x_wconf 83' lang='lat' dir='ltr'><strong>Erat</strong></span> <span class='ocrx_word' id='word_1_426' title='bbox 3546 1797 3649 1851; x_wconf 85' lang='lat' dir='ltr'><strong>Por-</strong></span> 
     </span>
    </p>
   </div>
   <div class='ocr_carea' id='block_1_65' title="bbox 2143 1892 3650 1962">
    <p class='ocr_par' dir='ltr' id='par_1_65' title="bbox 2143 1892 3650 1962">
     <span class='ocr_line' id='line_1_65' title="bbox 2143 1892 3650 1962; baseline -0.01 -5"><span class='ocrx_word' id='word_1_427' title='bbox 2143 1913 2232 1958; x_wconf 91' lang='lat' dir='ltr'><strong>tus</strong></span> <span class='ocrx_word' id='word_1_428' title='bbox 2263 1900 2529 1957; x_wconf 88' lang='lat' dir='ltr'><strong>Ostiensis</strong></span> <span class='ocrx_word' id='word_1_429' title='bbox 2556 1917 2587 1956; x_wconf 91' lang='lat' dir='ltr'><strong>a</strong></span> <span class='ocrx_word' id='word_1_430' title='bbox 2625 1899 2851 1955; x_wconf 88' lang='lat' dir='ltr'><strong>Claudio</strong></span> <span class='ocrx_word' id='word_1_431' title='bbox 2877 1906 3264 1962; x_wconf 83' lang='lat' dir='ltr'><strong>constructus,</strong></span> <span class='ocrx_word' id='word_1_432' title='bbox 3295 1909 3324 1951; x_wconf 91' lang='lat' dir='ltr'><strong>a</strong></span> <span class='ocrx_word' id='word_1_433' title='bbox 3357 1892 3561 1960; x_wconf 85' lang='lat' dir='ltr'><strong>Trajano</strong></span> <span class='ocrx_word' id='word_1_434' title='bbox 3587 1903 3650 1942; x_wconf 64' lang='lat' dir='ltr'><strong>re</strong></span> 
     </span>
    </p>
   </div>
   <div class='ocr_carea' id='block_1_66' title="bbox 2146 1980 3650 2066">
    <p class='ocr_par' dir='ltr' id='par_1_66' title="bbox 2146 1980 3650 2066">
     <span class='ocr_line' id='line_1_66' title="bbox 2146 1980 3650 2066; baseline -0.008 -16"><span class='ocrx_word' id='word_1_435' title='bbox 2146 2005 2388 2066; x_wconf 89' lang='lat' dir='ltr'><strong>paratus,</strong></span> <span class='ocrx_word' id='word_1_436' title='bbox 2421 1994 2576 2066; x_wconf 83' lang='lat' dir='ltr'><strong>gravi</strong></span> <span class='ocrx_word' id='word_1_437' title='bbox 2601 2004 2656 2050; x_wconf 87' lang='lat' dir='ltr'><strong>et</strong></span> <span class='ocrx_word' id='word_1_438' title='bbox 2697 1993 3011 2048; x_wconf 88' lang='lat' dir='ltr'><strong>inclementi</strong></span> <span class='ocrx_word' id='word_1_439' title='bbox 3039 1990 3152 2046; x_wconf 90' lang='lat' dir='ltr'><strong>aeri</strong></span> <span class='ocrx_word' id='word_1_440' title='bbox 3197 1986 3471 2051; x_wconf 80' lang='lat' dir='ltr'><strong>obnoxius,</strong></span> <span class='ocrx_word' id='word_1_441' title='bbox 3511 1991 3558 2037; x_wconf 88' lang='lat' dir='ltr'><strong>ct</strong></span> <span class='ocrx_word' id='word_1_442' title='bbox 3580 1980 3650 2051; x_wconf 81' lang='lat' dir='ltr'><strong>qni</strong></span> 
     </span>
    </p>
   </div>
   <div class='ocr_carea' id='block_1_67' title="bbox 2142 2078 3648 2159">
    <p class='ocr_par' dir='ltr' id='par_1_67' title="bbox 2142 2078 3648 2159">
     <span class='ocr_line' id='line_1_67' title="bbox 2142 2078 3648 2159; baseline -0.01 -17"><span class='ocrx_word' id='word_1_443' title='bbox 2142 2090 2508 2159; x_wconf 88' lang='lat' dir='ltr'><strong>paucissimos</strong></span> <span class='ocrx_word' id='word_1_444' title='bbox 2555 2104 2770 2159; x_wconf 87' lang='lat' dir='ltr'><strong>semper</strong></span> <span class='ocrx_word' id='word_1_445' title='bbox 2811 2086 2945 2151; x_wconf 85' lang='lat' dir='ltr'><strong>aluit</strong></span> <span class='ocrx_word' id='word_1_446' title='bbox 2999 2085 3282 2156; x_wconf 81' lang='lat' dir='ltr'><strong>indigenas</strong></span> <span class='ocrx_word' id='word_1_447' title='bbox 3327 2089 3380 2137; x_wconf 91' lang='lat' dir='ltr'><strong>et</strong></span> <span class='ocrx_word' id='word_1_448' title='bbox 3423 2078 3648 2135; x_wconf 65' lang='lat' dir='ltr'><strong>incolas.»</strong></span> 
     </span>
    </p>
   </div>
   <div class='ocr_carea' id='block_1_68' title="bbox 2141 2168 3651 2248">
    <p class='ocr_par' dir='ltr' id='par_1_68' title="bbox 2141 2168 3651 2248">
     <span class='ocr_line' id='line_1_68' title="bbox 2141 2168 3651 2248; baseline -0.01 -13"><span class='ocrx_word' id='word_1_449' title='bbox 2141 2181 2300 2239; x_wconf 84' lang='lat' dir='ltr'><strong>Aeris</strong></span> <span class='ocrx_word' id='word_1_450' title='bbox 2328 2181 2473 2236; x_wconf 89' lang='lat' dir='ltr'><strong>enim</strong></span> <span class='ocrx_word' id='word_1_451' title='bbox 2510 2180 2872 2245; x_wconf 87' lang='lat' dir='ltr'><strong>inclementia,</strong></span> <span class='ocrx_word' id='word_1_452' title='bbox 2904 2193 3030 2248; x_wconf 67' lang='lat' dir='ltr'><strong>quae</strong></span> <span class='ocrx_word' id='word_1_453' title='bbox 3071 2191 3216 2231; x_wconf 90' lang='lat' dir='ltr'><strong>nunc</strong></span> <span class='ocrx_word' id='word_1_454' title='bbox 3254 2191 3347 2246; x_wconf 86' lang='lat' dir='ltr'><strong>per</strong></span> <span class='ocrx_word' id='word_1_455' title='bbox 3373 2187 3541 2244; x_wconf 83' lang='lat' dir='ltr'><strong>agrum</strong></span> <span class='ocrx_word' id='word_1_456' title='bbox 3565 2168 3651 2223; x_wconf 81' lang='lat' dir='ltr'><strong>Ro-</strong></span> 
     </span>
    </p>
   </div>
   <div class='ocr_carea' id='block_1_69' title="bbox 2142 2265 3652 2344">
    <p class='ocr_par' dir='ltr' id='par_1_69' title="bbox 2142 2265 3652 2344">
     <span class='ocr_line' id='line_1_69' title="bbox 2142 2265 3652 2344; baseline -0.012 -15"><span class='ocrx_word' id='word_1_457' title='bbox 2142 2290 2365 2329; x_wconf 90' lang='lat' dir='ltr'><strong>manum</strong></span> <span class='ocrx_word' id='word_1_458' title='bbox 2392 2274 2464 2329; x_wconf 94' lang='lat' dir='ltr'><strong>ob</strong></span> <span class='ocrx_word' id='word_1_459' title='bbox 2492 2274 2791 2344; x_wconf 82' lang='lat' dir='ltr'><strong>neglectam</strong></span> <span class='ocrx_word' id='word_1_460' title='bbox 2829 2273 3004 2342; x_wconf 89' lang='lat' dir='ltr'><strong>ipsius</strong></span> <span class='ocrx_word' id='word_1_461' title='bbox 3027 2272 3300 2327; x_wconf 85' lang='lat' dir='ltr'><strong>culturam</strong></span> <span class='ocrx_word' id='word_1_462' title='bbox 3322 2268 3468 2336; x_wconf 85' lang='lat' dir='ltr'><strong>longe</strong></span> <span class='ocrx_word' id='word_1_463' title='bbox 3485 2265 3652 2331; x_wconf 66' lang='lat' dir='ltr'><strong>lateque</strong></span> 
     </span>
    </p>
   </div>
   <div class='ocr_carea' id='block_1_70' title="bbox 2149 2355 3652 2437">
    <p class='ocr_par' dir='ltr' id='par_1_70' title="bbox 2149 2355 3652 2437">
     <span class='ocr_line' id='line_1_70' title="bbox 2149 2355 3652 2437; baseline -0.011 -17"><span class='ocrx_word' id='word_1_464' title='bbox 2149 2374 2462 2437; x_wconf 70' lang='lat' dir='ltr'><strong>grassatur,</strong></span> <span class='ocrx_word' id='word_1_465' title='bbox 2515 2364 2572 2422; x_wconf 90' lang='lat' dir='ltr'><strong>S.</strong></span> <span class='ocrx_word' id='word_1_466' title='bbox 2621 2364 2891 2436; x_wconf 79' lang='lat' dir='ltr'><strong>Hippolyti</strong></span> <span class='ocrx_word' id='word_1_467' title='bbox 2950 2379 3072 2419; x_wconf 68' lang='lat' dir='ltr'><strong>aevo</strong></span> <span class='ocrx_word' id='word_1_468' title='bbox 3120 2359 3377 2416; x_wconf 77' lang='lat' dir='ltr'><strong>Romanis</strong></span> <span class='ocrx_word' id='word_1_469' title='bbox 3403 2355 3652 2422; x_wconf 75' lang='lat' dir='ltr'><strong>exterisque</strong></span> 
     </span>
    </p>
   </div>
   <div class='ocr_carea' id='block_1_71' title="bbox 2141 2446 3636 2525">
    <p class='ocr_par' dir='ltr' id='par_1_71' title="bbox 2141 2446 3636 2525">
     <span class='ocr_line' id='line_1_71' title="bbox 2141 2446 3636 2525; baseline -0.011 -11"><span class='ocrx_word' id='word_1_470' title='bbox 2141 2460 2385 2516; x_wconf 88' lang='lat' dir='ltr'><strong>inaudita</strong></span> <span class='ocrx_word' id='word_1_471' title='bbox 2422 2460 2541 2515; x_wconf 81' lang='lat' dir='ltr'><strong>fuit.</strong></span> <span class='ocrx_word' id='word_1_472' title='bbox 2574 2458 2835 2514; x_wconf 81' lang='lat' dir='ltr'><strong>Minutius</strong></span> <span class='ocrx_word' id='word_1_473' title='bbox 2876 2457 3028 2512; x_wconf 79' lang='lat' dir='ltr'><strong>Felix</strong></span> <span class='ocrx_word' id='word_1_474' title='bbox 3059 2457 3118 2513; x_wconf 89' lang='lat' dir='ltr'><strong>S.</strong></span> <span class='ocrx_word' id='word_1_475' title='bbox 3155 2452 3416 2525; x_wconf 82' lang='lat' dir='ltr'><strong>Hippolyti</strong></span> <span class='ocrx_word' id='word_1_476' title='bbox 3442 2446 3636 2521; x_wconf 82' lang='lat' dir='ltr'><strong>synchro</strong></span> 
     </span>
    </p>
   </div>
   <div class='ocr_carea' id='block_1_72' title="bbox 2141 2542 3643 2622">
    <p class='ocr_par' dir='ltr' id='par_1_72' title="bbox 2141 2542 3643 2622">
     <span class='ocr_line' id='line_1_72' title="bbox 2141 2542 3643 2622; baseline -0.012 -13"><span class='ocrx_word' id='word_1_477' title='bbox 2141 2569 2248 2610; x_wconf 89' lang='lat' dir='ltr'><strong>nus</strong></span> <span class='ocrx_word' id='word_1_478' title='bbox 2296 2554 2695 2608; x_wconf 89' lang='lat' dir='ltr'><strong>vindemiarum</strong></span> <span class='ocrx_word' id='word_1_479' title='bbox 2750 2561 2992 2621; x_wconf 88' lang='lat' dir='ltr'><strong>tempore</strong></span> <span class='ocrx_word' id='word_1_480' title='bbox 3040 2565 3139 2622; x_wconf 87' lang='lat' dir='ltr'><strong>per</strong></span> <span class='ocrx_word' id='word_1_481' title='bbox 3168 2550 3334 2606; x_wconf 87' lang='lat' dir='ltr'><strong>otium</strong></span> <span class='ocrx_word' id='word_1_482' title='bbox 3380 2542 3560 2599; x_wconf 81' lang='lat' dir='ltr'><strong>Ostiam</strong></span> <span class='ocrx_word' id='word_1_483' title='bbox 3592 2552 3643 2591; x_wconf 83' lang='lat' dir='ltr'><strong>se</strong></span> 
     </span>
    </p>
   </div>
   <div class='ocr_carea' id='block_1_73' title="bbox 2144 2631 3657 2709">
    <p class='ocr_par' dir='ltr' id='par_1_73' title="bbox 2144 2631 3657 2709">
     <span class='ocr_line' id='line_1_73' title="bbox 2144 2631 3657 2709; baseline -0.013 -6"><span class='ocrx_word' id='word_1_484' title='bbox 2144 2647 2309 2703; x_wconf 84' lang='lat' dir='ltr'><strong>cessit</strong></span> <span class='ocrx_word' id='word_1_485' title='bbox 2333 2661 2455 2700; x_wconf 87' lang='lat' dir='ltr'><strong>cum</strong></span> <span class='ocrx_word' id='word_1_486' title='bbox 2487 2643 2715 2700; x_wconf 89' lang='lat' dir='ltr'><strong>Octavio</strong></span> <span class='ocrx_word' id='word_1_487' title='bbox 2743 2660 2808 2700; x_wconf 91' lang='lat' dir='ltr'><strong>ac</strong></span> <span class='ocrx_word' id='word_1_488' title='bbox 2836 2643 3060 2699; x_wconf 67' lang='lat' dir='ltr'><strong>Caecilio</strong></span> <span class='ocrx_word' id='word_1_489' title='bbox 3103 2641 3303 2706; x_wconf 82' lang='lat' dir='ltr'><strong>Natali,</strong></span> <span class='ocrx_word' id='word_1_490' title='bbox 3333 2639 3586 2709; x_wconf 84' lang='lat' dir='ltr'><strong>ipsamque</strong></span> <span class='ocrx_word' id='word_1_491' title='bbox 3605 2631 3657 2684; x_wconf 89' lang='lat' dir='ltr'><strong>oh</strong></span> 
     </span>
    </p>
   </div>
   <div class='ocr_carea' id='block_1_74' title="bbox 2145 2729 3655 2807">
    <p class='ocr_par' dir='ltr' id='par_1_74' title="bbox 2145 2729 3655 2807">
     <span class='ocr_line' id='line_1_74' title="bbox 2145 2729 3655 2807; baseline -0.009 -15"><span class='ocrx_word' id='word_1_492' title='bbox 2145 2738 2288 2793; x_wconf 90' lang='lat' dir='ltr'><strong>acris</strong></span> <span class='ocrx_word' id='word_1_493' title='bbox 2330 2737 2703 2792; x_wconf 88' lang='lat' dir='ltr'><strong>salubritatem</strong></span> <span class='ocrx_word' id='word_1_494' title='bbox 2751 2747 2913 2807; x_wconf 90' lang='lat' dir='ltr'><strong>atque</strong></span> <span class='ocrx_word' id='word_1_495' title='bbox 2954 2734 3305 2791; x_wconf 87' lang='lat' dir='ltr'><strong>clementiam</strong></span> <span class='ocrx_word' id='word_1_496' title='bbox 3339 2729 3517 2786; x_wconf 78' lang='lat' dir='ltr'><strong>eximie</strong></span> <span class='ocrx_word' id='word_1_497' title='bbox 3540 2738 3655 2781; x_wconf 83' lang='lat' dir='ltr'><strong>com-</strong></span> 
     </span>
    </p>
   </div>
   <div class='ocr_carea' id='block_1_75' title="bbox 2148 2816 3656 2899">
    <p class='ocr_par' dir='ltr' id='par_1_75' title="bbox 2148 2816 3656 2899">
     <span class='ocr_line' id='line_1_75' title="bbox 2148 2816 3656 2899; baseline -0.01 -16"><span class='ocrx_word' id='word_1_498' title='bbox 2148 2829 2388 2885; x_wconf 89' lang='lat' dir='ltr'><strong>mendat.</strong></span> <span class='ocrx_word' id='word_1_499' title='bbox 2418 2828 2498 2885; x_wconf 86' lang='lat' dir='ltr'><strong>En</strong></span> <span class='ocrx_word' id='word_1_500' title='bbox 2544 2830 2678 2886; x_wconf 88' lang='lat' dir='ltr'><strong>tanti</strong></span> <span class='ocrx_word' id='word_1_501' title='bbox 2730 2828 3012 2899; x_wconf 86' lang='lat' dir='ltr'><strong>scriptoris</strong></span> <span class='ocrx_word' id='word_1_502' title='bbox 3042 2827 3218 2883; x_wconf 86' lang='lat' dir='ltr'><strong>verba</strong></span> <span class='ocrx_word' id='word_1_503' title='bbox 3259 2823 3401 2895; x_wconf 85' lang='lat'><strong>(57):</strong></span> <span class='ocrx_word' id='word_1_504' title='bbox 3440 2839 3458 2872; x_wconf 83' lang='grc' dir='ltr'><strong>ι</strong></span> <span class='ocrx_word' id='word_1_505' title='bbox 3495 2816 3656 2874; x_wconf 64' lang='lat' dir='ltr'><strong>Placuit</strong></span> 
     </span>
    </p>
   </div>
   <div class='ocr_carea' id='block_1_76' title="bbox 2149 2912 3656 2992">
    <p class='ocr_par' dir='ltr' id='par_1_76' title="bbox 2149 2912 3656 2992">
     <span class='ocr_line' id='line_1_76' title="bbox 2149 2912 3656 2992; baseline -0.009 -15"><span class='ocrx_word' id='word_1_506' title='bbox 2149 2922 2355 2978; x_wconf 78' lang='lat' dir='ltr'><strong>Ostiam</strong></span> <span class='ocrx_word' id='word_1_507' title='bbox 2390 2931 2590 2992; x_wconf 85' lang='lat' dir='ltr'><strong>petere,</strong></span> <span class='ocrx_word' id='word_1_508' title='bbox 2618 2922 3033 2975; x_wconf 70' lang='lat' dir='ltr'><strong>amantissimam</strong></span> <span class='ocrx_word' id='word_1_509' title='bbox 3066 2920 3363 2980; x_wconf 82' lang='lat' dir='ltr'><strong>civitatem,</strong></span> <span class='ocrx_word' id='word_1_510' title='bbox 3397 2912 3525 2984; x_wconf 91' lang='lat' dir='ltr'><strong>quod</strong></span> <span class='ocrx_word' id='word_1_511' title='bbox 3551 2914 3656 2964; x_wconf 83' lang='lat' dir='ltr'><strong>essc&#39;</strong></span> 
     </span>
    </p>
   </div>
   <div class='ocr_carea' id='block_1_77' title="bbox 2149 3004 3646 3086">
    <p class='ocr_par' dir='ltr' id='par_1_77' title="bbox 2149 3004 3646 3086">
     <span class='ocr_line' id='line_1_77' title="bbox 2149 3004 3646 3086; baseline -0.01 -15"><span class='ocrx_word' id='word_1_512' title='bbox 2149 3017 2362 3086; x_wconf 87' lang='lat' dir='ltr'><strong>corpori</strong></span> <span class='ocrx_word' id='word_1_513' title='bbox 2392 3030 2512 3071; x_wconf 88' lang='lat' dir='ltr'><strong>meo</strong></span> <span class='ocrx_word' id='word_1_514' title='bbox 2542 3014 2814 3072; x_wconf 91' lang='lat' dir='ltr'><strong>siccandis</strong></span> <span class='ocrx_word' id='word_1_515' title='bbox 2844 3013 3173 3075; x_wconf 83' lang='lat' dir='ltr'><strong>humoribus</strong></span> <span class='ocrx_word' id='word_1_516' title='bbox 3208 3013 3278 3069; x_wconf 86' lang='lat' dir='ltr'><strong>de</strong></span> <span class='ocrx_word' id='word_1_517' title='bbox 3311 3008 3519 3066; x_wconf 86' lang='lat' dir='ltr'><strong>marinis</strong></span> <span class='ocrx_word' id='word_1_518' title='bbox 3547 3004 3646 3057; x_wconf 83' lang='lat' dir='ltr'><strong>lava-</strong></span> 
     </span>
    </p>
   </div>
   <div class='ocr_carea' id='block_1_78' title="bbox 2146 3096 3647 3178">
    <p class='ocr_par' dir='ltr' id='par_1_78' title="bbox 2146 3096 3647 3178">
     <span class='ocr_line' id='line_1_78' title="bbox 2146 3096 3647 3178; baseline -0.011 -15"><span class='ocrx_word' id='word_1_519' title='bbox 2146 3109 2254 3164; x_wconf 91' lang='lat' dir='ltr'><strong>cris</strong></span> <span class='ocrx_word' id='word_1_520' title='bbox 2284 3108 2482 3165; x_wconf 88' lang='lat' dir='ltr'><strong>blanda</strong></span> <span class='ocrx_word' id='word_1_521' title='bbox 2513 3119 2567 3163; x_wconf 90' lang='lat' dir='ltr'><strong>et</strong></span> <span class='ocrx_word' id='word_1_522' title='bbox 2608 3107 2860 3178; x_wconf 88' lang='lat' dir='ltr'><strong>apposita</strong></span> <span class='ocrx_word' id='word_1_523' title='bbox 2890 3106 3150 3174; x_wconf 87' lang='lat' dir='ltr'><strong>curatio;</strong></span> <span class='ocrx_word' id='word_1_524' title='bbox 3179 3125 3198 3159; x_wconf 84' lang='grc' dir='ltr'><strong>ι</strong></span> <span class='ocrx_word' id='word_1_525' title='bbox 3231 3114 3285 3163; x_wconf 92' lang='lat' dir='ltr'><strong>et</strong></span> <span class='ocrx_word' id='word_1_526' title='bbox 3324 3100 3497 3174; x_wconf 84' lang='lat' dir='ltr'><strong>paucis</strong></span> <span class='ocrx_word' id='word_1_527' title='bbox 3531 3096 3647 3151; x_wconf 73' lang='lat' dir='ltr'><strong>inter</strong></span> 
     </span>
    </p>
   </div>
   <div class='ocr_carea' id='block_1_79' title="bbox 2144 3366 3658 3444">
    <p class='ocr_par' dir='ltr' id='par_1_79' title="bbox 2144 3366 3658 3444">
     <span class='ocr_line' id='line_1_79' title="bbox 2144 3366 3658 3444; baseline -0.007 -14"><span class='ocrx_word' id='word_1_528' title='bbox 2144 3374 2334 3430; x_wconf 78' lang='lat' dir='ltr'><strong>scribit</strong></span> <span class='ocrx_word' id='word_1_529' title='bbox 2376 3372 2577 3428; x_wconf 87' lang='lat' dir='ltr'><strong>citatus</strong></span> <span class='ocrx_word' id='word_1_530' title='bbox 2609 3369 2883 3441; x_wconf 79' lang='lat' dir='ltr'><strong>Valesius,</strong></span> <span class='ocrx_word' id='word_1_531' title='bbox 2924 3371 3121 3431; x_wconf 86' lang='lat' dir='ltr'><strong>nullibi</strong></span> <span class='ocrx_word' id='word_1_532' title='bbox 3155 3372 3311 3433; x_wconf 90' lang='lat' dir='ltr'><strong>nobis</strong></span> <span class='ocrx_word' id='word_1_533' title='bbox 3353 3369 3564 3444; x_wconf 83' lang='lat' dir='ltr'><strong>reperire.</strong></span> <span class='ocrx_word' id='word_1_534' title='bbox 3588 3366 3658 3421; x_wconf 61' lang='lat' dir='ltr'><strong>dav</strong></span> 
     </span>
    </p>
   </div>
   <div class='ocr_carea' id='block_1_80' title="bbox 2144 3454 2389 3500">
    <p class='ocr_par' dir='ltr' id='par_1_80' title="bbox 2144 3454 2389 3500">
     <span class='ocr_line' id='line_1_80' title="bbox 2144 3454 2389 3500; baseline -0.012 0"><span class='ocrx_word' id='word_1_535' title='bbox 2144 3454 2257 3500; x_wconf 84' lang='lat' dir='ltr'><strong>lum</strong></span> <span class='ocrx_word' id='word_1_536' title='bbox 2287 3454 2389 3499; x_wconf 74' lang='lat' dir='ltr'><strong>est.</strong></span> 
     </span>
    </p>
   </div>
   <div class='ocr_carea' id='block_1_81' title="bbox 2216 3507 3661 3585">
    <p class='ocr_par' dir='ltr' id='par_1_81' title="bbox 2216 3507 3661 3585">
     <span class='ocr_line' id='line_1_81' title="bbox 2216 3507 3661 3585; baseline -0.007 -15"><span class='ocrx_word' id='word_1_537' title='bbox 2216 3515 2330 3585; x_wconf 85' lang='lat'><strong>(56)</strong></span> <span class='ocrx_word' id='word_1_538' title='bbox 2371 3514 2686 3569; x_wconf 86' lang='lat' dir='ltr'><strong>Portuensis</strong></span> <span class='ocrx_word' id='word_1_539' title='bbox 2709 3512 2966 3570; x_wconf 63' lang='lat' dir='ltr'><strong>Ecclesiae</strong></span> <span class='ocrx_word' id='word_1_540' title='bbox 2995 3514 3303 3585; x_wconf 82' lang='lat' dir='ltr'><strong>antiquitas</strong></span> <span class='ocrx_word' id='word_1_541' title='bbox 3330 3513 3408 3569; x_wconf 87' lang='lat' dir='ltr'><strong>vel</strong></span> <span class='ocrx_word' id='word_1_542' title='bbox 3443 3512 3585 3569; x_wconf 84' lang='lat' dir='ltr'><strong>etiam</strong></span> <span class='ocrx_word' id='word_1_543' title='bbox 3609 3507 3661 3562; x_wconf 84' lang='lat' dir='ltr'><strong>ab</strong></span> 
     </span>
    </p>
   </div>
   <div class='ocr_carea' id='block_1_82' title="bbox 2144 3585 3663 3655">
    <p class='ocr_par' dir='ltr' id='par_1_82' title="bbox 2144 3585 3663 3655">
     <span class='ocr_line' id='line_1_82' title="bbox 2144 3585 3663 3655; baseline -0.005 -14"><span class='ocrx_word' id='word_1_544' title='bbox 2144 3601 2210 3641; x_wconf 85' lang='lat' dir='ltr'><strong>eo</strong></span> <span class='ocrx_word' id='word_1_545' title='bbox 2244 3585 2651 3655; x_wconf 78' lang='lat' dir='ltr'><strong>comprobatur,</strong></span> <span class='ocrx_word' id='word_1_546' title='bbox 2681 3585 2826 3654; x_wconf 90' lang='lat' dir='ltr'><strong>quod</strong></span> <span class='ocrx_word' id='word_1_547' title='bbox 2871 3586 3280 3654; x_wconf 80' lang='lat' dir='ltr'><strong>antiquissimis</strong></span> <span class='ocrx_word' id='word_1_548' title='bbox 3314 3585 3467 3640; x_wconf 89' lang='lat' dir='ltr'><strong>etiam</strong></span> <span class='ocrx_word' id='word_1_549' title='bbox 3497 3592 3663 3648; x_wconf 87' lang='lat' dir='ltr'><strong>tempo-</strong></span> 
     </span>
    </p>
   </div>
   <div class='ocr_carea' id='block_1_83' title="bbox 2146 3654 3662 3730">
    <p class='ocr_par' dir='ltr' id='par_1_83' title="bbox 2146 3654 3662 3730">
     <span class='ocr_line' id='line_1_83' title="bbox 2146 3654 3662 3730; baseline -0.006 -18"><span class='ocrx_word' id='word_1_550' title='bbox 2146 3657 2298 3712; x_wconf 85' lang='lat' dir='ltr'><strong>ribus</strong></span> <span class='ocrx_word' id='word_1_551' title='bbox 2329 3654 2623 3730; x_wconf 79' lang='lat' dir='ltr'><strong>Christiani</strong></span> <span class='ocrx_word' id='word_1_552' title='bbox 2654 3656 2708 3709; x_wconf 90' lang='lat' dir='ltr'><strong>in</strong></span> <span class='ocrx_word' id='word_1_553' title='bbox 2745 3655 2907 3730; x_wconf 69' lang='lat' dir='ltr'><strong>Porta</strong></span> <span class='ocrx_word' id='word_1_554' title='bbox 2943 3655 3196 3730; x_wconf 64' lang='lat' dir='ltr'><strong>Romano</strong></span> <span class='ocrx_word' id='word_1_555' title='bbox 3222 3656 3662 3730; x_wconf 51' lang='lat' dir='ltr'><strong>exstiterint,_quo:</strong></span> 
     </span>
    </p>
   </div>
   <div class='ocr_carea' id='block_1_84' title="bbox 2142 3725 3664 3798">
    <p class='ocr_par' dir='ltr' id='par_1_84' title="bbox 2142 3725 3664 3798">
     <span class='ocr_line' id='line_1_84' title="bbox 2142 3725 3664 3798; baseline -0.001 -18"><span class='ocrx_word' id='word_1_556' title='bbox 2142 3742 2277 3798; x_wconf 69' lang='lat' dir='ltr'><strong>runt</strong></span> <span class='ocrx_word' id='word_1_557' title='bbox 2312 3727 2572 3798; x_wconf 83' lang='lat' dir='ltr'><strong>nonnulli</strong></span> <span class='ocrx_word' id='word_1_558' title='bbox 2594 3726 2837 3798; x_wconf 72' lang='lat' dir='ltr'><strong>martyrii</strong></span> <span class='ocrx_word' id='word_1_559' title='bbox 2877 3727 3113 3793; x_wconf 85' lang='lat' dir='ltr'><strong>palmam</strong></span> <span class='ocrx_word' id='word_1_560' title='bbox 3158 3737 3291 3783; x_wconf 89' lang='lat' dir='ltr'><strong>sunt</strong></span> <span class='ocrx_word' id='word_1_561' title='bbox 3325 3725 3664 3798; x_wconf 83' lang='lat' dir='ltr'><strong>assecuti,_qui</strong></span> 
     </span>
    </p>
   </div>
   <div class='ocr_carea' id='block_1_85' title="bbox 2147 3790 3665 3869">
    <p class='ocr_par' dir='ltr' id='par_1_85' title="bbox 2147 3790 3665 3869">
     <span class='ocr_line' id='line_1_85' title="bbox 2147 3790 3665 3869; baseline -0.005 -17"><span class='ocrx_word' id='word_1_562' title='bbox 2147 3796 2202 3852; x_wconf 92' lang='lat' dir='ltr'><strong>in</strong></span> <span class='ocrx_word' id='word_1_563' title='bbox 2230 3796 2613 3869; x_wconf 83' lang='lat' dir='ltr'><strong>Martyrologio</strong></span> <span class='ocrx_word' id='word_1_564' title='bbox 2648 3790 2895 3869; x_wconf 66' lang='lat' dir='ltr'><strong>Romano</strong></span> <span class='ocrx_word' id='word_1_565' title='bbox 2924 3805 3053 3852; x_wconf 89' lang='lat' dir='ltr'><strong>sunt</strong></span> <span class='ocrx_word' id='word_1_566' title='bbox 3100 3797 3383 3867; x_wconf 81' lang='lat' dir='ltr'><strong>descripti.</strong></span> <span class='ocrx_word' id='word_1_567' title='bbox 3432 3790 3665 3869; x_wconf 32' lang='lat' dir='ltr'><strong>Sub‘Tm-</strong></span> 
     </span>
    </p>
   </div>
   <div class='ocr_carea' id='block_1_86' title="bbox 2141 3862 3663 3939">
    <p class='ocr_par' dir='ltr' id='par_1_86' title="bbox 2141 3862 3663 3939">
     <span class='ocr_line' id='line_1_86' title="bbox 2141 3862 3663 3939; baseline -0.005 -17"><span class='ocrx_word' id='word_1_568' title='bbox 2141 3869 2274 3939; x_wconf 88' lang='lat' dir='ltr'><strong>jano</strong></span> <span class='ocrx_word' id='word_1_569' title='bbox 2323 3862 2650 3939; x_wconf 64' lang='lat' dir='ltr'><strong>imperaiore</strong></span> <span class='ocrx_word' id='word_1_570' title='bbox 2682 3865 3053 3939; x_wconf 79' lang='lat' dir='ltr'><strong>Hyacinthum</strong></span> <span class='ocrx_word' id='word_1_571' title='bbox 3108 3862 3406 3939; x_wconf 76' lang='lat' dir='ltr'><strong>martyrem</strong></span> <span class='ocrx_word' id='word_1_572' title='bbox 3448 3866 3496 3920; x_wconf 92' lang='lat' dir='ltr'><strong>in</strong></span> <span class='ocrx_word' id='word_1_573' title='bbox 3517 3862 3663 3939; x_wconf 68' lang='lat' dir='ltr'><strong>_l’ortu</strong></span> 
     </span>
    </p>
   </div>
   <div class='ocr_carea' id='block_1_87' title="bbox 2151 3930 3666 4008">
    <p class='ocr_par' dir='ltr' id='par_1_87' title="bbox 2151 3930 3666 4008">
     <span class='ocr_line' id='line_1_87' title="bbox 2151 3930 3666 4008; baseline -0.006 -15"><span class='ocrx_word' id='word_1_574' title='bbox 2151 3930 2639 4008; x_wconf 73' lang='lat' dir='ltr'><strong>Romano&#39;obiisse</strong></span> <span class='ocrx_word' id='word_1_575' title='bbox 2680 3930 2759 3990; x_wconf 68' lang='lat' dir='ltr'><strong>in&#39;</strong></span> <span class='ocrx_word' id='word_1_576' title='bbox 2781 3936 3176 4008; x_wconf 81' lang='lat' dir='ltr'><strong>Martyrologio</strong></span> <span class='ocrx_word' id='word_1_577' title='bbox 3230 3930 3467 4008; x_wconf 67' lang='lat' dir='ltr'><strong>Romano</strong></span> <span class='ocrx_word' id='word_1_578' title='bbox 3500 3935 3576 4008; x_wconf 82' lang='lat' dir='ltr'><strong>die</strong></span> <span class='ocrx_word' id='word_1_579' title='bbox 3606 3930 3666 4008; x_wconf 70' lang='lat'><strong>_26</strong></span> 
     </span>
    </p>
   </div>
   <div class='ocr_carea' id='block_1_88' title="bbox 2146 4002 3661 4089">
    <p class='ocr_par' dir='ltr' id='par_1_88' title="bbox 2146 4002 3661 4089">
     <span class='ocr_line' id='line_1_88' title="bbox 2146 4002 3661 4089; baseline -0.005 -27"><span class='ocrx_word' id='word_1_580' title='bbox 2146 4008 2279 4089; x_wconf 52' lang='lat' dir='ltr'><strong>{alii</strong></span> <span class='ocrx_word' id='word_1_581' title='bbox 2307 4007 2558 4089; x_wconf 78' lang='lat' dir='ltr'><strong>legimus,</strong></span> <span class='ocrx_word' id='word_1_582' title='bbox 2600 4007 2667 4089; x_wconf 51' lang='lat' dir='ltr'><strong>d&#39;e</strong></span> <span class='ocrx_word' id='word_1_583' title='bbox 2697 4022 2808 4089; x_wconf 75' lang='lat' dir='ltr'><strong>quo</strong></span> <span class='ocrx_word' id='word_1_584' title='bbox 2853 4002 3017 4089; x_wconf 75' lang='lat' dir='ltr'><strong>etiam</strong></span> <span class='ocrx_word' id='word_1_585' title='bbox 3056 4002 3182 4089; x_wconf 58' lang='lat' dir='ltr'><strong>agit</strong></span> <span class='ocrx_word' id='word_1_586' title='bbox 3232 4002 3661 4089; x_wconf 43' lang='lat' dir='ltr'><strong>Usuardus,m.Aldo,</strong></span> 
     </span>
    </p>
   </div>
   <div class='ocr_carea' id='block_1_89' title="bbox 2148 4074 3665 4147">
    <p class='ocr_par' dir='ltr' id='par_1_89' title="bbox 2148 4074 3665 4147">
     <span class='ocr_line' id='line_1_89' title="bbox 2148 4074 3665 4147; baseline -0.002 -14"><span class='ocrx_word' id='word_1_587' title='bbox 2148 4074 2592 4147; x_wconf 77' lang='lat' dir='ltr'><strong>Martyrologium</strong></span> <span class='ocrx_word' id='word_1_588' title='bbox 2620 4074 2909 4138; x_wconf 86' lang='lat' dir='ltr'><strong>Fuldense.</strong></span> <span class='ocrx_word' id='word_1_589' title='bbox 2941 4088 2997 4133; x_wconf 91' lang='lat' dir='ltr'><strong>et</strong></span> <span class='ocrx_word' id='word_1_590' title='bbox 3021 4074 3124 4133; x_wconf 80' lang='lat' dir='ltr'><strong>alii</strong></span> <span class='ocrx_word' id='word_1_591' title='bbox 3138 4081 3482 4137; x_wconf 74' lang='lat' dir='ltr'><strong>recentiores.</strong></span> <span class='ocrx_word' id='word_1_592' title='bbox 3505 4076 3665 4147; x_wconf 72' lang='lat' dir='ltr'><strong>Viden-</strong></span> 
     </span>
    </p>
   </div>
   <div class='ocr_carea' id='block_1_90' title="bbox 2149 4138 3663 4222">
    <p class='ocr_par' dir='ltr' id='par_1_90' title="bbox 2149 4138 3663 4222">
     <span class='ocr_line' id='line_1_90' title="bbox 2149 4138 3663 4222; baseline -0.003 -20"><span class='ocrx_word' id='word_1_593' title='bbox 2149 4138 2477 4222; x_wconf 72' lang='lat' dir='ltr'><strong>dus_Ciorgi</strong></span> <span class='ocrx_word' id='word_1_594' title='bbox 2503 4148 2855 4222; x_wconf 34' lang='lat' dir='ltr'><strong>in___not_isuad</strong></span> <span class='ocrx_word' id='word_1_595' title='bbox 2892 4148 3338 4222; x_wconf 78' lang='lat' dir='ltr'><strong>Martyrologium</strong></span> <span class='ocrx_word' id='word_1_596' title='bbox 3382 4148 3568 4222; x_wconf 67' lang='lat' dir='ltr'><strong>Adonis</strong></span> <span class='ocrx_word' id='word_1_597' title='bbox 3597 4143 3663 4222; x_wconf 72' lang='lat' dir='ltr'><strong>die</strong></span> 
     </span>
    </p>
   </div>
   <div class='ocr_carea' id='block_1_91' title="bbox 2148 4215 3664 4288">
    <p class='ocr_par' dir='ltr' id='par_1_91' title="bbox 2148 4215 3664 4288">
     <span class='ocr_line' id='line_1_91' title="bbox 2148 4215 3664 4288; baseline -0.001 -16"><span class='ocrx_word' id='word_1_598' title='bbox 2148 4219 2219 4272; x_wconf 76' lang='lat'><strong>‘26</strong></span> <span class='ocrx_word' id='word_1_599' title='bbox 2251 4215 2487 4288; x_wconf 28' lang='lat' dir='ltr'><strong>Juliiap.</strong></span> <span class='ocrx_word' id='word_1_600' title='bbox 2519 4217 2643 4281; x_wconf 82' lang='grc'><strong>555,</strong></span> <span class='ocrx_word' id='word_1_601' title='bbox 2683 4215 3066 4274; x_wconf 75' lang='lat' dir='ltr'><strong>Tillemontius</strong></span> <span class='ocrx_word' id='word_1_602' title='bbox 3102 4215 3239 4275; x_wconf 85' lang='grc' dir='ltr'>ιοιιῖ.</span> <span class='ocrx_word' id='word_1_603' title='bbox 3287 4220 3363 4280; x_wconf 84' lang='grc' dir='ltr'><strong>ΙΙ..</strong></span> <span class='ocrx_word' id='word_1_604' title='bbox 3399 4235 3449 4288; x_wconf 86' lang='lat' dir='ltr'><strong>p.</strong></span> <span class='ocrx_word' id='word_1_605' title='bbox 3479 4218 3599 4278; x_wconf 79' lang='grc'><strong>575.</strong></span> <span class='ocrx_word' id='word_1_606' title='bbox 3622 4221 3664 4288; x_wconf 58' lang='grc' dir='ltr'><strong>ιιι</strong></span> 
     </span>
    </p>
   </div>
   <div class='ocr_carea' id='block_1_92' title="bbox 2149 4284 3663 4355">
    <p class='ocr_par' dir='ltr' id='par_1_92' title="bbox 2149 4284 3663 4355">
     <span class='ocr_line' id='line_1_92' title="bbox 2149 4284 3663 4355; baseline -0.004 -13"><span class='ocrx_word' id='word_1_607' title='bbox 2149 4284 2486 4343; x_wconf 79' lang='lat' dir='ltr'><strong>Bollandiani</strong></span> <span class='ocrx_word' id='word_1_608' title='bbox 2538 4288 2668 4342; x_wconf 85' lang='lat' dir='ltr'><strong>socii</strong></span> <span class='ocrx_word' id='word_1_609' title='bbox 2719 4289 2806 4341; x_wconf 91' lang='lat' dir='ltr'><strong>die</strong></span> <span class='ocrx_word' id='word_1_610' title='bbox 2853 4289 2923 4343; x_wconf 69' lang='lat'><strong>26</strong></span> <span class='ocrx_word' id='word_1_611' title='bbox 2986 4288 3121 4355; x_wconf 80' lang='lat' dir='ltr'><strong>Jul.,</strong></span> <span class='ocrx_word' id='word_1_612' title='bbox 3167 4291 3292 4346; x_wconf 83' lang='lat' dir='ltr'><strong>Act.</strong></span> <span class='ocrx_word' id='word_1_613' title='bbox 3350 4284 3445 4345; x_wconf 79' lang='lat' dir='ltr'><strong>SS.</strong></span> <span class='ocrx_word' id='word_1_614' title='bbox 3499 4284 3663 4355; x_wconf 80' lang='lat' dir='ltr'><strong>mensis</strong></span> 
     </span>
    </p>
   </div>
   <div class='ocr_carea' id='block_1_93' title="bbox 2148 4353 3660 4427">
    <p class='ocr_par' dir='ltr' id='par_1_93' title="bbox 2148 4353 3660 4427">
     <span class='ocr_line' id='line_1_93' title="bbox 2148 4353 3660 4427; baseline -0.003 -15"><span class='ocrx_word' id='word_1_615' title='bbox 2148 4357 2301 4419; x_wconf 80' lang='lat' dir='ltr'><strong>Julii,</strong></span> <span class='ocrx_word' id='word_1_616' title='bbox 2340 4372 2475 4413; x_wconf 89' lang='lat' dir='ltr'><strong>tom.</strong></span> <span class='ocrx_word' id='word_1_617' title='bbox 2516 4357 2601 4423; x_wconf 84' lang='lat' dir='ltr'><strong>Vl,</strong></span> <span class='ocrx_word' id='word_1_618' title='bbox 2630 4374 2749 4427; x_wconf 76' lang='lat' dir='ltr'><strong>pag.</strong></span> <span class='ocrx_word' id='word_1_619' title='bbox 2802 4359 2907 4413; x_wconf 76' lang='grc'><strong>505</strong></span> <span class='ocrx_word' id='word_1_620' title='bbox 2945 4362 3078 4415; x_wconf 83' lang='lat' dir='ltr'><strong>edit.</strong></span> <span class='ocrx_word' id='word_1_621' title='bbox 3109 4353 3348 4417; x_wconf 33' lang='lat' dir='ltr'><strong>&#39;Venetm</strong></span> <span class='ocrx_word' id='word_1_622' title='bbox 3382 4360 3501 4416; x_wconf 84' lang='lat' dir='ltr'><strong>anni</strong></span> <span class='ocrx_word' id='word_1_623' title='bbox 3533 4353 3660 4427; x_wconf 73' lang='lat' dir='ltr'><strong>l&#39;i-l9.</strong></span> 
     </span>
    </p>
   </div>
   <div class='ocr_carea' id='block_1_94' title="bbox 486 4424 3664 4503">
    <p class='ocr_par' dir='ltr' id='par_1_94' title="bbox 486 4424 3664 4503">
     <span class='ocr_line' id='line_1_94' title="bbox 486 4424 3664 4503; baseline -0.002 -17"><span class='ocrx_word' id='word_1_624' title='bbox 486 4424 924 4503; x_wconf 76' lang='lat' dir='ltr'><strong>comparaverat,</strong></span> <span class='ocrx_word' id='word_1_625' title='bbox 959 4434 1203 4491; x_wconf 86' lang='lat' dir='ltr'><strong>inclusos</strong></span> <span class='ocrx_word' id='word_1_626' title='bbox 1243 4424 1375 4487; x_wconf 77' lang='lat' dir='ltr'><strong>liora</strong></span> <span class='ocrx_word' id='word_1_627' title='bbox 1421 4430 1627 4487; x_wconf 89' lang='lat' dir='ltr'><strong>decima</strong></span> <span class='ocrx_word' id='word_1_628' title='bbox 1643 4424 1690 4503; x_wconf 59' lang='lat'><strong>_,&#39;</strong></span> <span class='ocrx_word' id='word_1_629' title='bbox 1719 4428 2046 4503; x_wconf 76' lang='lat' dir='ltr'><strong>temulentos</strong></span> <span class='ocrx_word' id='word_1_630' title='bbox 2084 4426 2120 4477; x_wconf 70' lang='lat' dir='ltr'><strong>ll</strong></span> <span class='ocrx_word' id='word_1_631' title='bbox 2147 4428 2548 4503; x_wconf 63' lang='lat' dir='ltr'><strong>Quinquaginta</strong></span> <span class='ocrx_word' id='word_1_632' title='bbox 2582 4424 2779 4503; x_wconf 64' lang='lat' dir='ltr'><strong>milites</strong></span> <span class='ocrx_word' id='word_1_633' title='bbox 2811 4439 3076 4503; x_wconf 84' lang='lat' dir='ltr'><strong>martyres</strong></span> <span class='ocrx_word' id='word_1_634' title='bbox 3104 4431 3157 4485; x_wconf 90' lang='lat' dir='ltr'><strong>in</strong></span> <span class='ocrx_word' id='word_1_635' title='bbox 3192 4424 3664 4503; x_wconf 49' lang='lat' dir='ltr'><strong>perm-mione}:-</strong></span> 
     </span>
    </p>
   </div>
   <div class='ocr_carea' id='block_1_95' title="bbox 486 4497 2044 4569">
    <p class='ocr_par' dir='ltr' id='par_1_95' title="bbox 486 4497 2044 4569">
     <span class='ocr_line' id='line_1_95' title="bbox 486 4497 2044 4569; baseline -0.004 -13"><span class='ocrx_word' id='word_1_636' title='bbox 486 4511 541 4556; x_wconf 89' lang='lat' dir='ltr'><strong>et</strong></span> <span class='ocrx_word' id='word_1_637' title='bbox 563 4497 782 4569; x_wconf 68' lang='lat' dir='ltr'><strong>crapula</strong></span> <span class='ocrx_word' id='word_1_638' title='bbox 821 4516 1133 4569; x_wconf 86' lang='lat' dir='ltr'><strong>oppressos,</strong></span> <span class='ocrx_word' id='word_1_639' title='bbox 1159 4503 1481 4559; x_wconf 83' lang='lat' dir='ltr'><strong>adumbrata</strong></span> <span class='ocrx_word' id='word_1_640' title='bbox 1516 4499 1772 4569; x_wconf 80' lang='lat' dir='ltr'><strong>quadam,</strong></span> <span class='ocrx_word' id='word_1_641' title='bbox 1804 4506 1858 4553; x_wconf 83' lang='lat' dir='ltr'><strong>et</strong></span> <span class='ocrx_word' id='word_1_642' title='bbox 1898 4497 2044 4552; x_wconf 88' lang='lat' dir='ltr'><strong>inani</strong></span> 
     </span>
    </p>
   </div>
   <div class='ocr_carea' id='block_1_96' title="bbox 489 4569 2049 4642">
    <p class='ocr_par' dir='ltr' id='par_1_96' title="bbox 489 4569 2049 4642">
     <span class='ocr_line' id='line_1_96' title="bbox 489 4569 2049 4642; baseline -0.003 -16"><span class='ocrx_word' id='word_1_643' title='bbox 489 4585 748 4642; x_wconf 85' lang='lat' dir='ltr'><strong>manuum</strong></span> <span class='ocrx_word' id='word_1_644' title='bbox 782 4570 1149 4638; x_wconf 90' lang='lat' dir='ltr'><strong>impositione,</strong></span> <span class='ocrx_word' id='word_1_645' title='bbox 1185 4573 1557 4642; x_wconf 85' lang='lat' dir='ltr'><strong>episcopatum</strong></span> <span class='ocrx_word' id='word_1_646' title='bbox 1583 4570 1688 4627; x_wconf 88' lang='lat' dir='ltr'><strong>sibi</strong></span> <span class='ocrx_word' id='word_1_647' title='bbox 1713 4569 1928 4627; x_wconf 80' lang='lat' dir='ltr'><strong>tradere</strong></span> <span class='ocrx_word' id='word_1_648' title='bbox 1954 4584 2049 4639; x_wconf 89' lang='lat' dir='ltr'><strong>per</strong></span> 
     </span>
    </p>
   </div>
   <div class='ocr_carea' id='block_1_97' title="bbox 489 4641 1994 4709">
    <p class='ocr_par' dir='ltr' id='par_1_97' title="bbox 489 4641 1994 4709">
     <span class='ocr_line' id='line_1_97' title="bbox 489 4641 1994 4709; baseline -0.001 -13"><span class='ocrx_word' id='word_1_649' title='bbox 489 4641 887 4709; x_wconf 77' lang='lat' dir='ltr'><strong>l&#39;i-attdesatqne</strong></span> <span class='ocrx_word' id='word_1_650' title='bbox 916 4641 1139 4698; x_wconf 79' lang='lat' dir='ltr'><strong>insidias</strong></span> <span class='ocrx_word' id='word_1_651' title='bbox 1163 4641 1450 4699; x_wconf 62' lang='lat' dir='ltr'><strong>vindicat.»</strong></span> <span class='ocrx_word' id='word_1_652' title='bbox 1971 4666 1994 4684; x_wconf 75' lang='grc' dir='ltr'><em>ο</em></span> 
     </span>
    </p>
   </div>
   <div class='ocr_carea' id='block_1_98' title="bbox 560 4708 2051 4781">
    <p class='ocr_par' dir='ltr' id='par_1_98' title="bbox 560 4708 2051 4781">
     <span class='ocr_line' id='line_1_98' title="bbox 560 4708 2051 4781; baseline -0.003 -14"><span class='ocrx_word' id='word_1_653' title='bbox 560 4711 673 4781; x_wconf 83' lang='grc'><strong>(55)</strong></span> <span class='ocrx_word' id='word_1_654' title='bbox 712 4708 769 4763; x_wconf 88' lang='lat' dir='ltr'><strong>1n</strong></span> <span class='ocrx_word' id='word_1_655' title='bbox 803 4708 948 4765; x_wconf 88' lang='lat' dir='ltr'><strong>notis</strong></span> <span class='ocrx_word' id='word_1_656' title='bbox 975 4712 1042 4769; x_wconf 88' lang='lat' dir='ltr'><strong>ad</strong></span> <span class='ocrx_word' id='word_1_657' title='bbox 1082 4713 1227 4767; x_wconf 88' lang='lat' dir='ltr'><strong>hunc</strong></span> <span class='ocrx_word' id='word_1_658' title='bbox 1255 4713 1431 4767; x_wconf 90' lang='lat' dir='ltr'><strong>locum</strong></span> <span class='ocrx_word' id='word_1_659' title='bbox 1462 4729 1475 4765; x_wconf 92' lang='lat'>:</span> <span class='ocrx_word' id='word_1_660' title='bbox 1515 4731 1535 4764; x_wconf 81' lang='grc' dir='ltr'><strong>ι</strong></span> <span class='ocrx_word' id='word_1_661' title='bbox 1564 4710 1954 4781; x_wconf 80' lang='lat' dir='ltr'><strong>Adumbratam</strong></span> <span class='ocrx_word' id='word_1_662' title='bbox 1995 4718 2051 4764; x_wconf 89' lang='lat' dir='ltr'><strong>et</strong></span> 
     </span>
    </p>
   </div>
   <div class='ocr_carea' id='block_1_99' title="bbox 490 4780 2049 4837">
    <p class='ocr_par' dir='ltr' id='par_1_99' title="bbox 490 4780 2049 4837">
     <span class='ocr_line' id='line_1_99' title="bbox 490 4780 2049 4837; baseline -0.002 0"><span class='ocrx_word' id='word_1_663' title='bbox 490 4780 703 4837; x_wconf 81' lang='lat' dir='ltr'><strong>cassam</strong></span> <span class='ocrx_word' id='word_1_664' title='bbox 734 4781 880 4834; x_wconf 88' lang='lat' dir='ltr'><strong>illam</strong></span> <span class='ocrx_word' id='word_1_665' title='bbox 912 4781 1199 4836; x_wconf 83' lang='lat' dir='ltr'><strong>Novatiani</strong></span> <span class='ocrx_word' id='word_1_666' title='bbox 1228 4781 1623 4837; x_wconf 83' lang='lat' dir='ltr'><strong>ordinationem</strong></span> <span class='ocrx_word' id='word_1_667' title='bbox 1663 4791 1821 4836; x_wconf 88' lang='lat' dir='ltr'><strong>vocat</strong></span> <span class='ocrx_word' id='word_1_668' title='bbox 1845 4780 2049 4835; x_wconf 88' lang='lat' dir='ltr'><strong>Corne-</strong></span> 
     </span>
    </p>
   </div>
   <div class='ocr_carea' id='block_1_100' title="bbox 490 4850 2047 4923">
    <p class='ocr_par' dir='ltr' id='par_1_100' title="bbox 490 4850 2047 4923">
     <span class='ocr_line' id='line_1_100' title="bbox 490 4850 2047 4923; baseline 0.001 -19"><span class='ocrx_word' id='word_1_669' title='bbox 490 4853 617 4918; x_wconf 83' lang='lat' dir='ltr'><strong>lius,</strong></span> <span class='ocrx_word' id='word_1_670' title='bbox 648 4850 963 4923; x_wconf 9' lang='lat' dir='ltr'><strong>quodgl‘acta</strong></span> <span class='ocrx_word' id='word_1_671' title='bbox 993 4863 1135 4907; x_wconf 85' lang='lat' dir='ltr'><strong>esset</strong></span> <span class='ocrx_word' id='word_1_672' title='bbox 1163 4853 1232 4906; x_wconf 85' lang='lat' dir='ltr'><strong>ab</strong></span> <span class='ocrx_word' id='word_1_673' title='bbox 1260 4852 1484 4907; x_wconf 87' lang='lat' dir='ltr'><strong>alterius</strong></span> <span class='ocrx_word' id='word_1_674' title='bbox 1512 4852 1803 4923; x_wconf 70' lang='lat' dir='ltr'><strong>provinciae</strong></span> <span class='ocrx_word' id='word_1_675' title='bbox 1832 4852 2047 4923; x_wconf 81' lang='lat' dir='ltr'><strong>episco-</strong></span> 
     </span>
    </p>
   </div>
   <div class='ocr_carea' id='block_1_101' title="bbox 488 4921 2049 4994">
    <p class='ocr_par' dir='ltr' id='par_1_101' title="bbox 488 4921 2049 4994">
     <span class='ocr_line' id='line_1_101' title="bbox 488 4921 2049 4994; baseline 0.002 -21"><span class='ocrx_word' id='word_1_676' title='bbox 488 4925 595 4994; x_wconf 81' lang='lat' dir='ltr'><strong>pis,</strong></span> <span class='ocrx_word' id='word_1_677' title='bbox 632 4938 737 4994; x_wconf 81' lang='lat' dir='ltr'><strong>non</strong></span> <span class='ocrx_word' id='word_1_678' title='bbox 765 4921 834 4975; x_wconf 88' lang='lat' dir='ltr'><strong>ab</strong></span> <span class='ocrx_word' id='word_1_679' title='bbox 866 4921 931 4977; x_wconf 92' lang='lat' dir='ltr'><strong>iis</strong></span> <span class='ocrx_word' id='word_1_680' title='bbox 968 4923 1061 4994; x_wconf 81' lang='lat' dir='ltr'><strong>qui</strong></span> <span class='ocrx_word' id='word_1_681' title='bbox 1102 4923 1457 4994; x_wconf 69' lang='lat' dir='ltr'><strong>consecrandi</strong></span> <span class='ocrx_word' id='word_1_682' title='bbox 1501 4921 1745 4994; x_wconf 59' lang='lat' dir='ltr'><strong>Hornani</strong></span> <span class='ocrx_word' id='word_1_683' title='bbox 1776 4921 2049 4994; x_wconf 82' lang='lat' dir='ltr'><strong>pontiﬁcis</strong></span> 
     </span>
    </p>
   </div>
   <div class='ocr_carea' id='block_1_102' title="bbox 487 4991 2043 5065">
    <p class='ocr_par' dir='ltr' id='par_1_102' title="bbox 487 4991 2043 5065">
     <span class='ocr_line' id='line_1_102' title="bbox 487 4991 2043 5065; baseline -0.003 -18"><span class='ocrx_word' id='word_1_684' title='bbox 487 4991 579 5065; x_wconf 75' lang='lat' dir='ltr'><strong>ius</strong></span> <span class='ocrx_word' id='word_1_685' title='bbox 604 4992 1197 5065; x_wconf 32' lang='lat' dir='ltr'><strong>habebantiejusmodi</strong></span> <span class='ocrx_word' id='word_1_686' title='bbox 1229 5002 1349 5046; x_wconf 86' lang='lat' dir='ltr'><strong>erat</strong></span> <span class='ocrx_word' id='word_1_687' title='bbox 1381 4991 1669 5065; x_wconf 66' lang='lat' dir='ltr'><strong>Ostiensis,</strong></span> <span class='ocrx_word' id='word_1_688' title='bbox 1706 4991 2043 5065; x_wconf 73' lang='lat' dir='ltr'><strong>Tiburtinus,</strong></span> 
     </span>
    </p>
   </div>
   <div class='ocr_carea' id='block_1_103' title="bbox 490 5061 2049 5131">
    <p class='ocr_par' dir='ltr' id='par_1_103' title="bbox 490 5061 2049 5131">
     <span class='ocr_line' id='line_1_103' title="bbox 490 5061 2049 5131; baseline -0.002 -13"><span class='ocrx_word' id='word_1_689' title='bbox 490 5061 545 5118; x_wconf 82' lang='lat' dir='ltr'><strong>et</strong></span> <span class='ocrx_word' id='word_1_690' title='bbox 577 5064 691 5125; x_wconf 91' lang='lat' dir='ltr'><strong>alii,</strong></span> <span class='ocrx_word' id='word_1_691' title='bbox 722 5083 740 5115; x_wconf 77' lang='grc' dir='ltr'><strong>ι</strong></span> <span class='ocrx_word' id='word_1_692' title='bbox 769 5073 873 5118; x_wconf 83' lang='lat' dir='ltr'><strong>etc.</strong></span> <span class='ocrx_word' id='word_1_693' title='bbox 900 5061 973 5118; x_wconf 86' lang='lat' dir='ltr'><strong>De</strong></span> <span class='ocrx_word' id='word_1_694' title='bbox 1002 5065 1106 5117; x_wconf 88' lang='lat' dir='ltr'><strong>ritu</strong></span> <span class='ocrx_word' id='word_1_695' title='bbox 1138 5064 1490 5118; x_wconf 85' lang='lat' dir='ltr'><strong>consecrandi</strong></span> <span class='ocrx_word' id='word_1_696' title='bbox 1520 5063 1748 5117; x_wconf 83' lang='lat' dir='ltr'><strong>Romani</strong></span> <span class='ocrx_word' id='word_1_697' title='bbox 1778 5061 2049 5131; x_wconf 85' lang='lat' dir='ltr'><strong>pontiﬁcis</strong></span> 
     </span>
    </p>
   </div>
   <div class='ocr_carea' id='block_1_104' title="bbox 491 5133 2044 5203">
    <p class='ocr_par' dir='ltr' id='par_1_104' title="bbox 491 5133 2044 5203">
     <span class='ocr_line' id='line_1_104' title="bbox 491 5133 2044 5203; baseline -0.002 -15"><span class='ocrx_word' id='word_1_698' title='bbox 491 5135 562 5188; x_wconf 77' lang='lat' dir='ltr'><strong>al)</strong></span> <span class='ocrx_word' id='word_1_699' title='bbox 615 5134 920 5203; x_wconf 88' lang='lat' dir='ltr'><strong>episcopis.</strong></span> <span class='ocrx_word' id='word_1_700' title='bbox 965 5134 1104 5189; x_wconf 90' lang='lat' dir='ltr'><strong>inter</strong></span> <span class='ocrx_word' id='word_1_701' title='bbox 1150 5149 1287 5202; x_wconf 88' lang='lat' dir='ltr'><strong>quos</strong></span> <span class='ocrx_word' id='word_1_702' title='bbox 1334 5133 1652 5189; x_wconf 80' lang='lat' dir='ltr'><strong>Portuensis</strong></span> <span class='ocrx_word' id='word_1_703' title='bbox 1704 5142 2044 5203; x_wconf 67' lang='lat' dir='ltr'><strong>rrumeratur,</strong></span> 
     </span>
    </p>
   </div>
   <div class='ocr_carea' id='block_1_105' title="bbox 492 5201 2047 5275">
    <p class='ocr_par' dir='ltr' id='par_1_105' title="bbox 492 5201 2047 5275">
     <span class='ocr_line' id='line_1_105' title="bbox 492 5201 2047 5275; baseline 0.001 -18"><span class='ocrx_word' id='word_1_704' title='bbox 492 5201 752 5275; x_wconf 80' lang='lat' dir='ltr'><strong>legendus</strong></span> <span class='ocrx_word' id='word_1_705' title='bbox 778 5201 1122 5260; x_wconf 83' lang='lat' dir='ltr'><strong>Christianus</strong></span> <span class='ocrx_word' id='word_1_706' title='bbox 1149 5201 1331 5273; x_wconf 84' lang='lat' dir='ltr'><strong>Lupus</strong></span> <span class='ocrx_word' id='word_1_707' title='bbox 1360 5205 1519 5273; x_wconf 84' lang='lat' dir='ltr'><strong>Oper.</strong></span> <span class='ocrx_word' id='word_1_708' title='bbox 1556 5214 1691 5275; x_wconf 82' lang='lat' dir='ltr'><strong>tom.</strong></span> <span class='ocrx_word' id='word_1_709' title='bbox 1731 5201 1819 5267; x_wconf 82' lang='lat' dir='ltr'><strong>Vl,</strong></span> <span class='ocrx_word' id='word_1_710' title='bbox 1851 5218 1904 5274; x_wconf 89' lang='lat' dir='ltr'><strong>p.</strong></span> <span class='ocrx_word' id='word_1_711' title='bbox 1942 5204 2047 5259; x_wconf 80' lang='lat' dir='ltr'><strong>5l5</strong></span> 
     </span>
    </p>
   </div>
   <div class='ocr_carea' id='block_1_106' title="bbox 490 5274 2043 5344">
    <p class='ocr_par' dir='ltr' id='par_1_106' title="bbox 490 5274 2043 5344">
     <span class='ocr_line' id='line_1_106' title="bbox 490 5274 2043 5344; baseline 0.001 -16"><span class='ocrx_word' id='word_1_712' title='bbox 490 5274 869 5344; x_wconf 33' lang='lat' dir='ltr'><strong>gt’seqqq&#39;nbi</strong></span> <span class='ocrx_word' id='word_1_713' title='bbox 899 5276 1008 5341; x_wconf 81' lang='lat' dir='ltr'><strong>agit</strong></span> <span class='ocrx_word' id='word_1_714' title='bbox 1037 5277 1105 5330; x_wconf 88' lang='lat' dir='ltr'><strong>de</strong></span> <span class='ocrx_word' id='word_1_715' title='bbox 1150 5275 1507 5330; x_wconf 85' lang='lat' dir='ltr'><strong>conciliabulo</strong></span> <span class='ocrx_word' id='word_1_716' title='bbox 1546 5274 1880 5338; x_wconf 90' lang='lat' dir='ltr'><strong>Brixinensi,</strong></span> <span class='ocrx_word' id='word_1_717' title='bbox 1913 5274 2043 5329; x_wconf 89' lang='lat' dir='ltr'><strong>edit.</strong></span> 
     </span>
    </p>
   </div>
   <div class='ocr_carea' id='block_1_107' title="bbox 491 5340 2047 5410">
    <p class='ocr_par' dir='ltr' id='par_1_107' title="bbox 491 5340 2047 5410">
     <span class='ocr_line' id='line_1_107' title="bbox 491 5340 2047 5410; baseline 0.001 -13"><span class='ocrx_word' id='word_1_718' title='bbox 491 5340 710 5399; x_wconf 62' lang='lat' dir='ltr'><strong>Veneta}</strong></span> <span class='ocrx_word' id='word_1_719' title='bbox 734 5347 862 5399; x_wconf 88' lang='lat' dir='ltr'><strong>anui</strong></span> <span class='ocrx_word' id='word_1_720' title='bbox 894 5340 1054 5410; x_wconf 70' lang='lat'><strong>179.5,</strong></span> <span class='ocrx_word' id='word_1_721' title='bbox 1097 5356 1151 5401; x_wconf 87' lang='lat' dir='ltr'><strong>et</strong></span> <span class='ocrx_word' id='word_1_722' title='bbox 1177 5347 1466 5401; x_wconf 86' lang='lat' dir='ltr'><strong>Catalanus</strong></span> <span class='ocrx_word' id='word_1_723' title='bbox 1506 5346 1559 5400; x_wconf 90' lang='lat' dir='ltr'><strong>in</strong></span> <span class='ocrx_word' id='word_1_724' title='bbox 1602 5344 1960 5400; x_wconf 83' lang='lat' dir='ltr'><strong>Commentar.</strong></span> <span class='ocrx_word' id='word_1_725' title='bbox 1991 5346 2047 5398; x_wconf 83' lang='lat' dir='ltr'><strong>in</strong></span> 
     </span>
    </p>
   </div>
   <div class='ocr_carea' id='block_1_108' title="bbox 491 5414 2047 5487">
    <p class='ocr_par' dir='ltr' id='par_1_108' title="bbox 491 5414 2047 5487">
     <span class='ocr_line' id='line_1_108' title="bbox 491 5414 2047 5487; baseline 0.001 -19"><span class='ocrx_word' id='word_1_726' title='bbox 491 5430 698 5469; x_wconf 62' lang='lat' dir='ltr'><strong>carem.</strong></span> <span class='ocrx_word' id='word_1_727' title='bbox 729 5427 930 5471; x_wconf 75' lang='lat' dir='ltr'><strong>sanctw</strong></span> <span class='ocrx_word' id='word_1_728' title='bbox 953 5417 1201 5471; x_wconf 78' lang='lat' dir='ltr'><strong>Romana:</strong></span> <span class='ocrx_word' id='word_1_729' title='bbox 1228 5416 1497 5482; x_wconf 62' lang='lat' dir='ltr'><strong>Ecclesiae,</strong></span> <span class='ocrx_word' id='word_1_730' title='bbox 1526 5416 1618 5469; x_wconf 85' lang='lat' dir='ltr'><strong>lib.</strong></span> <span class='ocrx_word' id='word_1_731' title='bbox 1650 5431 1686 5479; x_wconf 86' lang='grc' dir='ltr'>ι,</span> <span class='ocrx_word' id='word_1_732' title='bbox 1710 5414 1839 5487; x_wconf 61' lang='grc' dir='ltr'><strong>ἐ15,</strong></span> <span class='ocrx_word' id='word_1_733' title='bbox 1864 5432 1919 5487; x_wconf 89' lang='lat' dir='ltr'><strong>p.</strong></span> <span class='ocrx_word' id='word_1_734' title='bbox 1945 5415 2047 5470; x_wconf 80' lang='grc'><strong>109</strong></span> 
     </span>
    </p>
   </div>
   <div class='ocr_carea' id='block_1_109' title="bbox 490 5487 2042 5557">
    <p class='ocr_par' dir='ltr' id='par_1_109' title="bbox 490 5487 2042 5557">
     <span class='ocr_line' id='line_1_109' title="bbox 490 5487 2042 5557; baseline 0.002 -21"><span class='ocrx_word' id='word_1_735' title='bbox 490 5493 546 5537; x_wconf 88' lang='lat' dir='ltr'><strong>et</strong></span> <span class='ocrx_word' id='word_1_736' title='bbox 569 5498 745 5557; x_wconf 50' lang='lat' dir='ltr'><strong>seqq“</strong></span> <span class='ocrx_word' id='word_1_737' title='bbox 786 5489 913 5541; x_wconf 88' lang='lat' dir='ltr'><strong>edit.</strong></span> <span class='ocrx_word' id='word_1_738' title='bbox 957 5487 1144 5543; x_wconf 65' lang='lat' dir='ltr'><strong>Romae</strong></span> <span class='ocrx_word' id='word_1_739' title='bbox 1174 5489 1303 5542; x_wconf 78' lang='lat' dir='ltr'><strong>amni</strong></span> <span class='ocrx_word' id='word_1_740' title='bbox 1332 5487 1489 5552; x_wconf 79' lang='grc'><strong>1750,</strong></span> <span class='ocrx_word' id='word_1_741' title='bbox 1528 5488 1728 5555; x_wconf 88' lang='lat' dir='ltr'><strong>aliique</strong></span> <span class='ocrx_word' id='word_1_742' title='bbox 1769 5487 2042 5557; x_wconf 90' lang='lat' dir='ltr'><strong>permulti,</strong></span> 
     </span>
    </p>
   </div>
   <div class='ocr_carea' id='block_1_110' title="bbox 492 5556 2046 5628">
    <p class='ocr_par' dir='ltr' id='par_1_110' title="bbox 492 5556 2046 5628">
     <span class='ocr_line' id='line_1_110' title="bbox 492 5556 2046 5628; baseline 0.003 -23"><span class='ocrx_word' id='word_1_743' title='bbox 492 5567 632 5623; x_wconf 89' lang='lat' dir='ltr'><strong>quos</strong></span> <span class='ocrx_word' id='word_1_744' title='bbox 657 5556 885 5628; x_wconf 88' lang='lat' dir='ltr'><strong>libenter</strong></span> <span class='ocrx_word' id='word_1_745' title='bbox 909 5561 1267 5627; x_wconf 79' lang='lat' dir='ltr'><strong>praeterimus,</strong></span> <span class='ocrx_word' id='word_1_746' title='bbox 1295 5560 1388 5628; x_wconf 90' lang='lat' dir='ltr'><strong>qui</strong></span> <span class='ocrx_word' id='word_1_747' title='bbox 1413 5559 1481 5613; x_wconf 90' lang='lat' dir='ltr'><strong>dc</strong></span> <span class='ocrx_word' id='word_1_748' title='bbox 1508 5574 1567 5613; x_wconf 90' lang='lat' dir='ltr'><strong>re</strong></span> <span class='ocrx_word' id='word_1_749' title='bbox 1597 5558 1732 5611; x_wconf 85' lang='lat' dir='ltr'><strong>satis</strong></span> <span class='ocrx_word' id='word_1_750' title='bbox 1776 5556 1902 5612; x_wconf 85' lang='lat' dir='ltr'><strong>nota</strong></span> <span class='ocrx_word' id='word_1_751' title='bbox 1934 5574 2046 5611; x_wconf 90' lang='lat' dir='ltr'><strong>ser-</strong></span> 
     </span>
    </p>
   </div>
   <div class='ocr_carea' id='block_1_111' title="bbox 493 5627 2047 5698">
    <p class='ocr_par' dir='ltr' id='par_1_111' title="bbox 493 5627 2047 5698">
     <span class='ocr_line' id='line_1_111' title="bbox 493 5627 2047 5698; baseline 0.005 -21"><span class='ocrx_word' id='word_1_752' title='bbox 493 5637 709 5698; x_wconf 79' lang='lat' dir='ltr'><strong>monem</strong></span> <span class='ocrx_word' id='word_1_753' title='bbox 760 5627 1132 5698; x_wconf 85' lang='lat' dir='ltr'><strong>instituerunt.</strong></span> <span class='ocrx_word' id='word_1_754' title='bbox 1194 5627 1536 5684; x_wconf 60' lang='lat' dir='ltr'><strong>Ttburtinum</strong></span> <span class='ocrx_word' id='word_1_755' title='bbox 1591 5628 1906 5697; x_wconf 72' lang='lat' dir='ltr'><strong>episct-pum</strong></span> <span class='ocrx_word' id='word_1_756' title='bbox 1954 5628 2047 5698; x_wconf 84' lang='lat' dir='ltr'><strong>jus</strong></span> 
     </span>
    </p>
   </div>
   <div class='ocr_carea' id='block_1_112' title="bbox 495 5693 2046 5769">
    <p class='ocr_par' dir='ltr' id='par_1_112' title="bbox 495 5693 2046 5769">
     <span class='ocr_line' id='line_1_112' title="bbox 495 5693 2046 5769; baseline 0.001 -20"><span class='ocrx_word' id='word_1_757' title='bbox 495 5693 752 5750; x_wconf 84' lang='lat' dir='ltr'><strong>habuisse</strong></span> <span class='ocrx_word' id='word_1_758' title='bbox 799 5696 854 5751; x_wconf 87' lang='lat' dir='ltr'><strong>in</strong></span> <span class='ocrx_word' id='word_1_759' title='bbox 905 5701 1313 5755; x_wconf 84' lang='lat' dir='ltr'><strong>consecratione</strong></span> <span class='ocrx_word' id='word_1_760' title='bbox 1366 5700 1596 5756; x_wconf 79' lang='lat' dir='ltr'><strong>Romani</strong></span> <span class='ocrx_word' id='word_1_761' title='bbox 1626 5693 2046 5769; x_wconf 52' lang='lat' dir='ltr'><strong>&#39;pontilicis,&#39;ut</strong></span> 
     </span>
    </p>
   </div>
   <div class='ocr_carea' id='block_1_113' title="bbox 2150 4496 3664 4559">
    <p class='ocr_par' dir='ltr' id='par_1_113' title="bbox 2150 4496 3664 4559">
     <span class='ocr_line' id='line_1_113' title="bbox 2150 4496 3664 4559; baseline -0.002 -6"><span class='ocrx_word' id='word_1_762' title='bbox 2150 4496 2340 4554; x_wconf 23' lang='lat' dir='ltr'><strong>lerian‘i</strong></span> <span class='ocrx_word' id='word_1_763' title='bbox 2376 4499 2429 4551; x_wconf 87' lang='lat' dir='ltr'><strong>in</strong></span> <span class='ocrx_word' id='word_1_764' title='bbox 2457 4498 2561 4552; x_wconf 81' lang='lat' dir='ltr'><strong>Por</strong></span> <span class='ocrx_word' id='word_1_765' title='bbox 2589 4516 2619 4553; x_wconf 87' lang='grc' dir='ltr'><strong>υ</strong></span> <span class='ocrx_word' id='word_1_766' title='bbox 2662 4498 2910 4553; x_wconf 75' lang='lat' dir='ltr'><strong>Romanu</strong></span> <span class='ocrx_word' id='word_1_767' title='bbox 2942 4496 3159 4556; x_wconf 82' lang='lat' dir='ltr'><strong>occisos</strong></span> <span class='ocrx_word' id='word_1_768' title='bbox 3194 4496 3363 4559; x_wconf 74' lang='lat' dir='ltr'><strong>refert</strong></span> <span class='ocrx_word' id='word_1_769' title='bbox 3395 4504 3524 4556; x_wconf 85' lang='lat' dir='ltr'><strong>idem</strong></span> <span class='ocrx_word' id='word_1_770' title='bbox 3548 4496 3664 4550; x_wconf 79' lang='lat' dir='ltr'><strong>Mar-</strong></span> 
     </span>
    </p>
   </div>
   <div class='ocr_carea' id='block_1_114' title="bbox 2148 4569 3663 4642">
    <p class='ocr_par' dir='ltr' id='par_1_114' title="bbox 2148 4569 3663 4642">
     <span class='ocr_line' id='line_1_114' title="bbox 2148 4569 3663 4642; baseline -0.002 -18"><span class='ocrx_word' id='word_1_771' title='bbox 2148 4569 2477 4642; x_wconf 76' lang='lat' dir='ltr'><strong>tyrologium</strong></span> <span class='ocrx_word' id='word_1_772' title='bbox 2520 4569 2825 4642; x_wconf 75' lang='lat' dir='ltr'><strong>Romanum</strong></span> <span class='ocrx_word' id='word_1_773' title='bbox 2840 4571 2943 4642; x_wconf 80' lang='lat' dir='ltr'><strong>_die</strong></span> <span class='ocrx_word' id='word_1_774' title='bbox 2978 4571 3014 4625; x_wconf 88' lang='lat'><strong>8</strong></span> <span class='ocrx_word' id='word_1_775' title='bbox 3051 4571 3205 4638; x_wconf 82' lang='lat' dir='ltr'><strong>Julii,</strong></span> <span class='ocrx_word' id='word_1_776' title='bbox 3251 4585 3301 4627; x_wconf 83' lang='lat' dir='ltr'><strong>et</strong></span> <span class='ocrx_word' id='word_1_777' title='bbox 3332 4574 3417 4627; x_wconf 86' lang='lat' dir='ltr'><strong>die</strong></span> <span class='ocrx_word' id='word_1_778' title='bbox 3450 4572 3511 4625; x_wconf 83' lang='grc'><strong>15</strong></span> <span class='ocrx_word' id='word_1_779' title='bbox 3546 4569 3663 4637; x_wconf 83' lang='lat' dir='ltr'><strong>ejus-</strong></span> 
     </span>
    </p>
   </div>
   <div class='ocr_carea' id='block_1_115' title="bbox 2148 4639 3660 4699">
    <p class='ocr_par' dir='ltr' id='par_1_115' title="bbox 2148 4639 3660 4699">
     <span class='ocr_line' id='line_1_115' title="bbox 2148 4639 3660 4699; baseline -0.007 -4"><span class='ocrx_word' id='word_1_780' title='bbox 2148 4639 2270 4695; x_wconf 85' lang='lat' dir='ltr'><strong>dem</strong></span> <span class='ocrx_word' id='word_1_781' title='bbox 2302 4643 2354 4693; x_wconf 86' lang='lat' dir='ltr'><strong>in</strong></span> <span class='ocrx_word' id='word_1_782' title='bbox 2377 4640 2568 4694; x_wconf 89' lang='lat' dir='ltr'><strong>eodem</strong></span> <span class='ocrx_word' id='word_1_783' title='bbox 2614 4639 2781 4694; x_wconf 87' lang='lat' dir='ltr'><strong>Portu</strong></span> <span class='ocrx_word' id='word_1_784' title='bbox 2839 4640 3086 4697; x_wconf 76' lang='lat' dir='ltr'><strong>Rontano</strong></span> <span class='ocrx_word' id='word_1_785' title='bbox 3139 4646 3340 4699; x_wconf 83' lang='lat' dir='ltr'><strong>natalis</strong></span> <span class='ocrx_word' id='word_1_786' title='bbox 3390 4650 3660 4698; x_wconf 65' lang='lat' dir='ltr'><strong>sanctorum</strong></span> 
     </span>
    </p>
   </div>
   <div class='ocr_carea' id='block_1_116' title="bbox 2149 4709 3661 4781">
    <p class='ocr_par' dir='ltr' id='par_1_116' title="bbox 2149 4709 3661 4781">
     <span class='ocr_line' id='line_1_116' title="bbox 2149 4709 3661 4781; baseline 0 -16"><span class='ocrx_word' id='word_1_787' title='bbox 2149 4718 2449 4780; x_wconf 82' lang='lat' dir='ltr'><strong>martyrum</strong></span> <span class='ocrx_word' id='word_1_788' title='bbox 2480 4709 2760 4781; x_wconf 87' lang='lat' dir='ltr'><strong>Eutropii,</strong></span> <span class='ocrx_word' id='word_1_789' title='bbox 2815 4711 3047 4767; x_wconf 73' lang='lat' dir='ltr'><strong>Zosinue</strong></span> <span class='ocrx_word' id='word_1_790' title='bbox 3081 4724 3136 4769; x_wconf 88' lang='lat' dir='ltr'><strong>et</strong></span> <span class='ocrx_word' id='word_1_791' title='bbox 3188 4713 3415 4769; x_wconf 72' lang='lat' dir='ltr'><strong>Bonosae</strong></span> <span class='ocrx_word' id='word_1_792' title='bbox 3450 4720 3661 4781; x_wconf 72' lang='lat' dir='ltr'><strong>sorprﬂl&quot;</strong></span> 
     </span>
    </p>
   </div>
   <div class='ocr_carea' id='block_1_117' title="bbox 2148 4778 3660 4854">
    <p class='ocr_par' dir='ltr' id='par_1_117' title="bbox 2148 4778 3660 4854">
     <span class='ocr_line' id='line_1_117' title="bbox 2148 4778 3660 4854; baseline -0.003 -18"><span class='ocrx_word' id='word_1_793' title='bbox 2148 4778 2494 4854; x_wconf 71' lang='lat' dir='ltr'><strong>describitur.</strong></span> <span class='ocrx_word' id='word_1_794' title='bbox 2557 4778 2688 4854; x_wconf 82' lang='lat' dir='ltr'><strong>Item</strong></span> <span class='ocrx_word' id='word_1_795' title='bbox 2747 4783 2821 4836; x_wconf 69' lang='lat'><strong>22</strong></span> <span class='ocrx_word' id='word_1_796' title='bbox 2873 4784 3104 4854; x_wconf 84' lang='lat' dir='ltr'><strong>Augusti</strong></span> <span class='ocrx_word' id='word_1_797' title='bbox 3165 4786 3221 4839; x_wconf 90' lang='lat' dir='ltr'><strong>iu</strong></span> <span class='ocrx_word' id='word_1_798' title='bbox 3294 4785 3477 4854; x_wconf 84' lang='lat' dir='ltr'><strong>eodem</strong></span> <span class='ocrx_word' id='word_1_799' title='bbox 3526 4778 3660 4854; x_wconf 67' lang='lat' dir='ltr'><strong>Porta</strong></span> 
     </span>
    </p>
   </div>
   <div class='ocr_carea' id='block_1_118' title="bbox 2149 4848 3658 4925">
    <p class='ocr_par' dir='ltr' id='par_1_118' title="bbox 2149 4848 3658 4925">
     <span class='ocr_line' id='line_1_118' title="bbox 2149 4848 3658 4925; baseline 0.001 -19"><span class='ocrx_word' id='word_1_800' title='bbox 2149 4850 2396 4925; x_wconf 65' lang='lat' dir='ltr'><strong>Homano</strong></span> <span class='ocrx_word' id='word_1_801' title='bbox 2426 4853 2686 4925; x_wconf 63' lang='lat' dir='ltr'><strong>memoria</strong></span> <span class='ocrx_word' id='word_1_802' title='bbox 2712 4848 3025 4925; x_wconf 61' lang='lat' dir='ltr'><strong>sattctoruitt</strong></span> <span class='ocrx_word' id='word_1_803' title='bbox 3078 4866 3374 4925; x_wconf 82' lang='lat' dir='ltr'><strong>martyrum</strong></span> <span class='ocrx_word' id='word_1_804' title='bbox 3419 4848 3658 4925; x_wconf 56' lang='lat' dir='ltr'><strong>Martialis,</strong></span> 
     </span>
    </p>
   </div>
   <div class='ocr_carea' id='block_1_119' title="bbox 2151 4919 3660 4994">
    <p class='ocr_par' dir='ltr' id='par_1_119' title="bbox 2151 4919 3660 4994">
     <span class='ocr_line' id='line_1_119' title="bbox 2151 4919 3660 4994; baseline -0.002 -17"><span class='ocrx_word' id='word_1_805' title='bbox 2151 4921 2454 4984; x_wconf 89' lang='lat' dir='ltr'><strong>Saturnini,</strong></span> <span class='ocrx_word' id='word_1_806' title='bbox 2482 4921 2742 4994; x_wconf 85' lang='lat' dir='ltr'><strong>Epicteti,</strong></span> <span class='ocrx_word' id='word_1_807' title='bbox 2775 4923 3017 4994; x_wconf 75' lang='lat' dir='ltr'><strong>Maprilis</strong></span> <span class='ocrx_word' id='word_1_808' title='bbox 3045 4938 3100 4979; x_wconf 90' lang='lat' dir='ltr'><strong>et</strong></span> <span class='ocrx_word' id='word_1_809' title='bbox 3151 4919 3346 4980; x_wconf 71' lang='lat' dir='ltr'><strong>Felicis</strong></span> <span class='ocrx_word' id='word_1_810' title='bbox 3381 4938 3498 4994; x_wconf 76' lang='lat' dir='ltr'><strong>cum</strong></span> <span class='ocrx_word' id='word_1_811' title='bbox 3526 4919 3660 4975; x_wconf 80' lang='lat' dir='ltr'><strong>sociis</strong></span> 
     </span>
    </p>
   </div>
   <div class='ocr_carea' id='block_1_120' title="bbox 2147 4992 3660 5057">
    <p class='ocr_par' dir='ltr' id='par_1_120' title="bbox 2147 4992 3660 5057">
     <span class='ocr_line' id='line_1_120' title="bbox 2147 4992 3660 5057; baseline -0.007 -10"><span class='ocrx_word' id='word_1_812' title='bbox 2147 5008 2362 5057; x_wconf 89' lang='lat' dir='ltr'><strong>eorum,</strong></span> <span class='ocrx_word' id='word_1_813' title='bbox 2395 4994 2644 5051; x_wconf 88' lang='lat' dir='ltr'><strong>habetur.</strong></span> <span class='ocrx_word' id='word_1_814' title='bbox 2678 4992 2925 5050; x_wconf 79' lang='lat' dir='ltr'><strong>Secunda</strong></span> <span class='ocrx_word' id='word_1_815' title='bbox 2954 4995 3131 5051; x_wconf 80' lang='lat' dir='ltr'><strong>Martii</strong></span> <span class='ocrx_word' id='word_1_816' title='bbox 3167 4997 3221 5049; x_wconf 93' lang='lat' dir='ltr'><strong>in</strong></span> <span class='ocrx_word' id='word_1_817' title='bbox 3263 4996 3422 5050; x_wconf 84' lang='lat' dir='ltr'><strong>Portu</strong></span> <span class='ocrx_word' id='word_1_818' title='bbox 3450 4992 3660 5047; x_wconf 78' lang='lat' dir='ltr'><strong>Romano</strong></span> 
     </span>
    </p>
   </div>
   <div class='ocr_carea' id='block_1_121' title="bbox 2150 5060 3656 5135">
    <p class='ocr_par' dir='ltr' id='par_1_121' title="bbox 2150 5060 3656 5135">
     <span class='ocr_line' id='line_1_121' title="bbox 2150 5060 3656 5135; baseline -0.003 -17"><span class='ocrx_word' id='word_1_819' title='bbox 2150 5073 2367 5135; x_wconf 76' lang='lat' dir='ltr'><strong>sanctos</strong></span> <span class='ocrx_word' id='word_1_820' title='bbox 2392 5073 2658 5135; x_wconf 87' lang='lat' dir='ltr'><strong>martyres</strong></span> <span class='ocrx_word' id='word_1_821' title='bbox 2690 5064 2938 5132; x_wconf 85' lang='lat' dir='ltr'><strong>Paulum,</strong></span> <span class='ocrx_word' id='word_1_822' title='bbox 2971 5065 3301 5133; x_wconf 84' lang='lat' dir='ltr'><strong>Heraclium,</strong></span> <span class='ocrx_word' id='word_1_823' title='bbox 3334 5060 3656 5135; x_wconf 60' lang='lat' dir='ltr'><strong>Secundilla!!!</strong></span> 
     </span>
    </p>
   </div>
   <div class='ocr_carea' id='block_1_122' title="bbox 2148 5127 3658 5203">
    <p class='ocr_par' dir='ltr' id='par_1_122' title="bbox 2148 5127 3658 5203">
     <span class='ocr_line' id='line_1_122' title="bbox 2148 5127 3658 5203; baseline -0.002 -15"><span class='ocrx_word' id='word_1_824' title='bbox 2148 5143 2204 5188; x_wconf 85' lang='lat' dir='ltr'><strong>et</strong></span> <span class='ocrx_word' id='word_1_825' title='bbox 2255 5127 2571 5188; x_wconf 78' lang='lat' dir='ltr'><strong>Januarium</strong></span> <span class='ocrx_word' id='word_1_826' title='bbox 2622 5148 2836 5190; x_wconf 88' lang='lat' dir='ltr'><strong>notatos</strong></span> <span class='ocrx_word' id='word_1_827' title='bbox 2898 5127 3252 5203; x_wconf 84' lang='lat' dir='ltr'><strong>invenimus;</strong></span> <span class='ocrx_word' id='word_1_828' title='bbox 3289 5127 3399 5193; x_wconf 37' lang='lat' dir='ltr'><strong>&#39;die</strong></span> <span class='ocrx_word' id='word_1_829' title='bbox 3438 5138 3501 5189; x_wconf 62' lang='grc' dir='ltr'><strong><em>Ἃ</em></strong></span> <span class='ocrx_word' id='word_1_830' title='bbox 3554 5127 3658 5185; x_wconf 73' lang='grc' dir='ltr'><strong>Μειὶἰ</strong></span> 
     </span>
    </p>
   </div>
   <div class='ocr_carea' id='block_1_123' title="bbox 2150 5202 3659 5279">
    <p class='ocr_par' dir='ltr' id='par_1_123' title="bbox 2150 5202 3659 5279">
     <span class='ocr_line' id='line_1_123' title="bbox 2150 5202 3659 5279; baseline -0.007 -20"><span class='ocrx_word' id='word_1_831' title='bbox 2150 5202 2573 5279; x_wconf 79' lang='lat' dir='ltr'><strong>_S._Vincentium</strong></span> <span class='ocrx_word' id='word_1_832' title='bbox 2601 5219 2907 5279; x_wconf 68' lang='lat' dir='ltr'><strong>martyrem,</strong></span> <span class='ocrx_word' id='word_1_833' title='bbox 2924 5216 2980 5261; x_wconf 88' lang='lat' dir='ltr'><strong>et</strong></span> <span class='ocrx_word' id='word_1_834' title='bbox 2999 5211 3185 5278; x_wconf 80' lang='lat' dir='ltr'><strong>quinta</strong></span> <span class='ocrx_word' id='word_1_835' title='bbox 3206 5202 3433 5279; x_wconf 81' lang='lat' dir='ltr'><strong>denique</strong></span> <span class='ocrx_word' id='word_1_836' title='bbox 3452 5206 3659 5279; x_wconf 72' lang='lat' dir='ltr'><strong>Septem-</strong></span> 
     </span>
    </p>
   </div>
   <div class='ocr_carea' id='block_1_124' title="bbox 2147 5272 3659 5350">
    <p class='ocr_par' dir='ltr' id='par_1_124' title="bbox 2147 5272 3659 5350">
     <span class='ocr_line' id='line_1_124' title="bbox 2147 5272 3659 5350; baseline 0.001 -20"><span class='ocrx_word' id='word_1_837' title='bbox 2147 5275 2261 5330; x_wconf 90' lang='lat' dir='ltr'><strong>bris</strong></span> <span class='ocrx_word' id='word_1_838' title='bbox 2283 5284 2559 5350; x_wconf 85' lang='lat' dir='ltr'><strong>__sanetum</strong></span> <span class='ocrx_word' id='word_1_839' title='bbox 2596 5272 3361 5350; x_wconf 35' lang='lat' dir='ltr'><strong>_Herculauum_imartyremf</strong></span> <span class='ocrx_word' id='word_1_840' title='bbox 3376 5282 3453 5350; x_wconf 86' lang='lat' dir='ltr'><strong>De</strong></span> <span class='ocrx_word' id='word_1_841' title='bbox 3492 5272 3659 5350; x_wconf 61' lang='lat' dir='ltr'><strong>quibus</strong></span> 
     </span>
    </p>
   </div>
   <div class='ocr_carea' id='block_1_125' title="bbox 2147 5345 3656 5417">
    <p class='ocr_par' dir='ltr' id='par_1_125' title="bbox 2147 5345 3656 5417">
     <span class='ocr_line' id='line_1_125' title="bbox 2147 5345 3656 5417; baseline -0.001 -17"><span class='ocrx_word' id='word_1_842' title='bbox 2147 5345 2403 5402; x_wconf 87' lang='lat' dir='ltr'><strong>onmibus</strong></span> <span class='ocrx_word' id='word_1_843' title='bbox 2425 5348 2630 5416; x_wconf 84' lang='lat' dir='ltr'><strong>legendi</strong></span> <span class='ocrx_word' id='word_1_844' title='bbox 2651 5358 2778 5403; x_wconf 89' lang='lat' dir='ltr'><strong>sunt</strong></span> <span class='ocrx_word' id='word_1_845' title='bbox 2805 5348 2965 5414; x_wconf 82' lang='lat' dir='ltr'><strong>Beda,</strong></span> <span class='ocrx_word' id='word_1_846' title='bbox 2988 5345 3289 5417; x_wconf 79' lang='lat' dir='ltr'><strong>Usuardus,</strong></span> <span class='ocrx_word' id='word_1_847' title='bbox 3308 5349 3443 5414; x_wconf 80' lang='lat' dir='ltr'><strong>Ado,</strong></span> <span class='ocrx_word' id='word_1_848' title='bbox 3467 5345 3656 5417; x_wconf 54' lang='lat' dir='ltr'><strong>aliique,</strong></span> 
     </span>
    </p>
   </div>
   <div class='ocr_carea' id='block_1_126' title="bbox 2148 5411 3657 5487">
    <p class='ocr_par' dir='ltr' id='par_1_126' title="bbox 2148 5411 3657 5487">
     <span class='ocr_line' id='line_1_126' title="bbox 2148 5411 3657 5487; baseline -0.001 -16"><span class='ocrx_word' id='word_1_849' title='bbox 2148 5431 2249 5471; x_wconf 91' lang='lat' dir='ltr'><strong>nec</strong></span> <span class='ocrx_word' id='word_1_850' title='bbox 2288 5432 2399 5471; x_wconf 91' lang='lat' dir='ltr'><strong>non</strong></span> <span class='ocrx_word' id='word_1_851' title='bbox 2430 5411 2700 5473; x_wconf 70' lang='lat' dir='ltr'><strong>Baronins</strong></span> <span class='ocrx_word' id='word_1_852' title='bbox 2725 5420 2779 5473; x_wconf 91' lang='lat' dir='ltr'><strong>in</strong></span> <span class='ocrx_word' id='word_1_853' title='bbox 2823 5411 2965 5475; x_wconf 83' lang='lat' dir='ltr'><strong>notis</strong></span> <span class='ocrx_word' id='word_1_854' title='bbox 2998 5421 3065 5475; x_wconf 90' lang='lat' dir='ltr'><strong>ad</strong></span> <span class='ocrx_word' id='word_1_855' title='bbox 3096 5411 3544 5487; x_wconf 76' lang='lat' dir='ltr'><strong>Martyrologium.</strong></span> <span class='ocrx_word' id='word_1_856' title='bbox 3573 5411 3657 5463; x_wconf 83' lang='grc' dir='ltr'><strong>υο·</strong></span> 
     </span>
    </p>
   </div>
   <div class='ocr_carea' id='block_1_127' title="bbox 2149 5486 3656 5562">
    <p class='ocr_par' dir='ltr' id='par_1_127' title="bbox 2149 5486 3656 5562">
     <span class='ocr_line' id='line_1_127' title="bbox 2149 5486 3656 5562; baseline 0.012 -24"><span class='ocrx_word' id='word_1_857' title='bbox 2149 5488 2382 5562; x_wconf 73' lang='lat' dir='ltr'><strong>minicus</strong></span> <span class='ocrx_word' id='word_1_858' title='bbox 2410 5488 2602 5562; x_wconf 77' lang='lat' dir='ltr'><strong>Giorgi</strong></span> <span class='ocrx_word' id='word_1_859' title='bbox 2631 5491 2687 5544; x_wconf 91' lang='lat' dir='ltr'><strong>in</strong></span> <span class='ocrx_word' id='word_1_860' title='bbox 2733 5492 2847 5545; x_wconf 89' lang='lat' dir='ltr'><strong>suis</strong></span> <span class='ocrx_word' id='word_1_861' title='bbox 2877 5492 2944 5546; x_wconf 87' lang='lat' dir='ltr'><strong>ad</strong></span> <span class='ocrx_word' id='word_1_862' title='bbox 2989 5492 3193 5549; x_wconf 87' lang='lat' dir='ltr'><strong>Adonis</strong></span> <span class='ocrx_word' id='word_1_863' title='bbox 3231 5486 3656 5562; x_wconf 9' lang='lat' dir='ltr'><strong>Martymgloalum</strong></span> 
     </span>
    </p>
   </div>
   <div class='ocr_carea' id='block_1_128' title="bbox 2150 5556 3657 5631">
    <p class='ocr_par' dir='ltr' id='par_1_128' title="bbox 2150 5556 3657 5631">
     <span class='ocr_line' id='line_1_128' title="bbox 2150 5556 3657 5631; baseline 0.001 -21"><span class='ocrx_word' id='word_1_864' title='bbox 2150 5556 2413 5631; x_wconf 77' lang='lat' dir='ltr'><strong>Sollerins</strong></span> <span class='ocrx_word' id='word_1_865' title='bbox 2446 5560 2512 5613; x_wconf 91' lang='lat' dir='ltr'><strong>ad</strong></span> <span class='ocrx_word' id='word_1_866' title='bbox 2552 5556 2991 5631; x_wconf 77' lang='lat' dir='ltr'><strong>Martyrologium</strong></span> <span class='ocrx_word' id='word_1_867' title='bbox 3038 5562 3269 5620; x_wconf 80' lang='lat' dir='ltr'><strong>Usuardi</strong></span> <span class='ocrx_word' id='word_1_868' title='bbox 3308 5556 3657 5631; x_wconf 64' lang='lat' dir='ltr'><strong>notationian</strong></span> 
     </span>
    </p>
   </div>
   <div class='ocr_carea' id='block_1_129' title="bbox 2146 5627 3626 5702">
    <p class='ocr_par' dir='ltr' id='par_1_129' title="bbox 2146 5627 3626 5702">
     <span class='ocr_line' id='line_1_129' title="bbox 2146 5627 3626 5702; baseline 0 -20"><span class='ocrx_word' id='word_1_869' title='bbox 2146 5638 2199 5683; x_wconf 84' lang='lat' dir='ltr'><strong>et</strong></span> <span class='ocrx_word' id='word_1_870' title='bbox 2232 5627 2569 5702; x_wconf 22' lang='lat' dir='ltr'><strong>Holla‘ndiani</strong></span> <span class='ocrx_word' id='word_1_871' title='bbox 2605 5627 2739 5686; x_wconf 69' lang='lat' dir='ltr'><strong>socii</strong></span> <span class='ocrx_word' id='word_1_872' title='bbox 2768 5632 2821 5685; x_wconf 89' lang='lat' dir='ltr'><strong>iu</strong></span> <span class='ocrx_word' id='word_1_873' title='bbox 2850 5627 3099 5702; x_wconf 65' lang='lat' dir='ltr'><strong>superius</strong></span> <span class='ocrx_word' id='word_1_874' title='bbox 3134 5629 3626 5702; x_wconf 10' lang='lat' dir='ltr'><strong>recensitisrdielms-</strong></span> 
     </span>
    </p>
   </div>
   <div class='ocr_carea' id='block_1_130' title="bbox 2218 5697 3533 5774">
    <p class='ocr_par' dir='ltr' id='par_1_130' title="bbox 2218 5697 3533 5774">
     <span class='ocr_line' id='line_1_130' title="bbox 2218 5697 3533 5774; baseline -0.008 -12"><span class='ocrx_word' id='word_1_875' title='bbox 2218 5699 2330 5772; x_wconf 79' lang='lat'><strong>(57)</strong></span> <span class='ocrx_word' id='word_1_876' title='bbox 2374 5699 2402 5771; x_wconf 59' lang='lat' dir='ltr'>ﬁ</span> <span class='ocrx_word' id='word_1_877' title='bbox 2431 5701 2485 5765; x_wconf 70' lang='grc' dir='ltr'><strong>Ξ,</strong></span> <span class='ocrx_word' id='word_1_878' title='bbox 2516 5717 2633 5770; x_wconf 65' lang='grc' dir='ltr'>[λιιι.</span> <span class='ocrx_word' id='word_1_879' title='bbox 2664 5704 2729 5756; x_wconf 65' lang='grc'>44</span> <span class='ocrx_word' id='word_1_880' title='bbox 2754 5704 2877 5757; x_wconf 81' lang='lat' dir='ltr'><strong>edit.</strong></span> <span class='ocrx_word' id='word_1_881' title='bbox 2908 5697 3265 5774; x_wconf 71' lang='lat' dir='ltr'><strong>Cautalirigize</strong></span> <span class='ocrx_word' id='word_1_882' title='bbox 3293 5719 3380 5758; x_wconf 77' lang='lat' dir='ltr'><strong>an.</strong></span> <span class='ocrx_word' id='word_1_883' title='bbox 3412 5697 3533 5754; x_wconf 72' lang='grc' dir='ltr'>ιτιη</span> 
     </span>
    </p>
   </div>
  </div>
