3796 6194
186 257 272 312 557
973 258 1063 314 DE
1101 257 1494 317 PORTUENSI
1530 260 1586 317 S.
1629 259 1993 318 HIPPOLYTI
2033 260 2224 316 SEDE.
2258 293 2326 302 —
2359 259 2539 316 PARS
2577 260 2637 316 11.

3306 262 3408 320 538

180 379 327 447 jectis
354 397 368 434 :
403 396 424 428 ι
450 376 640 448 Itaque
665 394 788 434 cum
821 379 1058 437 diluculo
1078 382 1148 437 ad
1179 396 1329 436 mare
1349 382 1736 438 inambulando
1766 386 1812 444 Α
1836 398 1956 452 quae
1985 383 2052 438 de
2082 383 2398 454 hujusmodi
2426 383 2780 453 antiquorum
2802 382 3046 454 collegiis
3073 383 3174 440 viri
3204 384 3408 439 doctis-

187 471 350 526 littore
375 486 747 541 pergeremus,
772 482 832 528 ut
853 483 906 527 et
926 489 1058 528 aura
1082 475 1332 543 aspirans
1353 475 1540 530 leniter
1561 491 1736 531 mem-

185 565 270 618 bra
302 573 585 634 vegetaret,
613 577 819 619 etcum
848 567 1044 621 eximia
1079 567 1351 636 voluptate
1388 569 1538 622 molli
1573 571 1738 625 vesti-

184 659 261 726 gio
303 657 501 710 cedens
530 672 696 712 arena
745 658 1129 714 subsisteret...
1162 678 1180 710 ›
1234 657 1522 730 Perpensis
1571 661 1738 731 igitur

178 748 376 801 eximiis
420 748 573 803 hisce
606 747 820 803 Minutii
847 751 1045 814 verbis,
1075 751 1198 820 quis
1232 766 1472 821 unquam
1494 752 1560 806 de
1590 753 1738 807 salu-

176 840 356 893 britate
386 838 589 895 Portus
616 838 844 894 Romani
878 841 1042 897 Ostia:
1072 843 1283 897 finitimi
1317 853 1458 898 recte
1491 844 1740 898 dubitare

173 933 405 1000 poterit?
440 931 785 1004 Quapropter
811 934 934 1003 jure
981 951 1044 988 ac
1084 937 1280 990 merito
1317 935 1555 991 Jacobus
1595 936 1736 992 Gro-

174 1026 356 1077 novius
404 1026 848 1092 patentissimutn
897 1025 1097 1099 Moynii
1149 1028 1360 1097 lapsum
1413 1028 1638 1098 castigat
1683 1028 1735 1081 in

171 1119 302 1170 notis
325 1118 394 1171 ad
422 1118 574 1172 hunc
608 1119 820 1172 Minutii
855 1120 1033 1174 locum
1061 1121 1145 1176 his
1169 1121 1377 1176 verbis:
1407 1140 1424 1172 ι
1449 1122 1584 1175 Cum
1610 1137 1738 1175 vero

173 1210 366 1264 Ostiam
404 1211 480 1264 ita
515 1212 796 1265 cernimus
824 1213 892 1266 ab
915 1222 1139 1268 auctore
1165 1213 1516 1284 descriptam,
1546 1225 1604 1268 ut
1629 1230 1736 1267 non

175 1301 324 1355 modo
374 1303 813 1358 amantissimam
857 1319 1055 1359 vocare
1095 1305 1387 1370 censuerit,
1433 1305 1526 1359 sed
1573 1307 1736 1360 etiam

176 1397 664 1462 commendaverit;
696 1408 808 1452 tum
849 1414 879 1453 a
918 1400 1146 1454 marinis
1188 1400 1431 1464 balneis,
1462 1407 1576 1453 tum
1611 1414 1738 1453 vero

177 1489 237 1543 ab
264 1503 432 1553 aura;
485 1489 616 1545 hinc
657 1489 810 1545 fateri
853 1507 1038 1561 cogor,
1072 1507 1157 1546 me
1187 1495 1434 1558 nescire,
1487 1508 1555 1545 an
1600 1493 1738 1545 ratio

178 1597 267 1636 sua
320 1583 631 1637 constiterit
689 1583 1060 1638 eruditissimo
1126 1585 1398 1653 quondam
1452 1593 1642 1639 nostro
1690 1584 1739 1638 le

180 1672 374 1744 Moyne,
406 1690 535 1728 cum
564 1675 615 1727 in
644 1673 1045 1746 Prolegomenis
1075 1677 1140 1730 ad
1174 1675 1340 1730 Varia
1363 1693 1537 1741 sacra,
1565 1692 1620 1747 p.
1642 1676 1732 1740 ‘20,

181 1766 415 1834 scripsit:
460 1785 480 1817 ι
520 1765 654 1820 Erat
709 1765 906 1822 Portus
952 1765 1219 1823 Ostiensis
1268 1784 1299 1823 a
1331 1767 1560 1824 Claudio
1608 1785 1741 1824 con-

187 1875 202 1905 ι
235 1864 494 1917 structus,
548 1871 578 1909 a
633 1855 869 1925 Trajano
915 1867 1228 1926 reparatus,
1282 1858 1430 1927 gravi
1479 1868 1533 1912 et
1573 1859 1740 1914 incle-

186 1967 203 1998 ι
240 1948 394 2001 menti
423 1948 540 2001 aeri
569 1948 873 2012 obnoxius,
905 1958 959 2002 et
986 1949 1080 2018 qui
1127 1949 1488 2020 paucissimos
1529 1965 1742 2020 semper

186 2057 204 2090 ι
237 2040 362 2093 aluit
418 2041 708 2109 indigenas
755 2049 810 2094 et
857 2041 1085 2096 incolas.
1117 2059 1136 2093 ι
1187 2041 1365 2097 Credo
1410 2041 1742 2112 frequentio-

187 2146 281 2184 rem
310 2130 522 2186 Ostiam
560 2131 750 2199 fuisse,
776 2148 876 2188 nec
919 2143 1102 2187 tamen
1151 2132 1482 2202 Procopius,
1527 2145 1620 2188 aut
1650 2135 1740 2189 alii

187 2221 398 2284 Ostiam,
433 2224 520 2276 vel
569 2222 790 2278 Portum
838 2225 918 2280 sic
955 2226 1286 2295 deprimunt.
1313 2245 1331 2277 ι
1371 2225 1494 2281 Haec
1533 2225 1743 2282 Grono-

188 2313 306 2365 vius.
343 2311 548 2366 Verum
585 2314 631 2367 si
665 2314 787 2383 quis
830 2330 942 2369 rem
971 2316 1134 2371 altius
1158 2315 1483 2385 disquirere,
1513 2323 1568 2370 et
1598 2317 1742 2372 aeris

191 2404 530 2458 inclementia
584 2406 889 2476 originem,
937 2423 1045 2476 qua
1092 2423 1238 2462 nunc
1288 2423 1416 2477 ager
1459 2407 1740 2464 Romanus

192 2495 400 2560 laborat,
429 2499 765 2566 perscrutari
788 2499 964 2565 vellet,
996 2500 1156 2568 legat,
1193 2500 1238 2554 si
1272 2499 1440 2564 lubet,
1464 2500 1737 2554 eruditum

191 2585 389 2644 Joannis
415 2589 672 2659 Baptistae
693 2591 848 2645 Donii
873 2592 1114 2646 libellum
1137 2591 1211 2645 Dc
1231 2590 1601 2645 insalubritate
1624 2593 1739 2662 agri

194 2680 428 2745 Romani,
479 2692 534 2734 et
584 2683 971 2752 sapientissimi
1043 2683 1145 2736 viri
1199 2682 1526 2739 Ferdinandi
1587 2686 1736 2740 card.

193 2772 350 2844 Nuptii
372 2775 817 2844 disquisitionem
844 2775 919 2829 De
948 2775 1171 2829 Rontam'
1201 2777 1318 2846 agri
1351 2777 1559 2830 cultura
1589 2780 1742 2832 resti-

194 2865 400 2917 tuenda:
446 2865 595 2934 quod
654 2880 784 2918 vero
836 2865 1152 2934 paucissimi
1212 2867 1470 2922 mortales
1515 2867 1736 2923 Portum

195 2952 477 3008 Romanum
529 2963 661 3009 tunc
709 2956 968 3024 temporis
1015 2955 1345 3022 habitarent,
1380 2958 1483 3012 hoc
1534 2960 1738 3013 nemini

193 3050 396 3116 probare
422 3048 621 3118 poterit
650 3046 928 3118 Moynius;
953 3048 1079 3116 quis
1107 3048 1253 3101 enim
1283 3048 1383 3102 sibi
1417 3051 1738 3118 persuadeat
1766 3083 1808 3142 Ο

191 3140 587 3195 εειεὺεπίιιιιιπι
619 3140 806 3195 mundi
839 3150 1052 3210 portum
1078 3140 1144 3195 ad
1168 3156 1326 3210 quem
1361 3158 1584 3209 merces,
1617 3159 1738 3212 quae

190 3245 246 3286 ex
271 3241 378 3286 toto
406 3243 681 3286 terrarum
712 3233 850 3286 orbe
898 3231 1128 3287 Romam
1177 3234 1414 3303 gentium
1461 3235 1736 3290 dominam

191 3326 695 3396 comportabantur,
729 3325 998 3394 appellere
1032 3341 1256 3381 necesse
1297 3337 1435 3390 erat,
1475 3329 1612 3383 adeo
1653 3329 1738 3383 in-

187 3417 303 3472 colis
331 3417 680 3479 destitutum,
731 3429 790 3471 ut
820 3418 1178 3486 paucissimos
1222 3427 1431 3474 tantum
1486 3422 1740 3476 mortales

186 3508 368 3566 aluisse
389 3510 723 3565 credendum
745 3510 857 3564 sit?
890 3508 945 3564 Si
969 3511 1220 3578 antiquos
1247 3511 1452 3580 lapides
1480 3513 1741 3583 tantisper

185 3601 530 3664 consulimus,
560 3617 670 3654 non
693 3601 925 3669 exiguus
959 3602 1140 3656 statim
1165 3601 1448 3660 hominum
1482 3619 1741 3660 numerus

183 3671 417 3763 emergit,
453 3694 548 3763 qui
585 3692 818 3762 publicis
860 3693 1238 3748 tantummodo
1283 3693 1483 3749 Portus
1509 3695 1738 3753 Romani

185 3786 362 3841 usibus
382 3787 643 3840 destinati
677 3784 848 3849 fuere,
882 3800 1114 3854 quorum
1143 3803 1396 3857 corpora,
1424 3789 1538 3842 sive
1579 3788 1740 3843 colle-

179 3877 260 3946 σία
287 3878 341 3932 in
376 3878 574 3934 iisdem
606 3878 975 3933 nionumcntis
998 3894 1140 3948 saepe
1169 3889 1562 3946 memorantur,
1596 3881 1745 3936 scili-

178 3979 256 4023 cet
293 3969 608 4034 fabrorum,
661 3971 1018 4035 tignariorum
1042 4012 1057 4035 ,
1106 3969 1498 4038 ferrariorum,
1535 3973 1744 4028 tabula-

175 4063 399 4127 riorum,
432 4079 773 4127 mensornm,
819 4063 1095 4118 fabrorum
1132 4065 1405 4118 navalium
1433 4065 1570 4135 (58),
1609 4067 1743 4120 alio-

174 4170 426 4225 rumque,
455 4172 690 4225 quorum
719 4171 1005 4214 numerum
1040 4172 1105 4210 ex
1131 4156 1197 4210 iis
1225 4156 1476 4228 colligere
1521 4156 1604 4212 fas
1635 4167 1741 4225 est,

238 4375 354 4444 (58)
397 4375 541 4442 Lege
576 4375 864 4431 Gruterum
897 4393 950 4445 p.
975 4377 1101 4443 457,
1140 4394 1290 4432 num.
1319 4379 1374 4444 2,
1415 4379 1503 4434 ubi
1542 4381 1594 4435 in
1624 4381 1740 4438 basi

168 4456 360 4499 statua:
386 4457 616 4514 repertae
639 4464 726 4500 an.
758 4447 892 4501 1590
914 4446 1108 4502 Ostim:
1148 4448 1399 4502 l’abrum.
1431 4450 1740 4508 Navaliunt.

168 4514 413 4570 Portam.
465 4515 691 4584 Corpus.
753 4515 1010 4571 Fabrum.
1072 4517 1359 4572 Nacoliam
1412 4521 1638 4577 Osticns.
1691 4533 1745 4578 et

165 4587 367 4660 p._462,
390 4606 446 4641 ιι.
476 4588 498 4638 1
527 4606 548 4660 Ξ
581 4585 861 4660 Mensores.
894 4587 1026 4660 Nos.
1046 4589 1382 4660 I’ortuenses.
1405 4592 1546 4660 quib.
1575 4604 1738 4648 uetus.

163 4650 264 4729 fuit
312 4674 453 4709 cum.
513 4656 852 4710 Caudicariis
894 4659 1268 4729 Diuturnumq.
1316 4650 1624 4716 Luctantem
1671 4663 1744 4718 De

164 4727 411 4801 collegiis
461 4729 853 4801 supr-ascriptis
899 4730 1064 4784 multa
1101 4727 1336 4799 reperies
1370 4733 1511 4801 apud
1545 4732 1740 4788 Grute-

165 4810 288 4848 rum
312 4800 569 4868 aliosque
601 4799 1016 4868 inscriptionum
1047 4801 1383 4856 collectores.

235 4868 354 4940 (39)
386 4867 518 4940 Lib.
553 4883 664 4929 xiv,
711 4867 792 4940 tit}
821 4867 940 4940 22,7
972 4872 1073 4940 leg.
1105 4871 1130 4923 1
1154 4911 1169 4936 ,
1218 4887 1337 4940 pag.
1373 4871 1500 4938 29%,
1541 4881 1672 4927 tom.
1697 4873 1741 4928 ν

159 4937 298 5006 edit.
337 4937 540 5006 Lipsiae
571 4940 699 4991 armi
736 4939 893 4994 1741.
926 4939 997 4993 De
1026 4937 1352 4996 calidicariis
1383 4953 1436 4996 et
1467 4946 1741 4998 mensori-

162 5004 268 5059 hus
282 5004 681 5082 Part—uensihus
704 5009 880 5078 agitur
903 5010 1087 5082 eodem
1120 5012 1213 5066 lib.
1243 5029 1349 5076 xw,
1378 5014 1457 5066 Iit.
1476 5014 1528 5069 4.
1557 5015 1660 5082 leg.
1685 5016 1739 5077 9,

163 5088 292 5148 pag.
319 5078 450 5137 206,
487 5079 578 5132 ubi
619 5079 734 5145 lege
756 5096 878 5148 quae
912 5081 1015 5134 hoc
1054 5082 1174 5136 loco
1202 5092 1254 5136 et
1293 5085 1420 5137 alibi
1458 5101 1489 5138 a
1532 5078 1740 5140 Gotho-

165 5143 320 5199 frédo
353 5143 710 5202 adnotantur.

240 5218 351 5282 (60)
378 5217 452 5291 1η
475 5217 754 5282 Paratitl.,
779 5218 1008 5291 lih.xrv,
1043 5220 1123 5274 tit.
1148 5222 1198 5283 1,
1217 5221 1398 5291 legei,
1425 5223 1490 5277 de
1521 5225 1737 5286 suariis,

166 5289 464 5365 pecuariis,
500 5290 1002 5365 ct__sn.-.cept_(n-ibus
1031 5293 1163 5358 vini,
1193 5289 1512 5363 caeterisun
1541 5312 1740 5365 corpo-

169 5360 329 5418 ralis,
365 5371 497 5412 tom.
539 5357 606 5418 Υ,
633 5376 752 5428 pag.
793 5361 912 5414 188.

246 5431 356 5493 (61)
400 5429 524 5500 Lib.
558 5446 666 5494 xiv,
713 5432 793 5482 lit.
828 5431 917 5494 2'5,
953 5431 1053 5500 leg.
1093 5432 1144 5494 1,
1192 5433 1244 5485 in
1285 5433 1474 5488 eodem
1510 5444 1640 5488 tom.
1674 5436 1738 5498 Υ,

174 5501 450 5619 pagi.
485 5498 618 5554 Vide
644 5502 805 5553 etiam
843 5518 964 5569 quo:
994 5498 1173 5557 hocin
1218 5505 1337 5558 loco
1374 5504 1741 5563 Gothofredus

179 5576 273 5619 ita.-
299 5586 327 5619 1ι
356 5580 414 5619 Il.

179 5571 414 5622 tradidit.

247 5641 355 5697 (6:)
399 5640 453 5692 ιη
491 5640 634 5694 notis
672 5640 738 5694 ad
786 5641 1005 5696 citatum
1054 5644 1234 5698 locum
1283 5643 1488 5699 Minutii
1521 5647 1736 5707 Felicis,

188 5701 213 5774 ε
263 5709 312 5762 2.
361 5712 674 5779 Serapidem
724 5727 829 5765 non
861 5713 1015 5781 longe
1067 5732 1097 5769 ει
1146 5712 1311 5776 Ροιίιι
1377 5701 1740 5773 Romanoad

1843 473 1968 527 simi
2009 473 2365 530 tradiderunt.
2415 473 2511 529 His
2543 474 2706 528 etiam
2747 473 3008 544 jungendi
3047 485 3173 530 sunt
3218 478 3406 530 caudi-

1843 564 2000 631 carii,
2036 565 2261 620 saccarii
2294 565 2492 619 Portus
2527 564 2745 628 Romte,
2789 581 3022 634 quorum
3066 565 3269 620 mentio
3315 565 3410 619 lia-

1841 657 1998 712 betur
2026 657 2081 710 in
2112 657 2301 712 Codice
2332 657 2718 714 Theodosiano
2755 655 2892 726 (59).
2922 654 3126 710 Horum
3177 670 3409 725 corpora

1841 762 2133 802 numerosa
2191 747 2359 802 fuisse
2398 755 2544 801 recte
2599 755 2784 801 monet
2833 744 3071 800 Jacobus
3118 745 3412 800 Gothofre-

1839 838 1942 894 dus
1991 837 2124 906 (60),
2172 847 2360 908 utpote
2413 838 2504 908 qui
2559 853 2835 892 annonam
2891 837 3138 907 aliasque
3198 852 3411 891 merces

1844 927 2003 985 Urbis
2045 931 2236 985 usibus
2283 931 2583 986 destinatas
2621 931 2798 985 saccis
2822 939 2876 984 ct
2914 929 3223 985 minoribus
3259 931 3412 984 navi-

1840 1024 1942 1092 giis
1981 1024 2358 1093 asportabant.
2394 1025 2705 1095 Prtecipuos
2759 1025 2923 1078 etiam
2971 1025 3323 1095 magistratus
3355 1023 3409 1078 in

1840 1113 2005 1168 Portu
2035 1114 2283 1168 Romano
2314 1115 2614 1170 destinatos
2637 1114 2794 1169 nobis
2819 1114 3126 1184 suppeditat
3154 1114 3412 1169 idemmct

1841 1208 2016 1263 Codex
2052 1207 2490 1275 Tbeodosianus,
2513 1209 2566 1263 in
2602 1225 2712 1280 quo
2755 1217 2936 1264 exstat
2981 1209 3174 1265 titulus
3207 1207 3283 1263 De
3316 1225 3412 1278 pa-

1841 1301 2006 1352 tronis
2064 1301 2376 1354 horreorum
2421 1299 2797 1354 Portuensium
2841 1299 2988 1372 (61),
3030 1301 3122 1368 qui
3182 1315 3413 1353 annonae

1841 1401 2138 1461 praeerant;
2191 1402 2572 1461 procuratores
2614 1392 2814 1446 Portus
2847 1391 3116 1448 Ostiensis
3155 1392 3412 1446 exhibent

1839 1484 2001 1538 etiam
2038 1484 2276 1553 antiquae
2317 1485 2734 1554 inscriptiones;
2778 1485 3090 1539 sacerdotes
3134 1484 3412 1553 Serapidis

1840 1575 1987 1629 cultu
2028 1576 2366 1646 mancipatus
2394 1576 2626 1646 legimus
2662 1576 2713 1628 in
2757 1591 2920 1646 supra
2956 1576 3172 1630 laudata
3214 1575 3412 1629 inscri-

1840 1667 2025 1736 ptione
2067 1669 2209 1738 apud
2251 1667 2514 1738 Sponium
2542 1709 2556 1733 ,
2598 1668 2755 1738 cujus
2797 1669 3086 1738 genuinam
3123 1669 3409 1722 lectionem

1842 1762 2113 1816 immerito
2136 1763 2187 1816 in
2210 1762 2433 1817 dubium
2464 1773 2656 1816 vocant
2688 1761 2956 1827 nonnulli,
2980 1761 3072 1830 qui
3097 1775 3195 1830 pro
3221 1759 3408 1824 Porm,

1842 1854 2070 1908 Pontum
2113 1855 2398 1926 legendum
2446 1869 2567 1908 esse
2616 1862 2936 1916 autumant,
2987 1853 3136 1906 nullo
3190 1852 3408 1922 quidem

1841 1947 2068 2002 rationis
2105 1956 2404 2011 momento,
2438 1961 2549 2016 quo
2596 1947 2829 2016 primam
2881 1945 3075 2016 Sponii
3121 1944 3407 2000 lectionem

1839 2034 2234 2088 immutandatn
2261 2049 2381 2089 esse
2411 2033 2584 2089 doctis
2610 2034 2740 2086 viris
2773 2034 3152 2103 persuadeant.
3176 2032 3408 2093 Etenim,

1840 2134 1900 2180 ut
1932 2125 2066 2180 scite
2092 2126 2345 2181 observat
2372 2123 2610 2180 Jacobus
2643 2123 3104 2195 Gronovius(62),
3135 2123 3410 2195 Serapidis

1841 2219 2099 2288 templum
2156 2234 2264 2271 non
2319 2219 2482 2273 modo
2531 2220 2671 2289 apud
2742 2219 3073 2288 Sinopenses
3123 2219 3177 2273 in
3236 2220 3411 2274 Ponto

1839 2311 2063 2376 exstitit,
2090 2326 2276 2365 verum
2302 2312 2466 2365 etiam
2508 2327 2614 2365 non
2654 2311 2813 2383 longe
2857 2327 2887 2366 a
2928 2310 3095 2368 Portu
3139 2311 3408 2376 Romano,

1839 2405 2299 2474 quemadmodum
2340 2421 2404 2460 ex
2453 2404 2683 2460 Minutio
2720 2406 3077 2472 deducimus,
3119 2407 3210 2476 qui
3248 2405 3410 2462 Sera-

1839 2496 1982 2566 pidis
2012 2497 2366 2553 simulacrum
2397 2514 2507 2554 non
2553 2498 2713 2568 longe
2754 2499 2824 2553 ab
2877 2496 3032 2554 Ostia
3077 2513 3414 2553 commemo-

1841 2598 1944 2643 rat.

1912 2681 1969 2736 S.
1995 2680 2378 2753 Hieronymus,
2405 2681 2458 2735 in
2487 2681 2714 2751 epistola
2747 2681 2811 2735 ad
2831 2679 3239 2734 Pammachium
3275 2679 3410 2749 (63),

1840 2777 2244 2832 xenodochium
2300 2776 2367 2830 ab
2423 2777 2527 2829 hoc
2570 2775 2914 2832 nobilissimo
2963 2774 3080 2828 viro
3137 2774 3190 2827 in
3244 2773 3410 2826 Porto

1840 2867 2091 2923 Romano
2132 2877 2468 2922 exstructum
2530 2875 2816 2919 memorat.
2855 2864 2914 2920 S.
2945 2864 3271 2919 Ambrosius
3299 2864 3411 2932 (64)

1841 2976 2024 3028 operas
2050 2959 2362 3012 Portuenses
2389 2958 2654 3018 nominat,
2688 2965 2740 3010 et
2766 2957 3160 3027 Philostorgius
3183 2957 3318 3026 (65),
3346 2959 3413 3010 de

1842 3052 2058 3105 Alarico
2090 3052 2341 3120 loquens,
2378 3049 2470 3119 qui
2517 3047 2738 3103 Portum
2773 3048 3078 3104 Romanum
3126 3058 3178 3102 et
3222 3050 3412 3102 urbem

1840 3145 2011 3214 ipsam
2054 3142 2406 3197 Portuensem
2448 3145 2564 3198 dira
2602 3143 2888 3198 obsidione
2923 3142 3142 3205 devicit,
3177 3142 3291 3196 lucc
3331 3141 3415 3195 in-

1839 3237 1990 3306 quit:
2033 3254 2051 3287 ι
2085 3234 2184 3292 llic
2229 3252 2360 3290 vero
2408 3234 2700 3291 confestim
2734 3234 2958 3289 Portum
3001 3235 3306 3304 occupavit.
3359 3235 3412 3286 Id

1841 3339 2022 3382 autem
2057 3338 2139 3384 est
2185 3329 2486 3383 maximum
2537 3327 2735 3383 navale
2789 3329 2942 3382 urbis
3000 3326 3210 3390 Romae,
3240 3326 3416 3381 tribus

1841 3421 2108 3490 portubus
2133 3431 2412 3488 constans,
2433 3431 2487 3475 et
2517 3421 2570 3474 in
2594 3437 2772 3490 parva:
2809 3421 2958 3475 urbis
2986 3419 3413 3490 magnitudinem

1842 3523 2151 3568 extensum.
2183 3533 2201 3565 ι
2253 3513 2552 3583 Procopius
2582 3513 2717 3582 (66),
2758 3513 2852 3582 qui
2888 3513 3027 3567 bello
3071 3512 3302 3567 Gothico
3329 3511 3415 3564 in-

1843 3606 2031 3660 terfuit
2051 3616 2102 3660 et
2131 3605 2354 3659 Portum
2390 3605 2697 3659 Romanum
2720 3621 2960 3674 praesens
2989 3604 3174 3659 forsan
3209 3605 3412 3668 invisit,

1841 3695 2206 3751 disertissime
2234 3703 2464 3749 testatur
2495 3696 2638 3764 apud
2667 3696 2919 3750 eumdem
2949 3695 3139 3750 urbem
3182 3694 3353 3750 fuisse
3382 3711 3412 3749 a

1843 3786 2107 3840 Romanis
2152 3786 2466 3842 conditam:
2507 3805 2524 3838 ι
2569 3786 2719 3841 Ultra
2776 3788 2923 3844 istud
2970 3803 3053 3853 os,
3119 3788 3185 3842 ad
3237 3788 3414 3856 ripam

1843 3878 2124 3952 (Tiberis)
2174 3879 2538 3934 condiderunt
2585 3881 2772 3934 urbem
2822 3880 2952 3936 olim
2989 3879 3245 3943 Romani,
3292 3895 3414 3948 quae

1842 3970 2117 4025 moenibus
2139 3969 2318 4024 cincta
2346 3977 2429 4023 est
2464 3969 2847 4033 validissimis,
2885 3968 3159 4037 ductoque
3191 3983 3218 4020 a
3253 3977 3412 4035 portu

1842 4062 2111 4116 vocabulo
2139 4060 2335 4115 Portus
2359 4061 2578 4116 dicitur.
2611 4058 2763 4114 Hanc
2783 4059 3055 4113 civitatem
3090 4073 3120 4112 a
3147 4057 3414 4126 Procopio

1841 4162 2200 4208 memoratam
2255 4151 2460 4208 inlimis
2517 4154 2679 4208 etiam
2741 4151 3080 4222 temporibus
3143 4151 3417 4206 exstitisse

1846 4380 2016 4436 maris
2035 4381 2188 4436 littus
2212 4379 2567 4436 simulacrum
2596 4377 2876 4441 habuisse,
2903 4377 3017 4446 ipse
3043 4375 3302 4432 Minutius
3329 4376 3416 4433 his

1851 4453 2031 4506 verbis
2063 4461 2295 4506 testatur
2322 4452 2510 4504 eodem
2562 4450 2718 4502 loco:
2760 4467 2778 4498 ι
2820 4449 3072 4502 Caecilius
3123 4449 3417 4503 simulacro

1854 4522 2130 4590 Serapidis
2161 4523 2440 4585 denotato,
2476 4529 2535 4573 ut
2577 4520 2770 4588 vulgus
2809 4519 3222 4588 superstitiosus
3259 4521 3414 4585 solet,

1850 4609 2073 4646 manum
2098 4594 2176 4645 ori
2214 4592 2533 4655 admovens,
2565 4591 2814 4643 osculum
2845 4591 3001 4643 labiis
3042 4591 3256 4659 pressit.
3291 4611 3308 4640 ›

1923 4665 2032 4731 (65)
2077 4661 2245 4731 Epist.
2275 4661 2365 4722 66,
2392 4661 2544 4731 jthta
2573 4662 2865 4714 editionem
2894 4659 3167 4724 Vallarsii,
3196 4677 3248 4730 p.
3277 4661 3380 4715 399
3400 4701 3415 4720 ,

1850 4729 2176 4802 Oper.torit.
2207 4733 2246 4795 l,
2285 4732 2418 4802 coit.
2464 4729 2693 4785 Verona:
2732 4731 2860 4802 anni
2899 4731 3071 4784 H34:
3110 4755 3126 4778 ι
3159 4729 3336 4784 Audio
3368 4742 3419 4784 te

1851 4800 2248 4857 Xenodochium
2277 4802 2331 4855 in
2363 4800 2529 4854 Portu
2576 4801 2769 4856 fecisse
2811 4800 3080 4861 Romano,
3125 4811 3178 4855 et
3211 4803 3415 4870 virgam

1850 4874 1917 4926 de
1944 4873 2136 4927 arbore
2164 4872 2439 4926 Abraham
2474 4872 2525 4924 in
2567 4872 2809 4925 Ausonio
2833 4873 3108 4940 plantasse
3143 4871 3360 4934 littore;
3395 4891 3411 4921 ι

1851 4944 1902 4995 id
1953 4945 2112 4998 etiam
2151 4944 2344 5012 repetit
2385 4942 2544 5012 epist.
2591 4943 2678 5008 76,
2714 4945 2782 4997 ad
2824 4941 3099 4997 Oceanum
3139 4941 3206 4995 de
3245 4953 3419 4994 morte

1851 5013 2106 5077 Fabiohr,
2141 5025 2270 5067 tom.
2304 5015 2398 5079 cit,
2433 5030 2482 5082 p.
2512 5013 2636 5067 461.

1923 5085 2034 5156 (61)
2076 5085 2131 5138 ln
2187 5084 2346 5152 epist.
2392 5081 2458 5156 ad
2510 5083 2827 5156 Eusebium,
2863 5100 2985 5153 quae
3032 5090 3116 5156 est
3159 5098 3309 5135 num.
3350 5081 3419 5156 54

1845 5153 2024 5223 juxta
2071 5156 2364 5209 editionem
2420 5153 2780 5209 Parisiensem
2846 5153 3235 5208 monachorum
3297 5155 3416 5223 0rd.

1852 5226 1910 5280 S.‘
1953 5225 2227 5280 Benedicti
2275 5243 2304 5277 e
2351 5227 2773 5295 congregatione
2819 5226 2877 5279 S.
2908 5223 3079 5295 Mauri
3121 5239 3210 5277 an.
3257 5221 3415 5284 1690,

1849 5298 2009 5363 Oper.
2039 5307 2170 5351 tom.
2199 5296 2260 5358 11,
2289 5312 2342 5366 p.
2365 5293 2513 5366 7710075
2535 5293 2602 5349 ;“ι
2632 5297 2922 5365 Apparilor
2947 5293 3297 5363 praefecturae,
3323 5295 3418 5362 qui

1849 5377 2068 5436 propter
2122 5365 2317 5437 operas
2363 5365 2688 5422 Portuenses
2733 5366 2995 5420 offensam
3048 5373 3415 5431 contraxerat,

1845 5439 1957 5507 jam
1992 5439 2044 5490 in
2076 5437 2240 5491 Portu
2278 5440 2566 5507 navigat.)

1925 5508 2038 5576 (65)
2083 5505 2471 5561 Ιτῖςειεδξαδιὶιω
2505 5505 2650 5562 Hist.
2685 5508 2779 5561 lib.
2829 5522 2923 5570 xu,
2957 5521 3110 5560 num.
3148 5506 3200 5570 5,
3231 5523 3280 5577 p.
3315 5508 3418 5564 5H

1849 5579 2000 5632 citat.
2041 5579 2172 5632 edit.

1900 5650 2030 5773 |(:36)
2076 5648 2148 5702 De
2177 5649 2309 5704 bello
2361 5647 2578 5704 Gothico
2607 5650 2700 5706 lib.
2731 5665 2770 5717 l,
2808 5664 2926 5719 cap.
2960 5647 3052 5717 26,
3079 5666 3134 5720 p.
3181 5649 3242 5705 l8
3267 5651 3414 5706 citat.

1920 5736 1933 5772 i
1966 5759 1977 5772 .

1849 5731 1977 5774 Btlil.
