3814 6198
544 267 647 324 659

1346 259 1435 315 DE
1468 254 1860 316 PORTUENSI
1895 252 1956 311 St
1999 243 2364 310 HlPPOLYTl
2405 249 2596 307 SEDE.
2627 278 2699 295 --
2712 244 2894 304 PARS
2929 245 2993 303 ιι.
3580 261 3660 316 5η

541 395 774 444 constat.
821 385 974 452 Quod
1016 384 1062 441 si
1118 380 1506 439 infelicissimis
1552 383 1700 437 hisee
1735 379 2070 452 temporibus
2090 420 2106 445 .
2137 385 2176 442 Α
2210 393 2330 432 rum
2359 374 2722 446 peritissimus
2743 369 2860 427 Jos.
2887 370 3052 426 Maria
3080 373 3220 427 card.
3251 372 3539 434 ‘l‘bomasius
3558 382 3663 453 (69),

543 482 763 551 quibus,
786 480 1121 535 irruentibus
1152 480 1423 542 barbaris.
1448 480 1563 550 ipsa
1598 479 1840 551 gentium
1885 478 2103 532 domina

541 573 701 627 {indie
733 571 1010 626 servitutis
1060 572 1274 627 vincula
1308 571 1493 627 subire
1537 578 1724 626 coacta
1769 577 1875 634 est,
1908 568 2104 626 Portus

543 665 825 719 Romanus
867 665 1008 720 inter
1046 665 1442 720 munitissimas
1479 663 1641 719 urbes
1681 662 1946 718 recensita
1977 662 2100 728 fuit,

539 755 670 826 quid
706 756 1038 812 censendum
1070 757 1175 813 erit
1207 757 1274 812 de
1305 756 1542 826 ejusdem
1590 755 1842 810 felicitate
1868 767 1921 811 et
1951 757 2103 812 inco-

507 848 713 903 \larum
758 848 1060 918 frequentia
1097 849 1198 903 sub
1241 848 1528 905 Gordiaiiis
1572 851 1888 920 exterisque
1916 847 2103 921 Augu-

539 941 671 1006 stis,
713 956 948 1010 quorum
981 957 1097 997 aevo
1148 941 1334 996 ﬂoruit
1380 940 1436 996 8.
1470 941 1811 1013 Hippolytus,
1844 942 1971 997 dum
2017 958 2101 998 res

539 1031 802 1087 Romanae
843 1033 1022 1088 adhuc
1064 1033 1284 1103 integrae
1324 1034 1744 1103 permanebant?
1791 1032 1869 1087 Ex
1901 1033 2099 1103 quibus

537 1125 795 1179 omnibus
845 1125 1186 1195 apertissime
1241 1134 1454 1180 constat
1498 1114 1771 1196 Moynium
1818 1140 2096 1195 perperam

537 1217 861 1287 scripsisse,
930 1215 1156 1272 Portum
1228 1216 1536 1271 Romanum
1615 1216 1904 1286 episcopali
1972 1216 2099 1272 sede

539 1308 598 1363 S.
640 1307 911 1381 Hippolyti
959 1324 1073 1365 aevo
1125 1308 1367 1363 nondum
1414 1308 1583 1365 fuisse
1636 1309 1988 1373 deeomtum,
2031 1323 2098 1363 eo

536 1400 682 1469 quod
739 1400 1056 1470 paucissimi
1109 1400 1307 1455 ibidem
1360 1402 1619 1457 mortales
1670 1415 1987 1470 permanere
2027 1400 2098 1456 ob

534 1490 680 1547 aeris
717 1492 1152 1547 insalubritatem
1184 1493 1480 1563 potuerint.

568 1603 780 1662 XXVII.
821 1605 883 1663 S.
937 1606 1211 1679 Hippolyti
1252 1607 1450 1661 natalis
1487 1607 1597 1679 dies
1638 1624 1879 1678 quamam
1918 1608 2058 1679 apud

935 1688 1125 1731 ueteres
1156 1678 1335 1747 fuerit,
1361 1678 1689 1747 expenditur.

2212 481 2268 527 et
2302 472 2355 525 in
2383 467 2808 524 Sacramentario
2834 465 3167 536 Gregoriaiio,
3194 468 3326 537 quod
3352 469 3545 538 ipsemet
3568 491 3662 532 ven,

2210 562 2295 615 vir
2341 559 2407 614 ad
2442 558 2797 614 vetustissimi
2821 556 3023 611 codicis
3054 555 3226 610 Caroli
3264 557 3423 629 Magni
3453 579 3548 618 aevo
3570 582 3669 621 con-

2212 650 2420 722 scripti,
2461 650 2726 720 qiiinune
2764 648 2817 702 in
2841 647 3160 702 bibliotheca
3188 645 3508 706 Ottoboniaua
3531 671 3668 711 asser-

2212 751 2393 810 vatur,
2422 741 2697 816 exemplar
2729 739 3019 803 recensuit,
3039 741 3350 806 emendavit.
3377 753 3425 798 et
3443 748 3560 816 typis
3584 752 3672 803 vul.

2208 844 2418 907 gasset,
2471 835 2577 890 nisi
2632 815 2921 886 immatura
2969 848 3116 889 mors
3159 835 3403 906 Optimum
3449 840 3560 893 tanti
3596 843 3671 897 viri

2209 926 2500 981 consilium
2547 929 2894 997 praevenisset
2936 928 3071 1001 (70).
3117 926 3328 983 Duobus
3366 928 3497 985 hisce
3536 931 3677 987 incor-

2208 1018 2387 1086 ruptis
2408 1019 2726 1073 veiierandaa
2760 1007 3096 1089 antiquitatis
3134 1023 3472 1076 monumentis
3509 1024 3674 1078 tertium

2209 1109 2406 1164 addere
2436 1125 2751 1179 possumus,
2776 1112 3200 1167 vetustissimum
3231 1128 3410 1182 nempe
3429 1112 3682 1171 Sacramen-

2206 1209 2379 1284 torum
2426 1201 2660 1266 librum,
2703 1218 2862 1274 quem
2892 1205 3059 1260 edidit
3119 1202 3375 1274 Joseplius
3416 1206 3680 1267 Blancliinus

2205 1293 2259 1348 in
2305 1294 2421 1348 suis
2474 1296 2540 1349 ad
2587 1295 2935 1350 Anastasium
2982 1296 3436 1352 Bibliothecarium
3480 1298 3679 1372 Prolego-

2205 1384 2380 1438 menis
2405 1382 2540 1455 (71).
2582 1383 2641 1438 1η
2687 1384 2788 1440 hac
2813 1386 2975 1439 etiam
3009 1387 3187 1458 magni
3207 1386 3456 1459 Hippolyti
3477 1394 3680 1446 memoria

2204 1473 2389 1530 ldibus
2426 1473 2653 1546 Augusti
2687 1476 3060 1546 consignatur.

2272 1565 2444 1621 Graeci
2481 1581 2610 1622 vero
2661 1566 2721 1623 S.
2751 1564 3097 1638 Hippolytum
3142 1584 3328 1638 papam
3359 1568 3525 1626 Romae
3562 1574 3683 1627 tertio

2201 1656 2470 1713 Kalendas
2493 1656 2776 1713 Februarii
2807 1659 3013 1725 colunt,
3040 1667 3101 1713 ut
3127 1673 3193 1713 ex
3233 1674 3410 1715 eorum
3445 1660 3685 1732 Menologio

606 1767 713 1823 sed
752 1778 1044 1839 antequam
1085 1770 1250 1838 huius
1287 1770 1690 1827 dissertationis
1729 1773 1888 1827 ﬁnem
1925 1768 2093 1826 racia-
2128 1751 2173 1811 Β
2201 1759 2256 1807 et
2283 1750 2621 1822 Synaxariis,
2647 1764 2882 1819 quorum
2911 1751 3019 1805 duo
3051 1750 3361 1805 brevissima
3386 1752 3606 1806 exhibent
3627 1763 3687 1807 to-

531 1876 677 1929 mus,
710 1861 972 1931 opiimum
995 1877 1116 1917 esse
1147 1862 1397 1918 ducimus
1426 1878 1662 1917 annuam
1697 1864 1838 1919 diem
1876 1865 2096 1919 investi-

529 1967 694 2021 gare,
750 1968 912 2022 quam
961 1954 1169 2023 antiqui
1215 1952 1415 2007 Christi
1449 1952 1633 2008 ﬁdeles
1682 1963 1831 2009 tanto
1873 1955 2096 2026 martyri

532 2058 743 2095 sacram
772 2058 893 2097 esse
927 2045 1235 2097 voluerunt.
1285 2041 1549 2112 Equidem
1589 2043 1634 2098 si
1680 2053 1804 2114 post
1850 2043 2098 2099 Pruden-

532 2133 669 2188 tium
700 2135 1083 2204 antiquissima
1121 2133 1486 2189 Ecclesiarum
1512 2134 1939 2191 Occidentalium
1979 2131 2097 2190 mo-

530 2233 789 2278 iiiimeiita
814 2226 1154 2282 consulimus
1173 2267 1188 2291 ,
1215 2243 1336 2299 qua:
1372 2226 1763 2299 Martyrologia
1800 2239 2096 2297 praecesse-

528 2322 680 2379 runt,
715 2313 898 2367 statim
923 2315 1429 2384 animadvertimus,
1462 2317 1642 2387 magni
1680 2316 1949 2387 Hippolyti
1981 2330 2095 2371 me-

528 2404 758 2459 moriam
813 2403 997 2461 ldibus
1036 2406 1266 2477 Augusti
1316 2408 1371 2462 in
1424 2407 1596 2464 Sacris
1637 2405 1893 2461 Ecclesia:
1937 2405 2094 2461 lastis

526 2495 696 2553 fuisse
759 2498 1109 2570 descriptam.
1163 2499 1532 2567 Prudentius,
1577 2499 1671 2570 qui
1725 2499 1854 2554 dum
1908 2496 2095 2553 Roma:

526 2597 857 2657 moraretur,
890 2588 950 2642 B.
978 2589 1246 2663 Hippolyti
1282 2591 1634 2655 solemnitati,
1670 2606 1834 2661 quam
1869 2590 1923 2643 in
1947 2587 2093 2645 illius

524 2681 841 2736 cmmeterio
873 2682 1222 2738 celebrabant
1254 2682 1510 2750 Romani,
1540 2698 1779 2754 pnesens
1824 2681 2089 2748 interfuit,

523 2773 767 2828 eamdem
816 2774 997 2832 idibus
1037 2774 1270 2846 Augusti
1319 2777 1694 2848 cousignatam
1731 2775 1900 2832 fuisse
1952 2777 2090 2833 scri-

522 2864 602 2919 bit
627 2864 775 2936 (67):

592 2977 652 3033 Si
676 2978 803 3055 liene
824 2995 935 3033 com
944 2982 1172 3055 memini,
1187 2983 1309 3055 colit
1330 2983 1469 3036 hunc
1483 2981 1835 3055 pulcherrima
1851 2981 2016 3037 Roma

665 3047 852 3102 Idibus
888 3053 1113 3120 Augusti
1136 3047 1347 3119 inertis,
1376 3062 1431 3106 ut
1465 3047 1578 3122 ipsa
1604 3062 1771 3107 uocat.

526 3139 821 3196 Prudentio
873 3143 1221 3197 consentiunt
1273 3159 1381 3198 non
1431 3146 1607 3199 solum
1656 3147 2085 3202 vetustissimum

527 3228 909 3285 li'alendarium
945 3232 1158 3302 aliaque
1183 3234 1524 3304 antiquitatis
1556 3248 1930 3304 monumenta,
1965 3255 2089 3310 quas

520 3323 694 3392 prima
730 3323 1132 3379 dissertationis
1157 3333 1305 3394 parte
1328 3325 1691 3393 laudavimus,
1709 3344 1897 3385 verum
1919 3331 2083 3388 etiam

520 3413 906 3470 Kalendarium
973 3416 1280 3474 Romanum
1355 3435 1387 3474 a
1453 3418 1503 3475 J.
1560 3421 1837 3478 Frontone
1899 3426 2088 3497 vulga-

521 3515 635 3559 tum
670 3506 815 3576 (68),
867 3509 1067 3579 quibus
1111 3512 1367 3568 omnibus
1418 3512 1476 3567 8.
1519 3510 1792 3585 Hippolyti
1830 3517 2085 3588 martyris

521 3602 781 3655 memoria
806 3600 987 3658 ldibus
1024 3603 1255 3673 Augusti
1285 3607 1656 3677 consignatur.
1689 3606 1763 3662 Ita
1797 3610 1999 3678 pariter
2028 3610 2083 3666 in
2136 3664 2147 3679 ,

519 3693 893 3747 vetustissimo
930 3692 1394 3750 Sacramentorum
1427 3697 1568 3752 libro
1603 3697 1854 3754 Romana:
1898 3699 2081 3756 Eccle-

516 3784 610 3836 site
640 3784 971 3853 reperimus,
1004 3801 1165 3857 quem
1205 3801 1420 3841 summo
1449 3788 1760 3857 reipublicae
1806 3789 2082 3847 litteraria:

516 3873 662 3929 bono
693 3874 859 3931 edidit
893 3875 977 3929 vir
1019 3877 1457 3948 sapientissimus
1497 3888 1553 3934 et
1588 3896 1767 3935 rerum
1805 3881 2082 3950 litui-gica-

585 4031 699 4107 (67)
741 4031 952 4107 Saepius
983 4034 1136 4089 citat.
1164 4036 1350 4107 hymn.
1379 4035 1468 4100 11,
1500 4051 1643 4092 vers.
1669 4035 1796 4107 Ξξιι.

736 4101 842 4181 Die
866 4104 943 4181 L1
975 4120 1149 4160 meus.
1200 4101 1640 4181 August._iiatal.
1692 4104 1749 4161 S.
1785 4105 2075 4181 Hippolyti,

515 4188 567 4241 p.
604 4172 701 4225 191
738 4173 867 4227 edit.
904 4173 1131 4229 Veronae
1160 4172 1478 4229 aiini’l755.

490 4262 498 4270 ~
585 4241 701 4317 (6%))
737 4242 859 4317 Lib.
898 4258 947 4317 ii
1001 4242 1515 4317 Sacramentorum,
1542 4245 1779 4317 Operum
1810 4255 1953 4317 tom.
1987 4248 2075 4314 Vl,

516 4311 704 4391 p._:146
733 4316 863 4391 edit.
898 4312 1085 4391 Romae
1114 4317 1240 4391 anni
1277 4315 1436 4369 1751.
1472 4311 1679 4372 Natalis
1722 4317 1781 4371 8.
1796 4311 2077 4391 Hippolyti

517 4383 696 4458 Idibus
726 4384 961 4458 Augusti
1001 4386 1074 4445 ita
1104 4384 1363 4458 __re_l'ert_ur
1393 4400 1532 4458 cum,
1564 4383 1926 4458 sequentibus
1952 4383 2077 4444 ora-

515 4452 796 4529 tionibus;
828 4452 850 4503 'i
885 4453 942 4507 In
973 4455 1137 4529 natali
1154 4454 1231 4529 _S.
1267 4455 1556 4529 Hippolyti.
1597 4452 1674 4512 Id.
1707 4458 1847 4529 Aug.
1890 4458 2076 4514 Sancti

512 4521 792 4595 Hippolyti
825 4526 1098 4595 martyris,
1145 4521 1390 4587 Domine:
1421 4521 1742 4592 quwsunius,
1785 4521 2076 4583 ueneranda

508 4592 771 4716 parvulas
800 4592 1058 4649 salutaris
1087 4597 1279 4651 auxilii
1301 4596 1446 4650 nobis
1475 4609 1688 4670 praestet
1714 4612 2072 4671 augmentum.

557 4678 633 4716 er.
669 4677 700 4716 e
726 4679 775 4716 e.

557 4678 633 4728 er,
669 4673 775 4719 etc.

1151 4750 1407 4794 secus“.
1502 4738 1518 4750 ⁸

583 4842 603 4876 i
635 4822 847 4901 Praesta
879 4826 1032 4901 nobis
1052 4870 1066 4895 ,
1097 4845 1419 4901 qutcsumus,
1454 4832 1776 4901 omnipotens
1807 4832 1946 4888 Deus
1972 4876 1987 4901 ,
2014 4844 2073 4889 ut

506 4907 699 4974 nostri:
743 4897 1059 4952 humilitatis
1107 4897 1306 4953 oblatio
1335 4897 1522 4971 etpro
1560 4897 1766 4956 tuorum
1810 4897 2073 4974 grata'sit

503 4966 698 5041 honore
722 4979 1050 5041 san_ctorum,
1090 4978 1140 5024 et
1169 4985 1263 5024 nos
1314 4966 1529 5041 corpore
1564 4977 1783 5041 pariter,
1810 4966 1863 5028 Et
1905 4984 2072 5030 mente

501 5037 764 5107 puriﬁcet.
794 5037 920 5106 Per,
944 5049 1049 5094 etc.

1100 5147 1464 5189 POSTCOIIUN.

578 5238 598 5271 ε
636 5218 872 5296 Sumptis
890 5263 919 5296 ,_
956 5222 1207 5287 Domine,
1243 5226 1606 5296 sacramentis,
1658 5242 1954 5296 quaesumus
2010 5240 2067 5284 ut

502 5291 850 5366 intercedente
901 5293 1048 5347 beato
1084 5306 1314 5365 martyre
1362 5305 1451 5347 tuo
1503 5291 1820 5366 Hippolyto,
1868 5292 1937 5351 ad
1986 5316 2067 5353 re-

501 5361 815 5435 demptionis
838 5375 1076 5435 λειω-ηιξ
1109 5361 1451 5435 proﬁciamus
1492 5361 1843 5435 augmentum.
1887 5368 2008 5435 Per,
2041 5390 2058 5422 ι

499 5428 784 5553 :tc.\l’ide
827 5428 1218 5557 εξέᾗξὲιτιιοιήίηηζ
1273 5434 1529 5507 _Liturgia
1562 5428 1825 5492 'Roniana
1877 5428 2059 5506 vetus,

525 5514 637 5552 om.
697 5542 712 5557 .
742 5518 795 5557 ι).
938 5544 951 5557 .

504 5510 637 5552 tom.
671 5506 712 5558 Ι.
742 5518 795 5558 D.
827 5506 951 5558 662.

573 5518 687 5553 m.i
782 5542 795 5556 .
884 5518 951 5557 ‘.

573 5518 1641 5647 (70),.8PacgzifientariumCregarianum
1686 5576 1784 5632 fuit
1830 5581 1992 5633 etiam
2029 5597 2057 5634 τι

502 5636 1027 5717 Iliiratorioeditum
1071 5657 1204 5701 tom.
1231 5646 1294 5711 ll,
1327 5636 1570 5717 Liturgia
1613 5646 1848 5702 Romana
1890 5661 2053 5710 vrtus.

499 5708 633 5765 etin
664 5724 729 5763 co
760 5708 941 5767 Idibus
973 5717 1200 5785 Augusti
1234 5708 1466 5773 refertur
1482 5708 1687 5775 'natalis
1731 5724 1899 5775 sancti
1928 5708 2054 5791 llipé

2199 1842 2364 1898 tidem
2398 1842 2736 1898 bibliotheca:
2762 1839 3146 1898 Ottoboniaua
3181 1843 3521 1913 antiquissimi
3546 1860 3686 1899 sacro-

2198 1950 2319 1991 rum
2358 1933 2774 2006 Evangeliorum
2805 1935 3044 2000 codices,
3070 1936 3314 2006 quinimo
3341 1950 3403 1989 ex
3428 1932 3604 1990 Latinis
3623 1951 3683 1991 re-

2199 2026 2564 2082 tustissimum
2588 2026 3057 2098 Martyrologium,
3084 2028 3228 2098 quod
3258 2027 3418 2082 edidit
3448 2026 3597 2083 Lucas
3618 2026 3689 2084 Da-

2196 2118 2415 2173 cberius
2438 2117 2573 2189 (72),
2602 2117 2807 2174 Graecis
2838 2120 3134 2186 consentit,
3159 2121 3285 2175 dum
3313 2136 3361 2174 iv
3391 2119 3589 2176 Kalend.
3613 2119 3688 2176 Fe-

2195 2207 2403 2263 bruarii
2437 2227 2456 2260 ι
2498 2209 2553 2262 in
2586 2207 2785 2264 Tuscia
2831 2208 2893 2264 8.
2924 2208 3198 2281 Hippolyti
3238 2210 3463 2280 episcopi
3503 2210 3561 2264 de
3584 2212 3691 2265 auti-

2193 2300 2319 2370 quis
2353 2318 2373 2352 i
2411 2300 2677 2356 meminit.
2706 2299 2812 2356 Sed
2853 2300 3085 2368 Adonis,
3118 2299 3373 2367 Usuardi,
3399 2299 3632 2357 Notclierii
3652 2312 3691 2357 et

2195 2394 2352 2450 Beda:
2379 2393 2764 2466 Martyrologia
2805 2395 3102 2466 pristinum
3132 2395 3336 2451 Latina:
3356 2396 3581 2451 Ecclesia:
3603 2411 3691 2450 mo-

2193 2502 2308 2541 rem
2362 2496 2686 2557 sequuiitur,
2723 2487 2853 2541 dum
2904 2487 2963 2543 S.
3000 2487 3275 2561 Hippolyti
3316 2488 3503 2545 festum
3549 2490 3693 2545 Idibus

2192 2579 2421 2651 Augusti
2452 2582 2682 2635 recitant
2715 2579 2847 2650 (75).
2881 2578 3245 2647 Quamobrem
3276 2582 3533 2639 Prudentii
3573 2584 3693 2637 testi-

2192 2679 2434 2733 monium
2478 2679 2531 2733 in
2570 2678 2674 2735 hac
2725 2693 2783 2732 re
2833 2676 3148 2733 Graecorum
3193 2676 3495 2747 Menologiis
3518 2685 3565 2731 et
3587 2673 3692 2746 Syn-

2192 2770 2415 2824 taxariis
2458 2769 2847 2840 praeferendum
2880 2784 3193 2826 censemus.
3229 2767 3339 2824 Nec
3364 2768 3479 2839 quis
3514 2767 3692 2821 miretur

2192 2862 2245 2916 in
2299 2859 2550 2915 Romano
2604 2859 2993 2933 Martyrologio
3050 2859 3122 2915 ab
3173 2857 3561 2929 incomparabili
3602 2857 3688 2910 virc

2190 2953 2404 3009 Cmsare
2440 2953 2592 3008 card.
2621 2951 2855 3007 Baronio
2881 2951 2935 3005 in
2964 2952 3145 3006 lucem
3170 2951 3335 3018 edito,
3364 2951 3428 3004 de
3454 2947 3505 3003 S.
3535 2947 3691 3017 Hippo-

2192 3046 2303 3119 lyto
2335 3062 2443 3101 non
2474 3043 2659 3099 Idibus
2684 3043 2909 3113 Augusti
2931 3043 3023 3099 sed
3052 3042 3326 3097 undecimo
3354 3040 3473 3095 Kal.
3506 3038 3695 3111 Septem-

2188 3139 2297 3193 bris
2324 3137 2653 3193 mentionem
2679 3136 2901 3203 baberi;
2930 3134 3120 3191 Idibus
3145 3150 3275 3190 vero
3297 3136 3511 3206 Augusti
3540 3132 3696 3201 S.llip-

2187 3231 2354 3302 polyti
2390 3230 2596 3296 militis,
2629 3229 2722 3300 qui
2752 3244 2853 3300 pro
2881 3228 3108 3285 Christo
3145 3250 3165 3281 ι
3208 3228 3311 3283 sub
3339 3229 3491 3284 Decio
3517 3228 3698 3297 impera-

2188 3332 2327 3390 tore,
2367 3321 2654 3377 Valeriano
2684 3321 2957 3392 praalecto,
2996 3340 3016 3375 ι
3068 3332 3134 3378 ut
3176 3323 3379 3378 Adonis
3409 3320 3569 3376 verbis
3604 3327 3696 3370 uta-

2186 3431 2311 3469 mur
2347 3414 2484 3486 (71),
2528 3430 2725 3485 passus
2771 3426 2874 3482 est,
2904 3415 3114 3485 quique
3148 3415 3208 3471 Β.
3240 3412 3504 3470 Laurentii
3550 3409 3696 3467 socius

2185 3506 2333 3574 fuit,
2404 3518 2463 3562 ut
2506 3523 2571 3562 ex
2626 3507 2996 3563 vetustissimo
3047 3507 3261 3565 Missali
3315 3506 3531 3564 Gothico
3578 3502 3697 3559 colli-

2184 3601 2364 3673 gimus
2390 3599 2523 3671 (75),
2557 3600 2699 3655 diem
2725 3597 2923 3654 festum
2946 3599 3236 3654 celebrari.
3261 3599 3464 3654 Etenim
3497 3598 3597 3651 haec
3626 3608 3698 3647 na-

2184 3691 2485 3747 talitiorum
2533 3690 2745 3745 dierum
2795 3689 3046 3746 confusio
3075 3705 3191 3745 non
3239 3691 3452 3745 aliunde
3484 3686 3698 3755 oriripw

2184 3782 2307 3851 tuit,
2343 3798 2506 3854 quam
2533 3798 2600 3838 ex
2642 3782 2930 3853 praecipuis
2963 3782 3226 3840 Ecclesiae
3272 3781 3557 3853 cujuspiam
3590 3791 3697 3832 con-

2181 3876 2598 3945 suetudinibus;
2631 3891 2753 3947 quae
2781 3890 2904 3931 cum
2932 3877 3153 3947 propria
3187 3876 3280 3932 die
3322 3874 3421 3932 SS.
3446 3882 3700 3942 martme

2180 4032 2302 4104 poly
2318 4032 2357 4087 ti
2387 4031 2718 4104 cum_trilius
2761 4030 3368 4104 parite_r_orationibus,
3400 4046 3518 4102 pag.
3554 4025 3639 4082 1η
3660 4033 3701 4079 et

2180 4100 2333 4172 seqq.
2361 4102 2490 4157 edit.
2522 4100 2740 4172 Veneta
2767 4102 2894 4172 anni
2922 4101 3094 4172 17481
3395 4100 3417 4172 ί
3464 4167 3579 4172 ὼμ
3655 4162 3694 4172 ,,

2248 4163 2360 4245 (71)
2396 4172 2552 4225 Tom.
2585 4169 2673 4245 IV,
2713 4170 2874 4245 p.__38
2903 4172 3035 4245 edit.
3064 4169 3254 4227 Romae
3281 4170 3425 4245 anni
3457 4167 3610 4245 17315Ἰ
3626 4163 3696 4245 ubi

2178 4237 2362 4311 idibus
2409 4237 2665 4311 Augusti
2697 4237 2729 4293 ι’
2763 4240 2950 4296 Natale
3000 4252 3319 4297 sanctorum
3366 4237 3613 4310 Hippolyti
3657 4243 3700 4287 et

2178 4310 2429 4369 Pontiani
2468 4310 2784 4377 i’babetur,
2815 4323 2868 4366 et
2915 4313 3192 4368 orationes
3232 4313 3459 4367 diversae
3499 4322 3607 4362 cum
3632 4319 3700 4358 se-

2178 4385 2363 4453 quenti
2387 4382 2704 4453 praefatione
2725 4382 3109 4453 describuntur
3129 4400 3142 4437 :
3164 4402 3183 4434 ι
3212 4381 3353 4437 Vere
3372 4381 3697 4453 dignum,etc:

2110 4441 2151 4496 Ι)
2180 4441 2300 4508 Tibi
2333 4441 2500 4518 enim,
2538 4451 2785 4516 Domine,
2830 4452 3019 4506 festiva
3047 4452 3368 4507 solemnitas
3401 4441 3596 4518 agitur,
3620 4442 3700 4499 tibi

2178 4524 2295 4601 dies
2320 4533 2531 4601 sacrata
2556 4523 2883 4601 celebratur,
2903 4537 3065 4601 quam
3096 4524 3274 4578 sancti
3303 4520 3564 4601 Hippolyti
3589 4529 3702 4601 mat-

2178 4595 2311 4671 t_yris
2339 4594 2417 4648 tui
2446 4594 2669 4671 sanguis
2693 4593 2747 4646 iu
2775 4593 3018 4671 veritatis
3059 4601 3168 4671 tute
3206 4592 3575 4671 testiﬁcatione
3597 4599 3700 4671 pro-

2176 4662 2332 4735 fusus
2399 4662 2688 4735 magniﬁco
2759 4663 2996 4718 nominis
3056 4664 3136 4717 tui
3209 4664 3419 4718 honore
3480 4662 3698 4730 signavit.

2172 4732 2356 4876 Ρθῖἦεῖ
2383 4743 2544 4858 (ἐξείη.
2577 4801 2618 4858 11
2650 4800 2942 4876 Spicilegii,
2995 4817 3117 4875 pag.
3155 4803 3191 4858 '5
3234 4803 3368 4860 edit.
3412 4792 3701 4857 Parisiensis

2172 4878 2300 4948 anni
2335 4875 2474 4948 l7_‘25
2497 4875 2694 4948 saepius
2722 4875 2920 4929 citatas-
3011 4942 3027 4948 _
3099 4941 3131 4948 _
3185 4941 3249 4948 --Α
3369 4944 3379 4948 Δ
3548 4937 3561 4948 .

2243 4937 2637 5029 (musaea
2680 4955 2808 5025 8P!"
2851 4942 3069 5029 ίιξιωμις.
3097 4941 3472 5029 δι..¹¹ίρι>ο.¹›ἐ9
3502 4937 3699 5029 θίξῐεέεῗί

2175 5007 2494 5071 ὓοὶιιίἱιὶοιιξ
2528 5014 2711 5083 Giorgi
2747 5016 2800 5068 in
2833 5007 3699 5088 adnotationibus'ad'Maityrolo;

2175 5087 2317 5127 arium
2352 5086 2555 5127 Adnnie
2598 5086 2684 5127 ιίίμ
2709 5084 2778 5127 Ξθ
2805 5083 2950 5127 .Inn__
3000 5100 3052 5127 n-
3095 5083 3161 5127 Ἡ
3189 5085 3324 5127 miil-
3374 5085 3488 5127 μὴ--
3539 5081 3618 5127 die
3646 5078 3699 5127 lo

2170 5087 2318 5155 giuin
2347 5086 2555 5140 Adonis
2598 5086 2684 5139 die
2709 5084 2778 5138 50
2805 5083 2954 5149 Jan.,
2999 5100 3052 5153 p.
3095 5083 3161 5137 72
3189 5085 3325 5138 edit.
3374 5085 3488 5145 cit.,
3539 5083 3619 5156 die
3646 5083 3698 5127 ta

2167 5157 2451 5280 ἒὲυέυῗὲό.
2495 5171 2619 5227 pag.
2684 5154 2826 5222 402;
2904 5165 2959 5211 et
3031 5153 3102 5211 25
3156 5155 3407 5224 ejusdem
3466 5160 3649 5206 menSis
3684 5183 3698 5210 ,

2204 5242 2451 5281 22.420.

2167 5242 2845 5379 lmtgiillumvlliartyrolog.
2879 5314 2905 5380 ε.
2933 5315 2953 5349 σ
3009 5295 3191 5351 Idibus
3246 5294 3479 5375 Augusti
3538 5289 3699 5345 Romae

2167 5366 2223 5420 S.
2256 5366 2526 5432 Hippolyti
2553 5369 2656 5423 sub
2702 5364 2864 5421 Decio
2892 5377 3235 5432 imperatore,
3265 5364 3548 5421 Valeriano
3579 5373 3699 5432 pra:-

2167 5383 2223 5420 δ.
2256 5383 2526 5438 uippmyti
2553 5383 2656 5423 sub
2702 5383 2864 5421 uecio
2892 5383 3235 5438 imperatore,
3271 5383 3538 5421 valerianu

2164 5437 2460 5518 lect_o_,_etc.
2501 5456 2520 5489 ι
2565 5453 2685 5518 pag.
2845 5440 2938 5492 cit.
2976 5438 3107 5518 edit.
3188 5505 3220 5518 ﬂ
3277 5504 3338 5518 ﬂ.
3454 5505 3466 5518 .
3508 5504 3538 5518 Α.

2233 5507 2441 5590 (_75)_ln_
2461 5504 2961 5590 eo_eiiim.liabe-t‘ur
2988 5509 3153 5562 missa
3187 5505 3246 5560 S.
3277 5504 3692 5590 Hippolytiniar:

2159 5574 2479 5650 tyristide
2520 5578 2815 5650 Liturgiant
2856 5578 3147 5650 Rom_anam
3189 5574 3410 5650 veterem
3435 5574 3639 5650 editam
3667 5582 3695 5621 a

2159 5646 2431 5707 Ludovico
2465 5646 2777 5717 Miii'aloi'iti,
2813 5661 2943 5705 toni.
2976 5648 3037 5716 ll,
3071 5665 3191 5721 pas.
3222 5649 3329 5701 628
3360 5649 3487 5702 edit.
3520 5646 3605 5698 cit.
