3796 6194
165 343 252 398 545

1410 335 1464 390 S.
1508 334 1865 392 lil-PPOLYTI
1903 336 2086 391 ACTA

3256 343 3360 396 516

172 461 342 528 iusius,
400 476 559 530 quam
616 476 711 531 par
764 467 901 526 erat,
929 457 996 515 de
1043 457 1224 529 magni
1277 456 1544 530 Hippolyti
1584 460 1700 530 epi-
1731 471 1775 524 Α
1807 459 1993 515 codice
2040 459 2340 513 Sorbonico
2377 457 2652 515 Marianus
2691 458 2963 517 Victorius
2993 463 3192 532 legerat
3223 463 3355 534 (87),

172 555 298 623 scopi
329 563 375 606 et
406 554 662 623 martyris
687 553 1103 622 disputavimus,
1139 551 1272 605 satis
1307 565 1574 619 superque
1601 565 1702 604 no-

168 643 238 696 bis
276 643 532 710 probasse
578 641 898 703 suademus,
932 639 1179 694 eumdem
1232 654 1340 692 non
1371 637 1610 705 Oriente,
1643 647 1703 693 ut

160 735 504 798 Tillemontio,
541 732 623 786 vel
659 733 711 786 in
746 732 944 785 Arabia
980 731 1181 794 Felice,
1228 740 1285 784 ut
1332 730 1605 801 Stephano
1652 733 1701 786 le

152 825 323 897 Moyne
351 824 532 879 visum
568 821 694 887 fuit,
727 823 819 877 sed
845 822 896 875 in
931 821 1094 875 Portu
1129 820 1364 874 Romano
1397 836 1560 890 prope
1594 819 1699 874 Ur-

151 919 256 973 bem
286 918 660 987 episcopatum
691 913 1032 980 _obtinuisse.
1066 913 1298 983 Ideoque
1332 913 1383 966 in
1419 914 1701 982 episcopo-

150 1027 255 1066 rum
285 1008 674 1064 Portuensium
703 1007 845 1062 serie
880 1005 1254 1061 collocandum
1283 1019 1441 1059 nemo
1483 1006 1580 1060 ibit
1608 1007 1698 1060 in-

150 1103 302 1157 ﬁcias.
327 1101 529 1156 Decem
559 1101 704 1155 enim
736 1109 789 1154 et
818 1101 1000 1170 plures
1023 1099 1196 1153 aetatis
1218 1107 1378 1153 certae
1406 1099 1699 1168 scriptores

151 1196 239 1249 hoc
266 1194 427 1248 nobis
469 1192 832 1257 tradiderunt,
867 1192 1006 1246 inter
1037 1205 1174 1260 quos
1196 1191 1434 1245 eminent
1454 1188 1698 1245 Pruden-

150 1287 264 1350 tius,
281 1284 568 1349 Leontius,
587 1283 911 1338 Anastasius
931 1281 1368 1353 Apocrysiarius,
1392 1281 1694 1352 Syncellus,

151 1379 366 1447 aliique,
423 1392 663 1447 quorum
716 1376 1022 1430 testimonia
1077 1375 1251 1445 prima
1301 1369 1697 1430 dissertationis

151 1479 282 1540 parte
298 1471 702 1540 congessimus.
723 1466 832 1524 Nec
856 1467 1052 1522 desunt
1079 1476 1318 1521 veterum
1348 1466 1594 1521 codicum
1621 1467 1698 1520 in-

153 1559 453 1628 scriptiones
504 1566 561 1612 et
609 1569 787 1623 none;
822 1557 1150 1611 Catenarutn
1195 1565 1249 1611 et
1280 1555 1696 1628 Martyrologio—

154 1666 255 1704 rum
283 1651 617 1716 testimonia,
644 1666 709 1703 ex
731 1650 930 1719 quibus
962 1649 1018 1703 S.
1053 1648 1401 1721 Hippolytum
1426 1649 1694 1706 Portuen-

154 1757 248 1796 sem
293 1743 611 1810 episcopum
663 1741 833 1795 fuisse
884 1741 1325 1796 constantissime
1365 1741 1696 1798 evincimus.

153 1834 262 1899 Quae
301 1835 522 1902 quidem
574 1833 756 1887 omnia
807 1831 1024 1887 Eusebii
1071 1848 1134 1888 ac
1174 1831 1230 1886 S.
1265 1831 1575 1904 Hieronymi
1622 1834 1690 1889 de

155 1925 202 1979 S.
227 1924 489 1996 Hippolyti
542 1925 667 1980 sede
699 1924 914 1979 silentio
959 1924 1335 1994 anteponenda
1367 1941 1525 1981 nemo
1560 1942 1689 1997 pru—

1803 552 1885 605 vel
1923 566 1987 605 ex
2031 551 2258 605 sinceris
2300 547 2360 605 S.
2393 551 2646 622 martyris
2685 551 2853 617 Actis,
2889 569 3008 623 quae
3053 565 3356 623 temporum

1803 642 2000 712 injuria
2047 643 2457 707 interciderunt,
2506 644 2716 698 discere
2764 645 3024 713 potuisse,
3059 661 3185 700 cum
3230 662 3357 700 eru-

1799 736 1912 790 dito
1964 735 2228 789 monacho
2272 733 2480 790 Joanne
2538 734 2774 806 Lyrouio
2813 751 2922 790 non
2971 752 3078 790 uno
3107 737 3357 806 exemplo

1799 829 2029 898 probare
2064 829 2241 882 conati
2283 844 2492 882 sumus.
2522 826 2777 893 Quinimo
2821 825 3048 897 ipsemet
3073 826 3131 883 S.
3167 827 3358 882 Hiero-

1799 935 2016 989 nymus,
2049 919 2140 987 qui
2193 918 2462 989 egregiam
2517 920 2759 990 martyrii
2813 919 3040 990 gloriam
3099 919 3152 973 in
3198 918 3359 974 toties

1799 1011 2015 1064 laudato
2045 1009 2296 1080 Catalogo
2344 1012 2548 1077 reticet,
2585 1013 2708 1066 alibi
2742 1012 2798 1067 S.
2835 1011 3117 1084 Hippolyto
3163 1015 3358 1084 praeci-

1799 1115 1902 1169 pue
1938 1099 2203 1154 attribuit.
2234 1101 2388 1166 Quod
2419 1101 2636 1170 quidem
2670 1103 2866 1156 mirum
2911 1103 2966 1156 in
2996 1104 3218 1158 modum
3255 1120 3356 1160 no-

1797 1200 1965 1247 stram
1993 1193 2145 1262 juvat
2173 1193 2516 1246 sententiam.
2552 1191 2807 1262 Stephani
2840 1194 3063 1263 insuper
3092 1194 3138 1248 le
3163 1193 3356 1265 Moyne

1797 1282 2169 1350 conjecturam
2211 1283 2432 1336 omnino
2479 1282 2888 1351 improbabilem
2933 1283 3211 1362 nonpullis
3263 1300 3354 1337 ra-

1797 1374 1957 1428 tionis
2002 1377 2289 1428 momentis
2339 1376 2391 1426 in
2435 1375 2671 1429 medium
2709 1375 2885 1428 allatis
2916 1375 3270 1438 ostendimus,
3303 1385 3357 1428 et

1801 1481 1866 1518 ex
1908 1464 2191 1533 ipsiusmet
2239 1463 2586 1534 Philostorgii
2640 1463 2948 1518 testimonio
2992 1463 3355 1533 evangelicam

1793 1557 1967 1611 lucem
1994 1566 2262 1611 extremas
2297 1555 2707 1610 llomaeritarum
2743 1571 2894 1619 oras,
2926 1556 2980 1608 in
3011 1556 3209 1625 quibus
3239 1556 3356 1609 Ern-

1793 1651 2003 1720 porium
2038 1648 2343 1703 Romanum
2376 1648 2537 1702 situm
2572 1657 2709 1709 erat,
2738 1657 2952 1702 centum
2980 1657 3099 1717 post
3131 1646 3188 1701 S.
3224 1647 3354 1718 Hip-

1793 1743 2033 1813 polytum
2085 1756 2258 1795 annos
2315 1750 2647 1810 penetrasse,
2699 1748 2752 1792 et
2807 1737 3140 1808 episcopales
3195 1740 3352 1793 sedes

1795 1843 2063 1890 trecentos
2085 1834 2192 1888 fere
2226 1842 2348 1903 post
2380 1849 2553 1887 annos
2581 1832 2774 1886 ibidem
2803 1846 2923 1886 esse
2947 1831 3197 1900 coepisse,
3233 1846 3354 1884 cer-

1795 1927 1861 1981 tis
1893 1926 2136 1981 deductis
2163 1925 2494 1994 argumentis
2521 1924 2867 1978 deduximus.
2908 1922 3249 1993 Quapropter
3276 1925 3352 1977 nil

155 2018 265 2071 deus
287 2015 528 2086 negabit.
550 2013 930 2086 Supralaudati
953 2018 1096 2071 enim
1116 2017 1539 2088 'scriptores,qui
1573 2028 1692 2087 post
1722 2029 1764 2084 Β
1792 2018 1937 2072 aliud
1986 2026 2172 2080 restat,
2208 2017 2310 2071 nisi
2352 2017 2773 2070 vetustissimam
2805 2015 3064 2070 Romanae
3091 2014 3350 2070 Ecclesia:

158 2105 423 2161 Eusebium
459 2115 516 2160 et
543 2105 601 2160 S.
634 2105 1020 2178 Hieronymum
1055 2108 1324 2175 vixerunt,
1361 2126 1467 2163 non
1493 2120 1692 2167 temere

158 2199 249 2254 hac
271 2199 570 2264 dictarunt,
593 2198 833 2253 sed'baec
863 2200 1044 2254 omnia
1071 2215 1133 2255 ex
1165 2201 1415 2271 genuinis
1447 2203 1690 2272 ejusdem

164 2291 208 2346 S.
246 2291 513 2364 Hippolyti
561 2308 785 2362 operum
836 2293 1025 2357 titulis,
1061 2301 1115 2347 et
1161 2308 1227 2347 ex
1267 2294 1502 2358 antiquis
1549 2295 1691 2351 notis

164 2385 407 2440 codicibus
447 2385 734 2455 appositis,
789 2400 1020 2455 quarum
1065 2401 1228 2440 unam
1280 2386 1334 2442 in
1389 2385 1692 2444 Parisiensi

165 2572 468 2631 permanere.
509 2575 530 2609 ›
570 2556 918 2628 EpiscOpium
974 2555 1383 2631 PortuenseLS.
1423 2558 1694 2631 Hippolyti

163 2629 462 2696 episcopium
533 2631 695 2682 etiam
765 2627 988 2682 vocatur
1062 2628 1115 2682 in
1202 2627 1345 2682 bulla
1422 2627 1693 2685 Benedicti

164 2697 246 2751 PP.
269 2697 396 2759 Vill,
429 2697 572 2766 apud
614 2696 821 2767 Ughell.
863 2708 991 2752 tom.
1028 2696 1069 2764 Ι,
1107 2713 1158 2766 ρ.
1193 2699 1294 2752 116
1331 2717 1343 2752 :
1380 2717 1398 2750 ι
1433 2699 1695 2754 (ἒοηεείιὶο

165 2784 261 2821 tuus
285 2779 334 2822 et
356 2770 749 2822 conﬁrmamus
779 2769 932 2823 vobis
955 2771 1259 2836 vestrisque
1287 2772 1694 2826 successoribus

165 2839 539 2908 inperpetuum
572 2841 886 2908 praedictum
913 2838 1244 2907 episcopium
1288 2838 1344 2892 S.
1379 2838 1692 2895 Portuensis

164 2907 416 2979 Ecclesiae,
447 2907 597 2977 quod
629 2911 865 2979 positum
913 2924 1034 2963 esse
1068 2911 1279 2962 videtur
1325 2907 1460 2963 foris
1503 2912 1696 2979 pracdi-

162 2988 278 3031 ctam
319 2978 595 3032 eivitatem
644 2977 1038 3042 Portuensem,
1087 2980 1176 3033 cui
1225 2977 1547 3034 vocabulum
1609 2991 1695 3035 est

228 3047 510 3120 Hippolyti
535 3065 548 3112 ;
588 3067 608 3100 ι
639 3057 693 3102 et
723 3049 778 3101 in
809 3049 972 3120 altera
1000 3048 1196 3120 Leonis
1225 3047 1316 3113 1X,
1347 3053 1486 3120 apud
1514 3053 1692 3119 ipsutn

165 3114 347 3186 υςιιειιῑ
367 3114 474 3172 lue.
504 3121 624 3182 city,
650 3134 771 3188 pag.
798 3119 888 3171 121
924 3137 937 3171 :
975 3138 992 3169 ι
1036 3117 1146 3173 Hac
1176 3121 1337 3188 igitur
1364 3114 1420 3174 re
1446 3114 1688 3174 inclinati

161 3189 470 3242 decrevimus
502 3190 750 3257 petitioni
784 3198 886 3242 tua:
909 3190 1243 3252 satisfacere,
1272 3189 1480 3244 scilicet
1503 3201 1559 3244 ut
1591 3192 1688 3245 tibi

163 3259 342 3326 tuisque
353 3260 768 3313 suCCessoribus
783 3259 1310 3327 ipsumPortuensem
1325 3261 1694 3328 episcopatum

160 3333 536 3394 conﬁrmemus,
562 3330 708 3398 quod
737 3331 918 3400 utique
948 3330 1176 3383 libenter
1201 3329 1464 3400 facimus.
1497 3331 1560 3385 Et
1589 3333 1699 3400 pri-

159 3413 278 3451 mum
292 3399 466 3467 ipsum
483 3397 856 3470 episcopatum
869 3398 1181 3453 Portuensis
1194 3397 1462 3462 Ecclesiae,
1477 3397 1601 3470 quae
1611 3417 1699 3470 po-

158 3470 368 3522 sitaesse
398 3468 617 3524 videtur
637 3468 769 3524 foris
801 3471 1106 3538 praedictam
1130 3471 1474 3525 Portuensem
1496 3468 1696 3526 eiviia-

155 3546 264 3609 tem,
283 3541 367 3593 cui
396 3541 720 3594 vocabulum
737 3551 817 3594 est
833 3539 890 3596 S.
909 3539 1258 3609 Hippolyti...
1281 3542 1646 3596 concedimus.
1670 3561 1688 3594 ι

151 3607 261 3679 Qua:
285 3610 470 3662 omnia
517 3611 800 3679 antiquum
837 3607 1040 3666 cultum
1083 3607 1443 3665 inPortuensi
1471 3613 1692 3666 dioecesi

149 3680 199 3732 ὃ.
219 3678 516 3751 Hippolyto
557 3678 858 3751 praestitum
895 3683 1028 3751 satis
1053 3696 1325 3750 superque
1348 3684 1690 3738 conﬁrmant.

207 3749 310 3822 (87)
343 3749 583 3819 Ita‘ipse
631 3749 908 3822 Marianus
959 3749 1336 3822 Victoriusad
1382 3751 1694 3821 Catalogum

145 3820 202 3872 de
229 3820 574 3888 scriptoribus
618 3820 1008 3892 ecclesiasticis,
1055 3823 1109 3875 in
1171 3820 1228 3875 S.
1272 3820 1585 3892 Hippolyto,
1611 3832 1693 3876 le-

143 3899 303 3963 statur
323 3893 390 3944 ad
425 3892 595 3945 verba
621 3893 712 3945 illa
745 3889 806 3945 S.
833 3890 1141 3963 Hieronymi
1171 3910 1185 3945 :
1219 3911 1236 3942 ι
1268 3889 1695 3963 Νυὶιξθιίηυὶρρθ

144 3962 283 4032 urbis
322 3964 465 4016 scire
511 3978 616 4016 non
648 3963 828 4030 potui;
864 3982 884 4014 ι
933 3961 1048 4016 hoc
1073 3965 1232 4016 modo
1266 3981 1278 4016 :
1320 3980 1339 4013 ι
1379 3961 1693 4032 Hippolytus

143 4027 449 4088 Portucusis
481 4027 771 4102 episcopus
801 4035 920 4097 fuit,
948 4043 1004 4086 ut
1031 4034 1084 4086 in
1112 4041 1322 4088 vetusto
1355 4027 1541 4088 codice
1569 4027 1688 4088 ina-

1791 2110 1855 2162 de
1887 2108 2166 2162 Parmensi
2199 2105 2258 2164 S.
2298 2107 2568 2178 Hippolyti
2597 2109 2714 2161 sede
2744 2108 3089 2162 traditionem
3131 2107 3353 2177 optimis

1790 2201 1901 2255 nixi
1933 2200 2232 2254 rationibus
2263 2201 2642 2263 defendamus,
2668 2208 2722 2252 et
2755 2198 3110 2256 Portuensem
3139 2199 3350 2267 episco-

1791 2307 1916 2362 pum
1938 2307 2102 2361 prope
2126 2290 2353 2345 Romam
2385 2290 2796 2345 celeberrimum
2828 2289 3031 2345 Christi
3057 2300 3352 2360 martyrem

1791 2383 1850 2440 S.
1882 2383 2223 2456 Hippolytum
2270 2385 2545 2440 exstitisse
2590 2384 2861 2438 tutissime
2907 2383 3350 2452 pronuntiemus.

1792 2562 2072 2633 nuscripto
2088 2563 2232 2633 apud
2269 2561 2589 2633 Sorbonam_
2607 2559 2967 2633 Parisiensem
3002 2557 3124 2633 legi,
3160 2577 3178 2633 ξ
3213 2555 3354 2633 Ope-

1792 2650 1913 2688 rum
2057 2627 2368 2702 Ilierouytui
2404 2641 2535 2685 tom.
2573 2629 2611 2693 l,
2641 2646 2696 2702 p.
2730 2629 2835 2702 568
2860 2630 2996 2702 edit.
3024 2627 3198 2702 ejusd.
3239 2627 3357 2682 Ma.

1794 2705 1930 2757 riaui
1956 2701 2172 2756 Victorii
2197 2697 2419 2755 Parisiis
2450 2715 2590 2754 anno
2618 2697 2937 2771 175379,_apud
2955 2697 3352 2771 §ebastianum

1793 2773 2058 2828 Nivellum
2102 2774 2204 2826 sub
2246 2772 2484 2826 Ciconiis
2532 2770 2616 2822 via
2648 2767 2916 2824 Jacobzea.
2953 2767 3058 2819 Pro
3093 2768 3352 2820 coronide

1793 2844 1968 2913 placet
2015 2842 2716 2913 etiam_adiunget-cuque
2778 2837 2968 2913 scribit
3028 2837 3355 2913 Franciscus

1793 2908 2152 2967 Combeﬁsius
2173 2911 2512 2964 Bibliotheca:
2543 2909 2846 2962 Graecorum
2876 2908 3098 2960 Patrum
3125 2908 3349 2959 Auctor.

1795 2984 2101 3048 nouissim.,
2148 2997 2269 3050 pag.
2318 2980 2386 3033 65
2437 2980 2613 3050 citata:
2659 2978 2796 3050 edi_t_.r
2837 2977 3159 3050 Parisiensis
3209 2992 3355 3030 anno

1796 3051 1954 3118 1672,
1993 3047 2094 3121 qui
2114 3047 2241 3106 non'
2262 3053 2435 3104 solum
2467 3049 2709 3121 Mariano
2741 3047 2982 3121 Victoria
3010 3047 3169 3121 fidem
3212 3063 3353 3114 pra:-

1796 3123 1902 3184 bct,
1949 3117 2136 3177 verum
2182 3122 2344 3175 etiam
2384 3136 2503 3188 qua:
2538 3120 2730 3172 alias‘a
2781 3117 2938 3188 n_0bis
2989 3118 3156 3170 relata
3205 3127 3354 3188 s_t_tnt,

1803 3183 2003 3246 mirum
2040 3193 2093 3246 in
2135 3193 2352 3244 modum
2385 3183 2708 3245 confirmat:
2744 3206 2762 3238 ‹
2801 3185 3024 3241 Factum
3057 3201 3176 3240 esse
3200 3183 3354 3254 (Hip-

1797 3264 2064 3334 polytum)
2093 3261 2444 3334 Portuensem
2469 3262 2804 3334 episcopum,
2835 3263 3021 3334 sicque
3047 3255 3354 3334 Romanum

1802 3329 2120 3396 antistitem,
2167 3331 2426 3386 Romana:
2476 3330 2682 3384 scilicet
2725 3329 2941 3397 proprie
2993 3329 3356 3394 metropoleos

1800 3405 2230 3472 suifragaueutn,
2294 3412 2357 3472 ut
2418 3412 2640 3463 vocant,
2697 3415 2779 3472 ac,
2813 3397 3355 3472 comprovincialetn,

1802 3474 1940 3527 ultra
1972 3467 2134 3541 Quam
2177 3482 2292 3526 erat
2329 3470 2570 3524 Romana
2599 3469 2818 3538 propria
2853 3469 3128 3541 dioecesis,
3164 3467 3229 3541 i_n_
3249 3482 3358 3535 qua

1802 3537 2082 3597 Romanus
2113 3543 2358 3610 pontifex
2383 3537 2907 3608 creabat’episcopos
2933 3538 3191 3605 peculiari
3211 3537 3354 3605 jure,

1802 3615 1888 3660 nui
1921 3614 2123 3660 idcirco
2166 3611 2404 3660 enisa-ani
2440 3609 2691 3660 Romani.
2731 3617 2787 3660 ut
2823 3609 3061 3660 distincti
3091 3623 3120 3660 a
3165 3607 3354 3660 Gallis.

1795 3615 1888 3735 qui
1920 3609 2131 3668 idcirco
2166 3611 2404 3680 episcopi
2440 3609 2691 3686 Romani,
2731 3617 2787 3661 ut
2823 3609 3061 3686 distincti
3091 3623 3120 3660 a
3165 3609 3356 3686 Gallis,

1791 3682 2070 3752 lispanis,
2123 3682 2356 3752 aliisque
2399 3683 2451 3732 in
2486 3694 2678 3752 quaws
2727 3692 3000 3752 provntcta
3036 3677 3356 3752 metropoli-

1791 3747 1908 3808 tico'
1924 3758 2066 3822 jure,
2101 3768 2164 3806 ex
2191 3747 2474 3822 Cauounm
2507 3747 2848 3802 Nicaenorum
2879 3747 3235 3822 dispositione
3268 3762 3358 3822 or-

1791 3817 1968 3878 dinari
1998 3823 2190 3885 solitis,
2225 3820 2496 3874 nonnullis
2521 3817 3117 3885 ttuucupatttur,Gt'anci
3149 3817 3356 3885 signiti-

1792 3904 1937 3956 cant,
1986 3894 2135 3961 quod,
2161 3894 2232 3944 ita
2262 3891 2431 3961 citant
2486 3906 2516 3961 εΔ
2557 3886 2999 3961 sicque__legisse_
3032 3895 3220 3940 auctor
3269 3894 3356 3938 est

1791 3954 2064 4018 Marianos
2101 3960 2280 4017 Victor
2309 3960 2364 4014 in
2398 3958 2634 4026 antiquo
2659 3954 2858 4012 Codice
2882 3954 3162 4011 Sorbonaa
3185 3975 3206 4008 ι

1161 4261 3318 4293 MM

735 4442 893 4578 ¹,5.
983 4440 1754 4557 HIPPOLYTI
1840 4437 2721 4558 PORTUENSIS

1362 4677 1655 4769 ACTA
1721 4675 2164 4765 LATINA

477 4881 638 4956 Quae
666 4876 821 4940 olim
860 4876 927 4936 in
959 4872 1230 4937 ecclesia
1261 4870 1640 4950 legebantur
1666 4869 1742 4931 ad
1775 4868 1948 4932 diem
1996 4886 2064 4928 xi
2108 4865 2246 4928 Kal.
2286 4866 2674 4944 Septembris
2710 4863 2898 4946 (Aug.
2935 4865 3062 4946 22).

118 5066 745 5137 ([ῢεέιλεξξτὲἓεληλεεα
793 5061 1167 5137 Μανιξινηᾼιά
1195 5058 1327 5137 οδέἔα
1355 5053 2572 5137 Tibi???"5’1Ci‘ii‘diﬂcf’Wifozﬁ‘oﬂﬁz339?;
2589 5055 3112 5137 ίξϊῖίὶῖηὲἓέἓῖἔδξέπῖὲ

3157 5052 3264 5101 459.
3297 5055 3366 5105 Ex

175 5115 721 5182 EdEE'viiii'c‘éuido
743 5143 792 5176 ιι.
821 5141 902 5185 vn,
924 5115 1008 5175 ῖυι.
1038 5125 1144 5173 252.
1168 5153 1229 5161 —
1254 5124 1418 5171 Monet
1436 5123 1597 5170 editor
1629 5125 1750 5170 Acta
1777 5127 1889 5179 ista,
1909 5118 1959 5168 in
1983 5122 2118 5185 Actis
2266 5119 2727 5185 Bolland._ad__diem
2756 5115 2966 5185 Augusti
3003 5116 3062 5162 2‘2
3086 5115 3184 5175 jam
3203 5115 3364 5185 edita,

177 5178 759 5255 prtimeﬂioastimata
795 5178 900 5238 ηυιί
911 5188 1078 5248 fuisse,
1104 5185 1298 5251 quando
1329 5191 1520 5234 constat
1547 5186 1811 5232 vetustiora
1835 5195 1945 5231 esse
1968 5179 2286 5231 translatione
2311 5181 2526 5242 corporis
2548 5181 2802 5242 ﬂippoq'ti
2823 5183 3045 5240 adeoque
3068 5178 3250 5225 saeculo
3274 5188 3363 5240 ιι.)

197 5484 402 5544 Beatus
439 5486 691 5558 Ypolitns
711 5483 801 5557 qui
824 5491 878 5540 et
901 5482 1091 5540 Nonus
1119 5484 1337 5547 dicitur,
1365 5482 1522 5554 cujus
1552 5497 1693 5552 prte-

131 5573 405 5635 dicatione
434 5580 762 5634 Alexandria
797 5593 1064 5633 conversa
1111 5577 1304 5640 fuerat,
1345 5577 1535 5630 limina
1560 5591 1694 5645 apo~

136 5668 396 5722 stolarum
419 5669 640 5724 visitare
667 5668 912 5737 cupiens,
943 5665 1168 5721 Romam
1186 5667 1333 5722 adiit.
1374 5665 1693 5722 Sanctorum

140 5761 384 5827 sepulcra
408 5762 720 5832 ubicunque
751 5762 804 5814 in
834 5761 967 5816 locis
1006 5760 1088 5815 vel
1119 5759 1171 5812 in
1194 5761 1516 5815 ctemcteriis
1545 5760 1694 5814 iuve-

1800 5481 1915 5535 nire
1942 5486 2150 5549 poterat
2187 5475 2560 5532 curiosissime
2597 5471 2924 5542 requirebat,
2969 5469 3153 5540 ibique
3177 5469 3346 5540 dignm

1801 5573 1912 5628 Deo
1942 5572 2127 5626 laudes
2171 5573 2430 5631 referens,
2459 5568 2547 5622 die
2574 5574 2843 5633 noctuque
2876 5564 3214 5617 orationibus
3243 5580 3372 5635 per;

1802 5665 2044 5721 sistebat.
2076 5663 2424 5719 Postmodum
2454 5673 2582 5715 vero
2603 5660 2666 5713 ad
2691 5657 2911 5712 Portum
2940 5657 3254 5729 Tyberiame
3276 5675 3368 5712 ur-

1806 5758 1888 5812 bis
1911 5771 2223 5826 properans,
2256 5755 2486 5824 Spiritus
2517 5752 2688 5808 sancti
2725 5750 2895 5822 gratia
2929 5751 3198 5806 t'evclante
3232 5747 3367 5804 Ver-
