3796 6194
188 276 275 332 5τῦ

1475 259 1653 317 ACTA
1689 258 1963 318 GRAECA.

3234 270 3339 328 555

191 386 848 469 μέγιστοςάνήφθηδιωγμὸς
878 388 987 448 τοῖς
1004 380 1320 455 (τηνικαῦτα
1345 379 1511 453 οὖσιν)
1538 385 1658 453 Χρι-

1776 385 2004 438 stianos.
2038 382 2167 439 Erat
2191 386 2410 455 quidam
2439 386 2520 440 vir
2549 390 2869 457 praepositus
2898 392 3217 461 magisteria:
3242 410 3340 462 po-

191 488 394 546 στιανοῖς.
416 481 508 534 Ἦν
524 477 610 535 οὖν
637 497 719 542 τις
732 481 831 550 civi;
841 496 869 551 ρ
895 480 1098 532 Κενσου
1108 480 1245 548 ρίνος
1277 476 1515 548 προηγού
1525 494 1681 545 μενος

186 580 265 647 τῆς
290 576 361 628 τοῦ
389 573 983 645 μαγιστορίο·.ι,ὲξουσίας
1014 570 1181 639 (15-1)
1214 571 1307 621 καὶ
1344 572 1400 621 ὲν
1428 568 1504 637 τῷ
1528 568 1683 639 λελη-

184 670 270 721 θότι
295 668 355 735 (Ξ)
385 665 705 734 Χριστιανὸς,
740 665 829 717 καὶ
862 662 1189 731 φοϐούμενος
1216 661 1305 713 τὸν
1324 662 1473 713 Θεὸν.
1514 656 1681 727 Οὗτος

179 760 262 812 ἀπὸ
287 759 369 826 τῆς
404 757 817 826 καταπρόσωπον
852 753 1108 824 βασιλέως
1148 752 1411 806 Κλαυδίου
1434 752 1559 815 Θέας
1582 755 1679 824 οὐχ

176 850 413 919 ὑπεχώρει,
440 847 545 899 ἀλλ’
563 846 719 917 εἴπερ
735 846 882 907 τινὰς
899 848 961 897 ὲκ
980 843 1087 896 τῶν
1108 844 1441 913 Χριστιανῶν
1469 844 1679 917 ἑώρακε

173 942 277 1010 πρὸς
290 940 535 1008 ἀναίρεσιν
548 936 882 1006 ἑλκομένους,
897 938 928 1007 ἢ
945 935 1181 1007 καὶπρὸς
1191 936 1449 1007 δημοσίαν
1463 939 1678 1009 εἱρκτὴν

169 1032 507 1100 ἀπαγομένους,
526 1029 819 1099 λεληθότως
852 1029 1070 1092 τούτους
1090 1030 1319 1098 ὲνίσχυε,
1336 1030 1427 1081 καὶ
1447 1030 1566 1082 ὅσον
1583 1031 1678 1083 αὐ·

166 1121 226 1191 τῷ
236 1124 481 1192 εὐπορείτο
504 1120 709 1190 τροφὰς
739 1124 848 1183 τοῖς
868 1122 925 1173 ὲν
942 1121 1203 1188 φυλακαῖς
1220 1122 1565 1191 τυγχάνουσι,
1584 1122 1677 1175 καὶ

164 1218 249 1277 τοῖς
275 1214 324 1265 ἐν
351 1212 576 1282 δεσμοῖς,
613 1212 787 1264 καίτοι
835 1212 1053 1283 ρήσεσιν
1097 1213 1519 1283 κατηχουμὲνοις
1560 1213 1677 1283 διη-

166 1308 274 1358 κόνει
296 1305 381 1374 (3).
431 1302 597 1354 Τοῦτο
635 1302 871 1365 ἀκούσας
916 1304 942 1354 ὁ
978 1301 1445 1369 (δυσσεϐέστατος)
1474 1305 1672 1371 καῖσαρ

163 1394 379 1455 Κλαύδιος
421 1391 509 1444 καὶ
552 1390 845 1461 ὀργισθεὶς,
895 1389 1103 1442 κελεύει
1146 1388 1303 1441 αὐτὸν
1332 1387 1673 1459 κρατηθέντα

162 1484 515 1539 ἐνώπιοναὺτοῦ
552 1484 916 1555 παραστῆναι.
952 1483 1057 1535 Καὶ
1087 1482 1273 1535 τούτου
1300 1481 1671 1552 παραστάντος

160 1579 293 1642 οὕτως
323 1595 429 1641 πως
458 1578 753 1646 διεσάφησε
786 1576 982 1643 λέγων’
1018 1575 1087 1625 Σὺ
1114 1569 1164 1625 εἴ
1200 1575 1227 1625 ὁ
1252 1572 1385 1644 ἀνὴρ
1417 1575 1620 1636 ἐκεῖνος
1642 1575 1670 1624 ὁ

159 1671 239 1722 τῶν
276 1670 396 1722 θεῶν
434 1667 795 1739 θρησκευτὴς.
837 1667 930 1719 καὶ
966 1667 1063 1735 τῆς
1102 1666 1370 1736 ἡμετερας
1423 1665 1666 1729 ἐξουσίας

158 1765 222 1818 ἀεὶ
258 1761 589 1833 διαλαλήσας;
642 1760 769 1812 Ἰδοὺ
802 1760 835 1829 ὴ
874 1758 1115 1828 ἡμετέρα
1158 1758 1432 1828 ἡμερότης
1474 1759 1665 1811 οὐδένα

157 1855 415 1907 δουλεύοντα
456 1853 593 1922 αὐτῇ
639 1851 962 1905 ἀπεσείσατο
1004 1848 1243 1911 πώποτε,
1287 1849 1419 1902 ἀλλὰ
1463 1851 1541 1912 εἰς
1571 1850 1669 1919 τὴν

158 1943 313 1997 τούτων
365 1942 662 2014 θεραπείαν
720 1940 1006 2003 διαπαντὸς
1057 1943 1218 2011 ἡμεῖς
1257 1941 1354 2010 τὴν
1395 1940 1667 1994 πολιτείαν

157 2037 582 2108 πηδαλιουχοῦντες
610 2034 980 2106 κατορθοῦμεν
1015 2035 1115 2103 (4).
1153 2034 1286 2087 Τότε
1317 2036 1346 2086 ό
1378 2036 1667 2106 Κενσουρῖ-

154 2147 219 2193 νος
257 2129 507 2200 ἀπεκρίθη
563 2128 776 2195 λέγων·
842 2126 980 2193 Ἐγὼ
1029 2125 1326 2197 μαρτυρίαν
1373 2125 1507 2191 λέξω
1542 2127 1668 2196 περὶ

152 2222 221 2273 τοῦ
263 2223 449 2292 Κυρίου
501 2238 605 2292 μου
659 2220 830 2289 Ἰησοῦ
882 2218 1137 2289 Χριστοῦ,
1188 2218 1318 2270 δίοτι
1350 2217 1509 2280 αὐτός
1547 2220 1663 2270 ἐστι

153 2311 250 2376 Θεὸς
286 2312 539 2383 ἀληθινὸς,
588 2315 618 2366 ό
654 2310 995 2383 σταυρωθεὶς,
1046 2312 1135 2364 καὶ
1167 2310 1375 2380 ταφεὶς,
1407 2313 1499 2364 καὶ
1530 2312 1661 2364 ἁνα-

154 2408 250 2468 στάς
270 2411 324 2478 τῇ
354 2408 505 2478 τρίτῃ
545 2406 736 2477 ἡμέρᾳ
764 2406 1045 2475 θεωμένων
1072 2406 1148 2477 (5)
1180 2406 1287 2459 τῶν
1317 2409 1659 2476 σταυρωσαν-

152 2501 405 2554 novak/iv.
445 2504 541 2563 ’ος
587 2501 685 2553 καὶ
719 2499 852 2569 μετὰ
888 2500 948 2552 τὸ
976 2501 1269 2571 ἀναστῆναι
1310 2502 1660 2571 ἐμφανισθεὶς

150 2595 230 2655 τοῖς
258 2594 415 2661 ἁγίοις
443 2592 609 2646 αὑτοῦ
650 2594 931 2665 μαθηταῖς,
967 2593 1264 2663 βλεπόντων
1290 2593 1465 2647 αὐτῶν
1500 2594 1660 2665 ἀνῆλ-

151 2682 215 2735 θεν
239 2688 304 2748 είς
330 2687 448 2749 τοὺς
480 2682 771 2755 οὐρανούς.
808 2679 971 2746 Οὗτος
998 2686 1053 2735 ἐν
1076 2686 1187 2746 τοῖς
1214 2683 1496 2755 ἡμετέροις
1535 2702 1657 2737 και-

152 2779 231 2843 poi;
257 2777 575 2846 κατηξίωσεν
617 2775 1010 2847 παραγίνεσθαι
1044 2775 1149 2828 ἀπὸ
1179 2775 1271 2828 τοῦ
1316 2776 1524 2849 Πατρὸς
1566 2778 1660 2831 αὐ-

149 2866 233 2929 τοῦ,
282 2872 363 2921 καὶ
406 2868 697 2939 προελθεῖν
752 2868 815 2919 ἐκ
860 2867 1093 2937 γαστρὸς
1144 2867 1436 2937 Παρθένου.
1493 2862 1660 2935 Οὗτος

1700 1723 1740 1779 Β

1784 475 2012 537 testatis,
2059 483 2114 529 et
2156 474 2208 529 in
2256 476 2469 531 occulto
2498 478 2864 544 Christianus,
2909 480 3103 535 timens
3149 482 3338 546 Deum,

1785 576 1840 621 et
1866 567 2092 622 credens
2120 566 2173 620 in
2221 569 2419 623 virtute
2450 568 2662 623 Domini
2690 568 2815 625 Jesu
2846 572 3071 637 Christi,
3100 578 3341 644 quotidie

1783 659 1836 711 in
1878 658 2212 713 absconditis
2263 660 2376 714 suis
2418 660 2757 715 orationibus
2794 674 2848 716 et
2886 663 3105 732 jejuniis
3149 668 3341 736 epula-

1782 749 1937 801 batur
1970 756 2024 802 et
2067 748 2444 820 cleemosynis.
2501 750 2599 805 Hic
2636 762 2759 807 ante
2794 754 3004 808 Claudii
3057 768 3333 825 aspectum

1780 854 1883 893 non
1914 840 2192 904 recedens,
2226 842 2317 895 sed
2353 842 2395 895 si
2431 857 2570 910 quos
2605 842 2833 898 vidisset
2860 860 2890 897 e
2921 846 3241 901 Christianis
3268 850 3337 904 ad

1778 949 1961 987 necem
1998 933 2270 997 trahi,ch
2320 935 2385 987 ad
2433 933 2739 988 custodiam
2783 936 3078 1004 publicam,
3131 942 3339 995 occulte

1777 1024 2135 1091 confortabat,
2182 1037 2234 1079 et
2266 1035 2526 1095 quantum
2566 1028 2637 1089 ei,
2684 1028 3010 1099 largiebatur
3048 1032 3245 1087 victum
3279 1035 3337 1090 in

1775 1117 2104 1179 carceribus,
2132 1118 2473 1171 ministrabat
2493 1125 2547 1171 ct
2573 1118 2803 1174 vinculis
2833 1131 2886 1175 et
2911 1125 3197 1178 custodiis.
3221 1123 3336 1179 Hoc

1775 1208 1960 1263 audito
2004 1207 2266 1262 Claudius
2320 1224 2413 1262 rex
2465 1209 2638 1267 iratus
2682 1213 2853 1283 jussit
2903 1230 3029 1269 eum
3063 1217 3233 1270 teneri
3280 1228 3335 1273 et

1772 1307 1896 1353 ante
1928 1308 2274 1369 conspectum
2310 1316 2468 1355 suum
2496 1303 2711 1368 adduci,
2736 1306 2823 1359 cui
2854 1305 2929 1360 ita
2959 1307 3133 1360 dixit:
3164 1307 3243 1361 Tu
3273 1324 3334 1363 es

1772 1391 1854 1441 vir
1880 1389 1966 1444 ille
1992 1389 2326 1447 Censuriuus
2347 1393 2573 1449 deorum
2600 1396 2796 1464 cultor,
2829 1408 3042 1453 aeterna:
3076 1399 3336 1467 majesta-

1775 1482 1842 1535 tis
1864 1497 2075 1551 semper
2100 1483 2329 1539 atl‘abilis
2345 1486 2520 1557 (8-9)?
2542 1487 2894 1544 Mansuetudo
2917 1500 3099 1545 nostra
3123 1493 3329 1547 nullum

1775 1576 2093 1629 servientem
2144 1577 2247 1631 sibi
2280 1577 2543 1654 despesit,
2590 1581 2683 1634 sed
2710 1581 2764 1634 in
2798 1583 3066 1637 culturam
3100 1584 3333 1639 deorum

1771 1683 1983 1736 semper
2006 1682 2105 1721 nos
2135 1667 2523 1736 rempublicam
2550 1670 2915 1739 gubernantes
2943 1688 3329 1743 pr0pagamus.

1770 1758 1922 1813 Tunc
1961 1759 2297 1815 Censurinus
2331 1764 2664 1829 respondens
2698 1762 2838 1817 dixit
2885 1783 2898 1818 :
2936 1764 3049 1835 Ego
3079 1768 3330 1823 testimo-

1772 1854 1920 1906 nium
1952 1854 2073 1908 dico
2112 1854 2179 1908 de
2220 1854 2453 1909 Domino
2480 1853 2606 1909 Jesu
2643 1854 2881 1921 Christo,
2924 1860 3052 1927 quia
3089 1860 3204 1929 ipse
3247 1871 3334 1916 est

1771 1960 1933 1999 verus
1978 1945 2148 2008 Deus,
2179 1950 2270 2016 qui
2306 1947 2599 2001 cruciﬁxus
2634 1955 2719 2001 est
2747 1958 2800 2001 et
2853 1950 3116 2018 sepultus,
3158 1962 3213 2007 et
3246 1969 3331 2008 re-

1770 2040 2007 2092 surrexit
2055 2039 2186 2107 ipsis
2236 2040 2563 2103 videntibus,
2596 2041 2687 2109 qui
2727 2050 2850 2094 eum
2893 2042 3278 2099 cruciﬁxerunt
3314 2087 3325 2101 .

1768 2130 1896 2198 quia
1928 2131 2254 2198 praedixerat
2300 2132 2441 2199 quod
2482 2141 2602 2201 post
2633 2140 2862 2186 mortem
2888 2132 3123 2200 viveret;
3160 2144 3214 2190 et
3247 2136 3329 2189 vi-

1769 2221 2023 2276 dentibus
2053 2221 2158 2277 illis
2196 2223 2442 2277 ascendit
2485 2226 2539 2277 in
2573 2226 2795 2280 caelum.
2830 2225 2928 2282 Hic
2960 2229 3162 2281 nostris
3189 2236 3328 2281 tem-

1767 2311 1990 2379 poribus
2016 2311 2268 2379 dignatus
2296 2323 2380 2367 est
2410 2314 2592 2369 venire
2626 2332 2655 2369 a
2686 2315 2842 2372 Patre
2876 2318 2930 2371 in
2958 2328 3171 2373 uterum
3207 2318 3327 2372 Vir-

1765 2403 1904 2473 ginis
1950 2421 1964 2456 :
2026 2404 2120 2473 qui
2177 2404 2394 2473 quidem
2449 2407 2527 2460 sic
2588 2406 2840 2477 dignatus
2880 2416 2960 2463 est
3005 2410 3329 2465 descendere

1764 2496 1830 2547 ad
1877 2504 2050 2549 terras
2092 2503 2149 2548 ut
2198 2495 2394 2549 coelum
2443 2512 2549 2551 non
2603 2496 2893 2553 desereret.
2949 2498 3101 2555 Tunc
3155 2501 3327 2553 iratus

1762 2587 2022 2643 Claudius
2050 2587 2226 2641 dixit:
2260 2586 2491 2654 Insanis,
2534 2588 2867 2655 Censurine;
2905 2600 2956 2645 et
2999 2591 3165 2659 jussit
3199 2607 3323 2646 eum

1764 2690 1979 2751 propter
2011 2679 2216 2733 militia:
2245 2680 2581 2734 consortium
2616 2678 2779 2735 Ostiae
2806 2682 2860 2734 in
2891 2683 3135 2735 custodia
3172 2698 3328 2737 man-

1764 2772 1957 2842 cipari.
1990 2770 2081 2826 llle
2108 2781 2290 2825 autem
2326 2771 2380 2825 in
2408 2772 2656 2826 custodia
2687 2782 2739 2827 et
2769 2773 2822 2825 in
2856 2774 3087 2829 vinculis
3115 2775 3323 2845 obliga-

1766 2878 1854 2923 tus
1886 2868 1997 2921 Deo
2025 2866 2213 2920 laudes
2239 2865 2325 2919 die
2356 2874 2625 2935 noctuque
2659 2868 2903 2920 canebat.

148 2960 284 3025 μέντοι
305 2960 561 3030 κατῆλθεν
584 2957 1096 3039 διαφιλανθρωπίαν
1123 2959 1213 3010 ἐπὶ
1244 2960 1341 3030 τῆς
1370 2960 1491 3029 γῆς,
1526 2967 1651 3027 τοὺς
1687 2962 1945 3036 οὐρανοὺς
2007 2959 2081 3031 μὴ
2140 2956 2467 3011 καταλιπών.
2508 2957 2640 3010 Τότε
2697 2957 2967 3028 ὀργισθεὶς
3002 2956 3048 3027 (ὁ
3075 2957 3327 3011 δυσσεϐέ-

148 3057 310 3116 στατος)
336 3051 599 3114 Κλαύδιος
627 3049 764 3119 ἔφη·
799 3049 1049 3112 Μαίνεαι,
1086 3050 1428 3121 Κενσουρῖνε,
1474 3054 1567 3106 καὶ
1599 3054 1933 3126 παραχρῆμα
1999 3049 2282 3104 ἐκέλευσεν
2323 3048 2483 3103 αὑτὸν
2519 3046 2606 3101 διὰ
2664 3048 2760 3118 τῆς
2818 3050 3075 3120 στρατιᾶς
3133 3050 3327 3103 ἀπενε-

146 3141 294 3211 χθῆναι
322 3142 455 3196 κατὰ
485 3141 589 3213 τὴν
657 3141 937 3209 Ὀστησίαν
981 3139 1133 3193 πόλιν
1182 3141 1276 3209 (li),
1313 3142 1406 3194 καὶ
1435 3144 1568 3214 πρὸς
1599 3146 1658 3197 τὸ
1694 3146 1748 3198 δε

1758 3146 2060 3216 σμωτήριον
2080 3141 2593 3213 παραφυλάττεσθαι
2620 3143 2753 3193 ἐκεῖ.
2796 3143 2928 3195 Τότε
2976 3146 3032 3195 ὲν
3065 3144 3211 3215 αὐτῴ
3246 3146 3325 3213 τῷ

146 3234 271 3303 τόπῳ,
310 3238 364 3288 οὐ
400 3236 624 3307 μακρὰν
659 3234 763 3287 ἀπὸ
793 3234 883 3287 τοῦ
917 3234 1103 3299 ἄστεος
1150 3236 1381 3307 Ῥώμης,
1434 3238 1545 3291 ἀλλ’
1595 3241 1669 3303 ὡς
1708 3242 1814 3293 ἀπὸ
1848 3241 2038 3311 μιλίων
2095 3238 2476 3292 πεντεκαίδεκα
2513 3238 2586 3306 (7)
2620 3240 2677 3291 ὲν
2718 3242 2927 3310 φρουρᾷ
2982 3242 3072 3293 καὶ
3112 3242 3326 3312 δεσμοῖς

145 3328 465 3398 κατεχόμενος,
498 3328 583 3399 τῷ
616 3328 735 3397 Θεῷ
763 3330 885 3391 τοὺς
919 3329 1097 3392 αἴνους
1123 3329 1331 3399 ἡμέρας
1361 3332 1451 3383 καὶ
1473 3334 1662 3395 νυκτὸς
1694 3334 2023 3403 ἀνέπεμπεν.

196 3421 252 3472 B’.
292 3424 370 3475 Ἐν
412 3424 563 3495 αὐτῷ
620 3425 907 3494 τοιγαροῦν
964 3424 1039 3495 τῷ
1093 3426 1243 3496 τόπῳ
1308 3427 1530 3499 πλησίον
1569 3431 1665 3499 τῆς
1693 3440 1733 3493 c

144 3512 270 3581 αὐτῆς
318 3516 606 3585 Ὀστησίας
653 3516 856 3578 πόλεως
923 3511 990 3585 ἦν
1056 3517 1139 3579 τὶς
1186 3518 1516 3590 συγκλητικὴ
1584 3522 1661 3572 οῖ-

143 3603 445 3671 ιιοδὲσποινα,
516 3608 584 3661 ὲκ
673 3609 858 3675 γένους
928 3610 1025 3679 τῆς
1092 3609 1368 3681 βασιλικῆς
1419 3611 1663 3677 ἐξουσίας

140 3694 426 3767 ὑπάρχουσα,
473 3700 706 3769 ὀνόματι
753 3702 964 3771 Χρυσῆ,
995 3702 1114 3771 ἥτις
1141 3704 1364 3767 πολλοὺς
1393 3705 1661 3775 διωγμοὺς

192 3944 340 4018 (lii-1)
369 3946 611 4016 Magistri
656 3946 949 4000 ciliciorum
998 3947 1233 4018 dignitas
1292 3947 1657 4017 plerumquea

137 4011 301 4087 Graecis
324 4011 515 4070 dicitur
540 4018 863 4087 μαγιστερία
894 4017 1031 4087 ἀρχή
1054 4011 1114 4071 73
1141 4011 1342 4071 Latinis
1359 4011 1658 4085 magisteria

136 4084 347 4156 dignitas,
373 4084 852 4156 cujus'formulam
883 4084 1240 4141 Cassiodorus
1302 4084 1492 4141 recitat
1530 4088 1652 4143 Var.

137 4167 196 4227 ιι,
219 4154 278 4215 6;
307 4156 387 4208 τοῦ
420 4154 775 4227 μαγιστορίου
810 4156 1002 4225 legitur
1032 4158 1084 4209 in
1110 4158 1278 4221 Actis,
1305 4160 1655 4225 quemadmo-

134 4221 243 4299 dum
267 4228 403 4299 apud
421 4221 981 4299 'Griecos'Maiajrlop,_
1002 4228 1306 4299 μαῖστορος.

186 4292 253 4373 (Ξλ
272 4292 329 4348 In
356 4297 686 4358 abscondito,
710 4312 805 4365 pro
834 4292 1149 4367 λεληθότως,
1176 4292 1317 4368 quod
1344 4299 1506 4367 paulo
1529 4308 1653 4368 post

134 4376 355 4431 sequitur.
862 4410 863 4413 η

187 4435 249 4500 (5i
270 4436 519 4491 Privatim
552 4434 745 4489 docere
770 4435 891 4490 laici
926 4445 1169 4505 poterant
1190 4438 1647 4505 quemadmodum

132 4510 173 4574 et
195 4506 524 4574 diaconissag,
571 4508 639 4559 de
675 4506 873 4574 quibus
918 4506 1410 4574 pseudo-Hierom,
1444 4508 1646 4563 Comm.

134 4571 173 4621 in
199 4571 327 4627 Rom.
359 4593 472 4639 XVI,
523 4578 579 4628 in
609 4571 707 4627 suo
733 4592 857 4627 sexu
886 4571 1181 4629 niinistrare
1211 4578 1449 4629 videntur
1476 4580 1529 4631 in
1555 4577 1649 4629 ba-

131 4644 304 4728 ptismo,
332 4651 435 4700 sive
467 4648 524 4700 in
578 4647 880 4728 ministerio
910 4647 1051 4728 verbj
1102 4664 1114 4699 :
1145 4662 1265 4728 qua:
1323 4649 1649 4728 respondent

132 4712 281 4833 illisbin
308 4729 564 4771 contextu
581 4714 787 4779 Graeco,
821 4717 1006 4787 ῥήσεσι
1022 4712 1275 4787 διηκόνει,
1305 4712 1642 4770 ver6ismini-

132 4791 218 4833 um
247 4794 313 4833 at.
340 4829 344 4833 ,

130 4791 313 4837 urebat.
340 4829 344 4833 .

183 4853 244 4921 (ι)
270 4855 549 4923 Popularis
577 4854 760 4908 haberi
790 4854 957 4909 voluit
982 4854 1257 4919 Claudius,
1280 4854 1411 4924 quin
1442 4864 1495 4909 et
1518 4870 1638 4909 om-

130 4920 250 4994 nium
278 4920 528 4978 Ordinum
560 4927 853 4988 studiosus,
886 4935 942 4978 ut
968 4925 1273 4994 reipublicae
1296 4920 1479 4993 potius
1512 4930 1637 4979 vin-

128 4991 206 5044 der
233 5009 382 5061 quam
427 4996 640 5063 imperii
670 4996 954 5049 videretur.
986 4991 1123 5050 Hinc
1154 4997 1243 5048 illa
1270 4991 1328 5048 Ρ.
1362 4995 1426 5048 Β.
1464 4996 1637 5051 accla-

128 5064 263 5116 matio
288 5082 301 5116 :
324 5065 518 5119 Clauai
544 5068 793 5135 Auguste,
826 5072 880 5115 tu
907 5066 1089 5132 frater,
1122 5076 1178 5118 tu
1216 5075 1380 5135 pater,
1407 5075 1463 5117 tu
1496 5067 1633 5117 anti-

127 5144 217 5204 cus,
244 5143 293 5204 tu
316 5140 477 5188 bonus
499 5147 725 5194 senator,
755 5145 809 5186 tu
830 5150 939 5188 vere
960 5138 1192 5203 princeps
1214 5136 1431 5204 (dictum
1454 5145 1635 5188 actua-

125 5202 483 5277 qt'es).'l'rebe|l.
513 5204 648 5277 Poll.
670 5205 861 5277 Cland.
886 5202 1240 5277 SimulatiOne
1267 5207 1367 5259 hac
1391 5205 1636 5277 Immani-

128 5273 247 5334 tatis,
268 5290 295 5326 a
321 5279 436 5328 suis
460 5276 687 5329 eximias
716 5284 797 5328 est
821 5275 1003 5328 laudes
1022 5285 1380 5331 consecutus:
1423 5276 1509 5329 Ἐν
1534 5275 1636 5327 πά-

127 5353 221 5416 οξις
244 5343 531 5416 διατρέψας
550 5348 665 5408 ταῖς
688 5345 932 5416 ᾲὰρεταῐς,
956 5347 1048 5416 καὶ
1075 5346 1235 5402 πολὺν
1260 5344 1448 5399 ἑαυτοῦ
1476 5344 1635 5397 πόθον

125 5413 209 5472 τὶς
237 5413 491 5485 ὑπηκόοις
519 5413 918 5484 ἐναποθέμενος.
963 5414 1054 5467 Vir
1108 5418 1249 5468 omni
1279 5417 1529 5469 virtutum
1552 5429 1638 5484 ge-

126 5491 222 5531 nere
246 5484 481 5547 ornatus,
512 5495 559 5535 et
580 5487 666 5553 qui
694 5500 938 5551 magnum
964 5486 1047 5537 sui
1069 5486 1382 5553 desiderium
1408 5484 1641 5553 subdito-

127 5559 220 5598 rum
240 5554 426 5606 animis
454 5550 678 5607 inditum
706 5550 932 5623 reliquit.
963 5552 1088 5609 Zos.
1157 5550 1297 5605 Ηὶειο
1338 5567 1373 5614 Ι.
1414 5550 1502 5605 ⁴7ο
1540 5552 1643 5606 Ea-

128 5625 408 5692 qlhgopinio
435 5623 610 5678 eﬁecit
635 5638 700 5678 ne
729 5624 867 5677 inter
898 5635 1266 5692 persecutores
1291 5626 1597 5679 referretur.

187 5686 246 5758 β)
268 5686 351 5745 ὐε
383 5694 697 5748 custodibus
727 5686 924 5747 dicitur
946 5694 1250 5766 θεωμένων,
1284 5694 1642 5764 prospicienti-

416 5786 677 5846 Ρλτιιοι..
716 5786 829 5848 Gn.
870 5789 952 5851 Χ.

1672 4795 1716 4853 [)
1751 4789 1895 4868 ltiu.,
1954 4806 2088 4868 pag._
2134 4794 2267 4868 ἔξωΔ
2294 4797 2379 4849 ed.
2422 4789 2786 4868 _We§sc|ing.;

1836 3431 1903 3483 ll.
1937 3428 1992 3482 In
2020 3444 2081 3483 ea
2104 3428 2318 3483 civitate
2339 3438 2454 3481 crat
2478 3428 2723 3495 quaedam
2754 3428 2904 3499 virgo
2922 3444 2987 3484 ex
3016 3447 3209 3502 genere
3236 3451 3322 3489 re-

1766 3524 1865 3591 gia:
1892 3521 2170 3590 potestatis
2200 3522 2419 3574 nomine
2448 3522 2589 3574 Aura
2620 3540 2632 3573 :
2670 3537 2791 3590 qua:
2822 3522 3021 3577 multas
3047 3525 3157 3593 jam
3194 3542 3319 3596 per-

1764 3612 2070 3666 secutiones
2123 3620 2343 3678 experta
2395 3624 2460 3661 ex
2496 3608 2942 3679 inscriptionibus
2973 3613 3110 3686 (10),
3145 3614 3319 3671 fuerat

1762 3709 2038 3772 damnata,
2077 3722 2201 3762 cum
2247 3707 2379 3761 viris
2416 3706 2680 3775 religiosis
2713 3717 2765 3759 ct
2798 3708 2992 3762 sacris-
3018 3710 3313 3779 virginibus

1761 3946 1887 4007 bus;
1930 3962 2053 4001 mox
2084 3953 2263 4000 autem
2298 3946 2361 4000 de
2404 3947 2687 4017 discipulis
2730 3947 3054 4017 βλεπόντων,
3091 3950 3313 4004 videnti-

1757 4017 1870 4071 bus.

1829 4088 1905 4156 (6)
1938 4087 2012 4141 De
2046 4088 2208 4158 va_riis
2240 4086 2893 4158 Ostiw_appellationibus
2934 4087 3151 4141 disserit
3191 4100 3311 4158 post

1756 4154 1894 4211 alios
1920 4159 2047 4211 Adr.
2096 4154 2253 4212 Polit.
2299 4158 2367 4209 ad
2409 4154 2657 4225 M.R..p.
2685 4157 2812 4219 505,
2847 4154 3307 4224 quemadmodum

1754 4237 1808 4281 et
1846 4226 2041 4281 Portus
2074 4225 2306 4281 Romani
2336 4228 2553 4293 Cellar.,
2586 4226 2741 4297 Geog.
2771 4228 2896 4297 Ant.
2926 4241 2985 4289 tt,
3026 4225 3079 4290 9,
3106 4243 3157 4296 p.
3180 4230 3307 4295 501,

1755 4299 1845 4351 ubi
1879 4308 2055 4352 tamen
2084 4298 2137 4351 in
2165 4313 2231 4353 eo
2251 4308 2415 4362 errat,
2447 4298 2591 4366 quod
2614 4295 2843 4352 insulam
2872 4295 3221 4352 PortnenSem
3240 4304 3307 4354 ad

1754 4382 1903 4421 mare
1950 4384 2159 4438 sacram
2215 4366 2531 4437 Esculapio
2560 4368 2731 4433 dixit;
2783 4384 2904 4438 qua:
2933 4368 3120 4422 ultima
3164 4372 3305 4425 intra

1753 4440 1939 4489 urbem
1972 4437 2090 4490 fuit.

1828 4511 1926 4586 (7).
1954 4512 2226 4586 Seadecim
2257 4534 2434 4586 nempe
2474 4519 2805 4582 milliarium,
2832 4537 2947 4573 cum
2976 4528 3239 4576 Antonino
3260 4534 3310 4577 et

1762 4578 1961 4632 Tabula
2008 4578 2408 4661 I’eutingeriana
2462 4604 2676 4657 cumque
2724 4578 2837 4661 ipsa
2882 4592 3113 4655 veritate,
3152 4611 3307 4661 quant

1755 4666 1996 4728 mensura
2018 4667 2110 4728 per
2127 4671 2210 4728 _me
2234 4656 2428 4723 pluries
2458 4656 2612 4727 atque
2636 4656 2968 4728 uniformiter
2989 4672 3106 4714 ucta
3130 4656 3307 4715 carro;

1754 4718 1968 4797 beravit.
2020 4718 2305 4797 'Fabret'tq
2358 4718 2569 4797 deﬂAq.
2616 4718 2749 4783 diss.
2797 4733 2850 4787 ὅ.
2903 4733 3000 4797 lii;
3044 4734 3301 4786 Antoniu.

2844 4799 2978 4855 Tab.
3025 4800 3298 4871 Peuting.,

1750 4858 1926 4928 Segni.
1954 4858 2004 4923 v,
2025 4858 2110 4916 ea.
2142 4863 2199 4918 F.
2229 4864 2289 4919 C.
2319 4869 2384 4920 de
2416 4866 2644 4936 Schcyb.

1822 4959 1953 5033 (8-9)
1970 4958 2259 5033 Nobiscum
2292 4964 2854 5033 scmpercolloquens.
2880 4963 3179 5017 Promissor
3196 4964 3304 5018 col-

1747 5028 2026 5083 locationis
2058 5042 2268 5088 nostrw.
2304 5028 2547 5089 Cassiod.
2591 5028 2715 5088 Var.
2752 5050 2825 5097 v1,
2855 5038 2906 5086 ii.

1803 5135 1821 5193 ί
1832 5132 1913 5200 ιο)
1927 5131 2175 5201 lit-graeco
2196 5143 2401 5187 tantum
2418 5139 2500 5186 est
2516 5127 2982 5201 καταδικασθεῖσα,
3006 5126 3256 5178 damnata
3274 5139 3293 5177 :

1738 5198 2213 5276 interpres—autem
2245 5204 2442 5276 adjecit
2468 5217 2532 5254 ea:
2568 5198 3016 5276 inscriptionibus,
3041 5206 3294 5276 propter—.-

1741 5289 1801 5345 ea
1834 5268 2207 5345 quod__recenti
2233 5268 2410 5345 adhuc
2435 5270 2693 5345 memoria
2724 5270 3087 5345 constaret_de
3103 5268 3293 5334 judicii

1745 5337 1940 5397 forma.
1970 5340 2213 5417 Namque
2235 5344 2513 5417 inscriptio
2546 5340 2648 5393 fuit
2669 5338 2946 5417 accusatio
2970 5337 3039 5391 ab
3062 5338 3179 5404 ipso
3202 5350 3296 5389 ac-

1744 5422 1996 5466 cusatore
2037 5414 2375 5481 subscripta,
2415 5426 2538 5467 cum
2569 5414 2861 5481 sponsione
2890 5422 3103 5475 poenam
3146 5422 3295 5459 eam-

1738 5484 1859 5535 dem
1899 5495 1992 5535 reo
2021 5479 2285 5536 servatam
2326 5481 2614 5537 subeundi,
2651 5479 2702 5530 ni
2741 5492 2861 5530 vera
2891 5487 3035 5531 esset
3071 5492 3298 5531 accusa-

1740 5554 1833 5604 tio.
1856 5549 2063 5621 Symm.
2094 5555 2187 5606 lib.
2211 5568 2246 5615 I,
2270 5567 2357 5621 ep.
2386 5550 2455 5604 49
2476 5567 2491 5612 ;
2516 5545 2874 5621 Brissonzbe
2898 5546 3102 5607 Form.,
3128 5547 3222 5621 lib.
3244 5565 3297 5613 ν,

1738 5638 1787 5688 p.
1820 5615 1941 5674 442.
1974 5615 2382 5690 Inscriptionum
2412 5618 2552 5671 haud
2583 5619 2748 5672 Semel
2771 5615 2831 5669 ll.
2864 5618 3005 5687 leges
3039 5618 3291 5690 memine-

1738 5702 1896 5755 runt;
1926 5706 1991 5745 ac
2024 5689 2219 5747 mirum
2246 5701 2328 5747 est
2356 5690 2600 5745 Bolland.
2648 5692 2829 5743 socios
2858 5690 3060 5758 alioqui
3092 5689 3296 5743 doctis-

2957 5783 3031 5843 18
