3814 6198
215 295 313 350 557

1573 290 1755 347 ACTA
1792 287 2070 347 GRAECA.

3330 299 3432 352 {.758

217 412 501 476 κουλιανδς,
526 410 791 483 Νεϐἑριος
821 413 933 484 (17)
969 410 1307 486 Στοράκινος,
1344 412 1534 484 Μῆνας
1557 453 1572 476 ,
1612 414 1895 483 Κομόδιος,
1971 411 2194 485 Ἑρμῆς,
2247 413 2488 485 Μαῦρος,
2545 413 2837 478 Εὐσέϐιος,
2882 414 3216 480 Ῥωστίκιος,
3249 419 3430 474 Movi-

213 524 356 576 κριος
388 505 518 575 (18),
566 505 897 576 ’Δμανδϊνος,
954 507 1274 577 Ὀλύμπιος,
1329 507 1594 579 Κύπριος,
1655 508 1748 562 καὶ
1797 507 2069 576 Θεόδωρος
2126 508 2154 560 6
2217 509 2492 580 τριϐοῦνος
2527 508 2714 561 ἔϐαλον
2754 511 2974 575 ἑαυτοὺς
3009 512 3123 583 ἅμα.
3153 511 3288 583 πρὸς
3308 516 3434 578 τοὺς

213 601 362 664 πόδας
389 598 484 652 τοῦ
522 603 938 673 μακαριωτάτου
967 604 1213 674 Μαξίμου
1251 602 1345 656 τοῦ
1399 603 1788 675 πρεσϐυτέρου,
1835 604 2075 674 δεόμενοι
2126 603 2220 657 τοῦ
2265 605 2559 676 ἀξιωθῆναι
2584 606 2778 668 αὐτοὺς
2803 607 2896 660 τοῦ
2935 609 3092 676 ἁγίου
3123 609 3431 683 βαπτίσμα-

208 712 304 756 τος.
379 695 572 758 Ὅστις
638 697 768 768 παρ’
803 697 940 750 αὐτὰ
999 697 1138 751 κατὰ
1182 697 1282 767 τήν
1334 699 1586 753 εἰωθυῖαν
1622 699 1938 754 ἀκολουθίαν
1983 700 2092 770 (19)
2143 702 2349 764 πάντας
2390 701 2696 766 ἐκτελέσας,
2732 701 2944 766 καὶτὰς
2977 705 3250 774 μακαρίας
3284 707 3433 776 Χρυ-

207 788 295 856 cf};
325 788 567 859 ἐσθῆτας
587 793 720 869 (19⁸)
744 790 1211 865 διακοσμησάσης,
1272 793 1366 848 καὶ
1407 793 1554 848 σιτία
1606 793 1742 866 πρὸς
1781 794 2070 866 διατροφὴν
2103 796 2467 868 παρεχούσης,
2508 797 2803 852 ἐϐάπτισεν
2837 799 3078 863 ἅπαντας
3122 802 3201 864 εἰς
3228 801 3290 853 τὸ
3315 802 3424 854 ὄνορ

204 901 271 954 μα
299 883 390 936 τοῦ
428 885 663 956 Πατρὺς,
688 888 782 940 καὶ
816 887 908 940 τοῦ
955 887 1114 953 Υίοῦ,
1160 890 1250 943 καὶ
1276 889 1368 942 τοῦ
1396 890 1549 958 ἁγίου
1573 889 1905 960 Πνεύματος,
1933 889 2179 954 εἰδόντες⁹
2220 891 2354 960 (20)
2389 910 2448 945 τε
2473 892 2653 946 λοιπὸν
2685 895 3005 965 ἐκομίσαντο
3033 895 3128 967 τὴν
3152 897 3306 968 χάριν
3338 897 3430 949 τοῦ

198 981 628 1052 παντοκράτορος
664 982 816 1034 Θεοῦ.
865 983 1074 1047 Νυκτὸς
1123 984 1180 1038 δὲ
1207 985 1642 1057 παραγινομένης
1661 987 1690 1038 ὁ
1722 985 2134 1056 μακαριώτατος
2162 988 2434 1058 Κυριακὸς
2465 990 2492 1039 6
2531 988 2825 1053 ἐπίσκοπος
2868 990 2925 1043 τὸ
2957 991 3047 1042 τοῦ
3072 991 3306 1062 Χριστοῦ
3331 991 3433 1061 μύ-

201 1093 283 1147 ρον
302 1077 410 1146 (21)
434 1077 647 1147 χρίσας,
668 1078 991 1149 ἐσφράγισεν
1018 1080 1232 1144 αὐτοὺς,
1251 1082 1342 1134 καὶ
1359 1083 1670 1153 κατηχήσας
1701 1083 1810 1142 τοῖς
1834 1081 1933 1151 τῆς
1947 1082 2174 1146 πίστεως
2187 1081 2362 1150 λόγοις
2380 1084 2706 1156 ἐσφράγισεν
2724 1083 3027 1149 ἀπελούσας
3049 1089 3067 1108 ¹
3089 1087 3197 1156 (22)
3215 1087 3430 1150 αύτούς.

260 1172 331 1227 Γ.
367 1172 612 1237 Σκυτεὺς
639 1173 694 1226 δέ
715 1191 796 1236 τις
817 1169 882 1244 ἦν
921 1177 977 1228 ἐν
1008 1174 1152 1245 αύτῷ
1178 1175 1254 1246 τῷ
1280 1177 1429 1246 τόπῳ
1450 1218 1464 1244 ,
1509 1168 1715 1239 οὗτινος
1745 1181 1755 1228 ί

1945 1175 2028 1228 lll.
2063 1177 2224 1230 Sutor
2257 1179 2378 1246 (sic)
2411 1189 2589 1232 autem
2618 1187 2736 1232 erat
2763 1179 2818 1232 in
2846 1180 3035 1234 eodem
3075 1182 3229 1236 loco:
3272 1182 3430 1252 cujus

195 1266 301 1328 016g
323 1266 382 1317 ὲν
411 1266 588 1338 ταύτῃ
623 1266 741 1338 ὥρᾳ
789 1263 856 1337 ἦν
899 1268 1191 1338 τεθνηκώς.
1223 1270 1530 1340 Παριόντων
1562 1270 1619 1322 δὲ
1660 1269 1764 1322 τῶν

199 1356 481 1426 μακαρίων
512 1357 788 1429 Κυριακοῦ
817 1375 876 1411 τε
908 1359 1000 1411 καὶ
1028 1357 1276 1430 Μαξίμου
1299 1359 1433 1430 μετὰ
1461 1361 1556 1430 τῆς
1586 1377 1760 1430 μακα-

199 1450 308 1518 ρίας
324 1449 368 1500 Χ
377 1449 703 1520 ρυσῆς,άλλὰ
722 1451 817 1520 μὲν
832 1451 923 1504 καὶ
935 1449 1040 1503 τῶν
1063 1451 1228 1518 ἁγίων
1246 1451 1337 1504 τοῦ
1353 1451 1583 1521 Χριστοῦ
1602 1469 1759 1523 στρα-

194 1536 415 1600 τιωτῶν,
452 1537 663 1610 ἐθρηνε·
692 1543 720 1594 6
751 1541 974 1603 σκυτεὺς
1011 1541 1101 1593 ἐπὶ
1147 1541 1222 1612 τῷ
1266 1542 1478 1612 Θανάτῳ
1514 1542 1605 1595 τοῦ
1645 1541 1761 1595 υἱοῦ

195 1627 370 1682 αὑτοῦ.
412 1630 548 1682 Τότε
571 1632 598 1684 6
620 1630 1029 1702 μακαριώτατος
1061 1631 1308 1702 Μάξιμος
1338 1635 1366 1686 6
1393 1633 1760 1705 πρεσϐύτερος

194 1721 289 1789 ἔφη
328 1720 468 1791 πρὸς
493 1720 584 1774 τὸν
612 1722 809 1776 σκυτέα
828 1739 841 1752 ’
868 1723 1158 1775 Πίστευσον
1176 1725 1255 1786 εἰς
1271 1723 1360 1776 τὸν
1388 1724 1588 1796 Κύριον
1605 1725 1760 1796 ἡμῶν

204 1808 406 1878 Ἰησοῦν
437 1811 668 1881 Χριστὸν
701 1810 1040 1864 κατενώπιον
1075 1812 1291 1866 πάντων
1320 1814 1473 1884 ἡμῶν
1498 1856 1512 1878 ,
1558 1816 1650 1868 καὶ
1693 1816 1757 1868 σὺ

109 1891 116 1896 ’
193 1899 372 1970 ζήσεις
383 1901 480 1953 καὶ
495 1902 584 1955 τὸν
605 1903 717 1955 υἱόν
734 1920 824 1956 σου
845 1903 1169 1975 ἀπολήψηςῗ
1189 1905 1244 1958 '0
1261 1905 1316 1958 δέ
1350 1906 1485 1976 μετὰ
1513 1907 1759 1982 δακρύων

193 1987 368 2045 εἶπεν
407 1995 501 2057 Et;
529 1994 650 2047 τίνα
681 1996 989 2062 πιστεύσω;
1012 1999 1092 2060 είς
1118 1997 1282 2069 ὅνπερ
1314 1999 1420 2052 ἀπὸ
1447 2001 1546 2070 τῆς
1575 2003 1758 2074 νεότη-

192 2085 276 2148 τός
318 2102 424 2155 μου
471 2085 636 2158 μέχρι
673 2085 767 2139 τοῦ
818 2087 912 2140 νῦν
957 2087 1386 2161 ἐϐλασφήμησα;
1419 2093 1668 2164 Μάξιμος
1696 2095 1714 2162 ξ
1729 2098 1756 2149 6

191 2176 583 2247 πρεσϐύτερος)
618 2174 770 2231 εἴπεν
792 2194 803 2208 '
836 2179 1254 2251 Μεταμελήθητι
1284 2184 1369 2250 ἐφ’
1387 2177 1468 2246 οἷς
1495 2184 1753 2256 ἔπραξας,

191 2270 320 2322 διότι
339 2273 367 2323 6
390 2269 524 2333 Θεὸς
549 2273 581 2340 ἡ
591 2271 705 2341 μῶν
741 2271 846 2325 τῶν
874 2272 1268 2343 μετανοούντων
1295 2276 1438 2328 ἐστὶν
1458 2318 1473 2340 ,
1511 2279 1584 2348 μὴ
1621 2279 1755 2332 ἀπο-

193 2361 357 2425 διδοὺς
386 2362 530 2415 κατὰ
557 2363 656 2426 τὰς
704 2364 976 2435 ἁμαρτίας
1003 2364 1158 2436 ἡμῶν
1177 2406 1190 2429 ,
1226 2366 1362 2420 ἀλλὰ
1396 2370 1562 2422 ποιῶν
1614 2373 1754 2427 κατὰ

195 2455 250 2506 τι
280 2455 420 2524 μέγα
447 2455 614 2509 αὐτοῦ
668 2455 832 2520 ἔλεος.
877 2458 933 2510 '0
961 2457 1017 2510 δὲ
1059 2460 1284 2522 σκυτεὺς
1326 2457 1505 2514 εἶπεν·
1549 2463 1754 2518 Οὐκοῦν

199 2545 489 2613 βαπτίσατέ
530 2565 595 2617 με
639 2550 696 2601 ἐν
739 2547 814 2618 τῷ
859 2549 1080 2619 ὀνόματι
1128 2550 1291 2604 αὐτοῦ
1327 2551 1413 2605 ἵνα
1466 2555 1751 2610 πιστεύσω.

196 2636 319 2688 Τότε
350 2636 650 2709 ἐϐαπτίσθη
686 2641 765 2701 είς
793 2638 854 2692 τὸ
880 2639 1049 2710 ὄνομα
1069 2639 1168 2710 τῆς
1197 2641 1356 2709 ἁγίας
1385 2645 1627 2715 Τριάδος.
1649 2648 1757 2701 Καὶ

199 2729 475 2799 γενόμενος
503 2730 822 2800 Χριστιανὸς
847 2772 862 2796 ,
901 2731 1035 2802 μετὰ
1067 2733 1126 2785 τὸ
1156 2731 1406 2797 δέξασθαι
1455 2736 1614 2789 αὑτὸν
1659 2737 1758 2808 τὴν

202 2822 462 2892 σφραγῖδα
482 2821 576 2874 τοῦ
602 2822 858 2893 Χριστοῦ,
881 2823 1081 2894 χαίρων
1099 2827 1191 2878 κα)¹
1206 2826 1604 2898 ἀγαλλιώμενος
1619 2830 1759 2902 ἀπή-

201 2927 361 2978 γαγεν
383 2911 551 2964 αὑτὸν
577 2911 654 2975 εἰς
684 2911 774 2965 τὸν
798 2912 912 2965 υίὺν
942 2913 1123 2966 αὑτοῦ.
1168 2914 1372 2987 Ὅνπερ
1394 2916 1468 2980 ὡς
1502 2917 1759 2972 ἐθεάσατο

202 3000 653 3074 ιμακαριώτατος
699 3002 949 3072 Μάξιμος
997 3005 1026 3056 6
1083 3004 1446 3077 πρεσϐύτερος
1488 3009 1624 3078 μετὰ
1667 3009 1758 3063 δα-

198 3092 369 3163 τφύων
401 3092 508 3164 ἔφη
528 3108 541 3122 ·
576 3091 746 3165 Κύριε
779 3093 951 3164 Ἰησοῦ
984 3094 1608 3163 Χριστὲ,όκαταξιώσας
1634 3115 1758 3168 μορ.

199 3183 293 3253 φὴν
322 3182 511 3235 δούλου
544 3183 850 3240 ἀναλαϐεῖν.
887 3184 973 3237 ἴνα
1004 3185 1149 3254 ἡμᾶς
1172 3185 1278 3239 ἀπὸ
1311 3187 1407 3257 τῆς
1449 3188 1540 3241 τοῦ
1583 3189 1757 3243 διαϐό-

198 3271 279 3326 λου
309 3274 551 3337 δουλείας
575 3273 882 3346 λυτρώσῃς,
915 3275 1203 3346 ὲπίϐλεψον
1241 3279 1332 3332 ἐπὶ
1379 3279 1445 3332 τὰ
1477 3280 1614 3351 ἔργα
1650 3283 1757 3334 τῶν

197 3364 384 3435 χειρῶν
415 3381 512 3417 σου
545 3366 693 3429 ὅπως
724 3364 1091 3436 ἐπιγνώσηταί
1126 3384 1184 3420 σε
1223 3369 1310 3423 τὸν
1354 3371 1580 3443 ποιητὴν
1602 3413 1618 3437 ,
1665 3374 1757 3426 καὶ

196 3453 516 3525 δημιουργὸν
548 3455 732 3510 αὑτοῦ.
763 3456 894 3508 Τότε
923 3456 952 3508 6
987 3457 1401 3529 μακαριώτατος
1432 3463 1706 3534 Κύριακὸς
1728 3465 1757 3515 6

195 3545 482 3610 ἐπίσκοπος
507 3541 687 3601 εἶπενο
713 3548 904 3620 Κύριε,
931 3548 988 3602 ὲν
1016 3549 1092 3620 τῷ
1130 3549 1206 3622 σῷ
1250 3553 1473 3624 ὀνόματι
1507 3556 1755 3626 κάμπτο-

195 3656 288 3707 μεν
307 3640 376 3693 τὰ
400 3640 606 3708 γόνατα
649 3640 823 3711 ἡμῶν.
867 3641 954 3703 Ὠς
993 3642 1049 3695 δὲ
1084 3643 1314 3713 ηὔξαντο
1344 3646 1604 3712 ἐπιπολὺ,
1653 3649 1754 3722 ἔφη

192 3732 345 3784 πάλιν
370 3735 401 3785 6
437 3731 851 3802 μακαριώτατος
877 3736 1154 3806 Κυριακός
1172 3752 1184 3765 ·
1206 3735 1375 3807 Κύριε
1423 3737 1595 3808 Ἰησοῦ
1626 3740 1758 3811 Χρι-

192 3825 298 3884 στέ,
325 3826 353 3876 ὁ
372 3821 466 3874 διὰ
495 3822 642 3886 ἕλεος
674 3823 908 3896 ἄμετρον
929 3827 1023 3880 καὶ
1042 3827 1140 3900 τὴν
1166 3827 1464 3899 ἀνθρώπων
1486 3831 1755 3901 σωτηρίαν
1782 3861 1823 3918 C

255 3991 374 4059 (l7)
404 3988 536 4044 Mss.
571 3989 630 4044 8.
662 3988 939 4059 Maximin.
986 4003 1071 4058 ap.
1103 3985 1311 4059 Trevir.
1344 3985 1617 4059 Beneriua,
1659 3994 1754 4059 aut

200 4056 474 4123 Venerius,
523 4068 583 4114 ut
631 4059 830 4124 Siber.,
885 4056 1165 4128 Martyrol.
1198 4065 1370 4128 rmetr.
1413 4072 1467 4124 p.
1523 4057 1625 4128 tt,
1658 4057 1751 4126 qui

191 4129 391 4185 frustra
436 4145 723 4184 numerum
773 4130 940 4184 auxit.
989 4125 1124 4182 Nam
1180 4127 1394 4196 Aurant
1421 4133 1476 4179 et
1509 4125 1753 4196 Chrysen

189 4201 324 4254 duas
352 4200 517 4266 facit;
546 4201 683 4255 duos
711 4201 875 4255 etiam
901 4198 1245 4253 Theodorum
1273 4204 1326 4250 et
1341 4194 1680 4266 _Tribunum.

260 4271 373 4341 (18)
412 4264 546 4326 Mss.
567 4270 626 4325 S.
655 4270 955 4336 Maximin.,
992 4267 1310 4330 Monaxius;
1334 4264 1534 4329 Siber.,
1565 4265 1754 4319 Mona-

221 4357 362 4396 retts.
1629 4351 1634 4356 '

187 4358 370 4479 ςΐῖῗζὶ)
403 4410 740 4476 ’Ᾱκολουθία,
765 4426 926 4480 quam
944 4407 1124 4464 Latini
1142 4409 1461 4480 sequentiant
1478 4406 1750 4480 dixerunt,

190 4483 273 4536 hic
306 4477 412 4551 pro
434 4482 688 4551 universo
709 4477 812 4535 ritu
841 4478 1261 4535 administrandi
1292 4477 1552 4551 Baptismi
1579 4479 1748 4551 sumi-

189 4546 390 4616 turfac
417 4550 657 4605 ostendit
675 4552 916 4618 ejusdem
939 4551 1076 4605 ritus
1100 4558 1154 4602 et
1182 4546 1624 4618 caeremoniarum
1647 4547 1750 4602 Ba-

187 4615 372 4693 ptismi
429 4615 783 4693 vetustatem;
819 4622 1116 4693 quinetiam
1168 4619 1317 4672 vocis
1369 4615 1540 4693 ipsius
1575 4633 1751 4693 quam

189 4687 361 4746 Graeci
420 4691 601 4745 adhuc
645 4687 897 4746 retinent.
933 4688 1184 4743 Nondum
1242 4697 1421 4741 tamen
1477 4687 1754 4755 antiquius

191 4763 398 4817 nostris
423 4761 574 4814 Actis
603 4771 1015 4816 monumentum
1033 4759 1305 4828 apparuit,
1342 4757 1431 4810 ubi
1459 4755 1562 4811 hoc
1587 4773 1752 4811 sensu

190 4830 833 4900 dxolouelaiusurpetur.
875 4831 932 4884 8.
967 4827 1299 4899 Epiphanius
1327 4842 1394 4900 ex
1439 4827 1756 4900 interpreta-

190 4903 336 4957 tione
361 4901 422 4954 S.
454 4896 1027 4971 Hieron'ymividetur'
1047 4896 1228 4953 missae
1256 4897 1500 4971 ordinem
1525 4896 1750 4971 ἀκολου-

192 4971 313 5026 θίαν
335 4973 564 5037 dixisse,
590 4967 755 5040 quam
772 4969 969 5025 Hieron
1012 4984 1130 5024 mus
1153 4969 1312 5022 vertit
1337 4967 1753 5036 consequentiam

194 5042 247 5094 in
274 5043 436 5094 euist.
463 5041 530 5094 ad
557 5038 752 5094 Joann.
783 4986 1010 5094 εἰει·οωῖ

194 5042 247 5096 in
274 5043 436 5108 epist.
463 5041 530 5095 ad
557 5038 752 5095 Joann.
783 5040 971 5096 Jeroso

265 5103 402 5180 69')
430 5108 865 5180 Vet‘ustissimum
892 5109 958 5159 de
977 5103 1221 5180 candidis
1259 5103 1646 5180 neophytorum
1681 5118 1766 5158 ve-

215 5171 395 5235 stibus
414 5177 806 5234 testimonium.
835 5177 970 5230 Acta
993 5173 1051 5228 8.
1087 5173 1302 5230 Genesii
1340 5171 1408 5226 Μ.
1440 5171 1642 5228 nostris
1664 5189 1762 5242 po-

207 5253 441 5310 nteriora
468 5257 614 5304 sunt.

271 5323 288 5380 ί
305 5320 408 5388 20)
443 5319 720 5374 Lectorem
747 5315 1216 5388 semelrmonitum
1248 5314 1518 5375 volumus,
1552 5328 1653 5368 nos
1675 5329 1763 5388 as-_-

201 5385 404 5447 terisco
468 5396 683 5442 notasse
733 5387 992 5441 nonnulla
1043 5386 1228 5449 verba,
1270 5401 1390 5454 qua:
1419 5402 1449 5437 a
1483 5385 1758 5438 communi

204 5477 304 5516 usu
329 5461 411 5529 vel
432 5458 646 5529 syntaxi
691 5458 999 5529 abhorrere
1030 5454 1300 5529 videntur.
1333 5455 1544 5523 Cuique
1578 5463 1760 5529 autem

203 5523 401 5600 tegenti
417 5523 641 5600 patebit,
657 5529 959 5600 versionem
981 5525 1228 5600 Latinam
1247 5541 1350 5600 non
1367 5540 1556 5600 parum
1571 5524 1762 5578 abesse

205 5595 336 5672 quin
365 5595 570 5672 textum
595 5596 838 5654 Graecum
862 5599 926 5653 ad
951 5597 1170 5672 v_erbum
1191 5598 1475 5672 exprimat.
1493 5595 1760 5672 Caeterum

203 5665 712 5742 interpretationem
741 5683 928 5742 novam
959 5665 1147 5742 Graeco
1167 5665 1552 5742 textuinmagis
1566 5679 1762 5719 conso-

211 5734 590 5798 uam'edimus
637 5739 703 5794 ad
737 5739 938 5795 calcem
979 5736 1291 5793 voluminis.
1328 5734 1485 5789 Εοιτζ
1521 5734 1756 5790 Puncta

1868 1266 2010 1321 ﬁlius
2043 1268 2226 1321 eadem
2258 1268 2392 1322 hora
2428 1280 2676 1324 mortuus
2719 1269 2914 1326 fuerat.
2949 1269 3286 1327 'l‘ranseunte
3327 1289 3430 1326 au-

1868 1367 1972 1412 tem
2008 1359 2164 1413 beato
2194 1359 2450 1425 Quiriaco
2477 1370 2529 1414 et
2555 1359 2791 1416 Maximo
2833 1371 2886 1418 et
2931 1363 3088 1418 beata
3126 1366 3270 1418 Aura
3297 1405 3312 1426 ,
3347 1365 3429 1418 la-

1866 1449 2206 1503 mentabatur
2253 1459 2404 1504 sotor
2453 1450 2507 1503 in
2556 1460 2729 1506 morte
2781 1451 2875 1506 ﬁlii
2906 1453 3011 1507 sui.
3041 1453 3194 1509 Tunc
3239 1455 3429 1510 beatus

1865 1540 2130 1593 Maximus
2180 1540 2458 1609 presbyter
2485 1539 2620 1594 dixit
2659 1542 2725 1594 ad
2757 1551 2990 1595 sotorem
3017 1561 3030 1596 :
3059 1542 3136 1596 Tu
3182 1545 3340 1598 crede
3374 1547 3427 1598 in

1864 1630 2031 1686 Deum
2063 1629 2245 1684 Jesum
2271 1631 2549 1685 Christum
2581 1646 2762 1685 coram
2788 1633 3040 1687 omnibus
3068 1634 3258 1700 nobis;
3290 1645 3343 1688 et
3371 1647 3425 1689 tu

1861 1725 2010 1778 vives
2041 1733 2094 1777 et
2130 1722 2297 1776 tilium
2350 1731 2502 1775 tuum
2548 1723 2794 1790 recipies.
2837 1721 2930 1776 Ille
2963 1733 3141 1778 autem
3181 1741 3305 1780 cum
3351 1727 3428 1778 la-

1861 1815 2059 1887 erymis
2089 1813 2266 1868 dixit:
2321 1811 2378 1865 In
2423 1828 2532 1880 quo
2566 1814 2782 1866 credam
2812 1831 2825 1866 :
2877 1829 3034 1882 quem
3070 1829 3100 1867 a
3142 1815 3428 1883 juventnte

1860 1923 1979 1961 mea
2001 1904 2412 1974 blasphemavi?
2441 1904 2742 1973 Respondit
2760 1904 2951 1959 beatus
2976 1904 3280 1960 Maximus:
3310 1905 3432 1961 Ρω-

1859 1998 2140 2053 nitentiam
2170 2011 2288 2066 age,
2311 1996 2436 2066 quia
2476 1995 2617 2050 Deus
2650 1995 3024 2064 poenitentium
3056 2004 3139 2050 est
3167 2011 3277 2050 non
3311 2000 3431 2051 red-

1856 2095 1990 2146 dens
2006 2090 2301 2145 secundum
2326 2097 2546 2158 peccata
2575 2097 2793 2153 nostra;
2820 2089 2911 2142 sed
2934 2087 3097 2142 faciet
3124 2089 3422 2144 secundum

1857 2199 2010 2238 suam
2047 2197 2299 2253 magnam
2351 2180 2802 2235 misericordiam.
2837 2179 2996 2234 Soter
3036 2191 3216 2235 autem
3249 2182 3421 2236 dixit:

1855 2274 1966 2346 Ego
1999 2276 2160 2329 credo
2184 2275 2236 2327 in
2266 2272 2434 2327 Deum
2464 2271 2649 2326 Jesum
2681 2271 2978 2326 Christum.
3031 2269 3184 2328 Tunc
3234 2273 3428 2330 beatus

1855 2369 2121 2422 Maximus
2151 2366 2440 2436 baptizavit
2467 2380 2593 2418 eum
2625 2364 2680 2417 in
2714 2363 2934 2417 nomine
2979 2362 3156 2418 Patris
3189 2373 3243 2418 et
3276 2362 3421 2430 Filii,

1857 2468 1910 2514 et
1934 2458 2168 2528 Spiritus
2199 2457 2403 2522 sancti;
2432 2464 2488 2509 et
2517 2456 2646 2510 dum
2676 2454 2973 2523 accepisset
3005 2454 3220 2524 signum
3263 2457 3426 2510 Chri-

1858 2551 1927 2606 sti
1963 2551 2202 2622 gaudens
2223 2558 2277 2603 et
2301 2549 2579 2604 exsultans
2601 2547 2824 2601 deduxit
2858 2547 3074 2601 beatum
3109 2547 3421 2614 Quiriaeum

1857 2651 1912 2695 et
1938 2640 2231 2694 Maximum
2290 2638 2664 2707 presbyterum
2712 2637 2780 2691 ad
2823 2637 2995 2691 tilium
3029 2652 3213 2693 suum.
3271 2636 3424 2692 Tunc

1859 2734 2048 2787 beatus
2100 2730 2388 2797 Quiriacus
2435 2732 2726 2800 episcopus
2777 2729 2942 2784 dixit:
3010 2727 3240 2783 Domine
3291 2727 3421 2784 Jesu

1856 2821 2091 2884 Christe,
2122 2823 2215 2890 qui
2265 2821 2519 2892 dignatus
2560 2837 2618 2875 es
2649 2820 2880 2876 formam
2925 2819 3069 2874 servi
3107 2820 3420 2890 suscipere,

1859 2924 1917 2968 ut
1945 2929 2046 2970 nos
2075 2913 2140 2968 de
2167 2913 2425 2968 servitute
2447 2912 2647 2967 diaboli
2684 2913 2976 2976 liberares;
3011 2910 3107 2981 qui
3153 2909 3420 2965 Lazarum

1853 3005 1963 3075 jam
2014 3003 2363 3075 ptenitentem
2408 3004 2484 3072 (l.
2515 3001 2799 3072 fetentem)
2850 3002 3115 3056 suscitare
3166 3001 3422 3069 dignatus

1856 3111 1936 3159 es,
1961 3104 2012 3151 et
2036 3097 2204 3150 lilium
2233 3095 2452 3150 unicum
2479 3096 2653 3149 viduae
2677 3094 2980 3156 redonasti;
3013 3092 3241 3147 ostende
3260 3109 3424 3162 super

1858 3187 2003 3241 hunc
2032 3185 2295 3240 famulum
2348 3195 2497 3239 tuum
2535 3194 2680 3239 tuam
2731 3184 3195 3250 misericordiam;
3243 3197 3303 3240 ut
3329 3203 3423 3240 co-

1857 3285 2082 3346 gnoscat
2112 3285 2162 3330 te
2189 3274 2356 3329 Deum
2386 3277 2590 3342 vivum,
2629 3285 2683 3329 et
2727 3291 2939 3342 verum,
2976 3286 3278 3332 creatorem
3324 3294 3423 3332 no-

1857 3379 2032 3424 strum
2062 3369 2115 3422 in
2144 3369 2551 3438 regeneratione
2573 3383 2708 3434 sua;
2734 3367 2862 3438 quia
2895 3377 2954 3422 tu
2989 3384 3185 3439 regnas
3219 3369 3272 3422 in
3321 3385 3424 3424 sae—

1857 3461 1978 3515 cula
2000 3455 2320 3515 smculorum
2340 3477 2354 3523 ;
2373 3470 2566 3514 etcum
2593 3474 2782 3515 omnes
2802 3460 3211 3529 respondissent
3226 3461 3418 3525 Amen,

1857 3550 2053 3605 revixit
2079 3550 2172 3619 qui
2221 3557 2338 3603 erat
2365 3556 2647 3615 mortuus,
2703 3558 2758 3603 et
2807 3550 2970 3617 coepit
3017 3550 3162 3619 loqui
3194 3549 3414 3607 dicens:

1859 3641 1969 3712 Ego
1996 3641 2105 3694 vidi
2129 3639 2298 3694 Deum
2327 3639 2511 3696 Jesum
2542 3639 2820 3694 Christttm
2851 3641 3200 3695 reducentem
3230 3658 3317 3696 me
3355 3644 3422 3697 de

1858 3734 2094 3790 tenebris
2115 3734 2180 3788 ad
2214 3735 2410 3789 lucem.
2438 3732 2592 3788 Tunc
2658 3733 3014 3788 catechizavit
3044 3747 3204 3798 eum;
3229 3743 3419 3789 etcum

1857 3827 2158 3898 baptizatus
2201 3835 2350 3882 esset
2379 3835 2434 3882 et
2471 3825 2771 3894 accepisset
2798 3826 3010 3895 signum
3055 3826 3235 3880 crucis
3259 3868 3274 3892 ,
3327 3844 3421 3880 su-

1927 3985 2039 4053 (21)
2077 3983 2190 4038 Τοῦ
2205 3983 2459 4052 Χριστοῦ
2481 3985 2690 4053 μύρον.
2725 3983 2994 4052 Antiquus
3023 3987 3160 4038 ritus
3192 3985 3419 4040 balsami

1853 4055 2241 4111 commiscendi
2270 4071 2392 4109 cum
2423 4055 2542 4109 oleo
2580 4055 2634 4108 in
2659 4069 2771 4108 sae.
2789 4054 3081 4108 chrismate
3107 4058 3400 4109 conﬁrma-

1854 4137 1982 4190 tur,
2017 4127 2261 4195 adeoque
2310 4126 2508 4178 mirum
2545 4133 2626 4180 est
2675 4125 2888 4193 aliquos
2906 4124 2986 4195 ad
3036 4125 3326 4178 Aleuinum
3367 4133 3422 4178 et

1853 4193 2185 4249 Amalariuni
2228 4196 2590 4257 descendere,
2643 4202 2700 4248 ut
2749 4193 3118 4262 permistionis
3171 4195 3417 4260 ejusdem

1855 4267 2227 4320 necessitatem
2246 4265 2554 4319 ostendant.
2583 4262 2716 4318 Nam
2742 4265 2794 4318 in
2813 4263 3286 4318 Constitutionibus
3300 4282 3422 4332 αρυ-

1855 4337 2056 4390 stolicis
2091 4335 2318 4405 hujuscp.
2335 4337 2471 4390 ritus
2494 4337 2551 4388 lit
2568 4335 2790 4405 mentio,
2807 4343 2968 4402 atque
2991 4335 3128 4387 ordo
3149 4333 3415 4403 Baptismi

1854 4404 2209 4469 describitur,
2240 4421 2306 4460 ne
2351 4407 2531 4460 oleum
2571 4404 3086 4458 catcehumenorum
3117 4420 3236 4458 cum
3273 4405 3418 4458 chri-

1855 4487 2028 4530 smate
2058 4476 2443 4536 confundatur,
2483 4475 2628 4544 quod
2655 4474 2860 4528 faciunt
2889 4473 3151 4544 haeretici.
3185 4474 3418 4544 priio'at;

1853 4546 1910 4599 δὲ
1933 4547 2144 4618 πρῶτον
2176 4545 2356 4614 ἐλαίῳ,
2384 4541 2572 4618 ἔπειτα
2606 4544 2887 4618 βαπτίσεις
2905 4541 3087 4597 ὕδατι·
3112 4543 3220 4618 καί
3237 4541 3418 4618 τελευ-

1853 4613 2003 4688 ταῖον
2043 4613 2360 4688 σφραγίσεις
2403 4615 2578 4686 μύρῳ.
2609 4613 2796 4688 Unger
2840 4624 3037 4688 autem
3061 4617 3208 4688 prius
3268 4613 3414 4675 oleo,

1853 4687 2039 4762 deinde
2061 4684 2362 4762 ba'ptizabt's
2379 4684 2539 4762 aqua,
2556 4694 2604 4762 et
2633 4685 2843 4738 tandem
2866 4684 3098 4762 δὶρηαίζίε
3133 4693 3413 4762 unguen-to.

1855 4757 1947 4826 lib.
1982 4772 2096 4818 vm,
2128 4753 2265 4824 'cap.
2297 4756 2386 4808 ‘22.
2423 4753 2577 4820 Quod
2614 4765 2793 4826 autem
2842 4753 2934 4826 τοῦ
2981 4754 3150 4826 μύρου
3197 4753 3417 4826 nomine

1856 4825 2149 4879 balsamum
2179 4823 2442 4894 designet,
2475 4825 2702 4878 inferius
2722 4825 2956 4894 ostendit
2977 4840 3020 4877 c.
3051 4823 3140 4887 27,
3171 4823 3260 4876 ubi
3295 4839 3416 4892 gra-

1855 4897 1961 4950 tias
1988 4899 2098 4966 agit
2117 4897 2209 4949 καὶ
2241 4893 2380 4966 ὑπὲρ
2408 4896 2506 4965 τῆς
2537 4895 2760 4966 εὐωδίαᾷς
2793 4893 2884 4946 τοῦ
2911 4894 3103 4965 μύρου,
3134 4895 3293 4946 etiam
3321 4909 3414 4962 pro

1857 4964 2154 5035 fragrantia
2187 4964 2538 5035 unguentt',7et
2569 4981 2687 5031 cap.
2713 4964 2800 5019 44.

1926 5032 2035 5108 (ὶὲ)
2071 5032 2374 5108 Succinctus
2419 5051 2652 5088 summus
2676 5035 2918 5108 sacerdos
2946 5035 3095 5108 pedes
3138 5032 3232 5086 tibi
3268 5033 3411 5108 (atii.

1854 5101 2105 5161 Ambros.
2156 5106 2234 5159 De
2265 5122 2491 5159 sacram.
2526 5121 2582 5158 ιιι
2613 5147 2627 5168 ,
2687 5105 2736 5157 1.
2767 5103 3226 5158 Consuetudinem
3274 5101 3416 5156 hanc

1856 5175 2095 5232 Ecclesia
2119 5175 2185 5231 Β.
2218 5193 2326 5230 ιιοιι
2355 5176 2544 5230 habuit
2567 5184 2783 5244 propter
2808 5173 3206 5244 multitudinem
3244 5172 3416 5240 bapti-

1857 5255 2121 5312 zatorum,
2161 5247 2402 5315 aliasque
2435 5243 3027 5315 causas.’Alibi_tamen
3060 5243 3293 5315 viguisse
3319 5259 3416 5315 n07

1855 5319 2070 5382 vimus;
2106 5311 2432 5372 nuncetiam
2462 5316 2514 5369 in
2546 5315 2780 5368 Ecclesia
2805 5313 3062 5366 Ostiensi.
3099 5311 3414 5365 llliberitani

1856 5386 1957 5440 PP.
1986 5403 2104 5442 eam
2139 5386 2479 5442 sustulerunt
2506 5402 2628 5439 can.
2650 5385 2738 5446 48,
2771 5383 3021 5443 fortasse,
3053 5399 3115 5435 ne
3145 5383 3212 5434 ad
3241 5383 3413 5449 ipsum

1854 5467 2242 5510 sacramentum
2274 5457 2536 5524 Baptismi
2572 5455 2830 5524 videretur
2859 5453 3134 5524 pertinere,
3164 5462 3220 5505 ut
3247 5455 3321 5524 ait
3353 5451 3409 5505 S.

1853 5529 1989 5596 Aug.
2019 5529 2087 5580 ad
2111 5526 2231 5580 Jan.
2264 5523 2513 5594 ep.'ll9,
2563 5523 2644 5576 18.
2678 5523 2832 5596 Quod
2871 5523 3124 5596 noctu};
3153 5523 3415 5596 (Syriacus

1854 5591 1969 5651 haec
2001 5598 2182 5650 omnia
2224 5591 2450 5665 gesserit
2472 5633 2486 5657 ,
2525 5592 2917 5662 persecutionis
2948 5609 2976 5646 ιι
3014 5591 3236 5648 Claudio
3266 5594 3416 5648 exci-

1851 5676 1975 5722 tata:
2004 5677 2379 5737 argumentum
2412 5672 2513 5718 est.
