3796 6194
244 244 331 301 565
1557 240 1738 296 ACTA
1777 239 2045 297 GRAECA.
3346 236 3449 292 566

245 365 535 436 ὠμότατος)
573 364 850 435 Ῥὡμυλος
880 364 982 435 ἔφη
1000 380 1015 395 ο
1059 363 1279 435 Ἀρτίως
1301 363 1524 433 δψειτὸν
1540 363 1771 434 Χριστόν

1886 373 1991 417 tem
2030 376 2095 416 ex
2122 376 2217 416 ore
2264 370 2361 416 tuo
2382 360 2568 415 dicens
2614 359 2769 424 mihi,
2816 358 2861 413 si
2921 374 3027 413 non
3077 357 3451 414 sacriﬁcavem

248 473 345 517 σου,
397 455 489 507 ἐὰν
526 455 601 525 μὴ
656 455 823 525 θύσῃς
850 457 960 516 τοῖς
992 453 1270 515 ἀθανάτοις
1323 454 1480 517 Θεοῖς.
1553 455 1617 507 Ἡ
1665 454 1771 522 ἁγίι

1894 454 2195 519 daemoniis,
2218 452 2404 507 videro
2436 450 2733 505 Christum.
2761 449 3132 521 lratusitaque
3162 451 3448 517 Romulus,

246 546 407 616 Χρυσῆ
438 544 591 598 εἶπεν
614 546 791 615 αὑτῷ·
820 544 1013 608 Καλῶς
1044 546 1266 616 εἴρηκας
1314 545 1400 607 σὺ,
1437 542 1655 609 ὲλεεινὲ,
1690 544 1791 598 κᾶν

240 639 445 707 ὀψέποτε
479 640 796 709 προήγαγες
826 637 922 708 τὴν
969 636 1219 707 ἀλήθειαν
1255 639 1318 689 ὲκ
1359 636 1453 689 τοῦ
1509 638 1787 707 στόματος,

236 729 407 796 λέγων,
443 731 523 792 ὡς
555 730 649 783 ὲάν
684 731 756 801 μὴ
804 730 1041 783 θυσιάσω
1090 732 1199 791 τοῖς
1226 728 1537 799 δαιμονίοις,
1591 728 1789 799 ὂψομαι

234 819 305 874 τὸν
333 823 574 892 Χριστόν
608 839 727 892 μου.
761 823 897 875 Τότε
926 821 1195 892 θυμωθεὶς
1237 823 1265 873 ὁ
1299 820 1787 891 (δυσσεϐέστατος)

240 914 521 985 Ῥώμυλος,
558 915 692 967 διότι
721 914 901 967 λοιπὸν
931 916 988 966 ὲν
1026 916 1145 976 ταῖς
1190 912 1393 976 λέξεσιν
1423 912 1592 981 αὑτῆς
1624 914 1786 983 ἡττη-

236 1006 374 1075 μένος
406 1005 679 1074 ἐγεγόνει,
717 1006 995 1058 ἐκέλευσεν
1028 1003 1161 1075 μετὰ
1191 1003 1351 1056 λίθων
1385 1003 1482 1067 τὰς
1519 1004 1787 1071 σιαγῶνας

233 1096 383 1166 αὐτῆς
437 1094 851 1164 συνθλασθῆναι.
891 1094 1036 1147 Ἡδὲ
1080 1094 1209 1161 ἁγία
1239 1094 1427 1163 Χρυσῆ
1479 1094 1605 1146 ἐϐόα
1636 1097 1782 1164 φωνῇ

239 1185 428 1257 μεγάλῃ
483 1184 746 1251 λέγουσα·
783 1184 917 1249 Δόξα
948 1201 1047 1247 σοι,
1080 1183 1251 1254 Κύριέ
1306 1202 1405 1255 μου
1449 1184 1620 1256 Ἰησοῦ
1654 1187 1782 1255 Χρι-

236 1278 329 1337 στὲ,
358 1277 437 1328 ὅτι
471 1275 631 1339 ἀξίαν
656 1292 721 1345 με
752 1276 1008 1345 ἐποίησας
1039 1274 1175 1344 μετὰ
1202 1275 1309 1327 τῶν
1327 1275 1523 1328 δούλων
1572 1276 1664 1329 καὶ
1694 1275 1781 1328 θε-

238 1367 491 1439 ραπαινῶν
550 1386 641 1420 σου
699 1366 1202 1439 συναριθμιθῆναικ
1234 1368 1326 1437 (Ὀ
1381 1366 1781 1436 ἀσεϐέστατος)

246 1459 504 1530 Ῥώμυλος
537 1459 683 1526 λέγει
712 1459 876 1529 αὑτῇ·
922 1458 1120 1510 Λοιπὸν
1142 1459 1434 1528 προνόησαι
1466 1460 1562 1529 τὴν
1604 1475 1784 1526 γενεα-

237 1551 397 1617 λογίαν
428 1567 545 1614 σου,
579 1550 670 1602 καὶ
687 1549 1104 1619 προσκυνήσασα
1118 1552 1226 1611 τοῖς
1253 1548 1390 1611 θεοῖς
1414 1549 1588 1618 ἡμῶν,
1614 1548 1779 1601 θῦσον

238 1640 417 1702 αὑτοῖς,
447 1641 542 1692 καὶ
596 1639 727 1692 λάϐε
763 1656 853 1691 σου
893 1638 1062 1709 ἄνδρα
1111 1638 1250 1691 κατὰ
1285 1640 1382 1709 τὴν
1438 1641 1627 1707 γενεάν
1661 1657 1774 1693 σου.

239 1733 359 1801 Πρὸς
376 1733 431 1785 ὃν
465 1731 989 1802 πεπαρρησιασμένη
1037 1732 1218 1800 ήὰγία
1252 1731 1513 1802 παρθένος
1544 1732 1777 1801 ἁναϐοή-
1811 1712 1852 1765 Β

239 1843 357 1879 σασα
407 1827 634 1897 λαμπρᾷ
674 1828 740 1896 τῇ
772 1827 917 1895 φωνῇ
950 1820 1116 1876 εἶπεν·
1162 1822 1299 1891 Ἐγὼ
1326 1823 1423 1893 ἤδη
1454 1823 1618 1893 ἄνδρα
1670 1822 1777 1892 ἔχω

235 1920 314 1972 τὸν
367 1918 689 1989 δημιουργὸν
734 1917 828 1971 τοῦ
877 1916 1103 1987 οὑρανοῦ
1152 1918 1244 1969 καὶ
1294 1916 1390 1986 τῆς
1435 1916 1536 1985 γῆς
1573 1915 1775 1985 Ἰησοῦν

237 2011 445 2081 Χριστὸν
498 2011 592 2063 τὸν
643 2009 771 2062 Υἱὸν
798 2008 889 2062 τοῦ
936 2008 1067 2061 Θεοῦ
1121 2007 1213 2060 τοῦ
1264 2006 1480 2071 ζῶντος,
1520 2007 1687 2076 ὅνπερ
1712 2006 1774 2058 σὺ

229 2107 425 2172 ἀγνοεῖς
453 2105 671 2169 εἰδέναι,
702 2101 835 2155 ἀλλὰ
892 2101 1085 2171 μᾶλλον
1108 2101 1234 2162 τοὺς
1279 2098 1532 2168 δαίμονας
1559 2097 1777 2150 ἐπίστα-

232 2215 330 2262 σαι,
358 2199 552 2259 οἵτινες
580 2196 679 2266 τὴν
723 2194 947 2264 καρδίαν
997 2211 1087 2247 σου
1124 2192 1289 2263 θυμὸν
1319 2190 1562 2259 λυσσώδη
1618 2188 1781 2259 ἐπλή-

1892 544 2017 615 quia
2050 545 2103 598 in
2125 544 2283 599 (lictis
2303 543 2418 598 suis
2447 542 2620 596 fuerat
2644 543 2841 607 victus,
2862 542 3021 610 jussit
3050 552 3109 596 ut
3132 541 3308 611 lapide
3336 559 3452 596 ma-

1892 638 2031 691 xillae
2062 636 2181 706 ejus
2220 635 2554 703 dederentur
2582 632 2888 688 diutissime
2916 652 2927 686 :
2972 634 3241 688 clamabat
3268 644 3446 689 autem

1889 729 2045 783 beata
2079 724 2224 779 Aura
2257 725 2473 781 dicens:
2507 723 2688 778 Gloria
2708 723 2825 789 tibi,
2862 722 3089 777 Domine
3116 723 3244 778 Jcsu
3292 724 3451 778 Chri-

1888 825 1989 877 ste,
2021 814 2147 883 quia
2171 813 2343 867 merui
2374 813 2515 867 inter
2539 826 2724 866 servos
2754 822 2873 866 tuos
2912 814 3302 881 cognominari.
3340 813 3451 870 Ro-

1862 902 2071 960 'mulus
2086 905 2249 959 dixit:
2280 904 2398 959 Jam
2427 906 2650 959 consule
2673 906 3021 975 generositati
3053 917 3176 972 tum,
3203 916 3256 961 et
3283 908 3448 963 adora

1887 1000 2039 1063 deos,
2065 1008 2119 1053 et
2151 999 2417 1065 sacriﬁca,
2442 1007 2495 1052 et
2524 998 2708 1067 accipe
2752 999 2926 1051 virum
2962 1002 3257 1054 secundum
3295 1012 3448 1055 nata-

1886 1091 1964 1146 les
1984 1100 2129 1145 tuos.
2156 1090 2254 1145 Cui
2283 1091 2602 1146 liducialiler
2622 1092 2778 1145 beata
2794 1090 2936 1144 Aura
2967 1107 3097 1145 voce
3117 1093 3259 1146 clara
3276 1095 3444 1149 dixit:

1886 1182 1997 1253 Ego
2025 1184 2201 1237 virum
2261 1183 2435 1238 habeo
2495 1183 2777 1236 Dominum
2809 1183 2929 1235 cceli
2973 1192 3026 1236 et
3062 1194 3217 1237 terrae
3260 1183 3442 1239 Jesum

1884 1274 2181 1337 Christum,
2208 1290 2367 1344 quem
2408 1284 2464 1327 tu
2494 1274 2659 1329 miser
2699 1276 2901 1345 negasti
2934 1288 2985 1329 te
3014 1276 3171 1338 scire,
3217 1276 3310 1330 sed
3350 1292 3443 1330 c0-

1883 1367 2100 1434 gnoscis
2131 1366 2406 1419 daemones
2428 1366 2519 1433 qui
2549 1381 2644 1420 cor
2679 1375 2828 1419 tuum
2853 1366 3065 1421 insania
3095 1375 3149 1420 et
3173 1366 3322 1420 rabie
3342 1367 3443 1419 im-

1883 1457 2180 1525 pleverunt.
2210 1457 2385 1510 lratus
2419 1456 2682 1511 Romulus
2711 1458 2899 1511 eadem
2949 1458 3079 1513 hora
3111 1458 3281 1527 jussit
3312 1468 3440 1512 ante

1882 1557 2227 1617 conspectum
2285 1564 2444 1603 suum
2497 1548 2788 1616 plumbatis
2836 1564 2953 1602 eam
3000 1550 3247 1603 deiicere.
3309 1548 3441 1615 Quae

1882 1656 2002 1693 cum
2033 1640 2123 1693 diu
2149 1640 2444 1695 caederetur
2472 1640 2641 1709 magis
2678 1639 3104 1703 confortabatur,
3138 1650 3189 1694 et
3211 1640 3354 1697 dedit
3383 1642 3437 1694 in

1883 1746 2001 1785 eam
2043 1732 2386 1796 sententiam,
2438 1732 2667 1801 lapidem
2714 1747 2968 1802 magnum
3008 1732 3343 1801 ligarijussit
3370 1738 3439 1786 ad

1883 1822 2078 1876 collum
2111 1823 2247 1892 ejus,
2281 1831 2334 1877 et
2364 1822 2685 1891 praecipitari
2721 1824 2773 1875 in
2821 1839 2989 1877 mare.
3045 1823 3215 1893 Cujus
3240 1839 3438 1892 corpus

1882 1924 2126 1968 sanctum
2185 1914 2423 1983 pervenit
2460 1914 2527 1968 ad
2572 1915 2742 1969 littus.
2798 1915 2997 1971 Beatus
3035 1931 3164 1970 vero
3211 1915 3438 1971 Nonnus

1884 2005 2098 2075 collegit
2125 2021 2326 2075 corpus
2357 2006 2475 2075 ejus
2510 2014 2564 2059 et
2613 2007 2857 2076 sepelivit
2896 2007 2949 2060 in
2996 2008 3197 2076 praedio
3244 2008 3436 2078 ipsius,

1884 2098 1975 2151 ubi
2008 2097 2341 2152 habitaverat
2374 2098 2523 2153 foras
2551 2114 2737 2154 muros
2758 2107 2927 2168 portae
2947 2098 3109 2154 Ostiae
3135 2116 3278 2154 nono
3332 2101 3438 2161 Ka-

1883 2190 2069 2246 lendas
2100 2189 2450 2260 Septembris.

231 2306 409 2358 ρωσαν.
448 2288 595 2359 Αὑτῇ
632 2286 687 2339 δὲ
738 2289 804 2356 τῇ
835 2285 949 2358 ὥρᾳ
973 2284 1241 2355 ὀργισθεὶς
1284 2280 1710 2354 ὁ(παράνομος)
1753 2280 2021 2352 Ῥὼμυλος
2070 2283 2347 2337 ἐκέλευσεν
2391 2287 2503 2347 τοῖς
2559 2286 2856 2356 ὑπηρέταις
2910 2286 3073 2340 αὑτοῦ
3126 2289 3246 2349 ταῖς
3293 2287 3441 2357 μολι-

227 2382 413 2445 ὃδίναις
442 2382 697 2452 σφαίραις
727 2381 1019 2434 τύπτεσθαι
1046 2381 1231 2453 αὑτήν.
1265 2380 1420 2443 Ἤτις
1462 2377 1925 2447 πολυτυπτηθεῖσα
1973 2379 2167 2450 μᾶλλον
2212 2380 2614 2452 ἐνεδυναμοῦτο.
2661 2382 2940 2435 Ἐκέλευσε
2980 2382 3036 2435 δὲ
3095 2384 3254 2437 πάλιν
3294 2383 3438 2437 λίθον

227 2478 386 2547 μέγαν
414 2477 772 2548 δεσμευθῆναι
820 2477 959 2530 κατὰ
1003 2477 1094 2530 τοῦ
1123 2477 1385 2549 τραχήλου
1415 2477 1599 2545 αὑτῆς,
1639 2474 1731 2527 καὶ
1756 2473 1927 2539 οὑτως
1963 2478 2331 2549 κρεμασθῆναι
2360 2481 2415 2531 ὲν
2453 2482 2517 2549 τῇ
2564 2479 2821 2552 θαλάσσῃ.
2879 2475 3131 2543 Ἧστινος
3186 2480 3247 2533 τὸ
3285 2482 3439 2548 ἅγιον

223 2568 369 2636 σῶμα
395 2567 684 2637 περιῆλθεν
712 2568 815 2630 ἕως
844 2567 936 2620 τοῦ
968 2567 1234 2636 αἰγιαλοῦ,
1285 2570 1419 2641 ὅπερ
1444 2571 1472 2621 ὁ
1506 2568 1912 2640 μακαριώτατος
1962 2569 2127 2632 Novo;
2160 2573 2187 2623 ὁ
2232 2571 2322 2623 καὶ
2380 2571 2794 2641 μετονομασθεὶς
2864 2572 3171 2635 Ἱππόλυτος
3204 2576 3435 2644 συνήγα-

222 2678 330 2727 γεν,
362 2659 640 2713 καὶτοῦτο
665 2660 962 2731 κατέθαψεν
989 2663 1046 2714 ὲν
1075 2661 1152 2731 τῷ
1184 2662 1295 2732 ἰδίῳ
1338 2663 1505 2733 αὐτῆς
1561 2664 1764 2735 χωρίῳ,
1818 2662 1942 2715 ἔνθα
1986 2664 2074 2718 καὶ
2141 2663 2393 2734 κατῴκει,
2434 2665 2537 2731 ἔξω
2586 2666 2694 2719 τῶν
2740 2668 2959 2737 τειχέων
3013 2670 3110 2739 τῆς
3153 2672 3434 2741 Ὀστησὶας

224 2755 435 2818 πόλεως.
478 2758 545 2825 τῇ
581 2756 687 2820 πρὸ
716 2756 867 2809 ἐννέα
898 2756 1005 2827 (40)
1040 2757 1327 2811 Καλανδῶν
1363 2759 1764 2831 Σεπτεμϐρίων.

291 2850 356 2899 Δ’.
391 2847 522 2899 Τότε
571 2843 664 2900 οὑν
703 2850 731 2901 ὁ
780 2848 1156 2920 (παράνομος)
1190 2850 1431 2922 βικάριος
1472 2852 1771 2924 ἐκράτησεν

224 2933 522 2988 Σαϐινιανόν
542 2954 662 2989 τινα
689 2938 1016 3009 ἐπιμελητὴν
1055 2939 1148 2992 τοῦ
1196 2940 1359 2994 τόπου
1408 2943 1611 2995 ἐκείνου
1634 2960 1647 2975 ⁸
1679 2944 1772 2997 καὶ

1950 2846 2041 2902 Ν.
2065 2846 2202 2901 Tum
2237 2847 2500 2904 Romulus
2524 2849 2698 2904 tenuit
2749 2847 3101 2906 Sabinianum
3144 2855 3430 2923 quemdam

1877 2938 2167 3009 agricolam
2193 2939 2295 2993 loci
2326 2939 2492 3004 illius,
2522 2950 2575 2995 et
2599 2944 2761 3012 coepit
2782 2944 2848 2997 ab
2893 2959 2957 2998 eo
2988 2959 3233 3013 qumrere
3261 2944 3431 2999 facul-

224 3024 411 3095 ἤρξατο
430 3028 561 3097 παρ’
592 3028 753 3081 αὑτοῦ
782 3029 1051 3100 ἐπιζητεῖν
1068 3030 1165 3093 τὰς
1186 3031 1442 3104 ὑπάρξεις
1469 3035 1567 3104 τῆς
1596 3052 1771 3104 μακα-

1876 3039 2014 3084 tates
2044 3029 2219 3085 beam
2242 3032 2403 3086 Aura:
2427 3033 2649 3088 dicens:
2678 3034 2951 3106 Sacrilega
2978 3034 3145 3100 Aura,
3170 3052 3290 3105 qua:
3314 3052 3432 3091 ma-

231 3116 340 3182 ρξας
358 3118 574 3188 Χρυσῆς
595 3118 763 3187 λέγων
782 3136 795 3149 ⁸
840 3120 903 3173 Ἡ
929 3121 1200 3191 ἱερόσυλος
1227 3125 1270 3174 Χ
1279 3124 1433 3194 ρυσῆ,
1462 3125 1582 3194 ἥτις
1601 3125 1774 3189 ἐξελέ-

231 3203 345 3267 ξατο
368 3206 451 3258 διὰ
477 3207 577 3276 τῆς
608 3207 842 3277 μαγικῆς
865 3208 1033 3277 αὑτῆς
1062 3209 1252 3280 τέχνης
1282 3211 1477 3280 μᾶλλον
1502 3210 1590 3263 τὸν
1612 3210 1770 3264 θάνα-

230 3312 315 3349 τον
338 3298 473 3368 ῆπερ
514 3296 614 3368 τὴν
642 3296 807 3367 ζωὴν,
843 3299 1009 3352 πολὺν
1057 3300 1317 3370 ἐκέκτητο
1362 3300 1603 3354 πλοῦτον.
1634 3302 1771 3365 Τοὺς

229 3381 317 3437 οὖν
343 3387 643 3459 θησαυροὺς
698 3388 864 3459 αὐτῆς
924 3390 1014 3443 καὶ
1068 3390 1135 3443 τὰ
1187 3390 1389 3461 κόσμια
1442 3390 1771 3445 κατενώπιον

231 3475 372 3543 ἡμῶν
399 3478 598 3547 φέρων,
626 3476 784 3529 θῦσον
815 3478 905 3530 καὶ
933 3481 1043 3541 τοῖς
1073 3478 1230 3542 θεοῖς,
1264 3482 1356 3533 καὶ
1378 3479 1498 3551 ζῆθι
1533 3482 1771 3534 ὑποκύπ-

228 3582 327 3617 των
350 3568 436 3620 καὶ
462 3572 574 3632 τοῖς
606 3569 983 3638 προστάγμασι
1010 3570 1116 3622 τῶν
1149 3571 1575 3643 αὐτοκρατόρων.
1606 3573 1767 3626 Σαϐισ-

227 3660 391 3722 νιανὸς
419 3657 597 3712 εἶπενο
636 3659 779 3727 -Ἐγὼ
809 3661 1036 3715 πάντοτε
1058 3664 1549 3735 ταπεινοφροσύνην
1595 3664 1767 3718 ἐδιδά-

228 3749 350 3819 χθην
383 3752 531 3824 παρὰ
575 3754 673 3823 τῆς
724 3754 881 3821 ἁγίας
919 3753 1183 3823 παρθένου
1220 3756 1461 3827 Χρυσῆς,
1509 3757 1630 3825 ἣτις
1675 3757 1768 3809 καὶ

228 3841 446 3907 ἐδίδαξέν
480 3861 545 3913 με
578 3844 960 3915 καθομολογεῖν
987 3846 1080 3897 ξένα
1099 3846 1250 3907 Θεὸν,
1281 3847 1371 3899 τὸν
1400 3847 1598 3918 Κύριον
1616 3849 1767 3919 ἡμῶν

238 3931 425 4000 Ἰησοῦν
450 3934 701 4004 Χριστὸν,
730 3933 819 3985 τὸν
840 3934 1160 4004 γεννηθέντα
1188 3936 1251 3987 ὲκ
1278 3936 1585 4005 Πνεὺματος
1611 3937 1766 4005 ἁγίου

225 4023 313 4074 καὶ
336 4025 545 4095 Μαρίας
585 4026 683 4095 τῆς
736 4025 1027 4097 Παρθένου.
1071 4026 1220 4078 Ἐπεὶ⁸
1250 4027 1447 4098 χρυσὸς
1500 4029 1628 4098 ἡμῖν
1673 4028 1767 4081 καὶ

223 4119 442 4189 ἄργυρος
474 4122 506 4191 ἢ
544 4121 874 4191 μαργαρῖται
902 4122 998 4191 οὑχ
1040 4122 1391 4193 ὑπάρχουσιν.
1452 4123 1508 4175 Ὀ
1537 4123 1592 4176 δὲ
1621 4123 1767 4191 (δυσ-

220 4211 559 4282 σεϐέστατος)
601 4212 871 4282 Ῥώμυλος
899 4214 998 4299 Etim
1030 4212 1203 4284 αὐτῷ’
1238 4214 1509 4285 Σύνδραμε
1557 4214 1765 4285 σεαυτῷ

210 4424 313 4461 esse
361 4409 440 4477 ﬁl.
504 4408 876 4465 Prtetextati”
897 4448 914 4464 .
960 4410 1123 4479 jussit
1166 4411 1405 4479 familia.
1431 4452 1443 4464 .
1467 4450 1482 4465 .
1549 4428 1764 4480 parvam

208 4494 321 4544 qtae
350 4496 470 4532 eam
497 4482 757 4534 tuebatur.
797 4480 864 4532 Et
897 4497 1173 4549 agnoscens
1195 4522 1207 4534 .
1234 4521 1247 4533 .
1268 4521 1283 4536 .
1316 4484 1378 4534 ab
1403 4483 1476 4535 eis
1527 4483 1604 4535 ita
1635 4498 1763 4543 esse,

209 4549 513 4620 imperatori
556 4551 808 4620 suggessit
836 4551 897 4603 de
912 4567 993 4620 _ea
1028 4552 1243 4604 dicens:
1274 4550 1475 4604 Filiam
1530 4551 1767 4605 Prtetex-

208 4621 301 4688 t_ati
338 4618 665 4673 nobilissimi
684 4622 783 4674 viri
809 4638 839 4672 a
895 4618 1212 4673 Christianis
1261 4622 1337 4673 ita
1378 4622 1642 4687 deceptam
1672 4638 1765 4688 pro

205 4685 401 4742 Christi
423 4691 633 4742 nomine
654 4732 667 4745 .
690 4730 705 4744 .
726 4730 739 4744 .
783 4690 932 4743 rellet
966 4691 1208 4758 interﬁci.
1265 4689 1359 4743 llis
1406 4685 1603 4743 auditis
1635 4685 1766 4744 Dio-

205 4759 456 4830 clitianus
492 4760 641 4829 (sic)
672 4762 824 4825 iussit
847 4776 959 4813 eam
1007 4761 1283 4830 diligenter
1307 4762 1580 4814 custodiri.
1617 4761 1766 4814 Dice-

206 4826 289 4900 bat
317 4826 524 4881 enim..
544 4868 558 4881 .
590 4826 661 4891 ad
692 4847 843 4884 aures
882 4848 1006 4883 suas
1037 4826 1125 4883 in:
1151 4870 1196 4883 ..
1237 4832 1374 4900 quod
1420 4833 1644 4883 immane
1674 4848 1766 4899 pa-

206 4898 511 4970 trimonium
538 4900 871 4953 vendidisset.
914 4901 1093 4953 Altera
1124 4898 1299 4970 itaque
1321 4901 1405 4954 die
1426 4900 1630 4953 Probus
1652 4902 1767 4968 jus-

203 4968 268 5039 sit
299 4984 416 5019 eam
437 4969 491 5019 in
518 4970 857 5021 secretarium
881 4972 1109 5022 adduci:
1136 4968 1303 5033 Quam
1326 5014 1337 5024 .
1362 5010 1374 5023 .
1398 5011 1411 5024 .
1439 4973 1764 5039 interrogans

201 5036 262 5087 de
290 5040 500 5109 tendite
556 5040 875 5103 patrimonia
896 5079 910 5093 .
933 5081 946 5093 .
970 5079 981 5090 .
1016 5042 1239 5108 pretium
1281 5042 1615 5109 prodegisset.
1638 5036 1651 5039 ⁷
1668 5039 1758 5093 Re-

205 5107 417 5179 spondet
466 5110 755 5165 Anastasio
795 5109 968 5161 dicens
992 5107 1020 5162 :'
1049 5109 1159 5179 Ego
1213 5110 1259 5161 si
1315 5107 1483 5161 adhuc
1526 5111 1765 5162 haberem

204 5177 335 5237 quod
368 5186 729 5248 ςφρεηαενεηι,
762 5194 863 5230 non
886 5195 963 5230 me
992 5177 1411 5248 persequentibus
1442 5182 1765 5232 demonstra-

204 5260 330 5317 rem.
376 5245 568 5298 Verum
596 5249 720 5315 quia
749 5245 1236 5317 unieersaiexpensa
1262 5288 1275 5301 .
1296 5290 1309 5302 .
1331 5290 1344 5302 .
1377 5266 1556 5302 secura
1576 5250 1763 5317 festino

203 5315 267 5388 ad
303 5326 555 5369 mortem.
605 5316 759 5370 Nihil
807 5320 943 5370 enim
979 5315 1101 5372 licet
1154 5318 1362 5371 diabolo
1400 5321 1463 5371 de
1498 5315 1765 5388 facultati-

204 5384 293 5458 bus
333 5388 472 5458 meis
489 5402 591 5458 per
637 5404 756 5441 suos
781 5428 794 5441 .
818 5427 832 5441 .
858 5429 870 5442 .
927 5404 1183 5457 usurpare
1214 5389 1435 5441 cultores
1460 5430 1472 5441 .
1497 5384 1510 5441 ζ
1535 5429 1549 5442 .
1583 5391 1762 5458 cogni-

205 5457 391 5526 tionem
440 5455 765 5510 Dioclitiano
820 5455 1091 5526 suggessit.
1128 5458 1267 5510 Tunc
1307 5459 1374 5511 ad
1430 5455 1761 5512 Anastasiam

211 5524 405 5578 Probus
429 5527 564 5578 dixit
585 5542 601 5577 :
636 5528 764 5580 Deos
789 5524 1010 5597 deasque
1036 5534 1051 5594 (
1072 5529 1180 5595 sic)
1204 5528 1374 5580 cultor
1394 5542 1505 5581 crat
1529 5528 1765 5582 Praetex-

204 5604 344 5646 tatus
370 5606 520 5662 pater
561 5606 700 5659 tuus,
722 5606 771 5650 et
806 5600 940 5664 ipsos
971 5599 1135 5652 colere
1154 5600 1369 5659 debetis,
1408 5609 1453 5652 et
1477 5616 1577 5651 non
1614 5600 1764 5653 Citri-

208 5674 341 5716 stum
373 5666 547 5719 nescio
582 5683 729 5736 quem
765 5665 1031 5735 Iudicum,
1056 5670 1143 5737 qui
1173 5686 1202 5721 a
1232 5669 1339 5723 suis
1381 5671 1580 5723 occisus
1615 5680 1755 5724 est...

1872 3122 1956 3191 gis
1991 3120 2149 3191 elegit
2174 3137 2267 3191 per
2317 3124 2555 3193 magicas
2589 3135 2730 3180 artes
2768 3127 2900 3180 mori
2930 3142 3091 3195 quam
3109 3127 3217 3180 vita
3249 3126 3433 3180 nobis~

1872 3228 1994 3275 cum
2024 3212 2151 3278 frui,
2185 3221 2288 3268 tua:
2318 3215 2569 3271 amicitia:
2599 3217 3260 3287 semperfuitcommunis.
3290 3220 3432 3274 The-

1872 3324 2095 3363 saurum
2126 3308 2243 3376 ejus
2265 3307 2346 3361 vel
2380 3318 2699 3364 ornamenta
2752 3320 2877 3364 ante
2934 3322 3281 3381 conspectum
3328 3327 3427 3365 no-

1870 3407 2041 3452 strum
2065 3398 2339 3452 declarare
2366 3397 2583 3466 festina,
2618 3409 2671 3454 et
2700 3403 2941 3457 sacriﬁea
2964 3403 3089 3467 diis,
3123 3411 3175 3457 et
3217 3405 3356 3468 vive,
3377 3414 3431 3457 et

1869 3488 2155 3542 humiliare
2191 3489 2486 3543 secundum
2529 3490 2683 3559 jussa
2723 3492 3052 3561 principum.
3103 3492 3428 3548 Sabinianus

1867 3580 2043 3635 dixit:
2098 3580 2210 3648 Ego
2250 3595 2378 3635 vero
2427 3596 2642 3651 semper
2690 3584 3043 3639 humilitatem
3083 3586 3273 3640 doetus
3306 3601 3426 3639 sum

1867 3685 1897 3723 a
1943 3677 2128 3724 sancta
2151 3669 2298 3723 Aura
2323 3687 2443 3739 quae
2493 3687 2580 3726 me
2621 3674 2806 3727 docuit
2851 3676 3095 3729 conﬁteri
3136 3676 3426 3730 Dominum

1868 3774 2047 3815 meum
2074 3759 2257 3813 Jesum
2311 3760 2611 3825 Christum,
2665 3764 2757 3833 qui
2790 3772 2951 3819 natus
3000 3773 3082 3818 est
3111 3765 3176 3819 de
3222 3766 3426 3833 Spiritu

1866 3862 2056 3909 sancto
2085 3868 2151 3907 ex
2176 3850 2342 3905 Maria
2366 3851 2605 3922 Virgine.
2640 3852 2774 3907 Nam
2807 3870 2998 3908 aurum
3025 3863 3118 3907 aut
3145 3864 3427 3924 argentum

1866 3946 1951 4000 vel
1973 3946 2296 4015 margaritas
2323 3961 2430 3999 non
2454 3962 2539 3999 me
2566 3945 2764 4000 habere
2788 3948 2949 4008 scias,
2984 3947 3090 4001 nisi
3136 3948 3425 4002 Dominum

1865 4037 2049 4093 lesum
2081 4036 2378 4091 Christum.
2414 4035 2677 4091 Romulus
2708 4037 2874 4092 dixit:
2903 4036 3171 4092 Succurre
3210 4039 3327 4105 tibi,
3374 4050 3427 4094 et

1865 4131 2107 4186 occultos
2122 4131 2407 4185 thesauros
2429 4130 2732 4200 principum
2750 4129 2931 4197 redde,
2952 4140 3006 4184 ct
3028 4131 3271 4187 sacriﬁca
3296 4132 3423 4196 diis,

1865 4228 1919 4274 et
1950 4220 2139 4275 recede
2170 4220 2237 4274 ab
2284 4220 2494 4275 insania
2551 4218 2707 4273 falsa.
2761 4217 3087 4275 Sabinianus
3113 4221 3279 4276 dixit:
3312 4222 3427 4293 Ego

1869 4419 2109 4472 adorare.
2162 4417 2451 4471 Anastasia
2479 4419 2651 4471 dixit:
2700 4416 2807 4488 Ego
2837 4419 2957 4471 deos
2987 4418 3210 4487 deasque
3254 4420 3423 4486 patris

1867 4490 1965 4540 mei
1992 4504 2190 4555 semper
2207 4490 2366 4551 colui,
2402 4498 2450 4539 et
2483 4489 2584 4541 nisi
2601 4505 2686 4542 eos
2704 4488 2826 4541 bene
2850 4489 3146 4552 coluissem,
3180 4488 3332 4540 hodie
3354 4489 3423 4539 ad

1866 4558 2249 4627 confessionem
2264 4559 2433 4610 sancti
2456 4559 2680 4611 nominis
2706 4557 2904 4611 Christi
2922 4574 3023 4611 non
3050 4559 3265 4612 exirem.
3295 4558 3428 4610 Pro-

1866 4625 1973 4679 bus
1998 4628 2131 4679 dixit
2156 4643 2173 4678 :
2204 4625 2272 4678 Et
2306 4629 2350 4679 si
2377 4627 2588 4679 coluisti
2608 4645 2715 4693 eos,
2750 4645 2909 4697 quare
2930 4629 3205 4681 deseruisti
3253 4627 3424 4680 cultu-

1865 4712 1980 4747 ram
2007 4706 2151 4747 tuam
2174 4699 2198 4748 .’
2228 4699 2515 4749 Anastasio
2561 4697 2736 4750 dixit:
2786 4697 2901 4750 Non
2936 4698 3159 4759 deserui,
3196 4713 3284 4749 nec
3335 4697 3425 4748 de-

1864 4782 1998 4818 sero.
2035 4764 2234 4818 Probus
2263 4766 2398 4818 dixit
2424 4782 2441 4818 :
2490 4765 2633 4836 Ergo
2676 4768 2811 4821 coles
2858 4770 2980 4820 deos
3007 4769 3229 4835 deasque
3256 4777 3421 4834 patris

1866 4836 1941 4887 tui
1965 4837 1989 4887 ?
2018 4836 2299 4887 Anastasio
2328 4836 2499 4888 dixit:
2528 4836 2590 4889 In
2620 4847 2823 4891 tantum
2841 4838 2952 4889 colo
2971 4854 3075 4902 eos,
3106 4846 3161 4888 ut
3188 4838 3252 4887 ab
3276 4837 3417 4888 omni

1864 4921 1948 4956 eos
1981 4904 2177 4973 injuria
2212 4905 2506 4958 liberarem.
2534 4907 2761 4976 Denique
2810 4908 2934 4959 dum
2966 4923 3173 4963 aranea:
3205 4922 3291 4958 eos
3336 4907 3419 4957 in-

1866 4984 2114 5038 texerent,
2145 4986 2193 5027 ει
2220 4992 2335 5027 aves
2365 4986 2733 5040 stercorarent,
2775 4994 2865 5046 ego
2893 4993 2977 5029 eos
3007 4976 3243 5039 liberavi,
3267 4988 3420 5044 atque

1864 5047 2095 5113 con/lans
2153 5061 2237 5098 eos
2284 5046 2339 5097 in
2387 5048 2659 5114 pecuniam
2708 5048 2954 5100 converti.
3007 5046 3209 5097 Probus
3243 5046 3416 5098 dixit:

1866 5114 1981 5168 Hoc
2009 5116 2344 5184 sacrilegium
2380 5133 2469 5168 nec
2494 5133 2644 5169 aures
2676 5134 2800 5171 meae
2825 5118 3006 5168 audire
3033 5124 3242 5185 queunt.
3276 5115 3417 5168 Tunc

1866 5188 2040 5238 ridens
2068 5186 2216 5237 beata
2248 5187 2531 5237 Anastasia
2576 5188 2739 5240 dixit:
2785 5186 2952 5239 Miror
2982 5185 3316 5254 prudentiam
3341 5202 3420 5238 re-

1863 5268 2050 5317 stram,
2087 5273 2148 5307 ac
2176 5256 2220 5307 si
2242 5256 2578 5323 sacrilegium
2605 5260 2751 5309 times
2775 5256 2970 5325 lapides
3004 5258 3260 5325 frangere,
3298 5273 3417 5307 suc—

1865 5328 2096 5388 cendere,
2125 5336 2405 5379 wramenta
2435 5327 2700 5393 conﬂare;
2746 5339 2879 5379 certe
2917 5326 2963 5376 si
3009 5334 3161 5392 putas
3185 5324 3417 5394 aliquam

1864 5396 2191 5447 divinitatem
2217 5395 2378 5447 latere
2402 5396 2455 5446 in
2474 5396 2769 5447 simulacris
2794 5395 3115 5457 ranissimis,
3141 5394 3262 5447 date
3288 5398 3416 5449 mihi

1865 5467 2064 5536 copiam
2093 5466 2372 5531 erertendi,
2396 5476 2442 5517 et
2470 5482 2554 5517 eos
2572 5476 2793 5517 evertens
2812 5466 2987 5531 patiar
3010 5463 3072 5515 ab
3093 5465 3164 5517 eis
3191 5465 3411 5536 aliquid.

1864 5533 2064 5586 Caetera
2096 5536 2309 5588 desunt.
2440 5588 2445 5591 λ

1937 5602 2056 5676 (ξίολ
2082 5603 2383 5676 Legendum
2410 5602 2784 5676 ἐννεακαίδεκα
2804 5603 3113 5675 Καλανδῶν,
3152 5623 3240 5661 Xlx
3274 5605 3415 5676 Kal.,

1867 5681 1925 5728 ut
1949 5670 2011 5727 in
2034 5670 2357 5729 'l’raefatione
2388 5674 2715 5729 monuimus.
3100 5670 3107 5675 ’
3326 5708 3327 5715 η
