3796 6194
144 219 246 273 573
1376 211 1462 267 DE
1502 212 1559 268 S.
1602 209 2002 267 HiPPOLYTO.
3196 199 3301 254 δτι

157 338 283 399 θείας
333 329 734 402 ὑπομνηματίσαι
785 329 1023 401 Γραφᾲς,
1081 328 1447 402 παρεσχηκὼς
1498 328 1644 399 αὐτῷ

1803 331 1886 383 ius
1913 324 2180 390 notarios,
2214 335 2509 392 eorumque
2553 333 2841 390 expensas,
2873 326 2923 373 et
2956 316 3298 371 librariorum

156 427 274 480 ἑπτὰ
307 423 380 477 καὶ
406 422 601 483 πλείους
632 420 939 491 νοταρίους,
974 419 1066 473 καὶ
1093 420 1191 484 τὰς
1221 420 1424 474 τούτων
1470 418 1641 474 δαπάο

1801 434 1930 473 irem
1960 432 2266 479 numerum,
2298 413 2548 484 quodque
2586 412 2670 465 his
2714 410 2890 479 majus
2925 418 3029 474 est,
3070 408 3300 461 incredi-

157 536 265 581 νας,
292 517 363 568 καὶ
387 512 763 582 καλλιγράφους
808 511 899 565 τὸν
942 507 1057 564 ἴσον
1093 511 1345 583 ἀριθμὸν,
1375 514 1468 565 καὶ
1499 514 1638 583 ὅπερ

1801 512 1837 565 li
1888 510 2071 566 studio
2108 508 2348 577 quotidie
2389 505 2456 559 ab
2494 519 2560 559 eo
2596 519 2731 571 opus
2772 503 3012 570 exigens.
3058 497 3210 554 Unde
3245 499 3298 550 iu

154 610 247 659 ἐστὶ
274 606 439 675 μεῖζον,
464 603 761 671 ἁνυποίστῳ
796 602 995 672 σπουδῇ
1030 602 1287 656 ἑκάστοτε
1314 602 1474 674 ἔργον
1506 604 1636 674 παρ’

1799 602 1979 656 tadam
2015 599 2241 668 epistola
2284 594 2644 668 ὲργοδιώκτην
2673 592 2931 663 Origenes
2963 605 3085 646 eum
3122 598 3298 645 vocat.

152 696 277 749 αὐτοῦ
308 694 544 749 ἀπαιτῶν.
583 694 672 746 Διὸ
716 695 772 746 ὲν
821 695 918 764 μιᾷ
970 693 1224 765 ἐπιστολῇ
1265 692 1667 763 ἐργοδιώκτην
1703 692 1866 745 αὑτὸν
1904 690 2182 761 Ὠριγένης
2205 688 2376 742 καλεῖ.

1637 786 1725 843 IV.

908 904 1141 959 Andreas
1174 905 1514 962 Caesariensis
1542 907 1593 961 in
1617 905 1946 976 Apocalyps.
1983 919 2101 967 xui,
2136 904 2188 970 l,
2221 920 2341 973 pag.
2374 901 2460 956 70.

198 1022 318 1083 Τινὲς
341 1022 428 1090 μὲν
454 1020 515 1073 τὸ
544 1024 749 1089 θηρίον
770 1022 925 1076 τοῦτο
952 1024 1365 1096 δευτερεύουσάν
1396 1042 1514 1079 τινα
1542 1025 1630 1078 δύ-

1809 1023 2036 1089 Quidam
2093 1036 2189 1091 per
2245 1021 2385 1075 hanc
2437 1019 2651 1073 bestiam
2713 1016 2987 1085 accipiunt
3044 1012 3296 1067 virtutem

145 1129 265 1182 ναμιν
284 1110 361 1163 τοῦ
396 1112 617 1177 Σατανᾶ,
652 1112 758 1166 τῶν
790 1114 989 1167 λοιπῶν
1034 1115 1300 1186 δαιμόνων
1333 1114 1626 1186 ἄρχουσαν,

1795 1115 2024 1169 iamdam
2071 1113 2277 1167 viribus
2320 1122 2373 1166 et
2417 1110 2654 1180 nequitia
2702 1107 2899 1162 Satana
2950 1104 3294 1162 inferiorem.

142 1206 417 1273 ἐξειλήφασι·
444 1205 500 1256 τὸ
546 1205 605 1256 δὲ
637 1206 752 1275 μετ’
785 1204 914 1258 αὐτὸ
944 1208 1025 1281 ὲκ,
1049 1207 1146 1276 τῆς
1186 1207 1287 1277 γῆς
1332 1207 1477 1259 ἀνιὸν
1498 1247 1511 1270 ,
1538 1207 1629 1259 τὸν

1798 1207 1943 1261 :teris
1981 1213 2161 1259 autem
2201 1202 2536 1257 daemonibus
2566 1208 2795 1269 utroque
2829 1213 3025 1268 genere
3054 1196 3297 1250 emineno

141 1284 450 1366 ’Δντίχριστοελ
495 1295 619 1358 Τοῖς
658 1296 714 1349 δε
772 1296 963 1361 ἁγίοις,
1014 1296 1254 1363 Μεθοδίῳ
1307 1297 1399 1349 καὶ
1444 1297 1626 1351 Ἱππο-

1796 1313 1922 1352 irem
1952 1316 1965 1351 :
1991 1311 2088 1366 per
2118 1296 2344 1349 bestiam
2386 1308 2516 1348 vero
2562 1307 2682 1360 quae
2720 1290 2883 1360 paulo
2928 1298 3049 1359 post
3087 1303 3116 1341 e
3156 1297 3295 1340 terra

140 1386 243 1455 λὺτῳ
272 1386 348 1437 καὶ
390 1385 606 1455 ἑτέροις,
654 1389 733 1449 είς
776 1385 981 1457 [αὑτὸν]
1026 1386 1116 1439 τὸν
1161 1386 1519 1457 Ἀντίχριστον
1563 1387 1625 1439 τὸ

1796 1390 1978 1459 tergit,
2011 1388 2403 1443 Antichristum
2436 1386 2630 1455 ipsum.
2658 1384 2726 1436 At
2752 1392 2972 1437 sanctus
2993 1379 3295 1433 Methodius

142 1476 266 1549 πειρδν
298 1476 460 1546 θηρίον
487 1476 833 1547 ὲξείληπται·
869 1481 931 1530 ὲκ
976 1478 1074 1547 τῆς
1124 1478 1497 1549 πολυταράχου
1530 1478 1624 1533 τοῦ

1814 1481 2153 1551 Hippolytus,
2194 1486 2249 1532 et
2297 1478 2386 1531 alii
2434 1486 2661 1537 veteres,
2705 1476 2771 1529 de
2805 1476 2920 1543 ipso
2963 1472 3296 1526 Autichristu

141 1568 221 1635 βίον
261 1568 422 1619 τούτου
476 1567 753 1639 θαλάσσης
792 1570 885 1621 καὶ
937 1568 1303 1640 πολυκύμονος
1335 1570 1623 1642 ἐξερχόμε-

1796 1581 2046 1627 aasentem
2076 1571 2255 1625 locum
2288 1567 2622 1637 interpretati
2664 1574 2817 1630 sunt;
2865 1576 2921 1619 ut
2961 1564 3053 1634 qui
3082 1580 3150 1618 ex
3184 1573 3295 1616 tur-

139 1676 213 1710 νον.
242 1659 305 1712 Τὰ
344 1659 393 1711 δὲ
424 1658 563 1712 δέκα
605 1660 824 1727 κέρατα
878 1661 973 1713 σὺν
1004 1662 1118 1723 τοῖς
1169 1661 1495 1733 διαδήμασι,
1530 1663 1622 1715 καὶ

1801 1664 1944 1716 lento
1964 1662 2368 1731 plurimumque
2391 1660 2600 1715 undoso
2622 1659 2743 1712 vitae
2768 1658 2929 1727 hujus
2951 1660 3087 1710 mari
3109 1670 3293 1726 egres-

137 1754 173 1803 αἱ
196 1752 309 1803 ἑπτὰ
338 1752 577 1819 κεφαλαὶ
601 1793 616 1817 ,
656 1755 752 1824 τήν
783 1770 839 1805 τε
896 1752 991 1805 τοῦ
1024 1752 1266 1807 διαϐόλου
1300 1755 1433 1826 πρὸς
1460 1755 1621 1808 αὐτὸν

1798 1768 1884 1807 rus
1914 1752 2007 1807 sit.
2046 1750 2149 1807 Per
2189 1752 2361 1805 decem
2392 1760 2572 1804 autem
2613 1765 2812 1802 cornua
2843 1747 3065 1801 totidem
3109 1744 3297 1800 diade-

138 1843 215 1914 [τὸν
269 1843 626 1915 Ἀντίχριστον]
686 1845 873 1897 ἕνωσιν
928 1844 1217 1899 αἰνίττεται
1261 1846 1461 1915 (ταῦτα
1515 1845 1622 1917 γὰρ

1793 1846 1887 1901 aiis
1937 1854 2235 1911 exornata,
2282 1852 2335 1897 et
2382 1852 2573 1912 septem
2623 1842 2818 1911 capita,
2872 1838 3292 1894 familiaritatem

136 1930 232 2002 [καὶ]
262 1932 386 2003 αὐτῷ
438 1935 711 2005 προσόντα
747 1934 998 2006 ἀνωτέρω
1026 1936 1404 2006 ἡρμήνευται),
1427 1938 1526 2007 τὴν
1562 1952 1620 1987 τε

1792 1953 1870 1991 am
1901 1937 2149 1992 denotari
2183 1936 2389 2000 volunt,
2418 1949 2540 2004 qua:
2565 1934 2703 1987 inter
2732 1934 2908 2003 ipsum
2935 1939 2989 1985 et
3016 1930 3291 1985 diabolum

135 2027 188 2085 εἰς
201 2024 301 2075 δέκα
328 2024 415 2094 τῆς
437 2026 634 2096 γηΐνης
662 2024 931 2093 βασιλείας
963 2026 1050 2077 ἐπ’
1076 2026 1315 2095 ἐσχάτων
1336 2026 1616 2097 διαίρεσιν,

1792 2030 2022 2085 tercedet
2062 2030 2209 2098 (nam
2264 2029 2377 2083 haec
2422 2028 2500 2081 illi
2542 2026 2709 2080 aﬂ‘ore
2746 2025 2858 2095 jam
2907 2032 3033 2078 ante
3074 2039 3291 2092 quoque

135 2116 197 2167 xz".
216 2116 290 2186 τὴν
319 2116 387 2185 τῷ
407 2118 593 2187 κόσμῳ
625 2116 801 2188 τούτῳ
828 2116 1108 2186 σύστοιχον
1141 2116 1496 2188 ἑϐδοματικὴν
1525 2116 1620 2187 βα-

1791 2124 2017 2177 dicatum
2062 2123 2188 2193 est),
2245 2121 2501 2191 regnique
2543 2119 2741 2174 terreni
2783 2119 2839 2171 in
2891 2118 3072 2171 decem
3108 2124 3290 2186 partes

134 2204 289 2268 σάείαν,
311 2207 436 2259 ἑπτὰ
477 2209 573 2278 μὲν
627 2209 863 2280 ἡμέραις
896 2208 1354 2278 ὲκμετρουμένην,
1389 2208 1527 2261 ἐτι-ιὰ
1562 2208 1617 2261 δὲ

1791 2214 2018 2268 stionem
2047 2231 2061 2280 ;
2102 2223 2155 2269 et
2189 2229 2413 2285 regnum
2436 2219 2693 2280 praeterea
2717 2209 3079 2280 septenariutn
3104 2206 3290 2260 mundi

133 2294 328 2365 διαδοχαῖς
358 2297 735 2370 διαιρουμένην
760 2340 774 2363 ,
810 2299 884 2363 ὠς
914 2300 973 2352 ὲν
1000 2301 1113 2364 τοῖς
1145 2299 1269 2372 ἑξῆς
1296 2299 1611 2372 ῥηθήσεται.

1789 2304 1886 2374 ιῇυε
1927 2306 2113 2360 cursui
2148 2303 2542 2367 conformatum
2563 2344 2578 2369 ,
2606 2317 2806 2373 septem
2839 2301 3057 2370 quidem
3080 2299 3288 2353 dierum

134 2387 255 2454 spatio
278 2389 671 2460 dimensum,et
696 2392 749 2445 in
775 2400 976 2462 septem
1004 2408 1222 2448 rursum
1275 2395 1648 2451 successiones
1685 2396 2063 2466 distributum;
2105 2407 2268 2469 prout
2325 2398 2377 2451 in
2425 2396 2774 2467 sequentibus
2803 2395 2963 2449 latius
3026 2393 3078 2447 id
3118 2392 3288 2460 expli-

132 2481 297 2537 ubitar.

1088 2577 1312 2637 Idemin
1331 2582 1654 2657 Apocalyps.
1686 2604 1808 2651 xm,
1839 2584 1926 2649 l8,
1995 2598 2118 2652 pag.
2152 2580 2240 2635 75.

173 2681 248 2736 Καὶ
275 2685 357 2757 τὴν
390 2688 483 2758 μὲν
513 2690 805 2761 ἀκρίϐειαν
862 2694 958 2764 τῆς
1015 2694 1227 2766 ψήφου,
1277 2697 1353 2762 ὡς
1410 2699 1503 2752 καὶ
1549 2699 1619 2753 τά

1789 2700 2110 2752 Accuratam
2169 2692 2360 2748 calculi
2406 2692 2687 2755 notitiam,
2733 2699 2794 2746 ut
2838 2691 3045 2760 reliqua
3098 2688 3282 2742 itidem

128 2770 237 2825 λοιπὰ
274 2775 331 2827 τὰ
372 2781 490 2850 περὶ
522 2782 695 2834 αὐτοῦ
722 2784 1095 2854 γεγραμμένα,
1120 2789 1148 2838 ὁ
1188 2787 1377 2858 χρόνος
1408 2789 1617 2843 ἀποκα-

1784 2805 1839 2843 ia:
1860 2789 1926 2843 de
1947 2786 2283 2841 Antichristo
2310 2784 2509 2854 scripta
2538 2792 2771 2847 exstant,
2800 2792 3011 2852 tempus
3041 2794 3091 2835 et
3121 2796 3283 2850 expe-

128 2861 230 2931 λύ’ᾇει
250 2870 373 2939 καὶὴ
405 2874 564 2943 πεῖρα
598 2876 716 2935 τοῖς
741 2876 1015 2944 νὴφουσιν.
1050 2877 1113 2929 Εἰ
1139 2877 1246 2950 γὰρ
1281 2878 1405 2943 ἔδει,
1430 2880 1614 2944 καθώς

1775 2881 1908 2936 entia
1963 2878 2094 2933 viris
2147 2877 2504 2947 prudentibus
2551 2886 2605 2931 et
2646 2876 2843 2931 sobriis
2887 2874 3274 2929 manifestabit.

126 2958 215 3021 φασί
260 2978 381 3025 τινες
426 2964 532 3017 τῶν
583 2965 944 3030 διδασκάλων,
998 2969 1182 3038 σαφῶς
1214 2972 1517 3041 γνωσθῆναι
1547 2972 1608 3025 τὸ

1778 2988 1851 3027 im
1885 2973 1930 3027 si
1961 2972 2015 3025 in
2050 2970 2319 3040 exquisita
2356 2970 2596 3025 nominis
2632 2970 2794 3038 hujus
2825 2968 3129 3038 cognitione
3160 2982 3277 3021 ma-

125 3051 291 3105 τιιιῦτον
326 3055 501 3126 ὄνομα,
549 3060 577 3110 ό
602 3058 930 3130 τεθεαμένος
963 3061 1028 3115 ἂν
1076 3063 1205 3115 αὐτὸ
1244 3064 1606 3134 ἀπεκάλυψεν.

1779 3081 1876 3119 υηι
1909 3064 2124 3133 aliquod
2157 3079 2333 3135 opera:
2360 3064 2591 3133 pretium
2625 3063 2787 3117 situm
2830 3070 2994 3124 esset,
3044 3061 3132 3115 ille
3172 3059 3278 3113 uti-

133 3141 241 3196 Ἀλλὰ
266 3147 347 3200 οὐκ
379 3124 673 3221 εθδόκησεν
700 3154 733 3223 ἡ
768 3124 883 3206 θεῖα
919 3155 1076 3225 χάρις
1111 3158 1167 3207 ὲν
1205 3155 1323 3226 θείᾳ
1352 3124 1517 3228 βίϐλῷ
1548 3157 1609 3212 τὸ

1779 3171 1819 3209 ie
1848 3155 1939 3225 qui
1966 3154 2225 3209 visionem
2261 3152 2554 3221 impressit,
2590 3161 2649 3206 ut
2681 3162 2889 3207 veteres
2920 3160 3062 3206 recte
3089 3153 3278 3205 admo-

124 3234 184 3285 τοῦ
205 3235 429 3308 λυμεῶνος
461 3244 640 3315 ὄνομα
668 3246 961 3316 γραφῆναι.
1008 3247 1095 3309 Ὠς
1129 3248 1186 3299 ἐν
1218 3249 1523 3317 γυμνασίας
1546 3266 1606 3303 τε

1776 3256 1859 3312 nt,
1890 3246 2236 3315 evangelista;
2277 3243 2405 3299 illud
2447 3243 2805 3314 patefecisset.
2849 3243 3039 3298 Verum
3079 3244 3275 3298 divina:

125 3319 233 3393 λέτιρ,
261 3328 404 3384 πολλὰ
436 3332 586 3385 ἔστιν
640 3335 818 3407 εὑρεῖν
838 3375 852 3397 ,
885 3336 1026 3390 κατὰ
1060 3337 1147 3390 τὸν
1197 3337 1461 3409 μακάριον
1493 3340 1604 3392 Ἰπ-

1777 3337 1899 3391 atiaa
1927 3336 2098 3401 aliud,
2130 3351 2291 3405 quam
2325 3336 2657 3405 corruptoris
2688 3336 2991 3406 perditique
3040 3336 3274 3391 hominis

124 3414 281 3470 πῶυτον
321 3421 403 3474 καὶ
453 3426 701 3497 ἑτέρους,
738 3427 975 3498 ὀνόματα
996 3429 1102 3481 τὸν
1155 3428 1383 3501 ἀριθμὸν
1423 3430 1610 3484 τοῦτον

1773 3443 1924 3493 ιιηειι,
1963 3427 2145 3482 divino
2182 3427 2309 3482 huic
2340 3427 2479 3481 libro
2512 3428 2752 3481 inserere
2793 3426 2966 3481 visum
3006 3425 3122 3481 fuit.
3164 3422 3272 3480 Ve-

121 3507 388 3592 ?ptéxovra,
415 3519 802 3589 προσηγορικὰ
830 3536 888 3572 τε
922 3522 1016 3573 καὶ
1058 3519 1242 3592 κύρια.
1276 3521 1454 3592 Κύρια
1488 3523 1606 3592 μὲν,

1774 3527 2006 3577 mtamen
2039 3534 2133 3588 per
2177 3518 2398 3572 modum
2430 3518 2833 3573 exercitationis
2876 3518 3045 3572 multa
3076 3533 3273 3573 secun-

120 3587 194 3646 οόν
214 3598 491 3676 Λαμπέτὴς,
524 3608 747 3673 Τειτὰν,
780 3610 844 3661 ὲκ
876 3609 967 3663 τοῦ
992 3612 1181 3673 τείνω,
1216 3611 1335 3664 καθ’
1368 3612 1607 3665 Ἱππόλυ·

1770 3627 1833 3664 im
1873 3610 1934 3665 Β.
1974 3587 2319 3681 Hippolytum
2365 3619 2418 3664 et
2456 3611 2591 3665 alios
2627 3610 2858 3680 contingi
2902 3619 3132 3679 possunt
3171 3625 3269 3663 no-

118 3700 200 3739 τιν·
223 3692 461 3762 Λατεῖνος,
498 3700 707 3771 ὁμοίως
743 3700 854 3774 [διὰ
889 3702 1233 3775 διφθόγγουο]
1268 3703 1604 3765 Βενὲδικτος’

1763 3703 1887 3768 ina,
1930 3718 2050 3772 qua:
2096 3717 2383 3756 numerum
2438 3701 2587 3754 illum
2634 3702 3083 3770 complectantur,
3112 3716 3262 3761 ,cum

116 3775 211 3852 ὅπερ
243 3786 573 3859 ἑρμηνεύεται
622 3791 1040 3866 εὐλογημένοςῆ
1095 3794 1410 3865 εὐλογητός·
1464 3793 1603 3848 κατὰ

1765 3795 1946 3864 *opria,
1976 3802 2092 3847 tum
2120 3794 2281 3847 etiam
2310 3792 2655 3862 appellativa,
2690 3794 2849 3863 idque
2883 3793 2936 3845 in
2964 3792 3109 3846 omni
3139 3808 3264 3861 pro—

120 3870 286 3942 μίμησιν
310 3881 453 3948 τυχὸν
475 3883 571 3935 τοῦ
610 3882 821 3953 ἀληθῶς
854 3884 1043 3955 εὐλογη
1054 3885 1211 3955 μένου
1246 3884 1483 3957 Χριστοῦ
1508 3884 1600 3937 τοῦ

1766 3885 1988 3941 modum
2023 3885 2222 3954 lingua.
2261 3883 2571 3954 Proprium,
2605 3884 2835 3953 exempli
2860 3899 3046 3946 causa,
3083 3883 3265 3937 Graece

116 3960 212 4015 Θεοῦ
414 3974 800 4046 Προσηγορικὰ
837 3976 926 4042 δὲ,
956 3976 1141 4040 Κακὸς
1163 3976 1375 4047 ὁδηγὸς,
1399 3975 1599 4028 Παλαι-

1761 3986 1773 4031 L
1802 3977 2117 4048 Λαμπέτης,
2140 3974 2327 4031 Latine
2346 3976 2679 4042 Benedictus,
2704 3975 2916 4031 Persice
2938 3973 3260 4029 Sarmna’us.

116 4052 334 4124 ϐάσκανος,
363 4063 611 4135 Ἀληθῶς
636 4066 923 4138 βλαϐερὸς,
966 4067 1157 4138 Ἀμνὺς
1188 4067 1367 4131 ἄδικος
1385 4085 1398 4097 ·
1429 4063 1508 4131 οἷς
1534 4070 1600 4122 ὲκ

1767 4069 1908 4123 milis
1952 4070 2007 4123 in
2047 4071 2254 4125 caeteris
2297 4070 2494 4141 linguis
2525 4068 2828 4123 ell‘ormalio
2862 4068 2973 4125 ﬁat.
3018 4067 3263 4136 Appella-

113 4144 189 4196 τῶν
214 4151 597 4226 ἐναντιουμένων
622 4161 686 4229 τῇ
714 4158 885 4231 πλάνῃ
919 4158 1359 4231 ὲπικληθὴσεται,
1392 4159 1488 4232 τὴν
1515 4163 1593 4214 oi-

1762 4178 1813 4215 ιο
1849 4176 1997 4225 vero,
2034 4171 2092 4217 ut
2121 4162 2288 4225 κακὸς
2325 4162 2535 4234 όδηγός,
2570 4162 2677 4214 dux
2713 4159 3009 4229 improbus;
3048 4159 3261 4231 ἀληθῶς

114 4235 221 4287 κείαν
240 4239 369 4305 δόξαν
392 4246 446 4297 ὲν
478 4246 712 4320 αἰσχύνῃ
740 4247 1033 4318 τιθέμενος.

1761 4250 1989 4323 .α6ερός,
2024 4268 2141 4305 nere
2189 4253 2410 4317 noxius;
2454 4252 2616 4305 πάλαι
2651 4250 2933 4321 βάσκανος,
2968 4252 3082 4321 jam
3136 4250 3260 4305 olim

114 4326 281 4397 infidus;
302 4339 455 4407 ἀμνὸς
478 4341 683 4405 ἄδικος,
720 4359 881 4413 agnus
906 4346 1146 4415 iniquus;
1185 4346 1381 4416 quibus
1405 4347 1472 4402 ab
1514 4347 1618 4402 illis
1666 4348 1935 4416 praecipue
1975 4347 2331 4416 appellabitur
2359 4346 2725 4400 Antichristus
2751 4385 2765 4409 ,
2805 4346 2897 4415 qui
2930 4360 3142 4400 errores
3196 4344 3260 4399 il-

113 4420 521 4505 liusarersautur;
574 4436 838 4508 siquidem
881 4441 928 4495 is
973 4441 1198 4511 gloriam
1234 4459 1389 4499 suam
1422 4444 1477 4498 in
1504 4442 1718 4514 ﬂagitiis
1756 4442 1955 4512 probro
1986 4442 2164 4514 dignis
2193 4442 2484 4497 constituet
2510 4443 2593 4495 vel
2624 4441 2877 4495 maxime.

1066 4556 1215 4614 Idem
1243 4557 1297 4613 in
1322 4560 1639 4633 Apocalyps.
1684 4576 1815 4627 xvu,
1844 4561 1927 4628 10,
1950 4578 2071 4631 pag.
2097 4562 2219 4615 101.

155 4662 259 4732 Τοὺς
274 4670 321 4724 δὲ
345 4674 447 4729 ἀπὸ
485 4676 596 4729 τῶν
646 4678 783 4732 ἑπτὰ
832 4678 1092 4750 βασιλέων
1124 4683 1390 4748 πεσόντας
1429 4685 1589 4737 πέντε
1622 4689 1654 4743 ἰ]

1764 4686 1962 4740 Beatus
1992 4685 2309 4756 Hippolytus
2334 4700 2430 4755 per
2462 4685 2625 4741 hosce
2654 4702 2795 4756 reges
2826 4686 3065 4756 quinque
3094 4685 3184 4755 qui
3220 4699 3250 4739 e

109 4748 315 4854 ﬁliis.
421 4770 689 4839 μακάριος
755 4748 1066 4837 Ἱππόλυτος
1118 4774 1318 4838 αἰῶνας
1374 4776 1593 4841 τούτους

1753 4786 1900 4846 ιριοιη
1930 4748 2258 4839 ceciderunt,
2289 4776 2485 4831 saecula
2528 4748 2774 4854 accepit:
2808 4748 3057 4845 e-quibus
3092 4748 3252 4843 quin-

106 4841 321 4945 ἐξέλαϐεν·
351 4851 421 4911 ὧν
458 4862 584 4924 τοὺς
616 4862 713 4933 μὲν
762 4863 941 4927 πέντε,
987 4867 1392 4937 παρῳχηκέναι,
1422 4868 1511 4922 τὸν
1536 4868 1593 4921 δὲ

1749 4884 1799 4923 ιο
1844 4868 1954 4938 jam
2000 4868 2407 4937 praeterierunt;
2456 4844 2691 4932 sextum,
2717 4868 2770 4921 in
2807 4883 2916 4937 quo
2960 4865 3248 4936 Apostolus

105 4948 241 5037 ἕκτον,
287 4946 520 5003 ἑστάναι·
572 4954 627 5005 ἐν
674 4946 717 5021 ᾧ
768 4955 938 5009 ταῦτα
984 4956 1225 5027 ἑώρακεν
1268 4958 1296 5010 ό
1341 4960 1594 5013 Ἀπόστο-

1747 4975 1813 5014 aee
1842 4958 1995 5025 vidit,
2029 4960 2206 5014 adhuc
2233 4959 2501 5027 decurrit;
2531 4961 2817 5030 septimum
2847 4967 3049 5021 autem,
3077 4969 3134 5010 ut
3161 4958 3246 5012 ille

215 5034 289 5130 τὸν
310 5039 361 5091 δὲ
390 5042 632 5114 ἕϐδομον,
661 5046 752 5099 τὸν
781 5048 916 5117 μετὰ
958 5048 1027 5100 τὰ
1066 5055 1117 5113 ς’
1151 5049 1267 5121 ἐτη,
1310 5052 1473 5122 μήπω
1495 5053 1591 5121 μὲν

1744 5052 1966 5117 )inatur,
1997 5061 2117 5121 post
2148 5053 2327 5123 elapsa
2368 5070 2463 5109 sex
2504 5069 2772 5108 annorum
2821 5052 2985 5107 millia
3030 5052 3243 5106 tandem

105 5125 383 5223 ἐλὴλυθέναι,
415 5136 699 5207 ἐρχόμενον
747 5139 823 5204 δὲ,
881 5140 1056 5209 ὀλίγον
1099 5141 1179 5194 δεῖ
1229 5146 1424 5213 μεῖναι.
1480 5146 1591 5199 Καὶ

1746 5170 1748 5194 ε
1779 5147 1996 5217 prodet;
2037 5147 2125 5201 ubi
2160 5160 2339 5203 autem
2371 5163 2491 5204 sese
2525 5148 2837 5218 prodiderit,
2866 5162 3052 5216 parum
3081 5146 3245 5200 dura-

103 5225 229 5310 ?iuta
259 5223 344 5288 μὲν
364 5224 529 5290 οὕτως
564 5228 832 5303 [ὲκεῖνος]’
865 5234 912 5285 εἰ
944 5234 1023 5301 δὲ,
1055 5234 1128 5298 ὥς
1152 5253 1312 5306 φησιν
1331 5239 1359 5289 ὁ
1390 5236 1591 5309 [μακά“

1739 5250 1786 5294 λι.
1826 5239 1890 5293 Ει
1922 5241 2035 5296 haec
2075 5240 2291 5310 quidem
2332 5241 2399 5295 ad
2443 5257 2565 5295 eum
2612 5242 2829 5296 modum
2864 5240 2970 5293 ille.
3012 5238 3238 5303 Forsan.

106 5306 202 5379 ριος]
230 5311 490 5403 ῐιξίρηναῖος
508 5360 521 5381 ,
554 5320 738 5395 ὥσπερ
770 5326 906 5379 ἑπτὰ
932 5328 1133 5399 ἡμέραι
1169 5306 1591 5403 δεδημιοόργην-

1740 5344 1748 5385 ι
1786 5331 1845 5385 Β.
1879 5331 2064 5388 Irenzei
2093 5306 2377 5398 sententia,
2411 5343 2612 5403 septem
2644 5332 2843 5387 conditi
2873 5341 2998 5387 sunt
3024 5332 3159 5392 dies,
3187 5342 3239 5387 et

103 5405 164 5502 :1:
184 5436 195 5457 ,
216 5401 340 5456 οὕτω
383 5407 472 5460 καὶ
501 5411 633 5466 ἑπτά
653 5415 885 5485 οὐρανοὶ,
920 5418 1013 5470 καὶ
1054 5417 1189 5471 ἑπτὰ
1217 5401 1437 5487 ἄγγελοι
1482 5422 1588 5474 τῶν

1740 5431 1891 5490 rptem
1932 5424 2075 5482 caeli.
2110 5433 2163 5478 et
2194 5434 2393 5492 septem
2445 5401 2618 5490 angeli
2656 5424 2865 5476 caeteris
2900 5424 3239 5491 praestantio-

103 5482 607 5597 λοιπῶν-πρρῦχοντες,
644 5482 735 5559 καί
759 5508 912 5577 ἡμῶν
939 5509 1203 5597 λεγόντων
1250 5482 1585 5583 είλπαράδεκ-

1737 5530 1807 5578 rs;
1845 5515 1916 5568 ita
1941 5516 2051 5584 jam
2085 5517 2211 5572 inde
2242 5518 2309 5570 ah
2331 5515 2552 5571 exordio
2577 5530 2747 5584 usque
2774 5515 2839 5569 ad
2869 5516 3049 5571 saeculi
3078 5517 3236 5572 linem

104 5592 165 5628 τον
194 5588 291 5649 τοῖς
337 5588 578 5647 ἀκούουσι
630 5596 872 5665 φαίνεται
914 5599 974 5653 τὸ
1007 5588 1113 5653 καῖ’
1141 5602 1277 5657 ἑπτὰ
1310 5603 1584 5674 βασιλείας

1738 5616 1893 5675 ιριοιιι
1931 5624 2091 5677 rcgua
2117 5606 2321 5662 caeteris
2353 5605 2645 5661 celebriora
2689 5606 2821 5660 citra
2850 5607 3236 5665 absurditatem
