3814 6198
553 251 662 307 575
1770 236 2059 299 TESTIMG

2171 255 2186 298 ι
2230 244 2561 303 veranum
3599 263 3677 322 ετ,

553 383 800 430 :tatuere
831 367 1048 434 licebit;
1081 381 1112 422 e
1147 367 1346 438 quibus
1379 367 1620 437 quinque
1652 365 1764 436 jam
1793 376 1906 422 tum
1937 379 2059 422 cont

2175 390 2190 436 ι
2219 363 2355 421 εἶναι
2387 368 2484 432 τὰς
2521 367 2614 420 ἀπ’
2657 366 2830 438 ἀρχῆς
2871 366 3028 439 μέχρι
3063 365 3201 440 [τοῦ]
3244 367 3333 423 νῦν
3363 374 3681 446 περιῢοήτους.

552 464 740 517 derant
765 478 776 514 :
797 468 1031 521 sextum,
1055 473 1178 512 cum
1205 457 1556 527 Apocalypsis
1578 458 1918 522 cernebatur,
1941 457 2058 512 adht

2217 453 2292 514 ὧν
2322 459 2422 523 τὰς
2463 461 2560 531 μὲν
2616 459 2776 512 πέντε
2817 459 2920 530 ἤδη
2951 461 3314 514 πεπτωκέναι·
3347 462 3433 532 τὴν
3456 463 3505 517 δὲ
3531 467 3681 541 ἕκτην,

555 553 907 612 consistebat,
935 561 988 604 et
1015 550 1229 619 quidem
1262 549 1315 602 in
1346 549 1566 619 antiqua
1589 547 1760 604 Roma
1789 568 1802 604 :
1830 551 2059 619 septimo

2216 550 2301 618 ἐφ’
2331 545 2400 620 ἧς
2441 548 2624 622 ὼράθη
2652 553 2685 620 ἦ
2735 550 3114 615 Ἀποκάλυψις,
3149 552 3356 606 ἑστάναι
3380 555 3553 627 ταύτην
3578 564 3681 634 mg

552 658 716 714 porro
769 657 864 712 per
894 641 947 694 id
980 649 1192 710 tempus
1216 639 1444 693 necdum
1480 639 1798 695 advenerat:
1825 656 1980 696 novae
2012 639 2056 695 R

2218 641 2422 712 παλαιᾷ
2469 639 2689 713 Ῥώμῃ⁹
2733 642 2829 712 τὴν
2875 642 2932 694 δὲ
2963 643 3193 714 ἑϐδόμην
3230 645 3383 716 μήπω
3409 647 3685 724 ἐληλυθέναι,

551 751 654 790 ma:
682 733 993 804 imperium.

2213 733 2311 804 τὴν
2345 735 2402 786 ὲν
2429 735 2494 804 τῇ
2523 733 2618 805 νέᾳ
2653 731 2919 805 [”Ρώμῃ].

2124 853 2186 907 V.

900 965 1132 1038 Cyrillus
1167 964 1629 1036 Scythopotitanus
1654 970 1709 1023 in
1742 967 1863 1025 Vita
1905 969 2578 1094 Shguthymiiseabbatis;
2622 973 2676 1025 in
2714 971 2986 1026 AnaleCtis
3039 969 3241 1027 Graecis
3288 972 3408 1029 edit.
3437 981 3691 1036 amonachi;

1133 1090 1140 1094 .
2058 1081 2095 1094 ..
2120 1059 2241 1094 nua.
2348 1079 2360 1093 .

1133 1090 1140 1100 .
1957 1059 2095 1104 λιιι,
2119 1059 2241 1112 pag.
2273 1059 2360 1094 az.

619 1131 812 1186 Obitus
857 1138 1039 1184 autem
1079 1129 1198 1198 ejus
1245 1127 1560 1201 (Euthymii)
1607 1131 1805 1186 accidit
1850 1133 2106 1202 vigesima

2293 1131 2357 1186 Ἦ
2381 1131 2438 1184 δὲ
2472 1132 2746 1196 τελείωσις
2777 1131 2940 1187 αὐτοῦ
2973 1133 3165 1202 γέγονε
3195 1133 3331 1187 κατὰ
3349 1135 3439 1206 τὴν
3459 1136 3613 1191 εἰκάδα
3627 1140 3694 1193 τοῖ

550 1223 755 1277 mensis
783 1219 1048 1284 Januarii,
1084 1221 1368 1275 undecima
1402 1221 1718 1286 indictione,
1762 1236 1794 1275 a
1836 1224 2056 1279 creatio:

2227 1222 2552 1300 ’Ῑανουαρίου
2581 1247 2584 1255 ·
2616 1223 2783 1295 μηνὸς
2809 1223 2910 1294 τῆς
2941 1225 3231 1294 ἑνδεκάτης
3263 1225 3493 1291 ἰνδίκτου,
3521 1229 3607 1280 ἀπὸ
3629 1231 3696 1299 μὲν

551 1313 760 1375 mundi,
785 1327 815 1366 a
857 1326 964 1381 quo
1007 1311 1138 1367 solis
1173 1326 1368 1366 cursus
1414 1311 1672 1382 temporis
1705 1327 1960 1368 mensura
1988 1329 2057 1370 es:

2215 1312 2442 1376 κτίσεως
2493 1313 2699 1384 κόσμου
2737 1313 2828 1380 ἀφ’
2873 1306 3044 1385 οὗπερ
3094 1316 3280 1386 χρόνος
3335 1313 3512 1386 ἤρξατο
3547 1321 3600 1388 τῇ
3632 1321 3697 1372 τοῦ

551 1405 798 1474 ἱηοωρίῑ,
858 1419 1001 1458 anno
1043 1403 1332 1474 quinquies
1380 1404 1667 1459 millesimo
1704 1407 2057 1477 nongentesin

2215 1402 2365 1472 ήλίου
2384 1405 2524 1474 φορᾷ
2555 1403 2890 1476 μετρεῖσθαι,
2923 1403 3076 1468 ἔτους
3108 1406 3352 1476 πέμπτου
3380 1407 3628 1477 ἑξηκοστοῦ
3642 1413 3700 1461 ὲν-

549 1497 892 1566 sexagesimo
919 1497 1140 1565 quinto;
1171 1512 1201 1550 a
1233 1495 1329 1550 Dei
1359 1493 1522 1551 Verbi
1558 1512 1624 1552 ex
1663 1496 1886 1568 Virgine
1924 1500 2052 1554 hum

2213 1492 2555 1547 νακοσιοστοῦ
2587 1494 3140 1564 πεντακισχιλιοστοῦ·
3171 1496 3277 1548 ἀπὸ
3308 1496 3361 1550 δὲ
3389 1498 3476 1569 τῆς
3499 1497 3609 1552 Θεοῦ
3631 1499 3702 1552 Λό-

549 1602 635 1643 nae
661 1597 867 1642 naturae
895 1586 1269 1656 assumptione
1302 1595 1357 1642 et
1386 1587 1682 1644 secundum
1709 1604 1927 1644 carnem
1955 1606 2052 1660 gen

2215 1601 2311 1652 γου
2334 1585 2398 1636 ὲκ
2445 1583 2719 1654 Παρθένου
2771 1585 3233 1657 ἐνανθρωπήσεως
3275 1588 3364 1641 καὶ
3408 1588 3530 1641 κατὰ
3570 1591 3701 1660 σάρκα

549 1679 782 1743 ratione,
834 1693 977 1732 anno
1033 1677 1566 1749 quadringentesimo
1599 1681 1936 1751 sexagesimo
1955 1683 2055 1750 quit

2211 1674 2534 1744 γεννήσεως,
2557 1674 2708 1738 ἔτους
2740 1675 2988 1747 πέμπτου
3006 1675 3297 1747 ἑξηκοστοῦ
3329 1683 3700 1750 τετρακοσιοστοῦ

549 1779 626 1833 to,
665 1771 958 1825 secundum
989 1769 1256 1837 descripta
1285 1777 1527 1838 tempora
1559 1785 1591 1824 a
1616 1771 1819 1827 sanctis
1857 1767 2055 1824 Patribl

2214 1763 2356 1818 κατὰ
2380 1765 2504 1827 τοὺς
2557 1768 2966 1836 συγγραφέντας
3023 1768 3252 1838 χρόνους
3293 1769 3393 1822 ὑπὸ
3440 1771 3533 1824 τῶν
3577 1773 3700 1840 ἁγίων

549 1861 841 1932 llippolyto
878 1863 1104 1930 antiquo
1129 1869 1183 1914 et
1210 1861 1468 1929 apostolis
1505 1867 1656 1924 noto,
1680 1859 1982 1930 Epiphanio
2005 1860 2055 1932 C;

2213 1854 2356 1908 Πατέ
2367 1873 2472 1926 ρων
2515 1855 2827 1911 Ἱππολύτου
2851 1857 2944 1911 τοῦ
2966 1858 3196 1912 παλαιοῦ
3238 1859 3330 1912 καὶ
3363 1861 3601 1932 γνωρίμου
3627 1862 3703 1915 τῶν

550 1954 744 2024 priola,
767 1963 820 2008 et
847 1951 1060 2008 Herone
1081 1952 1406 2022 philosopho
1427 1961 1482 2006 et
1501 1951 1832 2008 coniessore.

2211 1947 2536 2013 ἀποστόλων,
2596 1950 2690 2002 καὶ
2761 1951 3076 2022 Ἐπιφανίου
3121 1952 3215 2005 τοῦ
3277 1953 3590 2024 Κυπριώτου,
3637 1958 3703 2007 καὶ

2215 2040 2460 2112 Ἥρωνος
2487 2040 2583 2095 τοῦ
2616 2042 2904 2113 φιλοσόφου
2935 2045 3027 2098 καὶ
3057 2044 3404 2115 όμολογητοῦ.

2131 2133 2214 2188 Vl.

1171 2223 1419 2278 Leontius
1446 2223 1775 2294 Byzantinus
1810 2223 2006 2294 πράξει
2038 2224 2143 2279 sive
2171 2226 2495 2295 lectionem,
2537 2227 2613 2283 De
2647 2228 2830 2293 sectis,
2868 2246 2989 2299 pag.
3023 2229 3153 2285 450.

621 2317 978 2386 Temporibus
1008 2315 1112 2371 illis
1141 2332 1261 2386 qua:
1295 2331 1326 2369 a
1370 2313 1570 2370 Christi
1612 2314 1895 2369 nativitate
1937 2330 2109 2385 usque

2296 2318 2570 2386 Ἐγένοντο
2589 2318 2644 2372 δὲ
2665 2321 2720 2372 ὲν
2741 2323 2852 2383 τοῖς
2870 2320 3081 2392 χρόνοις
3110 2323 3221 2385 τοῖς
3239 2320 3342 2374 ἀπὸ
3365 2322 3457 2392 τῆς
3475 2324 3708 2393 γεννήσεως

549 2411 616 2465 ad
658 2409 939 2479 imperium
971 2407 1309 2463 Constantini
1344 2416 1718 2470 numerantur,
1759 2405 1814 2460 hi
1856 2406 2055 2461 doctori

2217 2408 2312 2462 τοῦ
2379 2409 2612 2483 Χριστοῦ
2689 2411 2849 2482 μέχρι
2907 2413 3004 2484 τῆς
3060 2413 3334 2484 βασιλείας
3373 2415 3707 2467 Κωνσταντίνου

549 2513 604 2558 et
625 2501 813 2556 Patres
841 2502 1200 2556 exstiterunt:
1235 2499 1474 2572 lgnatius
1503 2499 1592 2554 ille
1626 2498 1981 2568 theophorus,
2006 2497 2055 2552 lr

2211 2500 2518 2556 διδάσκαλοι
2554 2502 2647 2557 καὶ⁹
2677 2501 2916 2573 Πατέρες
2951 2503 3059 2556 οἵδε
3080 2521 3094 2533 ο
3143 2504 3393 2572 Ἰγνάτιος
3426 2507 3452 2558 6
3480 2504 3707 2575 θεοφόρος,

549 2612 721 2659 uazus,
755 2593 1004 2649 Justinus
1041 2593 1392 2664 philosophus
1427 2600 1479 2646 et
1514 2600 1738 2662 martyr,
1766 2589 2013 2644 Clemens

2217 2594 2520 2666 Εἰρηναῖος,
2565 2595 2843 2659 Ἱουστῖνος
2899 2594 3193 2664 φιλόσοφος
3225 2598 3320 2650 καὶ
3368 2597 3571 2668 μάρτυς,
3605 2596 3709 2666 Κλή-

547 2687 872 2758 llippolytus
897 2686 1134 2756 episcopi
1167 2683 1417 2748 Romani,
1444 2683 1734 2754 Dionysius
1762 2681 2052 2753 Are0pagit

2219 2700 2325 2756 μης
2356 2687 2448 2738 καὶ
2487 2685 2802 2749 Ἱππόλυτος
2833 2687 3123 2740 ἐπίσκοποι
3162 2687 3406 2759 Ῥώμης,
3449 2689 3709 2750 Διονύσιοςό

546 2780 854 2836 Methodith
893 2778 1202 2834 Patarensis
1255 2778 1563 2848 episcopus,
1607 2774 1899 2846 Gregorius
1944 2776 2052 2830 mir

2229 2777 2652 2848 Ἀρεοπαγίτης,
2696 2777 2956 2840 Μεθόδιος
3001 2780 3302 2843 ἐπίσκοπος
3327 2781 3589 2850 Πατάρων,
3610 2779 3709 2849 Γρη-

547 2876 796 2930 culorum
835 2872 1073 2936 eti‘ector,
1096 2870 1288 2926 Petrus
1320 2869 1722 2925 Alexandrinus
1747 2868 2034 2938 episcopus

2214 2870 2398 2941 γόριος
2423 2873 2452 2923 6
2477 2871 2888 2944 Θαυματουργὺς
2906 2910 2921 2936 ,
2942 2871 3149 2943 Πέτρος
3178 2876 3206 2926 6
3247 2873 3607 2944 Ἀλεξανδρείας
3621 2872 3708 2923 tsi-

547 2979 775 3038 martyr.
835 3030 853 3048 _

2217 2976 2419 3024 σκοπος
2456 2963 2551 3014 καὶ
2592 2961 2820 3033 μάρτυς.

2114 3071 2224 3127 Vll.

1274 3167 1333 3222 S.
1362 3165 1599 3221 Isidorus
1625 3166 1956 3236 Hispalensis
1983 3165 2075 3220 lib-
2101 3182 2153 3220 vt
2208 3164 2514 3236 Originum,
2540 3184 2658 3238 cap.
2695 3168 2778 3232 16,
2804 3185 2924 3239 pag.
2957 3168 3044 3222 77.

615 3259 932 3315 Paschalem
961 3259 1184 3332 Cyclum
1222 3259 1543 3331 Hippolytus
1583 3261 1874 3330 episcopus
1904 3269 2114 3329 tempo—
2207 3257 2492 3312 ediderunt
2518 3277 2531 3313 :
2583 3259 2740 3329 cujus
2769 3261 2987 3330 quidem
3019 3261 3287 3316 rationem
3311 3259 3620 3315 beatissimus
3637 3255 3711 3326 Cy-

543 3352 700 3408 ribus
757 3352 1049 3406 Alexandri
1101 3350 1444 3421 imperatoris
1505 3351 1712 3420 primus
1766 3350 2112 3419 conscripsit.
2209 3349 2364 3404 rillus
2390 3349 2768 3406 Alexandrinae
2789 3352 2939 3408 urbis
2960 3353 3253 3422 episcopus
3280 3352 3334 3406 in
3355 3367 3450 3407 xcv
3475 3366 3620 3405 annos
3646 3364 3714 3418 per

549 3442 677 3498 Post
705 3459 863 3513 quem
902 3442 1273 3513 probatissimi
1317 3453 1567 3498 auctores
1617 3441 1883 3497 Eusebius
1928 3441 2113 3496 Caesa-
2211 3440 2452 3510 quinque
2489 3441 2676 3497 decem
2721 3445 2910 3499 novies
2948 3443 3270 3509 calculans,
3304 3453 3464 3514 quoto
3504 3441 3716 3496 Kalendas

549 3534 768 3600 riensis,
799 3532 1129 3603 TheOphilus
1169 3532 1585 3597 Alexandrinus,
1629 3531 1862 3601 Prosper
1900 3545 2118 3600 quoque
2213 3532 2293 3586 vel
2317 3532 2444 3588 luna
2465 3533 2657 3590 debeat
2677 3535 2950 3604 paschalis
2979 3535 3305 3593 solemnitas
3331 3535 3586 3600 celebrari,
3607 3549 3716 3590 sum-

547 3626 769 3680 natione
823 3626 1130 3697 Aquitanus
1185 3634 1348 3695 atque
1403 3623 1713 3680 Victorinus
1774 3623 2117 3694 ampliﬁcatis
2211 3640 2301 3680 ma
2331 3625 2592 3682 brevitate
2625 3626 2850 3682 notavit.

546 3716 794 3787 ejusdem
829 3715 1141 3772 festivitatis
1169 3715 1476 3770 rationibus
1516 3714 1850 3786 multiplices
1883 3713 2119 3768 circulos

2095 3829 2229 3885 Vlll.

795 3925 853 3982 S.
891 3926 1177 3982 Germanus
1221 3927 1638 3998 archiepiscopus
1665 3925 1800 3994 CP.,
1827 3925 1880 3979 in
1909 3924 2158 3996 Μυστικῇ
2195 3923 2301 3976 Θεα

1993 3926 2158 3996 ιστικῇ
2195 3923 2650 3994 Θεωρίᾳώιιειπν.
2697 3923 2954 3979 Ducazani
2979 3934 3107 3978 tom.
3134 3923 3204 3990 ll,
3232 3940 3351 3995 pag.
3387 3921 3499 3976 M8.

615 4026 672 4081 ld
696 4035 749 4081 et
793 4024 1114 4098 Hippolytus
1147 4041 1177 4080 e
1203 4023 1375 4079 Roma
1399 4033 1453 4079 et
1481 4023 1540 4078 S.
1564 4023 1799 4096 Cyrillus
1833 4021 2104 4076 alIirmant

2291 4019 2460 4072 Τοῦτο
2490 4021 2581 4073 καὶ⁷
2615 4021 2930 4085 Ἱππόλυτος
2969 4019 3189 4091 Ῥώμης
3214 4020 3308 4074 καὶ
3332 4021 3360 4072 6
3390 4019 3530 4088 ἅγιος
3556 4012 3694 4085 Κύριλ

543 4118 600 4176 in
635 4119 788 4174 libris
823 4117 939 4172 suis
967 4117 1033 4172 de
1067 4115 1420 4179 Antichristo,
1441 4129 1584 4168 anno
1613 4114 1788 4168 sexies
1816 4113 2049 4168 millesin

2209 4109 2576 4181 log‘léyouatv
2599 4113 2657 4165 ὲν
2677 4115 2788 4177 τοῖς
2818 4111 3058 4184 περὶτοῦ
3083 4112 3446 4184 ’Δντιχρίστου
3471 4108 3624 4176 λόγοις
3646 4105 3715 4156 αὖ·

543 4211 978 4283 quingentesimo
1015 4207 1258 4264 futurum
1288 4206 1536 4278 (Christi)
1565 4205 1875 4260 adventum.

2209 4201 2332 4265 τῶν,
2366 4204 2424 4254 ἐν
2450 4203 2527 4274 τῷ
2571 4202 3004 4276 ὲξακισχιλιοστῷ
3066 4201 3488 4274 πεντακοσιοστῷ
3522 4199 3614 4254 ἔτει
3644 4195 3715 4265 τὴν

2215 4293 2510 4363 μέλλουσαν
2553 4297 2853 4367 παρουσίαν
2875 4297 3111 4352 ἔσεσθαι.

2118 4407 2208 4463 IX.

1070 4531 1130 4586 S.
1157 4530 1388 4585 Joannes
1429 4528 1786 4583 Damascenus
1813 4528 1866 4582 in
1903 4526 2056 4582 Sacr.
2083 4528 2355 4594 Parallel.,
2393 4539 2432 4584 t.
2469 4529 2535 4596 Il,
2561 4548 2680 4601 pag.
2709 4531 2806 4585 781
2836 4532 2963 4586 edit.
2999 4529 3247 4602 Lequien.

613 4647 671 4702 S.
715 4646 984 4720 Hippolyti
1027 4649 1272 4720 episcopi
1299 4647 1504 4716 Roma,
1531 4647 1599 4703 de
1637 4646 1856 4703 Christo
1895 4656 1951 4702 et
1991 4646 2100 4700 An-

2287 4649 2602 4704 Ἱππολύτου
2636 4651 2931 4704 ἐπισκόπου
2971 4650 3208 4722 Ῥώμης,
3254 4651 3380 4721 περὶ
3417 4643 3626 4719 Χριστοῦ
3647 4640 3715 4693 καὶ

539 4737 810 4792 tichristo.
2042 4763 2045 4778 .

2042 4763 2047 4778 ι
2211 4740 2304 4794 τοῦ
2352 4742 2729 4812 Ἀντιχρίστου.

611 4828 716 4883 Sed
744 4830 828 4884 his
849 4829 914 4884 ad
944 4830 1034 4884 Dei
1061 4831 1284 4900 gloriam
1309 4831 1362 4884 in
1393 4841 1733 4886 antecessum
1765 4829 1947 4894 dictis,
1971 4840 2100 4896 etc.,

2282 4832 2360 4902 (5)
2408 4833 2565 4886 Ἀλλὰ
2611 4832 2814 4886 τούτων
2845 4832 2900 4884 ὲν
2941 4831 3211 4903 προοιμίῳ
3241 4832 3320 4894 εἰς
3347 4827 3495 4893 δόξαν
3520 4821 3636 4878 Θεοῦ
3661 4819 3715 4870 εί-

539 4936 700 4991 usque
730 4922 820 4986 ad,
851 4921 1047 4976 Libero
1078 4921 1330 4976 circuire.

2210 4923 2480 4997 ρημένων,
2511 4942 2564 4978 κ.
2587 4940 2638 4976 τ.
2670 4921 3052 4994 λ.,πομπεύειν
3079 4920 3157 4992 τῷ
3176 4920 3426 4990 Διονύσῳ.

2109 5020 2153 5074 X

646 5107 707 5166 S.
757 5112 1083 5186 Nicephorus
1114 5117 1225 5174 ΟΡ.
1252 5120 1305 5174 in
1363 5119 1665 5190 Chronogr.
1697 5136 1817 5190 pag.
1846 5119 1970 5185 401,
2001 5121 2129 5242 ﬁt“.
2167 5119 2370 5242 Paris”
2403 5115 2506 5173 319
2567 5115 2763 5180 Venet,
2795 5113 3076 5186 interprete
3097 5113 3378 5168 Anastasio
3426 5107 3555 5165 Bibl.
3585 5105 3630 5156 in

2054 5201 2139 5242 ist.
2183 5206 2275 5242 ccc
2301 5230 2315 5242 .

2054 5201 2139 5245 tst.
2183 5201 2315 5245 eccl.

612 5275 725 5332 Sub
752 5279 914 5350 hujus
957 5281 1186 5354 (Severi)
1229 5283 1458 5354 imperio
1492 5281 1756 5338 Leonides
1793 5291 1944 5354 pater
1978 5281 2100 5338 Ori~

2283 5285 2408 5338 Ἐπὶ
2428 5283 2614 5336 τούτου
2648 5281 2930 5354 (Σευήρου)
2960 5281 3230 5352 βασιλείας
3254 5276 3499 5344 Λεονίδης
3521 5274 3546 5325 6
3564 5265 3710 5333 πατὴρ

539 5369 696 5436 genis
737 5375 1118 5444 martyrizatus
1182 5385 1285 5440 est,
1309 5383 1364 5430 et
1441 5374 1760 5446 Hippolytus
1820 5373 2045 5428 Romam

2215 5375 2518 5448 Ὠριγένους
2555 5374 2951 5445 ἐμαρτύρησεν,
2981 5375 3075 5426 καὶ
3113 5371 3414 5431 Ἱππόλυτος
3436 5369 3462 5420 ό
3485 5360 3709 5432 Ῥωμαῖος

543 5463 776 5531 scriptor
834 5466 1098 5531 ﬂorebat,
1154 5477 1314 5538 atque
1368 5467 1661 5539 Gregorius
1710 5467 2049 5523 miraculortu

2207 5465 2548 5536 συγγραφεὺς
2599 5463 2834 5534 ἦκμαζε,
2884 5464 2978 5516 καὶ
3027 5462 3322 5534 Γρηγόριος
3361 5461 3388 5512 6
3426 5457 3713 5524 θαυματουρ-

541 5549 782 5618 είῐοειον,
805 5565 860 5610 et
883 5556 1134 5614 Clemens
1159 5559 1578 5615 Alexandrinus.
2015 5546 2022 5550 ’

2015 5546 2022 5550 ’
2196 5558 2293 5627 γδς
2322 5558 2416 5611 καὶ
2444 5555 2672 5626 Κλήμης
2700 5557 2729 5607 6
2773 5554 3167 5626 Ἀλεξανδρεύς.

616 5689 992 5768 (5_)_E_xcerpta
1024 5707 1151 5768 sunt
1185 5713 1250 5752 ex
1282 5698 1516 5768 genuino
1547 5696 2005 5768 Hippolytiopere
2031 5697 2094 5749 de

2205 5704 2357 5768 runt_.
2397 5691 2694 5768 πρμπερειν
2733 5691 2812 5764 τῷ
2854 5691 3124 5761 Διονύσῳ,
3180 5707 3243 5747 ex
3281 5686 3375 5742 lib.
3414 5681 3454 5738 ll
3504 5674 3711 5735 Machlbv

547 5758 1076 5835 Amic/aristofcapp.
1109 5767 1142 5821 5
1168 5777 1221 5824 et
1247 5758 1336 5837 l§,
1359 5768 1450 5825 ubi
1476 5768 1577 5825 sub
1603 5758 1764 5826 ﬁdem
1796 5758 2102 5824 ilta'occur-
2211 5783 2258 5821 Vl
2277 5804 2291 5830 ,
2329 5765 2380 5831 7,
2409 5758 2707 5834 descripta.
