  <div class='ocr_page' id='page_1' title='image "/cluster/home/n/w/nwhite01/storage/ocr_20150623/10/hvd.32044073501330/308.png"; bbox 0 0 3796 6194; ppageno 0'>
   <div class='ocr_carea' id='block_1_1' title="bbox 1313 256 1951 315">
    <p class='ocr_par' dir='ltr' id='par_1_1' title="bbox 1313 256 1951 315">
     <span class='ocr_line' id='line_1_1' title="bbox 1313 256 1951 315; baseline 0.003 -2"><span class='ocrx_word' id='word_1_1' title='bbox 1313 256 1403 313; x_wconf 73' lang='lat' dir='ltr'><strong>DE</strong></span> <span class='ocrx_word' id='word_1_2' title='bbox 1449 259 1507 315; x_wconf 88' lang='lat' dir='ltr'><strong>S.</strong></span> <span class='ocrx_word' id='word_1_3' title='bbox 1544 256 1951 315; x_wconf 74' lang='lat' dir='ltr'><strong>HIPPOLVTO.</strong></span> 
     </span>
    </p>
   </div>
   <div class='ocr_carea' id='block_1_2' title="bbox 3150 268 3257 325">
    <p class='ocr_par' dir='ltr' id='par_1_2' title="bbox 3150 268 3257 325">
     <span class='ocr_line' id='line_1_2' title="bbox 3150 268 3257 325; baseline 0.019 -3"><span class='ocrx_word' id='word_1_4' title='bbox 3150 268 3257 325; x_wconf 79' lang='lat'><strong>573</strong></span> 
     </span>
    </p>
   </div>
   <div class='ocr_carea' id='block_1_3' title="bbox 1592 381 1683 437">
    <p class='ocr_par' dir='ltr' id='par_1_3' title="bbox 1592 381 1683 437">
     <span class='ocr_line' id='line_1_3' title="bbox 1592 381 1683 437; baseline 0.022 -2"><span class='ocrx_word' id='word_1_5' title='bbox 1592 381 1683 437; x_wconf 79' lang='lat' dir='ltr'><strong>XI.</strong></span> 
     </span>
    </p>
   </div>
   <div class='ocr_carea' id='block_1_4' title="bbox 943 474 2341 543">
    <p class='ocr_par' dir='ltr' id='par_1_4' title="bbox 943 474 2341 543">
     <span class='ocr_line' id='line_1_4' title="bbox 943 474 2341 543; baseline 0.001 -11"><span class='ocrx_word' id='word_1_6' title='bbox 943 475 1003 533; x_wconf 89' lang='lat' dir='ltr'><strong>S.</strong></span> <span class='ocrx_word' id='word_1_7' title='bbox 1043 479 1155 531; x_wconf 80' lang='grc' dir='ltr'><em>Αάο</em></span> <span class='ocrx_word' id='word_1_8' title='bbox 1207 475 1509 531; x_wconf 72' lang='lat' dir='ltr'><strong>Viennensis</strong></span> <span class='ocrx_word' id='word_1_9' title='bbox 1550 478 1602 529; x_wconf 90' lang='lat' dir='ltr'><strong>in</strong></span> <span class='ocrx_word' id='word_1_10' title='bbox 1632 474 1920 543; x_wconf 88' lang='lat' dir='ltr'><strong>Chronico,</strong></span> <span class='ocrx_word' id='word_1_11' title='bbox 1962 476 2032 530; x_wconf 83' lang='lat' dir='ltr'><strong>ad</strong></span> <span class='ocrx_word' id='word_1_12' title='bbox 2061 494 2184 531; x_wconf 86' lang='lat' dir='ltr'><strong>ann.</strong></span> <span class='ocrx_word' id='word_1_13' title='bbox 2217 478 2341 535; x_wconf 71' lang='lat'><strong>220.</strong></span> 
     </span>
    </p>
   </div>
   <div class='ocr_carea' id='block_1_5' title="bbox 181 595 3256 672">
    <p class='ocr_par' dir='ltr' id='par_1_5' title="bbox 181 595 3256 672">
     <span class='ocr_line' id='line_1_5' title="bbox 181 595 3256 672; baseline -0 -15"><span class='ocrx_word' id='word_1_14' title='bbox 181 602 440 672; x_wconf 83' lang='lat' dir='ltr'><strong>Hippolytus</strong></span> <span class='ocrx_word' id='word_1_15' title='bbox 488 596 769 666; x_wconf 86' lang='lat' dir='ltr'><strong>episcopus</strong></span> <span class='ocrx_word' id='word_1_16' title='bbox 832 597 1131 651; x_wconf 89' lang='lat' dir='ltr'><strong>multorum</strong></span> <span class='ocrx_word' id='word_1_17' title='bbox 1189 596 1439 651; x_wconf 88' lang='lat' dir='ltr'><strong>conditor</strong></span> <span class='ocrx_word' id='word_1_18' title='bbox 1495 595 1911 666; x_wconf 84' lang='lat' dir='ltr'><strong>opusculorum,</strong></span> <span class='ocrx_word' id='word_1_19' title='bbox 1958 605 2262 668; x_wconf 78' lang='lat' dir='ltr'><strong>temporum</strong></span> <span class='ocrx_word' id='word_1_20' title='bbox 2322 598 2597 654; x_wconf 88' lang='lat' dir='ltr'><strong>Canonem</strong></span> <span class='ocrx_word' id='word_1_21' title='bbox 2641 602 2999 672; x_wconf 75' lang='lat' dir='ltr'><strong>conscripsit.</strong></span> <span class='ocrx_word' id='word_1_22' title='bbox 3050 612 3103 655; x_wconf 84' lang='lat' dir='ltr'><strong>et</strong></span> <span class='ocrx_word' id='word_1_23' title='bbox 3152 610 3256 658; x_wconf 84' lang='lat' dir='ltr'><strong>huc</strong></span> 
     </span>
    </p>
   </div>
   <div class='ocr_carea' id='block_1_6' title="bbox 114 686 1424 763">
    <p class='ocr_par' dir='ltr' id='par_1_6' title="bbox 114 686 1424 763">
     <span class='ocr_line' id='line_1_6' title="bbox 114 686 1424 763; baseline -0.008 -13"><span class='ocrx_word' id='word_1_24' title='bbox 114 711 248 763; x_wconf 84' lang='lat' dir='ltr'><strong>usque</strong></span> <span class='ocrx_word' id='word_1_25' title='bbox 267 692 339 761; x_wconf 76' lang='lat' dir='ltr'><strong>(ad</strong></span> <span class='ocrx_word' id='word_1_26' title='bbox 364 686 631 743; x_wconf 70' lang='lat' dir='ltr'><strong>Alexandri</strong></span> <span class='ocrx_word' id='word_1_27' title='bbox 657 686 828 741; x_wconf 70' lang='lat' dir='ltr'><strong>Severi</strong></span> <span class='ocrx_word' id='word_1_28' title='bbox 857 687 1113 755; x_wconf 78' lang='lat' dir='ltr'><strong>tempora)</strong></span> <span class='ocrx_word' id='word_1_29' title='bbox 1152 686 1424 756; x_wconf 84' lang='lat' dir='ltr'><strong>perduxit.</strong></span> 
     </span>
    </p>
   </div>
   <div class='ocr_carea' id='block_1_7' title="bbox 1583 780 1696 835">
    <p class='ocr_par' dir='ltr' id='par_1_7' title="bbox 1583 780 1696 835">
     <span class='ocr_line' id='line_1_7' title="bbox 1583 780 1696 835; baseline 0 0"><span class='ocrx_word' id='word_1_30' title='bbox 1583 780 1696 835; x_wconf 76' lang='lat' dir='ltr'><strong>XII.</strong></span> 
     </span>
    </p>
   </div>
   <div class='ocr_carea' id='block_1_8' title="bbox 1210 874 2066 944">
    <p class='ocr_par' dir='ltr' id='par_1_8' title="bbox 1210 874 2066 944">
     <span class='ocr_line' id='line_1_8' title="bbox 1210 874 2066 944; baseline 0.001 -15"><span class='ocrx_word' id='word_1_31' title='bbox 1210 876 1427 931; x_wconf 79' lang='lat' dir='ltr'><strong>Photius</strong></span> <span class='ocrx_word' id='word_1_32' title='bbox 1460 874 1737 944; x_wconf 87' lang='lat' dir='ltr'><strong>Biblioth.,</strong></span> <span class='ocrx_word' id='word_1_33' title='bbox 1772 877 1886 931; x_wconf 85' lang='lat' dir='ltr'><strong>cod.</strong></span> <span class='ocrx_word' id='word_1_34' title='bbox 1919 893 2066 931; x_wconf 74' lang='lat' dir='ltr'><strong>cxxr.</strong></span> 
     </span>
    </p>
   </div>
   <div class='ocr_carea' id='block_1_9' title="bbox 169 992 1578 1068">
    <p class='ocr_par' dir='ltr' id='par_1_9' title="bbox 169 992 1578 1066">
     <span class='ocr_line' id='line_1_9' title="bbox 169 992 1578 1066; baseline -0.004 -14"><span class='ocrx_word' id='word_1_35' title='bbox 169 994 443 1066; x_wconf 75' lang='grc' dir='ltr'>’Δνεγνὼσθη</span> <span class='ocrx_word' id='word_1_36' title='bbox 490 992 810 1064; x_wconf 63' lang='grc' dir='ltr'>βιωιδάριον</span> <span class='ocrx_word' id='word_1_37' title='bbox 854 992 1187 1047; x_wconf 79' lang='grc' dir='ltr'>Ἱππολύτου.</span> <span class='ocrx_word' id='word_1_38' title='bbox 1238 993 1500 1066; x_wconf 86' lang='grc' dir='ltr'>Μαθητὴς</span> <span class='ocrx_word' id='word_1_39' title='bbox 1525 994 1578 1046; x_wconf 83' lang='grc' dir='ltr'>δὲ</span> 
     </span>
    </p>
   </div>
   <div class='ocr_carea' id='block_1_10' title="bbox 1680 992 3255 1068">
    <p class='ocr_par' dir='ltr' id='par_1_10' title="bbox 1754 993 3255 1068">
     <span class='ocr_line' id='line_1_10' title="bbox 1754 993 3255 1068; baseline 0.004 -21"><span class='ocrx_word' id='word_1_40' title='bbox 1754 993 1949 1049; x_wconf 84' lang='lat' dir='ltr'><strong>Lectus</strong></span> <span class='ocrx_word' id='word_1_41' title='bbox 1975 1002 2058 1048; x_wconf 88' lang='lat' dir='ltr'><strong>est</strong></span> <span class='ocrx_word' id='word_1_42' title='bbox 2090 993 2357 1067; x_wconf 80' lang='lat' dir='ltr'><strong>Hippolyti</strong></span> <span class='ocrx_word' id='word_1_43' title='bbox 2400 998 2636 1064; x_wconf 84' lang='lat' dir='ltr'><strong>libellus,</strong></span> <span class='ocrx_word' id='word_1_44' title='bbox 2668 996 2761 1068; x_wconf 89' lang='lat' dir='ltr'><strong>qui</strong></span> <span class='ocrx_word' id='word_1_45' title='bbox 2797 997 2982 1053; x_wconf 68' lang='lat' dir='ltr'><strong>Irenaai</strong></span> <span class='ocrx_word' id='word_1_46' title='bbox 3015 999 3255 1068; x_wconf 84' lang='lat' dir='ltr'><strong>discipu-</strong></span> 
     </span>
    </p>
   </div>
   <div class='ocr_carea' id='block_1_11' title="bbox 113 1080 1583 1161">
    <p class='ocr_par' dir='ltr' id='par_1_11' title="bbox 113 1080 1583 1161">
     <span class='ocr_line' id='line_1_11' title="bbox 113 1080 1583 1161; baseline -0.002 -20"><span class='ocrx_word' id='word_1_47' title='bbox 113 1089 327 1161; x_wconf 70' lang='grc' dir='ltr'>εἰρηναίου</span> <span class='ocrx_word' id='word_1_48' title='bbox 354 1087 379 1138; x_wconf 87' lang='grc' dir='ltr'><em>ὸ</em></span> <span class='ocrx_word' id='word_1_49' title='bbox 416 1084 736 1149; x_wconf 82' lang='grc' dir='ltr'>Ἱππόλυτος.</span> <span class='ocrx_word' id='word_1_50' title='bbox 769 1080 875 1137; x_wconf 87' lang='grc' dir='ltr'>Ἦν</span> <span class='ocrx_word' id='word_1_51' title='bbox 920 1084 977 1137; x_wconf 77' lang='grc' dir='ltr'><strong>δὲ</strong></span> <span class='ocrx_word' id='word_1_52' title='bbox 1018 1084 1078 1137; x_wconf 83' lang='grc' dir='ltr'>τὸ</span> <span class='ocrx_word' id='word_1_53' title='bbox 1119 1084 1401 1156; x_wconf 81' lang='grc' dir='ltr'>σύνταγμα</span> <span class='ocrx_word' id='word_1_54' title='bbox 1442 1084 1583 1139; x_wconf 89' lang='grc' dir='ltr'><strong>κατά</strong></span> 
     </span>
    </p>
   </div>
   <div class='ocr_carea' id='block_1_12' title="bbox 113 1176 1583 1253">
    <p class='ocr_par' dir='ltr' id='par_1_12' title="bbox 113 1176 1583 1253">
     <span class='ocr_line' id='line_1_12' title="bbox 113 1176 1583 1253; baseline -0.006 -16"><span class='ocrx_word' id='word_1_55' title='bbox 113 1184 304 1253; x_wconf 75' lang='grc' dir='ltr'>αἱρέσεων</span> <span class='ocrx_word' id='word_1_56' title='bbox 322 1178 410 1253; x_wconf 77' lang='grc' dir='ltr'>λβ’,</span> <span class='ocrx_word' id='word_1_57' title='bbox 434 1178 601 1249; x_wconf 83' lang='grc' dir='ltr'>ἀρχὴν</span> <span class='ocrx_word' id='word_1_58' title='bbox 633 1177 950 1249; x_wconf 80' lang='grc' dir='ltr'>ποιούμενον</span> <span class='ocrx_word' id='word_1_59' title='bbox 976 1177 1345 1241; x_wconf 81' lang='grc' dir='ltr'>Δοσιθεανοὺς,</span> <span class='ocrx_word' id='word_1_60' title='bbox 1370 1177 1460 1229; x_wconf 60' lang='grc' dir='ltr'><strong>καὶ⁴</strong></span> <span class='ocrx_word' id='word_1_61' title='bbox 1486 1176 1583 1248; x_wconf 85' lang='grc' dir='ltr'>μέ-</span> 
     </span>
    </p>
   </div>
   <div class='ocr_carea' id='block_1_13' title="bbox 111 1272 1583 1345">
    <p class='ocr_par' dir='ltr' id='par_1_13' title="bbox 111 1272 1583 1345">
     <span class='ocr_line' id='line_1_13' title="bbox 111 1272 1583 1345; baseline -0.001 -19"><span class='ocrx_word' id='word_1_62' title='bbox 111 1289 173 1344; x_wconf 80' lang='grc' dir='ltr'><strong>χρι</strong></span> <span class='ocrx_word' id='word_1_63' title='bbox 195 1273 360 1344; x_wconf 76' lang='grc' dir='ltr'>Νοητοῦ</span> <span class='ocrx_word' id='word_1_64' title='bbox 391 1273 475 1325; x_wconf 72' lang='grc' dir='ltr'><strong>καὶ</strong></span> <span class='ocrx_word' id='word_1_65' title='bbox 500 1273 811 1344; x_wconf 83' lang='grc' dir='ltr'>Νοητιανῶν</span> <span class='ocrx_word' id='word_1_66' title='bbox 833 1273 1345 1345; x_wconf 84' lang='grc' dir='ltr'>διαλαμϐανόμενον.</span> <span class='ocrx_word' id='word_1_67' title='bbox 1372 1272 1583 1337; x_wconf 83' lang='grc' dir='ltr'>Ταύτας</span> 
     </span>
    </p>
   </div>
   <div class='ocr_carea' id='block_1_14' title="bbox 117 1364 1584 1437">
    <p class='ocr_par' dir='ltr' id='par_1_14' title="bbox 117 1364 1584 1437">
     <span class='ocr_line' id='line_1_14' title="bbox 117 1364 1584 1437; baseline -0.003 -17"><span class='ocrx_word' id='word_1_68' title='bbox 117 1370 160 1437; x_wconf 80' lang='grc' dir='ltr'>δή</span> <span class='ocrx_word' id='word_1_69' title='bbox 186 1384 311 1437; x_wconf 60' lang='lat' dir='ltr'><strong>grew</strong></span> <span class='ocrx_word' id='word_1_70' title='bbox 360 1364 590 1435; x_wconf 80' lang='grc' dir='ltr'><strong>ἐλέγχοις</strong></span> <span class='ocrx_word' id='word_1_71' title='bbox 614 1364 1007 1435; x_wconf 81' lang='grc' dir='ltr'>ὑποϐληθῆναι,</span> <span class='ocrx_word' id='word_1_72' title='bbox 1063 1365 1373 1436; x_wconf 76' lang='grc' dir='ltr'>ὁμιλοῦντος</span> <span class='ocrx_word' id='word_1_73' title='bbox 1420 1366 1584 1437; x_wconf 76' lang='grc' dir='ltr'>Εἰρη-</span> 
     </span>
    </p>
   </div>
   <div class='ocr_carea' id='block_1_15' title="bbox 110 1448 1583 1525">
    <p class='ocr_par' dir='ltr' id='par_1_15' title="bbox 110 1448 1583 1525">
     <span class='ocr_line' id='line_1_15' title="bbox 110 1448 1583 1525; baseline -0.002 -15"><span class='ocrx_word' id='word_1_74' title='bbox 110 1458 228 1519; x_wconf 76' lang='grc' dir='ltr'>ναὶου,</span> <span class='ocrx_word' id='word_1_75' title='bbox 249 1448 309 1508; x_wconf 80' lang='grc' dir='ltr'>ὧν</span> <span class='ocrx_word' id='word_1_76' title='bbox 332 1454 415 1507; x_wconf 69' lang='grc' dir='ltr'><strong>καὶ</strong></span> <span class='ocrx_word' id='word_1_77' title='bbox 451 1453 667 1522; x_wconf 68' lang='grc' dir='ltr'>σύνοψιν</span> <span class='ocrx_word' id='word_1_78' title='bbox 699 1457 727 1507; x_wconf 88' lang='grc' dir='ltr'><strong>ό</strong></span> <span class='ocrx_word' id='word_1_79' title='bbox 758 1455 1068 1518; x_wconf 80' lang='grc' dir='ltr'><strong>Ἱππόλυτος</strong></span> <span class='ocrx_word' id='word_1_80' title='bbox 1112 1454 1433 1525; x_wconf 89' lang='grc' dir='ltr'>ποιούμενος</span> <span class='ocrx_word' id='word_1_81' title='bbox 1466 1455 1583 1507; x_wconf 84' lang='grc' dir='ltr'>τόδε</span> 
     </span>
    </p>
   </div>
   <div class='ocr_carea' id='block_1_16' title="bbox 110 1545 1583 1619">
    <p class='ocr_par' dir='ltr' id='par_1_16' title="bbox 110 1545 1583 1619">
     <span class='ocr_line' id='line_1_16' title="bbox 110 1545 1583 1619; baseline -0.001 -18"><span class='ocrx_word' id='word_1_82' title='bbox 110 1551 149 1601; x_wconf 67' lang='grc' dir='ltr'>τὸ</span> <span class='ocrx_word' id='word_1_83' title='bbox 168 1547 321 1617; x_wconf 75' lang='grc' dir='ltr'>βιϐλίον</span> <span class='ocrx_word' id='word_1_84' title='bbox 348 1545 498 1617; x_wconf 70' lang='grc' dir='ltr'>φησὶν</span> <span class='ocrx_word' id='word_1_85' title='bbox 523 1546 923 1617; x_wconf 72' lang='grc' dir='ltr'>συντεταχέναι.</span> <span class='ocrx_word' id='word_1_86' title='bbox 958 1548 1067 1619; x_wconf 81' lang='grc' dir='ltr'><strong>Τὴν</strong></span> <span class='ocrx_word' id='word_1_87' title='bbox 1097 1547 1153 1600; x_wconf 80' lang='grc' dir='ltr'><strong>δὲ</strong></span> <span class='ocrx_word' id='word_1_88' title='bbox 1180 1547 1376 1619; x_wconf 79' lang='grc' dir='ltr'>φράσιν</span> <span class='ocrx_word' id='word_1_89' title='bbox 1411 1547 1583 1618; x_wconf 74' lang='grc' dir='ltr'>σαφής</span> 
     </span>
    </p>
   </div>
   <div class='ocr_carea' id='block_1_17' title="bbox 110 1638 1581 1709">
    <p class='ocr_par' dir='ltr' id='par_1_17' title="bbox 110 1638 1581 1709">
     <span class='ocr_line' id='line_1_17' title="bbox 110 1638 1581 1709; baseline -0.002 -16"><span class='ocrx_word' id='word_1_90' title='bbox 110 1644 187 1693; x_wconf 68' lang='grc' dir='ltr'>ἐστι</span> <span class='ocrx_word' id='word_1_91' title='bbox 211 1640 283 1691; x_wconf 79' lang='grc' dir='ltr'><strong>καὶ</strong></span> <span class='ocrx_word' id='word_1_92' title='bbox 314 1638 615 1708; x_wconf 83' lang='grc' dir='ltr'>ὑπόσεμνος,</span> <span class='ocrx_word' id='word_1_93' title='bbox 656 1640 749 1691; x_wconf 71' lang='grc' dir='ltr'><strong>καὶ</strong></span> <span class='ocrx_word' id='word_1_94' title='bbox 783 1638 1091 1709; x_wconf 83' lang='grc' dir='ltr'>ἀπέριττός,</span> <span class='ocrx_word' id='word_1_95' title='bbox 1129 1642 1176 1691; x_wconf 77' lang='grc' dir='ltr'>εἰ</span> <span class='ocrx_word' id='word_1_96' title='bbox 1204 1638 1294 1692; x_wconf 71' lang='grc' dir='ltr'><strong>καὶ</strong></span> <span class='ocrx_word' id='word_1_97' title='bbox 1330 1638 1463 1709; x_wconf 82' lang='grc' dir='ltr'>πρὸς</span> <span class='ocrx_word' id='word_1_98' title='bbox 1491 1638 1581 1690; x_wconf 84' lang='grc' dir='ltr'><strong>τὸν</strong></span> 
     </span>
    </p>
   </div>
   <div class='ocr_carea' id='block_1_18' title="bbox 117 1729 1583 1801">
    <p class='ocr_par' dir='ltr' id='par_1_18' title="bbox 117 1729 1583 1801">
     <span class='ocr_line' id='line_1_18' title="bbox 117 1729 1583 1801; baseline 0 -18"><span class='ocrx_word' id='word_1_99' title='bbox 117 1730 291 1784; x_wconf 72' lang='grc' dir='ltr'>Ἀττικὸν</span> <span class='ocrx_word' id='word_1_100' title='bbox 319 1729 383 1799; x_wconf 88' lang='grc'><strong>(6)</strong></span> <span class='ocrx_word' id='word_1_101' title='bbox 415 1731 510 1783; x_wconf 87' lang='grc' dir='ltr'><strong>ούκ</strong></span> <span class='ocrx_word' id='word_1_102' title='bbox 540 1731 929 1801; x_wconf 77' lang='grc' dir='ltr'>ἐπιστρέφεται</span> <span class='ocrx_word' id='word_1_103' title='bbox 959 1731 1130 1800; x_wconf 82' lang='grc' dir='ltr'>λόγον.</span> <span class='ocrx_word' id='word_1_104' title='bbox 1163 1732 1322 1800; x_wconf 82' lang='grc' dir='ltr'>Λέγει</span> <span class='ocrx_word' id='word_1_105' title='bbox 1368 1731 1423 1784; x_wconf 80' lang='grc' dir='ltr'>δὲ</span> <span class='ocrx_word' id='word_1_106' title='bbox 1450 1729 1583 1785; x_wconf 84' lang='grc' dir='ltr'>ἀλλα</span> 
     </span>
    </p>
   </div>
   <div class='ocr_carea' id='block_1_19' title="bbox 110 1822 1582 1894">
    <p class='ocr_par' dir='ltr' id='par_1_19' title="bbox 110 1822 1582 1894">
     <span class='ocr_line' id='line_1_19' title="bbox 110 1822 1582 1894; baseline -0.001 -19"><span class='ocrx_word' id='word_1_107' title='bbox 110 1824 151 1893; x_wconf 71' lang='grc' dir='ltr'>δή</span> <span class='ocrx_word' id='word_1_108' title='bbox 181 1841 269 1875; x_wconf 83' lang='grc' dir='ltr'>τινα</span> <span class='ocrx_word' id='word_1_109' title='bbox 310 1824 397 1893; x_wconf 76' lang='grc' dir='ltr'>τῆς</span> <span class='ocrx_word' id='word_1_110' title='bbox 436 1822 724 1894; x_wconf 77' lang='grc' dir='ltr'>ἀκριϐείας</span> <span class='ocrx_word' id='word_1_111' title='bbox 776 1822 1087 1893; x_wconf 87' lang='grc' dir='ltr'>λειπόμενα,</span> <span class='ocrx_word' id='word_1_112' title='bbox 1139 1824 1231 1876; x_wconf 77' lang='grc' dir='ltr'><strong>καὶ</strong></span> <span class='ocrx_word' id='word_1_113' title='bbox 1265 1823 1345 1875; x_wconf 80' lang='grc' dir='ltr'>ὅτι</span> <span class='ocrx_word' id='word_1_114' title='bbox 1382 1822 1414 1891; x_wconf 88' lang='grc' dir='ltr'><strong>ἡ</strong></span> <span class='ocrx_word' id='word_1_115' title='bbox 1444 1822 1582 1893; x_wconf 71' lang='grc' dir='ltr'>πρὸς</span> 
     </span>
    </p>
   </div>
   <div class='ocr_carea' id='block_1_20' title="bbox 116 1913 1577 1987">
    <p class='ocr_par' dir='ltr' id='par_1_20' title="bbox 116 1913 1577 1987">
     <span class='ocr_line' id='line_1_20' title="bbox 116 1913 1577 1987; baseline -0.001 -18"><span class='ocrx_word' id='word_1_116' title='bbox 116 1916 320 1987; x_wconf 73' lang='grc' dir='ltr'>’Ἐϐραίους</span> <span class='ocrx_word' id='word_1_117' title='bbox 354 1913 629 1985; x_wconf 81' lang='grc' dir='ltr'>Ἐπιστολὴ</span> <span class='ocrx_word' id='word_1_118' title='bbox 655 1915 755 1967; x_wconf 87' lang='grc' dir='ltr'><strong>οὑκ</strong></span> <span class='ocrx_word' id='word_1_119' title='bbox 774 1914 889 1969; x_wconf 76' lang='grc' dir='ltr'>ἔστι</span> <span class='ocrx_word' id='word_1_120' title='bbox 912 1916 1005 1969; x_wconf 88' lang='grc' dir='ltr'><strong>τοῦ</strong></span> <span class='ocrx_word' id='word_1_121' title='bbox 1030 1915 1324 1969; x_wconf 74' lang='grc' dir='ltr'>ἀποστόλου</span> <span class='ocrx_word' id='word_1_122' title='bbox 1348 1914 1577 1968; x_wconf 89' lang='grc' dir='ltr'>Παύλου.</span> 
     </span>
    </p>
   </div>
   <div class='ocr_carea' id='block_1_21' title="bbox 109 2007 1584 2084">
    <p class='ocr_par' dir='ltr' id='par_1_21' title="bbox 109 2007 1584 2084">
     <span class='ocr_line' id='line_1_21' title="bbox 109 2007 1584 2084; baseline -0.001 -24"><span class='ocrx_word' id='word_1_123' title='bbox 109 2011 266 2075; x_wconf 69' lang='grc' dir='ltr'>Λέγεται</span> <span class='ocrx_word' id='word_1_124' title='bbox 294 2011 340 2063; x_wconf 81' lang='grc' dir='ltr'><strong>δὲ</strong></span> <span class='ocrx_word' id='word_1_125' title='bbox 364 2014 448 2065; x_wconf 77' lang='grc' dir='ltr'><strong>καὶ</strong></span> <span class='ocrx_word' id='word_1_126' title='bbox 476 2008 639 2079; x_wconf 75' lang='grc' dir='ltr'>οὗτος</span> <span class='ocrx_word' id='word_1_127' title='bbox 689 2009 1035 2084; x_wconf 82' lang='grc' dir='ltr'>προσομιλεῖν</span> <span class='ocrx_word' id='word_1_128' title='bbox 1061 2008 1139 2079; x_wconf 83' lang='grc' dir='ltr'><strong>τῷ</strong></span> <span class='ocrx_word' id='word_1_129' title='bbox 1181 2007 1293 2079; x_wconf 80' lang='grc' dir='ltr'><strong>λαῷ</strong></span> <span class='ocrx_word' id='word_1_130' title='bbox 1322 2008 1460 2061; x_wconf 85' lang='grc' dir='ltr'>κατὰ</span> <span class='ocrx_word' id='word_1_131' title='bbox 1504 2007 1584 2078; x_wconf 64' lang='grc' dir='ltr'>μία</span> 
     </span>
    </p>
   </div>
   <div class='ocr_carea' id='block_1_22' title="bbox 111 2098 1582 2174">
    <p class='ocr_par' dir='ltr' id='par_1_22' title="bbox 111 2098 1582 2174">
     <span class='ocr_line' id='line_1_22' title="bbox 111 2098 1582 2174; baseline -0.002 -22"><span class='ocrx_word' id='word_1_132' title='bbox 111 2118 218 2171; x_wconf 58' lang='lat' dir='ltr'><strong>tum</strong></span> <span class='ocrx_word' id='word_1_133' title='bbox 248 2102 539 2173; x_wconf 79' lang='grc' dir='ltr'>Ὠριγένους,</span> <span class='ocrx_word' id='word_1_134' title='bbox 578 2106 660 2174; x_wconf 75' lang='grc'><strong>(7)</strong></span> <span class='ocrx_word' id='word_1_135' title='bbox 696 2099 756 2158; x_wconf 75' lang='grc' dir='ltr'><strong>οὗ</strong></span> <span class='ocrx_word' id='word_1_136' title='bbox 811 2102 905 2157; x_wconf 81' lang='grc' dir='ltr'><strong>καὶ</strong></span> <span class='ocrx_word' id='word_1_137' title='bbox 946 2100 1179 2172; x_wconf 76' lang='grc' dir='ltr'>συνήθης</span> <span class='ocrx_word' id='word_1_138' title='bbox 1215 2098 1446 2170; x_wconf 85' lang='grc' dir='ltr'>μάλιστα</span> <span class='ocrx_word' id='word_1_139' title='bbox 1491 2099 1582 2150; x_wconf 79' lang='grc' dir='ltr'><strong>καὶ</strong></span> 
     </span>
    </p>
   </div>
   <div class='ocr_carea' id='block_1_23' title="bbox 108 2189 1580 2269">
    <p class='ocr_par' dir='ltr' id='par_1_23' title="bbox 108 2189 1580 2269">
     <span class='ocr_line' id='line_1_23' title="bbox 108 2189 1580 2269; baseline 0 -27"><span class='ocrx_word' id='word_1_140' title='bbox 108 2192 266 2263; x_wconf 68' lang='grc' dir='ltr'>ἐραστὴς</span> <span class='ocrx_word' id='word_1_141' title='bbox 303 2195 396 2247; x_wconf 80' lang='grc' dir='ltr'>τῶν</span> <span class='ocrx_word' id='word_1_142' title='bbox 424 2197 595 2265; x_wconf 88' lang='grc' dir='ltr'>λόγων</span> <span class='ocrx_word' id='word_1_143' title='bbox 626 2198 891 2269; x_wconf 81' lang='grc' dir='ltr'><strong>ὑπῆρχεν,</strong></span> <span class='ocrx_word' id='word_1_144' title='bbox 918 2195 994 2258; x_wconf 84' lang='grc' dir='ltr'>ὡς</span> <span class='ocrx_word' id='word_1_145' title='bbox 1034 2195 1126 2246; x_wconf 73' lang='grc' dir='ltr'><strong>καὶ</strong></span> <span class='ocrx_word' id='word_1_146' title='bbox 1165 2189 1580 2264; x_wconf 74' lang='grc' dir='ltr'>προτρέψασθαι</span> 
     </span>
    </p>
   </div>
   <div class='ocr_carea' id='block_1_24' title="bbox 109 2282 1581 2358">
    <p class='ocr_par' dir='ltr' id='par_1_24' title="bbox 109 2282 1581 2358">
     <span class='ocr_line' id='line_1_24' title="bbox 109 2282 1581 2358; baseline 0.002 -26"><span class='ocrx_word' id='word_1_147' title='bbox 109 2282 211 2336; x_wconf 71' lang='grc' dir='ltr'>αὑτὸν</span> <span class='ocrx_word' id='word_1_148' title='bbox 238 2284 316 2354; x_wconf 75' lang='grc' dir='ltr'>τὴν</span> <span class='ocrx_word' id='word_1_149' title='bbox 334 2285 469 2339; x_wconf 88' lang='grc' dir='ltr'>θείαν</span> <span class='ocrx_word' id='word_1_150' title='bbox 503 2288 951 2358; x_wconf 82' lang='grc' dir='ltr'>ὑπομνηματίσαι</span> <span class='ocrx_word' id='word_1_151' title='bbox 981 2285 1221 2357; x_wconf 72' lang='grc' dir='ltr'>Γραφὴν,</span> <span class='ocrx_word' id='word_1_152' title='bbox 1246 2282 1581 2352; x_wconf 76' lang='grc' dir='ltr'>ἐγκαταπή-</span> 
     </span>
    </p>
   </div>
   <div class='ocr_carea' id='block_1_25' title="bbox 1683 1084 3255 1146">
    <p class='ocr_par' dir='ltr' id='par_1_25' title="bbox 1683 1084 3255 1146">
     <span class='ocr_line' id='line_1_25' title="bbox 1683 1084 3255 1146; baseline 0.005 -8"><span class='ocrx_word' id='word_1_153' title='bbox 1683 1085 1769 1139; x_wconf 92' lang='lat' dir='ltr'><strong>lus</strong></span> <span class='ocrx_word' id='word_1_154' title='bbox 1806 1084 1927 1139; x_wconf 82' lang='lat' dir='ltr'><strong>fuit.</strong></span> <span class='ocrx_word' id='word_1_155' title='bbox 1966 1084 2059 1140; x_wconf 87' lang='lat' dir='ltr'><strong>Est</strong></span> <span class='ocrx_word' id='word_1_156' title='bbox 2100 1085 2204 1139; x_wconf 86' lang='lat' dir='ltr'><strong>hoc</strong></span> <span class='ocrx_word' id='word_1_157' title='bbox 2249 1088 2497 1143; x_wconf 82' lang='lat' dir='ltr'><strong>volumen</strong></span> <span class='ocrx_word' id='word_1_158' title='bbox 2541 1089 2803 1145; x_wconf 77' lang='lat' dir='ltr'><strong>adversus</strong></span> <span class='ocrx_word' id='word_1_159' title='bbox 2843 1090 3075 1146; x_wconf 69' lang='lat' dir='ltr'><strong>hazreses</strong></span> <span class='ocrx_word' id='word_1_160' title='bbox 3115 1090 3255 1146; x_wconf 88' lang='lat' dir='ltr'><strong>duas</strong></span> 
     </span>
    </p>
   </div>
   <div class='ocr_carea' id='block_1_26' title="bbox 1682 1177 3251 1249">
    <p class='ocr_par' dir='ltr' id='par_1_26' title="bbox 1682 1177 3251 1249">
     <span class='ocr_line' id='line_1_26' title="bbox 1682 1177 3251 1249; baseline 0.003 -17"><span class='ocrx_word' id='word_1_161' title='bbox 1682 1187 1737 1232; x_wconf 87' lang='lat' dir='ltr'><strong>et</strong></span> <span class='ocrx_word' id='word_1_162' title='bbox 1784 1179 2036 1248; x_wconf 77' lang='lat' dir='ltr'><strong>triginta,</strong></span> <span class='ocrx_word' id='word_1_163' title='bbox 2086 1177 2290 1235; x_wconf 77' lang='lat' dir='ltr'><strong>iaciens</strong></span> <span class='ocrx_word' id='word_1_164' title='bbox 2346 1181 2559 1236; x_wconf 86' lang='lat' dir='ltr'><strong>initium</strong></span> <span class='ocrx_word' id='word_1_165' title='bbox 2608 1198 2638 1236; x_wconf 94' lang='lat' dir='ltr'><strong>a</strong></span> <span class='ocrx_word' id='word_1_166' title='bbox 2685 1182 3057 1249; x_wconf 89' lang='lat' dir='ltr'><strong>Dositheanis,</strong></span> <span class='ocrx_word' id='word_1_167' title='bbox 3106 1192 3157 1237; x_wconf 90' lang='lat' dir='ltr'><strong>et</strong></span> <span class='ocrx_word' id='word_1_168' title='bbox 3197 1184 3251 1237; x_wconf 87' lang='lat' dir='ltr'><strong>in</strong></span> 
     </span>
    </p>
   </div>
   <div class='ocr_carea' id='block_1_27' title="bbox 1682 1266 3253 1329">
    <p class='ocr_par' dir='ltr' id='par_1_27' title="bbox 1682 1266 3253 1329">
     <span class='ocr_line' id='line_1_27' title="bbox 1682 1266 3253 1329; baseline 0.004 -8"><span class='ocrx_word' id='word_1_169' title='bbox 1682 1266 1928 1323; x_wconf 84' lang='lat' dir='ltr'><strong>Noetano</strong></span> <span class='ocrx_word' id='word_1_170' title='bbox 1965 1284 2028 1323; x_wconf 91' lang='lat' dir='ltr'><strong>ac</strong></span> <span class='ocrx_word' id='word_1_171' title='bbox 2056 1267 2334 1325; x_wconf 82' lang='lat' dir='ltr'><strong>Noetianis</strong></span> <span class='ocrx_word' id='word_1_172' title='bbox 2362 1272 2635 1328; x_wconf 87' lang='lat' dir='ltr'><strong>desinens.</strong></span> <span class='ocrx_word' id='word_1_173' title='bbox 2669 1272 2871 1327; x_wconf 83' lang='lat' dir='ltr'><strong>l-larum</strong></span> <span class='ocrx_word' id='word_1_174' title='bbox 2899 1274 2975 1328; x_wconf 85' lang='lat' dir='ltr'><strong>ait</strong></span> <span class='ocrx_word' id='word_1_175' title='bbox 2997 1274 3253 1329; x_wconf 80' lang='lat' dir='ltr'><strong>confuta-</strong></span> 
     </span>
    </p>
   </div>
   <div class='ocr_carea' id='block_1_28' title="bbox 1682 1360 3253 1437">
    <p class='ocr_par' dir='ltr' id='par_1_28' title="bbox 1682 1360 3253 1437">
     <span class='ocr_line' id='line_1_28' title="bbox 1682 1360 3253 1437; baseline 0.005 -24"><span class='ocrx_word' id='word_1_176' title='bbox 1682 1360 1885 1414; x_wconf 89' lang='lat' dir='ltr'><strong>tionem</strong></span> <span class='ocrx_word' id='word_1_177' title='bbox 1921 1375 1978 1414; x_wconf 89' lang='lat' dir='ltr'><strong>se</strong></span> <span class='ocrx_word' id='word_1_178' title='bbox 2012 1363 2319 1430; x_wconf 82' lang='lat' dir='ltr'><strong>suscepisse</strong></span> <span class='ocrx_word' id='word_1_179' title='bbox 2366 1377 2430 1417; x_wconf 82' lang='lat' dir='ltr'><strong>ex</strong></span> <span class='ocrx_word' id='word_1_180' title='bbox 2476 1366 2823 1421; x_wconf 83' lang='lat' dir='ltr'><strong>sermonibus</strong></span> <span class='ocrx_word' id='word_1_181' title='bbox 2864 1366 3071 1432; x_wconf 79' lang='lat' dir='ltr'><strong>irenzei,</strong></span> <span class='ocrx_word' id='word_1_182' title='bbox 3108 1384 3253 1437; x_wconf 78' lang='lat' dir='ltr'><strong>quo--</strong></span> 
     </span>
    </p>
   </div>
   <div class='ocr_carea' id='block_1_29' title="bbox 1682 1450 3249 1524">
    <p class='ocr_par' dir='ltr' id='par_1_29' title="bbox 1682 1450 3249 1524">
     <span class='ocr_line' id='line_1_29' title="bbox 1682 1450 3249 1524; baseline 0.004 -20"><span class='ocrx_word' id='word_1_183' title='bbox 1682 1465 1803 1505; x_wconf 90' lang='lat' dir='ltr'><strong>rum</strong></span> <span class='ocrx_word' id='word_1_184' title='bbox 1845 1450 2228 1519; x_wconf 83' lang='lat' dir='ltr'><strong>compendium</strong></span> <span class='ocrx_word' id='word_1_185' title='bbox 2263 1452 2365 1505; x_wconf 91' lang='lat' dir='ltr'><strong>hoc</strong></span> <span class='ocrx_word' id='word_1_186' title='bbox 2396 1467 2454 1506; x_wconf 90' lang='lat' dir='ltr'><strong>se</strong></span> <span class='ocrx_word' id='word_1_187' title='bbox 2500 1454 2639 1507; x_wconf 89' lang='lat' dir='ltr'><strong>libro</strong></span> <span class='ocrx_word' id='word_1_188' title='bbox 2682 1454 3025 1524; x_wconf 73' lang='lat' dir='ltr'><strong>complexum</strong></span> <span class='ocrx_word' id='word_1_189' title='bbox 3064 1455 3249 1510; x_wconf 79' lang='lat' dir='ltr'><strong>refert.</strong></span> 
     </span>
    </p>
   </div>
   <div class='ocr_carea' id='block_1_30' title="bbox 1684 1540 3251 1614">
    <p class='ocr_par' dir='ltr' id='par_1_30' title="bbox 1684 1540 3251 1614">
     <span class='ocr_line' id='line_1_30' title="bbox 1684 1540 3251 1614; baseline 0.003 -22"><span class='ocrx_word' id='word_1_190' title='bbox 1684 1540 1859 1596; x_wconf 78' lang='lat' dir='ltr'><strong>Dictio</strong></span> <span class='ocrx_word' id='word_1_191' title='bbox 1890 1542 2174 1611; x_wconf 89' lang='lat' dir='ltr'><strong>perspicua</strong></span> <span class='ocrx_word' id='word_1_192' title='bbox 2202 1550 2256 1595; x_wconf 89' lang='lat' dir='ltr'><strong>et</strong></span> <span class='ocrx_word' id='word_1_193' title='bbox 2298 1542 2547 1596; x_wconf 86' lang='lat' dir='ltr'><strong>nonnihil</strong></span> <span class='ocrx_word' id='word_1_194' title='bbox 2575 1544 2775 1614; x_wconf 80' lang='lat' dir='ltr'><strong>gravis,</strong></span> <span class='ocrx_word' id='word_1_195' title='bbox 2812 1560 2909 1598; x_wconf 90' lang='lat' dir='ltr'><strong>nec</strong></span> <span class='ocrx_word' id='word_1_196' title='bbox 2944 1546 3251 1609; x_wconf 82' lang='lat' dir='ltr'><strong>abundans,</strong></span> 
     </span>
    </p>
   </div>
   <div class='ocr_carea' id='block_1_31' title="bbox 1683 1633 3251 1692">
    <p class='ocr_par' dir='ltr' id='par_1_31' title="bbox 1683 1633 3251 1692">
     <span class='ocr_line' id='line_1_31' title="bbox 1683 1633 3251 1692; baseline 0.003 -5"><span class='ocrx_word' id='word_1_197' title='bbox 1683 1634 1806 1689; x_wconf 90' lang='lat' dir='ltr'><strong>licet</strong></span> <span class='ocrx_word' id='word_1_198' title='bbox 1832 1633 2103 1688; x_wconf 84' lang='lat' dir='ltr'><strong>Atticismi</strong></span> <span class='ocrx_word' id='word_1_199' title='bbox 2132 1634 2372 1689; x_wconf 85' lang='lat' dir='ltr'><strong>rationes</strong></span> <span class='ocrx_word' id='word_1_200' title='bbox 2403 1650 2511 1689; x_wconf 92' lang='lat' dir='ltr'><strong>non</strong></span> <span class='ocrx_word' id='word_1_201' title='bbox 2536 1637 2670 1690; x_wconf 88' lang='lat' dir='ltr'><strong>adeo</strong></span> <span class='ocrx_word' id='word_1_202' title='bbox 2694 1646 2866 1690; x_wconf 83' lang='lat' dir='ltr'><strong>curat.</strong></span> <span class='ocrx_word' id='word_1_203' title='bbox 2894 1635 3064 1691; x_wconf 88' lang='lat' dir='ltr'><strong>Habet</strong></span> <span class='ocrx_word' id='word_1_204' title='bbox 3087 1638 3251 1692; x_wconf 85' lang='lat' dir='ltr'><strong>etiam</strong></span> 
     </span>
    </p>
   </div>
   <div class='ocr_carea' id='block_1_32' title="bbox 1684 1726 3256 1797">
    <p class='ocr_par' dir='ltr' id='par_1_32' title="bbox 1684 1726 3256 1797">
     <span class='ocr_line' id='line_1_32' title="bbox 1684 1726 3256 1797; baseline 0.003 -20"><span class='ocrx_word' id='word_1_205' title='bbox 1684 1734 1796 1780; x_wconf 93' lang='lat' dir='ltr'><strong>tum</strong></span> <span class='ocrx_word' id='word_1_206' title='bbox 1831 1726 1935 1780; x_wconf 88' lang='lat' dir='ltr'><strong>alia</strong></span> <span class='ocrx_word' id='word_1_207' title='bbox 1967 1726 2147 1780; x_wconf 89' lang='lat' dir='ltr'><strong>minus</strong></span> <span class='ocrx_word' id='word_1_208' title='bbox 2177 1735 2452 1791; x_wconf 87' lang='lat' dir='ltr'><strong>accurata,</strong></span> <span class='ocrx_word' id='word_1_209' title='bbox 2476 1736 2590 1781; x_wconf 88' lang='lat' dir='ltr'><strong>tum</strong></span> <span class='ocrx_word' id='word_1_210' title='bbox 2616 1729 2760 1797; x_wconf 89' lang='lat' dir='ltr'><strong>quod</strong></span> <span class='ocrx_word' id='word_1_211' title='bbox 2783 1727 3010 1781; x_wconf 88' lang='lat' dir='ltr'><strong>Paulum</strong></span> <span class='ocrx_word' id='word_1_212' title='bbox 3037 1726 3256 1796; x_wconf 84' lang='lat' dir='ltr'><strong>Episto-</strong></span> 
     </span>
    </p>
   </div>
   <div class='ocr_carea' id='block_1_33' title="bbox 1682 1817 3254 1888">
    <p class='ocr_par' dir='ltr' id='par_1_33' title="bbox 1682 1817 3254 1888">
     <span class='ocr_line' id='line_1_33' title="bbox 1682 1817 3254 1888; baseline 0.001 -17"><span class='ocrx_word' id='word_1_213' title='bbox 1682 1817 1747 1872; x_wconf 66' lang='grc' dir='ltr'><strong>ιω</strong></span> <span class='ocrx_word' id='word_1_214' title='bbox 1775 1818 1840 1872; x_wconf 92' lang='lat' dir='ltr'><strong>ad</strong></span> <span class='ocrx_word' id='word_1_215' title='bbox 1872 1817 2132 1871; x_wconf 73' lang='lat' dir='ltr'><strong>Hebrzeos</strong></span> <span class='ocrx_word' id='word_1_216' title='bbox 2167 1826 2441 1872; x_wconf 86' lang='lat' dir='ltr'><strong>auctorem</strong></span> <span class='ocrx_word' id='word_1_217' title='bbox 2476 1833 2597 1872; x_wconf 90' lang='lat' dir='ltr'><strong>esse</strong></span> <span class='ocrx_word' id='word_1_218' title='bbox 2623 1827 2800 1888; x_wconf 87' lang='lat' dir='ltr'><strong>negat.</strong></span> <span class='ocrx_word' id='word_1_219' title='bbox 2840 1817 3047 1872; x_wconf 89' lang='lat' dir='ltr'><strong>Dicitur</strong></span> <span class='ocrx_word' id='word_1_220' title='bbox 3065 1827 3119 1871; x_wconf 92' lang='lat' dir='ltr'><strong>et</strong></span> <span class='ocrx_word' id='word_1_221' title='bbox 3154 1820 3254 1872; x_wconf 84' lang='lat' dir='ltr'><strong>ho—</strong></span> 
     </span>
    </p>
   </div>
   <div class='ocr_carea' id='block_1_34' title="bbox 1682 1909 3250 1982">
    <p class='ocr_par' dir='ltr' id='par_1_34' title="bbox 1682 1909 3250 1982">
     <span class='ocr_line' id='line_1_34' title="bbox 1682 1909 3250 1982; baseline 0.001 -19"><span class='ocrx_word' id='word_1_222' title='bbox 1682 1910 1859 1964; x_wconf 91' lang='lat' dir='ltr'><strong>milias</strong></span> <span class='ocrx_word' id='word_1_223' title='bbox 1899 1911 1966 1963; x_wconf 87' lang='lat' dir='ltr'><strong>ad</strong></span> <span class='ocrx_word' id='word_1_224' title='bbox 2011 1910 2268 1979; x_wconf 88' lang='lat' dir='ltr'><strong>populum</strong></span> <span class='ocrx_word' id='word_1_225' title='bbox 2309 1910 2565 1966; x_wconf 83' lang='lat' dir='ltr'><strong>habuisse</strong></span> <span class='ocrx_word' id='word_1_226' title='bbox 2608 1909 2857 1982; x_wconf 88' lang='lat' dir='ltr'><strong>Origenis</strong></span> <span class='ocrx_word' id='word_1_227' title='bbox 2912 1911 3250 1975; x_wconf 86' lang='lat' dir='ltr'><strong>imitatione,</strong></span> 
     </span>
    </p>
   </div>
   <div class='ocr_carea' id='block_1_35' title="bbox 1681 2000 3253 2071">
    <p class='ocr_par' dir='ltr' id='par_1_35' title="bbox 1681 2000 3253 2071">
     <span class='ocr_line' id='line_1_35' title="bbox 1681 2000 3253 2071; baseline 0.001 -15"><span class='ocrx_word' id='word_1_228' title='bbox 1681 2001 1838 2071; x_wconf 88' lang='lat' dir='ltr'><strong>cujus</strong></span> <span class='ocrx_word' id='word_1_229' title='bbox 1883 2010 1937 2056; x_wconf 90' lang='lat' dir='ltr'><strong>et</strong></span> <span class='ocrx_word' id='word_1_230' title='bbox 1983 2000 2266 2057; x_wconf 79' lang='lat' dir='ltr'><strong>familiaris</strong></span> <span class='ocrx_word' id='word_1_231' title='bbox 2323 2004 2561 2057; x_wconf 80' lang='lat' dir='ltr'><strong>maxime</strong></span> <span class='ocrx_word' id='word_1_232' title='bbox 2599 2012 2652 2058; x_wconf 90' lang='lat' dir='ltr'><strong>et</strong></span> <span class='ocrx_word' id='word_1_233' title='bbox 2693 2004 2997 2058; x_wconf 89' lang='lat' dir='ltr'><strong>studiorum</strong></span> <span class='ocrx_word' id='word_1_234' title='bbox 3042 2016 3253 2059; x_wconf 85' lang='lat' dir='ltr'><strong>amator</strong></span> 
     </span>
    </p>
   </div>
   <div class='ocr_carea' id='block_1_36' title="bbox 1680 2092 3253 2159">
    <p class='ocr_par' dir='ltr' id='par_1_36' title="bbox 1680 2092 3253 2159">
     <span class='ocr_line' id='line_1_36' title="bbox 1680 2092 3253 2159; baseline 0.003 -12"><span class='ocrx_word' id='word_1_235' title='bbox 1680 2093 1923 2159; x_wconf 85' lang='lat' dir='ltr'><strong>exstitit;</strong></span> <span class='ocrx_word' id='word_1_236' title='bbox 1966 2093 2037 2149; x_wconf 90' lang='lat' dir='ltr'><strong>ita</strong></span> <span class='ocrx_word' id='word_1_237' title='bbox 2073 2100 2134 2148; x_wconf 89' lang='lat' dir='ltr'><strong>ut</strong></span> <span class='ocrx_word' id='word_1_238' title='bbox 2166 2101 2220 2148; x_wconf 92' lang='lat' dir='ltr'><strong>et</strong></span> <span class='ocrx_word' id='word_1_239' title='bbox 2268 2092 2335 2147; x_wconf 92' lang='lat' dir='ltr'><strong>ad</strong></span> <span class='ocrx_word' id='word_1_240' title='bbox 2378 2109 2561 2149; x_wconf 88' lang='lat' dir='ltr'><strong>sacras</strong></span> <span class='ocrx_word' id='word_1_241' title='bbox 2596 2094 2805 2150; x_wconf 84' lang='lat' dir='ltr'><strong>litteras</strong></span> <span class='ocrx_word' id='word_1_242' title='bbox 2845 2098 3253 2151; x_wconf 90' lang='lat' dir='ltr'><strong>commentariis</strong></span> 
     </span>
    </p>
   </div>
   <div class='ocr_carea' id='block_1_37' title="bbox 1682 2186 3254 2261">
    <p class='ocr_par' dir='ltr' id='par_1_37' title="bbox 1682 2186 3254 2261">
     <span class='ocr_line' id='line_1_37' title="bbox 1682 2186 3254 2261; baseline 0.001 -20"><span class='ocrx_word' id='word_1_243' title='bbox 1682 2186 2031 2241; x_wconf 88' lang='lat' dir='ltr'><strong>illustrandas</strong></span> <span class='ocrx_word' id='word_1_244' title='bbox 2056 2201 2179 2241; x_wconf 90' lang='lat' dir='ltr'><strong>eum</strong></span> <span class='ocrx_word' id='word_1_245' title='bbox 2216 2186 2611 2257; x_wconf 89' lang='lat' dir='ltr'><strong>provocaverit,</strong></span> <span class='ocrx_word' id='word_1_246' title='bbox 2636 2196 2690 2242; x_wconf 88' lang='lat' dir='ltr'><strong>et</strong></span> <span class='ocrx_word' id='word_1_247' title='bbox 2714 2198 2916 2259; x_wconf 87' lang='lat' dir='ltr'><strong>septem</strong></span> <span class='ocrx_word' id='word_1_248' title='bbox 2940 2190 3041 2259; x_wconf 87' lang='lat' dir='ltr'><strong>ipsi</strong></span> <span class='ocrx_word' id='word_1_249' title='bbox 3064 2189 3254 2261; x_wconf 81' lang='lat' dir='ltr'><strong>tachy-</strong></span> 
     </span>
    </p>
   </div>
   <div class='ocr_carea' id='block_1_38' title="bbox 1681 2278 3254 2350">
    <p class='ocr_par' dir='ltr' id='par_1_38' title="bbox 1681 2278 3254 2350">
     <span class='ocr_line' id='line_1_38' title="bbox 1681 2278 3254 2350; baseline 0.003 -20"><span class='ocrx_word' id='word_1_250' title='bbox 1681 2278 1918 2348; x_wconf 88' lang='lat' dir='ltr'><strong>graphos</strong></span> <span class='ocrx_word' id='word_1_251' title='bbox 1972 2278 2304 2347; x_wconf 82' lang='lat' dir='ltr'><strong>totidemque</strong></span> <span class='ocrx_word' id='word_1_252' title='bbox 2361 2279 2721 2350; x_wconf 87' lang='lat' dir='ltr'><strong>calligraphos</strong></span> <span class='ocrx_word' id='word_1_253' title='bbox 2772 2282 3145 2346; x_wconf 84' lang='lat' dir='ltr'><strong>constituerit,</strong></span> <span class='ocrx_word' id='word_1_254' title='bbox 3198 2294 3254 2336; x_wconf 88' lang='lat' dir='ltr'><strong>et</strong></span> 
     </span>
    </p>
   </div>
   <div class='ocr_carea' id='block_1_39' title="bbox 110 2363 1578 2450">
    <p class='ocr_par' dir='ltr' id='par_1_39' title="bbox 110 2372 1578 2450">
     <span class='ocr_line' id='line_1_39' title="bbox 110 2372 1578 2450; baseline 0.007 -24"><span class='ocrx_word' id='word_1_255' title='bbox 110 2390 171 2435; x_wconf 73' lang='lat' dir='ltr'><strong>at;</strong></span> <span class='ocrx_word' id='word_1_256' title='bbox 199 2376 312 2446; x_wconf 79' lang='grc' dir='ltr'>αύτῷ</span> <span class='ocrx_word' id='word_1_257' title='bbox 351 2378 438 2430; x_wconf 75' lang='grc' dir='ltr'><strong>καὶ</strong></span> <span class='ocrx_word' id='word_1_258' title='bbox 470 2379 828 2450; x_wconf 73' lang='grc' dir='ltr'>ὑπογραφέας</span> <span class='ocrx_word' id='word_1_259' title='bbox 861 2376 1001 2431; x_wconf 78' lang='grc' dir='ltr'>ἑπτὰ</span> <span class='ocrx_word' id='word_1_260' title='bbox 1032 2375 1415 2448; x_wconf 74' lang='grc' dir='ltr'>ταχυγράφους</span> <span class='ocrx_word' id='word_1_261' title='bbox 1434 2412 1448 2436; x_wconf 68' lang='grc' dir='ltr'><strong>ν</strong></span> <span class='ocrx_word' id='word_1_262' title='bbox 1488 2372 1578 2424; x_wconf 60' lang='grc' dir='ltr'>καὶ</span> 
     </span>
    </p>
   </div>
   <div class='ocr_carea' id='block_1_40' title="bbox 1680 2363 3253 2450">
    <p class='ocr_par' dir='ltr' id='par_1_40' title="bbox 1683 2369 3253 2441">
     <span class='ocr_line' id='line_1_40' title="bbox 1683 2369 3253 2441; baseline 0.001 -17"><span class='ocrx_word' id='word_1_263' title='bbox 1683 2378 1997 2439; x_wconf 87' lang='lat' dir='ltr'><strong>sumptuum</strong></span> <span class='ocrx_word' id='word_1_264' title='bbox 2044 2370 2207 2424; x_wconf 88' lang='lat' dir='ltr'><strong>etiam</strong></span> <span class='ocrx_word' id='word_1_265' title='bbox 2249 2369 2341 2441; x_wconf 90' lang='lat' dir='ltr'><strong>qui</strong></span> <span class='ocrx_word' id='word_1_266' title='bbox 2388 2371 2453 2425; x_wconf 89' lang='lat' dir='ltr'><strong>ad</strong></span> <span class='ocrx_word' id='word_1_267' title='bbox 2499 2372 2599 2425; x_wconf 92' lang='lat' dir='ltr'><strong>hos</strong></span> <span class='ocrx_word' id='word_1_268' title='bbox 2645 2374 3050 2441; x_wconf 87' lang='lat' dir='ltr'><strong>requirerentur</strong></span> <span class='ocrx_word' id='word_1_269' title='bbox 3090 2372 3253 2427; x_wconf 85' lang='lat' dir='ltr'><strong>fuerit</strong></span> 
     </span>
    </p>
   </div>
   <div class='ocr_carea' id='block_1_41' title="bbox 108 2460 1581 2539">
    <p class='ocr_par' dir='ltr' id='par_1_41' title="bbox 108 2460 1581 2539">
     <span class='ocr_line' id='line_1_41' title="bbox 108 2460 1581 2539; baseline 0 -25"><span class='ocrx_word' id='word_1_270' title='bbox 108 2464 251 2535; x_wconf 71' lang='grc' dir='ltr'>ἑτέρους</span> <span class='ocrx_word' id='word_1_271' title='bbox 263 2468 520 2532; x_wconf 82' lang='grc' dir='ltr'>τοσούτους</span> <span class='ocrx_word' id='word_1_272' title='bbox 534 2470 851 2539; x_wconf 70' lang='grc' dir='ltr'>γράφοντας</span> <span class='ocrx_word' id='word_1_273' title='bbox 867 2470 945 2533; x_wconf 78' lang='grc' dir='ltr'>εἰς</span> <span class='ocrx_word' id='word_1_274' title='bbox 960 2468 1174 2531; x_wconf 79' lang='grc' dir='ltr'>κάλλος,</span> <span class='ocrx_word' id='word_1_275' title='bbox 1196 2460 1268 2520; x_wconf 82' lang='grc' dir='ltr'>ὧν</span> <span class='ocrx_word' id='word_1_276' title='bbox 1282 2461 1349 2536; x_wconf 80' lang='grc' dir='ltr'>ἦν</span> <span class='ocrx_word' id='word_1_277' title='bbox 1370 2464 1462 2517; x_wconf 74' lang='grc' dir='ltr'>καὶ</span> <span class='ocrx_word' id='word_1_278' title='bbox 1481 2462 1581 2533; x_wconf 79' lang='grc' dir='ltr'>τῆς</span> 
     </span>
    </p>
   </div>
   <div class='ocr_carea' id='block_1_42' title="bbox 105 2557 1580 2635">
    <p class='ocr_par' dir='ltr' id='par_1_42' title="bbox 105 2557 1580 2635">
     <span class='ocr_line' id='line_1_42' title="bbox 105 2557 1580 2635; baseline 0 -28"><span class='ocrx_word' id='word_1_279' title='bbox 105 2558 269 2631; x_wconf 64' lang='grc' dir='ltr'>δαπάνης</span> <span class='ocrx_word' id='word_1_280' title='bbox 308 2561 453 2625; x_wconf 74' lang='grc' dir='ltr'>αὐτὸς</span> <span class='ocrx_word' id='word_1_281' title='bbox 489 2562 765 2635; x_wconf 84' lang='grc' dir='ltr'>χορηγός·</span> <span class='ocrx_word' id='word_1_282' title='bbox 799 2563 891 2616; x_wconf 81' lang='grc' dir='ltr'><strong>καὶ</strong></span> <span class='ocrx_word' id='word_1_283' title='bbox 928 2560 1097 2615; x_wconf 86' lang='grc' dir='ltr'>ταῦτα</span> <span class='ocrx_word' id='word_1_284' title='bbox 1143 2557 1580 2631; x_wconf 86' lang='grc' dir='ltr'>ὑπηρετούμενος</span> 
     </span>
    </p>
   </div>
   <div class='ocr_carea' id='block_1_43' title="bbox 106 2639 1578 2725">
    <p class='ocr_par' dir='ltr' id='par_1_43' title="bbox 106 2639 1578 2725">
     <span class='ocr_line' id='line_1_43' title="bbox 106 2639 1578 2725; baseline 0.001 -25"><span class='ocrx_word' id='word_1_285' title='bbox 106 2649 211 2719; x_wconf 61' lang='grc' dir='ltr'>τιτῷ,</span> <span class='ocrx_word' id='word_1_286' title='bbox 238 2653 455 2707; x_wconf 76' lang='grc' dir='ltr'>ἀπαιτεῖν</span> <span class='ocrx_word' id='word_1_287' title='bbox 496 2654 667 2708; x_wconf 83' lang='grc' dir='ltr'>αὑτὸν</span> <span class='ocrx_word' id='word_1_288' title='bbox 713 2656 1100 2725; x_wconf 81' lang='grc' dir='ltr'>ἀπαραιτήτως</span> <span class='ocrx_word' id='word_1_289' title='bbox 1135 2652 1194 2704; x_wconf 86' lang='grc' dir='ltr'><strong>τὸ</strong></span> <span class='ocrx_word' id='word_1_290' title='bbox 1221 2651 1402 2721; x_wconf 80' lang='grc' dir='ltr'>ἔργον,</span> <span class='ocrx_word' id='word_1_291' title='bbox 1429 2647 1487 2711; x_wconf 75' lang='grc' dir='ltr'>ἐξ</span> <span class='ocrx_word' id='word_1_292' title='bbox 1517 2639 1578 2700; x_wconf 79' lang='grc' dir='ltr'><strong>οῦ</strong></span> 
     </span>
    </p>
   </div>
   <div class='ocr_carea' id='block_1_44' title="bbox 105 2737 1582 2815">
    <p class='ocr_par' dir='ltr' id='par_1_44' title="bbox 105 2737 1582 2815">
     <span class='ocr_line' id='line_1_44' title="bbox 105 2737 1582 2815; baseline 0.001 -23"><span class='ocrx_word' id='word_1_293' title='bbox 105 2741 161 2790; x_wconf 70' lang='lat' dir='ltr'><strong>ni</strong></span> <span class='ocrx_word' id='word_1_294' title='bbox 182 2741 520 2811; x_wconf 75' lang='grc' dir='ltr'>ἑργοόιώκτην</span> <span class='ocrx_word' id='word_1_295' title='bbox 551 2747 612 2797; x_wconf 83' lang='grc' dir='ltr'>ὲν</span> <span class='ocrx_word' id='word_1_296' title='bbox 654 2745 752 2815; x_wconf 84' lang='grc' dir='ltr'>μιᾷ</span> <span class='ocrx_word' id='word_1_297' title='bbox 779 2743 886 2797; x_wconf 83' lang='grc' dir='ltr'>τῶν</span> <span class='ocrx_word' id='word_1_298' title='bbox 921 2741 1214 2795; x_wconf 75' lang='grc' dir='ltr'>ἐπιστολῶν</span> <span class='ocrx_word' id='word_1_299' title='bbox 1248 2737 1398 2809; x_wconf 84' lang='grc' dir='ltr'>παρὰ</span> <span class='ocrx_word' id='word_1_300' title='bbox 1443 2737 1582 2807; x_wconf 84' lang='grc' dir='ltr'>Ὠρι-</span> 
     </span>
    </p>
   </div>
   <div class='ocr_carea' id='block_1_45' title="bbox 1683 2460 3253 2532">
    <p class='ocr_par' dir='ltr' id='par_1_45' title="bbox 1683 2460 3253 2532">
     <span class='ocr_line' id='line_1_45' title="bbox 1683 2460 3253 2532; baseline -0.001 -14"><span class='ocrx_word' id='word_1_301' title='bbox 1683 2462 1959 2532; x_wconf 88' lang='lat' dir='ltr'><strong>elargitor.</strong></span> <span class='ocrx_word' id='word_1_302' title='bbox 2000 2460 2231 2531; x_wconf 70' lang='lat' dir='ltr'><strong>Haacque</strong></span> <span class='ocrx_word' id='word_1_303' title='bbox 2260 2478 2381 2518; x_wconf 89' lang='lat' dir='ltr'><strong>cum</strong></span> <span class='ocrx_word' id='word_1_304' title='bbox 2409 2463 2511 2532; x_wconf 88' lang='lat' dir='ltr'><strong>ipsi</strong></span> <span class='ocrx_word' id='word_1_305' title='bbox 2545 2464 2826 2532; x_wconf 65' lang='lat' dir='ltr'><strong>praabcret,</strong></span> <span class='ocrx_word' id='word_1_306' title='bbox 2851 2465 2967 2519; x_wconf 88' lang='lat' dir='ltr'><strong>sine</strong></span> <span class='ocrx_word' id='word_1_307' title='bbox 2991 2464 3253 2518; x_wconf 83' lang='lat' dir='ltr'><strong>dilatione</strong></span> 
     </span>
    </p>
   </div>
   <div class='ocr_carea' id='block_1_46' title="bbox 1684 2554 3246 2623">
    <p class='ocr_par' dir='ltr' id='par_1_46' title="bbox 1684 2554 3246 2623">
     <span class='ocr_line' id='line_1_46' title="bbox 1684 2554 3246 2623; baseline 0.001 -16"><span class='ocrx_word' id='word_1_308' title='bbox 1684 2567 1823 2623; x_wconf 90' lang='lat' dir='ltr'><strong>opus</strong></span> <span class='ocrx_word' id='word_1_309' title='bbox 1853 2554 2021 2618; x_wconf 90' lang='lat' dir='ltr'><strong>ursit;</strong></span> <span class='ocrx_word' id='word_1_310' title='bbox 2056 2554 2199 2606; x_wconf 89' lang='lat' dir='ltr'><strong>unde</strong></span> <span class='ocrx_word' id='word_1_311' title='bbox 2235 2563 2289 2607; x_wconf 90' lang='lat' dir='ltr'><strong>et</strong></span> <span class='ocrx_word' id='word_1_312' title='bbox 2316 2555 2660 2621; x_wconf 83' lang='lat' dir='ltr'><strong>impulsorem</strong></span> <span class='ocrx_word' id='word_1_313' title='bbox 2702 2566 2827 2607; x_wconf 91' lang='lat' dir='ltr'><strong>eum</strong></span> <span class='ocrx_word' id='word_1_314' title='bbox 2874 2569 3033 2609; x_wconf 87' lang='lat' dir='ltr'><strong>suum</strong></span> <span class='ocrx_word' id='word_1_315' title='bbox 3066 2554 3246 2622; x_wconf 71' lang='lat' dir='ltr'><strong>aliqua</strong></span> 
     </span>
    </p>
   </div>
   <div class='ocr_carea' id='block_1_47' title="bbox 1686 2639 3249 2712">
    <p class='ocr_par' dir='ltr' id='par_1_47' title="bbox 1686 2639 3249 2712">
     <span class='ocr_line' id='line_1_47' title="bbox 1686 2639 3249 2712; baseline -0.002 -17"><span class='ocrx_word' id='word_1_316' title='bbox 1686 2642 1741 2695; x_wconf 90' lang='lat' dir='ltr'><strong>in</strong></span> <span class='ocrx_word' id='word_1_317' title='bbox 1771 2642 1997 2711; x_wconf 88' lang='lat' dir='ltr'><strong>epistola</strong></span> <span class='ocrx_word' id='word_1_318' title='bbox 2028 2656 2125 2695; x_wconf 91' lang='lat' dir='ltr'><strong>sua</strong></span> <span class='ocrx_word' id='word_1_319' title='bbox 2152 2639 2409 2711; x_wconf 85' lang='lat' dir='ltr'><strong>Origenes</strong></span> <span class='ocrx_word' id='word_1_320' title='bbox 2442 2642 2691 2712; x_wconf 87' lang='lat' dir='ltr'><strong>appellat.</strong></span> <span class='ocrx_word' id='word_1_321' title='bbox 2741 2640 2846 2696; x_wconf 87' lang='lat' dir='ltr'><strong>Sed</strong></span> <span class='ocrx_word' id='word_1_322' title='bbox 2890 2649 2944 2695; x_wconf 91' lang='lat' dir='ltr'><strong>et</strong></span> <span class='ocrx_word' id='word_1_323' title='bbox 2981 2640 3094 2709; x_wconf 85' lang='lat' dir='ltr'><strong>ipse</strong></span> <span class='ocrx_word' id='word_1_324' title='bbox 3124 2639 3249 2709; x_wconf 84' lang='lat' dir='ltr'><strong>plu-</strong></span> 
     </span>
    </p>
   </div>
   <div class='ocr_carea' id='block_1_48' title="bbox 1686 2732 2413 2801">
    <p class='ocr_par' dir='ltr' id='par_1_48' title="bbox 1686 2732 2413 2801">
     <span class='ocr_line' id='line_1_48' title="bbox 1686 2732 2413 2801; baseline -0.003 -15"><span class='ocrx_word' id='word_1_325' title='bbox 1686 2734 1825 2786; x_wconf 89' lang='lat' dir='ltr'><strong>rima</strong></span> <span class='ocrx_word' id='word_1_326' title='bbox 1852 2732 2137 2801; x_wconf 87' lang='lat' dir='ltr'><strong>scripsisse</strong></span> <span class='ocrx_word' id='word_1_327' title='bbox 2165 2733 2413 2787; x_wconf 89' lang='lat' dir='ltr'><strong>traditur.</strong></span> 
     </span>
    </p>
   </div>
   <div class='ocr_carea' id='block_1_49' title="bbox 104 2824 2071 2905">
    <p class='ocr_par' dir='ltr' id='par_1_49' title="bbox 104 2824 2071 2905">
     <span class='ocr_line' id='line_1_49' title="bbox 104 2824 2071 2905; baseline -0.011 -9"><span class='ocrx_word' id='word_1_328' title='bbox 104 2831 228 2896; x_wconf 72' lang='grc' dir='ltr'>ἴένους</span> <span class='ocrx_word' id='word_1_329' title='bbox 246 2834 498 2905; x_wconf 74' lang='grc' dir='ltr'>κληθῆναι.</span> <span class='ocrx_word' id='word_1_330' title='bbox 552 2836 795 2891; x_wconf 86' lang='grc' dir='ltr'>Πλεῖστα</span> <span class='ocrx_word' id='word_1_331' title='bbox 839 2835 897 2889; x_wconf 78' lang='grc' dir='ltr'>δὲ</span> <span class='ocrx_word' id='word_1_332' title='bbox 930 2837 1023 2889; x_wconf 68' lang='grc' dir='ltr'><strong>καὶ</strong></span> <span class='ocrx_word' id='word_1_333' title='bbox 1064 2828 1217 2897; x_wconf 69' lang='grc' dir='ltr'>οὗτος</span> <span class='ocrx_word' id='word_1_334' title='bbox 1252 2832 1327 2904; x_wconf 90' lang='grc'><strong>(8)</strong></span> <span class='ocrx_word' id='word_1_335' title='bbox 1361 2830 1575 2897; x_wconf 85' lang='grc' dir='ltr'>λέγεται</span> <span class='ocrx_word' id='word_1_336' title='bbox 1614 2824 2071 2896; x_wconf 75' lang='grc' dir='ltr'>συγγεγραφέναι.</span> 
     </span>
    </p>
   </div>
   <div class='ocr_carea' id='block_1_50' title="bbox 1314 2944 1920 3004">
    <p class='ocr_par' dir='ltr' id='par_1_50' title="bbox 1314 2944 1920 3004">
     <span class='ocr_line' id='line_1_50' title="bbox 1314 2944 1920 3004; baseline -0.013 0"><span class='ocrx_word' id='word_1_337' title='bbox 1314 2948 1464 3004; x_wconf 79' lang='lat' dir='ltr'><strong>Idem</strong></span> <span class='ocrx_word' id='word_1_338' title='bbox 1496 2944 1625 3001; x_wconf 87' lang='lat' dir='ltr'><strong>ibid.</strong></span> <span class='ocrx_word' id='word_1_339' title='bbox 1656 2944 1771 2999; x_wconf 86' lang='lat' dir='ltr'><strong>cod.</strong></span> <span class='ocrx_word' id='word_1_340' title='bbox 1797 2960 1920 2999; x_wconf 86' lang='lat' dir='ltr'><strong>ccn.</strong></span> 
     </span>
    </p>
   </div>
   <div class='ocr_carea' id='block_1_51' title="bbox 154 3064 1577 3142">
    <p class='ocr_par' dir='ltr' id='par_1_51' title="bbox 154 3064 1577 3142">
     <span class='ocr_line' id='line_1_51' title="bbox 154 3064 1577 3142; baseline 0.007 -26"><span class='ocrx_word' id='word_1_341' title='bbox 154 3064 422 3142; x_wconf 79' lang='grc' dir='ltr'>’Δνεγνώσθη</span> <span class='ocrx_word' id='word_1_342' title='bbox 462 3070 788 3126; x_wconf 84' lang='grc' dir='ltr'>Ἱππολύτου</span> <span class='ocrx_word' id='word_1_343' title='bbox 822 3072 1120 3125; x_wconf 79' lang='grc' dir='ltr'>ἐπισκόπου</span> <span class='ocrx_word' id='word_1_344' title='bbox 1167 3070 1261 3123; x_wconf 79' lang='grc' dir='ltr'><strong>καὶ</strong></span> <span class='ocrx_word' id='word_1_345' title='bbox 1301 3067 1577 3141; x_wconf 83' lang='grc' dir='ltr'>μάρτυρος</span> 
     </span>
    </p>
   </div>
   <div class='ocr_carea' id='block_1_52' title="bbox 102 3155 1575 3236">
    <p class='ocr_par' dir='ltr' id='par_1_52' title="bbox 102 3155 1575 3236">
     <span class='ocr_line' id='line_1_52' title="bbox 102 3155 1575 3236; baseline 0 -23"><span class='ocrx_word' id='word_1_346' title='bbox 102 3155 285 3225; x_wconf 66' lang='grc' dir='ltr'>ἑρμηνεία</span> <span class='ocrx_word' id='word_1_347' title='bbox 310 3164 381 3224; x_wconf 76' lang='grc' dir='ltr'>εἰς</span> <span class='ocrx_word' id='word_1_348' title='bbox 412 3163 502 3216; x_wconf 83' lang='grc' dir='ltr'><strong>τὸν</strong></span> <span class='ocrx_word' id='word_1_349' title='bbox 536 3164 760 3236; x_wconf 83' lang='grc' dir='ltr'>Δανιήλ.</span> <span class='ocrx_word' id='word_1_350' title='bbox 796 3163 951 3217; x_wconf 87' lang='grc' dir='ltr'>Κατά</span> <span class='ocrx_word' id='word_1_351' title='bbox 971 3162 1113 3230; x_wconf 81' lang='grc' dir='ltr'>λέξιν</span> <span class='ocrx_word' id='word_1_352' title='bbox 1130 3162 1226 3233; x_wconf 84' lang='grc' dir='ltr'>μὲν</span> <span class='ocrx_word' id='word_1_353' title='bbox 1258 3161 1317 3213; x_wconf 88' lang='grc' dir='ltr'><strong>ού</strong></span> <span class='ocrx_word' id='word_1_354' title='bbox 1343 3163 1575 3214; x_wconf 86' lang='grc' dir='ltr'>ποιεῖται</span> 
     </span>
    </p>
   </div>
   <div class='ocr_carea' id='block_1_53' title="bbox 102 3246 1574 3325">
    <p class='ocr_par' dir='ltr' id='par_1_53' title="bbox 102 3246 1574 3325">
     <span class='ocr_line' id='line_1_53' title="bbox 102 3246 1574 3325; baseline -0.001 -21"><span class='ocrx_word' id='word_1_355' title='bbox 102 3246 163 3315; x_wconf 75' lang='grc' dir='ltr'><strong>τὴν</strong></span> <span class='ocrx_word' id='word_1_356' title='bbox 184 3248 445 3320; x_wconf 77' lang='grc' dir='ltr'>ἀνάπτυξιν,</span> <span class='ocrx_word' id='word_1_357' title='bbox 469 3255 613 3325; x_wconf 85' lang='grc' dir='ltr'>πλὴν</span> <span class='ocrx_word' id='word_1_358' title='bbox 639 3255 729 3308; x_wconf 80' lang='grc' dir='ltr'><strong>τὸν</strong></span> <span class='ocrx_word' id='word_1_359' title='bbox 756 3255 879 3308; x_wconf 89' lang='grc' dir='ltr'>νοῦν</span> <span class='ocrx_word' id='word_1_360' title='bbox 907 3271 992 3324; x_wconf 90' lang='grc' dir='ltr'><strong>γε,</strong></span> <span class='ocrx_word' id='word_1_361' title='bbox 1020 3254 1095 3316; x_wconf 83' lang='grc' dir='ltr'><strong>ὡς</strong></span> <span class='ocrx_word' id='word_1_362' title='bbox 1129 3253 1257 3316; x_wconf 78' lang='grc' dir='ltr'>ἔπος</span> <span class='ocrx_word' id='word_1_363' title='bbox 1287 3253 1479 3315; x_wconf 78' lang='grc' dir='ltr'>εἰπεῖν,</span> <span class='ocrx_word' id='word_1_364' title='bbox 1513 3251 1574 3303; x_wconf 86' lang='grc' dir='ltr'><strong>ού</strong></span> 
     </span>
    </p>
   </div>
   <div class='ocr_carea' id='block_1_54' title="bbox 102 3343 1574 3418">
    <p class='ocr_par' dir='ltr' id='par_1_54' title="bbox 102 3343 1574 3418">
     <span class='ocr_line' id='line_1_54' title="bbox 102 3343 1574 3418; baseline -0.001 -23"><span class='ocrx_word' id='word_1_365' title='bbox 102 3343 363 3413; x_wconf 71' lang='grc' dir='ltr'>παρατρέχει.</span> <span class='ocrx_word' id='word_1_366' title='bbox 395 3345 568 3400; x_wconf 87' lang='grc' dir='ltr'>Πολλὰ</span> <span class='ocrx_word' id='word_1_367' title='bbox 594 3345 781 3417; x_wconf 88' lang='grc' dir='ltr'>μέντοι</span> <span class='ocrx_word' id='word_1_368' title='bbox 800 3345 1233 3418; x_wconf 87' lang='grc' dir='ltr'>ἀρχαιοτρόπως,</span> <span class='ocrx_word' id='word_1_369' title='bbox 1258 3343 1351 3397; x_wconf 78' lang='grc' dir='ltr'><strong>καὶ</strong></span> <span class='ocrx_word' id='word_1_370' title='bbox 1381 3343 1480 3395; x_wconf 85' lang='grc' dir='ltr'><strong>οὑκ</strong></span> <span class='ocrx_word' id='word_1_371' title='bbox 1496 3343 1574 3405; x_wconf 77' lang='grc' dir='ltr'><strong>εἰς</strong></span> 
     </span>
    </p>
   </div>
   <div class='ocr_carea' id='block_1_55' title="bbox 101 3428 1573 3509">
    <p class='ocr_par' dir='ltr' id='par_1_55' title="bbox 101 3428 1573 3509">
     <span class='ocr_line' id='line_1_55' title="bbox 101 3428 1573 3509; baseline 0.002 -26"><span class='ocrx_word' id='word_1_372' title='bbox 101 3428 313 3503; x_wconf 54' lang='lat' dir='ltr'><strong>tbi-mpm</strong></span> <span class='ocrx_word' id='word_1_373' title='bbox 333 3435 737 3509; x_wconf 86' lang='grc' dir='ltr'>διηκριϐωμένα</span> <span class='ocrx_word' id='word_1_374' title='bbox 758 3437 1082 3506; x_wconf 67' lang='grc' dir='ltr'>καταλέγει”</span> <span class='ocrx_word' id='word_1_375' title='bbox 1105 3436 1220 3490; x_wconf 88' lang='grc' dir='ltr'>ἀλλ’</span> <span class='ocrx_word' id='word_1_376' title='bbox 1239 3434 1459 3489; x_wconf 79' lang='grc' dir='ltr'>ἐκείνων</span> <span class='ocrx_word' id='word_1_377' title='bbox 1474 3434 1573 3486; x_wconf 88' lang='grc' dir='ltr'><strong>ούκ</strong></span> 
     </span>
    </p>
   </div>
   <div class='ocr_carea' id='block_1_56' title="bbox 102 3517 1572 3599">
    <p class='ocr_par' dir='ltr' id='par_1_56' title="bbox 102 3517 1572 3599">
     <span class='ocr_line' id='line_1_56' title="bbox 102 3517 1572 3599; baseline 0.024 -33"><span class='ocrx_word' id='word_1_378' title='bbox 102 3517 143 3567; x_wconf 78' lang='grc' dir='ltr'>ἂν</span> <span class='ocrx_word' id='word_1_379' title='bbox 164 3520 222 3591; x_wconf 77' lang='grc' dir='ltr'>εἴη</span> <span class='ocrx_word' id='word_1_380' title='bbox 234 3523 406 3589; x_wconf 82' lang='grc' dir='ltr'>δίκαιος</span> <span class='ocrx_word' id='word_1_381' title='bbox 438 3527 598 3596; x_wconf 80' lang='grc' dir='ltr'>λόγον</span> <span class='ocrx_word' id='word_1_382' title='bbox 616 3526 856 3597; x_wconf 73' lang='grc' dir='ltr'>ὑπέχειν.</span> <span class='ocrx_word' id='word_1_383' title='bbox 877 3528 1013 3591; x_wconf 86' lang='grc' dir='ltr'>Τοὺς</span> <span class='ocrx_word' id='word_1_384' title='bbox 1030 3527 1136 3599; x_wconf 81' lang='grc' dir='ltr'><strong>γὰρ</strong></span> <span class='ocrx_word' id='word_1_385' title='bbox 1152 3527 1324 3599; x_wconf 78' lang='grc' dir='ltr'>ἀρχὴν</span> <span class='ocrx_word' id='word_1_386' title='bbox 1341 3524 1572 3596; x_wconf 70' lang='grc' dir='ltr'><strong>θεωρίας</strong></span> 
     </span>
    </p>
   </div>
   <div class='ocr_carea' id='block_1_57' title="bbox 99 3613 1571 3690">
    <p class='ocr_par' dir='ltr' id='par_1_57' title="bbox 99 3613 1571 3690">
     <span class='ocr_line' id='line_1_57' title="bbox 99 3613 1571 3690; baseline 0.006 -29"><span class='ocrx_word' id='word_1_387' title='bbox 99 3613 525 3687; x_wconf 69' lang='grc' dir='ltr'>καταδαλλομένους,</span> <span class='ocrx_word' id='word_1_388' title='bbox 552 3619 622 3672; x_wconf 81' lang='grc' dir='ltr'><strong>ού</strong></span> <span class='ocrx_word' id='word_1_389' title='bbox 659 3616 814 3690; x_wconf 78' lang='grc' dir='ltr'>[χρὴ]</span> <span class='ocrx_word' id='word_1_390' title='bbox 838 3618 987 3683; x_wconf 86' lang='grc' dir='ltr'>δίκας</span> <span class='ocrx_word' id='word_1_391' title='bbox 1012 3620 1261 3673; x_wconf 83' lang='grc' dir='ltr'>ἀπαιτεῖν</span> <span class='ocrx_word' id='word_1_392' title='bbox 1289 3617 1398 3671; x_wconf 86' lang='grc' dir='ltr'><strong>τῶν</strong></span> <span class='ocrx_word' id='word_1_393' title='bbox 1431 3633 1571 3688; x_wconf 88' lang='grc' dir='ltr'>παρ-</span> 
     </span>
    </p>
   </div>
   <div class='ocr_carea' id='block_1_58' title="bbox 99 3681 1644 3782">
    <p class='ocr_par' dir='ltr' id='par_1_58' title="bbox 99 3681 1644 3782">
     <span class='ocr_line' id='line_1_58' title="bbox 99 3681 1644 3782; baseline -0.006 -13"><span class='ocrx_word' id='word_1_394' title='bbox 99 3703 272 3769; x_wconf 64' lang='grc' dir='ltr'>ειμένων,</span> <span class='ocrx_word' id='word_1_395' title='bbox 431 3681 934 3780; x_wconf 49' lang='grc' dir='ltr'>ἀγαπᾷννμάλιστα</span> <span class='ocrx_word' id='word_1_396' title='bbox 965 3681 1134 3782; x_wconf 81' lang='grc' dir='ltr'>αὑτῆς</span> <span class='ocrx_word' id='word_1_397' title='bbox 1160 3728 1220 3764; x_wconf 89' lang='grc' dir='ltr'><strong>τε</strong></span> <span class='ocrx_word' id='word_1_398' title='bbox 1262 3711 1360 3779; x_wconf 85' lang='grc' dir='ltr'><strong>τῆς</strong></span> <span class='ocrx_word' id='word_1_399' title='bbox 1392 3681 1575 3763; x_wconf 77' lang='grc' dir='ltr'>ἐπιϐο-</span> <span class='ocrx_word' id='word_1_400' title='bbox 1599 3681 1644 3741; x_wconf 77' lang='lat' dir='ltr'>c</span> 
     </span>
    </p>
   </div>
   <div class='ocr_carea' id='block_1_59' title="bbox 99 3788 1574 3870">
    <p class='ocr_par' dir='ltr' id='par_1_59' title="bbox 99 3788 1574 3870">
     <span class='ocr_line' id='line_1_59' title="bbox 99 3788 1574 3870; baseline -0.004 -13"><span class='ocrx_word' id='word_1_401' title='bbox 99 3788 176 3858; x_wconf 72' lang='grc' dir='ltr'><strong>λῆςι</strong></span> <span class='ocrx_word' id='word_1_402' title='bbox 197 3795 269 3846; x_wconf 76' lang='grc' dir='ltr'><strong>καὶ</strong></span> <span class='ocrx_word' id='word_1_403' title='bbox 294 3797 369 3867; x_wconf 80' lang='grc' dir='ltr'><strong>ἐφ’</strong></span> <span class='ocrx_word' id='word_1_404' title='bbox 399 3800 519 3853; x_wconf 85' lang='grc' dir='ltr'>ὅσον</span> <span class='ocrx_word' id='word_1_405' title='bbox 556 3799 631 3853; x_wconf 84' lang='grc' dir='ltr'><strong>ἂν</strong></span> <span class='ocrx_word' id='word_1_406' title='bbox 662 3799 1013 3869; x_wconf 77' lang='grc' dir='ltr'>καταλήψεως</span> <span class='ocrx_word' id='word_1_407' title='bbox 1043 3801 1150 3854; x_wconf 88' lang='grc' dir='ltr'>τῶν</span> <span class='ocrx_word' id='word_1_408' title='bbox 1182 3799 1574 3870; x_wconf 88' lang='grc' dir='ltr'>διασκοπουμέ-</span> 
     </span>
    </p>
   </div>
   <div class='ocr_carea' id='block_1_60' title="bbox 98 3891 1576 3963">
    <p class='ocr_par' dir='ltr' id='par_1_60' title="bbox 98 3891 1576 3963">
     <span class='ocr_line' id='line_1_60' title="bbox 98 3891 1576 3963; baseline 0.005 -27"><span class='ocrx_word' id='word_1_409' title='bbox 98 3903 166 3937; x_wconf 80' lang='grc' dir='ltr'><strong>νων</strong></span> <span class='ocrx_word' id='word_1_410' title='bbox 186 3892 469 3963; x_wconf 80' lang='grc' dir='ltr'>προχωροίη.</span> <span class='ocrx_word' id='word_1_411' title='bbox 510 3893 590 3945; x_wconf 86' lang='grc' dir='ltr'><strong>Τὺ</strong></span> <span class='ocrx_word' id='word_1_412' title='bbox 620 3891 676 3944; x_wconf 83' lang='grc' dir='ltr'>δὲ</span> <span class='ocrx_word' id='word_1_413' title='bbox 709 3892 804 3962; x_wconf 84' lang='grc' dir='ltr'>τὴν</span> <span class='ocrx_word' id='word_1_414' title='bbox 835 3891 926 3944; x_wconf 88' lang='grc' dir='ltr'><strong>τοῦ</strong></span> <span class='ocrx_word' id='word_1_415' title='bbox 970 3892 1333 3963; x_wconf 84' lang='grc' dir='ltr'>Ἀντιχρίστου</span> <span class='ocrx_word' id='word_1_416' title='bbox 1370 3908 1576 3963; x_wconf 81' lang='grc' dir='ltr'>παρου-</span> 
     </span>
    </p>
   </div>
   <div class='ocr_carea' id='block_1_61' title="bbox 98 3974 1574 4053">
    <p class='ocr_par' dir='ltr' id='par_1_61' title="bbox 98 3974 1574 4053">
     <span class='ocr_line' id='line_1_61' title="bbox 98 3974 1574 4053; baseline 0.009 -31"><span class='ocrx_word' id='word_1_417' title='bbox 98 3974 193 4039; x_wconf 72' lang='grc' dir='ltr'>σίαν,</span> <span class='ocrx_word' id='word_1_418' title='bbox 221 3979 316 4031; x_wconf 78' lang='grc' dir='ltr'>καθ’</span> <span class='ocrx_word' id='word_1_419' title='bbox 343 3982 401 4050; x_wconf 79' lang='grc' dir='ltr'>ἥν</span> <span class='ocrx_word' id='word_1_420' title='bbox 427 3982 517 4035; x_wconf 71' lang='grc' dir='ltr'><strong>καὶ</strong></span> <span class='ocrx_word' id='word_1_421' title='bbox 537 3983 573 4052; x_wconf 85' lang='grc' dir='ltr'>ἡ</span> <span class='ocrx_word' id='word_1_422' title='bbox 613 3979 705 4034; x_wconf 87' lang='grc' dir='ltr'><strong>τοῦ</strong></span> <span class='ocrx_word' id='word_1_423' title='bbox 739 3980 996 4051; x_wconf 77' lang='grc' dir='ltr'>αἰσθητοῦ</span> <span class='ocrx_word' id='word_1_424' title='bbox 1029 3982 1233 4053; x_wconf 84' lang='grc' dir='ltr'>κόσμου</span> <span class='ocrx_word' id='word_1_425' title='bbox 1265 3981 1417 4035; x_wconf 87' lang='grc' dir='ltr'>τοῦδε</span> <span class='ocrx_word' id='word_1_426' title='bbox 1453 4000 1574 4036; x_wconf 89' lang='grc' dir='ltr'>συν-</span> 
     </span>
    </p>
   </div>
   <div class='ocr_carea' id='block_1_62' title="bbox 94 4068 1575 4146">
    <p class='ocr_par' dir='ltr' id='par_1_62' title="bbox 94 4068 1575 4146">
     <span class='ocr_line' id='line_1_62' title="bbox 94 4068 1575 4146; baseline 0.007 -30"><span class='ocrx_word' id='word_1_427' title='bbox 94 4068 225 4122; x_wconf 70' lang='grc' dir='ltr'>τέλεια</span> <span class='ocrx_word' id='word_1_428' title='bbox 244 4073 446 4137; x_wconf 81' lang='grc' dir='ltr'>ἵσταται,</span> <span class='ocrx_word' id='word_1_429' title='bbox 477 4074 621 4146; x_wconf 83' lang='grc' dir='ltr'>μηδὲ</span> <span class='ocrx_word' id='word_1_430' title='bbox 642 4076 753 4137; x_wconf 88' lang='grc' dir='ltr'>τοῖς</span> <span class='ocrx_word' id='word_1_431' title='bbox 773 4073 1039 4146; x_wconf 83' lang='grc' dir='ltr'>μαθηταῖς</span> <span class='ocrx_word' id='word_1_432' title='bbox 1061 4074 1332 4144; x_wconf 85' lang='grc' dir='ltr'>δεομένοις</span> <span class='ocrx_word' id='word_1_433' title='bbox 1354 4072 1445 4127; x_wconf 87' lang='grc' dir='ltr'><strong>τοῦ</strong></span> <span class='ocrx_word' id='word_1_434' title='bbox 1463 4075 1575 4126; x_wconf 89' lang='grc' dir='ltr'><strong>Σω-</strong></span> 
     </span>
    </p>
   </div>
   <div class='ocr_carea' id='block_1_63' title="bbox 96 4158 1576 4237">
    <p class='ocr_par' dir='ltr' id='par_1_63' title="bbox 96 4158 1576 4237">
     <span class='ocr_line' id='line_1_63' title="bbox 96 4158 1576 4237; baseline 0.003 -23"><span class='ocrx_word' id='word_1_435' title='bbox 96 4158 212 4228; x_wconf 66' lang='grc' dir='ltr'>τῆρος</span> <span class='ocrx_word' id='word_1_436' title='bbox 238 4164 653 4237; x_wconf 64' lang='grc' dir='ltr'>ἀποκαλύψαντος</span> <span class='ocrx_word' id='word_1_437' title='bbox 673 4184 687 4197; x_wconf 68' lang='grc' dir='ltr'><strong>υ</strong></span> <span class='ocrx_word' id='word_1_438' title='bbox 736 4162 853 4220; x_wconf 78' lang='grc' dir='ltr'>εἶτα</span> <span class='ocrx_word' id='word_1_439' title='bbox 884 4166 1044 4219; x_wconf 80' lang='grc' dir='ltr'>αὑτὸν</span> <span class='ocrx_word' id='word_1_440' title='bbox 1081 4166 1279 4237; x_wconf 87' lang='grc' dir='ltr'>ταύτην</span> <span class='ocrx_word' id='word_1_441' title='bbox 1315 4183 1576 4220; x_wconf 83' lang='grc' dir='ltr'>πεντακο-</span> 
     </span>
    </p>
   </div>
   <div class='ocr_carea' id='block_1_64' title="bbox 96 4248 1573 4329">
    <p class='ocr_par' dir='ltr' id='par_1_64' title="bbox 96 4248 1573 4329">
     <span class='ocr_line' id='line_1_64' title="bbox 96 4248 1573 4329; baseline 0.011 -33"><span class='ocrx_word' id='word_1_442' title='bbox 96 4248 186 4311; x_wconf 73' lang='grc' dir='ltr'>ςίοις</span> <span class='ocrx_word' id='word_1_443' title='bbox 213 4253 355 4307; x_wconf 78' lang='grc' dir='ltr'>ἔτεσιν</span> <span class='ocrx_word' id='word_1_444' title='bbox 384 4258 487 4310; x_wconf 81' lang='grc' dir='ltr'><strong>ἀπὸ</strong></span> <span class='ocrx_word' id='word_1_445' title='bbox 513 4256 750 4327; x_wconf 85' lang='grc' dir='ltr'>Χριστοῦ</span> <span class='ocrx_word' id='word_1_446' title='bbox 780 4257 1083 4328; x_wconf 81' lang='grc' dir='ltr'>ὑπαχθέντα</span> <span class='ocrx_word' id='word_1_447' title='bbox 1115 4257 1573 4329; x_wconf 77' lang='grc' dir='ltr'>περιγράψασθαι,</span> 
     </span>
    </p>
   </div>
   <div class='ocr_carea' id='block_1_65' title="bbox 96 4336 1573 4418">
    <p class='ocr_par' dir='ltr' id='par_1_65' title="bbox 96 4336 1573 4418">
     <span class='ocr_line' id='line_1_65' title="bbox 96 4336 1573 4418; baseline 0.007 -31"><span class='ocrx_word' id='word_1_448' title='bbox 96 4336 233 4392; x_wconf 68' lang='grc' dir='ltr'>ὡσανεὶ</span> <span class='ocrx_word' id='word_1_449' title='bbox 257 4345 347 4397; x_wconf 81' lang='grc' dir='ltr'><strong>τῶν</strong></span> <span class='ocrx_word' id='word_1_450' title='bbox 373 4346 475 4399; x_wconf 78' lang='grc' dir='ltr'><strong>ἀπὸ</strong></span> <span class='ocrx_word' id='word_1_451' title='bbox 507 4345 733 4418; x_wconf 81' lang='grc' dir='ltr'>πρώτης</span> <span class='ocrx_word' id='word_1_452' title='bbox 759 4346 850 4399; x_wconf 87' lang='grc' dir='ltr'><strong>τοῦ</strong></span> <span class='ocrx_word' id='word_1_453' title='bbox 874 4346 1078 4417; x_wconf 79' lang='grc' dir='ltr'>κόσμου</span> <span class='ocrx_word' id='word_1_454' title='bbox 1117 4345 1421 4415; x_wconf 82' lang='grc' dir='ltr'>καταϐολῆς</span> <span class='ocrx_word' id='word_1_455' title='bbox 1448 4345 1573 4411; x_wconf 79' lang='grc' dir='ltr'>ἑξα-</span> 
     </span>
    </p>
   </div>
   <div class='ocr_carea' id='block_1_66' title="bbox 97 4433 1576 4509">
    <p class='ocr_par' dir='ltr' id='par_1_66' title="bbox 97 4433 1576 4509">
     <span class='ocr_line' id='line_1_66' title="bbox 97 4433 1576 4509; baseline 0.008 -31"><span class='ocrx_word' id='word_1_456' title='bbox 97 4433 297 4501; x_wconf 66' lang='grc' dir='ltr'>κισχιλίων</span> <span class='ocrx_word' id='word_1_457' title='bbox 324 4438 450 4491; x_wconf 79' lang='grc' dir='ltr'>ἐτῶν</span> <span class='ocrx_word' id='word_1_458' title='bbox 488 4438 945 4509; x_wconf 74' lang='grc' dir='ltr'>συντελουμένων,</span> <span class='ocrx_word' id='word_1_459' title='bbox 979 4439 1073 4492; x_wconf 76' lang='grc' dir='ltr'><strong>καὶ</strong></span> <span class='ocrx_word' id='word_1_460' title='bbox 1104 4438 1199 4509; x_wconf 80' lang='grc' dir='ltr'><strong>τὴν</strong></span> <span class='ocrx_word' id='word_1_461' title='bbox 1223 4438 1463 4491; x_wconf 82' lang='grc' dir='ltr'>διάλυσιν</span> <span class='ocrx_word' id='word_1_462' title='bbox 1486 4438 1576 4490; x_wconf 89' lang='grc' dir='ltr'>αύ-</span> 
     </span>
    </p>
   </div>
   <div class='ocr_carea' id='block_1_67' title="bbox 95 4521 1574 4603">
    <p class='ocr_par' dir='ltr' id='par_1_67' title="bbox 95 4521 1574 4603">
     <span class='ocr_line' id='line_1_67' title="bbox 95 4521 1574 4603; baseline 0.024 -35"><span class='ocrx_word' id='word_1_463' title='bbox 95 4521 155 4572; x_wconf 73' lang='grc' dir='ltr'>τοῦ</span> <span class='ocrx_word' id='word_1_464' title='bbox 191 4527 474 4593; x_wconf 62' lang='grc' dir='ltr'>ἐφεστάναι·</span> <span class='ocrx_word' id='word_1_465' title='bbox 525 4530 686 4584; x_wconf 87' lang='grc' dir='ltr'>τοῦτο</span> <span class='ocrx_word' id='word_1_466' title='bbox 732 4531 825 4584; x_wconf 75' lang='grc' dir='ltr'><strong>καὶ</strong></span> <span class='ocrx_word' id='word_1_467' title='bbox 863 4530 1193 4603; x_wconf 77' lang='grc' dir='ltr'>θερμοτέρας</span> <span class='ocrx_word' id='word_1_468' title='bbox 1234 4529 1296 4584; x_wconf 59' lang='grc' dir='ltr'>ἂν</span> <span class='ocrx_word' id='word_1_469' title='bbox 1345 4530 1430 4602; x_wconf 75' lang='grc' dir='ltr'><strong>εἴη</strong></span> <span class='ocrx_word' id='word_1_470' title='bbox 1480 4529 1574 4582; x_wconf 66' lang='grc' dir='ltr'><strong>τοῦ</strong></span> 
     </span>
    </p>
   </div>
   <div class='ocr_carea' id='block_1_68' title="bbox 96 4620 1575 4697">
    <p class='ocr_par' dir='ltr' id='par_1_68' title="bbox 96 4620 1575 4697">
     <span class='ocr_line' id='line_1_68' title="bbox 96 4620 1575 4697; baseline 0.003 -23"><span class='ocrx_word' id='word_1_471' title='bbox 96 4620 379 4688; x_wconf 66' lang='grc' dir='ltr'>προςήκοντος</span> <span class='ocrx_word' id='word_1_472' title='bbox 424 4624 685 4695; x_wconf 81' lang='grc' dir='ltr'>γνώμης,</span> <span class='ocrx_word' id='word_1_473' title='bbox 734 4624 829 4676; x_wconf 75' lang='grc' dir='ltr'><strong>καὶ</strong></span> <span class='ocrx_word' id='word_1_474' title='bbox 861 4625 894 4695; x_wconf 82' lang='grc' dir='ltr'><strong>ἡ</strong></span> <span class='ocrx_word' id='word_1_475' title='bbox 927 4625 1195 4694; x_wconf 75' lang='grc' dir='ltr'>ἀπόφασις</span> <span class='ocrx_word' id='word_1_476' title='bbox 1232 4625 1575 4697; x_wconf 83' lang='grc' dir='ltr'>ἀνθρωπίνης</span> 
     </span>
    </p>
   </div>
   <div class='ocr_carea' id='block_1_69' title="bbox 95 4705 1569 4789">
    <p class='ocr_par' dir='ltr' id='par_1_69' title="bbox 95 4705 1569 4789">
     <span class='ocr_line' id='line_1_69' title="bbox 95 4705 1569 4789; baseline 0.008 -29"><span class='ocrx_word' id='word_1_477' title='bbox 95 4705 278 4776; x_wconf 68' lang='grc' dir='ltr'>ἀγνοίας,</span> <span class='ocrx_word' id='word_1_478' title='bbox 307 4714 414 4767; x_wconf 85' lang='grc' dir='ltr'>ἀλλ’</span> <span class='ocrx_word' id='word_1_479' title='bbox 462 4717 563 4769; x_wconf 85' lang='grc' dir='ltr'><strong>οὐκ</strong></span> <span class='ocrx_word' id='word_1_480' title='bbox 594 4717 875 4779; x_wconf 79' lang='grc' dir='ltr'>ἐπιπνοίας</span> <span class='ocrx_word' id='word_1_481' title='bbox 918 4716 1015 4786; x_wconf 84' lang='grc' dir='ltr'>τῆς</span> <span class='ocrx_word' id='word_1_482' title='bbox 1053 4716 1257 4771; x_wconf 79' lang='grc' dir='ltr'>ἀνωθεν</span> <span class='ocrx_word' id='word_1_483' title='bbox 1288 4718 1569 4789; x_wconf 85' lang='grc' dir='ltr'>διελέγχει.</span> 
     </span>
    </p>
   </div>
   <div class='ocr_carea' id='block_1_70' title="bbox 101 4795 1572 4878">
    <p class='ocr_par' dir='ltr' id='par_1_70' title="bbox 101 4795 1572 4878">
     <span class='ocr_line' id='line_1_70' title="bbox 101 4795 1572 4878; baseline 0.008 -30"><span class='ocrx_word' id='word_1_484' title='bbox 101 4795 142 4847; x_wconf 87' lang='grc' dir='ltr'><strong><em>Ἡ</em></strong></span> <span class='ocrx_word' id='word_1_485' title='bbox 160 4802 319 4867; x_wconf 67' lang='grc' dir='ltr'>φράσις</span> <span class='ocrx_word' id='word_1_486' title='bbox 347 4807 530 4871; x_wconf 83' lang='grc' dir='ltr'>αὑτοῦ,</span> <span class='ocrx_word' id='word_1_487' title='bbox 562 4807 623 4860; x_wconf 87' lang='grc' dir='ltr'><strong>τὸ</strong></span> <span class='ocrx_word' id='word_1_488' title='bbox 657 4807 822 4875; x_wconf 76' lang='grc' dir='ltr'>σαφὲς</span> <span class='ocrx_word' id='word_1_489' title='bbox 841 4808 921 4860; x_wconf 79' lang='grc' dir='ltr'>ὅτι</span> <span class='ocrx_word' id='word_1_490' title='bbox 957 4804 1188 4877; x_wconf 85' lang='grc' dir='ltr'>μάλιστα</span> <span class='ocrx_word' id='word_1_491' title='bbox 1210 4807 1572 4878; x_wconf 78' lang='grc' dir='ltr'>οἰκειουμένη,</span> 
     </span>
    </p>
   </div>
   <div class='ocr_carea' id='block_1_71' title="bbox 95 4890 1573 4972">
    <p class='ocr_par' dir='ltr' id='par_1_71' title="bbox 95 4890 1573 4972">
     <span class='ocr_line' id='line_1_71' title="bbox 95 4890 1573 4972; baseline -0.002 -17"><span class='ocrx_word' id='word_1_492' title='bbox 95 4890 236 4955; x_wconf 72' lang='grc' dir='ltr'>πρέποι</span> <span class='ocrx_word' id='word_1_493' title='bbox 261 4896 316 4949; x_wconf 78' lang='grc' dir='ltr'>ἂν</span> <span class='ocrx_word' id='word_1_494' title='bbox 349 4899 630 4971; x_wconf 77' lang='grc' dir='ltr'>ἑρμηνεία,</span> <span class='ocrx_word' id='word_1_495' title='bbox 677 4902 725 4952; x_wconf 87' lang='grc' dir='ltr'>εἰ</span> <span class='ocrx_word' id='word_1_496' title='bbox 768 4901 861 4953; x_wconf 74' lang='grc' dir='ltr'><strong>καὶ</strong></span> <span class='ocrx_word' id='word_1_497' title='bbox 890 4902 1016 4964; x_wconf 84' lang='grc' dir='ltr'>τοὺς</span> <span class='ocrx_word' id='word_1_498' title='bbox 1056 4901 1331 4964; x_wconf 74' lang='grc' dir='ltr'>Ἀττικοὺς</span> <span class='ocrx_word' id='word_1_499' title='bbox 1360 4900 1435 4972; x_wconf 92' lang='grc'><strong>(9)</strong></span> <span class='ocrx_word' id='word_1_500' title='bbox 1458 4898 1573 4953; x_wconf 85' lang='grc' dir='ltr'>οὑτι</span> 
     </span>
    </p>
   </div>
   <div class='ocr_carea' id='block_1_72' title="bbox 96 4984 803 5061">
    <p class='ocr_par' dir='ltr' id='par_1_72' title="bbox 96 4984 803 5061">
     <span class='ocr_line' id='line_1_72' title="bbox 96 4984 803 5061; baseline 0.01 -22"><span class='ocrx_word' id='word_1_501' title='bbox 96 4984 193 5046; x_wconf 70' lang='grc' dir='ltr'>μάλα</span> <span class='ocrx_word' id='word_1_502' title='bbox 218 4987 425 5061; x_wconf 80' lang='grc' dir='ltr'>Θεσμοὺς</span> <span class='ocrx_word' id='word_1_503' title='bbox 456 4995 803 5047; x_wconf 81' lang='grc' dir='ltr'>δυσωπεῖται.</span> 
     </span>
    </p>
   </div>
   <div class='ocr_carea' id='block_1_73' title="bbox 1749 3055 3251 3132">
    <p class='ocr_par' dir='ltr' id='par_1_73' title="bbox 1749 3055 3251 3132">
     <span class='ocr_line' id='line_1_73' title="bbox 1749 3055 3251 3132; baseline -0.004 -17"><span class='ocrx_word' id='word_1_504' title='bbox 1749 3059 1913 3116; x_wconf 90' lang='lat' dir='ltr'><strong>Lecta</strong></span> <span class='ocrx_word' id='word_1_505' title='bbox 1963 3070 2045 3117; x_wconf 90' lang='lat' dir='ltr'><strong>est</strong></span> <span class='ocrx_word' id='word_1_506' title='bbox 2085 3059 2353 3132; x_wconf 84' lang='lat' dir='ltr'><strong>Hippolyti</strong></span> <span class='ocrx_word' id='word_1_507' title='bbox 2396 3057 2634 3129; x_wconf 88' lang='lat' dir='ltr'><strong>episcopi</strong></span> <span class='ocrx_word' id='word_1_508' title='bbox 2682 3073 2746 3112; x_wconf 84' lang='lat' dir='ltr'><strong>ac</strong></span> <span class='ocrx_word' id='word_1_509' title='bbox 2788 3056 3044 3127; x_wconf 88' lang='lat' dir='ltr'><strong>martyris</strong></span> <span class='ocrx_word' id='word_1_510' title='bbox 3083 3055 3251 3111; x_wconf 78' lang='lat' dir='ltr'><strong>inter-</strong></span> 
     </span>
    </p>
   </div>
   <div class='ocr_carea' id='block_1_74' title="bbox 1679 3146 3249 3222">
    <p class='ocr_par' dir='ltr' id='par_1_74' title="bbox 1679 3146 3249 3222">
     <span class='ocr_line' id='line_1_74' title="bbox 1679 3146 3249 3222; baseline -0.005 -15"><span class='ocrx_word' id='word_1_511' title='bbox 1679 3152 1909 3222; x_wconf 85' lang='lat' dir='ltr'><strong>pretatio</strong></span> <span class='ocrx_word' id='word_1_512' title='bbox 1938 3151 2199 3216; x_wconf 89' lang='lat' dir='ltr'><strong>Danielis,</strong></span> <span class='ocrx_word' id='word_1_513' title='bbox 2226 3167 2386 3222; x_wconf 86' lang='lat' dir='ltr'><strong>quem</strong></span> <span class='ocrx_word' id='word_1_514' title='bbox 2419 3152 2520 3205; x_wconf 90' lang='lat' dir='ltr'><strong>etsi</strong></span> <span class='ocrx_word' id='word_1_515' title='bbox 2563 3150 2630 3204; x_wconf 92' lang='lat' dir='ltr'><strong>ad</strong></span> <span class='ocrx_word' id='word_1_516' title='bbox 2677 3148 2899 3204; x_wconf 80' lang='lat' dir='ltr'><strong>verbum</strong></span> <span class='ocrx_word' id='word_1_517' title='bbox 2933 3163 3042 3202; x_wconf 93' lang='lat' dir='ltr'><strong>non</strong></span> <span class='ocrx_word' id='word_1_518' title='bbox 3075 3146 3249 3215; x_wconf 78' lang='lat' dir='ltr'><strong>expli-</strong></span> 
     </span>
    </p>
   </div>
   <div class='ocr_carea' id='block_1_75' title="bbox 1678 3243 3253 3310">
    <p class='ocr_par' dir='ltr' id='par_1_75' title="bbox 1678 3243 3253 3310">
     <span class='ocr_line' id='line_1_75' title="bbox 1678 3243 3253 3310; baseline -0.004 -12"><span class='ocrx_word' id='word_1_519' title='bbox 1678 3255 1786 3308; x_wconf 86' lang='lat' dir='ltr'><strong>cat,</strong></span> <span class='ocrx_word' id='word_1_520' title='bbox 1805 3246 2129 3299; x_wconf 83' lang='lat' dir='ltr'><strong>sententiam</strong></span> <span class='ocrx_word' id='word_1_521' title='bbox 2154 3252 2355 3307; x_wconf 85' lang='lat' dir='ltr'><strong>tamen,</strong></span> <span class='ocrx_word' id='word_1_522' title='bbox 2376 3255 2435 3298; x_wconf 94' lang='lat' dir='ltr'><strong>ut</strong></span> <span class='ocrx_word' id='word_1_523' title='bbox 2460 3245 2532 3298; x_wconf 90' lang='lat' dir='ltr'><strong>ita</strong></span> <span class='ocrx_word' id='word_1_524' title='bbox 2563 3243 2764 3307; x_wconf 87' lang='lat' dir='ltr'><strong>dicam,</strong></span> <span class='ocrx_word' id='word_1_525' title='bbox 2797 3256 2904 3296; x_wconf 91' lang='lat' dir='ltr'><strong>non</strong></span> <span class='ocrx_word' id='word_1_526' title='bbox 2931 3250 3253 3310; x_wconf 73' lang='lat' dir='ltr'><strong>przrtercur-</strong></span> 
     </span>
    </p>
   </div>
   <div class='ocr_carea' id='block_1_76' title="bbox 1678 3336 3253 3408">
    <p class='ocr_par' dir='ltr' id='par_1_76' title="bbox 1678 3336 3253 3408">
     <span class='ocr_line' id='line_1_76' title="bbox 1678 3336 3253 3408; baseline 0.001 -17"><span class='ocrx_word' id='word_1_527' title='bbox 1678 3338 1770 3391; x_wconf 90' lang='lat' dir='ltr'><strong>rit.</strong></span> <span class='ocrx_word' id='word_1_528' title='bbox 1805 3337 1972 3393; x_wconf 88' lang='lat' dir='ltr'><strong>Multa</strong></span> <span class='ocrx_word' id='word_1_529' title='bbox 2010 3353 2172 3408; x_wconf 91' lang='lat' dir='ltr'><strong>porro</strong></span> <span class='ocrx_word' id='word_1_530' title='bbox 2214 3338 2380 3394; x_wconf 86' lang='lat' dir='ltr'><strong>veteri</strong></span> <span class='ocrx_word' id='word_1_531' title='bbox 2414 3352 2586 3403; x_wconf 88' lang='lat' dir='ltr'><strong>more,</strong></span> <span class='ocrx_word' id='word_1_532' title='bbox 2625 3346 2825 3391; x_wconf 91' lang='lat' dir='ltr'><strong>nonut</strong></span> <span class='ocrx_word' id='word_1_533' title='bbox 2863 3346 3048 3407; x_wconf 78' lang='lat' dir='ltr'><strong>postea</strong></span> <span class='ocrx_word' id='word_1_534' title='bbox 3097 3336 3253 3393; x_wconf 78' lang='lat' dir='ltr'><strong>fuere</strong></span> 
     </span>
    </p>
   </div>
   <div class='ocr_carea' id='block_1_77' title="bbox 1680 3428 3249 3500">
    <p class='ocr_par' dir='ltr' id='par_1_77' title="bbox 1680 3428 3249 3500">
     <span class='ocr_line' id='line_1_77' title="bbox 1680 3428 3249 3500; baseline 0.001 -18"><span class='ocrx_word' id='word_1_535' title='bbox 1680 3429 1991 3484; x_wconf 86' lang='lat' dir='ltr'><strong>accuratius</strong></span> <span class='ocrx_word' id='word_1_536' title='bbox 2024 3445 2277 3494; x_wconf 75' lang='lat' dir='ltr'><strong>excussa,</strong></span> <span class='ocrx_word' id='word_1_537' title='bbox 2312 3429 2674 3500; x_wconf 87' lang='lat' dir='ltr'><strong>persequitur.</strong></span> <span class='ocrx_word' id='word_1_538' title='bbox 2708 3428 3030 3499; x_wconf 85' lang='lat' dir='ltr'><strong>Quanquam</strong></span> <span class='ocrx_word' id='word_1_539' title='bbox 3056 3443 3249 3483; x_wconf 91' lang='lat' dir='ltr'><strong>eorum</strong></span> 
     </span>
    </p>
   </div>
   <div class='ocr_carea' id='block_1_78' title="bbox 1678 3519 3249 3592">
    <p class='ocr_par' dir='ltr' id='par_1_78' title="bbox 1678 3519 3249 3592">
     <span class='ocr_line' id='line_1_78' title="bbox 1678 3519 3249 3592; baseline 0.001 -19"><span class='ocrx_word' id='word_1_540' title='bbox 1678 3520 1828 3588; x_wconf 91' lang='lat' dir='ltr'><strong>posci</strong></span> <span class='ocrx_word' id='word_1_541' title='bbox 1853 3522 2141 3585; x_wconf 89' lang='lat' dir='ltr'><strong>rationem,</strong></span> <span class='ocrx_word' id='word_1_542' title='bbox 2167 3536 2379 3592; x_wconf 71' lang='lat' dir='ltr'><strong>aequum</strong></span> <span class='ocrx_word' id='word_1_543' title='bbox 2413 3537 2519 3575; x_wconf 91' lang='lat' dir='ltr'><strong>non</strong></span> <span class='ocrx_word' id='word_1_544' title='bbox 2543 3529 2645 3577; x_wconf 90' lang='lat' dir='ltr'><strong>est.</strong></span> <span class='ocrx_word' id='word_1_545' title='bbox 2675 3519 2861 3591; x_wconf 86' lang='lat' dir='ltr'><strong>Neque</strong></span> <span class='ocrx_word' id='word_1_546' title='bbox 2890 3522 3033 3575; x_wconf 89' lang='lat' dir='ltr'><strong>enim</strong></span> <span class='ocrx_word' id='word_1_547' title='bbox 3063 3519 3146 3576; x_wconf 85' lang='lat' dir='ltr'><strong>fas</strong></span> <span class='ocrx_word' id='word_1_548' title='bbox 3179 3520 3249 3575; x_wconf 87' lang='lat' dir='ltr'><strong>ab</strong></span> 
     </span>
    </p>
   </div>
   <div class='ocr_carea' id='block_1_79' title="bbox 1678 3614 3250 3688">
    <p class='ocr_par' dir='ltr' id='par_1_79' title="bbox 1678 3614 3250 3688">
     <span class='ocr_line' id='line_1_79' title="bbox 1678 3614 3250 3688; baseline 0.003 -20"><span class='ocrx_word' id='word_1_549' title='bbox 1678 3614 1745 3669; x_wconf 91' lang='lat' dir='ltr'><strong>iis</strong></span> <span class='ocrx_word' id='word_1_550' title='bbox 1786 3616 1878 3686; x_wconf 93' lang='lat' dir='ltr'><strong>qui</strong></span> <span class='ocrx_word' id='word_1_551' title='bbox 1908 3616 2257 3673; x_wconf 80' lang='lat' dir='ltr'><strong>fundamenta</strong></span> <span class='ocrx_word' id='word_1_552' title='bbox 2298 3618 2374 3672; x_wconf 89' lang='lat' dir='ltr'><strong>rei</strong></span> <span class='ocrx_word' id='word_1_553' title='bbox 2430 3618 2664 3687; x_wconf 87' lang='lat' dir='ltr'><strong>alicujus</strong></span> <span class='ocrx_word' id='word_1_554' title='bbox 2696 3618 3104 3675; x_wconf 70' lang='lat' dir='ltr'><strong>consideranda:</strong></span> <span class='ocrx_word' id='word_1_555' title='bbox 3151 3633 3250 3688; x_wconf 83' lang='lat' dir='ltr'><strong>po-</strong></span> 
     </span>
    </p>
   </div>
   <div class='ocr_carea' id='block_1_80' title="bbox 1677 3706 3245 3779">
    <p class='ocr_par' dir='ltr' id='par_1_80' title="bbox 1677 3706 3245 3779">
     <span class='ocr_line' id='line_1_80' title="bbox 1677 3706 3245 3779; baseline 0.002 -19"><span class='ocrx_word' id='word_1_556' title='bbox 1677 3706 1902 3773; x_wconf 83' lang='lat' dir='ltr'><strong>suerint,</strong></span> <span class='ocrx_word' id='word_1_557' title='bbox 1936 3708 2199 3762; x_wconf 88' lang='lat' dir='ltr'><strong>rationem</strong></span> <span class='ocrx_word' id='word_1_558' title='bbox 2240 3716 2481 3777; x_wconf 86' lang='lat' dir='ltr'><strong>repetere</strong></span> <span class='ocrx_word' id='word_1_559' title='bbox 2518 3723 2703 3763; x_wconf 86' lang='lat' dir='ltr'><strong>eorum</strong></span> <span class='ocrx_word' id='word_1_560' title='bbox 2744 3723 2864 3779; x_wconf 74' lang='lat' dir='ltr'><strong>qua-</strong></span> <span class='ocrx_word' id='word_1_561' title='bbox 2900 3709 3245 3777; x_wconf 69' lang='lat' dir='ltr'><strong>praeteriere:</strong></span> 
     </span>
    </p>
   </div>
   <div class='ocr_carea' id='block_1_81' title="bbox 1675 3798 3246 3870">
    <p class='ocr_par' dir='ltr' id='par_1_81' title="bbox 1675 3798 3246 3870">
     <span class='ocr_line' id='line_1_81' title="bbox 1675 3798 3246 3870; baseline 0.001 -17"><span class='ocrx_word' id='word_1_562' title='bbox 1675 3799 1767 3853; x_wconf 91' lang='lat' dir='ltr'><strong>sed</strong></span> <span class='ocrx_word' id='word_1_563' title='bbox 1821 3798 2000 3854; x_wconf 86' lang='lat' dir='ltr'><strong>favere</strong></span> <span class='ocrx_word' id='word_1_564' title='bbox 2047 3800 2226 3869; x_wconf 90' lang='lat' dir='ltr'><strong>potius</strong></span> <span class='ocrx_word' id='word_1_565' title='bbox 2265 3800 2483 3854; x_wconf 92' lang='lat' dir='ltr'><strong>conatui</strong></span> <span class='ocrx_word' id='word_1_566' title='bbox 2530 3800 2665 3869; x_wconf 91' lang='lat' dir='ltr'><strong>ipsi,</strong></span> <span class='ocrx_word' id='word_1_567' title='bbox 2700 3801 3246 3870; x_wconf 82' lang='lat' dir='ltr'><strong>quantulumcunque</strong></span> 
     </span>
    </p>
   </div>
   <div class='ocr_carea' id='block_1_82' title="bbox 1675 3890 3238 3963">
    <p class='ocr_par' dir='ltr' id='par_1_82' title="bbox 1675 3890 3238 3963">
     <span class='ocr_line' id='line_1_82' title="bbox 1675 3890 3238 3963; baseline 0 -18"><span class='ocrx_word' id='word_1_568' title='bbox 1675 3890 1729 3945; x_wconf 89' lang='lat' dir='ltr'><strong>in</strong></span> <span class='ocrx_word' id='word_1_569' title='bbox 1773 3907 1955 3947; x_wconf 88' lang='lat' dir='ltr'><strong>rerum</strong></span> <span class='ocrx_word' id='word_1_570' title='bbox 1995 3892 2532 3963; x_wconf 88' lang='lat' dir='ltr'><strong>contemplandarum</strong></span> <span class='ocrx_word' id='word_1_571' title='bbox 2577 3891 3057 3961; x_wconf 88' lang='lat' dir='ltr'><strong>comprehensione</strong></span> <span class='ocrx_word' id='word_1_572' title='bbox 3109 3907 3238 3960; x_wconf 89' lang='lat' dir='ltr'><strong>pro-</strong></span> 
     </span>
    </p>
   </div>
   <div class='ocr_carea' id='block_1_83' title="bbox 1675 3983 3237 4050">
    <p class='ocr_par' dir='ltr' id='par_1_83' title="bbox 1675 3983 3237 4050">
     <span class='ocr_line' id='line_1_83' title="bbox 1675 3983 3237 4050; baseline 0 -11"><span class='ocrx_word' id='word_1_573' title='bbox 1675 3985 1957 4041; x_wconf 89' lang='lat' dir='ltr'><strong>cesserint.</strong></span> <span class='ocrx_word' id='word_1_574' title='bbox 2008 3985 2329 4041; x_wconf 84' lang='lat' dir='ltr'><strong>Antichristi</strong></span> <span class='ocrx_word' id='word_1_575' title='bbox 2381 4000 2508 4039; x_wconf 89' lang='lat' dir='ltr'><strong>vero</strong></span> <span class='ocrx_word' id='word_1_576' title='bbox 2564 3985 2884 4050; x_wconf 86' lang='lat' dir='ltr'><strong>adventum,</strong></span> <span class='ocrx_word' id='word_1_577' title='bbox 2933 3983 3021 4038; x_wconf 90' lang='lat' dir='ltr'><strong>cui</strong></span> <span class='ocrx_word' id='word_1_578' title='bbox 3071 3984 3237 4039; x_wconf 88' lang='lat' dir='ltr'><strong>etiam</strong></span> 
     </span>
    </p>
   </div>
   <div class='ocr_carea' id='block_1_84' title="bbox 1676 4075 3235 4147">
    <p class='ocr_par' dir='ltr' id='par_1_84' title="bbox 1676 4075 3235 4147">
     <span class='ocr_line' id='line_1_84' title="bbox 1676 4075 3235 4147; baseline -0.001 -16"><span class='ocrx_word' id='word_1_579' title='bbox 1676 4078 2019 4147; x_wconf 86' lang='lat' dir='ltr'><strong>aspectabilis</strong></span> <span class='ocrx_word' id='word_1_580' title='bbox 2069 4078 2232 4145; x_wconf 86' lang='lat' dir='ltr'><strong>hujus</strong></span> <span class='ocrx_word' id='word_1_581' title='bbox 2287 4077 2476 4131; x_wconf 91' lang='lat' dir='ltr'><strong>mundi</strong></span> <span class='ocrx_word' id='word_1_582' title='bbox 2524 4076 2924 4131; x_wconf 82' lang='lat' dir='ltr'><strong>consummatio</strong></span> <span class='ocrx_word' id='word_1_583' title='bbox 2965 4075 3235 4147; x_wconf 81' lang='lat' dir='ltr'><strong>jungitur,</strong></span> 
     </span>
    </p>
   </div>
   <div class='ocr_carea' id='block_1_85' title="bbox 1676 4166 3245 4239">
    <p class='ocr_par' dir='ltr' id='par_1_85' title="bbox 1676 4166 3245 4239">
     <span class='ocr_line' id='line_1_85' title="bbox 1676 4166 3245 4239; baseline -0.001 -16"><span class='ocrx_word' id='word_1_584' title='bbox 1676 4184 1799 4224; x_wconf 86' lang='lat' dir='ltr'><strong>cum</strong></span> <span class='ocrx_word' id='word_1_585' title='bbox 1825 4184 1895 4223; x_wconf 92' lang='lat' dir='ltr'><strong>ne</strong></span> <span class='ocrx_word' id='word_1_586' title='bbox 1922 4168 2203 4239; x_wconf 90' lang='lat' dir='ltr'><strong>discipulis</strong></span> <span class='ocrx_word' id='word_1_587' title='bbox 2242 4168 2459 4238; x_wconf 89' lang='lat' dir='ltr'><strong>quidem</strong></span> <span class='ocrx_word' id='word_1_588' title='bbox 2503 4167 2821 4239; x_wconf 82' lang='lat' dir='ltr'><strong>rogantibus</strong></span> <span class='ocrx_word' id='word_1_589' title='bbox 2862 4166 3245 4221; x_wconf 75' lang='lat' dir='ltr'><strong>manifestare-</strong></span> 
     </span>
    </p>
   </div>
   <div class='ocr_carea' id='block_1_86' title="bbox 1677 4262 3243 4335">
    <p class='ocr_par' dir='ltr' id='par_1_86' title="bbox 1677 4262 3243 4335">
     <span class='ocr_line' id='line_1_86' title="bbox 1677 4262 3243 4335; baseline 0.001 -16"><span class='ocrx_word' id='word_1_590' title='bbox 1677 4265 1749 4319; x_wconf 86' lang='lat' dir='ltr'><strong>rit</strong></span> <span class='ocrx_word' id='word_1_591' title='bbox 1781 4263 2047 4328; x_wconf 86' lang='lat' dir='ltr'><strong>Salvator,</strong></span> <span class='ocrx_word' id='word_1_592' title='bbox 2080 4264 2149 4317; x_wconf 90' lang='lat' dir='ltr'><strong>ab</strong></span> <span class='ocrx_word' id='word_1_593' title='bbox 2196 4262 2481 4335; x_wconf 85' lang='lat' dir='ltr'><strong>Hippolyto</strong></span> <span class='ocrx_word' id='word_1_594' title='bbox 2516 4263 2710 4317; x_wconf 89' lang='lat' dir='ltr'><strong>deinde</strong></span> <span class='ocrx_word' id='word_1_595' title='bbox 2755 4263 2820 4317; x_wconf 88' lang='lat' dir='ltr'><strong>ad</strong></span> <span class='ocrx_word' id='word_1_596' title='bbox 2859 4263 3184 4333; x_wconf 87' lang='lat' dir='ltr'><strong>quingentos</strong></span> <span class='ocrx_word' id='word_1_597' title='bbox 3212 4281 3243 4320; x_wconf 88' lang='lat' dir='ltr'><strong>a</strong></span> 
     </span>
    </p>
   </div>
   <div class='ocr_carea' id='block_1_87' title="bbox 1677 4354 3244 4427">
    <p class='ocr_par' dir='ltr' id='par_1_87' title="bbox 1677 4354 3244 4427">
     <span class='ocr_line' id='line_1_87' title="bbox 1677 4354 3244 4427; baseline 0.003 -18"><span class='ocrx_word' id='word_1_598' title='bbox 1677 4356 1893 4411; x_wconf 85' lang='lat' dir='ltr'><strong>Christo</strong></span> <span class='ocrx_word' id='word_1_599' title='bbox 1909 4370 2083 4411; x_wconf 89' lang='lat' dir='ltr'><strong>annos</strong></span> <span class='ocrx_word' id='word_1_600' title='bbox 2115 4354 2311 4411; x_wconf 90' lang='lat' dir='ltr'><strong>adduci</strong></span> <span class='ocrx_word' id='word_1_601' title='bbox 2326 4371 2387 4410; x_wconf 85' lang='lat' dir='ltr'><strong>ac</strong></span> <span class='ocrx_word' id='word_1_602' title='bbox 2414 4355 2812 4423; x_wconf 85' lang='lat' dir='ltr'><strong>circumscribi,</strong></span> <span class='ocrx_word' id='word_1_603' title='bbox 2835 4358 2990 4427; x_wconf 91' lang='lat' dir='ltr'><strong>quasi</strong></span> <span class='ocrx_word' id='word_1_604' title='bbox 3015 4374 3044 4411; x_wconf 91' lang='lat' dir='ltr'><strong>a</strong></span> <span class='ocrx_word' id='word_1_605' title='bbox 3069 4359 3244 4427; x_wconf 86' lang='lat' dir='ltr'><strong>prima</strong></span> 
     </span>
    </p>
   </div>
   <div class='ocr_carea' id='block_1_88' title="bbox 1677 4446 3243 4505">
    <p class='ocr_par' dir='ltr' id='par_1_88' title="bbox 1677 4446 3243 4505">
     <span class='ocr_line' id='line_1_88' title="bbox 1677 4446 3243 4505; baseline 0.004 -6"><span class='ocrx_word' id='word_1_606' title='bbox 1677 4446 1863 4500; x_wconf 89' lang='lat' dir='ltr'><strong>mundi</strong></span> <span class='ocrx_word' id='word_1_607' title='bbox 1915 4446 2304 4501; x_wconf 89' lang='lat' dir='ltr'><strong>constitutione</strong></span> <span class='ocrx_word' id='word_1_608' title='bbox 2360 4462 2456 4502; x_wconf 83' lang='lat' dir='ltr'><strong>sex</strong></span> <span class='ocrx_word' id='word_1_609' title='bbox 2510 4447 2749 4503; x_wconf 90' lang='lat' dir='ltr'><strong>millibus</strong></span> <span class='ocrx_word' id='word_1_610' title='bbox 2803 4464 3068 4503; x_wconf 89' lang='lat' dir='ltr'><strong>annorum</strong></span> <span class='ocrx_word' id='word_1_611' title='bbox 3127 4458 3243 4505; x_wconf 88' lang='lat' dir='ltr'><strong>tum</strong></span> 
     </span>
    </p>
   </div>
   <div class='ocr_carea' id='block_1_89' title="bbox 1677 4521 3245 4610">
    <p class='ocr_par' dir='ltr' id='par_1_89' title="bbox 1677 4521 3245 4610">
     <span class='ocr_line' id='line_1_89' title="bbox 1677 4521 3245 4610; baseline 0.004 -18"><span class='ocrx_word' id='word_1_612' title='bbox 1677 4521 1881 4592; x_wconf 81' lang='lat' dir='ltr'><strong>exactis</strong></span> <span class='ocrx_word' id='word_1_613' title='bbox 1911 4538 2029 4607; x_wconf 91' lang='lat' dir='ltr'><strong>ejus</strong></span> <span class='ocrx_word' id='word_1_614' title='bbox 2074 4539 2362 4594; x_wconf 84' lang='lat' dir='ltr'><strong>dissolutio</strong></span> <span class='ocrx_word' id='word_1_615' title='bbox 2390 4539 2638 4606; x_wconf 85' lang='lat' dir='ltr'><strong>instaret,</strong></span> <span class='ocrx_word' id='word_1_616' title='bbox 2684 4540 2789 4596; x_wconf 85' lang='lat' dir='ltr'><strong>hoc</strong></span> <span class='ocrx_word' id='word_1_617' title='bbox 2825 4542 3099 4597; x_wconf 85' lang='lat' dir='ltr'><strong>calidioris</strong></span> <span class='ocrx_word' id='word_1_618' title='bbox 3124 4545 3245 4610; x_wconf 46' lang='lat' dir='ltr'><strong>qui‘</strong></span> 
     </span>
    </p>
   </div>
   <div class='ocr_carea' id='block_1_90' title="bbox 1676 4630 3244 4703">
    <p class='ocr_par' dir='ltr' id='par_1_90' title="bbox 1676 4630 3244 4703">
     <span class='ocr_line' id='line_1_90' title="bbox 1676 4630 3244 4703; baseline 0.003 -19"><span class='ocrx_word' id='word_1_619' title='bbox 1676 4630 1799 4685; x_wconf 89' lang='lat' dir='ltr'><strong>dem</strong></span> <span class='ocrx_word' id='word_1_620' title='bbox 1834 4645 1999 4700; x_wconf 91' lang='lat' dir='ltr'><strong>quam</strong></span> <span class='ocrx_word' id='word_1_621' title='bbox 2038 4631 2296 4698; x_wconf 87' lang='lat' dir='ltr'><strong>decebat,</strong></span> <span class='ocrx_word' id='word_1_622' title='bbox 2331 4631 2500 4686; x_wconf 87' lang='lat' dir='ltr'><strong>animi</strong></span> <span class='ocrx_word' id='word_1_623' title='bbox 2546 4642 2665 4698; x_wconf 89' lang='lat' dir='ltr'><strong>est;</strong></span> <span class='ocrx_word' id='word_1_624' title='bbox 2712 4644 2876 4703; x_wconf 89' lang='lat' dir='ltr'><strong>atque</strong></span> <span class='ocrx_word' id='word_1_625' title='bbox 2915 4636 3244 4689; x_wconf 85' lang='lat' dir='ltr'><strong>asseveratio</strong></span> 
     </span>
    </p>
   </div>
   <div class='ocr_carea' id='block_1_91' title="bbox 1676 4722 3240 4795">
    <p class='ocr_par' dir='ltr' id='par_1_91' title="bbox 1676 4722 3240 4795">
     <span class='ocr_line' id='line_1_91' title="bbox 1676 4722 3240 4795; baseline 0.003 -20"><span class='ocrx_word' id='word_1_626' title='bbox 1676 4722 1792 4777; x_wconf 68' lang='lat' dir='ltr'><strong>hazc</strong></span> <span class='ocrx_word' id='word_1_627' title='bbox 1818 4722 2112 4776; x_wconf 89' lang='lat' dir='ltr'><strong>humanam</strong></span> <span class='ocrx_word' id='word_1_628' title='bbox 2144 4722 2507 4793; x_wconf 79' lang='lat' dir='ltr'><strong>ignorantiam</strong></span> <span class='ocrx_word' id='word_1_629' title='bbox 2542 4724 2725 4793; x_wconf 89' lang='lat' dir='ltr'><strong>potius</strong></span> <span class='ocrx_word' id='word_1_630' title='bbox 2762 4741 2922 4795; x_wconf 90' lang='lat' dir='ltr'><strong>quam</strong></span> <span class='ocrx_word' id='word_1_631' title='bbox 2967 4726 3240 4781; x_wconf 70' lang='lat' dir='ltr'><strong>cmlestem</strong></span> 
     </span>
    </p>
   </div>
   <div class='ocr_carea' id='block_1_92' title="bbox 1680 4813 3242 4885">
    <p class='ocr_par' dir='ltr' id='par_1_92' title="bbox 1680 4813 3242 4885">
     <span class='ocr_line' id='line_1_92' title="bbox 1680 4813 3242 4885; baseline 0.003 -18"><span class='ocrx_word' id='word_1_632' title='bbox 1680 4813 2096 4883; x_wconf 87' lang='lat' dir='ltr'><strong>inspirationem</strong></span> <span class='ocrx_word' id='word_1_633' title='bbox 2129 4815 2330 4883; x_wconf 83' lang='lat' dir='ltr'><strong>arguit.</strong></span> <span class='ocrx_word' id='word_1_634' title='bbox 2363 4814 2548 4870; x_wconf 86' lang='lat' dir='ltr'><strong>Genus</strong></span> <span class='ocrx_word' id='word_1_635' title='bbox 2569 4815 2688 4885; x_wconf 90' lang='lat' dir='ltr'><strong>ejus</strong></span> <span class='ocrx_word' id='word_1_636' title='bbox 2714 4816 2925 4872; x_wconf 86' lang='lat' dir='ltr'><strong>dicendi</strong></span> <span class='ocrx_word' id='word_1_637' title='bbox 2954 4818 3158 4872; x_wconf 90' lang='lat' dir='ltr'><strong>clarum</strong></span> <span class='ocrx_word' id='word_1_638' title='bbox 3186 4820 3242 4873; x_wconf 91' lang='lat' dir='ltr'><strong>in</strong></span> 
     </span>
    </p>
   </div>
   <div class='ocr_carea' id='block_1_93' title="bbox 1676 4906 3240 4979">
    <p class='ocr_par' dir='ltr' id='par_1_93' title="bbox 1676 4906 3240 4979">
     <span class='ocr_line' id='line_1_93' title="bbox 1676 4906 3240 4979; baseline 0.003 -20"><span class='ocrx_word' id='word_1_639' title='bbox 1676 4906 1867 4975; x_wconf 86' lang='lat' dir='ltr'><strong>primis</strong></span> <span class='ocrx_word' id='word_1_640' title='bbox 1882 4921 1945 4960; x_wconf 90' lang='lat' dir='ltr'><strong>ac</strong></span> <span class='ocrx_word' id='word_1_641' title='bbox 1968 4906 2336 4975; x_wconf 90' lang='lat' dir='ltr'><strong>perspicuum,</strong></span> <span class='ocrx_word' id='word_1_642' title='bbox 2357 4906 2893 4978; x_wconf 87' lang='lat' dir='ltr'><strong>interpretationique</strong></span> <span class='ocrx_word' id='word_1_643' title='bbox 2916 4924 3240 4979; x_wconf 79' lang='lat' dir='ltr'><strong>congruens,</strong></span> 
     </span>
    </p>
   </div>
   <div class='ocr_carea' id='block_1_94' title="bbox 1679 4998 2838 5070">
    <p class='ocr_par' dir='ltr' id='par_1_94' title="bbox 1679 4998 2838 5070">
     <span class='ocr_line' id='line_1_94' title="bbox 1679 4998 2838 5070; baseline 0.004 -19"><span class='ocrx_word' id='word_1_644' title='bbox 1679 4998 1804 5053; x_wconf 88' lang='lat' dir='ltr'><strong>licet</strong></span> <span class='ocrx_word' id='word_1_645' title='bbox 1832 5013 1931 5053; x_wconf 89' lang='lat' dir='ltr'><strong>nec</strong></span> <span class='ocrx_word' id='word_1_646' title='bbox 1960 4998 2167 5054; x_wconf 86' lang='lat' dir='ltr'><strong>Atticas</strong></span> <span class='ocrx_word' id='word_1_647' title='bbox 2200 4998 2348 5070; x_wconf 90' lang='lat' dir='ltr'><strong>leges</strong></span> <span class='ocrx_word' id='word_1_648' title='bbox 2387 5000 2541 5054; x_wconf 89' lang='lat' dir='ltr'><strong>valde</strong></span> <span class='ocrx_word' id='word_1_649' title='bbox 2571 5001 2838 5070; x_wconf 89' lang='lat' dir='ltr'><strong>repudiat.</strong></span> 
     </span>
    </p>
   </div>
   <div class='ocr_carea' id='block_1_95' title="bbox 139 5074 1578 5166">
    <p class='ocr_par' dir='ltr' id='par_1_95' title="bbox 139 5074 1568 5157">
     <span class='ocr_line' id='line_1_95' title="bbox 139 5074 1568 5157; baseline 0.021 -30"><span class='ocrx_word' id='word_1_650' title='bbox 139 5074 499 5156; x_wconf 79' lang='grc' dir='ltr'>Συνανεγνώσθη</span> <span class='ocrx_word' id='word_1_651' title='bbox 545 5087 706 5140; x_wconf 79' lang='grc' dir='ltr'>αὑτοῦ</span> <span class='ocrx_word' id='word_1_652' title='bbox 741 5086 835 5140; x_wconf 76' lang='grc' dir='ltr'><strong>καὶ</strong></span> <span class='ocrx_word' id='word_1_653' title='bbox 865 5085 1049 5157; x_wconf 74' lang='grc' dir='ltr'>ἔτερος</span> <span class='ocrx_word' id='word_1_654' title='bbox 1071 5085 1230 5155; x_wconf 81' lang='grc' dir='ltr'>λόγος</span> <span class='ocrx_word' id='word_1_655' title='bbox 1263 5085 1389 5156; x_wconf 71' lang='grc' dir='ltr'>περὶ</span> <span class='ocrx_word' id='word_1_656' title='bbox 1434 5087 1568 5156; x_wconf 75' lang='grc' dir='ltr'>Χρι’</span> 
     </span>
    </p>
   </div>
   <div class='ocr_carea' id='block_1_96' title="bbox 1680 5074 3241 5166">
    <p class='ocr_par' dir='ltr' id='par_1_96' title="bbox 1750 5089 3241 5160">
     <span class='ocr_line' id='line_1_96' title="bbox 1750 5089 3241 5160; baseline 0.002 -17"><span class='ocrx_word' id='word_1_657' title='bbox 1750 5089 1947 5145; x_wconf 89' lang='lat' dir='ltr'><strong>Lectus</strong></span> <span class='ocrx_word' id='word_1_658' title='bbox 1975 5090 2217 5160; x_wconf 86' lang='lat' dir='ltr'><strong>ejusdem</strong></span> <span class='ocrx_word' id='word_1_659' title='bbox 2251 5092 2415 5146; x_wconf 91' lang='lat' dir='ltr'><strong>simul</strong></span> <span class='ocrx_word' id='word_1_660' title='bbox 2444 5103 2499 5147; x_wconf 89' lang='lat' dir='ltr'><strong>et</strong></span> <span class='ocrx_word' id='word_1_661' title='bbox 2525 5092 2665 5147; x_wconf 89' lang='lat' dir='ltr'><strong>alius</strong></span> <span class='ocrx_word' id='word_1_662' title='bbox 2695 5092 2830 5147; x_wconf 87' lang='lat' dir='ltr'><strong>liber</strong></span> <span class='ocrx_word' id='word_1_663' title='bbox 2861 5092 2926 5147; x_wconf 91' lang='lat' dir='ltr'><strong>de</strong></span> <span class='ocrx_word' id='word_1_664' title='bbox 2950 5090 3166 5147; x_wconf 90' lang='lat' dir='ltr'><strong>Christo</strong></span> <span class='ocrx_word' id='word_1_665' title='bbox 3186 5100 3241 5147; x_wconf 91' lang='lat' dir='ltr'><strong>et</strong></span> 
     </span>
    </p>
   </div>
   <div class='ocr_carea' id='block_1_97' title="bbox 139 5250 1572 5332">
    <p class='ocr_par' dir='ltr' id='par_1_97' title="bbox 139 5250 1572 5332">
     <span class='ocr_line' id='line_1_97' title="bbox 139 5250 1572 5332; baseline 0.006 -21"><span class='ocrx_word' id='word_1_666' title='bbox 139 5250 195 5332; x_wconf 68' lang='lat'><strong>(6)</strong></span> <span class='ocrx_word' id='word_1_667' title='bbox 224 5254 288 5310; x_wconf 79' lang='lat' dir='ltr'><strong>Ex</strong></span> <span class='ocrx_word' id='word_1_668' title='bbox 311 5258 405 5332; x_wconf 80' lang='lat' dir='ltr'><strong>hoc</strong></span> <span class='ocrx_word' id='word_1_669' title='bbox 430 5261 549 5315; x_wconf 89' lang='lat' dir='ltr'><strong>loco</strong></span> <span class='ocrx_word' id='word_1_670' title='bbox 573 5270 813 5331; x_wconf 88' lang='lat' dir='ltr'><strong>apparet,</strong></span> <span class='ocrx_word' id='word_1_671' title='bbox 838 5262 976 5332; x_wconf 90' lang='lat' dir='ltr'><strong>apud</strong></span> <span class='ocrx_word' id='word_1_672' title='bbox 1001 5261 1251 5319; x_wconf 87' lang='lat' dir='ltr'><strong>Photium</strong></span> <span class='ocrx_word' id='word_1_673' title='bbox 1276 5278 1401 5317; x_wconf 80' lang='lat' dir='ltr'><strong>mox</strong></span> <span class='ocrx_word' id='word_1_674' title='bbox 1432 5263 1572 5320; x_wconf 77' lang='lat' dir='ltr'><strong>infra</strong></span> 
     </span>
    </p>
   </div>
   <div class='ocr_carea' id='block_1_98' title="bbox 93 5326 1570 5403">
    <p class='ocr_par' dir='ltr' id='par_1_98' title="bbox 93 5326 1570 5403">
     <span class='ocr_line' id='line_1_98' title="bbox 93 5326 1570 5403; baseline 0.01 -28"><span class='ocrx_word' id='word_1_675' title='bbox 93 5326 171 5403; x_wconf 71' lang='lat' dir='ltr'><strong>md.</strong></span> <span class='ocrx_word' id='word_1_676' title='bbox 192 5340 297 5403; x_wconf 66' lang='lat' dir='ltr'><strong>ceu,</strong></span> <span class='ocrx_word' id='word_1_677' title='bbox 324 5330 518 5403; x_wconf 81' lang='lat' dir='ltr'><strong>inliue,</strong></span> <span class='ocrx_word' id='word_1_678' title='bbox 545 5326 1093 5403; x_wconf 10' lang='lat' dir='ltr'><strong>no&#39;n&#39;fesseglegendum</strong></span> <span class='ocrx_word' id='word_1_679' title='bbox 1116 5333 1231 5386; x_wconf 81' lang='grc' dir='ltr'>οὑτι</span> <span class='ocrx_word' id='word_1_680' title='bbox 1256 5335 1419 5403; x_wconf 84' lang='grc' dir='ltr'>μάλα,</span> <span class='ocrx_word' id='word_1_681' title='bbox 1443 5337 1534 5390; x_wconf 90' lang='lat' dir='ltr'><strong>sed</strong></span> <span class='ocrx_word' id='word_1_682' title='bbox 1557 5353 1570 5389; x_wconf 85' lang='lat'><strong>:</strong></span> 
     </span>
    </p>
   </div>
   <div class='ocr_carea' id='block_1_99' title="bbox 90 5397 1575 5472">
    <p class='ocr_par' dir='ltr' id='par_1_99' title="bbox 90 5397 1575 5472">
     <span class='ocr_line' id='line_1_99' title="bbox 90 5397 1575 5472; baseline 0.003 -17"><span class='ocrx_word' id='word_1_683' title='bbox 90 5397 174 5468; x_wconf 60' lang='grc' dir='ltr'><strong>τοίξς</strong></span> <span class='ocrx_word' id='word_1_684' title='bbox 195 5397 442 5472; x_wconf 68' lang='grc' dir='ltr'>Ἀττικοὺς</span> <span class='ocrx_word' id='word_1_685' title='bbox 470 5402 579 5455; x_wconf 63' lang='lat' dir='ltr'><strong>om</strong></span> <span class='ocrx_word' id='word_1_686' title='bbox 609 5402 751 5472; x_wconf 82' lang='grc' dir='ltr'>μάλα</span> <span class='ocrx_word' id='word_1_687' title='bbox 789 5397 1022 5472; x_wconf 69' lang='grc' dir='ltr'>θεσμοὺς</span> <span class='ocrx_word' id='word_1_688' title='bbox 1052 5397 1377 5457; x_wconf 72' lang='grc' dir='ltr'>δυσωπεῖται</span> <span class='ocrx_word' id='word_1_689' title='bbox 1414 5425 1427 5437; x_wconf 86' lang='grc'><strong>·</strong></span> <span class='ocrx_word' id='word_1_690' title='bbox 1470 5408 1575 5461; x_wconf 87' lang='lat' dir='ltr'><strong>nisi</strong></span> 
     </span>
    </p>
   </div>
   <div class='ocr_carea' id='block_1_100' title="bbox 92 5469 1564 5546">
    <p class='ocr_par' dir='ltr' id='par_1_100' title="bbox 92 5469 1564 5546">
     <span class='ocr_line' id='line_1_100' title="bbox 92 5469 1564 5546; baseline 0.01 -32"><span class='ocrx_word' id='word_1_691' title='bbox 92 5473 241 5546; x_wconf 41' lang='lat' dir='ltr'><strong>illiset</strong></span> <span class='ocrx_word' id='word_1_692' title='bbox 272 5469 359 5546; x_wconf 86' lang='lat' dir='ltr'><strong>hic_</strong></span> <span class='ocrx_word' id='word_1_693' title='bbox 387 5472 529 5539; x_wconf 83' lang='lat' dir='ltr'><strong>legat</strong></span> <span class='ocrx_word' id='word_1_694' title='bbox 562 5469 960 5546; x_wconf 69' lang='grc' dir='ltr'>ἀποστρέφεται</span> <span class='ocrx_word' id='word_1_695' title='bbox 1002 5488 1103 5546; x_wconf 82' lang='lat' dir='ltr'><strong>pro</strong></span> <span class='ocrx_word' id='word_1_696' title='bbox 1142 5476 1526 5546; x_wconf 78' lang='grc' dir='ltr'>ἐπιστρέφεται</span> <span class='ocrx_word' id='word_1_697' title='bbox 1548 5517 1564 5540; x_wconf 90' lang='grc'><strong>,</strong></span> 
     </span>
    </p>
   </div>
   <div class='ocr_carea' id='block_1_101' title="bbox 92 5534 1572 5664">
    <p class='ocr_par' dir='ltr' id='par_1_101' title="bbox 92 5534 1572 5664">
     <span class='ocr_line' id='line_1_101' title="bbox 92 5534 1572 5611; baseline 0.011 -26"><span class='ocrx_word' id='word_1_698' title='bbox 92 5534 191 5594; x_wconf 64' lang='lat' dir='ltr'><strong>Quod</strong></span> <span class='ocrx_word' id='word_1_699' title='bbox 232 5534 524 5609; x_wconf 72' lang='lat' dir='ltr'><strong>neutiquam</strong></span> <span class='ocrx_word' id='word_1_700' title='bbox 561 5534 759 5611; x_wconf 73' lang='lat' dir='ltr'><strong>probo,</strong></span> <span class='ocrx_word' id='word_1_701' title='bbox 808 5534 957 5598; x_wconf 80' lang='lat' dir='ltr'><strong>nullo</strong></span> <span class='ocrx_word' id='word_1_702' title='bbox 1002 5534 1191 5599; x_wconf 69' lang='lat' dir='ltr'><strong>codice</strong></span> <span class='ocrx_word' id='word_1_703' title='bbox 1231 5534 1332 5601; x_wconf 74' lang='lat' dir='ltr'><strong>ms.</strong></span> <span class='ocrx_word' id='word_1_704' title='bbox 1378 5534 1572 5601; x_wconf 54' lang='lat' dir='ltr'><strong>sull‘ra;</strong></span> 
     </span>
     <span class='ocr_line' id='line_1_102' title="bbox 92 5606 443 5664; baseline 0.023 -8"><span class='ocrx_word' id='word_1_705' title='bbox 92 5611 221 5664; x_wconf 67' lang='lat' dir='ltr'><strong>same.</strong></span> <span class='ocrx_word' id='word_1_706' title='bbox 243 5606 443 5664; x_wconf 70' lang='grc' dir='ltr'>ῖΑεκιιῑ.</span> 
     </span>
    </p>
   </div>
   <div class='ocr_carea' id='block_1_102' title="bbox 139 5618 443 5665">
    <p class='ocr_par' dir='ltr' id='par_1_102' title="bbox 139 5618 443 5665">
     <span class='ocr_line' id='line_1_103' title="bbox 139 5618 443 5665; baseline 0.026 -8"><span class='ocrx_word' id='word_1_707' title='bbox 139 5618 221 5659; x_wconf 80' lang='lat' dir='ltr'><strong>me.</strong></span> <span class='ocrx_word' id='word_1_708' title='bbox 244 5618 267 5659; x_wconf 78' lang='lat' dir='ltr'><strong>l&#39;</strong></span> <span class='ocrx_word' id='word_1_709' title='bbox 281 5625 443 5665; x_wconf 75' lang='lat' dir='ltr'><strong>ABBIC.</strong></span> 
     </span>
    </p>
   </div>
   <div class='ocr_carea' id='block_1_103' title="bbox 139 5670 1567 5751">
    <p class='ocr_par' dir='ltr' id='par_1_103' title="bbox 139 5670 1567 5751">
     <span class='ocr_line' id='line_1_104' title="bbox 139 5670 1567 5751; baseline 0.009 -20"><span class='ocrx_word' id='word_1_710' title='bbox 139 5670 195 5739; x_wconf 72' lang='grc'><strong>(7)</strong></span> <span class='ocrx_word' id='word_1_711' title='bbox 226 5675 340 5741; x_wconf 75' lang='lat' dir='ltr'><strong>Quae</strong></span> <span class='ocrx_word' id='word_1_712' title='bbox 375 5691 689 5751; x_wconf 75' lang='lat' dir='ltr'><strong>sequuntur,</strong></span> <span class='ocrx_word' id='word_1_713' title='bbox 720 5683 843 5740; x_wconf 78' lang='lat' dir='ltr'><strong>licet</strong></span> <span class='ocrx_word' id='word_1_714' title='bbox 884 5684 1081 5740; x_wconf 79' lang='lat' dir='ltr'><strong>similia</strong></span> <span class='ocrx_word' id='word_1_715' title='bbox 1118 5700 1181 5741; x_wconf 74' lang='lat' dir='ltr'><strong>cx</strong></span> <span class='ocrx_word' id='word_1_716' title='bbox 1225 5686 1365 5741; x_wconf 72' lang='lat' dir='ltr'><strong>male</strong></span> <span class='ocrx_word' id='word_1_717' title='bbox 1408 5687 1567 5750; x_wconf 80' lang='lat' dir='ltr'><strong>intel:</strong></span> 
     </span>
    </p>
   </div>
   <div class='ocr_carea' id='block_1_104' title="bbox 1678 5264 3237 5337">
    <p class='ocr_par' dir='ltr' id='par_1_104' title="bbox 1678 5264 3237 5337">
     <span class='ocr_line' id='line_1_105' title="bbox 1678 5264 3237 5337; baseline 0.001 -18"><span class='ocrx_word' id='word_1_718' title='bbox 1678 5267 1832 5321; x_wconf 91' lang='lat' dir='ltr'><strong>lectis</strong></span> <span class='ocrx_word' id='word_1_719' title='bbox 1865 5265 2083 5322; x_wconf 88' lang='lat' dir='ltr'><strong>Eusebii</strong></span> <span class='ocrx_word' id='word_1_720' title='bbox 2115 5282 2189 5331; x_wconf 81' lang='lat' dir='ltr'><strong>vt,</strong></span> <span class='ocrx_word' id='word_1_721' title='bbox 2222 5266 2313 5331; x_wconf 72' lang='lat'><strong>25,</strong></span> <span class='ocrx_word' id='word_1_722' title='bbox 2350 5267 2530 5322; x_wconf 84' lang='lat' dir='ltr'><strong>verbis</strong></span> <span class='ocrx_word' id='word_1_723' title='bbox 2558 5266 2721 5322; x_wconf 88' lang='lat' dir='ltr'><strong>habet</strong></span> <span class='ocrx_word' id='word_1_724' title='bbox 2747 5268 2907 5321; x_wconf 90' lang='lat' dir='ltr'><strong>etiam</strong></span> <span class='ocrx_word' id='word_1_725' title='bbox 2935 5264 3237 5337; x_wconf 83' lang='lat' dir='ltr'><strong>Syncellus,</strong></span> 
     </span>
    </p>
   </div>
   <div class='ocr_carea' id='block_1_105' title="bbox 1675 5335 3240 5408">
    <p class='ocr_par' dir='ltr' id='par_1_105' title="bbox 1675 5335 3240 5408">
     <span class='ocr_line' id='line_1_106' title="bbox 1675 5335 3240 5408; baseline 0 -18"><span class='ocrx_word' id='word_1_726' title='bbox 1675 5352 1730 5407; x_wconf 92' lang='lat' dir='ltr'><strong>p.</strong></span> <span class='ocrx_word' id='word_1_727' title='bbox 1756 5338 1882 5401; x_wconf 79' lang='grc'><strong>558,</strong></span> <span class='ocrx_word' id='word_1_728' title='bbox 1907 5336 2590 5408; x_wconf 19' lang='lat' dir='ltr'><strong>AmbrosioiAlexandrino</strong></span> <span class='ocrx_word' id='word_1_729' title='bbox 2627 5339 2873 5408; x_wconf 82' lang='lat' dir='ltr'><strong>Origenis</strong></span> <span class='ocrx_word' id='word_1_730' title='bbox 2908 5335 3240 5408; x_wconf 78' lang='grc' dir='ltr'>ἐργοδιὼκτῃ</span> 
     </span>
    </p>
   </div>
   <div class='ocr_carea' id='block_1_106' title="bbox 1677 5407 3238 5488">
    <p class='ocr_par' dir='ltr' id='par_1_106' title="bbox 1677 5407 3238 5488">
     <span class='ocr_line' id='line_1_107' title="bbox 1677 5407 3238 5488; baseline 0.001 -27"><span class='ocrx_word' id='word_1_731' title='bbox 1677 5418 2146 5488; x_wconf 41' lang='grc' dir='ltr'>ροηιρειμηιηηοη</span> <span class='ocrx_word' id='word_1_732' title='bbox 2176 5407 2482 5488; x_wconf 60' lang='grc' dir='ltr'>ΗὶρρρΙγιί),</span> <span class='ocrx_word' id='word_1_733' title='bbox 2520 5417 2637 5488; x_wconf 58' lang='lat' dir='ltr'><strong>uta</strong></span> <span class='ocrx_word' id='word_1_734' title='bbox 2677 5407 3023 5488; x_wconf 64' lang='lat' dir='ltr'><strong>multisvtris</strong></span> <span class='ocrx_word' id='word_1_735' title='bbox 3062 5407 3238 5462; x_wconf 74' lang='lat' dir='ltr'><strong>doctis</strong></span> 
     </span>
    </p>
   </div>
   <div class='ocr_carea' id='block_1_107' title="bbox 1671 5477 3239 5548">
    <p class='ocr_par' dir='ltr' id='par_1_107' title="bbox 1671 5477 3239 5548">
     <span class='ocr_line' id='line_1_108' title="bbox 1671 5477 3239 5548; baseline 0.001 -17"><span class='ocrx_word' id='word_1_736' title='bbox 1671 5478 1785 5546; x_wconf 89' lang='lat' dir='ltr'><strong>jam</strong></span> <span class='ocrx_word' id='word_1_737' title='bbox 1813 5478 2273 5533; x_wconf 87' lang='lat' dir='ltr'><strong>animadversum.</strong></span> <span class='ocrx_word' id='word_1_738' title='bbox 2303 5477 2504 5533; x_wconf 84' lang='lat' dir='ltr'><strong>Confer</strong></span> <span class='ocrx_word' id='word_1_739' title='bbox 2527 5477 2839 5548; x_wconf 73' lang='lat' dir='ltr'><strong>Hieronymi</strong></span> <span class='ocrx_word' id='word_1_740' title='bbox 2869 5478 3044 5532; x_wconf 86' lang='lat' dir='ltr'><strong>locum</strong></span> <span class='ocrx_word' id='word_1_741' title='bbox 3074 5492 3239 5548; x_wconf 76' lang='lat' dir='ltr'><strong>supra</strong></span> 
     </span>
    </p>
   </div>
   <div class='ocr_carea' id='block_1_108' title="bbox 1679 5547 2717 5605">
    <p class='ocr_par' dir='ltr' id='par_1_108' title="bbox 1679 5547 2717 5605">
     <span class='ocr_line' id='line_1_109' title="bbox 1679 5547 2717 5605; baseline 0.002 -5"><span class='ocrx_word' id='word_1_742' title='bbox 1679 5564 1829 5601; x_wconf 91' lang='lat' dir='ltr'><strong>num.</strong></span> <span class='ocrx_word' id='word_1_743' title='bbox 1863 5549 1916 5605; x_wconf 78' lang='grc'>5.</span> <span class='ocrx_word' id='word_1_744' title='bbox 1953 5556 2007 5601; x_wconf 89' lang='lat' dir='ltr'><strong>et</strong></span> <span class='ocrx_word' id='word_1_745' title='bbox 2040 5548 2180 5602; x_wconf 81' lang='lat' dir='ltr'><strong>infra</strong></span> <span class='ocrx_word' id='word_1_746' title='bbox 2208 5564 2358 5602; x_wconf 91' lang='lat' dir='ltr'><strong>num.</strong></span> <span class='ocrx_word' id='word_1_747' title='bbox 2390 5549 2469 5602; x_wconf 75' lang='grc'><strong>14.</strong></span> <span class='ocrx_word' id='word_1_748' title='bbox 2500 5547 2717 5603; x_wconf 72' lang='grc' dir='ltr'>Ρηιιιε.</span> 
     </span>
    </p>
   </div>
   <div class='ocr_carea' id='block_1_109' title="bbox 1750 5617 2485 5689">
    <p class='ocr_par' dir='ltr' id='par_1_109' title="bbox 1750 5617 2485 5689">
     <span class='ocr_line' id='line_1_110' title="bbox 1750 5617 2485 5689; baseline 0.004 -19"><span class='ocrx_word' id='word_1_749' title='bbox 1750 5618 1826 5689; x_wconf 83' lang='grc'><strong>(8)</strong></span> <span class='ocrx_word' id='word_1_750' title='bbox 1861 5617 2179 5687; x_wconf 85' lang='lat' dir='ltr'><strong>Hippolytus</strong></span> <span class='ocrx_word' id='word_1_751' title='bbox 2210 5619 2485 5674; x_wconf 91' lang='lat' dir='ltr'><strong>nimirum.</strong></span> 
     </span>
    </p>
   </div>
   <div class='ocr_carea' id='block_1_110' title="bbox 1751 5688 2209 5758">
    <p class='ocr_par' dir='ltr' id='par_1_110' title="bbox 1751 5688 2209 5758">
     <span class='ocr_line' id='line_1_111' title="bbox 1751 5688 2209 5758; baseline 0 -17"><span class='ocrx_word' id='word_1_752' title='bbox 1751 5688 1826 5758; x_wconf 79' lang='grc'><strong>(9)</strong></span> <span class='ocrx_word' id='word_1_753' title='bbox 1866 5689 2073 5744; x_wconf 85' lang='lat' dir='ltr'><strong>Scbott.</strong></span> <span class='ocrx_word' id='word_1_754' title='bbox 2112 5690 2209 5742; x_wconf 84' lang='grc' dir='ltr'>ὅτι.</span> 
     </span>
    </p>
   </div>
  </div>
