3796 6194
610 263 710 316 579
1803 253 2212 312 TESTIMONIA
2275 252 2606 310 VETERUM
3642 262 3715 317 530

609 375 960 437 Antichristo,
987 373 1038 426 in
1061 387 1170 442 quo
1195 370 1381 426 eadem
1411 370 1624 426 dicendi
1652 369 1821 427 forma
1847 385 2082 437 servata,

2216 367 2386 432 ιστοῦ
2412 373 2505 423 καὶ
2545 371 2929 442 Ἀντιχρίστου,
2987 374 3043 425 ὲν
3087 365 3131 440 ᾦ
3172 373 3264 443 ἥτε
3291 374 3419 445 αὐτὴ
3456 377 3549 427 τῶν
3588 376 3715 444 λόγων

609 481 865 522 sensuum
898 463 1214 534 simplicitas
1247 475 1312 516 ac
1340 468 1600 515 vetustas.

2268 461 2381 514 ιδέα
2412 461 2720 534 διαπρέπει,
2742 463 2907 517 καὶτὸ
2929 463 3034 516 τῶν
3059 466 3331 535 νοημάτων
3362 465 3716 538 άπλούστερόντι

2264 551 2358 604 καὶ
2403 551 2816 624 άρχαιότροπον.

2139 679 2278 736 XIII.

1926 793 2120 850 Suidas
2163 797 2219 850 in
2247 797 2462 855 Lexico.

683 919 1020 990 Hippolytus.
1055 916 1152 972 Hic
1197 915 1414 986 scripsit
1457 915 1520 969 'in
1570 915 1882 985 prophetias
1929 915 2161 971 Danielis

2347 916 2712 989 Ἱππόλυτος.
2744 917 2908 985 Οὗτος
2951 922 3185 995 ἔργαψεν
3234 924 3308 986 eli,
3342 889 3433 986 τάξ
3458 925 3636 995 ὁράσεις
3656 929 3720 982 τοῦ

610 1012 1078 1072 commentarium,
1104 1019 1155 1062 et
1187 1009 1238 1061 in
1264 1007 1544 1078 proverbia
1581 1005 1906 1060 Salomonis.

2264 1011 2458 1082 Δανιὴλ
2486 1013 2807 1084 ὑπόμνημα,
2844 1015 2935 1068 καὶ
2973 1015 3052 1078 εἰς
3091 1014 3186 1078 τὰς
3221 1015 3500 1085 Παροιμίας
3518 1018 3724 1090 Σολομῶν-

2262 1115 2375 1161 τος.

2151 1196 2288 1252 XIV.

1370 1312 1620 1386 Georgius
1653 1313 1922 1385 Syncellas
1951 1317 2006 1368 in
2034 1315 2360 1385 Chronogr.,
2384 1315 2451 1369 ad
2487 1331 2610 1369 ann.
2638 1315 2762 1379 915,
2788 1331 2907 1386 pag.
2940 1313 3063 1368 558.

679 1435 994 1506 Hippolytus
1023 1449 1173 1488 sacer
1193 1434 1565 1504 philosOphus,
1582 1434 1776 1490 Portus
1795 1435 2022 1490 Romani
2046 1436 2162 1504 epi-

2342 1434 2652 1498 Ἱππόλυτος
2685 1435 2824 1506 ἱερὸς
2851 1433 3156 1504 φιλόσοφος,
3180 1434 3460 1499 ἐπίσκοπος
3478 1436 3644 1507 Πόρτου
3665 1439 3727 1490 τοῦ

611 1544 830 1596 scopus,
867 1526 1174 1580 Christiana
1211 1526 1550 1595 philosophia
1593 1535 1875 1596 praestans,
1919 1528 2110 1597 pluribt

2261 1522 2399 1575 κατὰ
2423 1523 2519 1595 τὴν
2554 1522 2790 1594 Ῥώμην,
2828 1525 3030 1596 σφόδρα
3045 1525 3356 1596 διαπρεπῶς
3377 1525 3512 1596 ἧνθει
3535 1529 3642 1598 ὲντῇ
3665 1547 3731 1580 xa-

607 1618 855 1688 juvamlze
890 1617 1167 1670 hominum
1199 1616 1360 1671 saluti
1392 1617 1712 1686 conscriptis
1747 1617 1898 1672 libris
1928 1617 2104 1672 celebr

2261 1614 2330 1666 τά
2379 1614 2609 1685 Χριστὸν
2657 1615 2967 1687 φιλοσοφίᾳ,
3005 1616 3235 1669 πλεῖστα
3275 1616 3541 1688 ψυχωφελῆ
3571 1619 3731 1671 συντάτ-

610 1709 788 1763 batur.
826 1707 992 1762 Editis
1033 1707 1231 1776 quippe
1275 1707 1327 1760 in
1363 1722 1457 1760 sex
1498 1707 1704 1760 dierum
1738 1721 1893 1776 opus,
1931 1716 1984 1761 et
2019 1706 2109 1760 int

2265 1723 2371 1758 των
2401 1707 2780 1777 ὑποπνήματα.
2818 1707 2912 1769 Εἲς
2937 1724 2992 1760 τε
3017 1709 3129 1778 γὰρ
3156 1707 3252 1778 τὴν
3273 1706 3567 1778 ὲξαήμερον,
3593 1709 3731 1772 laici;

609 1816 730 1868 quae
773 1798 974 1868 priores
1023 1811 1118 1851 sex
1149 1797 1265 1850 dies
1307 1795 1429 1850 illos
1477 1806 1763 1851 consecuta
1806 1807 1960 1860 sunt,
2003 1806 2058 1851 et
2106 1816 2108 1850 ;

2264 1796 2332 1850 τά
2368 1797 2503 1867 μετὰ
2547 1798 2644 1868 τὴν
2701 1798 3022 1869 ἐξαήμερον,
3078 1801 3158 1860 είς
3193 1798 3358 1852 πολλά
3379 1815 3434 1851 τε
3462 1798 3554 1850 τῶν
3582 1815 3734 1868 προφη-

611 1890 1007 1958 przecipuorum
1053 1887 1466 1957 pr0phetarum,
1512 1886 1807 1942 Ezechielis
1846 1889 2078 1942 maxime

2265 1889 2390 1954 τῶν,
2425 1889 2654 1960 μάλιστα
2687 1889 2944 1960 Ἰεζεκιὴλ
2972 1889 3065 1942 καὶ⁸
3085 1889 3280 1959 Δανιὴλ
3301 1889 3404 1942 τῶν
3433 1889 3734 1960 μεγάλων,ἒτι

613 1979 867 2046 Danielis,
883 1979 1157 2042 vaticinia,
1179 1993 1276 2033 nec
1294 1994 1398 2033 non
1418 1980 1470 2032 in
1487 1977 1728 2045 Cantica,
1752 1990 1805 2032 et
1821 1988 2026 2034 veteres
2043 1995 2106 2049 pa

2272 1980 2376 2051 μὴν
2406 1982 2484 2044 είς
2520 1981 2588 2035 τὰ
2623 1980 2902 2052 ’ᾼσματα,
2958 1981 3052 2035 καὶ
3087 1983 3168 2044 είς
3215 1981 3374 2046 ἄλλας
3418 1982 3634 2044 παντοίας
3667 2000 3736 2034 πα-

610 2073 714 2127 sim
751 2085 1026 2140 novasque
1062 2068 1404 2138 Scripturas,
1435 2069 1860 2133 commentariis,
1889 2068 2109 2139 speciati

2237 2057 2243 2100 ί
2272 2071 2430 2136 λαιάς
2457 2073 2550 2126 καὶ
2575 2051 2699 2136 νέας
2730 2051 2970 2144 Γραφάς,
3005 2075 3062 2126 ὲν
3088 2069 3172 2136 οἷς
3212 2074 3304 2127 καὶ
3333 2075 3408 2136 είς
3432 2073 3576 2144 τὴνὲν
3589 2074 3736 2141 Πάτμῳ

613 2161 667 2214 in
704 2159 929 2215 Joannis
961 2159 1191 2227 theologi
1212 2159 1264 2212 in
1295 2158 1483 2213 Patmo
1515 2159 1936 2224 Revelationem,
1957 2159 2008 2213 in
2031 2158 2112 2213 Ma

2273 2164 2362 2217 τοῦ
2396 2163 2641 2233 θεολόγου
2679 2164 3037 2234 Ἀποκάλυψιν
3056 2205 3074 2228 ,
3111 2164 3247 2235 πρὸς
3278 2165 3553 2235 Μαρκίωνα
3578 2165 3737 2225 καὶτὰς

611 2253 823 2306 cionem
851 2260 905 2306 et
934 2250 1174 2319 reliquas
1206 2251 1459 2325 haereses,
1493 2258 1547 2304 et
1592 2265 1857 2303 annorum
1899 2251 2110 2305 sexdeci

2271 2254 2457 2319 λοιπάς
2484 2255 2739 2326 αἱρέσεις,
2769 2257 2862 2308 καὶ
2890 2255 2980 2309 τὸν
3003 2257 3379 2322 ὲξκαιδέκατον
3422 2256 3522 2326 (10)
3554 2256 3737 2326 impubi

616 2343 925 2398 Paschalem
961 2344 1201 2412 regulam
1252 2343 1319 2398 ad
1361 2359 1561 2397 annum
1611 2342 1843 2412 primum
1883 2342 2115 2398 Alexand

2271 2345 2362 2400 τοῦ
2391 2345 2574 2415 Πάσχα
2593 2347 2789 2399 κανόνα
2820 2345 3032 2412 ἐξέθετο
3067 2347 3407 2418 περιγράψας
3425 2347 3498 2410 είς
3520 2347 3571 2399 τὸ
3585 2346 3738 2416 πρῶτον

613 2430 907 2487 Mammaea:
940 2432 1045 2486 ﬁxo
1082 2432 1312 2486 termino
1343 2433 1594 2502 exposuit
1621 2451 1633 2486 :
1656 2441 1729 2495 et,
1760 2441 1819 2486 ut
1843 2433 2008 2486 verbo
2038 2447 2112 2486 con

2273 2437 2389 2500 ἔτος
2429 2435 2775 2508 Ἀλεξάνδρου
2825 2437 2919 2492 τοῦ
2973 2439 3246 2509 Μαμμίας
3277 2439 3481 2504 τούτου,
3507 2441 3585 2492 καὶ
3612 2440 3742 2491 συντό-

612 2523 851 2586 cludam,
887 2523 1024 2578 vivis
1068 2524 1376 2578 divinorum
1421 2524 1762 2594 eloquiorum
1812 2523 2025 2579 ﬂuentis
2068 2523 2109 2577 E

2275 2544 2388 2598 μως
2427 2527 2589 2596 φάναι
2640 2527 2937 2598 θεοφράδης
2982 2530 3229 2599 ποταμὸς
3269 2533 3333 2600 τῇ
3373 2529 3625 2600 Ἐκκλησία
3650 2529 3741 2594 ζών-

608 2610 835 2667 'clesiam
869 2612 1119 2684 irrigans,
1155 2614 1365 2669 tandem
1393 2615 1632 2686 martyrii
1662 2629 1862 2670 corona
1890 2615 2104 2669 redimit

2270 2633 2376 2669 των
2401 2617 2649 2687 ναμάτων
2681 2615 2930 2684 γέγονεν,
2965 2616 3055 2668 τὸν
3109 2615 3435 2688 μαρτυρικὺν
3470 2613 3742 2686 περιθέμενος

612 2717 715 2760 est.
753 2703 827 2758 Ex
856 2705 976 2774 ejus
1007 2707 1221 2775 scriptis
1257 2705 1546 2761 occasione
1586 2716 1798 2776 sumpta
1831 2705 2018 2761 infelix
2050 2705 2111 2760 Οι

2275 2708 2531 2778 στέφανον
2567 2707 2701 2779 πρὸς
2720 2707 2796 2778 τῷ
2822 2707 2982 2759 τέλει.
3027 2701 3128 2761 Ἐκ
3159 2708 3344 2760 τούτου
3370 2705 3531 2760 λαϐὼν
3559 2705 3741 2774 ἀφορμὰς

614 2812 776 2867 genes
832 2797 999 2852 libros
1046 2813 1216 2853 sacrae
1255 2796 1546 2868 Scriptura
1582 2799 1927 2869 quamplures
1961 2801 2113 2868 (hort;

2286 2799 2563 2871 Ὠριγένης
2609 2801 2638 2852 ό
2675 2798 2840 2862 τάλας
2894 2799 3404 2869 ὑπερεμνημάτισεν
3452 2797 3626 2851 πολλῶν
3673 2795 3742 2846 τῶν

613 2900 730 2944 tore
766 2899 821 2944 et
862 2899 1111 2958 sumptus
1153 2891 1488 2945 necessarios
1532 2892 1879 2962 notariosque
1946 2899 2112 2961 septe:

2273 2894 2526 2966 Γραφῶν,
2566 2891 2885 2964 Ἀμὸροσίου
2920 2891 3320 2962 παρορμῶντος
3353 2890 3504 2944 αὑτὸν
3527 2891 3593 2952 εἰς
3610 2887 3742 2947 τοῦτο.

618 2980 742 3034 aliis
769 2988 894 3048 post
926 2981 1064 3034 alios
1095 2995 1271 3049 operae
1297 2981 1733 3046 succedentibus,
1763 2991 1813 3036 et
1843 2982 1987 3036 viros
2013 2997 2117 3038 acc:

2275 2985 2369 3039 καὶ
2423 2983 2779 3055 χορηγοῦντος
2821 2982 3124 3051 ἀναγκαίας
3154 2999 3214 3034 τε
3249 2983 3428 3054 χρείας
3455 2980 3656 3050 ἀφθόνως
3683 2979 3743 3026 καὶ

615 3071 838 3124 ratioris
864 3071 1200 3126 characteris
1228 3071 1452 3140 peritos,
1479 3087 1585 3126 una
1616 3088 1738 3127 cum
1773 3075 1966 3143 puellis
1986 3075 2114 3128 eade

2272 3075 2654 3144 ταχυγράφους
2699 3070 2837 3124 ἑπτά
2893 3071 3265 3142 παριστῶντος
3301 3073 3592 3144 άμείὸοντας
3627 3067 3734 3135 ἀλλή-

614 3159 868 3228 pingendi
900 3168 1015 3213 arte
1041 3159 1450 3228 praestantibus,
1481 3175 1546 3212 ex
1583 3162 1776 3214 throno
1803 3162 2027 3216 dictanti
2062 3163 2110 3216 la

2271 3163 2394 3226 λους
2427 3160 2814 3234 ὑπαγορεύοντι
2861 3161 2951 3214 καὶ
2992 3161 3390 3234 καλλιγράφους
3431 3161 3643 3221 τελείους,
3665 3157 3743 3224 ἅμα

619 3253 756 3321 giter
783 3251 1234 3307 subministrante
1259 3253 1564 3319 Ambrosio,
1599 3263 1652 3308 et
1677 3270 1799 3324 qua:
1828 3255 1894 3309 ad
1933 3257 2118 3310 scribet

2272 3255 2462 3325 κόραις
2492 3253 2832 3322 ὴσκημέναις
2884 3251 3139 3322 γράφειν,
3189 3254 3389 3323 ἆφατόν
3435 3271 3490 3306 τε
3517 3248 3745 3324 προθυμίαν

613 3344 743 3397 dum
774 3343 980 3397 cierent
1024 3344 1264 3400 animum
1309 3345 1466 3413 plena
1509 3359 1671 3400 manu
1714 3345 2007 3416 prmbente)
2059 3363 2112 3402 su

1833 3345 2007 3410 beate)
2059 3347 2174 3402 suis
2201 3379 2243 3435 C
2274 3344 2420 3414 αὑτῴ
2449 3345 2770 3415 παρέχοντος
2800 3345 2878 3408 είς
2908 3345 2968 3396 τὸ
2999 3345 3332 3399 συντάττειν.

613 3431 1084 3489 lucubrationibus
1114 3434 1424 3491 illustravit.

2055 3548 2201 3604 Idem
2239 3549 2366 3603 ibid.

682 3661 807 3718 Haec
836 3678 942 3718 non
972 3664 1189 3734 proprio
1223 3663 1392 3720 Marte
1421 3666 1758 3736 collegimus,
1789 3671 1885 3722 sed
1923 3683 1989 3722 ex
2021 3667 2164 3722 beati

2337 3663 2519 3716 Ταῦτα
2551 3664 2649 3716 οὐκ
2675 3663 2766 3732 ἀφ’
2799 3661 3003 3715 ἑαυτῶν
3038 3664 3461 3736 συντετάχαμεν,
3486 3662 3582 3716 ἀλλ’
3611 3663 3660 3712 ὲκ
3677 3656 3745 3707 τῶν

613 3755 842 3824 apostoli
872 3764 926 3809 et
953 3754 1148 3810 Portus
1177 3755 1406 3811 Romani
1439 3759 1851 3828 archiepiscopi,
1883 3761 2112 3828 sanctiqt

2267 3755 2616 3825 παραδόσεων
2671 3754 2763 3807 τοῦ
2833 3753 3100 3827 μακαρίου
3176 3757 3464 3810 ἀποστόλου
3521 3754 3601 3807 καὶ
3642 3754 3747 3818 ἀρχι-

616 3847 865 3917 martyris
901 3845 1205 3918 Hippolyti,
1231 3857 1285 3903 et
1315 3848 1510 3904 Aniani
1546 3850 1937 3921 religiosissimi
1979 3865 2115 3905 mon:

2268 3844 2563 3902 ἐπισκόπου
2594 3845 2846 3918 [Πόρτου]
2881 3846 3096 3918 Ῥώμης
3123 3849 3432 3902 Ἱππολύτου
3462 3841 3748 3915 καὶίερομὰρι

615 3938 726 4004 chi,
757 3939 849 4008 qui
884 3934 1095 4009 cjclum
1131 3956 1184 3994 χι
1220 3939 1532 3996 Paschalem
1573 3956 1839 3996 annorum
1869 3942 1974 3997 532
2009 3942 2114 3996 Schl

2271 3956 2453 4012 τυρος,
2481 3937 2716 3991 Ἀνιανοῦ
2744 3955 2802 3991 τε
2832 3937 2926 3991 τοῦ
2966 3940 3262 3994 ὁσιωτάτου
3297 3939 3534 4012 μοναχοῦ,
3564 3935 3638 3990 τοῦ
3659 3951 3744 3984 συν-

616 4029 703 4083 liis
743 4026 1072 4084 illustratum
1107 4031 1501 4087 studiosissime
1543 4017 1903 4102 digessit,’et
1950 4030 2115 4085 Maxir

2274 4031 2527 4095 τάξαντος
2582 4029 2775 4083 κύκλον
2831 4035 2900 4081 ια’
2953 4032 3316 4101 πασχουάλιον
3371 4030 3483 4102 φὶβ⁹
3519 4028 3630 4082 ἐτῶν
3670 4026 3746 4093 ἄρα

619 4121 954 4176 sanctissimi
988 4121 1238 4176 monachi
1284 4131 1338 4176 et
1379 4122 1622 4192 praeclari
1662 4121 1998 4193 philosophi,
2041 4126 2118 4176 “co:

2277 4122 2506 4193 σχολίοις
2539 4121 2816 4192 ἀκριϐέσι,
2855 4122 2949 4175 καὶ
2987 4122 3241 4193 Μαξίμου
3275 4122 3368 4177 τοῦ
3402 4121 3658 4190 άγιωτάτου
3681 4130 3745 4183 μῦ·

617 4214 843 4269 fessoris
871 4223 925 4269 et
947 4215 1128 4286 magni
1157 4215 1409 4272 Ecclesia:
1434 4214 1695 4280 doctoris,
1714 4214 2096 4269 monumentis.

2274 4212 2436 4284 ναχοῦ
2457 4214 2550 4266 καὶ
2573 4212 2858 4282 φιλοσόφου
2885 4213 3140 4283 μεγάλου,
3161 4213 3503 4287 όμολογητοῦ,
3534 4211 3610 4265 καὶ
3631 4206 3748 4279 μετὰ·

2275 4301 2368 4355 λου
2402 4301 2714 4357 διδασκάλου
2748 4301 2846 4372 τῆς
2886 4301 3230 4370 Ἐκκλησίας.

2166 4417 2280 4472 XV.

1079 4553 1086 4559 .
1177 4512 1406 4570 Joannes
1435 4513 1670 4570 Zonaras
1693 4516 1747 4568 in
1770 4514 2023 4570 Annalib.
2050 4523 2176 4568 tom.
2211 4512 2252 4577 Ι,
2289 4530 2410 4583 pag.
2435 4511 2538 4567 626
2564 4512 2692 4566 edit.
2719 4511 2919 4580 Paris.,
2941 4512 3044 4567 468
3083 4512 3260 4568 Venet.

687 4627 802 4684 Sub
827 4626 1046 4684 Urbano
1069 4629 1314 4686 Romano
1339 4634 1614 4704 episcopo,
1643 4633 1804 4688 etiam
1832 4631 2168 4704 Hippolytus,

2346 4630 2478 4683 Τότε
2529 4629 2804 4700 Οὑρὸανοῦ
2833 4629 2934 4700 τῆς
2958 4631 3263 4700 ἐπισκοπῆς
3299 4629 3395 4700 τῆς
3426 4623 3669 4697 Ῥωμαίων
3687 4615 3747 4668 πό-

615 4722 698 4775 vir
743 4721 1120 4778 sanctissimus
1170 4733 1226 4780 et
1267 4725 1648 4792 doctissimus,
1691 4725 1920 4783 Romani
1977 4724 2114 4779 Portt

2274 4721 2408 4784 λεως
2437 4720 2794 4791 προεστῶτος,
2822 4721 2916 4774 καὶ
2961 4720 3271 4784 Ἱππόλυτος
3297 4721 3461 4791 ῆνθει,
3495 4717 3616 4786 ἀνὴρ
3636 4707 3747 4778 ἱερώ-

614 4813 899 4884 episcopus
948 4813 1160 4878 ﬂoruit,
1202 4817 1294 4886 qui
1348 4819 1403 4872 in
1443 4819 1612 4874 multa
1659 4833 1829 4874 sacra:
1877 4817 2113 4887 Scriptut

2272 4829 2431 4875 τατος
2473 4813 2566 4864 καὶ
2599 4811 2936 4881 σοφώτατος,
2970 4812 3264 4876 ἐπίσκοπος
3311 4811 3401 4865 τοῦ
3441 4807 3565 4864 κατὰ
3591 4801 3747 4867 Ῥώμην

615 4907 1034 4962 commentarios
1067 4909 1407 4978 conscripsit.

2274 4903 2476 4972 Πὸρτου
2508 4902 2812 4973 γενόμενος,
2839 4901 2894 4966 ὂς
2913 4904 3005 4956 καὶ
3030 4903 3195 4956 πολλά
3240 4902 3615 4972 συγγράμματα
3641 4901 3749 4942 συνε-

2273 4994 2546 5064 γράψατο,
2579 4994 2809 5064 διάφορα
2837 4994 2936 5064 τῆς
2966 4994 3117 5057 θείας
3142 4993 3364 5066 Γραφῆς
3401 4985 3747 5061 ἐξηγησάμενος.

2137 5129 2278 5185 XVI.

1513 5269 1836 5342 Nicepltorus
1866 5271 2116 5326 Callistus
2147 5271 2285 5326 Hist.
2313 5270 2446 5325 eccl.
2477 5270 2567 5323 lib.
2595 5286 2667 5335 tv,
2692 5286 2808 5339 cap.
2839 5269 2926 5324 3|.
3589 5354 3597 5356 _
3736 5342 3744 5356 ι

685 5363 1041 5436 Temporibus
1073 5364 1255 5421 Severi
1279 5363 1600 5437 Hippolytus
1622 5367 1806 5430 etiam,
1834 5367 2031 5422 Portus
2055 5367 2164 5422 Ro-

2340 5365 2463 5426 Τοῖς
2511 5365 2567 5416 δὲ
2603 5363 2742 5417 κατὰ
2774 5363 3009 5436 Σεύηρον
3037 5363 3277 5436 χρόνοις,
3310 5362 3398 5416 καὶ
3450 5354 3746 5412 Ἱππόλυτοςο

617 5454 763 5508 mani
811 5456 1132 5525 episcopus,
1181 5455 1360 5510 ﬂoruit
1399 5473 1413 5510 :
1461 5457 1549 5526 qui
1601 5471 1724 5513 cum
1773 5457 1874 5511 alia
1927 5455 2116 5526 pluritr

2268 5457 2475 5528 Πόρτου
2519 5455 2619 5525 τῆς
2661 5453 2876 5527 Ῥώμης
2918 5456 3210 5518 ιπίσκοπος
3257 5451 3512 5524 γεγονὼς,
3546 5437 3747 5516 ἀτιμάζων

685 5631 793 5700 (l0)
825 5633 1408 5705 Ἐκκαιδσκαετηρικόν.
