3814 6198
114 302 192 357 581
1376 304 1467 360 DE
1499 305 1555 361 S.
1596 303 2004 360 IIIPPOLYTO.

3211 298 3315 356 53?.

110 414 190 485 ἦν.
215 416 326 471 Καὶ
362 416 426 485 δὴ
451 415 659 470 πολλῶν
690 417 1093 489 ὑπομνημάτων
1124 421 1357 485 συνετῶς
1384 422 1528 494 αὐτῷ
1556 440 1645 491 γε-

1766 424 1946 493 :cripta
1978 421 2273 492 prudenter
2308 430 2362 475 et
2393 420 2553 475 docte
2581 419 2768 484 edidit,
2804 427 2915 473 tum
2951 420 3017 475 de
3049 418 3313 475 Paschate

113 512 448 579 γραμμένων,
482 512 575 561 καί
614 508 677 562 τὸ
723 510 851 580 περὶ
882 511 974 563 τοῦ
1007 512 1200 583 Πάσχα
1232 514 1502 569 ἐκτίθεται
1530 516 1656 585 σύγ-

114 618 329 671 γραμμα
349 618 362 629 ·
422 601 479 653 ἐν
532 594 576 668 ᾧ
607 600 715 653 τῶν
755 602 959 671 χρόνων
989 602 1305 673 ἀναγραφὴν
1334 603 1653 675 ἐκθέμενος,

115 694 197 746 καί
220 708 329 743 τινα
362 692 564 744 κανόνα
588 692 1121 763 ὲκκαιδεκαετηρίδος
1159 695 1288 764 περὶ
1336 694 1428 747 τοῦ
1467 696 1657 766 Πάσχα

113 783 310 853 προθεὶς
328 823 343 845 ,
372 784 469 836 ἐπὶ
492 784 553 836 τὸ
577 783 790 854 πρῶτον
843 785 960 847 ἔτος
1003 784 1348 856 Ἀλεξάνδρου
1391 787 1655 858 περιγρά-

110 894 182 944 φει
221 876 350 938 τοὺς
403 876 643 947 χρόνους.
679 875 759 929 Τά
808 894 871 945 γε
912 877 1016 948 μὴν
1048 876 1211 931 αὑτοῦ
1261 878 1657 950 συγγράμματα

108 966 266 1020 ταῦτά
308 968 452 1019 είσι·
494 966 705 1019 Βιὸλίον
750 968 829 1030 εἰς
859 966 953 1037 τὴν
999 966 1330 1039 ἐξαὴμερον·
1364 969 1548 1039 ἕτερον
1579 972 1658 1033 είς

108 1058 162 1110 τὰ
186 1057 325 1127 μετὰ
352 1058 455 1127 τὴν
484 1057 783 1128 ἑξαήμερον
804 1070 817 1084 ⁶
850 1058 1227 1128 ἁντιρρητικὸς
1251 1058 1383 1129 πρὸς
1401 1060 1658 1130 Μαρκίω-

107 1166 188 1203 να·
212 1152 298 1213 εἰς
335 1149 399 1202 τὺ
422 1146 612 1220 ⁷ᾼσμα
642 1149 746 1201 τῶν
778 1150 1052 1220 ᾀσμάτωνο
1092 1153 1169 1214 εἰς
1199 1151 1338 1223 μέρη
1368 1151 1460 1203 τοῦ
1505 1152 1659 1217 Ἰεζε-

108 1242 244 1311 κιήλο
295 1241 433 1312 περὶ
464 1241 557 1294 τοῦ
581 1242 772 1311 Πάσχα
791 1257 805 1271 ·
852 1240 1134 1312 σύνταγμα
1186 1242 1321 1313 πρὸς
1350 1242 1528 1307 πάσας
1559 1242 1656 1308 τὰς

109 1336 330 1406 αἱρέσεις
371 1335 829 1405 βιωᾳελέστατον·
879 1334 1007 1406 περὶ
1061 1336 1157 1405 τῆς
1216 1336 1512 1406 παρουσίας
1564 1335 1656 1389 τοῦ

120 1428 511 1497 Ἀντιχρίστου·
542 1426 669 1497 περὶ
706 1426 1082 1490 ἀναστάσεως’
1113 1428 1205 1479 καὶ
1234 1427 1365 1482 ἄλλα
1397 1427 1652 1482 πλεῖσταο

112 1525 171 1581 εἰς
217 1517 528 1589 Ζαχαρίαν
574 1518 699 1587 περὶ
737 1517 978 1589 Ψαλμῶν
1006 1535 1019 1547 ·
1056 1519 1136 1583 εἰς
1170 1519 1261 1571 τὸν
1297 1520 1549 1573 Ἡσαΐαν·
1580 1522 1658 1584 εἰς

110 1614 180 1665 τὲν
208 1611 453 1681 Δανιήλι·
491 1611 620 1682 περὶ
663 1610 1106 1681 Ἀποκαλύψεως’
1144 1612 1272 1683 περὶ
1305 1611 1619 1683 Παροιμιῶν
1640 1630 1654 1644 ’

112 1704 220 1775 περὶ
272 1702 446 1755 Σαοὺλ
493 1702 587 1754 καὶ
632 1700 915 1764 Πύθωνος’
966 1701 1090 1772 περὶ
1137 1703 1370 1755 ἐπαίνων
1411 1702 1502 1755 τοῦ
1544 1706 1658 1757 Κυ-

113 1795 211 1867 ρίου
242 1793 405 1865 ἡμῶν
445 1792 619 1865 Ἰησοῦ
656 1792 888 1864 Χριστοῦ
911 1810 924 1823 ⁸
982 1794 1039 1845 ἐν
1076 1788 1155 1857 οἷς
1218 1794 1481 1867 παρόντος
1521 1796 1661 1866 Ὠρι-

110 1888 285 1954 γένους
306 1885 570 1956 ὡμίλησε,
607 1884 739 1937 Τινὰ
764 1882 819 1937 δὲ
852 1882 957 1936 τῶν
996 1885 1435 1956 συγγραμμάτων
1476 1884 1661 1956 ἐπιλή-

109 1980 239 2048 ψιμα
276 1978 416 2048 ἔχων
436 2018 450 2040 ,
500 1975 578 2045 τῷ
612 1975 754 2046 ὑπὲρ
781 1976 1017 2046 Χριστοῦ
1053 1977 1334 2047 μαρτυρίῳ
1364 1976 1501 2047 μετὰ
1531 1976 1661 2029 ταῦ-

112 2065 530 2129 τατελειωθεὶς,
560 2065 649 2119 τὸν
687 2065 781 2134 τῆς
816 2065 1035 2132 ἀγνοίας
1085 2065 1417 2136 ἀπετρίψατο
1452 2064 1657 2136 μῶμον.

1757 516 1953 569 librum
1986 514 2321 583 composuit,
2368 513 2566 582 inquo
2604 512 2962 581 descriptione
3013 522 3317 584 temporum.

1755 614 1808 659 et
1830 604 1996 657 veluti
2032 602 2291 657 fastorum
2333 602 2505 669 initio,
2540 612 2594 656 et
2632 618 2840 656 canone
2885 618 3149 657 annorum
3195 619 3319 658 sex-

1755 694 1927 747 decim
1964 694 2030 747 de
2069 692 2333 748 Paschate
2371 693 2676 763 proposito,
2711 694 2975 745 rationem
3011 706 3314 764 temporum

1757 800 1930 854 usque
1959 784 2023 837 ad
2052 785 2285 853 primum
2332 798 2532 837 annum
2570 783 2859 839 Alexandri
2894 784 3129 838 deducit.
3159 785 3320 839 Cata-

1758 873 1911 942 logus
1945 873 2204 926 librorum
2247 872 2363 941 ejus
2399 872 2477 925 sic
2520 871 2717 924 habet:
2762 869 2921 923 Liber
2952 872 3003 923 in
3036 871 3320 925 hexaeme-

1756 980 1877 1027 ron,
1908 974 1959 1017 et
1988 964 2124 1018 alter
2152 971 2276 1032 post
2304 966 2662 1016 bexaemeron
2687 979 2701 1027 ;
2737 960 3087 1015 refutatorius
3129 973 3317 1017 contra

1758 1054 2125 1120 Marciouem;
2170 1056 2226 1109 in
2272 1053 2555 1109 Canticum
2607 1054 2980 1119 canticorum;
3028 1055 3081 1108 in
3138 1068 3319 1125 partes

1757 1143 2089 1209 Ezechielis;
2127 1144 2193 1197 de
2226 1142 2519 1206 Paschate;
2552 1158 2690 1212 opus
2736 1152 2922 1196 contra
2953 1144 3183 1200 hmreses
3204 1160 3322 1199 om-

1759 1249 1877 1298 nes,
1912 1233 2073 1304 Ionge
2102 1234 2483 1297 utilissimum;
2508 1233 2573 1287 de
2602 1233 2829 1287 adventu
2861 1233 3177 1291 Antichristi
3205 1279 3218 1301 ,
3251 1240 3318 1291 de

1758 1326 2176 1391 resurrectione,
2218 1336 2272 1380 et
2319 1326 2423 1378 alia
2472 1325 2732 1394 plurima;
2779 1325 2833 1378 in
2871 1325 3211 1393 Zachariam,
3254 1331 3320 1383 de

1758 1416 2021 1479 Psalmis,
2052 1418 2104 1470 in
2142 1416 2389 1481 Esaiam,
2425 1417 2477 1470 in
2519 1415 2823 1483 Danielcm,
2854 1418 2919 1471 de
2957 1418 3317 1493 Apocalypsi,

1758 1509 1824 1563 de
1852 1508 2177 1573 Proverbiis,
2205 1509 2270 1562 de
2302 1506 2429 1563 Saul
2456 1516 2509 1562 et
2533 1507 2805 1579 Pythone,
2841 1511 2906 1564 de
2937 1511 3189 1566 laudibus
3215 1514 3321 1566 Do-

1759 1602 1891 1657 mini
1922 1603 2091 1656 nostri
2132 1600 2257 1657 Jesu
2289 1600 2515 1665 Christi,
2558 1605 2613 1654 in
2656 1603 2855 1670 quibus
2897 1613 3161 1672 prtesenle
3198 1602 3321 1657 Ori-

1759 1707 1892 1762 gene
1918 1708 2222 1747 sermonem
2250 1693 2461 1746 habuit.
2492 1689 2746 1756 Quatdam
2778 1696 3165 1764 porroscripta
3202 1695 3321 1764 ejus

1759 1800 1884 1839 cum
1939 1784 2358 1853 reprehensione
2396 1798 2505 1837 non
2542 1792 2791 1848 careant,
2835 1786 3095 1855 martyrio
3134 1797 3319 1854 postca

1756 1890 1854 1945 pro
1888 1872 2091 1929 Christi
2129 1875 2344 1929 nomine
2382 1876 2653 1937 absoluto,
2694 1874 3012 1943 ignorantia:
3050 1877 3168 1945 ejus
3206 1894 3321 1931 ma-

1755 1965 1935 2019 culam
1970 1965 2189 2019 detrivit
2215 1976 2377 2035 atque
2404 1965 2647 2020 detersit.
2676 1963 2831 2019 Unde
2859 1964 3140 2035 Origenem
3169 1968 3321 2021 aiunt

1758 2056 1971 2109 initium
2004 2056 2518 2111 commentariorum
2554 2057 2607 2109 in
2642 2070 2825 2111 sacras
2858 2054 3161 2125 Scripturas
3188 2060 3323 2113 scri-

121 2160 194 2223 Ἐξ
248 2152 324 2209 ὧν
358 2174 516 2226 φασι,
548 2140 644 2209 καὶ
687 2156 964 2227 Ὠριγένην
1014 2156 1185 2227 ἀρχὴν
1226 2156 1512 2227 ἐσχηκέναι
1540 2158 1659 2221 ταῖς

1766 2148 2055 2204 bendorum
2084 2149 2401 2219 sumpsisse.
2437 2147 2560 2203 Haec
2593 2149 2659 2202 de
2691 2147 2998 2218 Hippolyto.

114 2248 270 2310 θείαις
317 2245 628 2299 ὲπιὸάλλειν
669 2244 927 2315 Γραφαϊς.
953 2244 1199 2299 Τοσαῦτα
1232 2245 1289 2298 δὲ
1323 2246 1415 2299 καὶ
1450 2244 1518 2298 τὰ
1559 2245 1663 2299 Ἱπ-

118 2339 353 2391 minito-4.

1632 2475 1793 2531 XVII.

120 2590 301 2641 Auctor
326 2605 621 2659 anonymus
644 2588 698 2642 in
728 2585 903 2641 Serm.
934 2586 1000 2643 de
1038 2586 1557 2659 ptviteudopmphetisL
1565 2589 1630 2642 In
1672 2590 1907 2657 Append.
1944 2589 2165 2659 ad_tom.
2192 2586 2309 2642 VIII
2353 2588 2487 2658 Opp.
2540 2587 2599 2644 S.
2650 2589 2873 2643 Joannis
2919 2588 3280 2659 Chrysostomi
3303 2632 3322 2651 ,

1248 2673 1369 2726 pag.
1412 2657 1497 2721 79,
1526 2656 1611 2723 B.,
1635 2656 1830 2713 nobisa.
1849 2660 1975 2714 edit.
2001 2657 2180 2713 Paris.

179 2774 281 2827 Ποῦ
327 2772 550 2834 Εὐῶιος
571 2809 587 2834 ,
637 2771 673 2843 ὴ
717 2768 914 2824 εὐωδία
947 2768 1043 2840 τῆς
1078 2766 1398 2838 Ἐκκλησίας
1431 2768 1523 2821 καὶ
1554 2767 1662 2820 τῶν

118 2868 271 2933 ἁγίων
296 2864 610 2919 ἀποστόλων
636 2861 873 2931 διάδοχος
910 2860 1004 2914 καὶ
1033 2860 1302 2930 μιμητής;
1342 2858 1451 2911 Ποῦ
1496 2860 1664 2927 Ἰγνά-

120 2976 245 3023 τιος,
277 2960 340 3012 τὸ
367 2958 461 3011 τοῦ
491 2955 628 3011 Θεοῦ
674 2956 1014 3027 οἱκητήριον;
1052 2952 1159 3006 Ποῦ
1197 2954 1225 3004 ὁ
1256 2952 1522 3017 Διονύσιος
1541 2992 1555 3017 ,
1604 2953 1664 3007 τὸ

122 3050 346 3104 τετεινδν
390 3044 766 3119 τοῦ»οὐρανοῦ;
797 3043 906 3097 Ποῦ
947 3043 1257 3105 Ἱππόλυτος
1280 3042 1308 3095 ὁ
1331 3041 1663 3112 γλυκύτατος

125 3146 205 3196 καὶ
233 3142 584 3202 εὐνούστατος
604 3156 619 3205 ;

1840 2769 1941 2825 Ubi
1970 2780 2051 2824 est
2080 2768 2337 2833 Evodius,
2368 2766 2543 2824 bonus
2581 2770 2717 2825 odor
2744 2770 2995 2826 Ecclesia:
3024 2780 3077 2824 et
3110 2783 3325 2828 sancto-

1766 2878 1886 2917 rum
1917 2863 2281 2932 apostolorum
2311 2878 2617 2926 succcssor,
2646 2871 2701 2917 et
2733 2863 3006 2919 imitator?
3037 2862 3136 2918 Ubi
3164 2866 3325 2935 Igna~

1769 2955 1894 3018 tius,
1921 2954 2012 3009 Dei
2043 2954 2413 3009 domicilium?
2436 2954 2534 3008 Ubi
2564 2955 2872 3026 Dionysius,
2908 2957 3143 3011 volucris
3168 2957 3327 3014 curii?

1768 3046 1870 3103 Ubi
1901 3047 2220 3119 Hippolytus
2251 3046 2599 3102 dulcissimus
2638 3057 2691 3102 et
2729 3049 3187 3119 benignissimus?

1615 3265 1797 3322 XVIII.

283 3392 484 3444 Auctor
516 3386 732 3443 Catenae
768 3385 989 3441 Patrum
1023 3385 1331 3441 Graecorum
1376 3384 1431 3438 in
1452 3382 1694 3439 Ieremia:
1732 3401 1866 3449 xvu,
1916 3384 2002 3452 Il,
2035 3395 2160 3447 tom.
2191 3383 2233 3438 Il
2270 3386 2398 3440 edit.
2443 3384 2807 3451 Ght'sleriantz,
2852 3405 2973 3458 pag.
3010 3388 3131 3444 449.

189 3506 290 3575 (II)
322 3506 436 3560 Τοῦ
456 3506 628 3575 ἁγίου
663 3506 1025 3559 Ἱππολύτου.
1050 3504 1122 3558 Οὐ
1150 3505 1320 3576 μάτην
1347 3506 1375 3557 ὁ
1400 3505 1678 3575 προφήτης

130 3600 426 3669 ἀπεφήνατο
452 3597 515 3650 τδ
546 3596 729 3669 ῥητόν,
756 3616 809 3652 κ.
842 3613 893 3651 τ.
921 3599 980 3650 λ.

1854 3504 2038 3560 Sancti
2081 3504 2373 3577 Hippolyti.
2416 3505 2533 3561 Non
2585 3506 2781 3563 frustra
2834 3508 2944 3563 hmo
2992 3510 3203 3566 locutus
3244 3514 3328 3566 cst

1765 3593 2055 3666 Propheta,
2084 3605 2183 3651 etc.

212 3757 314 3827 (ll)
366 3756 548 3813 Locus
592 3754 906 3826 desumptus
949 3770 1014 3810 ex
1062 3753 1201 3809 libro
1242 3754 1305 3809 de
1347 3752 1693 3822 Antichristo,
1726 3768 1844 3823 cap.
1884 3753 1975 3809 55.
