3796 6194
453 243 559 300 887

1317 236 1372 291 S.
1414 233 1777 291 lllPPOLYTl
1821 231 1970 287 OPP.
2005 230 2188 287 PARS
2220 230 2258 287 l.
2295 258 2363 272 —-
2398 228 2807 286 EXEGETICA.
3531 230 3616 286 583

520 363 658 433 Erga
704 362 1121 434 primogenitum
1165 376 1322 415 suum
1369 375 1435 414 ex
1475 359 1703 430 Egyth
1731 355 2009 427 populum,

2184 353 2519 409 lltrrou'ws
2545 370 2558 405 :
2597 350 2720 404 Ἐπὶ
2742 351 2850 422 γὰρ
2878 347 2949 419 τῷ
2972 344 3294 419 πρωτοτόκῳ
3310 345 3365 410 ἐξ
3390 345 3620 414 Αἰγύπτου

450 456 619 510 multa
652 454 871 509 virtutis
900 455 1290 511 demonstratio
1318 451 1457 507 facta
1499 466 1529 505 a
1566 450 1673 504 Deo
1712 448 1833 503 fuit.
1870 447 2007 502 Nam

449 536 697 614 plurimis
734 544 911 599 modis
942 543 1126 613 punita
1160 542 1228 595 ab
1250 557 1315 596 eo
1338 550 1420 596 est
1438 540 1585 611 regio
1614 538 2007 611 Egyptiorum.

448 635 665 692 Primus
727 637 815 691 ille
870 635 1100 705 populus
1163 649 1231 688 ex
1280 631 2009 701 circumcisionejortitudo

449 745 564 785 mea
592 739 640 783 et
666 728 981 798 principium
1005 727 1240 796 ﬁliorum
1262 742 1528 790 meorum;
1556 726 1697 780 sicut
1715 723 1855 781 Deus
1883 739 2010 794 pro-

449 819 673 874 miserat
696 819 1006 873 Abrahamo
1028 825 1083 871 et
1111 816 1302 871 semini
1331 816 1470 885 ejus.
1498 815 1566 869 At
1585 815 1750 869 durus
1780 814 2012 885 populus

449 911 541 966 illc
593 911 662 963 ad
725 909 1019 980 ferendum,
1078 907 1347 977 siquidem
1398 906 1466 960 ad
1518 905 1837 976 obsequium
1901 905 2011 960 Deo

448 1002 819 1074 praestandum
847 1000 1125 1056 obduruit.
1171 1000 1348 1055 Durus
1377 1008 1425 1052 et
1452 999 1695 1068 pervicax
1722 1012 1740 1050 :
1764 997 2011 1067 quando—

449 1096 669 1166 quidem
714 1110 819 1149 non
857 1102 1067 1149 tantum
1106 1094 1277 1148 durus
1298 1092 1365 1147 ad
1390 1092 1709 1162 obsequium
1734 1090 1844 1145 Deo
1874 1105 2013 1159 prae-

451 1180 726 1251 standunf,
767 1186 863 1242 sed
896 1187 1057 1240 etiam
1093 1186 1341 1256 pervicax
1378 1198 1437 1240 ιιι
1459 1200 1652 1239 manus
1685 1182 1912 1238 Domino
1931 1182 2015 1235 in-

449 1279 635 1336 ferret.
660 1277 860 1333 Fecisti
888 1278 1280 1344 contumeliam,
1315 1276 1572 1347 quoniam
1600 1290 1695 1346 per
1725 1274 2013 1329 Dominum

449 1380 698 1427 nostrum
736 1368 922 1425 Jcsum
956 1369 1233 1424 Christum
1279 1368 1604 1423 contumelia
1658 1365 1872 1421 Patrem
1919 1379 2016 1435 po-

450 1464 614 1535 pulus
666 1461 864 1519 aﬂ‘ecit.
904 1461 995 1515 Ait
1035 1470 1217 1516 autem
1274 1459 1529 1530 Spiritus,
1585 1475 1648 1513 ne
1690 1457 2014 1526 elfervescas,

452 1554 845 1610 consolationis
867 1567 1054 1620 causa,
1083 1568 1151 1608 ne
1175 1552 1393 1622 penitus
1421 1550 1818 1607 eﬂ'ervescendo
1844 1548 2017 1603 effun-

452 1648 643 1714 datur;
679 1647 772 1702 sed
803 1661 954 1716 spem
982 1645 1086 1715 ipsi
1117 1646 1296 1701 adhuc
1332 1646 1425 1700 dat
1446 1645 1658 1701 salutis.
1691 1641 1846 1711 Quod
1870 1640 2014 1696 enim

452 1736 705 1792 eﬂ‘erbuit
741 1735 1080 1806 eﬂ'usumque
1104 1744 1208 1801 est,
1236 1735 1413 1806 periit.

521 1829 656 1884 Gen.
686 1845 811 1883 χιιι
832 1868 846 1892 ,
877 1829 911 1883 4
946 1846 959 1882 :
992 1828 1290 1884 Ascendisti
1314 1830 1451 1884 enim
1473 1846 1628 1899 super
1654 1828 1823 1884 cubile
1849 1830 2021 1899 patris

454 1926 553 1976 tui.

526 2012 767 2066 Primum
822 2009 1037 2080 quidem
1084 2025 1201 2064 rem
1252 2010 1474 2079 exponit
1512 2029 1526 2064 :
1571 2010 1717 2080 quod
1760 2011 2023 2067 nimirum

454 2102 646 2157 diebus
677 2100 881 2154 ultimis
904 2098 1150 2169 ,populus
1177 2099 1403 2154 insidias
1446 2106 1619 2155 struet
1659 2100 1798 2155 lecto
1822 2099 2023 2169 Patris,

456 2196 562 2249 hoc
590 2205 672 2248 est
714 2208 927 2261 sponsic
956 2190 1242 2254 Ecclesiae,
1271 2191 1515 2245 eamdem
1553 2191 1737 2247 volens
1776 2206 2024 2247 corrum-

454 2299 602 2355 pere.
651 2281 805 2349 Quod
837 2290 890 2336 et
926 2280 1085 2336 hodie
1124 2280 1423 2334 etiamnum
1451 2278 1604 2347 facit,
1631 2280 1760 2335 dum
1796 2280 2023 2336 insidias

455 2376 555 2446 ipsi
587 2376 807 2431 molitur
840 2390 935 2445 per
968 2372 1355 2443 blasphemias.

528 2555 662 2612 Gen.
701 2571 848 2621 χιιι,
879 2554 913 2609 5
950 2571 963 2607 :
1004 2550 1221 2607 Simeon
1245 2564 1294 2606 et
1314 2551 1437 2606 Levi
1454 2550 1669 2622 fratres.

527 2648 797 2717 Quoniam
823 2663 886 2703 ex
916 2644 1171 2702 Simeone
1200 2645 1412 2713 scribae,
1439 2655 1494 2700 et
1522 2661 1588 2700 ex
1621 2642 1746 2699 Levi
1774 2642 2025 2700 sacerdo-

458 2752 559 2800 tes.
603 2741 807 2798 Seribaz
838 2741 986 2797 enim
1030 2750 1085 2797 et
1122 2740 1432 2797 sacerdotes
1472 2748 1853 2809 perpetrarunt
1877 2737 2024 2808 inju-

460 2838 685 2903 slitiam,
728 2846 887 2907 atque
934 2835 1210 2890 voluntate
1251 2849 1349 2889 sua
1404 2832 1459 2886 in
1505 2847 1671 2888 unam
1701 2832 2025 2888 sententiam

460 2930 860 3001 conspirantes,
892 2927 1181 2982 Dominum
1214 2926 1551 2982 occiderunt.

531 3016 666 3073 Gen.
706 3032 854 3079 xux,
882 3016 915 3071 5
944 3034 957 3070 :
992 3015 1205 3072 Simeon
1235 3026 1291 3071 et
1328 3015 1447 3071 Levi
1478 3017 1669 3086 fratres
1691 3034 2024 3072 consumma-
2049 3048 2094 3106 ο

459 3117 641 3163 verunt
681 3107 1012 3178 iniquitatem
1043 3109 1299 3178 propositi
1344 3109 1427 3161 sui
1467 3123 1485 3160 :
1532 3108 1587 3161 in
1625 3109 1906 3163 consilium
1932 3125 2022 3164 co-

461 3216 579 3253 rum
603 3216 704 3253 non
734 3204 905 3254 veniat
928 3200 1106 3252 anima
1130 3216 1263 3265 mea,
1288 3208 1337 3253 et
1359 3200 1412 3253 in
1432 3202 1826 3270 congregatione
1845 3216 2025 3255 eorum

462 3309 565 3346 non
595 3292 908 3345 contendant
950 3292 1146 3345 viscera
1179 3307 1329 3355 mea;
1359 3292 1495 3361 ⁸τμιὶιι
1540 3292 1593 3345 in
1626 3292 1804 3361 furore
1829 3311 1923 3348 suo
1946 3295 2027 3349 in-

464 3384 774 3453 terfecerunt
798 3385 1053 3452 homines,
1084 3394 1133 3439 et
1165 3385 1219 3437 in
1252 3384 1540 3453 cupiditate
1561 3402 1659 3440 sua
1685 3387 2028 3443 subnervave-

463 3485 585 3530 runt
611 3484 766 3530 tauru
775 3493 845 3531 ηι.

530 3564 644 3621 Hoc
678 3567 755 3621 ait
793 3567 859 3622 de
894 3567 1316 3636 conspiratione,
1358 3585 1465 3638 qua
1495 3579 1681 3625 essent
1700 3572 1899 3629 coituri
1929 3574 2028 3631 ad-

462 3673 656 3715 versus
689 3657 998 3714 Dominum.
1053 3658 1207 3726 Quod
1254 3660 1401 3715 enim
1440 3661 1506 3717 de
1539 3663 1639 3718 hac
1678 3664 1913 3721 coitione
1949 3668 2032 3722 lo-

465 3753 666 3824 quitur,
696 3752 1042 3809 manifestum
1071 3762 1155 3809 est
1183 3753 1365 3819 nobis,
1391 3769 1516 3810 cum
1541 3755 1687 3811 dicat
1710 3756 1902 3813 beatus
1924 3758 2024 3813 Da-

466 3848 553 3903 vid
591 3867 605 3903 :
650 3845 921 3919 Principes
961 3849 1260 3919 congregati
1301 3859 1423 3903 sunt
1458 3860 1642 3905 contra
1674 3852 1961 3907 Dominum
1989 3854 2029 3922 ¹,

465 3951 518 3998 et
546 3956 668 4013 qua:
694 3949 1013 4012 sequuntur.
1048 3940 1203 3996 Hunc
1224 3953 1476 3998 eventum
1505 3944 1752 4013 praedixit
1774 3945 2029 4016 Spiritus,

466 4051 590 4091 cum
623 4036 700 4089 ait
738 4053 751 4089 :
804 4033 885 4088 Ne
904 4035 1217 4089 contendant
1250 4038 1449 4092 viscera
1481 4052 1637 4091 mea:
1667 4038 1893 4107 cupiens
1914 4055 2028 4101 eos,

468 4130 516 4183 si
565 4128 681 4183 ﬁeri
729 4128 919 4197 possit,
969 4129 1196 4197 eripere,
1242 4142 1309 4182 ne
1360 4143 1454 4197 per
1498 4129 1620 4183 illos
1662 4130 1864 4184 malum
1899 4131 2031 4186 illud

467 4220 711 4274 futurum
738 4220 1100 4288 perﬁceretur.
1140 4216 1523 4287 Interfecerunt
1545 4219 1799 4284 homines,
1826 4231 1876 4274 et
1902 4222 2028 4274 sub-

469 4322 805 4366 nervaverunt
840 4321 1069 4366 taurum.
1096 4309 1196 4365 Per
1225 4319 1439 4365 taurum
1462 4311 1721 4377 validum,
1752 4312 2027 4369 Christum

2108 445 2221 516 λαῷ
2249 444 2416 517 πολλὴ
2450 442 2633 514 ἰσχύος
2660 441 2913 507 ἐπίδειξις
2936 440 3126 509 γέγονε
3149 437 3295 509 παρὰ
3319 437 3462 491 Θεοῦ.
3496 439 3626 492 Ἑκο-

2110 538 2302 603 λάζετο
2341 538 2449 609 γὰρ
2476 536 2616 589 κατὰ
2648 533 2929 595 πλείστους
2964 531 3197 600 τρόπους
3229 528 3333 582 τῶν
3362 530 3626 597 Αἰγυπτίων

2112 632 2146 701 ἡ
2179 628 2350 701 χώρα.
2397 628 2455 681 '0
2490 627 2706 700 πρῶτος
2737 625 2866 688 λαὸς
2895 626 2922 676 6
2954 625 3016 675 ἐκ
3036 622 3330 692 περιτομῆς
3363 624 3521 691 ίσχύς
3532 642 3628 691 μου

2111 724 2209 777 καὶ
2243 720 2399 791 ἀρχὴ
2434 719 2657 773 τέκνων
2683 733 2835 787 μουο
2877 713 3056 777 καθὼς
3104 713 3334 782 ὑπέσχεν
3374 713 3400 763 6
3429 711 3541 774 8:6;
3569 712 3633 781 τῷ

2123 809 2370 881 Ἀϐραὰμ
2413 808 2512 879 τὴν
2548 804 2875 875 ἐπαγγελίαν
2907 804 2997 857 καὶ
3043 801 3124 873 τῷ
3170 802 3432 872 σπέρματι
3476 802 3630 855 αὐτοῦ.

2112 899 2382 969 Σκληρός
2398 900 2455 953 δὲ
2486 896 2786 969 φέρεσθαι,
2819 896 3004 968 ἐπειδὴ
3029 892 3467 966 παρεσκληρύνθη
3492 894 3637 957 ὁλαὸς

2114 992 2250 1064 πρὸς
2283 992 2380 1064 τὴν
2413 991 2657 1062 ὑπακοὴν
2680 989 2775 1043 τοῦ
2795 988 2950 1042 Θεοῦ.
2979 987 3091 1042 Kal.
3109 984 3371 1054 σκληρὸς
3391 984 3633 1053 αὐθάδης,

2112 1086 2195 1139 ὃτι
2228 1085 2289 1138 οὐ
2334 1086 2492 1157 μόνον
2534 1084 2765 1155 σκληρὸς
2797 1082 2934 1154 πρὸς
2976 1080 3076 1150 τὴν
3111 1077 3352 1147 ὑπακοὴν
3382 1076 3468 1129 τοῦ
3508 1076 3635 1143 Θεοῦ,

2113 1177 2227 1232 ἀλλ’
2260 1177 2343 1231 ὅτι
2378 1177 2472 1231 καὶ
2505 1176 2741 1246 αὐθάδης
2784 1173 2998 1243 ἐγένετο
3035 1169 3174 1243 πρὸς
3219 1168 3279 1223 τὺ
3309 1171 3457 1240 χεῖρα
3481 1168 3638 1221 ἐπιὸαο

2114 1270 2228 1325 λεῖν
2260 1269 2337 1341 τῷ
2368 1270 2577 1343 Κυρίῳ.
2620 1268 2987 1336 Ἐξύϐρισας,
3016 1262 3209 1335 ἐπειδὴ
3239 1261 3323 1315 διὰ
3354 1260 3440 1314 τοῦ
3468 1260 3640 1332 Κυρίου

2116 1358 2271 1432 ἡμῶν
2318 1358 2492 1430 Ἰησοῦ
2528 1357 2763 1431 Χριστοῦ
2798 1355 3081 1427 ἐξύὸρισεν
3107 1355 3136 1406 6
3167 1350 3293 1414 λαὸς
3322 1348 3408 1403 τὸν
3438 1347 3637 1421 Πατέρα.

2116 1449 2212 1518 Μὴ
2240 1448 2485 1518 ἐκζέσῃς
2515 1449 2571 1502 δέ
2603 1447 2834 1517 λέγει·τὸ
2866 1445 3093 1517 Πνεῦμα
3125 1440 3543 1515 παρακλητικῶς,
3571 1441 3641 1495 ἵνα

2122 1539 2195 1612 μὴ
2252 1540 2431 1593 τέλεον
2478 1540 2707 1602 ἐκζέσας
2759 1536 3040 1608 ὑπερχυθῇ
3068 1574 3084 1599 ,
3134 1532 3321 1587 ἐλπίδα
3368 1530 3479 1595 δοὺς
3524 1530 3641 1601 αὐτῷ

2122 1632 2414 1704 σωτηρίας.
2455 1631 2527 1684 Τὸ
2556 1631 2667 1702 γὰρ
2696 1628 2922 1693 ὲκξέσαν
2949 1628 3047 1682 καὶ
3073 1624 3299 1698 ἐκχυθὲν
3321 1623 3556 1681 ἀπώλετο.

2204 1829 2445 1899 Ἀνέὄης
2482 1830 2589 1901 γὰρ
2618 1830 2716 1884 ἐπὶ
2750 1827 2857 1898 τῆς
2884 1829 3091 1897 κοίτης
3112 1828 3218 1883 τοῦ
3245 1826 3456 1895 πατρός
3473 1839 3587 1879 σου.

2200 2009 2538 2064 Hirrourus
2574 2006 2847 2079 ;·Πρῶτον
2908 2007 3004 2078 μὲν
3047 2005 3110 2059 τὸ
3159 2003 3367 2076 συμϐὰν
3395 2002 3555 2072 λέγει’
3582 2001 3647 2053 ὅτι

2123 2102 2209 2154 ἐπ’
2244 2102 2484 2171 ἐσχάτων
2515 2098 2623 2152 τῶν
2652 2098 2872 2170 ἡμερῶν
2897 2098 3080 2169 μέλλει
3133 2099 3164 2149 6
3185 2096 3311 2159 λαὸς
3332 2092 3649 2148 ἐπιϐουλεύειν

2122 2196 2188 2264 τῇ
2219 2193 2372 2264 κοίτῃ
2389 2190 2480 2245 τοῦ
2502 2190 2730 2262 Πατρδς,
2758 2190 3033 2244 τουτέστιν
3056 2191 3133 2261 τῇ
3160 2187 3344 2259 νύμφῃ
3383 2183 3647 2253 Ἐκκλησία.

2125 2284 2262 2356 πρὸς
2282 2284 2340 2337 τὸ
2366 2281 2646 2354 βούλεσθαι
2666 2282 2835 2353 αὐτὴν
2854 2280 3191 2352 διαφθεῖραι.
3218 2281 3386 2349 Ὅπερ
3409 2275 3494 2329 καὶ
3512 2274 3649 2346 πράτ-

2123 2393 2205 2429 τει
2257 2376 2416 2446 μέχρι
2452 2375 2545 2428 καὶ
2587 2375 2823 2447 τήμερον
2868 2371 3237 2426 ἐπιϐουλεύων
3281 2371 3413 2440 αὐτῇ
3455 2366 3532 2422 διὰ
3563 2365 3649 2419 τῶν

2127 2467 2501 2539 βλασφημιῶν.

2195 2557 2438 2628 Συμεὼν
2464 2558 2560 2612 καὶ
2581 2557 2726 2612 Λευῒ
2751 2555 3020 2626 ἀδελφοί.

2195 2647 2530 2704 Hirrou'rus
2565 2666 2581 2704 :
2629 2648 2954 2719 Ἐπειδήπερ
3000 2646 3065 2700 ἐκ
3114 2647 3211 2702 τοῦ
3254 2643 3465 2717 Συμεὼν
3508 2659 3650 2715 γραμ-

2129 2743 2337 2814 ματεῖς,
2391 2743 2455 2795 ἐκ
2500 2739 2592 2794 τοῦ
2643 2739 2773 2794 Aeni
2821 2741 3005 2812 ἱερεῖς.
3042 2739 3399 2811 Γραμματεῖς
3440 2734 3533 2808 γὰρ
3577 2732 3650 2787 καὶ

2126 2836 2291 2907 ἱερεῖς
2340 2833 2687 2888 συνετέλεσαν
2730 2832 2940 2888 ἀδικίαν
2981 2831 3315 2907 ἐξαιρέσεως
3349 2830 3530 2895 αὐτῶν,
3550 2826 3651 2897 μίαν

2126 2903 2349 2998 γνώμην
2386 2924 2600 2997 ἔχοντες
2629 2924 2837 2979 ἀνεῖλον
2865 2923 2956 2977 τὸν
2986 2903 3221 2996 Κῦριονι

2202 3017 2449 3088 Συμεὼν
2480 3015 2580 3071 καὶ
2602 3016 2748 3071 Λευῒ
2763 3014 3009 3084 ἀδελφοί
3041 3014 3451 3071 συνετέλεσαν
3461 3010 3653 3066 ἀδικίαν

2129 3108 2481 3179 ἐξαιρέσεως
2511 3106 2728 3163 αὐτῶν.
2752 3108 2854 3174 Εἰς
2874 3106 3120 3176 βουλὴν
3151 3106 3347 3162 αὐτῶν
3370 3105 3449 3177 μὴ
3468 3102 3651 3170 ἕλθοιή

2131 3196 2301 3268 ψυχή
2322 3215 2463 3267 μου,
2489 3198 2585 3251 καὶ
2613 3196 2713 3250 ἐπὶ
2736 3196 2809 3266 τῇ
2836 3198 3140 3253 συστάσει
3158 3197 3355 3253 αὐτῶν
3372 3196 3451 3267 μὴ
3497 3195 3653 3264 ἐρίσαι

2126 3290 2198 3344 τὰ
2226 3288 2423 3358 ἧπατά
2445 3307 2564 3360 μου
2587 3306 2600 3318 ·
2633 3288 2723 3342 ὅτι
2744 3289 2813 3343 ἐν
2838 3287 2916 3354 τῷ
2938 3289 3102 3359 θυμῷ
3131 3289 3331 3345 αὐτῶν
3351 3289 3655 3344 ἀπέκτειναν

2126 3379 2494 3450 ἀνθρώπους,
2534 3381 2633 3436 καὶ
2668 3382 2737 3436 ἐν
2762 3380 2835 3451 τῇ
2858 3382 3142 3452 ἐπιθυμίᾳ
3173 3381 3369 3438 αὐτῶν
3400 3375 3655 3448 ἐνευροκόο

2129 3489 2337 3542 πησαν
2358 3474 2598 3543 ταῦρον.

2200 3582 2537 3639 Ηιιιιιοιῑτυε
2570 3601 2583 3637 :
2620 3582 2788 3637 Τοῦτο
2839 3582 2983 3650 λέγει
3026 3564 3119 3634 ἐπὶ
3174 3585 3240 3654 τῇ
3295 3577 3587 3639 συνελεύσει,

2131 3675 2354 3747 ἔμελλον
2392 3674 2744 3746 συνέρχεσθαι
2772 3674 2866 3727 ἐπὶ
2893 3679 2986 3727 τὸν
3019 3672 3248 3745 Κύριον.
3283 3670 3470 3726 Ὅτιδέ
3491 3665 3656 3733 ταύτην

2129 3770 2227 3840 τὴν
2266 3768 2572 3823 συνέλευσιν
2602 3766 2777 3835 λέγει,
2811 3767 2967 3838 δῆλόν
2996 3768 3145 3820 ἐστιν
3173 3770 3305 3838 ἡμῖν
3328 3783 3343 3797 ·
3386 3762 3554 3834 ψάλλει
3572 3756 3655 3827 γὰρ

2129 3858 2158 3908 6
2204 3856 2469 3927 μακάριος
2518 3855 2706 3908 Δαυῒδ’
2755 3858 3077 3925 ’Ἄρχοντες
3132 3855 3520 3925 συνήχθησαν
3541 3843 3656 3902 κατά

2130 3950 2235 4004 τοῦ
2266 3950 2507 4017 Κυρίου,
2542 3948 2636 4002 καὶ
2668 3946 2737 4001 τὰ
2771 3946 2915 4018 ἑξῆς.
2971 3948 3092 4003 Ἐπὶ
3120 3949 3327 4020 ταύτην
3361 3948 3417 4000 δὲ
3450 3945 3533 4016 τὴν
3559 3956 3655 3992 συν-

2131 4042 2341 4094 έλευσιν
2381 4040 2756 4111 προηγόρευσε
2784 4040 2845 4092 τὸ
2877 4039 3099 4110 Πνεῦμα
3126 4040 3288 4110 λέγον
3308 4057 3322 4070 ’
3358 4038 3448 4106 Μὴ
3503 4031 3659 4101 ἐρίσαι

2129 4136 2202 4188 τὰ
2234 4132 2430 4201 ﬁrmati
2460 4151 2579 4202 μου
2600 4151 2612 4163 ·
2652 4132 2919 4203 ῥύσασθαι
2963 4133 3287 4205 βουλόμενος
3320 4133 3501 4193 αὐτοὺς
3517 4128 3596 4189 ὡς,
3621 4126 3657 4177 εί

2128 4228 2368 4292 δυνατὸν,
2427 4226 2500 4298 μὴ
2534 4227 2784 4295 γενέσθαι
2835 4228 2900 4281 δι’
2943 4229 3122 4282 αὐτῶν
3171 4230 3237 4283 τὸ
3283 4227 3463 4300 μέλλον
3507 4218 3656 4276 κακόν.

2142 4317 2513 4373 Ἀπέκτειναν
2526 4321 2643 4387 μὲν
2668 4317 2809 4383 τοὺς
2831 4318 3198 4386 ἀνθρώπους,
3224 4315 3659 4386 ἐνευροκόπησαν

470 4408 666 4461 innuit.
724 4405 878 4460 Hunc
931 4406 1420 4470 subnervaverunt,
1448 4405 1665 4474 quando
1706 4403 1773 4458 ad
1826 4405 2025 4475 lignum

2137 4410 2205 4464 δὲ
2235 4410 2342 4463 τὸν
2372 4410 2612 4478 ταῦρον.
2651 4412 2771 4464 Ὅτι
2798 4410 2995 4482 ταῦρον
3031 4411 3255 4482 ισχυρὸν
3287 4409 3507 4483 Χριστὸν
3522 4404 3656 4469 λέγει.

469 4497 611 4551 allixi
637 4511 832 4551 nervos
870 4495 1232 4565 perforarunt.
1270 4496 1337 4551 In
1364 4498 1446 4551 ira
1468 4513 1565 4550 sua
1595 4495 2036 4551 subnervaverunt

473 4599 701 4643 taurum.
734 4585 867 4641 Vide
887 4587 1018 4641 dicti
1053 4589 1375 4644 sententiam
1410 4607 1422 4643 :
1459 4587 1840 4658 Interfecerunt
1870 4588 2040 4642 homi-

470 4698 582 4745 nes,
602 4689 652 4734 et
676 4679 1119 4735 subnervoverunt
1139 4694 1371 4738 taurum.
1398 4681 1570 4737 Morte
1591 4681 1889 4737 aﬂ'ecerunt
1912 4696 2039 4737 sun-

472 4784 610 4838 ctos,
662 4772 757 4843 qui
804 4787 975 4843 usque
1020 4772 1085 4827 ad
1131 4774 1545 4831 resurrectionis
1586 4783 1801 4845 tempus
1832 4774 2036 4830 mortui

471 4877 714 4926 manent.
767 4865 873 4922 Sed
914 4866 1188 4933 Christus,
1239 4869 1385 4925 sicut
1415 4870 1617 4925 vitulus
1650 4871 2032 4934 subncrvatus,

472 4958 874 5030 quodammodo
914 4958 1067 5012 humi
1097 4959 1409 5027 procubuit,
1448 4975 1573 5014 cum
1601 4969 1833 5015 mortem
1854 4960 2035 5015 carnis

474 5052 661 5108 volens
698 5051 923 5107 subierit
963 5068 976 5103 :
1021 5059 1078 5104 at
1124 5051 1284 5104 morti
1337 5066 1444 5105 non
1484 5053 1789 5105 succubuit.
1834 5050 2033 5106 Verum

475 5145 601 5200 licet
638 5149 887 5197 mortuus
931 5138 1093 5195 fuerit
1137 5148 1394 5209 tanquam
1450 5140 1634 5206 homo,
1677 5149 1914 5195 attamen
1950 5156 2036 5195 se-

475 5235 712 5291 cundum
740 5233 1035 5290 divinitatis
1070 5242 1316 5286 naturam
1362 5231 1560 5286 mansit
1604 5233 1778 5287 vivus.
1824 5231 2039 5288 Taurus

477 5328 661 5396 itaque
699 5326 970 5390 Christus,
1010 5323 1293 5377 robustum
1345 5328 1403 5375 ut
1430 5320 1664 5377 maxime
1692 5321 1892 5376 animal
1936 5338 2038 5393 pu-

474 5433 708 5489 rumque
738 5427 791 5473 et
836 5417 1102 5473 sacriﬁcio
1132 5425 1337 5486 aptum.
1386 5412 1649 5469 Dominus
1697 5430 1828 5469 vero
1859 5416 2031 5470 virtu-

475 5519 632 5576 tum,
668 5509 869 5578 Filius,
903 5512 997 5580 qui
1026 5520 1303 5581 peccatum
1344 5522 1451 5565 non
1490 5506 1728 5577 admisit,
1757 5524 1816 5566 se
1855 5510 2033 5583 ipsum

557 5679 579 5711 ’
606 5676 751 5736 Psal.
788 5695 846 5746 ιι,
882 5681 936 5736 σι.

2151 4501 2616 4572 Ἐνευροχόπησαν
2657 4501 2750 4569 δὲ,
2787 4501 2971 4573 ἐπειδὴ
3021 4506 3079 4556 ἐν
3121 4504 3196 4574 τῷ
3234 4503 3371 4574 ξύλῳ
3398 4494 3657 4567 πεπηγότα

2138 4594 2300 4649 αὑτοῦ
2327 4593 2600 4666 διέτρισαν
2622 4594 2691 4648 τὰ
2721 4594 2904 4667 νεῦρα.
2946 4597 3074 4650 Ὀτι
3102 4597 3199 4651 καὶ
3232 4597 3301 4650 ἐν
3326 4594 3402 4661 τῷ
3423 4587 3567 4660 θυμῷ
3583 4586 3660 4637 αὐ-

2137 4687 2255 4742 τῶν
2290 4686 2783 4754 ἑνευροκόπησαν
2802 4687 3042 4756 ταῦρον.
3072 4687 3179 4742 Καὶ
3203 4688 3305 4760 ὃρα
3323 4684 3412 4742 τοῦ
3429 4684 3568 4751 λόγου
3582 4674 3657 4745 τὴν

2138 4778 2458 4849 ἐπιτήρησιν
2475 4794 2489 4808 ο
2538 4775 3040 4846 Ἀπέκτεινανμὲν
3055 4774 3164 4846 γὰρ
3181 4776 3321 4841 τοὺς
3338 4767 3654 4839 ἀνθρώπουςι

2142 4870 2630 4939 ἐνευροκόπησαν
2665 4868 2733 4923 δὲ
2772 4867 2879 4923 τὸν
2917 4870 3157 4938 ταῦρον.
3206 4868 3427 4937 Θανάτῳ
3464 4861 3549 4933 μὲν
3571 4853 3655 4924 γάρ

2144 4959 2565 5031 περιϐεϐλήκασι
2609 4960 2732 5023 τοὺς
2765 4960 2973 5028 ἁγίους,
3024 4959 3119 5013 καὶ
3159 4959 3484 5031 μεμενήκασι
3511 4943 3656 5031 vexet“

2142 5028 2231 5104 τδνί
2268 5048 2365 5119 τῆς
2396 5028 2739 5113 ἀναστάσεως
2777 5049 2966 5121 καιρὸν
3003 5028 3400 5121 περιμένοντες.
3444 5038 3562 5096 Ἀλλ’
3587 5028 3679 5119 οἷάι⁸

2142 5156 2225 5204 τις
2269 5140 2465 5210 μόσχος
2494 5139 2986 5212 νευροκοπούμενος
3028 5139 3240 5195 ὤκλασε
3284 5139 3379 5210 μὲν
3422 5129 3691 5207 οἱονείπως.

2144 5234 2223 5296 εἰς
2252 5232 2354 5303 γῆν
2374 5273 2388 5297 ,
2426 5234 2455 5286 6
2486 5233 2719 5305 Χριστὸς
2750 5230 2889 5285 ἑκὼν
2925 5232 3220 5304 ὑπομείνας
3252 5232 3341 5284 τὸν
3369 5227 3462 5297 τῆς
3491 5216 3653 5290 σαρκὸς

2145 5326 2402 5381 θάνατον·
2454 5325 2591 5397 πλὴν
2612 5326 2673 5380 οὐ
2708 5328 2898 5395 γέγονε
2932 5325 3007 5397 τῷ
3040 5325 3250 5397 θανάτῳ
3281 5322 3506 5390 κάτοχος.
3544 5305 3650 5365 Ἀλλ’

2139 5418 2189 5469 εί
2222 5417 2314 5469 καὶ
2345 5417 2565 5487 γέγονεν
2590 5419 2649 5469 ἐν
2669 5420 2878 5488 νεκροῖς
2907 5417 2981 5481 ὡς
3004 5417 3301 5489 ἄνθρωπος,
3319 5405 3649 5483 ἀπομεμένηκε

2140 5509 2246 5575 ζῶν
2273 5513 2337 5582 τῇ
2372 5510 2471 5581 τῆς
2503 5509 2751 5579 θεότητος
2784 5510 2961 5578 φύσει.
3006 5508 3211 5581 Ταῦρος
3251 5506 3353 5578 γὰρ
3374 5507 3401 5558 6
3429 5493 3620 5571 Χριστός
3633 5501 3646 5518 ⁸
3756 5520 3757 5535 ι
