3814 6198
134 249 227 310 589

1304 254 1724 311 FRAGMENTA
1765 255 1832 311 IN
1870 255 2182 313 GENESIN.

3268 262 3374 321 590

133 375 379 440 εὓσθενὲς
405 374 512 447 γὰρ
537 375 619 428 ὅτι
653 375 888 446 μάλιστα
934 376 1071 442 ζῶον
1105 379 1200 432 καὶ
1242 378 1481 451 καθαρόν
1523 397 1582 433 τε
1610 379 1705 433 καί

1815 389 1992 435 autem
2020 381 2203 452 potius
2229 381 2424 436 obtulit
2449 394 2548 451 pro
2574 379 2732 436 nobis
2756 381 2807 435 in
2823 381 3042 437 odorem
3067 379 3377 452 fragrantia

141 469 418 540 ἱερατικὸν.
453 469 658 540 Κύριος
703 469 762 520 δὲ
806 468 915 522 τῶν
947 470 1226 541 δυνάμεων
1276 470 1476 536 ὁΥἱὸς,
1525 471 1583 535 ὃς
1632 473 1692 524 οὐ

1815 471 1910 528 Deo
1935 481 1989 528 et
2025 471 2194 530 Patri.
2239 473 2477 529 Audiant
2518 475 2684 546 igitur
2708 475 2800 544 qui
2836 489 2960 529 vere
3002 473 3372 529 venerabilem

142 561 427 630 πεποίηκεν
476 561 770 634 ἁμαρτίαν,
830 562 1018 616 ἑαυτὸν
1059 562 1116 616 δὲ
1162 562 1363 634 μᾶλλον
1401 563 1522 618 ἔθυε
1555 564 1696 636 ὑπὲρ

140 653 278 724 ἡμῶν
308 655 392 717 είς
425 652 602 725 ὀσμὴν
627 655 853 719 εὐωδίας
879 654 956 727 τῷ
978 654 1095 726 Θεῷ
1128 657 1222 708 καὶ
1246 655 1438 727 Πατρί.
1482 655 1699 710 Ἀκουέα

1799 563 2268 620 subnervaverunt
2302 574 2520 619 taurum
2564 580 2578 616 :
2618 563 2934 618 Maledictus
2978 565 3128 635 furor
3168 580 3376 630 eorum,

1797 655 1922 726 quia
1951 655 2231 725 pervicax;
2259 665 2308 710 et
2341 656 2425 710 ira
2445 672 2649 723 eorum,
2682 656 2808 726 quia
2829 657 3083 710 indurata
3099 666 3176 711 est
3194 659 3235 711 ’.
3269 657 3376 712 Sed

136 761 298 797 τωσαν
345 745 533 800 τοίνυν
563 749 613 800 oi
649 748 743 800 τὸν
771 747 943 812 οὕτως
978 748 1173 802 σεπτὸν
1199 749 1698 820 νευροκοπήσαντες

1815 745 2109 803 Ιιιάωοιδιιιιι
2162 748 2396 819 papulas
2437 764 2604 805 ausus
2655 758 2740 804 est
2782 749 2990 820 jactare
3041 766 3100 805 se
3155 759 3376 808 taurum

133 842 350 913 ταῆρονο
405 841 860 911 Ἐπικατάρατος
890 845 925 897 ὁ
962 841 1146 913 θυμὸς
1173 841 1372 896 αὐτῶν
1396 842 1485 897 ὅτι
1521 840 1702 896 αὐθά-

128 934 248 1000 δης,
290 934 395 988 καὶ
440 936 480 1003 ἠ
523 933 706 1004 μῆνις
746 934 945 988 αὐτῶν
976 934 1065 988 ὅτι
1101 935 1510 1004 ἐσκληρύνθη.
1557 933 1700 989 Ἀλλ’

125 1029 207 1097 ὅτε
239 1029 352 1082 τῶν
399 1027 668 1082 Ἰουδαίων
699 1028 874 1100 δῆμος
897 1027 1228 1100 τετῦλμηκεν
1251 1031 1423 1082 εἰπεῖν
1450 1046 1702 1100 νευροκο-

126 1122 234 1175 πῶν
258 1122 351 1176 τὸν
380 1121 614 1194 ταῦρον·
632 1125 700 1177 Αι
729 1121 923 1192 χεῖρες
942 1121 1111 1192 ἡμῶν
1129 1122 1375 1193 ἐξέκεον
1400 1123 1574 1177 τοῦτο
1600 1124 1699 1194 (θ’

125 1214 304 1284 ἕτερον
333 1213 448 1285 γάρ
487 1209 640 1284 οἶμαι
677 1212 828 1284 παρά
854 1213 1009 1268 τοῦτό
1039 1215 1186 1268 ἐστιν
1210 1214 1390 1280 οὐδὲν,
1424 1215 1486 1268 τὺ
1511 1216 1702 1270 ἀσυνέ-

124 1321 222 1367 τως
251 1305 452 1356 εἰπεῖν·
490 1303 558 1358 Τὸ
573 1299 718 1374 alue:
741 1303 948 1369 αὐτοῦ,
983 1304 1079 1357 καὶ
1110 1304 1177 1358 τὰ
1207 1305 1355 1378 ἑξῆς.
1389 1306 1700 1360 Ἀνακαλεῖ-

123 1413 202 1448 ται
226 1396 478 1465 Μωῦσῆς
510 1396 606 1467 τὴν
631 1395 773 1449 κατά
803 1395 898 1449 τοῦ
927 1396 1058 1450 Λευῒ
1079 1399 1342 1471 κατάραν,
1379 1399 1578 1470 μᾶλλον
1607 1400 1703 1453 κοιλ⁸

125 1486 193 1547 εἰς
225 1486 486 1554 εὐλογίαν
516 1487 686 1558 αὐτὴν
724 1488 1018 1560 ἀνατρέπει
1051 1489 1139 1543 διά
1178 1489 1269 1542 τὸν
1303 1489 1526 1561 ὕστερον
1562 1491 1701 1563 ὕπερ

121 1576 208 1630 τοῦ
237 1577 378 1631 Θεοῦ
410 1578 569 1649 (alexi
607 1580 708 1650 τῆς
734 1579 904 1650 φυλῆς
938 1582 1032 1634 καὶ
1059 1581 1152 1634 τοῦ
1177 1583 1342 1637 Φινεῖ.
1380 1581 1491 1654 Τὴν
1525 1583 1704 1655 μέντοι.

123 1669 256 1722 κατὰ
281 1670 380 1722 τοῦ
410 1669 632 1742 Συμεὼν
654 1672 753 1724 οὐκ
775 1673 1156 1740 ἀνεκαλέσατο,
1191 1674 1269 1728 διὸ
1294 1674 1357 1746 δὴ
1385 1677 1476 1728 καὶ
1504 1679 1583 1741 είς
1615 1678 1704 1750 ἔρ·-

1801 840 2162 896 subnervasse
2210 860 2224 895 :
2270 841 2462 896 Manus
2509 852 2702 898 nostra:
2738 845 2876 898 hunc
2905 845 3211 916 sanguinem
3244 846 3379 914 εΙῙιι-

1801 933 2016 988 derunt.
2042 929 2189 987 Nihil
2221 934 2365 988 enim
2391 933 2536 988 aliud
2563 944 2679 1003 est,
2713 944 2775 991 ut
2803 937 2997 1007 opinor
3017 977 3032 1002 ,
3069 936 3215 1007 quod
3243 937 3380 992 insi-

1801 1026 2011 1097 pienter
2042 1027 2296 1082 dixerunt
2331 1045 2346 1081 :
2384 1027 2616 1098 Sanguis
2647 1028 2759 1098 ejus
2788 1045 2945 1097 super
2968 1044 3060 1082 nos
3091 1028 3112 1060 ³
3137 1069 3153 1096 ,
3183 1037 3381 1099 οιιιιιιιι

1803 1127 2130 1189 sequuntur.
2192 1117 2431 1176 Revocat
2481 1119 2697 1191 Moyses
2729 1119 2752 1150 ⁸
2795 1120 3138 1175 maledictum
3180 1119 3373 1174 adver-

1805 1221 1902 1263 sus
1946 1206 2112 1275 Levi;
2165 1211 2249 1264 vel
2297 1211 2476 1280 potius
2525 1209 2794 1264 convertit
2841 1209 2896 1264 iu
2947 1209 3379 1264 benedictionem

1803 1309 2027 1372 propter
2064 1301 2238 1355 zelum
2283 1317 2443 1372 quem
2486 1302 2661 1358 tribus
2690 1302 2781 1355 illa
2814 1317 2911 1371 pro
2942 1301 3052 1356 Deo
3084 1312 3272 1371 postea
3307 1313 3385 1355 te-

1805 1401 1948 1448 stata
1972 1401 2076 1457 est,
2113 1402 2170 1447 et
2199 1403 2419 1464 propter
2447 1394 2729 1448 Phineum.
2769 1392 2873 1448 Sed
2900 1394 3246 1448 maledictum
3285 1394 3385 1447 ad-

1804 1499 1998 1541 versus
2060 1485 2372 1540 Simeonem
2430 1502 2537 1541 non
2600 1486 2876 1543 revocavit
2931 1507 2942 1541 :
2990 1502 3159 1556 quare
3215 1487 3380 1541 etiam

1805 1586 2032 1633 eventus
2064 1578 2194 1631 illud
2229 1578 2619 1647 comprobavit.
2655 1577 2838 1647 Neque
2869 1577 3012 1632 enim
3057 1577 3277 1632 Simeon
3321 1587 3384 1632 ut

1808 1679 2017 1726 czeterze
2079 1670 2252 1724 tribus
2301 1670 2633 1725 haereditatis
2683 1679 2883 1724 sortem
2943 1679 3236 1725 consecuta
3273 1677 3380 1742 est,

123 1778 211 1828 γον
263 1762 452 1832 ἐξέϐη.
509 1763 565 1815 ’0
603 1761 714 1834 γὰρ
762 1763 985 1834 Συμεὼν
1039 1765 1139 1818 οὐκ
1186 1765 1372 1835 εἴληφε
1404 1766 1504 1836 μὲν
1542 1767 1617 1831 ὡς
1649 1771 1704 1822 αἱ

1815 1763 1904 1817 sed
1947 1763 2002 1816 in
2057 1763 2237 1818 medio
2291 1761 2429 1818 Juda
2470 1764 2759 1819 habitavit.
2806 1763 3030 1819 Servata
3065 1774 3243 1819 tamen
3272 1774 3377 1828 est,

122 1852 304 1906 λοιπαὶ
337 1854 505 1923 φυλαὶ
543 1855 938 1926 κληρονομίαν,
975 1857 1031 1910 ὲν
1067 1856 1177 1930 γὰρ
1216 1859 1365 1929 μέσῳ
1401 1859 1494 1913 τοῦ
1540 1862 1708 1916 Ἰούδα

123 1947 447 2018 acumen-01}.
489 1947 754 2012 Ἐσώζετο
772 1949 848 2014 δὲ,
877 1951 925 2002 εἰ
952 1950 1044 2003 καὶ
1060 1951 1213 2023 ὀλίγη
1238 1951 1329 2003 τὸν
1358 1953 1589 2024 ἀριθμὸν
1617 1951 1706 2027 ἦν.

185 2043 512 2110 Δεσμεύων
533 2041 685 2110 πρὸς
712 2041 981 2111 ἄμπελον
1005 2043 1111 2096 τὸν
1140 2043 1347 2098 πῶλον
1367 2046 1575 2112 αὑτοῦ,
1611 2047 1710 2101 καί

124 2132 192 2200 τῇ
243 2133 402 2186 ἕλικι
449 2133 557 2185 τὸν
605 2133 807 2188 πῶλον
838 2133 947 2203 τῆς
979 2135 1122 2189 ὄνου
1148 2137 1333 2190 αὐτοῦ
1356 2153 1369 2166 ·
1397 2139 1623 2192 πλυνεῖ
1643 2140 1712 2194 ἐν

124 2224 263 2290 οἴνῳ
291 2224 410 2292 τὴν
431 2223 668 2293 στολὴν
689 2225 896 2289 αὐτοῦ,
924 2226 1023 2279 καὶ
1057 2226 1126 2280 ἐν
1151 2227 1349 2296 αἵματι
1392 2230 1710 2298 σταφυλῆς

126 2316 238 2382 τὴν
260 2315 600 2385 περιϐολὴν
624 2317 831 2374 αὑτοῦ.

187 2405 780 2462 Ηιιιιιοιιῖτιιεεηῶλον
828 2408 974 2476 λέγει
1025 2409 1123 2480 τὴν
1174 2409 1232 2476 ἐξ
1297 2412 1496 2466 ὲθνῶψ
1529 2413 1706 2476 ἄλλον,

268 2502 334 2552 ὲκ
389 2501 692 2572 περιτομῆς
743 2501 935 2572 κλῆσιν
957 2520 970 2533 ·
1003 2503 1120 2557 ὄνον
1153 2503 1209 2556 δὲ
1247 2504 1404 2575 μίαν*
1434 2507 1710 2560 τουτέστιν

128 2593 189 2645 ὲκ
247 2595 382 2664 μιᾶς
435 2594 674 2658 πίστεως
717 2595 766 2648 οἱ
815 2595 909 2649 δύο
952 2595 1149 2650 πῶλοιο
1181 2599 1316 2670 ὅπερ
1351 2599 1496 2652 ἐστὶν
1528 2601 1584 2654 αἱ
1617 2599 1710 2654 δύο

127 2685 368 2756 κλήσεις.
405 2686 518 2739 Καὶ
544 2685 634 2739 τδν
667 2686 767 2757 μὲν
793 2686 972 2740 πῶλον
1003 2688 1384 2760 προσδεδέσθαι
1411 2691 1471 2744 ὲν
1503 2692 1568 2762 τῇ
1601 2691 1708 2762 άμ-

126 2778 296 2850 πέλῳ,
331 2779 427 2832 τὸν
460 2778 516 2832 δὲ
549 2779 734 2848 ἕτερον
778 2780 837 2832 ὲν
878 2782 944 2851 τῇ
991 2780 1316 2838 ἕλικι.Ἥτοι
1364 2783 1463 2856 τὴν
1510 2783 1607 2854 μὲν
1647 2782 1709 2850 ἐξ

127 2870 295 2924 ἐθνῶν
334 2869 658 2942 Ἐκκλησίαν
689 2872 1070 2944 προσδεδέσθαι
1098 2873 1178 2946 τῷ
1201 2875 1389 2948 Κυρίῳ
1406 2892 1420 2906 ·
1455 2875 1547 2930 τὸν
1574 2877 1618 2931 δ’
1641 2876 1708 2931 ἐκ

129 2965 430 3036 περιτομῆς
454 2967 522 3036 τῇ
554 2963 648 3018 τοῦ
676 2965 843 3036 νόμου
871 2965 1208 3039 παλαιᾶτητι.
1233 2967 1546 3022 Πλυνεῖέν
1564 2968 1708 3038 οϊνῳ

127 3055 245 3124 τὴν
286 3054 530 3124 στολὴν
575 3056 780 3111 αὐτοῦ.
812 3057 1068 3112 Τουτέστι
1095 3058 1183 3112 διὰ
1214 3058 1307 3113 τοῦ
1351 3060 1506 3128 ἁγίου
1537 3059 1706 3115 ΙΙνεὺ-

133 3115 301 3220 ματος
344 3149 440 3203 καὶ
472 3115 583 3202 ’τοῦ
627 3149 803 3219 Λόγου
845 3150 948 3222 τῆς
994 3150 1252 3224 ἀληθείας
1293 3115 1581 3222 καθαρίσει
1611 3151 1711 3224 τὴν
1736 3115 1782 3178 c

132 3242 327 3314 σάρκα,
360 3244 505 3314 ὅπερ
537 3242 790 3316 ἐμφαίνει
831 3244 930 3315 τὴν
980 3244 1191 3317 στολήν.
1240 3245 1351 3298 Kal
1399 3245 1472 3298 ἐν
1513 3245 1714 3314 αἵματι

131 3334 450 3405 σταφυλῆς
479 3334 755 3407 θλιῦείσης
787 3336 881 3390 καὶ
903 3337 1146 3410 ἀνιείσης
1165 3331 1325 3407 αἷμα,
1350 3337 1486 3408 ὅπερ
1508 3337 1656 3390 ἐστὶν
1675 3338 1710 3408 ἡ

139 3425 268 3497 σὰρξ
296 3425 392 3478 τοῦ
427 3425 658 3497 Κυρίου,
691 3427 872 3480 πᾶσαν
905 3427 1004 3498 τὴν
1033 3425 1092 3492 ἐξ
1121 3426 1290 3481 ἐθνῶν
1317 3427 1507 3499 κλῆσιν
1538 3427 1711 3481 καθα-

138 3517 288 3570 σίζει.

200 3611 517 3678 Χαροποιοὶ
559 3614 612 3666 οἱ
656 3611 948 3682 ὀφθαλμοὶ
985 3611 1169 3666 αὐτοῦ
1209 3611 1330 3665 ἀπὸ
1377 3612 1569 3677 οἴνου,
1613 3613 1714 3667 καί

131 3704 331 3757 λευκοὶ
359 3706 417 3757 οὶ
446 3703 686 3772 ὀδόντες
710 3705 894 3759 αὐτοῦ
921 3703 960 3773 ἢ
992 3702 1160 3774 τάλα.
1192 3705 1510 3758 Ζαϐουλὼν
1534 3705 1714 3774 παρά-

131 3798 256 3862 λιος
270 3798 641 3865 κατοικήσει,
669 3797 765 3850 καὶ
783 3796 964 3862 αὐτὸς
983 3798 1117 3863 παρ’
1145 3796 1329 3865 ὅρμον
1348 3797 1595 3862 πλοίων,
1613 3799 1712 3851 καὶ

135 3891 453 3962 παρατενεῖ
485 3892 597 3958 ἕως
635 3888 909 3955 Σιδῶνος.
930 3890 1216 3959 Ἰσσάχαρ
1248 3889 1314 3943 τὸ
1356 3891 1548 3944 καλὸν
1576 3893 1712 3946 ἑπε-

139 3990 424 4057 θύμησεν,
456 3986 914 4053 ἀναπαυόμενος
938 3982 1053 4036 ἀνὰ
1085 3983 1280 4052 μέσον
1309 3983 1426 4038 τῶν
1451 3984 1707 4053 κλήρων.

141 4078 239 4132 Καί
271 4078 417 4131 ίδὼν
449 4077 563 4145 τὴν
589 4075 936 4130 ἀνάπαυσιν
967 4074 1058 4128 ὅτι
1086 4073 1266 4142 καλὴ,
1303 4076 1401 4129 καὶ
1456 4075 1569 4144 τὴν
1597 4075 1714 4146 γῆν

141 4169 217 4223 ὅτι
244 4171 419 4232 πίων,
453 4168 714 4236 ὑπέθηκε
738 4167 844 4220 τὸν
870 4161 1032 4236 ὦμον
1057 4165 1241 4221 αὑτοῦ
1267 4168 1354 4232 εὶς
1379 4167 1442 4221 τὸ
1480 4168 1708 4231 πονεῖν,

144 4263 227 4314 καί
254 4260 512 4331 ἐγενήθη
539 4259 693 4328 ἀνὴρ
720 4261 989 4330 γεωργός.

201 4353 540 4410 HIPPOLYTUS
575 4371 588 4406 :
626 4353 905 4417 Τουτέστι,
941 4353 1156 4425 φαιδροὶ
1204 4353 1251 4404 οἱ
1295 4352 1561 4423 ὀφθαλμοὶ
1609 4353 1708 4405 αὐ-

1813 1855 1940 1911 licet
1981 1857 2179 1928 exiguo
2214 1872 2464 1911 numero.

1882 2057 2079 2114 Cenes.
2109 2074 2256 2122 XLIX,
2289 2059 2348 2111 11
2381 2078 2393 2112 :
2423 2057 2661 2128 Alligans
2688 2059 2757 2112 ad
2789 2059 2943 2112 vitem
2973 2059 3174 2127 pullum
3203 2078 3378 2125 suum,

1811 2159 1859 2202 et
1889 2148 1958 2202 ad
1987 2149 2202 2202 lielicem
2224 2148 2431 2218 pullum
2460 2151 2627 2202 asinw
2655 2167 2795 2214 suae;
2822 2150 3019 2204 lavabit
3051 2153 3103 2205 in
3131 2154 3246 2206 vino
3273 2165 3384 2206 sto-

1812 2239 1920 2294 lam
1949 2257 2123 2306 snam,
2161 2251 2209 2294 et
2238 2243 2291 2294 in
2323 2243 2575 2311 sanguine
2606 2259 2718 2298 urat
2748 2245 3000 2298 amictum
3027 2261 3201 2300 suum.

1810 2419 1826 2481 ι
1879 2416 2094 2472 Pullum
2117 2420 2628 2474 vocatvocationem
2643 2437 2705 2474 ex
2720 2422 3005 2490 gentibus;
3031 2422 3280 2490 alterum,
3315 2439 3384 2478 ex

1816 2509 2240 2565 circumcisione
2258 2511 2595 2565 vocationem
2619 2529 2632 2577 ;
2657 2511 2863 2574 asinam
2880 2528 3006 2567 vero
3023 2529 3205 2578 unam,
3230 2514 3279 2568 id
3299 2525 3384 2568 est

1812 2616 1975 2655 unam
2013 2601 2194 2668 (idem,
2233 2602 2381 2656 itaut
2409 2616 2473 2655 ex
2493 2618 2596 2656 una
2629 2603 2733 2658 ﬁde
2757 2603 2986 2659 sintduo
3013 2607 3284 2675 pulli,hoc
3300 2618 3385 2663 est

1811 2693 1933 2748 duae
1958 2694 2294 2749 vocationes.
2325 2693 2391 2748 Et
2418 2709 2585 2748 unum
2619 2695 2837 2764 quidem
2871 2696 3076 2766 pullum
3101 2699 3382 2768 alligatum

1809 2798 1931 2839 esse
1950 2783 2064 2849 viti,
2087 2782 2314 2837 alterum
2356 2783 2533 2838 helici.
2568 2781 2681 2837 lloc
2709 2793 2814 2851 est,
2843 2782 3139 2842 Ecclesiam
3159 2803 3189 2842 e
3211 2790 3385 2858 genti-

1811 2873 1916 2929 bus
1937 2874 2211 2945 alligatam
2228 2890 2350 2930 esse
2379 2872 2608 2928 Domino
2628 2891 2642 2941 ;
2661 2873 2872 2930 illorttm
2901 2891 3070 2934 veroe
3095 2880 3385 2935 circumci-

1809 2967 1964 3022 sione
2006 2969 2245 3039 antiquae
2289 2969 2414 3038 legi.
2447 2966 2666 3021 Lauabit
2716 2968 2771 3021 in
2816 2971 2934 3023 vino
2977 2969 3170 3025 stolam
3207 2989 3382 3030 suam.

1811 3054 1926 3112 Hoc
1955 3065 2058 3124 est,
2089 3073 2185 3128 per
2214 3055 2478 3129 Spiritum
2507 3067 2756 3112 sanctum
2782 3067 2835 3113 et
2865 3073 2961 3130 per
2993 3060 3224 3116 Verbum
3252 3067 3386 3119 veri-

1814 3150 1941 3205 tatis
1968 3151 2254 3207 mundabit
2277 3167 2516 3217 carnem,
2545 3167 2667 3222 quae
2689 3167 2782 3222 per
2807 3153 2999 3208 stolam
3024 3154 3382 3226 signiﬁcatur.

1814 3238 1886 3294 Et
1932 3243 1986 3294 in
2020 3243 2275 3313 sanguine
2312 3259 2424 3297 uva:
2451 3242 2670 3297 calcata:
2702 3251 2755 3297 et
2786 3245 3107 3316 sanguinem
3140 3249 3388 3304 emitten-

1815 3333 1905 3400 tis,
1931 3349 2054 3405 quae
2093 3344 2176 3390 est
2217 3334 2434 3390 Domini
2464 3350 2612 3399 caro,
2645 3351 2860 3392 omnem
2889 3353 2920 3392 c
2946 3340 3196 3409 gentibus
3225 3357 3388 3396 voca-

1814 3424 2014 3480 tionem
2044 3436 2261 3497 purgat.

1885 3607 2080 3664 Genes.
2120 3625 2266 3674 thx,
2298 3608 2492 3666 12-15:
2526 3609 2767 3680 Gratiﬁci
2801 3611 2939 3664 oculi
2965 3612 3078 3681 ejus
3113 3631 3144 3666 a
3174 3616 3311 3682 vino,
3334 3627 3384 3670 et

1815 3701 2029 3753 candidi
2074 3700 2250 3753 dentes
2299 3701 2412 3769 ejus
2459 3717 2568 3770 pra:
2600 3702 2752 3757 lacte.
2786 3702 3023 3757 Zabulon
3046 3705 3209 3773 juxta
3243 3725 3387 3763 mare

1814 3791 2095 3857 habitabit,
2134 3800 2183 3844 et
2236 3808 2382 3846 secus
2435 3809 2700 3846 accessum
2749 3796 2982 3859 navium,
3014 3805 3066 3848 et
3119 3801 3386 3864 pertendet

1813 3899 1974 3954 usque
2015 3887 2083 3936 ad
2129 3882 2396 3938 Sidonem.
2428 3882 2677 3938 Issachar
2711 3885 2900 3940 bonum
2928 3887 3265 3955 desideravit,
3305 3909 3386 3944 re-

1813 3977 2076 4046 quiescens
2103 3976 2239 4029 iater
2265 3976 2460 4030 medios
2490 3977 2674 4031 cleros.
2704 3976 2772 4031 Et
2803 3978 2979 4033 videns
3006 3983 3233 4051 requiem
3261 3986 3386 4054 quia

1814 4070 1949 4122 bona
1979 4077 2077 4132 est,
2106 4079 2155 4122 et
2191 4079 2384 4122 terram
2405 4071 2528 4140 quia
2551 4070 2779 4140 pinguis,
2808 4073 3080 4140 supposuit
3109 4074 3385 4129 humerum

1813 4176 1965 4213 suum
2004 4161 2073 4214 ad
2101 4160 2470 4227 laborandum,
2503 4172 2552 4215 et
2587 4160 2762 4230 factus
2783 4172 2857 4216 est
2892 4163 2972 4216 vir
2997 4165 3252 4234 agricola.

1882 4350 1997 4406 Hoc
2041 4361 2143 4415 est,
2175 4350 2386 4421 pulchri
2417 4359 2544 4406 sunt
2571 4350 2716 4408 oculi
2745 4350 2864 4420 ejus
2903 4367 2933 4405 a
2961 4367 3212 4407 sermone
3239 4355 3384 4408 veri-

142 4446 245 4510 τοῦ,
275 4448 351 4510 ὡς
401 4445 511 4499 ἀπὸ
559 4443 651 4498 τοῦ
695 4443 851 4513 λόγου
889 4445 990 4516 τῆς
1031 4443 1318 4516 ἀληθείας·
1356 4444 1705 4497 έπιόλὲπουσι

1815 4441 1939 4496 latis
1973 4460 1986 4495 :
2026 4441 2324 4510 respiciunt
2358 4441 2503 4493 enim
2557 4439 2624 4492 ad
2672 4452 2876 4518 omnes,
2915 4438 3009 4508 qui
3059 4439 3289 4494 credunt
3330 4440 3384 4493 in

143 4540 238 4612 γὰρ
257 4540 347 4592 ἐπὶ
376 4539 587 4601 πάντας
615 4537 738 4598 τοὺς
756 4536 1110 4600 πιστεύοντας
1133 4539 1212 4600 είς
1233 4536 1411 4590 αὐτόν.
1434 4537 1541 4590 Καὶ
1567 4540 1707 4591 λευ-

144 4632 221 4686 κοί
247 4635 298 4685 οὶ
328 4631 578 4696 ὀδόντες
619 4627 803 4683 αὑτοῦ
841 4629 880 4698 ἢ
923 4627 1094 4698 τάλα.
1123 4627 1196 4679 Τὸ
1225 4627 1514 4696 φωτοειδὲς
1539 4624 1704 4679 αὐτοῦ

143 4723 235 4777 tu?»
259 4723 522 4797 ῥημάτων
551 4721 702 4793 δηλοῖ
721 4737 735 4752 ο
769 4720 856 4775 διά
877 4719 1035 4773 τοῦτο
1063 4719 1286 4782 λευκοὺς
1307 4718 1581 4790 ὀνομάζει,
1606 4718 1708 4787 γά-

144 4814 281 4870 λακτι
327 4816 391 4868 δὲ
437 4813 782 4885 παρεικάζει,
813 4810 1001 4884 ὥσπερ
1046 4811 1141 4866 καὶ⁴
1193 4811 1371 4882 σάρκα
1409 4810 1504 4864 καὶ
1527 4809 1706 4881 ψυχὴν

144 4909 503 4983 ὅιατρέφοντα.
537 4906 856 4961 Ζαϐουλὼν
900 4904 955 4958 δὲ
1001 4903 1356 4977 ἑρμηνεύεται
1388 4903 1582 4957 εὐωδία
1615 4904 1708 4957 καὶ

148 5003 365 5073 εὐλογία.

1808 4536 2009 4607 ipsum.
2043 4531 2114 4586 Et
2148 4531 2362 4586 candidi
2409 4531 2585 4584 dentes
2616 4530 2729 4601 ejus
2778 4547 2888 4600 pra:
2917 4530 3074 4585 lacte.
3118 4529 3384 4587 Lucidum

1807 4628 2097 4684 candorem
2137 4624 2424 4680 verborum
2465 4622 2584 4692 ejus
2613 4622 2914 4693 signiﬁcat;
2957 4623 3080 4678 ideo
3123 4623 3385 4678 candidos

1808 4719 2041 4792 appellat
2083 4727 2137 4773 et
2183 4731 2307 4772 cum
2355 4715 2496 4770 lacte
2526 4713 2757 4781 confert,
2785 4731 2894 4786 quo
2920 4730 3048 4770 caro
3095 4724 3149 4769 et
3199 4715 3383 4770 anima

1809 4811 2072 4868 nutritur.
2102 4807 2363 4876 Zabuloa,
2395 4807 2442 4864 si
2471 4807 2863 4879 interpreteris,
2894 4816 2978 4862 est
3007 4805 3301 4878 fragrantia
3329 4814 3386 4861 et

1808 4900 2136 4960 benedictio.

1324 5091 1525 5147 Deinde
1555 5101 1668 5161 post
1703 5087 1894 5160 Cyrilli
1926 5083 2206 5140 nonnulla.

200 5190 540 5247 “IPPOLY'I'US
560 5209 574 5246 :
598 5189 767 5244 Πάλιν
789 5187 1115 5261 ἀποῤῥήτως
1129 5186 1230 5258 τῆς
1262 5186 1475 5257 Καινῆς
1507 5186 1702 5258 Διαθή-

147 5299 227 5355 τῆς
261 5284 364 5338 τοῦ
406 5285 659 5356 Σωτῆρος
688 5283 843 5355 ἡμῶν
867 5283 937 5337 τὰ
969 5282 1242 5353 μυστήρια
1264 5277 1501 5350 ἠγοῦμαι
1522 5278 1704 5346 διαγο-

151 5375 344 5444 ρεύειν,
379 5375 475 5429 καὶ
507 5373 715 5428 λευκοί
755 5376 809 5426 oi
851 5372 1093 5448 ὀδόντες
1126 5367 1312 5424 αὑτοῦ
1355 5367 1394 5436 ἣ
1436 5367 1610 5438 γάλα,
1645 5366 1706 5420 τὸ

149 5464 380 5540 λαμπρὸν
414 5470 509 5524 καὶ
538 5466 774 5540 καθαρὸν
809 5465 911 5536 τῆς
942 5461 1344 5536 μυστηριώδους
1371 5461 1574 5534 τροφῆς
1606 5459 1702 5530 δησέ

150 5557 273 5615 λξιῦν.
310 5563 421 5616 Καὶ
472 5562 554 5627 τὺ,
594 5560 801 5616 λευκοὶ
840 5562 894 5613 οἱ
933 5557 1176 5623 ὀδόντες
1215 5555 1400 5610 αὐτοῦ
1446 5554 1485 5623 ἢ
1523 5552 1700 5624 τάλα,

208 5660 226 5689 ¹
256 5659 392 5714 Gen.
427 5675 576 5724 ηις,
610 5659 662 5714 7.
742 5659 763 5689 ³
792 5656 981 5712 Matth.
1013 5670 1184 5722 xxvn,
1209 5654 1300 5709 9.5.

1879 5185 2075 5238 Iterum
2109 5178 2336 5251 mystice
2363 5186 2496 5250 puto
2539 5174 2676 5232 Novi
2705 5173 3036 5232 Testamenti
3081 5173 3381 5231 Salvatoris

1807 5275 1980 5332 nostri
2011 5280 2352 5331 sacramenta
2384 5271 2558 5326 innui.
2591 5268 2724 5324 Nam
2755 5269 2916 5324 verba
2949 5267 3166 5322 candidi
3199 5269 3378 5322 dentes

1805 5370 1919 5439 ejus
1952 5383 2061 5437 prie
2086 5366 2242 5433 lacte,
2274 5364 2593 5436 praeclarum
2623 5375 2928 5431 purumque
2953 5359 3008 5414 in
3039 5371 3380 5416 sacramento
3436 5437 3443 5446 .

1807 5461 1986 5516 cibum
2019 5458 2341 5529 signiﬁcant.
2378 5455 2579 5510 Eadem
2616 5469 2780 5524 porro
2808 5452 2990 5509 verba.
3021 5453 3232 5506 candidi
3257 5452 3378 5506 den-

1809 5562 1882 5606 tes
1922 5549 2037 5618 ejus
2084 5564 2194 5618 prce
2219 5547 2374 5613 lacte,
2411 5546 2466 5600 in
2517 5560 2637 5600 eam
2686 5543 3008 5599 sententiam
3057 5544 3376 5614 accipimus,

1378 5652 1400 5684 ⁸
1432 5650 1588 5707 Deut.
1613 5665 1812 5713 χχχιιι,
1847 5647 1902 5702 8.

214 5748 284 5818 (Α)
317 5750 591 5820 Ἐξέχεον
608 5751 802 5806 τοῦτο.
835 5749 961 5806 Post
981 5749 1160 5815 τοῦτο,
1185 5761 1308 5802 cum
1328 5762 1394 5804 ex
1415 5744 1685 5816 versione,

1815 5757 1842 5797 ιι
1873 5739 2109 5802 maxime
2140 5743 2497 5815 ex‘contextu
2525 5736 2738 5794 videtur
2761 5735 3028 5793 excidisse
3052 5729 3296 5807 coalita.
