3796 6194
458 223 560 284 891

1338 227 1393 282 S.
1435 217 1800 283 IllPPOL'YTi
1832 225 1980 282 OPP.
2022 225 2202 282 PARS
2230 227 2266 281 1.
2308 258 2377 268 -
2412 226 2819 284 ΕΧΕΟΕΤΙΟᾹ.
3511 237 3591 292 59%

456 358 724 422 quatenus
752 349 921 419 ipsius
946 347 1086 404 dicta
1111 349 1291 403 lumen
1320 348 1552 404 aderunt
1582 350 1649 405 iis
1676 348 1769 420 qui
1794 349 2008 405 credunt

2123 348 2489 420 λαμϐάνομεν,
2515 349 2598 402 ὅτι
2632 349 2700 403 τά
2729 350 2940 421 ῥήματα
2973 348 3127 402 αύτοῦ
3159 349 3371 418 φωτεινὰ
3407 351 3597 419 γίνονται

455 442 511 497 in
541 456 685 497 cum.

524 534 692 589 Juxta
723 551 867 589 mare
903 532 1265 587 Itabitaturum
1297 531 1538 586 Zubulon
1592 532 1720 587 dum
1755 532 1849 597 ait,
1886 531 2020 588 vici-

453 642 578 682 nam
613 625 747 680 mari
780 626 1050 696 regionem
1084 625 1185 694 ipsi
1225 624 1489 695 prmdicit,
1517 624 1739 696 etquod
1770 626 2020 695 gentibus

454 722 525 776 sit
558 718 967 790 permiscendus
996 716 1182 784 lsracl,
1234 718 1503 788 amboque
1544 717 1730 788 poruli
1762 718 1818 772 in
1848 733 2017 773 unum

452 790 665 883 gregem
698 811 1019 868 adducendi.
1051 809 1405 880 Perspicuum
1438 809 1583 864 enim
1609 808 1741 864 illud
1763 809 1817 864 in
1838 808 2017 865 Evan-

451 903 589 975 gelio
623 922 636 957 :
674 902 832 956 Terra
858 901 1117 967 Zabulou,
1148 912 1197 955 et
1219 912 1358 956 terra
1395 898 1791 972 Neplttltalim',
1814 910 1868 956 et
1898 917 2019 974 quae

450 1001 768 1061 sequuntur.
802 991 1022 1047 Plenius
1053 1009 1181 1048 vero
1224 993 1490 1063 intelliges
1535 1002 1765 1063 utraque
1813 999 2015 1048 terram

451 1091 503 1138 et
527 1098 676 1138 mare
705 1084 916 1140 abunde
955 1084 1355 1155 suppeditatum
1388 1085 1474 1139 iri.
1507 1083 1572 1137 Et
1598 1085 1706 1154 ipse
1737 1100 1883 1138 secus
1923 1100 2015 1137 ac-

386 1204 391 1209 -
448 1191 651 1230 cessum
685 1176 926 1237 navium;
959 1175 1062 1231 hoc
1088 1185 1170 1229 est
1199 1184 1458 1244 tanquam
1484 1174 1535 1229 in
1572 1182 1687 1229 tuto
1719 1184 1899 1245 portu,
1932 1190 2018 1230 re-

449 1268 631 1323 ferens
660 1267 725 1322 ad
760 1265 1033 1322 Christum
1060 1267 1172 1337 spei
1202 1266 1532 1321 firmitatem.
1557 1265 1614 1320 id
1640 1275 1820 1321 autem
1848 1266 2017 1336 signi-

448 1359 575 1413 ﬁcat
622 1358 962 1413 vocationem
1005 1374 1035 1414 e
1081 1357 1350 1428 gentibus,
1375 1357 1519 1427 quod
1564 1357 1619 1411 in
1652 1372 1867 1413 omnem
1904 1365 2015 1412 ter-

448 1466 564 1503 ram
599 1450 879 1519 mariaque
911 1449 1093 1503 omnia
1132 1448 1343 1503 exitura
1374 1447 1445 1503 sit
1476 1447 1647 1517 gratia
1671 1446 1896 1502 Christi.
1927 1448 2018 1502 Ait

448 1539 591 1594 enim
628 1548 675 1591 ct
708 1555 853 1592 secus
883 1555 1150 1593 accessum
1192 1539 1422 1605 navium,
1469 1548 1517 1592 et
1554 1539 1819 1608 pertendet
1856 1556 2017 1610 usque

449 1635 517 1685 ad
559 1631 825 1686 Sidonem.
862 1630 1017 1698 Quod
1058 1629 1275 1701 quidem
1306 1630 1371 1685 de
1407 1628 1649 1685 Ecclesia
1693 1644 1725 1685 e
1768 1633 2017 1701 gentibus

2122 442 2233 501 τοῖς
2260 439 2571 492 πιστεύουσι
2595 438 2661 493 δι’
2690 438 2870 492 αὑτοῦ.

2192 531 2488 599 Παράλιος
2528 530 2850 587 θαλασσῶν
2888 532 3252 602 κατοικήσειν
3283 551 3344 605 γε
3381 534 3487 605 μὴν
3519 537 3601 592 τόν

2121 620 2461 683 Ζαϐουλὼν,
2493 621 2592 692 τὴν
2632 622 2691 676 ἐν
2729 623 2795 693 τῇ
2829 620 3065 695 θαλάσσῃ
3099 623 3298 692 γείτονα
3330 624 3485 697 χώραν
3506 644 3604 700 προ-

2121 711 2288 779 λέγει,
2306 712 2402 765 καὶ
2424 711 2623 765 ὡσανεὶ
2645 710 2975 783 ἀναμιγῆναι
2994 714 3102 777 τοῖς
3127 712 3293 766 έθνεσι
3314 713 3395 766 τοῦ
3416 716 3603 788 Ἰσραὴλ,

2119 801 2214 856 ἆτε
2242 802 2304 876 δὴ
2343 803 2437 857 καὶ
2466 805 2543 868 είς
2573 805 2700 875 μίαν
2728 803 2959 875 ποίμνην
2989 803 3231 875 ἠγμένων
3256 805 3357 858 τῶν
3379 805 3458 858 δύο
3474 806 3601 864 λαῶν.

2117 895 2286 966 Δῆλον
2318 896 2375 949 δὲ
2416 898 2474 948 ὲν
2512 895 2588 967 τῷ
2621 896 2960 968 Εὐαγγελίῳ·
2991 896 3081 965 Γῆ
3111 897 3405 951 Ζαϐουλὼν
3439 884 3605 970 main}

2118 987 2474 1056 Νεφθαλείμ,
2510 988 2604 1041 καὶ
2632 987 2699 1040 τά
2730 987 2877 1059 ἑξῆς.
2907 987 3349 1061 Σωματικώτερον
3373 988 3423 1042 δὲ
3444 992 3608 1063 νοήσεις

2119 1077 2215 1148 τὴν
2243 1078 2581 1151 ἑκατέρωθεν
2608 1082 2710 1152 γῆς
2740 1082 2832 1135 καὶ
2861 1079 3129 1152 Θαλάσσης
3148 1083 3407 1153 χορηγίαν.
3425 1085 3515 1138 Kal
3531 1087 3611 1141 αὺ-

2117 1169 2221 1235 τὸς
2270 1171 2406 1239 παρ’
2435 1172 2620 1243 ὅρμον
2663 1172 2919 1228 πλοίωνο
2972 1172 3237 1227 τουτέστιν
3280 1175 3350 1238 ὡς
3382 1177 3432 1230 ὲν
3474 1176 3611 1248 λιμένι

2118 1261 2370 1332 ἀσφαλεῖ,
2384 1265 2639 1320 ἀνάπτων
2667 1267 2746 1329 εἰς
2774 1265 3009 1337 Χριστὸν
3032 1263 3098 1317 τὰ
3117 1266 3210 1337 τῆς
3224 1266 3416 1330 ἐλπίδος
3428 1269 3613 1339 πείσμα-

2117 1370 2205 1407 τα.
2238 1354 2400 1427 Δηλοῖ
2428 1356 2484 1409 δὲ
2513 1354 2672 1410 τοῦτο
2698 1358 2797 1427 τὴν
2831 1357 2891 1422 ἐξ
2915 1356 3083 1411 ἐθνῶν
3111 1357 3314 1429 κλῆσιν,
3336 1359 3409 1413 ὅτι
3446 1362 3512 1423 είς
3532 1361 3612 1415 πᾶ-

2119 1461 2216 1498 σαν
2244 1445 2342 1517 τὴν
2387 1447 2489 1518 γῆν
2523 1447 2617 1501 καὶ
2644 1447 2741 1520 τὴν
2772 1448 3050 1502 θάλασσαν
3091 1448 3406 1516 ἐξελεύσεται
3439 1452 3467 1522 ἡ
3493 1454 3614 1523 χάρις

2113 1532 2208 1587 τοῦ
2242 1536 2496 1607 Χριστοῦ.
2527 1537 2686 1607 Λέγει
2710 1538 2837 1611 γὰρ,
2862 1539 2965 1592 καὶ
2985 1540 3117 1609 παρ’
3136 1541 3310 1611 ὅρμον
3328 1543 3524 1614 πλοίων
3540 1544 3614 1599 καί

2118 1628 2437 1695 παρατειννεῖ
2472 1628 2584 1695 ἕως
2628 1629 3037 1697 Σιδῶνος.’⁹οτι
3082 1631 3139 1685 δὲ
3177 1634 3254 1696 εις
3285 1631 3375 1704 τὴν
3411 1630 3464 1697 ἐξ
3489 1633 3617 1686 ἐθνῶν

449 1724 563 1778 haec
622 1724 874 1794 praedicta
923 1722 1071 1786 sint,
1123 1723 1361 1778 declarat
1413 1721 1569 1777 nobis
1616 1721 2008 1795 Evangelium:

2129 1717 2449 1788 Ἐκκλησίαν
2477 1720 2632 1774 τοῦτο
2654 1723 3051 1796 προκηρύσσει,
3065 1722 3307 1796 δηλοῦται
3328 1726 3381 1778 ὲν
3399 1724 3466 1796 τῷ
3482 1726 3619 1794 Εὐαγ-

430 1814 613 1871 Τενιοα
659 1815 896 1870 Zabulon
945 1826 994 1868 et
1044 1825 1182 1869 terra
1233 1813 1609 1883 Nephtlmlim,
1659 1815 1798 1870 viam
1850 1819 2014 1871 maris

447 1920 594 1961 trans
620 1907 930 1969 Iordanem.
959 1906 1183 1961 Galiltca
1210 1907 1459 1976 gentium.
1490 1904 1724 1975 Populus
1748 1906 1929 1962 sedens
1960 1909 2013 1961 in

446 2001 666 2054 tenebris
706 2000 833 2053 vidit
884 1999 1048 2052 lucem
1096 2014 1359 2067 magnam.
1408 1996 1787 2052 Habitaturum
1835 1999 2013 2070 itaque

443 2093 642 2162 ipsum,
668 2088 906 2144 Zabulon
938 2104 1149 2159 nempe,
1167 2089 1403 2143 vicinam
1430 2089 1568 2144 mari
1594 2091 1864 2161 regionem
1887 2106 2010 2145 cum

443 2183 537 2243 ait,
563 2182 845 2251 perspicue
869 2180 922 2235 id
952 2180 1326 2245 conﬁrmavit;
1357 2180 1577 2250 perinde
1603 2196 1666 2236 ac
1693 2181 1739 2236 si
1764 2181 2013 2251 dixisset,

443 2273 692 2343 gentibus
726 2272 981 2342 deinceps
1009 2272 1329 2343 permistum
1356 2272 1472 2328 fore
1500 2272 1775 2335 lsraelem,
1798 2273 2013 2330 duobus

441 2380 635 2434 nempe
676 2362 891 2434 populis
942 2364 995 2417 in
1051 2379 1219 2417 unum
1266 2378 1479 2434 gregem
1515 2363 1878 2435 congregatis,
1909 2364 2011 2420 sub

442 2473 607 2513 manu
657 2455 818 2509 unius
869 2465 1061 2531 natura
1109 2454 1236 2509 boni
1282 2453 1543 2525 principis
1572 2463 1875 2525 pastorum,
1908 2455 2011 2512 hoc

441 2558 525 2604 est
552 2547 776 2603 Christi.
806 2546 885 2601 Illi
917 2546 1243 2602 benedicens
1272 2542 1484 2618 Moys'es
1506 2546 1642 2601 dixit
1672 2565 1685 2601 :
1717 2545 2011 2601 Lwtabitur

442 2641 744 2711 Zabulon‘;
783 2650 837 2696 et
877 2640 979 2696 sub
1010 2655 1172 2694 manu
1206 2639 1371 2695 unius
1419 2640 1476 2694 iu
1520 2638 1803 2696 sortitione
1832 2648 2008 2707 terrm,

440 2747 673 2804 utraque
722 2741 920 2803 przesto
969 2731 1043 2786 illi
1095 2729 1209 2784 fore
1258 2731 1399 2784 bona
1452 2746 1519 2785 ex
1567 2739 1710 2785 terra
1740 2730 2007 2802 marique,

443 2826 656 2899 Moyses
708 2824 1055 2896 praenuntiat.
1094 2805 1267 2877 .Secus
1318 2837 1585 2876 accessum
1629 2823 1871 2889 navium;
1911 2824 2012 2879 hoc

436 2930 519 2975 est
545 2929 602 2974 ut
626 2919 677 2972 in
706 2928 886 2987 portu,
919 2924 1033 2971 tuto
1056 2915 1333 2976 nimirum,
1365 2913 1433 2968 ad
1467 2912 1743 2968 Christum
1771 2912 2011 2971 referens

442 3012 555 3082 spei
585 3011 947 3063 ﬁrmamenta.
976 3004 1052 3060 Ex
1106 3008 1271 3059 multa
1320 3006 1467 3058 enim
1505 3005 1739 3061 evadens
1782 3005 2009 3061 ﬂuctua-

2116 1809 2279 1881 γελίφ
2332 1813 2464 1882 ἡμῖν
2492 1828 2506 1842 ⁸
2554 1810 2644 1880 Γῆ
2688 1814 3013 1868 Ζαϐουλὼν
3067 1816 3162 1870 καὶ
3209 1815 3281 1887 γῆ
3324 1816 3619 1886 Νεφθαλείμ,

2114 1900 2258 1953 ὁδὸν
2310 1900 2626 1970 θαλάσσης
2666 1903 2855 1973 πέραν
2896 1906 3008 1960 τοῦ
3041 1906 3343 1976 Ἰορδάνου,
3382 1910 3620 1962 Γαλιλαία

2111 1988 2231 2043 τῶν
2271 1990 2477 2046 ἐθνῶν.
2496 1994 2558 2046 '0
2584 1993 2734 2060 λαός
2765 1998 2797 2049 ὁ
2825 1996 3162 2067 καθήμενος
3210 2000 3277 2052 ἐν
3313 2002 3493 2055 σκότει
3531 1999 3621 2053 sitis

2112 2082 2237 2153 φῶς
2262 2084 2433 2155 μέγα.
2470 2087 2828 2158 Κατοικήσειν
2857 2106 2921 2157 γε
2968 2091 3080 2163 μὴν
3126 2090 3299 2158 αύτδν,
3332 2092 3436 2164 ἦτοι
3464 2092 3624 2146 Ζαϐου-

2113 2171 2238 2239 λὼν,
2272 2174 2370 2247 τὴν
2403 2179 2469 2248 τῇ
2509 2177 2752 2252 θαλάσσῃ
2802 2180 3023 2248 γείτονα
3075 2181 3272 2255 χώραν,
3319 2183 3621 2239 διεϐεϐαιοῦτο

2111 2267 2317 2336 σαφῶς,
2353 2269 2630 2335 οἱονείπως
2660 2271 2841 2325 ἐκεῖνα
2876 2271 3076 2342 λέγων,
3104 2276 3181 2328 ὅτι
3215 2279 3321 2340 τοῖς
3343 2277 3497 2330 ἔθνεσι
3523 2278 3622 2332 ἁνα-

2116 2357 2208 2429 μ“ιξ
2252 2358 2403 2414 ἔσται
2453 2360 2637 2414 λοιπὸν
2675 2364 2704 2415 ὁ
2740 2364 2989 2436 Ἰσραήλ·
3031 2366 3128 2420 ἆτε
3175 2366 3238 2439 δὴ
3287 2369 3374 2422 καὶ
3412 2371 3481 2433 είς
3524 2370 3622 2440 μίαν

2113 2451 2346 2522 ποίμνην
2396 2453 2747 2524 συνηγμένων
2795 2454 2903 2509 τῶν
2946 2455 3045 2511 δύο
3075 2458 3236 2525 λαῶν,
3281 2462 3369 2514 καὶ
3394 2460 3484 2514 ὑπὸ
3506 2463 3622 2532 χεῖρα

2110 2544 2208 2616 τὴν
2240 2543 2357 2608 eve;
2388 2544 2483 2623 τοῦ
2519 2547 2658 2601 κατὰ
2690 2546 2850 2617 φύσιν
2882 2550 3095 2619 ἀγαθοῦ
3126 2555 3393 2623 γεγονότος
3423 2556 3621 2627 ἀρχιπυι-

2115 2635 2293 2707 μένος,
2321 2638 2561 2691 τουτέστι
2603 2638 2858 2711 Χριστοῦ.
2887 2640 3092 2697 Τοῦτον
3119 2646 3345 2716 εὐλογῶν
3380 2649 3408 2700 ὁ
3433 2646 3622 2716 Μωῦσῆς

2110 2721 2295 2780 εἶπεν·
2340 2730 2838 2800 Εὐφρανθήσεται
2873 2735 3219 2804 Ζαϐουλὼν,
3250 2738 3338 2793 καὶ
3375 2738 3467 2792 ὑπὸ
3504 2740 3622 2809 χεῖρα

2110 2817 2209 2891 τὴν
2243 2818 2360 2884 ἐνὸς
2395 2824 2452 2875 ὲν
2490 2825 2555 2895 τῇ
2590 2825 2738 2897 λήξει
2772 2827 2871 2899 τῆς
2904 2829 3010 2899 γῆς
3050 2830 3147 2903 τὴν
3180 2830 3487 2904 ἑκατέρωθεν
3514 2830 3627 2900 ἔχειν

2110 2913 2393 2985 χορηγίαν,
2427 2914 2592 2970 τῶνδε
2622 2920 2686 2971 ἐκ
2712 2920 2816 2990 γῆς
2845 2920 2938 2974 καὶ
2967 2921 3244 2994 θαλάσσης
3272 2920 3477 2975 καλῶνὸ
3497 2922 3621 2975 Muti-

2113 3007 2212 3077 σῆς
2246 3007 2596 3079 προφητεύει.
2633 3011 2774 3079 Hap'
2805 3011 2991 3081 ὅρμον
3015 3014 3263 3078 πλοίων,
3288 3014 3546 3073 τουτέστιν,
3568 3012 3622 3073 ὡς

436 3102 599 3165 tione,
631 3117 725 3171 per
759 3100 901 3153 illius
940 3098 1167 3167 gratiam
1207 3097 1437 3166 appellet
1463 3096 1716 3166 deinceps
1749 3107 2002 3165 tanquam

2112 3101 2169 3151 ἐν
2196 3099 2374 3171 λιμένι
2418 3100 2579 3171 τυχὸν
2612 3103 2861 3172 ἀσφαλεῖ,
2902 3107 2996 3159 καὶ
3032 3109 3113 3172 είς
3154 3106 3382 3181 Χριστὸν
3422 3106 3624 3161 ἀνάπτων

436 3199 489 3251 in
522 3205 677 3264 portu
716 3210 899 3249 naves.
932 3191 1106 3246 Etiam
1130 3191 1422 3261 pertingere
1452 3191 1529 3244 ait
1557 3189 1621 3243 ad
1648 3190 1818 3260 ipsum
1844 3206 2004 3259 usque

2111 3187 2208 3257 τῆς
2252 3187 2463 3253 ἐλπίδος
2496 3189 2562 3243 τά
2593 3192 2886 3264 πείσματα.
2906 3195 3002 3248 Ἐκ
3032 3196 3236 3269 πολλῆς
3261 3198 3365 3271 γὰρ
3389 3195 3626 3266 ἀποφοιτή-

434 3288 682 3345 3ἱιιοιιεηι
725 3302 743 3340 :
785 3284 1115 3357 significans,
1158 3291 1215 3336 ut
1259 3282 1490 3347 videtur,
1535 3281 1679 3351 quod
1723 3288 1867 3334 tanta
1917 3280 2005 3334 liet

2111 3296 2207 3343 σας
2236 3279 2402 3352 ζάλης
2428 3284 2817 3357 ὁρμισθήσεται
2842 3286 3023 3342 λοιπὸν
3055 3288 3126 3363 τῇ
3158 3292 3287 3363 παρ’
3311 3290 3448 3361 αὐτῷ
3470 3289 3627 3360 χάριτι,

433 3382 666 3437 duorum
696 3378 910 3434 illorum
943 3377 1264 3449 populorum
1301 3374 1429 3430 unio
1456 3389 1550 3444 per
1574 3388 1799 3429 cursum
1832 3370 2003 3443 Spiri-

2111 3371 2359 3445 καθάπερ
2389 3374 2580 3445 ἀμέλει
2614 3377 2707 3430 καὶ
2752 3379 2808 3431 ὲν
2848 3378 3069 3451 λιμέσιν
3108 3383 3348 3448 ὁλκάδες.
3376 3383 3474 3437 Καὶ
3490 3379 3625 3450 μέχρι

436 3485 553 3539 tus,
615 3482 674 3527 ut
726 3487 791 3526 ex
840 3470 1103 3540 sanguine
1150 3467 1361 3522 lsraclis
1420 3465 1683 3535 procreati
1730 3465 1893 3519 etiam
1937 3464 2006 3519 ad

2111 3458 2161 3516 δὲ
2189 3464 2355 3537 αὐτῆς
2381 3469 2838 3535 παρατείνεσθαι
2868 3473 2966 3544 τῆς
2989 3475 3255 3545 Σιδῶνος
3277 3471 3446 3530 εἶπενο
3472 3473 3627 3542 ὑποδη-

434 3566 579 3636 ipsas
628 3563 878 3619 civitates
923 3560 1161 3630 gentium
1217 3558 1583 3621 exscendant,
1637 3572 1758 3628 qua:
1809 3571 2004 3628 magna

2111 3555 2233 3619 λῶν,
2264 3557 2338 3621 ὡς
2370 3558 2565 3624 ἔοικεν,
2591 3561 2672 3615 ὄτι
2705 3563 2941 3637 τοσαύτη
2969 3568 3309 3638 προσένωσις
3339 3572 3399 3640 τῇ
3435 3569 3628 3635 Πνευμα-

432 3658 589 3727 culpa
614 3664 667 3710 et
694 3652 1074 3707 criminatione
1104 3659 1337 3721 gravatm
1362 3648 1575 3704 fuerant
1602 3649 1745 3719 apud
1776 3646 1963 3703 Deum.

2111 3652 2233 3721 τικῇ
2263 3649 2435 3723 δρομῇ
2470 3651 2577 3705 τῶν
2610 3652 2701 3707 δύο
2732 3657 3015 3727 γενήσεται
3039 3657 3211 3725 λαῶν,
3243 3660 3317 3725 ὡς
3347 3659 3461 3723 τοὺς
3488 3656 3535 3723 ἐξ
3559 3654 3627 3709 αἶ-

434 3770 603 3824 ματος
631 3748 846 3822 Ἰσραὴλ
871 3748 963 3803 καὶ
996 3747 1167 3811 αὐτάς
1204 3746 1471 3818 ἐκπλῆσαι
1507 3746 1604 3810 τὰς
1634 3745 1816 3810 πόλεις
1861 3744 1959 3810 τὰς
1983 3744 2041 3799 ὲν
2073 3745 2239 3817 πολλῇ
2288 3748 2438 3819 παρὰ
2469 3748 2546 3819 τῷ
2588 3748 2706 3821 Θεῷ
2735 3752 3109 3823 γεγενημένας
3140 3753 3285 3826 αξτίᾳ
3314 3755 3401 3809 καὶ
3434 3749 3624 3819 διαβολῇ,

1729 3887 1858 3944 Post
1888 3888 2078 3959 Cyrilli
2106 3888 2361 3944 nonnulla
2383 3906 2404 3944 :

500 4014 571 4069 Et
626 4026 820 4072 terram
879 4015 1003 4087 quia
1050 3994 1285 4083 pinguis.
1325 4010 1437 4066 Hoc
1492 4019 1575 4066 est
1618 4026 1747 4065 caro
1789 4008 2001 4065 Domini

2184 4009 2521 4068 levnu'ws
2556 4033 2570 4067 :
2603 4013 2714 4067 Καὶ
2743 4013 2857 4082 τὴν
2893 4014 3010 4085 γῆν
3039 4016 3132 4072 ὅτι
3160 4019 3498 4089 πι⁹ων.”οπερ
3515 4011 3629 4068 ἐστὶν

426 4110 620 4164 nostri.
662 4109 906 4182 Pinguis,
954 4111 1059 4164 hoc
1091 4118 1173 4163 est
1215 4106 1517 4170 abundans,
1569 4106 1723 4159 melle
1767 4119 1829 4159 ac
1866 4105 2002 4158 lacte

2111 4104 2139 4173 ἡ
2174 4102 2310 4175 σὰρξ
2332 4104 2423 4158 τοῦ
2449 4106 2654 4176 Κυρίου
2681 4106 2856 4177 ἡμῶν.
2873 4108 2934 4160 Ἠ
2963 4108 3137 4172 πίων,
3160 4112 3425 4165 τουτέστιν
3448 4112 3478 4179 ἡ
3502 4108 3626 4160 λιπα-

426 4201 620 4257 ﬂuens.
654 4202 931 4258 Destinata
960 4201 1061 4271 ipsi
1108 4201 1162 4254 in
1203 4197 1569 4253 haereditatem
1607 4213 1671 4251 ac
1699 4198 1999 4267 possessio—

2106 4194 2195 4264 ρά·
2228 4194 2364 4267 αὕτη
2418 4199 2532 4268 γάρ
2577 4200 2610 4269 ἡ
2658 4200 2853 4270 ῥέουσα
2901 4200 3022 4272 μέλι
3068 4204 3165 4257 καὶ
3207 4204 3364 4273 γάλα.
3394 4200 3500 4254 Τῶν
3520 4200 3625 4267 ἀφο-

427 4306 550 4349 nem
598 4293 716 4348 loca
764 4301 943 4358 terrae,
974 4292 1077 4346 hoc
1126 4300 1210 4346 est
1251 4289 1511 4344 doctrinae
1558 4287 1810 4355 Domini;
1854 4287 1994 4341 bona

2111 4286 2394 4357 ρισθέντων
2427 4289 2575 4361 αύτῷ
2605 4292 2662 4343 έν
2698 4291 2854 4364 μέρει
2883 4293 3267 4369 κληρονομίας,
3309 4297 3398 4350 καὶ
3428 4296 3627 4365 κτήσεως

429 4386 587 4440 etiam
622 4386 734 4437 haec
759 4385 994 4453 requies,
1021 4390 1080 4436 ut
1108 4384 1222 4451 ipse
1247 4382 1322 4435 ait
1348 4399 1360 4434 :
1397 4378 1573 4434 Vertite
1599 4381 1666 4432 ad
1693 4396 1793 4445 me,
1817 4394 1993 4432 omnes

2111 4378 2279 4432 τόπων
2311 4379 2434 4450 γῆς,
2468 4381 2743 4435 τουτέστιν
2786 4383 2883 4454 τῆς
2927 4385 3276 4451 διδασκαλίας
3304 4386 3394 4441 τοῦ
3422 4383 3622 4456 Κυρίοψ

429 4479 517 4547 qui
554 4475 806 4530 laboratis
858 4484 907 4528 ct
955 4475 1159 4528 onerati
1201 4475 1326 4527 estis
1346 4473 1389 4538 ⁷,
1431 4481 1636 4543 etquae
1673 4479 1993 4539 sequuntur.

431 4563 705 4634 Siquidem
758 4573 1023 4632 praecepta
1066 4562 1448 4629 custodientes,
1480 4577 1580 4616 nec
1625 4562 1997 4616 renuntiantes

430 4654 563 4726 legis
587 4654 1088 4721 constitutionibus,
1114 4665 1167 4710 et
1199 4656 1254 4708 in
1282 4654 1387 4708 illis
1412 4662 1467 4708 et
1496 4654 1549 4707 in
1581 4652 1795 4708 Domini
1822 4652 1994 4707 nostri

428 4745 671 4802 doctrina
706 4745 1052 4814 requiescunt
1085 4764 1102 4799 :
1128 4745 1269 4813 quod
1304 4755 1387 4799 est
1412 4746 1549 4798 inter
1576 4743 1771 4797 medios
1806 4741 1992 4796 cteros.

426 4838 580 4896 Sicut
606 4838 734 4893 dicit
765 4837 1029 4893 Dominus
1056 4857 1069 4892 :
1101 4835 1218 4890 Non
1249 4838 1363 4892 veni
1388 4836 1582 4892 solvere
1605 4837 1766 4907 legem
1793 4851 1853 4888 ac
1876 4850 2002 4904 pro-

429 4933 633 5004 phetas,
650 4932 738 4986 sed
761 4930 1026 5001 implere".
1045 4929 1178 4984 Nam
1207 4941 1261 4985 et
1286 4930 1551 4985 Dominus
1578 4939 1759 4984 noster
1787 4943 1991 4998 praece-

430 5032 521 5094 pta
549 5022 683 5091 legis
710 5020 996 5086 servando,
1038 5036 1142 5075 non
1188 5019 1433 5075 dissolvit
1471 5019 1640 5089 legem
1669 5027 1724 5073 et
1759 5019 1991 5088 prophe-

432 5124 536 5175 tas,
571 5116 664 5168 sed
696 5113 900 5183 implet,
931 5122 989 5166 ut
1014 5112 1086 5165 ait
1119 5113 1171 5165 in
1199 5109 1527 5180 Evangeliis.

2097 4471 2402 4535 ἀνάπαυσις
2429 4473 2539 4545 γὰρ
2569 4472 2705 4547 αὕτη
2736 4476 2895 4547 καλὴ,
2930 4477 3114 4542 καθὼς
3160 4481 3254 4533 καὶ
3297 4468 3449 4541 αύτδς
3481 4477 3625 4542 λέγει*

2097 4562 2273 4617 Δεῦτε
2300 4563 2449 4631 πρὸς
2478 4566 2557 4634 μὲ
2595 4565 2816 4633 πάντες
2858 4571 2913 4622 οι
2944 4570 3291 4639 κοπιῶντες,
3331 4573 3422 4626 καὶ
3449 4581 3627 4638 πεφορ-

2057 4686 2061 4691 -
2096 4654 2381 4725 τισμένοι,
2413 4658 2506 4711 καὶ
2532 4657 2598 4712 τὰ
2620 4656 2764 4729 ἑξῆς.
2785 4660 3000 4735 Ἐπειδὴ
3030 4664 3081 4716 οἱ
3097 4665 3197 4730 τὰς
3216 4665 3429 4728 ἐντολὰς
3456 4661 3625 4733 φυλάσ-

2098 4762 2300 4813 σοντες,
2332 4747 2432 4801 ούκ
2463 4748 2867 4821 ἀποταξάμενοιν
2882 4756 2993 4817 τοῖς
3019 4760 3263 4826 νομικοῖς
3292 4755 3625 4826 διατάγμασιν.

2099 4840 2537 4895 ὲπαναπαύονται
2585 4843 2677 4895 καὶ
2723 4844 2808 4896 ἐπ’
2843 4845 3025 4904 αὐτοῖς
3057 4848 3150 4900 καὶ
3204 4851 3269 4920 τῇ
3322 4848 3409 4902 τοῦ
3458 4844 3624 4917 Κυρίου

2100 4931 2253 5003 ημῶν
2278 4932 2619 5005 διδασκαλία·
2655 4934 2792 5008 ὅπερ
2828 4937 2975 4991 ἐστὶν
3006 4938 3123 4993 ἀνὰ
3149 4940 3344 5009 μέσον
3374 4940 3482 4994 τῶν
3508 4933 3625 5001 ulti-
3732 4998 3733 5003 η

2088 5039 2244 5090 ,οων⁸
2282 5022 2467 5087 καθὼς
2512 5026 2541 5077 ὁ
2589 5025 2794 5098 Κύριος
2818 5028 3003 5098 λέγει·
3041 5033 3161 5085 Οὐκ
3194 5028 3381 5103 ἦλθον
3408 5023 3626 5086 καταλῦ-

2094 5127 2196 5166 σαι
2227 5114 2337 5170 τὸν
2360 5119 2547 5189 νόμον
2577 5119 2677 5172 καὶ
2708 5119 2850 5186 τοὺς
2881 5121 3208 5190 προφήτας,
3240 5122 3398 5179 ἀλλὰ
3425 5115 3649 5187 κληρὸμ⁶

425 5220 552 5262 σαι.
584 5208 693 5262 Καὶ
718 5209 825 5280 γὰρ
851 5208 880 5260 ὁ
910 5205 1112 5278 Κύριος
1147 5204 1303 5275 ἡμῶν
1342 5206 1398 5257 ἒν
1427 5203 1505 5274 τῷ
1535 5204 1633 5264 τὰς
1662 5202 1885 5266 ἐντολὰς
1915 5203 2210 5272 φυλάσσειν
2239 5212 2299 5264 οὐ
2336 5213 2596 5267 καταλύει
2622 5213 2713 5269 τὸν
2740 5214 2901 5286 νόμον
2926 5216 3022 5272 καὶ
3053 5220 3176 5282 τοὺς
3198 5220 3491 5291 προφήτας,
3515 5210 3624 5270 ἀλλὰ

427 5297 643 5372 πληροῖ,
674 5299 854 5364 καθὼς
877 5301 933 5352 ὲν
959 5297 1310 5367 Εύαγγελίοις
1335 5297 1518 5368 φησίν.

414 5398 419 5405 ’
498 5392 782 5467 Supposuit
828 5398 1097 5452 humerum
1141 5411 1292 5450 suum
1338 5394 1407 5448 ad
1440 5393 1807 5459 laborandum,
1832 5404 1883 5448 et
1912 5394 1989 5465 fa-

424 5499 539 5544 ctus
578 5501 653 5542 est
687 5491 766 5543 vir
790 5490 1041 5560 agricola.
1090 5487 1203 5545 Hoc
1242 5487 1484 5544 fecerunt
1514 5487 1781 5556 apostoli;
1830 5504 1986 5544 acce-

2170 5395 2455 5464 Ὗπέθηκε
2496 5396 2606 5451 τὸν
2651 5391 2810 5467 ὦμον
2859 5400 3045 5456 αὐτοῦ
3074 5404 3161 5469 εἰς
3188 5401 3257 5455 τὸ
3288 5399 3504 5465 πονεῖν,
3544 5387 3624 5448 καὶ

2092 5486 2344 5560 ἐγενήθη
2386 5487 2540 5557 ἀνὴρ
2573 5493 3028 5568 γεωργός.⁹⁹οπερ
3060 5494 3316 5566 ἐποίησαν
3345 5495 3393 5548 ei
3425 5488 3621 5547 ἀπόστοδ
3732 5556 3733 5559 η

494 5671 519 5707 ⁸
554 5671 739 5730 Matth.
770 5691 847 5744 tv,
882 5676 965 5748 15,
1000 5678 1083 5736 16.
1160 5681 1181 5712 ⁸
1220 5679 1374 5737 Deut.
1410 5696 1599 5749 xxxm,
1634 5681 1718 5736 l8.
1795 5682 1811 5695 '
1855 5677 2041 5735 Matth.
2072 5693 2149 5746 XI,
2180 5676 2268 5732 23.
2346 5679 2366 5712 ⁸
2394 5677 2578 5734 Matth.
2617 5693 2669 5746 ν,
2706 5677 2789 5734 17.
