3814 6198
119 325 212 384 593

1293 325 1712 383 FRAGMENTA
1753 326 1822 381 IN
1857 325 2172 384 GENESIN.

3265 327 3369 384 5M

120 451 198 504 λοι
227 448 477 513 λαϐόντες
506 450 605 523 τὴν
639 450 868 523 δύναμιν
902 451 1050 525 παρά
1081 452 1237 516 Θεοῦ,
1272 454 1366 510 καὶ
1399 454 1685 517 ὑποθέντες
1714 460 1738 516 Α

1802 466 1987 525 otaque
2016 471 2046 511 a
2076 454 2184 510 Deo
2224 454 2474 511 facultate
2508 470 2565 510 se
2600 454 2751 527 ipsos
2778 454 2948 509 labori
2983 450 3368 518 subdiderunt,

124 544 339 606 ἑαυτοὺς
379 544 456 606 είς
486 544 550 596 τὸ
592 548 794 607 πονεῖν,
823 544 1158 616 ἐγενήθησαν
1188 547 1423 619 γεωργοὶ
1448 548 1543 600 τοῦ
1574 548 1686 600 Κυ-

126 636 227 706 ρίου
256 636 623 706 ἐργασάμενοι
650 636 752 708 τὴν
782 637 909 708 γῆν,
938 638 1183 692 τουτέστι
1209 639 1309 711 τὴν
1340 639 1691 711 ἀνθρωπότη-

122 743 198 791 τα,
218 727 303 780 διὰ
333 725 434 779 τοῦ
469 727 827 800 κηρύγματος
855 728 950 783 τοῦ
984 731 1190 802 Κυρίου
1223 730 1397 801 ἡμῶν.

174 816 292 870 Δάν
316 818 517 886 κρινεῖ
540 818 647 872 τὸν
672 820 830 874 λαὸν
849 821 1037 875 αὐτοῦ
1061 822 1203 876 ὡσεὶ
1244 823 1342 877 καὶ
1378 823 1487 892 μία
1525 822 1691 892 φυλὴ

115 909 172 961 ἐν
207 908 473 976 Ἰσραήλ.
522 911 632 965 Kal
699 909 1006 981 γενηθήτω
1046 913 1164 965 Δὰν
1220 912 1354 980 ὄφις
1381 911 1474 981 ἐφ’
1507 912 1650 966 ὁδοῦ
1677 956 1692 979 ,

112 998 517 1069 ἐγκαθήμενος
542 1002 639 1056 ἐπὶ
667 1003 888 1070 τρίϐου,
917 1001 1155 1056 δάκνων
1179 1003 1445 1074 πτέρναν
1480 1004 1688 1059 ἵππου·

113 1092 197 1145 καὶ
235 1093 520 1148 πεσεῖται
562 1097 596 1147 ὁ
640 1093 858 1161 ἱππεὺς
885 1097 974 1161 εις
1000 1094 1074 1148 τὰ
1109 1096 1319 1159 ὀπίσω,
1347 1097 1464 1164 τὴν
1506 1110 1696 1163 σωτη-

105 1185 234 1252 ρίαν
274 1184 620 1254 περιμένων
650 1187 888 1254 Κυρίου.
917 1185 1063 1249 Γὰδ,
1092 1186 1472 1256 πειρατήριον
1497 1205 1696 1257 πειρα-

112 1277 299 1329 τεύσει
335 1279 531 1331 αὐτόν
552 1295 566 1308 ·
594 1279 777 1344 αὐτὸς
817 1275 886 1330 δὲ
918 1280 1288 1346 πειρατεύσει
1323 1279 1510 1333 αὑτὸν
1548 1280 1697 1336 κατὰ

112 1366 313 1434 :téd‘ac.
332 1368 541 1438 Ἀσὴρ,
571 1371 724 1424 πίων
746 1372 932 1426 αὐτοῦ
966 1374 998 1425 ό
1021 1369 1217 1439 ἄρτος,
1246 1372 1343 1426 καὶ
1380 1371 1562 1441 αὐτὸς
1592 1372 1700 1426 δὼ-

110 1474 193 1515 σει
223 1461 477 1532 τρυφὴν
501 1462 780 1533 ἄρχουσι.

1790 558 1844 603 et
1889 548 2016 603 facti
2065 556 2194 603 sunt
2239 548 2491 618 agricolae
2517 547 2753 611 Domini,
2795 556 3127 616 terramque,
3159 544 3263 598 hoc
3287 552 3372 598 est

1793 640 2093 695 humanum
2122 657 2314 712 genus,
2343 643 2697 697 excolucrunt
2726 642 3111 711 praedicatione
3154 637 3372 693 Domini

1794 732 1990 787 nostri.
2518 733 2525 743 '

1796 854 1801 859 ι
1869 822 2067 881 Genes.
2098 840 2246 889 xux,
2278 824 2442 881 16-20
2472 844 2485 880 :
2518 825 2635 879 Dan
2652 824 2918 895 judicabit
2946 822 3196 894 populum
3219 837 3373 876 suum

1803 925 2051 987 tanquam
2076 925 2125 971 et
2157 933 2263 971 una
2292 917 2459 972 tribus
2490 915 2681 973 Israel.
2714 917 2782 971 Et
2807 916 2903 987 ﬁat
2932 916 3052 970 Dan
3083 930 3290 984 serpens
3315 915 3373 967 in

1798 1010 1908 1073 ria,
1944 1010 2125 1066 sedens
2164 1009 2220 1063 in
2267 1010 2475 1075 semita,
2516 1009 2757 1064 mordens
2798 1014 3101 1064 calcaneum
3143 1010 3294 1080 equi;
3323 1018 3371 1062 et

1801 1099 1952 1152 cadet
1983 1115 2134 1169 eques
2162 1108 2489 1164 'retrorsum,
2532 1101 2754 1157 salutem
2781 1110 3083 1171 exspectans
3135 1098 3369 1153 Domini.

1803 1190 1943 1258 Gud,
1973 1191 2118 1246 sedes
2156 1193 2451 1262 piratarum
2475 1193 2805 1262 pra’dabimr
2830 1209 2948 1248 eum
2982 1208 2998 1246 :
3024 1202 3073 1245 et
3103 1193 3211 1261 ipse
3237 1208 3373 1260 prte-

1801 1282 2014 1335 dabilur
2037 1298 2150 1350 eam
2183 1298 2329 1335 secus
2357 1282 2529 1350 pedes.
2561 1283 2945 1355 Aser,.pinguis
2967 1282 3078 1351 ejus
3106 1282 3256 1351 punis
3273 1298 3292 1345 ;
3322 1291 3370 1335 et

1802 1377 1910 1445 ipse
1941 1374 2088 1428 dabit
2122 1368 2336 1428 delicias
2362 1376 2702 1445 principibus.

1003 1562 1132 1619 Post
1168 1563 1420 1617 nonnulla
1448 1578 1512 1616 ex
1541 1561 1765 1633 Cyrillo,
1798 1561 2096 1632 Apollinari
2122 1571 2171 1615 et
2208 1560 2477 1615 Diodoro:

171 1675 533 1735 “IPPOLYTUS
566 1699 580 1734 :
611 1681 876 1752 Δηλοῦται
922 1686 1053 1756 ἡμῖν
1102 1679 1243 1739 εἶναι
1290 1682 1487 1746 ἱππεὺς
1531 1684 1559 1735 ὁ
1592 1681 1706 1737 Κύ-

1874 1680 2127 1735 lnnuitur
2153 1680 2311 1735 nobis
2355 1695 2450 1749 per
2476 1679 2710 1751 equitem
2742 1677 3026 1743 Dominus,
3063 1693 3156 1747 per
3196 1677 3374 1733 calca-

113 1786 223 1843 ριος
247 1788 262 1801 ·
300 1771 517 1843 πτέρνα
563 1771 640 1839 δὲ,
667 1773 751 1826 ὅτι
785 1774 921 1847 πρὸς
973 1774 1199 1848 ἔσχατον
1228 1775 1334 1831 τῶν
1370 1774 1596 1847 καιρῶν.
1633 1774 1706 1828 Τδ

1802 1789 1964 1828 neum
2023 1780 2263 1827 extrema
2318 1769 2848 1841 temporum._Quod
2907 1768 3083 1834 cadet,
3142 1778 3373 1823 mortem

110 1862 157 1916 δὲ
185 1864 274 1916 ὅτι
308 1867 588 1930 πεσεῖται,
623 1866 714 1919 τὸν
739 1866 965 1921 θάνατον
993 1868 1156 1922 αὐτοῦ
1188 1867 1356 1939 δηλοῖ,
1391 1865 1570 1931 καθὼς
1605 1867 1700 1937 γέ-

1802 1867 1920 1937 ejus
1946 1866 2250 1935 significat;
2299 1866 2442 1920 sicut
2474 1863 2740 1934 scriptum
2776 1863 2831 1916 in
2867 1856 3158 1930 Evangelio
3195 1881 3206 1915 :
3240 1860 3374 1914 Ecce

111 1971 355 2023 γραπται
389 1956 450 2008 ἐν
482 1954 559 2026 τῷ
595 1956 940 2029 Εύαγγελίῳ”
986 1958 1139 2012 Ἰδοὺ
1186 1955 1363 2026 οὗτος
1396 1958 1580 2013 κεῖται
1614 1962 1701 2026 εὶς
1734 1945 1738 1991 ί

1802 1960 2004 2029 positus
2049 1967 2127 2011 est
2167 1957 2251 2010 hic
2295 1957 2349 2010 in
2383 1973 2564 2010 casum
2609 1965 2658 2010 et
2707 1954 3132 2010 resurrectionem
3175 1952 3375 2006 multo-

108 2045 343 2101 πτῶσιν
395 2048 497 2102 καὶ
545 2048 886 2104 ἀνάστασιν
923 2051 1185 2106 πολλῶν.
1220 2051 1579 2124 Λαμὸάνομεν
1611 2053 1700 2106 τὸν

112 2141 378 2212 πειρατὴν
409 2141 505 2194 τὸν
540 2140 821 2195 ἐπίϐουλον
842 2161 854 2173 -
902 2131 1073 2207 οὐδεὶς
1118 2144 1174 2197 δὲ
1224 2143 1381 2208 ἄλλος
1423 2143 1703 2209 ἐπίϐουλος

111 2231 327 2299 ἐγένετο
371 2232 468 2286 τοῦ
511 2233 740 2305 Κυρίου,
783 2234 814 2305 ἢ
845 2237 872 2288 ὁ
903 2234 1052 2298 λαός.
1091 2239 1491 2305 Πειρατεύσει,
1518 2237 1701 2292 τουτέο

111 2338 225 2375 στιν
254 2323 640 2379 ἐπιϐουλεύσει
669 2326 835 2398 αὐτῷ.
862 2327 1022 2381 Κατὰ
1049 2329 1239 2395 πόδας
1258 2348 1272 2360 ·
1293 2330 1543 2402 δηλοῦται
1571 2332 1700 2404 ἡμῖν

112 2414 466 2486 ήάντῐληψις
500 2420 532 2489 ἡ
570 2417 720 2491 παρά
753 2418 845 2472 τοῦ
874 2421 1081 2493 Κυρίου
1112 2424 1222 2485 τοῖς
1254 2421 1700 2477 ἐπιϐουλεύσασιν

114 2505 275 2576 αύτῷ.
314 2508 393 2561 Τὸ
438 2508 496 2562 δὲ
535 2511 687 2565 κατά
718 2512 928 2578 πόδας,
964 2514 1136 2593 ὅτιοὲν
1170 2515 1320 2585 τάχει
1356 2517 1570 2588 ποιήσει
1605 2517 1701 2588 τὴν

111 2599 391 2671 ἐκδίκησιν
433 2602 466 2654 ὁ
510 2604 732 2676 Κύριος.
769 2606 964 2670 Καλῶς
1004 2607 1390 2681 ὁπλισθήσεται
1424 2610 1514 2663 τὸν
1545 2610 1699 2675 πόδα,

114 2692 275 2745 καὶτὸ
289 2695 601 2766 εὑρημένον
626 2701 975 2770 πειρατήριον
1008 2700 1355 2771 πειρατεύσει
1376 2703 1696 2756 αὑτόν.-Α.

109 2781 384 2852 ἐΰζωνος
420 2786 747 2855 εὺζὶυνήσει
772 2791 979 2855 αὑτὸν,
1016 2792 1133 2845 ἀντὶ
1166 2793 1258 2847 τοῦ
1297 2792 1518 2858 ἔνοπλος
1561 2795 1701 2867 ἀνὴρ

110 2872 213 2924 καὶ
237 2872 539 2946 πολεμικὸς
565 2878 838 2933 ὲνοπλίσει
881 2880 1062 2941 αὐτόν,
1100 2882 1211 2936 Καὶ
1254 2883 1550 2953 ὀπλιστὴς
1595 2887 1703 2938 τὸν

110 2963 266 3017 πόδα
288 2966 471 3022 ἔσται
490 2986 503 2998 ·
534 2969 737 3040 μᾶλλον
768 2973 923 3027 τοῦτο
949 2972 1089 3028 θέλει
1115 2977 1309 3040 εἰπεῖν,
1343 2975 1563 3041 ἔνοπλος
1595 2977 1703 3032 Γὰδ

108 3058 343 3112 κατόπιν
369 3060 485 3114 τῶν
516 3062 761 3132 ἀδελφῶν
786 3064 953 3120 αὑτοῦ
985 3066 1358 3140 ἀκολουθήσει.
1398 3070 1514 3124 Κᾶν
1541 3070 1649 3141 γὰρ
1672 3073 1702 3125 ὁ

112 3150 310 3221 κλῆρος
345 3152 518 3207 αὑτοῦ
546 3155 718 3227 πέραν
745 3152 812 3228 ἦν
850 3158 1135 3230 Ἰορδάνου,
1164 3161 1277 3214 ἀλλ’
1304 3158 1396 3216 οὖν
1428 3160 1700 3236 ἑτάγησαν

116 3244 579 3317 συνακολουθῆσαι
612 3251 725 3313 τοῖς
755 3249 1002 3321 ἀδελφοῖς
1032 3252 1212 3307 αὐτῶν
1244 3253 1477 3322 ἔνοπλοι,
1506 3256 1613 3320 ἕως
1637 3248 1698 3310 οὗ

113 3330 319 3388 λὰὅωσι
355 3337 601 3391 κάκεῖνοι
630 3340 756 3403 τοὺς
789 3342 995 3396 ἑαυτῶν
1028 3344 1356 3417 κλήρους.”Η
1386 3347 1525 3419 τάχα
1547 3348 1701 3403 τοῦτο

114 3422 279 3492 εἶπεν,
307 3430 394 3482 ὅτι
426 3428 707 3504 λῃστρικῷ
734 3434 918 3506 τρόπῳ
951 3435 1170 3507 ἔμελλον
1203 3439 1301 3508 ζῇν
1340 3441 1388 3493 ol
1438 3441 1566 3513 περὶ
1609 3441 1698 3495 τὸν

113 3517 151 3573 Γ
152 3521 245 3575 ἀδ-
296 3524 398 3575 καὶ
433 3521 688 3594 σύστημα
718 3525 951 3598 λῃστῶν,
981 3530 1010 3583 ὃ
1048 3532 1162 3584 ἐστι
1202 3534 1572 3605 πειρατήριον,
1605 3531 1701 3586 λα-

1804 2054 1975 2105 rum’.
2042 2049 2279 2104 Piratam
2342 2064 2440 2120 pro
2500 2042 2819 2104 insidiatore
2881 2047 3181 2117 accipimus
3225 2063 3237 2098 :
3276 2058 3376 2099 nec

1802 2144 2091 2213 quisquam
2127 2144 2266 2199 alius
2306 2142 2591 2199 insidiator
2621 2140 2835 2197 Domini
2868 2140 2988 2205 fuit,
3018 2155 3181 2209 quam
3211 2152 3378 2207 popu-

1802 2236 1887 2292 lus
1932 2234 2266 2292 Judaeornm.
2318 2233 2693 2303 Praedabitur,
2735 2236 2840 2290 hoc
2888 2244 2974 2289 est
3028 2232 3376 2290 insidiabitur

1788 2314 1898 2399 "illi.
1936 2327 2096 2385 Secus
2142 2328 2316 2400 pedes,
2350 2327 2875 2397 significaturnobis
2901 2329 3162 2383 auxilium
3206 2341 3237 2380 a
3272 2324 3378 2380 Do-

1802 2421 1950 2477 mino
1998 2422 2262 2476 adversus
2312 2420 2634 2476 insidiantes
2677 2420 2747 2475 ei.
2784 2419 2848 2473 Et
2893 2436 3039 2474 secus
3086 2419 3238 2489 pedes
3275 2417 3373 2479 ait.

1801 2513 1947 2583 quod
1976 2514 2157 2569 subito
2188 2512 2480 2567 vindictam
2516 2520 2697 2567 sumet
2718 2510 2997 2566 Dominus.
3029 2509 3172 2564 Bene
3206 2524 3377 2563 arma-

1802 2606 1949 2662 bitur
1996 2622 2091 2676 pes
2139 2606 2282 2676 ejus,
2313 2613 2476 2673 atque
2530 2614 2799 2673 repertam
2848 2602 3028 2656 sedem
3077 2601 3373 2671 piratarum

1802 2699 1917 2768 ipse
1931 2696 2624 2768 depraedabitur.—AQUILA
2641 2714 2652 2750 :
2670 2696 2944 2751 Accinctus
2959 2694 3188 2763 accinget
3199 2691 3374 2754 illum;

1803 2790 1905 2846 hoc
1928 2799 2032 2855 est,
2064 2798 2308 2844 armatus
2354 2797 2407 2844 et
2452 2789 2683 2843 bellator
2724 2786 2959 2841 armabit
2987 2785 3157 2840 illum.
3190 2783 3257 2837 Et
3282 2800 3374 2837 ar-

1802 2882 2034 2938 mabitur
2060 2883 2188 2952 pede
2216 2899 2233 2937 :
2275 2882 2390 2938 sive
2417 2882 2524 2937 hoc
2554 2882 2734 2953 potius
2763 2879 2962 2946 innuit,
2994 2887 3238 2933 armatus
3259 2878 3374 2934 Gad

1799 2987 1925 3048 post
1965 2975 2162 3032 fratres
2207 2990 2338 3031 suos
2369 2974 2749 3043 subsequetur.
2797 2969 2931 3025 Nam
2973 2971 3221 3041 quamvis
3253 2986 3374 3025 sors

1799 3071 1919 3142 ejus
1942 3078 2061 3125 erat
2086 3070 2227 3124 ultra
2247 3066 2563 3133 Iordanem,
2592 3074 2772 3120 tamen
2804 3062 2999 3120 fratres
3023 3079 3155 3119 suos
3177 3063 3373 3118 armati

1800 3162 1955 3232 sequi
1998 3161 2349 3232 jubebantur.
2393 3159 2566 3215 donec
2591 3164 2645 3213 et
2673 3156 2775 3227 ipsi
2813 3166 2988 3211 sortes
3015 3170 3147 3211 suas
3182 3169 3376 3211 conse-

1800 3254 1911 3310 cuti
1939 3252 2193 3309 fuissent.
2224 3250 2335 3309 Aut
2361 3249 2591 3305 fortasse
2617 3249 2732 3302 vult
2756 3246 3003 3308 innuere,
3028 3244 3174 3314 quod
3215 3244 3376 3299 latro-

1810 3362 1939 3402 num
1972 3361 2123 3402 more
2158 3342 2356 3401 victuri
2388 3350 2570 3398 essent
2594 3339 2822 3405 Gaditaa,
2861 3346 2917 3393 et
2960 3337 3269 3393 sodalitium
3299 3336 3377 3390 la—

1806 3449 2020 3495 tronum
2064 3438 2314 3500 ascituri,
2344 3450 2547 3506 eosque
2589 3433 2868 3498 sectaturi,
2905 3446 2969 3486 ac
3003 3429 3253 3485 similiter
3297 3430 3376 3483 la-

1790 3514 2095 3587 trocinium
2127 3529 2340 3585 facturi.

114 3612 223 3669 δᾶν
254 3618 355 3670 ὠν
398 3614 554 3687 αὖτῷ
595 3618 803 3686 τοῦτον,
840 3624 932 3677 καὶ
959 3625 1041 3678 ὅτι
1085 3625 1267 3696 μέλλει
1299 3627 1528 3680 κατόπιν
1561 3624 1708 3697 αὐτῷ
1750 3625 1921 3682 ίέναισι
1985 3625 2081 3679 καὶ⁵
2134 3623 2293 3686 αὐτὸς
2362 3620 2561 3691 ὁμοίως
2620 3617 2979 3690 πειρατεύων,
3028 3616 3057 3668 ὃ
3084 3618 3231 3680 ,ἐστι
3278 3614 3377 3686 λῃ·

116 3726 327 3765 στεύων
334 3751 349 3764 ο

191 3807 419 3879 Ἐπειδὴ
454 3811 552 3883 τῆς
576 3814 637 3866 ὲν
660 3811 811 3885 νόμῳ
838 3817 995 3879 σκιᾶς
1025 3816 1306 3882 οἱονείπως
1339 3816 1701 3889 συνεσταλμέη

114 3915 231 3968 της,
250 3903 353 3955 καὶ
370 3902 474 3974 τῆς
498 3905 559 3983 ὲν
580 3905 853 3977 πνεύματι
874 3908 968 3961 καὶ
991 3910 1225 3980 ἀληθοῦς
1251 3911 1506 3983 λατρείας
1530 3912 1702 3965 εἰσκε-

113 3991 494 4063 ιοσμημένης,
515 3994 907 4070 λαμπροτέρων
934 3997 1039 4053 ἔδει
1060 3999 1138 4071 τῷ
1162 4001 1370 4072 κόσμῳ,
1388 4000 1699 4073 είσκέκλην-

114 4096 203 4134 ται
245 4083 387 4152 πρὸς
419 4084 577 4139 τοῦτο
600 4086 784 4143 λοιπὸν
807 4091 854 4141 οἱ
880 4088 1155 4145 θεσπέσιοι
1193 4091 1455 4163 μαθηταὶ,
1490 4094 1585 4147 καὶ
1624 4096 1700 4159 είς

113 4173 208 4226 τὸν
235 4175 348 4228 τῶν
385 4178 527 4232 κατά
558 4177 722 4250 νόμον
759 4180 1085 4252 καθηγητῶν
1118 4185 1340 4258 εἰσέφρη
1348 4203 1444 4238 σαν
1476 4186 1697 4258 κλῆρον.

118 4262 311 4330 Οὕτως
357 4268 470 4339 γάρ
498 4286 583 4323 τοι
621 4271 756 4343 πρὸς
786 4290 884 4343 μεν
910 4274 1008 4344 τὴν
1034 4275 1142 4328 τῶν
1179 4275 1444 4331 Ἰουδαίων
1469 4279 1701 4350 μητέρα,

115 4359 264 4427 φημὶ
302 4358 371 4436 δὴ
427 4360 524 4432 τὴν
579 4361 953 4436 Ἰερουσαλὴμ,
997 4365 1214 4437 ἐλέγετο
1256 4370 1407 4442 παρὰ
1443 4370 1576 4424 Θεοῦ
1610 4372 1699 4424 διὰ

115 4444 217 4514 τῆς
256 4446 351 4498 τοῦ
378 4448 673 4517 ψάλλοντος
716 4454 916 4525 φωνῆς·
959 4456 1115 4511 Ἀντὶ
1158 4457 1275 4512 τῶν
1313 4460 1549 4529 πατρῶν
1583 4479 1709 4516 σου·

112 4535 538 4619 ἐγεννήθησαν
562 4543 617 4594 οἱ
642 4543 761 4596 υἱοί
789 4560 925 4599 σου·
959 4547 1261 4614 τουτέστιν,
1291 4552 1339 4603 οἱ
1376 4552 1457 4604 σοὶ
1482 4570 1699 4624 χρημα-

1874 3808 2322 3879 Quandoquidem
2362 3808 2553 3863 umbra
2601 3805 2733 3875 legis
2763 3800 3163 3874 quodammodo
3193 3798 3375 3856 subla-

1807 3912 1883 3966 ta,
1916 3899 2335 3970 introductoque
2380 3898 2526 3955 cultu
2582 3895 2812 3969 spiritali
2864 3909 3123 3965 veroque,
3168 3891 3373 3961 majore

1808 3994 1930 4049 luce
1982 3991 2219 4051 mundus
2268 3989 2543 4062 indigebat
2577 4008 2591 4045 :
2623 3996 2905 4060 propterea
2957 3987 3010 4040 in
3053 3985 3154 4040 hoc
3199 3982 3374 4038 vocati

1807 4094 1938 4142 sunt
1963 4084 2220 4155 deinceps
2268 4083 2438 4139 divini
2492 4083 2767 4153 discipuli,
2798 4091 2960 4152 atque
2999 4080 3052 4134 in
3085 4077 3373 4134 doctorum

1803 4178 1939 4250 legis
1961 4187 2164 4235 sortem
2196 4177 2375 4233 asciti.
2404 4176 2482 4233 Ita
2512 4177 2656 4232 enim
2690 4176 2755 4231 ad
2782 4186 3011 4232 matrem
3038 4170 3374 4237 Iudaeorum,

1804 4270 2235 4348 Hierosolymam
2270 4272 2462 4329 innuo;
2491 4270 2694 4325 dictum
2729 4278 2812 4325 est
2843 4285 2875 4323 a
2922 4267 3032 4323 Deo
3073 4282 3167 4336 per
3187 4281 3372 4323 vocem

1802 4367 2088 4437 psallentis
2122 4383 2135 4419 :
2170 4366 2278 4421 Pro
2315 4366 2556 4436 patribus
2592 4367 2696 4420 tuis
2734 4366 2849 4420 nati
2891 4374 3012 4420 sunt
3050 4363 3146 4422 tibi
3170 4363 3273 4433 ﬁlii
3299 4364 3367 4426 ¹⁰;

1801 4459 1908 4514 hoc
1957 4470 2059 4521 est,
2107 4457 2200 4529 qui
2250 4458 2343 4513 filii
2379 4459 2454 4513 tui
2506 4468 2799 4522 vocantur,
2834 4458 3013 4513 locum
3044 4466 3098 4512 et
3128 4457 3373 4512 ordinem

1804 4561 2017 4622 patrum
2069 4552 2247 4608 sortiti
2294 4560 2441 4606 sunt.
2474 4551 2649 4621 Atque
2697 4550 2761 4605 ad
2794 4549 3082 4605 Dominum
3123 4557 3371 4604 nostrum

116 4623 359 4714 τξςογιες
394 4628 524 4691 υἱοὶ,
552 4630 652 4702 τὴν
684 4631 792 4684 τῶν
823 4634 1045 4706 πατρῶν
1076 4636 1229 4702 τάξιν
1268 4638 1530 4710 διέλαχον.
1558 4623 1697 4714 Πῶρος
1732 4653 1738 4706 1

1802 4641 1985 4699 Jesum
2042 4641 2317 4701 Christum
2369 4659 2383 4693 :
2426 4640 2726 4697 Constitues
2778 4658 2864 4696 eos
2914 4642 3172 4710 principes
3219 4655 3374 4708 super

114 4713 174 4767 εέ
203 4734 265 4784 γε
288 4718 380 4772 τὸν
415 4720 620 4793 Κύριον
644 4722 800 4796 ήμῶν
844 4725 1049 4796 Ἰησοῦν
1092 4731 1345 4802 Χριστόν’
1387 4713 1696 4803 Καταστή-

115 4823 251 4874 cere
276 4812 509 4879 αὐτοὺς
550 4813 849 4885 ἄρχοντας
892 4819 991 4874 ἐπὶ
1035 4820 1240 4876 πᾶσαν
1282 4826 1397 4892 τὴν
1422 4824 1559 4895 γῆν.
1587 4828 1699 4879 Kal.

118 4902 241 4967 μετ’
266 4902 447 4973 ὀλίγα,
469 4905 612 4975 πλὴν
639 4908 721 4960 ὅτι
749 4909 810 4962 τὸ
836 4911 1024 4982 ἄρχειν
1049 4915 1235 4979 αὐτοῖς
1255 4917 1355 4970 οὐκ
1385 4917 1697 4972 ἀταλαίπω-

118 5005 225 5083 ξπν
246 4992 402 5048 ἔσται
434 4996 737 5063 παντελῶς,
766 5000 1031 5073 Ἐμελλον
1073 5003 1131 5058 δὲ
1164 5004 1362 5076 μᾶλλον
1390 5009 1482 5062 καί
1512 5010 1700 5083 ἀναρι-

116 5078 341 5152 θμήτων
396 5088 690 5160 πειρᾶσθαι
739 5091 951 5146 κακῶν·
1000 5096 1560 5171 παραποδισθήσονται
1607 5078 1697 5165 δὲ,

118 5174 225 5226 καὶ
246 5178 455 5271 obice-ig
487 5180 634 5234 ἅπαν
664 5184 956 5271 εὑρήσουσι
993 5188 1093 5259 τῆς
1123 5188 1424 5261 ἀποστολῆς
1452 5192 1543 5245 τὸν
1580 5192 1700 5267 δρό-

119 5280 230 5331 μον
250 5266 518 5321 κινδύνων
555 5264 1002 5345 ἀπηλλαγμένον,
1050 5279 1097 5330 εί
1140 5278 1215 5340 ὡς
1246 5279 1305 5332 ὲν
1338 5278 1492 5352 τύπῳ
1525 5264 1700 5353 παρα-

115 5355 413 5428 δείγματος
440 5361 719 5435 ὑπέφηνεν
749 5365 949 5431 εἰπὼν,
974 5369 1056 5421 ὅτι
1099 5370 1420 5439 γενηθήτω⁸
1455 5374 1576 5427 ἀντὶ
1605 5373 1698 5428 τοῦ

122 5445 279 5501 ἕσται
303 5450 358 5503 ὲν
385 5450 462 5521 τῷ
487 5452 594 5506 Δάν
620 5457 649 5507 ὁ
681 5455 789 5511 τῶν
826 5457 1131 5512 διωκόντων
1158 5459 1328 5532 δῆμος
1353 5462 1429 5526 ὼς
1466 5463 1601 5533 ὄφις
1631 5464 1701 5517 ἐν

124 5538 256 5603 ίεῷ
283 5543 610 5613 καθήμενος
647 5547 749 5600 ἐπὶ
785 5550 1007 5618 τρίϐου,
1026 5551 1273 5606 δάκνων
1299 5552 1562 5622 πτέρναν
1598 5556 1695 5607 ἵπ-

124 5642 273 5691 που.
318 5632 572 5690 Τουτέστι
622 5638 771 5693 δεινά
819 5642 915 5695 καὶ
958 5642 1172 5713 ἄφυκτα
1213 5643 1461 5717 δήγματα
1501 5645 1692 5711 διδούς·

211 5767 237 5799 ’
269 5765 389 5831 Luc.
422 5789 483 5842 ιι,
508 5774 598 5831 54.
702 5779 743 5809 ¹⁰
772 5777 912 5835 Psal.
949 5796 1093 5845 κων,
1132 5780 1224 5835 17.

1804 4750 2008 4790 omnem
2035 4743 2251 4789 terram.
2281 4733 2483 4789 Verum
2507 4750 2630 4790 mox
2657 4735 2995 4805 principatus
3019 4733 3108 4786 hic
3130 4732 3235 4785 illis
3265 4746 3373 4785 non

1803 4826 2027 4882 omnino
2057 4826 2385 4883 calamitatis
2415 4842 2612 4897 expers
2648 4840 2765 4884 erat
2804 4826 3053 4894 futurus;
3087 4826 3373 4879 innumera

1802 4915 1946 4970 enim
1986 4916 2169 4987 potius
2211 4918 2447 4986 experiri
2491 4918 2633 4973 mala
2665 4917 2955 4982 debebant,
2981 4924 3036 4971 et
3080 4912 3369 4983 impediri;

1801 5022 1901 5062 nec
1923 5009 2150 5063 omnino
2178 5022 2402 5063 cursum
2434 5010 2773 5079 apostolatus
2798 5008 3038 5064 invenire
3069 5007 3372 5061 immunem

1801 5114 1830 5153 ιι
1870 5098 2149 5169 periculis,
2177 5100 2323 5170 quod
2366 5100 2516 5157 velut
2552 5100 2784 5169 exempli
2819 5103 2990 5169 ligura
3023 5094 3369 5167 signiﬁcavit,

1797 5207 1921 5246 cum
1954 5191 2092 5246 dixit
2124 5211 2137 5248 :
2168 5190 2319 5255 Fiat,
2350 5192 2453 5247 hoe
2478 5201 2561 5247 cst
2595 5191 2685 5247 (iet
2714 5192 2765 5245 in
2801 5190 2914 5246 Dan
2961 5195 3370 5258 persecutorum

1799 5282 2094 5339 multitudo
2115 5293 2372 5354 tanquam
2414 5264 2623 5354 ser’pens
2664 5284 2718 5337 in
2750 5283 2834 5336 via
2863 5280 3044 5336 sedens
3073 5282 3128 5334 in
3160 5279 3368 5345 semita,

1797 5376 2039 5431 mordens
2070 5376 2375 5430 calcaneum
2407 5377 2545 5447 equi.
2582 5373 2697 5429 lloc
2723 5382 2825 5437 est,
2861 5387 3050 5444 graves
3080 5381 3135 5426 et
3164 5369 3371 5440 pericu-

1796 5467 1943 5523 losos
1983 5483 2204 5524 morsus
2249 5468 2405 5538 ﬁget,
2459 5479 2516 5523 ut
2562 5468 2738 5522 solent
2771 5482 2892 5521 esse
2932 5464 3270 5535 serpentium
3305 5477 3375 5518 ac

1794 5559 2107 5628 viperarum
2141 5576 2362 5617 morsus
2410 5559 2720 5630 periculosi.
2758 5557 3028 5613 Calcaneo
3067 5566 3245 5611 autem
3286 5555 3369 5608 in-

1792 5651 2044 5719 lligcntur
2077 5669 2089 5705 :
2122 5669 2244 5706 nam
2297 5654 2405 5722 ipse
2436 5662 2659 5707 conteret
2695 5661 2850 5722 caput
2896 5663 3070 5718 ιιιιιιιι,
3102 5663 3149 5706 ει
3203 5663 3256 5704 tu
3288 5651 3371 5710 in,-
