3814 6198
500 305 606 366 ωδ

1383 306 1441 364 S.
1484 304 1855 362 HIPPOLYTI
1891 303 2042 360 OPP.
2083 301 2266 359 PARS
2301 303 2343 358 l.
2383 332 2451 343 —
2482 299 2904 357 EXEGETICA.’

3566 309 3649 366 596

499 422 781 480 sidiaberis
827 423 1074 479 calcaneo
1118 424 1230 495 ejus
1266 425 1329 478 “.
1374 423 1455 480 Ita
1496 440 1630 482 vero
1674 425 1915 481 insidiati
1947 430 2125 486 suntl

2212 421 2316 493 άχα
2341 438 2395 475 τι
2423 420 2492 474 τὰ
2531 419 2638 472 τῶν
2671 417 2838 488 ἔχεων
2883 415 3130 486 δήγματα
3148 413 3150 415 ’
3170 414 3527 486 δυσδιάφευκτάι
3546 439 3652 490 μεως

502 516 725 588 quidam
762 515 966 572 sanctis
1012 516 1296 586 apostolis,
1330 525 1392 570 ut
1425 525 1657 572 mortem
1693 516 1859 572 etiam
1889 516 2072 572 carnis

2212 515 2343 568 στίν.
2379 513 2536 567 Κατά
2564 529 2627 581 γε
2659 511 2832 580 αὐτὴν
2847 507 3092 578 ἐγένοντο
3128 507 3228 578 τὴν
3254 509 3478 580 πτέρναν·
3504 514 3656 581 Αὐτὸς

504 606 814 662 intulerint.
842 603 1027 676 Itaque
1054 615 1108 662 et
1135 606 1238 662 tale
1255 606 1458 678 aliquid
1481 607 1808 663 sustinuisse
1829 619 1928 662 eos
1947 606 2074 662 licet

2212 608 2287 678 ’ἀρ
2319 619 2434 660 σου
2459 603 2708 672 τηρήσει
2730 601 2847 668 τὴν
2873 598 3162 668 κεφαλὴν,
3190 597 3284 651 καὶ
3304 598 3377 652 σὺ
3404 600 3559 654 αὑτοῦ
3580 619 3659 671 τη-

505 697 710 763 dicere,
741 697 903 769 quale
928 698 1039 768 pati
1073 699 1210 754 solet
1237 713 1334 768 pes
1355 699 1482 769 equi
1509 699 1816 754 vacillantis
1839 709 1892 756 et
1923 708 2070 756 retro

2212 697 2388 762 νήσεις
2414 691 2694 762 πτέρναν.
2736 689 3157 743 Ἐπεὸούλευσαν
3184 688 3239 740 δὲ
3267 687 3405 740 οὕτω
3426 689 3545 754 τινές
3574 695 3661 756 τοῖς

506 791 675 846 veluti
723 792 1017 848 succussi:
1063 805 1230 863 eques
1277 791 1425 848 enim
1476 791 1790 863 dejicietur;
1826 800 1988 862 atque
2017 790 2073 844 in

513 895 710 939 terram
754 883 914 939 datus
945 884 1054 950 hic,
1085 885 1300 954 spirans
1335 885 1513 941 adhuc
1544 893 1843 957 permanet.
1875 883 2077 955 Super-

511 977 666 1032 stites
695 989 943 1029 mansere
970 973 1134 1028 etiam
1169 973 1335 1028 divini
1367 975 1644 1045 discipuli,
1675 983 1729 1028 ct
1750 974 1942 1030 salutis
1967 989 2079 1028 suae

509 1076 727 1137 tempus
752 1067 1067 1136 exspectant
1099 1081 1209 1135 quo
1240 1067 1578 1121 vocabuntur
1620 1067 1676 1120 in
1717 1081 1942 1136 regnum
1975 1065 2081 1118 im-
2112 1066 2118 1071 '

512 1174 680 1214 mune
717 1157 787 1212 ab
829 1157 978 1211 omni
1011 1157 1415 1226 perturbatione
1435 1198 1449 1223 ,
1481 1157 1699 1226 quando
1728 1156 1978 1211 Christus
2004 1155 2083 1210 eis

513 1250 838 1306 acclamabit
869 1267 882 1303 :
924 1247 1126 1314 Venite,
1163 1248 1414 1302 benedicti
1441 1248 1622 1303 Patris
1655 1249 1757 1302 mei
1791 1249 1856 1314 ”,
1884 1256 1937 1303 et
1963 1261 2084 1316 quae

517 1352 840 1412 sequuntur.

2181 790 2357 858 ἁγίοις
2388 785 2723 849 ἀποστόλοις,
2755 783 2830 846 ὼς
2871 783 2965 836 καὶ
3000 781 3157 836 αὑτὸν
3189 781 3460 848 ἐπαγαγεῖν
3492 782 3566 834 τὸν
3590 784 3663 852 τῆς

2182 877 2383 948 σαρκὸς
2430 875 2676 929 θάνατον.
2704 875 2812 927 Καὶ
2855 872 2918 944 δὴ
2964 869 3196 923 τοιοῦτον
3233 869 3500 939 ὑποστῆναι
3527 888 3666 940 φαμεν

2183 965 2381 1028 αὐτοὺς
2407 967 2588 1017 ὁποῖον
2620 963 2778 1018 πάθοι
2811 963 2843 1032 ἢ
2878 961 3036 1031 τυχὸν
3068 959 3198 1022 ποῦς
3228 958 3522 1022 ὀκλάσαντος
3542 961 3670 1014 ἵππου

2188 1060 2282 1113 καὶ
2323 1058 2513 1111 ἀνόπιν
2557 1056 2740 1126 ὥσπερ
2781 1053 3127 1124 ὑφεξηκότοςο
3171 1050 3560 1122 ὑπεραρθήσεται
3593 1053 3674 1126 γὰρ

2191 1150 2455 1219 ἐπιϐάτης
2479 1149 2573 1201 καὶ
2595 1149 2673 1210 είς
2704 1147 2804 1216 γῆν
2829 1140 2983 1215 οἶμαί
3003 1161 3103 1197 που
3136 1141 3424 1215 περιπεσὼν
3450 1143 3682 1212 περιμένει.

2190 1242 2279 1295 τὸν
2313 1241 2508 1305 ζῶντα.
2540 1238 3018 1312 Περιμεμενήκασι
3041 1235 3099 1288 δὲ
3132 1235 3225 1288 καὶ
3257 1235 3303 1286 οἱ
3338 1233 3575 1285 θεσπέσιοι
3601 1251 3680 1303 μα-

2193 1334 2350 1404 θηταὶ
2381 1333 2473 1386 τὸν
2502 1333 2602 1403 τῆς
2627 1331 2832 1385 ἑαυτῶν
2867 1327 3141 1399 σωτηρίας
3163 1327 3364 1397 καιρὸν,
3390 1324 3496 1378 καθ’
3521 1325 3571 1378 ὃν
3596 1328 3684 1377 εἰσ-

517 1437 873 1507 κεκλήσονται
909 1436 989 1498 εἰς
1015 1434 1288 1505 βασιλείαν
1328 1433 1640 1504 ἁκλὸνητον,
1676 1431 2071 1502 ἐπιφωνοῦντος
2119 1431 2300 1492 αὐτοῖς
2357 1428 2450 1482 τοῦ
2506 1426 2740 1499 Χριστοῦ
2797 1425 2878 1476 τό·
2913 1424 3110 1484 Δεῦτε,
3134 1425 3185 1476 οὶ
3223 1419 3574 1506 εὐλογημένοι
3605 1420 3684 1472 τοῦ

521 1531 751 1598 Πατρός
770 1547 911 1599 μου,
942 1529 1035 1581 καὶ
1062 1529 1130 1580 τὰ
1167 1527 1314 1599 ἑξῆς.

591 1626 747 1692 Quod
780 1627 824 1680 si
858 1625 986 1694 quis
1014 1624 1151 1679 nolit
1194 1623 1492 1695 intelligere
1522 1624 1733 1694 aliquos
1757 1623 2088 1692 serpentium

519 1719 696 1774 instar
725 1717 830 1786 ipsi
861 1715 976 1770 Dan
1010 1716 1348 1783 insidiantes,
1381 1716 1475 1771 sed
1504 1717 1680 1785 ipsum
1711 1715 1832 1770 aliis
1865 1714 2091 1770 insidias

2261 1614 2372 1668 Kal.
2403 1611 2583 1672 πάλιν,
2609 1609 2657 1660 εί
2689 1606 2744 1659 δὲ
2773 1605 2845 1677 μὴ
2881 1600 3110 1674 βούλητό
3133 1616 3216 1662 τις
3241 1598 3355 1666 οὐχὶ
3389 1593 3459 1665 τῷ
3484 1593 3573 1648 div
3597 1593 3692 1646 ἐσε-

2196 1707 2319 1760 σθαί
2345 1721 2493 1766 τινας
2515 1701 2588 1764 ὡς
2614 1699 2734 1767 ὄφις
2769 1694 3202 1765 ἐγκαθημένους,
3223 1689 3332 1742 ἀλλ’
3358 1686 3502 1740 αὐτὸν
3535 1684 3694 1756 ἑτέροις

521 1775 776 1866 δικ-μοι’εέ
798 1808 1041 1864 dicemus
1075 1823 1171 1877 per
1196 1807 1312 1862 Dan
1335 1809 1484 1863 illum
1521 1809 1766 1864 denotari
1801 1807 2018 1862 Scribas
2039 1813 2094 1861 et

2212 1795 2563 1851 ῖπιϐουλεύειν
2595 1790 2685 1847 τὸν
2713 1788 2817 1841 Δὰν
2841 1789 3066 1848 ἐκεῖνον,
3105 1779 3332 1855 ἐροῦμεν
3355 1779 3430 1831 ὅτι
3454 1777 3506 1830 τὸ
3536 1775 3696 1847 κρίνειν

2417 1886 2432 1891 μ
2545 1887 2566 1891 -
2605 1882 2625 1891 -
2744 1880 2762 1891 .
2823 1879 2847 1890 ..
2937 1876 2957 1891 ..
3226 1875 3240 1888 .
3282 1871 3597 1891 “mm”,
3627 1866 3693 1891 Μ,

521 1901 830 1958 Ρὴαπίεωοε
874 1900 1208 1970 hypocritas,
1237 1900 1331 1969 qui
1374 1915 1498 1954 cum
1541 1899 1634 1969 ius
1676 1899 1856 1954 dicere
1892 1898 2093 1969 populo

521 1991 685 2062 eique
707 2005 945 2060 praeesse
985 1988 1268 2054 deberent,
1304 1990 1637 2059 serpentium
1678 1988 1849 2044 instar
1875 1987 2095 2044 Christo

525 2083 770 2139 insidiati
818 2090 970 2146 sunt,
1003 2080 1275 2151 impieque
1300 2077 1630 2136 studuerunt
1670 2079 1921 2150 impactis
1949 2096 2096 2136 mor-

527 2174 682 2231 sibus
720 2173 954 2240 etlicere,
983 2181 1045 2228 ut
1083 2173 1130 2228 is
1181 2187 1277 2242 per
1308 2171 1471 2226 altam
1514 2171 1842 2242 planamque
1874 2172 2098 2228 omnino

527 2263 778 2319 semitam
811 2262 1118 2334 ingrediens
1161 2262 1401 2318 caderet.
1425 2260 1752 2333 Quanquam
1793 2277 1920 2317 vero
1956 2262 2098 2318 ceci-

525 2357 608 2413 dit
653 2369 855 2426 eques,
901 2363 1202 2425 spontanee
1253 2353 1400 2409 obita
1446 2362 1621 2409 morte
1667 2355 1873 2422 carnis,
1917 2364 2099 2410 tamen

525 2450 727 2504 iterum
753 2445 979 2513 revixit,
1013 2445 1318 2516 adiutorem
1350 2454 1406 2501 et
1453 2446 1798 2502 reductorem
1829 2449 1886 2502 in
1930 2447 2098 2500 vitam

527 2538 738 2596 habens
785 2539 1026 2594 Patrem.
1070 2537 1209 2594 Cum
1247 2539 1392 2594 enim
1427 2538 1664 2609 potentia
1704 2537 1797 2594 Dei
1832 2547 1888 2594 et
1923 2538 2102 2596 Patris

529 2633 605 2690 sit
634 2631 828 2700 Filius,
855 2633 1116 2702 templum
1153 2647 1314 2687 suum
1355 2631 1480 2686 vita:
1509 2630 1767 2686 restituit.
1797 2630 1983 2701 itaque
2005 2631 2100 2702 qui

528 2735 592 2783 ut
620 2726 787 2781 homo
814 2725 1114 2795 periculum
1149 2725 1412 2790 subierat,
1445 2744 1476 2784 a
1507 2727 1666 2783 Patre
1711 2724 1952 2780 salvatus
1980 2737 2103 2779 esse

534 2818 855 2885 aliirmatur,
889 2833 1204 2888 quanquam
1249 2828 1442 2876 natura
1495 2835 1594 2876 sua
1637 2819 1904 2875 exsistens
1937 2814 2103 2882 Deus,

534 2920 590 2966 et
639 2911 948 2966 universam
993 2910 1108 2979 ipse
1134 2910 1404 2967 visibilem
1447 2920 1502 2967 et
1541 2911 1864 2967 invisibilem
1894 2916 2106 2965 creatu-

537 3020 656 3060 ram
685 3004 739 3058 in
770 3003 914 3058 bono
940 3013 1082 3059 statu
1111 3019 1464 3060 conservans.
1501 3003 1574 3059 Ita
1610 3004 1915 3074 intelligens
1940 3002 2103 3057 etiam

537 3097 760 3151 divinus
799 3093 1002 3151 Paulus
1048 3097 1114 3151 de
1157 3097 1248 3152 illo
1273 3097 1349 3150 ait
1396 3113 1409 3148 :
1445 3095 1562 3150 Etsi
1607 3097 1890 3164 cruciﬁxus
1922 3105 1998 3149 est
2039 3108 2103 3147 ea:

538 3189 872 3257 inﬁrmitate,
903 3188 991 3242 sed
1019 3189 1140 3242 vivit
1171 3204 1235 3242 ea:
1263 3189 1455 3242 virtute
1491 3188 1586 3241 Dei
1621 3188 1683 3242 ¹³.

618 3363 753 3419 Aser
803 3370 951 3419 sorte
1001 3363 1208 3433 accepit
1262 3361 1654 3418 Ptolemaidem'
1705 3369 1759 3415 et
1820 3361 2106 3422 Sidonern'.

546 3451 670 3507 ideo
695 3453 771 3507 ait
799 3467 813 3506 :
847 3452 1069 3524 Pinguis
1096 3454 1208 3522 ejus
1237 3454 1421 3522 panis,
1461 3461 1511 3508 et
1557 3454 1666 3523 ipse
1707 3451 1852 3506 dabit
1891 3451 2109 3506 delicias

545 3545 891 3615 principibus.
939 3544 1056 3600 Hoc
1099 3547 1323 3616 liguram
1354 3545 1656 3601 vocationis
1703 3553 1904 3600 nostra:
1944 3545 2112 3599 inter-

549 3642 848 3703 pretamur.
887 3633 1041 3700 Quod
1082 3635 1229 3689 enim
1261 3634 1478 3704 pingue,
1514 3635 1719 3690 lautum
1744 3644 1845 3690 est.
1879 3632 2113 3700 Quinam

549 3741 680 3780 vero
702 3725 858 3794 panis
888 3726 1086 3793 lautior
1133 3727 1358 3781 nostro?
1387 3725 1580 3783 Noster
1612 3727 1759 3782 enim
1802 3728 1960 3797 panis
2003 3726 2114 3780 Do-

549 3818 732 3872 minus
762 3827 864 3884 est,
906 3827 962 3873 ut
1003 3818 1118 3887 ipse
1142 3819 1256 3872 ait:
1290 3818 1402 3889 Ego
1432 3835 1549 3872 sum
1587 3820 1738 3887 panis
1773 3821 1894 3873 vitta
1921 3819 1985 3874 “.
2015 3815 2119 3872 Ec-

550 3911 676 3981 quis
706 3925 835 3964 vero
864 3909 1005 3966 alius
1041 3910 1189 3965 dabit
1218 3911 1398 3966 cibum
1427 3911 1780 3982 principibus,
1814 3929 1978 3984 quam
2006 3912 2134 3966 Do--

551 4002 734 4057 minus
764 4012 950 4058 noster
991 4001 1152 4058 Jesus
1195 4002 1484 4059 Christus?
1519 4001 1639 4060 Non
1682 4012 1894 4060 tantum
1926 4004 1994 4060 iis
2024 4003 2116 4074 qui

551 4094 781 4150 credunt
803 4111 834 4150 e
857 4096 1130 4166 gentibus,
1157 4095 1252 4151 sed
1283 4095 1446 4149 etiam
1473 4111 1539 4151 es
1563 4097 1999 4164 circumcisione,
2024 4097 2116 4167 qui

549 4188 920 4259 principatum
966 4195 1150 4243 tenent
1200 4187 1254 4241 in
1303 4188 1440 4252 ﬁde,
1489 4187 1594 4244 hoc
1634 4196 1719 4244 est
1756 4188 2032 4258 patribus.
2065 4196 2120 4243 et

551 4280 902 4352 patriarchis,
937 4287 994 4334 et
1021 4281 1328 4350 prophetis,
1362 4280 1727 4352 omnibusque
1772 4281 2118 4337 credentibus

552 4370 610 4426 in
641 4387 838 4428 nomen
871 4369 992 4444 ejus
1017 4387 1082 4428 ac
1108 4373 1438 4444 passionem.

2195 1891 2288 1944 καὶ
2337 1882 2691 1957 καθηγεῖσθαι
2744 1879 2888 1933 λαῶν
2935 1876 3151 1948 ἔχοντες
3195 1875 3242 1926 οἱ
3282 1871 3597 1943 Γραμματεῖς
3627 1866 3704 1920 καὶ.

2193 1980 2507 2054 Φαρσιαῖοι,
2558 1971 2848 2044 ὑποκριταὶ
2900 1968 3069 2038 ἔχεων
3130 1965 3282 2036 δίκην
3345 1961 3607 2031 ἐπεφύοντο
3644 1958 3700 2028 τῷ

2195 2072 2435 2147 Χριστῷ,
2479 2070 2573 2124 καὶ
2596 2066 2878 2128 οἱονείπως
2907 2062 3001 2116 τοῦ
3036 2063 3105 2114 ὲκ
3135 2058 3228 2114 τοῦ
3271 2058 3475 2111 πίπτειν
3502 2054 3578 2108 διὰ
3599 2053 3704 2124 (rbi,-

2195 2167 2296 2237 λῆς
2322 2163 2572 2219 ὁδεύοντα
2599 2160 2694 2214 καὶ
2714 2158 2863 2220 λείας
2899 2156 3099 2210 ἄττονα
3133 2151 3320 2224 τρίϐον
3350 2149 3591 2219 δήγμασιν
3624 2163 3704 2237 πα-

2199 2234 2559 2332 ρακόπτοντες
2602 2250 2831 2313 ἀνοσίως
2883 2243 3258 2332 ἐσπούδαζον.
3295 2239 3426 2332 Ἀλλ’
3458 2240 3502 2332 εί
3534 2237 3610 2290 καὶ

2199 2324 2414 2404 πτωκεν
2446 2348 2474 2400 ὁ
2509 2344 2728 2406 ἱππεὺς,
2757 2336 3039 2408 ἐθελοντὴς
3068 2331 3302 2395 ἀνατλὰς
3331 2331 3417 2384 τὸν
3446 2329 3533 2399 τῆς
3553 2324 3711 2396 σαρκὸς

2201 2441 2448 2496 θάνατον’
2478 2435 2591 2490 ἀλλ’
2631 2429 2724 2487 οὖν
2767 2430 2861 2486 καὶ
2901 2425 3268 2483 ἁναδιώσεται
3311 2420 3620 2491 συλλήπτορα
3641 2413 3714 2468 usi:

2199 2527 2486 2597 ἐπαγωγὸν
2517 2521 2838 2594 ποιούμενος
2863 2517 2953 2571 τὸν
2984 2515 3229 2586 Πατέρα.
3287 2509 3511 2580 Δύναμις
3543 2503 3632 2597 γὰρ
3655 2500 3716 2556 ὢν.
3747 2586 3751 2590 .

2198 2621 2293 2676 τοῦ
2322 2594 2462 2674 Θεοῦ
2492 2617 2585 2671 καὶ
2613 2612 2826 2684 Πατρὸς
2863 2611 2894 2665 ὁ
2935 2608 3085 2674 Υἱὸς,
3118 2607 3210 2658 τὸν
3240 2603 3365 2656 ἴδιον
3401 2597 3550 2654 αὑτοῦ
3589 2594 3715 2660 ἐζωο-

2202 2713 2348 2783 γόνει
2380 2709 2526 2764 ναόν.
2569 2703 2757 2776 Ταύτῃ
2790 2699 3056 2755 σεσῶσθαι
3103 2697 3321 2764 λέγεται
3353 2691 3493 2763 παρὰ
3526 2687 3604 2742 τοῦ
3631 2688 3717 2783 lla.-

2202 2806 2331 2880 τρδς
2364 2796 2786 2860 κεκινδυνευκὼς
2807 2796 2881 2857 ὡς
2905 2792 3213 2864 ἄνθρωπος,
3241 2788 3412 2841 καίτοι
3442 2782 3568 2838 κατὰ
3593 2779 3718 2849 φύσιν

2206 2872 2467 2970 ὑπάρχων
2495 2893 2648 2955 Θεὸς,
2683 2890 2777 2944 καὶ
2808 2887 2934 2958 ὃλην
2963 2885 3128 2948 αὐτὸς
3163 2883 3242 2946 εἰς
3269 2881 3329 2935 τὸ
3359 2874 3414 2932 εὖ
3442 2872 3566 2930 εἶναι
3597 2872 3719 2970 suvi-

2207 2964 2540 3064 χωνορατήν
2567 3003 2626 3038 τε
2656 2984 2749 3037 καὶ
2774 2980 3001 3051 ἀόρατον
3033 2977 3237 3030 κτίσιν.
3280 2973 3430 3027 Οὕτω
3463 2987 3554 3022 που
3584 2964 3724 3023 συνεὶς

2208 3056 2302 3139 καὶ
2349 3056 2390 3136 ὁ.
2424 3056 2706 3140 θεσπέσιος
2751 3073 2960 3135 Παῦλος
3002 3070 3130 3141 περὶ
3183 3065 3346 3122 αὐτοῦ
3396 3077 3534 3134 φησιο
3565 3061 3621 3114 El
3653 3056 3726 3109 καὶ

2132 3180 2176 3239 C
2205 3171 2550 3241 ἐσταυρώθη
2579 3169 2647 3233 ἐξ
2684 3165 3020 3228 ἀσθενείας,
3062 3160 3231 3216 ἀλλὰ
3263 3155 3330 3226 ζῇ
3369 3156 3461 3209 καὶ
3499 3152 3561 3205 ἐκ
3586 3144 3729 3201 δυνά·

2207 3285 2363 3338 μεως
2389 3263 2554 3317 Θεοῦ.

2297 3329 2463 3428 ’Ᾰσὴρ
2493 3349 2898 3424 ἐκληρονόμησε
2931 3345 3000 3399 τὰ
3041 3345 3176 3414 περὶ
3204 3338 3527 3410 Πτολεμαΐδα
3563 3333 3641 3386 καὶ
3667 3329 3732 3428 Σιῖ

2215 3450 2374 3513 δῶνα,
2407 3420 2500 3501 καὶ
2526 3420 2798 3498 διὰ-τοῦτό
2820 3457 2972 3512 φησι·
3001 3439 3165 3492 Πίων
3190 3432 3374 3490 αὑτοῦ
3401 3435 3430 3485 ό
3452 3429 3636 3498 ἄρτος,
3659 3420 3733 3474 καὶ

2217 3542 2398 3608 αὐτὸς
2440 3539 2617 3593 δώσει
2651 3534 2886 3604 τρυφὴν
2926 3531 3209 3599 ἄρχουσι.
3236 3527 3404 3580 Τοῦτο
3442 3519 3736 3608 λαμϐάνομεν

2219 3639 2298 3700 εἰς
2323 3605 2490 3688 τύπον
2523 3633 2621 3702 τῆς
2651 3630 2894 3699 κλήσεως
2928 3626 3024 3693 τῆς
3064 3621 3362 3693 ἡμετέρας,
3389 3615 3459 3668 Τὸ
3501 3611 3603 3702 γὰρ
3625 3605 3736 3702 πίον,

2216 3696 2443 3799 λιπαρόν
2495 3696 2631 3777 ἐστι.
2680 3696 2923 3790 Λιπαρὺς
2973 3715 3029 3768 δὲ
3059 3715 3210 3776 τίνος
3256 3705 3473 3800 ἄρτοςᾼῆ
3503 3701 3668 3800 iiutwa

2217 3822 2324 3892 γὰρ
2352 3793 2561 3888 ’Κύριός
2610 3815 2755 3866 ὲσ”ῑτιν
2803 3809 2958 3880 ἡμῶν
3005 3809 3032 3860 ὁ
3076 3805 3266 3877 ἄρτος,
3301 3798 3480 3892 καθως
3514 3793 3742 3892 λλέγειικαὶ

2219 3880 2397 3975 αὐτὸς·
2617 3909 2735 3974 ειμι
2775 3906 2808 3957 ὁ
2833 3901 3008 3969 ἄρτος
3055 3895 3166 3964 τῆς
3201 3892 3370 3962 ζωῆς.
3396 3889 3488 3952 Τίς

2219 4006 2378 4060 δώσει
2426 4002 2630 4076 τροφὴν
2675 3999 2954 4070 ἄρχουσιν,
3005 3993 3040 4064 ἢ
3073 3993 3102 4044 ὁ
3139 3990 3347 4063 Κύριος
3393 3983 3542 4080 ἡμῶν
3577 3981 3743 4080 Ἰησμῗιξ

2221 4066 2484 4171 Χριστόςξ
2623 4066 2780 4163 μόνον
2812 4091 2923 4150 τοῖς
2964 4085 3024 4150 ἐξ
3065 4083 3242 4136 ἐθνῶν
3268 4077 3617 4171 πιστεύουσιν,
3640 4066 3747 4122 ἀλλά

2221 4169 2448 4251 καὶτοῖς
2478 4186 2542 4238 ἐκ
2579 4181 2876 4254 περιτομῆς
2895 4219 2909 4243 ,
2937 4176 3226 4247 ἐξάρχουσι
3261 4171 3357 4242 τῆς
3384 4169 3750 4226 πίστεωςάουτ·

2227 4283 2344 4337 ἐστι
2423 4277 2662 4348 πατράσι
2705 4271 2800 4326 καὶ
2847 4267 3246 4340 πατριάρχαις,
3298 4260 3394 4316 καὶ
3447 4255 3748 4348 προφήτας,

2221 4372 2318 4425 καὶ
2349 4370 2481 4422 πᾶσι
2509 4339 2620 4430 τοῖς
2651 4361 2995 4417 πιστεύουσιν
3028 4360 3105 4421 εἰς
3129 4355 3192 4408 τὺ
3217 4354 3388 4425 ὄνομα
3409 4347 3563 4404 αὒτοῦ
3588 4343 3669 4398 καὶ
3689 4339 3752 4398 εἰς

2223 4466 2285 4520 τὸ
2313 4462 2502 4526 πάθος.

627 4551 826 4610 Cenes.
864 4570 1014 4620 uix,
1039 4554 1208 4610 21-96
1235 4575 1249 4611 :
1287 4554 1631 4627 Nephthalim
1659 4556 1944 4630 virgultum
1975 4574 2118 4614 reso-

2292 4552 2628 4626 Νεφθαλεὶμ
2677 4548 2966 4620 στέλεχος
3011 4545 3327 4616 ἀνειμένον
3375 4533 3676 4630 ἐειξιδιδοίιοςΔ
3700 4526 3754 4580 ἐν

527 4634 746 4710 Ἰαιιιηι,
775 4644 909 4699 dans
947 4648 1002 4701 in
1047 4651 1274 4719 germine
1303 4649 1770 4720 pulchritudinem.
1811 4648 1860 4702 F
1863 4650 1989 4703 ilius
2025 4666 2122 4704 au-

555 4747 671 4791 ctus
708 4735 923 4807 Ioseph,
951 4739 1096 4810 ﬁlius
1128 4752 1312 4795 auctus
1353 4759 1494 4797 meus
1529 4743 1759 4806 zelatus,
1801 4741 1945 4811 ﬁlius
1979 4757 2121 4796 meus

555 4829 976 4896 adolescentior;
1023 4834 1093 4887 ad
1142 4850 1222 4888 me
1271 4844 1540 4889 revertere.
1588 4834 1655 4890 In
1700 4853 1852 4907 quem
1901 4836 2124 4890 consilia

555 4923 876 4992 conferentes
907 4925 1306 4991 maledicebant,
1336 4936 1386 4980 et
1417 4927 1750 4981 intendebant
1791 4928 1846 4980 in
1884 4944 2001 4981 eum
2029 4928 2126 4980 do-

560 5017 691 5069 mini
733 5018 1152 5088 sagittationum.
1199 5018 1270 5073 Et
1307 5021 1519 5073 contriti
1565 5031 1686 5074 sunt
1734 5037 1849 5074 cum
1891 5022 2125 5090 potentia

561 5123 716 5163 arcus
753 5126 951 5177 eorum,
978 5121 1027 5166 et
1055 5112 1298 5166 dissoluti
1328 5121 1449 5166 sunt
1482 5114 1623 5166 nervi
1654 5112 1985 5166 brachiorum
2014 5130 2126 5166 ma-

561 5216 725 5255 nuum
754 5219 934 5255 eorum
983 5220 1075 5273 per
1120 5221 1334 5258 manum
1374 5206 1597 5275 potentis
1625 5205 1811 5259 Iacob.
1859 5203 1990 5258 Inde
2034 5206 2124 5275 qui

559 5294 878 5362 eonfortauit
920 5295 1090 5352 Israel
1136 5317 1168 5352 a
1211 5298 1318 5351 Deo
1351 5298 1522 5367 patris
1571 5298 1668 5352 tui.
1713 5296 1782 5350 Et
1830 5299 2031 5367 adjuvit
2077 5311 2126 5352 te

564 5382 703 5439 Deus
726 5403 891 5453 meus,
925 5398 974 5442 et
1002 5390 1262 5445 benedixit
1290 5402 1339 5445 te
1367 5390 1719 5444 benedictione
1747 5389 1862 5444 coeli
1887 5389 2125 5460 desuper,

561 5486 611 5528 et
643 5475 992 5535 benedictione
1039 5495 1193 5538 terra:
1225 5483 1463 5538 habentis
1504 5482 1702 5549 omnia,
1735 5493 1945 5551 propter
1973 5481 2126 5535 bene-

664 5714 702 5749 “
731 5713 863 5769 Gen.
906 5729 984 5779 nt,
1011 5715 1096 5770 iii.
1203 5716 1243 5745 ¹²
1271 5711 1459 5769 Matth.
1491 5729 1613 5778 xxv,
1651 5711 1738 5766 54.

1835 5712 1873 5741 ¹³
1903 5708 1942 5762 ll
1976 5707 2103 5763 Cor.
2139 5721 2258 5774 sm,
2283 5705 2336 5762 4.

2223 4653 2304 4719 τῷ
2348 4647 2668 4722 τεννήματι
2699 4643 2945 4710 κάλλος.
2989 4641 3124 4706 Υἱὸς
3162 4635 3503 4707 ηὐξημένος
3663 4625 3753 4691 5159.

2225 4721 2364 4811 υίὸς
2377 4739 2713 4813 ηὐξημένος
2739 4755 2856 4808 μου
2889 4733 3160 4802 ζηλωτὸς,
3185 4731 3317 4796 υἱός
3344 4745 3462 4799 μου
3485 4721 3752 4813 νεώτατος⁹

2226 4839 2376 4906 πρός
2408 4812 2414 4813 7
2421 4852 2499 4904 με
2551 4830 2952 4897 ἀνάστρεψον.
2996 4826 3100 4889 Εἰς
3157 4821 3229 4875 ὃν
3277 4812 3758 4906 διαϐουλευόμενοι

2226 4903 2591 4998 ἐλοιδόρουν,
2613 4925 2711 4980 καὶ
2740 4923 2974 4993 ὲνεῖχον
2995 4916 3154 4984 αὐτῷ
3175 4917 3371 4984 κύριοι
3398 4903 3754 4998 τοξευδιιὰτωνἶ

2228 5023 2340 5078 Καὶ
2363 4991 2679 5088 σονετρίϐη
2704 4991 3136 5087 μετὰήκράτους
3171 5011 3244 5066 τὰ
3277 5008 3426 5073 τόξα
3454 4999 3653 5063 αὐτῶν,
3679 4991 3760 5088 tuli

2228 5115 2485 5180 ἐξελύθη
2524 5084 2596 5166 τὰ
2630 5084 2815 5178 νειῖρα
2849 5107 3190 5178 βραχιόνων
3214 5100 3429 5173 χειρῶν
3463 5092 3648 5151 αὐτῶν
3680 5084 3760 5139 διὰ

2231 5207 2398 5277 χεῖρα
2449 5201 2751 5256 δυνάστου
2795 5198 3006 5253 Ἰακώϐ.
3050 5195 3303 5250 Ἐκεῖθεν
3341 5193 3377 5246 ὁ
3421 5182 3760 5278 κατισχύξτιξς

2244 5270 2482 5363 ’Ῐσραὴλ
2519 5291 2677 5360 παρὰ
2720 5289 2866 5343 Θεοῦ
2904 5287 3009 5341 τοῦ
3042 5285 3261 5354 πατρός
3309 5296 3446 5335 σου.
3477 5274 3581 5332 Καὶ
3619 5270 3760 5363 ἐϐοή-

2233 5362 2383 5456 θησέ
2413 5362 2514 5441 σοι
2547 5389 2581 5440 δ
2613 5382 2756 5448 Θεὸς
2781 5385 2813 5436 δ
2838 5381 3001 5450 ἐμὸς,
3047 5379 3145 5432 καὶ
3185 5369 3485 5444 εὐλότησέ
3507 5384 3578 5422 σε
3610 5362 3759 5456 εωρ-

2399 5473 2658 5546 οὐρανοῦ
2685 5473 2934 5536 ἄνωθεν,
2961 5471 3059 5526 καὶ
3096 5465 3376 5537 εὐλογίαν
3399 5460 3509 5534 γῆς
3529 5454 3762 5530 ἐχούσης

2432 5702 2477 5738 ιδ
2502 5700 2658 5760 Joan.
2687 5718 2735 5757 vt
2754 5743 2770 5770 ,
2793 5701 2882 5755 55.
