3814 6198
137 333 238 390 597

1313 330 1733 390 FRAGMENTA
1767 329 1831 384 IN
1870 329 2182 386 GENESIN.

3273 323 3376 377 598

143 457 345 513 πάντα
368 460 594 517 εἵνεκεν
633 460 915 530 εὐλογίας
934 458 1181 528 μαστῶν
1219 458 1312 511 καὶ
1340 457 1590 526 μήτρας,
1621 455 1689 508 εὐ

1825 454 2103 506 dictionem
2129 452 2344 505 uberum
2371 461 2416 503 et
2447 449 2640 512 vulvte,
2668 445 3070 500 benedictionem
3104 446 3267 513 patris
3301 445 3378 496 tui

145 553 350 622 ,Ιοτιάς
376 553 599 620 πατρός
621 568 738 605 σου
765 553 862 605 καὶ
890 552 1112 620 μητρός
1140 567 1275 603 σου·
1307 550 1719 616 ὑπερίσχυσεν

145 645 234 695 ἐπ’
259 643 568 712 εὐλογίαις
615 643 800 710 ὀρέων
840 642 1124 711 μονίμων,
1159 639 1259 694 καὶ
1301 641 1392 694 ἐπ’
1420 639 1717 709 εὐλογίαις

145 731 316 784 θινῶν
342 734 623 785 αἰωνίων·
660 732 722 786 αἳ
757 732 997 786 ἔσονται
1028 733 1124 785 ἐπὶ
1170 729 1444 799 κεφαλὴν
1484 727 1712 798 Ἰωσὴφ,

139 821 228 873 καὶ
255 819 361 872 ἐπὶ
386 802 680 890 κορυξὲἦς,
705 814 792 874 ὧν
821 820 1090 890 ἡγήσατο
1118 817 1412 888 ἀδελφῶν.

202 912 595 968 ΗιΡΡοιϊτυεε
630 914 725 976 Τίς
749 914 903 977 ἄλλος
945 911 1281 982 ηὐξημένος
1315 911 1444 976 υἱὸς
1485 909 1579 963 καὶ
1624 907 1716 977 ζη-

131 1004 322 1069 ..τωτέις
360 1005 472 1068 ἕως
514 1007 614 1077 τῆς
655 1007 910 1077 σήμερον,
935 1007 983 1058 εὶ
1025 1005 1098 1076 μὴ
1131 1007 1159 1057 ὁ
1187 1004 1389 1075 Κύριος
1416 1001 1570 1073 ἡμῶν
1613 1002 1717 1072 Ἰη-

134 1097 256 1158 σοῦς
290 1095 567 1167 Χριστὸςς
600 1096 842 1168 Ζηλωτὸς
876 1097 970 1168 μὲν
994 1093 1085 1150 οὖν
1129 1097 1236 1168 ἄρα
1270 1095 1364 1148 καὶ
1391 1097 1502 1158 τοῖς
1536 1095 1713 1164 μισεῖν

132 1186 472 1256 θελὸμενοις,
531 1187 670 1258 πλὴν
709 1189 806 1241 οὐκ
848 1191 927 1252 εἰς
973 1189 1115 1242 ἅπαν
1162 1188 1449 1258 ἁλώσιμος.
1498 1188 1560 1238 Εἰ
1605 1185 1713 1255 γὰρ

129 1278 220 1328 καὶ
250 1278 458 1349 ἀνέτλη
495 1279 746 1350 σταυρὸν,
777 1281 888 1333 ἀλλ’
922 1281 995 1344 ὡς
1041 1280 1173 1344 Θεὸς
1219 1280 1435 1342 ἀνεϐίω,
1470 1279 1714 1348 πατήσας

126 1367 217 1418 τὸν
253 1368 517 1432 θάνατον,
549 1370 705 1438 μόνον
742 1370 798 1423 δὲ
829 1372 948 1441 οὐχὶ
977 1370 1068 1422 καὶ
1092 1369 1182 1422 τοῦ
1214 1368 1473 1422 Θεοῦοκαὶ
1506 1368 1714 1438 Harpe;

128 1457 538 1524 ἐπεξωνοῦντος
569 1461 662 1512 καὶ
706 1460 968 1528 λέγοντος·
1014 1461 1210 1515 Κάθου
1242 1460 1309 1512 ὲκ
1339 1458 1552 1523 δεξιῶν
1570 1475 1709 1527 μου,

125 1551 221 1601 καὶ
243 1549 316 1601 τὰ.
343 1550 498 1620 ἑξῆς.
535 1552 654 1604 Ὅτι
687 1551 794 1623 γὰρ
817 1550 1234 1604 ὑποπεπτώκασι
1265 1552 1358 1604 καὶ
1379 1553 1426 1603 οἱ
1459 1550 1712 1620 πλείστην

128 1640 258 1708 631p:
302 1641 408 1709 τὴν
449 1643 572 1694 κατ’
606 1641 766 1694 αὐτὸν
811 1641 1002 1712 μανίαν
1043 1641 1336 1704 ὠδίνοντες,
1371 1641 1603 1706 ἐδίδαξεν
1636 1644 1712 1694 εἰ·

291 1729 402 1793 Εἰς
442 1728 518 1780 ὃν
547 1729 1061 1800 διαϐουλευόμενοι
1088 1730 1187 1782 καὶ
1213 1729 1571 1797 ἐλοιδώρουν
1610 1732 1706 1784 καὶ

123 1817 368 1888 ἑνεῖχω·
417 1819 583 1884 αὐτῷ
628 1822 814 1888 κύριοι
860 1821 1252 1890 τοξευμάτων.
1303 1822 1561 1894 Συνέδρια
1597 1824 1706 1895 γὰρ
1738 1805 1781 1858 Β

127 1911 542 1984 συνεγείροντες
591 1912 934 1966 ἐϐουλεύοντο
978 1914 1150 1986 πικρὰ
1191 1914 1307 1968 τῶν
1335 1915 1708 1986 τοξευμάτων

123 2005 175 2052 c-i
202 2002 426 2069 κύριοι,
462 2005 738 2058 τουτέστιν
779 2006 829 2057 ol-
876 2005 983 2059 τῶν
1026 2006 1169 2060 λαῶν
1219 2006 1530 2078 ἡγούμενοι.
1561 2007 1706 2078 Πλὴν

122 2095 452 2161 συνετρίϐη
509 2095 580 2148 τὰ
631 2097 776 2160 τόξα
819 2095 1036 2157 αὐτῶν,
1090 2098 1187 2151 καὶ
1230 2099 1483 2167 ἐξελύθη
1525 2100 1707 2166 νεῦρα

115 2182 476 2252 βραχιόνων
519 2184 718 2237 αὐτῶν
761 2184 859 2239 διὰ
915 2185 1082 2255 χεῖρα
1128 2187 1431 2243 δυνάστου
1490 2189 1703 2253 Ἰακὼϐ,

121 2277 374 2328 τουτέστι
427 2274 524 2328 τοῦ
559 2276 690 2329 Θεοῦ
742 2280 833 2331 καὶ
884 2279 1112 2349 Πατρὸς,
1142 2280 1358 2343 ὅς’ὲστι
1399 2280 1506 2334 τῶν
1545 2281 1706 2335 δυνά-

124 2382 264 2435 pauiu
305 2368 548 2438 Κύριος,
590 2370 649 2432 ὃς
688 2373 782 2424 καὶ
824 2372 1157 2441 εὐλογεῖσθαι
1210 2374 1585 2445 παρεσκεύασε
1616 2374 1705 2428 τὸν

122 2456 240 2510 Υἱὺν
271 2459 340 2512 ἐν
363 2459 452 2529 τῷ
484 2461 696 2531 οὐρανῷ
738 2462 834 2515 καὶ
866 2463 958 2516 ἐπὶ
987 2462 1089 2532 τῆς
1131 2463 1250 2534 γῆς.
1295 2464 1406 2517 Καὶ
1436 2465 1595 2528 αὐτὸς
1626 2467 1705 2528 εἰς

119 2551 284 2604 τύπον
324 2551 447 2605 τῶν
472 2553 762 2624 ἡμετέρων
799 2554 1300 2626 παραλαμϐάνεται,
1342 2556 1525 2621 καθὼς
1559 2558 1708 2630 δηλοῖ

120 2643 170 2698 τὺ
200 2643 581 2712 Εὐςιγγέλιον⁶
607 2642 698 2711 Γῆ
735 2643 1053 2699 Ζαϐουλὼν
1095 2647 1192 2699 καὶ
1233 2646 1308 2716 γῆ
1343 2649 1702 2718 Aeg-9011.181”,

120 2733 256 2789 ὀδόν
282 2735 619 2802 θαλάσσης
640 2736 830 2805 πέραν
855 2736 961 2791 τοῦ
994 2737 1306 2806 Ἰορδάνου,
1331 2742 1427 2792 καὶ
1455 2739 1523 2793 τὰ
1549 2741 1698 2813 ἑξῆς.

121 2828 221 2879 Καὶ
249 2827 391 2892 τοῖς
415 2827 772 2895 καθημένοις
795 2829 864 2880 ἐν
886 2829 1087 2882 σκότει
1115 2829 1238 2898 φῶς
1265 2830 1568 2886 ἀνέτειλεν
1595 2836 1698 2887 ai)-

123 2915 263 2981 τοῖς.
297 2917 467 2969 Ποῖον
505 2917 561 2970 δὲ
604 2917 734 2971 ἄλλο
765 2917 880 2987 φῶς
923 2914 1089 2990 ἦν,ἥ
1134 2920 1322 2991 κλῆσις
1365 2922 1470 2974 τῶν
1516 2923 1700 2988 ἐθνῶν,

120 3009 240 3077 tu;
277 3009 398 3060 ἐστὶ
429 3007 490 3059 τὸ
521 3009 798 3078 στέλεχος,
828 3009 1072 3063 τουτέστι
1096 3011 1157 3063 τὸ
1182 3011 1332 3074 ξύλον
1358 3012 1447 3065 τοῦ
1472 3013 1696 3085 Κυρίου,

1820 555 1870 598 et
1918 545 2103 597 matris
2153 553 2290 606 tute;
2319 541 2594 612 praevaluit
2626 556 2779 607 super
2812 538 3184 591 benedictione:
3227 552 3377 588 mon-

1821 635 1951 686 tium
1988 632 2280 695 stabilium,
2327 640 2373 684 et
2419 632 2474 684 in
2515 627 2955 682 benedictionibus
2983 627 3191 678 collium
3225 637 3380 684 ωιτν·-

1819 741 2006 776 norum
2037 740 2056 778 :
2086 734 2234 777 erunt
2288 738 2441 791 super
2487 732 2640 791 caput
2691 718 2920 788 Joseplt,
2948 728 2994 770 et
3032 733 3185 786 super
3223 723 3380 784 caput

1817 816 2066 884 fratrum,
2102 831 2320 884 quorum
2344 814 2453 866 dua:
2485 813 2604 880 fuit.

1887 905 2090 975 Ecquis
2120 906 2260 960 alius
2294 905 2436 974 ﬁlius
2481 913 2665 957 auctus
2694 912 2742 956 et
2778 901 2975 955 zelatus
3005 900 3069 996 ~in
3106 900 3251 952 hunc
3286 914 3379 952 us-

1816 1012 1922 1066 que
1956 997 2120 1061 d-iem,
2153 1012 2315 1067 quam
2365 995 2626 1049 Dominus
2670 1003 2853 1047 noster
2884 989 3042 1046 Jesus
3083 989 3380 1043 Christus?

1815 1085 2038 1141 Zelatus
2063 1086 2278 1156 quidem
2307 1086 2420 1140 sive
2459 1085 2658 1138 invidia
2691 1085 2888 1152 petitus
2927 1083 2994 1136 ab
3027 1081 3094 1134 iis
3125 1081 3218 1149 qui
3253 1080 3376 1143 odio

1814 1190 1936 1228 eum
1963 1175 2217 1244 prosequi
2248 1176 2502 1244 gaudent,
2543 1184 2598 1227 at
2634 1190 2739 1227 non
2770 1173 2990 1226 omnino
3015 1177 3374 1239 expugnatus.

1814 1268 2135 1338 Quanquam
2170 1269 2313 1322 enim
2365 1284 2580 1322 crucem
2623 1265 2900 1330 sustinuit,
2932 1272 3109 1316 tamen
3147 1271 3205 1313 ut.
3234 1259 3377 1314 Deus

1813 1363 1978 1415 rediit
2033 1363 2084 1414 in
2135 1363 2334 1426 vitam,
2381 1371 2717 1429 mortemque
2765 1357 3119 1418 conculcavit,
3171 1353 3280 1408 Deo
3323 1367 3377 1406 et.

1813 1451 1974 1507 Patre
2024 1453 2128 1522 ipsi
2168 1455 2502 1507 acclamante
2557 1468 2620 1506 ac
2652 1453 2864 1505 dicente
2898 1467 2910 1500 :
2944 1448 3074 1502 Sede
3103 1464 3135 1499 a
3173 1447 3374 1500 dextris

1813 1546 1940 1598 meis
1972 1544 2037 1610 ’⁵,
2069 1553 2123 1598 et
2151 1559 2271 1613 qua;
2321 1553 2640 1613 sequuntur.
2686 1541 2841 1607 Quod
2878 1541 3022 1594 enim
3071 1539 3374 1592 succubuew

1811 1645 1940 1691 runt
1971 1636 2094 1706 ipsi,
2139 1637 2302 1689 etiam
2352 1637 2426 1688 illi
2463 1635 2554 1704 qui
2600 1634 2888 1702 plurimam
2933 1633 3191 1684 adversus
3215 1645 3373 1684 eum-

1810 1730 1930 1783 dem
1986 1728 2251 1782 insaniam
2306 1725 2698 1796 parturiebant,
2751 1725 2909 1777 docet
2950 1741 3072 1780 cum
3128 1728 3202 1782 ait
3248 1747 3260 1781 :
3306 1727 3381 1780 In,

1808 1837 1959 1891 quem
1991 1821 2212 1872 consilia
2243 1820 2562 1887 conferentes
2613 1819 2986 1872 maledicebant
3025 1819 3079 1870 in
3126 1835 3244 1871 eum
3281 1819 3383 1870 do-

1808 1913 1938 1966 mini
1991 1913 2414 1982 sagittationum.
2472 1910 2732 1982 Synedria
2782 1911 2924 1963 enim
2975 1920 3374 1977 convocantes,

1807 2005 1999 2059 acerba
2035 2005 2272 2059 inierunt
2301 2003 2533 2058 consilia
2577 2003 2778 2056 domini
2810 2004 3232 2071 sagittationum,
3270 2003 3386 2057 hoc.

1807 2107 1890 2153 est
1928 2097 2250 2167 populorum
2279 2095 2572 2166 principes.
2610 2093 2806 2148 Verum
2833 2096 3045 2147 contriti
3075 2104 3194 2148 sunt
3221 2111 3374 2149 arcus

1805 2206 2006 2255 eorum,
2053 2199 2102 2242 et
2146 2187 2388 2242 dissoluti
2432 2197 2553 2241 sunt
2601 2188 2743 2240 nervi
2786 2187 3114 2239 brachiorum
3161 2187 3384 2239 illorum

1805 2299 1896 2352 per
1940 2297 2154 2336 manum
2184 2280 2410 2349 potentis
2447 2279 2616 2332 Jacob
2653 2294 2672 2332 :
2700 2280 2802 2333 hoc
2837 2289 2920 2333 est
2950 2278 3042 2335 Dei
3081 2290 3134 2334 et
3174 2278 3375 2344 Patris,

1805 2375 1898 2444 qui
1929 2382 2013 2429 est
2048 2372 2308 2428 Dominus
2355 2381 2754 2441 potentatuum,
2803 2371 2895 2442 qui
2929 2371 3091 2425 etiam
3131 2371 3376 2425 benedici

1805 2466 1931 2521 fecit
1964 2464 2160 2519 Filium
2194 2466 2246 2518 in
2279 2465 2420 2519 caelo
2456 2472 2509 2518 et
2558 2463 2611 2520 in
2644 2472 2806 2517 terra.
2847 2462 2910 2518 Et
2941 2462 3284 2534 Nephlhalim
3320 2465 3383 2518 in

1806 2567 1993 2629 typum
2018 2573 2198 2611 rerum
2229 2566 2538 2612 nostrarum
2571 2555 2892 2620 assumitur,
2927 2565 2986 2610 ut
3009 2557 3166 2611 docet
3197 2555 3376 2610 Evan-

1806 2651 2003 2722 gelium
2040 2667 2052 2702 :
2086 2649 2249 2703 Terra
2299 2648 2535 2702 Zabulon
2568 2657 2616 2701 et
2653 2658 2793 2702 terra
2839 2647 3202 2718 Nepltthalim,
3233 2650 3382 2702 viam.

1805 2745 1968 2797 maris
1999 2742 2143 2796 ultra
2176 2741 2466 2795 Iordanem
2493 2740 2558 2804 “‘,
2589 2749 2643 2792 et
2671 2755 2792 2808 qua:
2814 2750 3132 2809 sequuntur.
3172 2740 3238 2794 Et
3263 2742 3373 2797 illis

1804 2840 1893 2910 qui
1922 2838 2163 2893 sedebant
2192 2840 2246 2891 in
2273 2837 2514 2901 tenebris,
2539 2845 2780 2889 exortum
2803 2845 2877 2888 est
2899 2836 3072 2889 lumen
3101 2839 3165 2891 ¹⁷.
3191 2836 3374 2902 Quod-

1805 2945 1930 2984 nam
1963 2944 2090 2984 vero
2121 2929 2302 2983 lumen
2335 2926 2480 2982 aliud
2519 2943 2681 2996 quam
2714 2929 2924 2982 vocatio
2955 2928 3216 2997 gentium,
3251 2945 3382 2997 quae.

1805 3032 1888 3077 est
1917 3021 2231 3090 virgultum,
2269 3021 2371 3075 hoc
2408 3029 2490 3074 est
2525 3021 2730 3089 lignum
2775 3019 3012 3083 Domini,
3046 3020 3134 3073 cui
3170 3021 3373 3074 inserta

118 3092 164 3165 ᾧ
192 3098 641 3171 ὲγκεντρισθεῖσα
669 3103 1033 3170 καρποφορεῖ;
1088 3101 1159 3153 Τὸ
1178 3102 1254 3164 δὲ,
1287 3103 1588 3172 ἐπιδιδοὺς
1633 3108 1700 3159 ἐν

1809 3113 2017 3169 fructus
2041 3113 2282 3182 profert?
2327 3114 2396 3167 At
2427 3113 2650 3168 verbis:
2682 3112 2827 3165 Dans
2874 3115 2926 3166 in
2978 3114 3208 3182 germine
3251 3115 3373 3183 pul-

125 3188 205 3253 τῷ
231 3188 564 3258 τεννήματι
595 3188 845 3264 κᾴλλος,
885 3190 945 3242 τὸ
975 3190 1308 3261 ὑπερϐάλλον
1336 3193 1434 3264 τῆς
1458 3194 1700 3266 κλήσεως

123 3281 271 3350 animi
300 3283 458 3351 ἡμῖν.
487 3281 550 3333 El
571 3280 628 3333 δὲ
657 3281 750 3333 καὶ
775 3281 860 3350 ἐφ’
884 3280 1040 3351 ὴμῶν
1076 3285 1245 3334 νοοῖτο
1275 3284 1433 3353 τυχὸν
1463 3285 1542 3352 τὸ,
1577 3287 1702 3340 ἑπι-

127 3372 329 3439 διδοὺς
365 3373 442 3426 ἐν
467 3371 545 3437 τῷ
572 3372 893 3442 τεννήματι
917 3373 1162 3439 κάλλος,
1197 3375 1296 3428 οὐκ
1327 3376 1646 3450 ἀσυμφανὴς
1671 3381 1699 3432 ὁ

127 3462 298 3531 λόγος.
339 3465 753 3534 Προκόπτοντες
804 3463 912 3536 γὰρ
953 3465 1040 3518 ἀεὶ
1081 3466 1200 3520 κατ’
1228 3467 1426 3539 ἀρετὴν
1467 3469 1559 3522 καὶ
1591 3471 1697 3524 τῶν

125 3555 424 3620 ἀμεινόνων
444 3555 844 3627 ἀφικνούμενοι,
871 3558 987 3622 ἦτοι
1016 3556 1139 3624 τοῖς
1161 3559 1498 3626 ἔμπροσθεν
1521 3563 1696 3616 ἐπεκ-

125 3651 452 3717 τεινόμενοι
491 3649 636 3703 κατὰ
677 3651 778 3720 τὴν
815 3649 906 3703 τοῦ
938 3650 1206 3723 μακαρίου
1241 3652 1452 3705 Παύλου
1493 3658 1692 3726 φωνὴν,

131 3741 209 3802 εἰς
257 3741 460 3804 κάλλος
503 3741 590 3795 ἀεὶ.
639 3741 700 3793 τὸ
749 3743 1203 3814 περιφανέστερον
1256 3744 1694 3818 ἀναθρώσκομεν·

131 3830 316 3896 κάλλος
336 3832 398 3886 δέ
425 3849 567 3902 φημι
589 3833 652 3885 τὸ
683 3834 1064 3903 πνευματικὸν,
1107 3833 1192 3886 ἶνα
1220 3835 1314 3887 καὶ
1341 3837 1469 3906 ἡμῖν
1491 3836 1700 3905 λέγοιτο

391 3923 798 3992 Ἐπεθύμησεν
847 3927 880 3977 ὁ
928 3925 1226 3992 ,βασιλεὺς
1270 3927 1376 3981 τοῦ
1431 3927 1699 3996 κάλλους

130 4029 258 4071 σου.

1807 3205 2190 3271 cltritudiuem,
2226 3203 2612 3258 abundantiam
2656 3203 2957 3256 vocationis
2982 3203 3138 3256 nobis
3165 3203 3373 3270 signiti-

1805 3306 1912 3351 cat.
1956 3296 2010 3350 Si
2048 3311 2176 3351 vero
2204 3305 2259 3350 et
2298 3296 2364 3350 de
2392 3295 2548 3350 nobis
2594 3294 2967 3364 intelligantur
2994 3296 3157 3349 verba
3195 3312 3207 3346 :
3237 3296 3371 3348 dans
3400 3361 3408 3374 λ

1802 3391 1858 3442 in
1909 3389 2135 3458 germine
2183 3387 2664 3458 pulchritudinem,
2717 3402 2823 3440 non
2872 3387 3235 3457 incongruens
3269 3389 3374 3440 erit

1803 3481 1996 3534 oratio.
2030 3479 2379 3535 Prolicientes
2412 3479 2555 3533 enim
2605 3495 2816 3548 semper
2858 3480 2910 3533 in
2956 3481 3182 3540 virtute.
3213 3490 3266 3534 et
3304 3480 3376 3534 ad

1805 3573 2029 3626 meliora
2083 3580 2444 3640 penetrantes,
2503 3571 2616 3624 sive
2671 3571 2969 3626 secundum
3021 3573 3163 3626 beati
3218 3571 3375 3626 Pauli

1804 3663 2088 3732 vocem,ad
2119 3664 2298 3730 priora
2333 3680 2424 3715 nos
2453 3663 2782 3717 extendentes
2814 3664 2876 3731 “3,
2912 3667 2976 3718 ad
3009 3667 3369 3734 pulchritudi-

1805 3773 1928 3810 nem
1964 3770 2176 3822 semper
2228 3755 2647 3823 splendidiorem
2690 3757 2980 3822 enitimur;
3012 3758 3372 3826 pulchritudi-

1805 3862 1952 3910 nem,
1976 3846 2218 3914 inquam,
2247 3845 2579 3913 spiritalem,
2615 3854 2674 3899 ut
2711 3857 2764 3899 et
2795 3848 2952 3903 nobis
2982 3847 3192 3902 dicatur
3220 3848 3375 3902 dein-

1805 3952 1931 4007 ceps
1956 3953 1972 3990 :
1999 3935 2304 4006 Concupivit
2336 3926 2426 3990 rei;
2457 3935 2696 3992 decorent
2724 3947 2871 3992 tuum
2897 3939 2962 3994 ¹⁹.

1345 4137 1470 4191 Post
1504 4112 1757 4196 nonnulla
1789 4140 2107 4212 Apollinarii
2137 4158 2154 4195 :

188 4227 537 4285 HIPPOLYTUS
578 4244 594 4281 :
645 4229 760 4283 Ἐπ’
806 4230 965 4282 αὐτὸν
1013 4229 1069 4283 δὲ
1121 4230 1281 4284 πάλιν
1342 4233 1432 4286 τὸν
1490 4235 1699 4307 Ἐμμα-

126 4321 277 4392 νουὴλ
320 4324 352 4375 6
401 4323 503 4392 τῆς
554 4323 886 4393 προφητείας
946 4323 1153 4396 διέρπει
1211 4323 1384 4393 λόγος.
1447 4327 1693 4400 Ἐπειδὴ,

1879 4234 1960 4292 Ad
2015 4238 2191 4307 ipsum
2245 4238 2437 4293 iterum
2492 4239 2811 4295 Emmanuel
2866 4241 3160 4310 prophetiae
3203 4243 3374 4311 serpit

1805 4330 2002 4387 oratio.
2046 4331 2524 4401 Quandoquidem,
2561 4343 2622 4387 ut
2669 4334 2940 4397 existimo,
2977 4334 3122 4388 aliud
3175 4350 3238 4389 ex
3281 4336 3373 4389 illa

125 4407 289 4482 οἶμαι,
313 4427 424 4463 που
447 4411 511 4464 τὺ
535 4411 780 4482 ὲξμύτῆς
801 4411 1126 4482 δηλούμενον
1150 4413 1337 4484 ἕτερον
1355 4416 1505 4470 οὐδέν
1531 4419 1699 4483 ἐστιν,

1809 4419 2170 4490 signiﬁcatum
2207 4420 2343 4474 nihil
2371 4430 2477 4483 est,
2514 4438 2676 4491 quam
2701 4425 2843 4491 quod
2867 4424 2980 4492 jam
3021 4423 3186 4480 modo
3210 4425 3368 4490 dixit,

127 4502 156 4572 ἢ
191 4504 327 4574 ὅπερ
387 4501 494 4572 ἔφη
543 4503 776 4573 ἀρτίως,
823 4503 1126 4571 ἐπιδιδοὺς
1163 4507 1232 4558 ἐν
1269 4506 1347 4571 τῷ
1381 4508 1699 4578 τεν-νήματι

128 4593 373 4659 κάλλος*
399 4592 465 4645 τὸ
505 4593 614 4664 γὰρ
647 4594 914 4664 ηὐξῆσθαι
942 4594 1085 4662 λέγει
1109 4596 1272 4650 αὐτὸν
1295 4597 1390 4669 τὴν
1421 4603 1500 4664 εἰς
1522 4601 1582 4654 τὸ
1604 4603 1696 4656 ἀπ’

129 4685 289 4754 ipp-1.;
320 4683 571 4738 ἐπίδοσιν
604 4684 700 4738 καὶ
727 4686 1036 4757 ἀναδρομὴν
1068 4687 1170 4757 τῆς
1194 4689 1420 4760 ἐνούσης
1445 4692 1697 4758 εὐκλείας

129 4775 262 4844 αὐτῷ
315 4774 571 4843 φυσικῶς
614 4777 886 4847 σημαίνει.
939 4777 1107 4831 Τοῦτο
1154 4780 1371 4844 πάντως
1397 4785 1696 4852 κατάγεται

130 4864 291 4932 ὀρθῶς
325 4865 478 4936 ἔχειν
511 4866 930 4936 ὑπειλημμένον.
971 4868 1183 4939 Ἐπειδὴ
1215 4868 1324 4940 γὰρ
1369 4871 1443 4941 (5)
1479 4875 1506 4925 ὁ
1539 4891 1697 4942 μονο-

129 4957 277 5030 γενὴς
310 4958 412 5012 τοῦ
461 4958 596 5011 Θεοῦ
633 4960 822 5027 Λόγος,
855 4960 986 5023 Θεὸς
1030 4963 1286 5034 ὑπάρχων
1335 4966 1397 5016 ἐκ
1428 4964 1561 5018 Θεοῦ
1593 4967 1693 5036 (6),

187 5170 225 5201 ι’
256 5167 409 5224 Psal.
435 5183 546 5233 CIX,
574 5168 624 5221 1.

187 5343 266 5414 (5)
307 5341 544 5419 Ἐπειδὴ
587 5343 797 5419 rita}.
825 5361 876 5419 τ.
900 5345 950 5398 λ.
976 5344 1100 5419 Haec
1129 5359 1182 5419 et
1212 5350 1490 5418 sequentia
1522 5367 1694 5419 usque

134 5413 185 5465 ad
211 5413 301 5474 ea,
338 5413 584 5481 ὑπάρχον
620 5413 786 5484 αὐτῷ,
824 5414 1007 5470 Romae
1034 5417 1100 5470 ab
1126 5413 1312 5473 Isaaco
1344 5420 1537 5475 Vossio
1597 5413 1692 5476 de-

138 5483 790 5552 s_eripta,ediditgprimum
825 5485 1058 5541 Grabius
1085 5489 1138 5540 in
1165 5490 1438 5545 adnotatis
1463 5492 1529 5544 ad
1554 5490 1691 5545 Bulli

141 5549 338 5617 Deféns.
367 5551 462 5632 ﬁd.
492 5549 644 5632 {Vica
679 5570 800 5632 pag.
831 5554 950 5620 105,
989 5565 1051 5632 οι⁸
1081 5559 1295 5632 quidem
1336 5562 1572 5632 pleniora
1609 5571 1692 5615 at-

139 5634 230 5738 «ὲαοῖ
253 5621 626 5699 emendation
648 5621 773 5687 {ad
792 5641 910 5695 qua:
936 5621 1161 5695 proinde
1185 5621 1464 5700 exegimus
1487 5631 1691 5687 editum

159 5705 202 5738 ‘3
226 5706 531 5738 ll’lClanlllll-

159 5705 531 5745 ’anncmnum.

204 5759 275 5828 (ὓ)
321 5760 461 5828 Θεὸς
502 5763 783 5833 ὑπάρχων
824 5767 889 5820 ἐκ
933 5768 1099 5825 Θεοῦ.
1159 5768 1521 5831 Observamus
1574 5783 1694 5843 post

1805 4510 1938 4565 dans
1968 4513 2023 4564 in
2053 4513 2280 4581 germine
2313 4513 2789 4582 pulchritudinem;
2817 4515 2894 4570 ait
2935 4516 3079 4570 enim
3111 4533 3236 4572 eum
3268 4534 3368 4571 au-

1805 4618 2023 4672 gescere
2061 4604 2410 4660 incrementis
2455 4607 2507 4660 in
2536 4608 2585 4662 id
2621 4610 2765 4677 quod
2807 4610 2874 4664 ab
2903 4611 3059 4664 initio
3086 4610 3282 4676 fuerat,
3317 4621 3372 4665 et

1803 4695 1974 4748 reditu
2026 4696 2090 4749 ad
2140 4698 2460 4762 naturalem,
2495 4715 2615 4768 qua:
2659 4701 2713 4754 in
2758 4701 2851 4756 illo
2898 4711 3002 4767 est,
3031 4703 3369 4758 nobilitatem

1804 4783 1936 4837 ferri
1966 4785 2253 4855 significat.
2280 4786 2394 4842 lloc
2436 4790 2662 4844 omnino
2699 4802 2846 4847 recte
2879 4792 3194 4862 intelligitur
3221 4793 3370 4864 quod

1804 4886 2190 4945 assumpserat.
2239 4875 2683 4950 Quandoquidem
2731 4885 3066 4954 unigenitum
3111 4885 3204 4936 Dei
3237 4882 3370 4937 Ver-

1802 4969 1952 5033 bum,
1989 4967 2130 5024 Deus
2162 4985 2227 5024 ex
2263 4970 2372 5026 Deo
2403 4974 2691 5040 exsistens,
2716 4976 3046 5045 semetipsum
3069 4976 3369 5033 secundum

702 5169 745 5199 ”
765 5169 951 5224 Matth.
984 5186 1055 5234 tv,
1089 5170 1174 5226 15.
1253 5173 1294 5203 ³⁷
1331 5173 1464 5228 Ibid.
1494 5175 1579 5230 16.
1659 5178 1700 5208 ’⁸

1813 5177 1961 5247 ihpp.
1989 5180 2180 5244 "1,13.
2260 5181 2302 5212 *9
2328 5179 2469 5236 Psal.
2497 5199 2639 5249 κων,
2670 5184 2755 5237 12.

1798 5352 2080 5429 Grabium,
2111 5365 2358 5429 sanctum
2392 5367 2681 5429 martyrem
2711 5357 2990 5429 ipsiusmet
3023 5356 3238 5429 concilii
3269 5355 3365 5410 Ni-

1799 5426 2190 5497 czeniphrasin
2221 5443 2485 5497 usurpare
2519 5425 3016 5497 {quemadmodum
3054 5425 3192 5480 inira
3239 5444 3365 5480 con-

1799 5505 1882 5566 tra
1911 5493 2160 5566 Noetunt,
2198 5512 2319 5566 cap.
2355 5493 2443 5562 '10,
2469 5493 2606 5551 dixit
2643 5496 2755 5565 φῶς
2782 5499 2844 5549 ἐκ
2872 5495 3066 5564 φωτός,
3094 5497 3269 5551 lumen
3297 5499 3362 5552 de

1796 5561 2012 5617 lumine.
2059 5564 2236 5620 Minus
2267 5561 2435 5621 recte
2465 5567 2624 5620 vertit
2653 5561 2850 5622 'verba.
2884 5561 2985 5620 ista
3035 5566 3313 5621 Fabricius
3346 5587 3358 5622 :

1797 5634 1928 5710 Cum
1959 5636 2096 5710 Dens
2126 5646 2256 5710 esset
2284 5653 2310 5688 e
2342 5637 2480 5701 Deo;
2513 5637 2599 5710 uti»
2641 5645 2692 5710 et
2736 5639 3054 5710 sequentia,
3085 5648 3362 5710 sponteqne

1797 5720 1850 5756 se
1881 5705 1932 5757 in
1967 5705 2184 5780 idqnod
2230 5723 2329 5780 non
2363 5721 2473 5762 erat
2510 5707 2706 5776 induit,
2738 5720 2891 5780 atque
2926 5708 3202 5778 inglorium
3242 5705 3362 5762 caro

1799 5790 1910 5828 nent
1938 5775 2036 5828 sibi
2071 5777 2301 5832 induxit.
