3814 6198
493 226 598 285 599

1371 239 1428 294 S.
1473 237 1839 298 HIPPOLYTI
1880 242 2029 311 OPP.

2145 243 2254 300 lRS
2289 245 2330 302 1.
2367 276 2436 289 -
2472 245 2884 304 ΕΧΕΟΕΤΙΟΔ.
3531 266 3609 322 mn

493 350 803 422 Scripturas
850 357 1138 412 exinanivit
1177 360 1244 421 ⁸⁸³.
1270 359 1562 418 demittens
1593 363 1736 435 ultro
1780 380 1841 420 se
1887 365 2040 434 ipsuu

2168 366 2498 421 κεκοίνωκεν
2528 366 2746 423 ἑαυτὸν
2787 367 2929 422 κατὰ
2963 367 3059 432 τὰς
3098 369 3315 442 Γραφὰς,
3349 337 3502 443 καθεὶς
3526 383 3615 437 me-

490 442 549 501 in
580 444 630 500 id
661 447 804 516 quod
835 462 944 502 non
989 458 1126 514 erat,
1154 460 1209 504 et
1243 452 1405 506 vilem
1454 450 1659 509 hancce
1709 469 1927 510 carnem
1976 456 2060 509 in-

2162 457 2349 531 λοντὴς
2374 459 2562 513 ἑαυτὸν
2594 462 2674 523 είς
2708 458 2845 530 ὅπερ
2873 459 2972 513 οὐκ
3001 454 3086 531 ἦν,
3112 463 3198 515 καὶ
3236 465 3321 535 τὴν
3350 468 3502 535 ἄδοξον
3521 475 3617 527 ταῦ.

489 534 632 600 duit,
662 546 825 607 atque
866 539 920 594 in
973 543 1107 594 servi
1136 541 1308 611 [arma
1352 545 1629 613 apparuit,
1666 544 1777 601 Deo
1822 556 1886 602 eo
1913 545 2040 602 Patr

2159 566 2261 620 την
2294 549 2472 621 σάρκα
2502 549 2835 622 ἠμπέσχετο,
2864 549 2957 602 καί⁵
2986 550 3041 602 ὲν
3071 553 3134 621 τῇ
3149 551 3246 606 τοῦ
3266 534 3455 611 δούλου
3466 562 3620 631 μορφῇ

490 626 664 697 factus
710 628 954 686 obedieus
992 649 1155 704 usque
1203 635 1272 686 ad
1306 644 1560 700 mortem;
1605 647 1876 707 eapropger
1902 638 2053 693 dein-

489 734 618 790 ceps
645 729 695 774 et
723 723 1144 792 superexallatus
1172 724 1404 795 legitur;
1441 736 1496 782 et
1528 736 1787 799 tanquam
1818 729 1869 785 id
1895 745 2060 801 prope

488 827 599 867 non
635 814 841 870 habens
871 829 1093 887 propter
1130 818 1424 874 humanam
1451 830 1723 888 naturam,
1747 837 1814 878 ac
1837 823 2061 897 gratuiti

485 906 665 961 instar
689 908 838 974 doni,
866 908 1074 979 accepit
1113 926 1301 964 nomen
1347 928 1504 981 super
1543 928 1692 966 omne
1730 930 1937 981 nomen,
1965 930 2057 972 se-

486 999 728 1054 cundum
760 1001 900 1055 beati
936 999 1087 1056 Pauli
1114 1003 1298 1059 verba.
1332 1002 1438 1059 Sed
1479 1020 1543 1061 ex
1587 1005 1663 1060 rei
1694 1006 1939 1067 veritate.
1968 1023 2061 1078 res.

482 1101 665 1146 tamen
716 1093 833 1162 ipsa
886 1109 993 1148 non
1027 1102 1145 1149 erat
1175 1111 1363 1151 eorum
1398 1098 1602 1152 donum
1632 1113 1757 1168 qum
1786 1100 1856 1155 ab
1897 1101 2056 1158 initio

482 1186 811 1241 naturaliter
858 1186 912 1241 in
958 1200 1024 1241 eo
1062 1186 1206 1243 haud
1260 1198 1445 1251 essent
1471 1188 1656 1261 (longe
1696 1192 1853 1247 aliter
1877 1209 1937 1248 sc
1966 1210 2054 1250 res

482 1279 700 1349 habet);
741 1281 834 1336 sed
878 1281 1059 1350 potius
1106 1281 1313 1336 reditus
1355 1282 1751 1351 existimandus
1779 1294 1863 1341 est
1890 1294 1946 1340 et
1970 1302 2058 1341 re-

435 1418 441 1425 .
483 1387 681 1427 cursus
714 1370 781 1427 ad
821 1372 895 1437 id,
927 1373 1073 1443 quod
1113 1373 1182 1431 ab
1224 1373 1381 1429 initio
1413 1376 1777 1435 essentialiter
1810 1386 1863 1432 et
1902 1378 2053 1434 inse--

480 1464 798 1534 parabiliter
826 1465 876 1520 ei
907 1465 1102 1536 inerat.
1135 1463 1503 1533 Quamobrem
1536 1477 1591 1523 et
1619 1483 1744 1541 cum
1781 1483 1876 1539 per
1906 1484 2055 1526 (eco-

479 1557 721 1614 nomiam
749 1558 1053 1614 humilitate
1076 1560 1258 1619 carnis
1277 1569 1423 1627 esset
1448 1562 1691 1629 indutus,
1716 1562 1793 1620 ait
1817 1580 1832 1616 :
1867 1562 2050 1629 Pater,

476 1650 719 1720 glori/ica
750 1667 831 1705 me
859 1650 1029 1722 gloria
1054 1668 1211 1722 quam
1240 1653 1400 1708 habui
1425 1655 1493 1722 ἰ,
1513 1665 1567 1710 et
1584 1670 1706 1725 qua:
1727 1665 2049 1726 sequuntur.

2162 641 2367 714 πέφηνε
2401 641 2511 713 (7),
2543 640 2801 713 γεγονὼς
2831 640 3096 708 ὑπήκοος
3130 642 3202 713 τῷ
3244 644 3349 723 Θεῷ
3388 648 3467 702 καὶ
3490 650 3623 724 Πατρὶ

2153 730 2331 806 μέχρι
2371 732 2651 797 θανάτου,
2693 732 2878 802 ταύτῃ
2926 749 3007 785 τοι
3043 732 3214 787 λοιπὸν
3248 735 3339 788 καὶ
3358 737 3627 809 suam.

2158 830 2300 880 σθαι
2342 825 2580 895 λέγεται*
2617 826 2711 879 καὶ
2742 825 2818 891 ὡς
2862 826 2963 880 οὐκ
2994 825 3126 897 ἔχων
3155 826 3245 903 διὰ*
3272 829 3327 883 τὸ
3361 829 3626 901 ἀνθρώπινον

2161 916 2460 987 μονονουχὶ,
2487 917 2583 970 καὶ
2609 918 2666 968 ὲν
2691 916 2910 988 χάριτος
2939 916 3119 988 μοίρᾳ,
3143 917 3384 989 λαμϐάνει
3410 921 3468 973 τὸ
3490 921 3629 991 ὄνομα

2155 1012 2224 1064 τὸ
2258 1009 2410 1079 ὑπὲρ
2449 1009 2572 1066 πᾶν
2600 1009 2805 1081 ὄνομα,
2838 1009 2980 1064 κατὰ
3010 1011 3106 1083 τὴν
3144 1010 3232 1071 τοῦ
3269 1014 3499 1084 μακαρίου
3523 1014 3632 1068 Παύ-

2155 1101 2252 1167 λου¹
2294 1103 2496 1174 φωνήν.
2546 1101 2681 1155 Ἀλλ’
2709 1086 2778 1172 ἦν
2807 1101 2868 1155 τὸ
2917 1102 3104 1174 χρῆμα
3146 1102 3280 1157 κατὰ
3305 1103 3359 1156 τὸ
3392 1103 3552 1176 ἀληθὲς
3576 1105 3635 1178 (8)

2154 1196 2217 1248 οὐ
2250 1194 2393 1257 δόσις
2424 1193 2501 1257 ὼς
2530 1194 2587 1246 ὲν
2618 1195 2758 1265 ἀρχῇ
2791 1192 2897 1247 τῶν
2918 1195 3019 1248 οὐκ
3047 1194 3259 1250 ἐνόντων
3277 1194 3411 1266 αὐτῷ
3429 1198 3637 1265 φυσικῶς,

2155 1284 2350 1340 πολλοῦ
2394 1302 2460 1356 γε
2491 1286 2585 1339 καὶ
2629 1284 2725 1343 δεῖξ’
2776 1288 2945 1340 νοοῖτο
2966 1285 3012 1338 δ’
3043 1285 3110 1339 ἂν
3147 1286 3330 1357 μᾶλλον
3359 1288 3639 1361 ἀναφοίτησις

2155 1373 2249 1426 καὶ
2299 1371 2574 1445 ἀναδρομὴ
2605 1373 2741 1445 πρὸς
2772 1374 2834 1427 τὸ
2883 1374 2941 1426 ἐν
2989 1374 3130 1447 ἀρχῇ
3173 1377 3262 1431 καὶ
3305 1376 3537 1441 οὑσιωδῶς
3570 1380 3642 1432 καὶ

2154 1463 2546 1536 ᾁναποσλήτως
2578 1466 2822 1539 ὺπᾲρχον
2853 1465 3023 1538 αὐτῷ.
3053 1469 3435 1542 Τοιγάρτοιμκαὶ
3457 1470 3641 1540 ἔφασκεν

2152 1556 2181 1607 ὁ
2213 1554 2311 1625 τῆς
2336 1555 2755 1633 ἁνθρωπότητος
2788 1557 2850 1612 τὸ
2883 1561 3286 1632 σμικροπρεπὲς
3317 1561 3513 1625 ὑποδοὺς
3537 1566 3645 1618 οἱκο-

2153 1646 2411 1716 νομικῶς·
2460 1647 2675 1718 Πάτερ,
2719 1648 2988 1713 δόξασόν
3032 1668 3111 1720 με
3160 1650 3231 1721 τῇ
3268 1651 3404 1722 δόξῃ
3438 1648 3473 1724 ᾖ
3502 1650 3647 1724 εἶχον,

479 1742 708 1814 Semper
737 1744 883 1798 enim
914 1753 1030 1799 erat
1072 1744 1128 1799 in
1168 1745 1336 1815 gloria
1378 1746 1581 1812 divina,
1617 1746 1860 1817 quiante
1889 1762 2040 1803 omne

2157 1741 2247 1815 καὶ
2279 1739 2348 1794 τὰ
2380 1739 2521 1812 ἑξῆς.
2566 1740 2676 1794 Ἀεὶ
2700 1740 2811 1813 γὰρ
2841 1736 2909 1812 ἦν
2934 1744 2993 1795 ὲν
3020 1742 3149 1814 δόξῃ
3174 1742 3459 1816 θεοπρεπεί,
3479 1744 3544 1816 τῷ
3565 1746 3649 1816 ἰδίῳ

475 1852 650 1892 aevum
676 1843 731 1891 et
761 1845 975 1906 tempus
997 1847 1161 1906 atque
1204 1847 1330 1894 ante
1377 1840 1565 1895 mundi
1600 1841 2047 1901 constitutionem

472 1928 695 1998 proprio
722 1927 871 1983 Patri
898 1929 1197 2000 coexsistit.

544 2019 871 2091 lntelligitur
920 2021 1084 2076 etiam
1115 2024 1503 2079 convenienter
1544 2040 1641 2095 per
1666 2025 2049 2092 adolescentia.-

471 2128 582 2168 rem
615 2112 730 2166 sive
746 2112 1038 2183 juniorem.
1093 2115 1362 2183 Apparuit
1411 2115 1558 2170 enim
1618 2117 1673 2170 in
1715 2116 1923 2173 ultimis
1948 2117 2048 2173 aevi

468 2204 833 2275 temporibus,
862 2213 918 2259 et
944 2215 1066 2275 post
1087 2214 1403 2262 sanctorum
1432 2208 1819 2279 pr0phetarum
1847 2208 2044 2279 glorio-

470 2313 592 2371 sum
625 2306 681 2352 et
734 2296 961 2369 dignum
1014 2313 1200 2352 amore
1239 2299 1466 2369 chorum
1493 2341 1508 2363 ,
1556 2308 1612 2369 et
1639 2300 1958 2370 simpliciter
1983 2316 2048 2357 ac

470 2389 639 2457 semel
663 2399 724 2445 ut
747 2390 953 2455 dicam,
983 2399 1106 2462 post
1139 2405 1332 2447 omnes
1377 2401 1647 2462 quotquot
1678 2404 1805 2448 ante
1832 2403 2047 2463 tempus

466 2481 893 2548 incarnationis,
926 2482 979 2535 in
1013 2480 1207 2537 ordine
1238 2482 1479 2538 ﬁliorum
1513 2484 1584 2538 ob
1621 2485 1875 2539 virtutem
1898 2498 2049 2540 com-

408 2590 413 2597 '
466 2574 644 2645 putati
691 2583 840 2630 sunt.
902 2573 1118 2630 Zelatus
1151 2585 1332 2631 autem
1386 2574 1535 2647 quod
1567 2576 1768 2632 dicitur
1822 2574 2045 2642 Emmao

466 2664 618 2732 nuel,
640 2673 726 2720 est
747 2665 1156 2736 quodammodo
1181 2666 1516 2737 ambiguum.
1545 2665 1659 2727 lmo
1687 2682 1816 2723 vero
1835 2667 2046 2724 zelatus

469 2759 586 2818 sive
614 2759 958 2825 aemulandus
987 2769 1072 2816 est
1125 2760 1351 2829 sanctis,
1394 2762 1491 2831 qui
1541 2761 1772 2835 vestigia
1811 2762 1933 2833 ejus
1957 2777 2046 2819 se-

465 2852 604 2911 etari
632 2852 912 2908 studentes
941 2854 1010 2923 ad
1053 2854 1295 2913 divinam
1346 2854 1467 2924 ejus
1492 2855 1950 2925 pulchritudinem
1986 2871 2047 2927 se

464 2946 834 3010 conformant,
867 2955 923 3005 et
942 2949 1124 3019 ipsum
1156 2947 1264 3004 sibi
1311 2957 1631 3018 proponunt
1663 2949 2043 3018 praescriptum

465 3056 657 3095 eorum
687 3056 811 3110 qua:
830 3055 992 3111 agere
1021 3040 1277 3103 debeant,
1336 3054 1720 3117 summamque
1774 3037 1902 3094 inde
1932 3038 2044 3109 διον
2067 3070 2110 3129 c

463 3133 606 3187 riam
636 3132 902 3187 referunt.
934 3129 1153 3187 Zelatus
1180 3145 1310 3187 vero
1334 3131 1499 3192 etiam
1530 3131 1584 3184 in
1616 3130 1784 3185 alium
1812 3128 2038 3200 intelligi

465 3223 689 3282 modum
714 3232 913 3295 potest,
969 3223 1074 3280 hoc
1126 3234 1211 3279 est
1254 3223 1461 3291 invidia
1511 3223 1714 3293 petitus
1741 3222 1906 3278 abiis
1942 3221 2038 3291 qui

465 3331 592 3371 eum
624 3331 733 3369 non
786 3313 1051 3385 diligunt;
1106 3315 1362 3379 ducibus,
1396 3314 1645 3385 inquam,
1697 3312 2033 3380 Iudaeorum,

463 3407 579 3461 sive
610 3405 818 3464 Scribis
873 3416 1039 3479 atque
1089 3406 1414 3473 Pharisaeis;
1447 3406 1545 3477 qui
1601 3405 1859 3462 acerbum
1890 3405 1946 3462 in
1974 3420 2036 3467 se

460 3496 827 3564 parturientes
857 3497 1056 3563 zelum,
1105 3506 1161 3552 et
1206 3496 1423 3552 invidia:
1455 3496 1743 3552 materiam
1769 3495 2033 3550 facientes

463 3588 571 3655 sibi
599 3604 663 3649 ex
690 3588 811 3660 ejus
840 3604 963 3660 quae
988 3588 1124 3661 eripi
1159 3589 1237 3644 illi
1265 3604 1375 3644 non
1402 3597 1582 3659 potest
1620 3588 1811 3660 gloria.
1845 3586 2033 3643 multis

460 3679 642 3736 modis
691 3695 814 3736 eum
864 3682 1177 3751 captabant.
1210 3680 1464 3736 Christus
1524 3680 1745 3751 quidem
1778 3680 1831 3734 in
1861 3680 2029 3736 vitam

460 3782 810 3831 revocaverat
838 3781 1085 3828 mortuos
1105 3772 1219 3843 jam
1260 3770 1513 3828 fatentes
1553 3782 1608 3828 et
1634 3782 1939 3842 corruptos,
1978 3782 2033 3828 et

460 3868 567 3937 alia
599 3868 781 3927 divina
805 3869 959 3936 signa
979 3867 1226 3925 ediderat
1253 3885 1268 3934 ;
1298 3869 1442 3924 unde
1493 3867 1577 3924 fas
1616 3879 1736 3925 erat
1763 3868 1890 3925 illos
1914 3876 2032 3924 stu-

459 3969 651 4031 pentes
701 3960 771 4015 ad
822 3961 963 4025 ista,
1030 3963 1251 4017 credere
1324 3975 1503 4030 neque
1584 3961 1820 4031 amplius
1871 3960 2032 4016 dubi-

2156 1834 2511 1906 συνυπάρχων
2554 1835 2838 1907 γεννήτορι
2886 1836 2991 1907 πρὸ
3019 1837 3223 1901 παντὸς
3254 1836 3432 1902 αἰῶνος
3457 1838 3537 1891 καὶ
3555 1840 3651 1909 χρό-

2152 1944 2243 1982 νου
2274 1926 2369 1980 καὶ
2400 1926 2499 1998 τῆς
2528 1925 2621 1981 τοῦ
2645 1929 2848 2001 κόσμου
2877 1930 3201 2002 καταϐολῆς.

2221 2017 2412 2069 Νοοῖτο
2430 2016 2474 2069 δ’
2504 2016 2570 2073 ἂν
2596 2018 2820 2083 εἰκότως
2848 2020 2940 2074 καὶ
2967 2021 3273 2087 νεώτατος.
3291 2021 3483 2092 [Ιέφηνε
3507 2020 3594 2090 γὰρ
3611 2020 3656 2074 ἐν

2149 2109 2473 2173 τελευταίοις
2513 2109 2606 2163 τοῦ
2658 2109 2853 2176 αἰῶνος
2902 2115 3139 2185 καιροῖς,
3175 2113 3267 2167 καὶ
3321 2113 3446 2184 μετά
3479 2111 3556 2165 τὸν
3576 2112 3659 2166 τῶν

2149 2200 2320 2274 ἁγίων
2338 2199 2632 2273 προφητῶν
2648 2202 2845 2257 εὐκλεᾶ
2873 2221 2934 2257 τε
2962 2205 3063 2259 καὶ
3083 2203 3397 2273 ἀξιάγαστον
3421 2203 3659 2275 χορδν,καὶ

2151 2294 2298 2361 ἅπαξ
2329 2292 2515 2358 ἁπλῶς
2563 2295 2702 2365 μετὰ
2744 2297 2952 2361 πάντας
2980 2298 3111 2361 τοὺς
3160 2296 3267 2368 πρὸ
3296 2296 3389 2365 τῆς
3422 2296 3661 2367 ἐπιδημίας

2147 2386 2223 2449 ὡς
2252 2388 2311 2439 ὲν
2339 2384 2471 2440 υἱῶν
2492 2386 2643 2454 τάξει
2668 2386 3086 2459 λελογισμένους
3110 2389 3176 2442 δι’
3206 2391 3416 2461 ἀρετήν.
3439 2386 3662 2454 Ζηλωτὸς

2147 2476 2205 2533 δὲ
2234 2478 2315 2531 ὅτι
2340 2478 2561 2547 γέγονεν
2589 2481 2619 2533 ὁ
2683 2480 3028 2552 Ἐμμανουὴλ
3088 2480 3207 2544 πῶς
3248 2483 3390 2535 ἐστιν
3441 2478 3663 2552 ἀμφιϐάλ-

2148 2569 2279 2626 λειν.
2326 2571 2485 2627 Ἀλλὰ
2516 2569 2755 2644 ζηλωτὸς
2794 2572 2891 2643 μὲν
2926 2573 3109 2642 ἁγίοις
3151 2574 3201 2628 οἶ
3233 2577 3343 2638 τοῖς
3373 2572 3550 2645 ἴχνεσιν
3590 2572 3665 2626 αὐ-

2146 2661 2241 2716 τοῦ
2271 2663 2687 2719 κατακολουθεῖν
2714 2665 3130 2731 σπουδάζοντες,
3163 2666 3256 2720 καὶ
3284 2665 3415 2738 πρὸς
3456 2664 3510 2719 τὺ
3556 2663 3665 2717 θεῖον

2146 2754 2314 2809 αὑτοῦ
2354 2755 2718 2828 μορφούμενοι
2746 2755 2960 2821 κάλλος,
2996 2758 3164 2812 αὐτόν
3202 2775 3259 2811 τε
3290 2757 3573 2827 ποιούμενοι
3596 2755 3667 2809 τὸν

2147 2849 2439 2919 πρακτέων
2478 2850 2864 2922 ὑπογραμμὸν,
2914 2849 3012 2921 τὴν
3051 2851 3282 2917 ἀπασῶν
3323 2850 3533 2923 ἀρίστην
3552 2848 3667 2902 ﬁm-

2146 2938 2401 3010 φέρονται
2431 2936 2606 3011 δόξαν.
2636 2940 2881 3012 Ζηλωτός
2923 2957 2987 3009 γε
3043 2940 3154 3013 μὴν
3187 2943 3282 2995 καὶ
3306 2940 3422 2995 καθ’
3443 2937 3670 3011 ἕτερονᾶν

2144 3033 2316 3086 νοοῖτο
2342 3032 2541 3102 τρόπον
2581 3035 2693 3096 τοῖς
2717 3033 2817 3086 οὐκ
2867 3033 3091 3104 ἀγαπᾷν
3124 3030 3443 3104 εἰρημένοις
3477 3026 3673 3101 φημΜὴ

2143 3124 2254 3185 τοῖς
2282 3122 2392 3175 τῶν
2436 3123 2706 3185 Ἰουδαίων
2754 3123 3120 3195 καθηγηταῖς,
3154 3125 3273 3195 ἦτοι
3317 3126 3423 3186 τοῖς
3454 3124 3672 3194 Γραμμα-

2139 3217 2290 3270 τεῦσι
2324 3218 2419 3272 καὶ
2444 3218 2777 3290 Φαρισαίοις
2808 3219 2858 3273 οἳ
2888 3219 3089 3291 πικρὸν
3126 3222 3185 3274 ὲν
3208 3221 3413 3283 ἑαυτοῖς
3440 3216 3675 3277 ὡδίνοντες

2140 3307 2300 3380 ζῆλον
2325 3312 2421 3364 καὶ
2452 3309 2751 3380 βασκανίας
2798 3310 3056 3366 ὑπόθεσιν
3084 3311 3186 3383 τὴν
3216 3309 3580 3384 ἀπαράϐλητον
3601 3305 3678 3360 αὐ-

2136 3403 2232 3458 τοῦ
2267 3403 2579 3476 ποιούμενοι
2607 3404 2766 3472 δόξαν
2787 3406 2929 3460 κατὰ
2959 3406 3197 3473 πολλοὺς
3224 3407 3440 3479 ἡλισκον
3459 3401 3675 3475 τρόπους·

2138 3499 2392 3570 Διανίστη
2424 3498 2524 3569 μὲν
2554 3499 2663 3571 γὰρ
2688 3500 2813 3565 τοὺς
2850 3501 3081 3573 νεκροὺς
3130 3504 3161 3555 ὁ
3199 3499 3431 3573 Χριστὸς
3456 3493 3680 3554 όδωδὸτας

2139 3590 2241 3661 ἤδη
2293 3592 2387 3657 καὶ
2416 3590 2864 3662 διεφθαρμένους,
2913 3590 3011 3644 καὶ⁴
3061 3590 3166 3655 τὰς
3193 3589 3360 3654 ἄλλας
3399 3580 3680 3655 θεοσημείας

2137 3684 2401 3737 ἐπετέλει·
2432 3685 2559 3748 τοὺς
2611 3684 2666 3738 δὲ
2715 3684 3159 3756 κατατεθηπέναι
3210 3684 3328 3737 δέον
3367 3682 3460 3736 καὶ
3494 3672 3682 3750 πρὺςτδ

2139 3774 2335 3844 χρῆναι
2366 3773 2640 3827 πιστεύειν
2673 3773 2870 3838 ἵεσθαι,
2914 3773 3105 3827 λοιπὸν
3132 3772 3286 3826 οὐδὲν
3330 3768 3680 3832 ἐνδοιάζοντας-

2138 3867 2200 3920 Ol
2231 3865 2288 3918 δὲ
2315 3867 2473 3920 τοῦτο
2504 3867 2600 3937 μὲν
2623 3867 2724 3920 οὐκ
2759 3866 2949 3941 ἔδρων,
3001 3865 3297 3922 ὲδάκνοντο
3325 3864 3382 3920 δὲ
3412 3861 3486 3933 τῷ
3514 3858 3683 3931 φθόνῳ.

2140 3960 2235 4013 καὶ
2260 3958 2461 4032 πικρὰς
2491 3960 2571 4023 είς
2598 3957 2724 4013 νοῦν
2750 3958 2994 4030 ἐδέχοντο
3020 3959 3225 4023 λύπας.

459 4064 597 4131 tare.
628 4055 696 4111 At
733 4056 811 4129 illi
838 4057 943 4121 hoc
976 4057 1289 4128 neutiquam
1362 4056 1664 4131 faciebant;
1721 4072 1911 4113 verum
1960 4056 2163 4132 invidia
2226 4046 2558 4121 vexabantur
2585 4055 2664 4126 et}
2684 4056 2940 4111 acerbum
2987 4058 3179 4111 animo
3233 4066 3521 4110 maerorem
3579 4062 3688 4104 con-

458 4152 751 4222 eipiehant.

1758 4247 1889 4304 Post
1921 4247 2113 4306 Curilli
2145 4242 2439 4302 nonnulla:

1758 4266 1889 4304 rost
1921 4266 2040 4320 μνη

532 4338 731 4411 Ecquis
755 4340 896 4398 alius
921 4342 1045 4417 iste,
1077 4358 1241 4413 quam
1295 4344 1439 4401 sicut
1466 4345 1895 4402 demonstratum
1936 4360 2036 4399 no-

2145 4266 2397 4302 nonnuua
2422 4266 2439 4297 ἰ

2213 4340 2549 4395 Ιιιιιιιοιιτυε
2583 4357 2595 4391 :
2648 4338 2743 4401 Τίς
2765 4338 2920 4403 ἄλλος
2942 4333 3120 4401 οὗτος,
3154 4337 3189 4408 ἢ
3236 4335 3422 4399 καθὼς
3449 4332 3688 4387 δείκνυται

455 4433 544 4489 bis
577 4442 664 4487 est
714 4434 785 4488 ab
834 4432 1119 4504 Apostolo,
1154 4440 1412 4491 secundus
1466 4438 1620 4492 homo
1645 4435 1911 4492 Dominus
1967 4435 2032 4490 de

457 4525 587 4578 caelo
625 4525 691 4577 θ’.
719 4524 898 4596 Atque
920 4527 975 4581 in
1006 4528 1318 4600 Evangelia.
1355 4540 1693 4600 postremum
1734 4530 1811 4585 ait
1834 4529 2030 4586 fecisse

456 4616 788 4672 voluntatem
817 4615 994 4675 Patris
1013 4619 1079 4673 “.
1103 4618 1297 4677 Verbis
1323 4636 1390 4676 au
1400 4620 1627 4685 tem,Ad
1653 4637 1733 4675 me
1753 4631 2025 4689 revertere,

2137 4438 2267 4506 ἡμῖν
2291 4432 2380 4487 διὰ
2412 4429 2509 4485 τοῦ
2547 4428 2889 4494 Ἀποστόλου,
2920 4432 3054 4485 ὅτιὸ
3080 4429 3374 4499 δεύτερος
3415 4428 3693 4495 ἄνθρωπος

2134 4533 2162 4583 ό
2196 4527 2400 4599 Κύριος
2447 4524 2518 4589 ἐξ
2545 4522 2824 4591 οὐρανοῦ.
2855 4522 2966 4577 Καὶ
3019 4525 3077 4576 ἐν
3121 4522 3205 4592 τῷ
3236 4519 3571 4590 Εὐαγγελίῳ,
3617 4514 3693 4567 τὸν

2136 4620 2437 4691 ποιήσαντα
2462 4614 2524 4669 τὸ
2546 4613 2758 4686 θέλημα
2783 4614 2876 4681 τοῦ
2898 4613 3109 4684 Πατρὸς
3131 4609 3293 4670 εἶπεν
3325 4615 3354 4668 ὁ
3381 4612 3596 4682 ἔσχατος
3614 4607 3692 4678 (9).

526 4737 574 4770 ¹⁶
597 4736 830 4809 Philipp.
860 4753 921 4815 ιι,
955 4736 1065 4793 7-9.
1142 4740 1185 4771 ²¹
1226 4738 1385 4795 Joan.
1427 4756 1562 4804 xvn,
1595 4740 1647 4795 5.
1724 4741 1769 4773 ’³
1804 4738 1975 4796 lCor.
2007 4755 2095 4803 xv,
2126 4737 2215 4793 47.
2290 4735 2336 4768 ’³
2383 4733 2572 4790 Matth.
2608 4748 2723 4796 xxi,
2764 4731 2851 4786 5L

527 4855 604 4924 (7)
630 4855 845 4929 Καὶ-ρν
885 4856 963 4927 τῇ
997 4858 1105 4913 τοῦ
1149 4858 1375 4915 δούλου
1409 4857 1613 4929 μορφῇ
1731 4860 1916 4928 ταύτῃ
1944 4876 2033 4913 τοι

453 4928 692 5000 λοιπόν.
740 4925 867 5000 Haec
914 4925 1077 5000 liabet
1120 4925 1433 5000 excerptum
1484 4925 1851 4997 C'rabianum;
1885 4925 2032 5000 "quae

453 5007 639 5052 tamen
668 4998 722 5052 in
747 4997 1155 5071 edito_Fabricii
1183 4999 1560 5071 desiderantur
1579 5000 1751 5071 ;_licet
1770 5015 1833 5071 ea
1855 4997 2032 5071 requi-

453 5076 543 5122 rat
573 5077 862 5142 contextus
895 5068 1178 5142 Paulinus,
1206 5070 1274 5124 ad
1304 5085 1466 5141 quem
1498 5069 1557 5125 S.
1594 5068 1918 5142 Hippolytus
1938 5068 2030 5125 hic

454 5139 648 5209 procul
676 5140 843 5195 dubio
872 5140 1127 5209 respexit.

487 5209 804 5335 δῗζνξὲιςτὰ
826 5208 1171 5280 edd/1110a.
1205 5208 1343 5266 Male
1384 5211 1526 5282 apud
1556 5209 1863 5275 Fabricium
1885 5248 1901 5275 ,
1931 5208 2026 5264 καὶ

451 5297 517 5335 το
546 5297 765 5335 αληυες.

451 5299 517 5335 το
546 5299 765 5354 αΑηυες.

525 5349 602 5423 (9)
661 5352 1031 5424 Ὀγέσχατος.
1089 5350 1357 5408 Observat
1398 5351 1684 5424 Fabricius
1731 5361 1856 5424 post
1902 5349 2024 5405 Mil-

453 5422 620 5492 lium,
645 5422 865 5480 codices
924 5424 1251 5488 nonnullos,
1303 5433 1362 5478 ut
1415 5422 1699 5482 Cantabr..
1738 5423 1935 5492 legere,
1967 5431 2026 5476 ut

454 5492 548 5565 hic
587 5491 929 5565 Hippolytus.
962 5494 1199 5550 Sanctus
1230 5493 1594 5565 Hieronymus
1620 5491 1938 5565 comment.
1971 5494 2024 5546 in

455 5562 680 5627 Manlii,
711 5562 805 5618 lib.
852 5580 933 5628 ιιι,
986 5565 1051 5619 ad
1095 5581 1216 5633 cap.
1254 5582 1370 5626 xxI.
1408 5562 1467 5619 5]
1507 5584 1520 5618 :
1562 5584 1580 5616 ι
1612 5564 1902 5619 Sciendum
1919 5576 2021 5630 est,

453 5633 654 5700 inquit,
687 5633 746 5704 in
773 5634 917 5687 veris
961 5637 1367 5704 exemplaribus
1394 5652 1503 5691 non
1551 5635 1739 5690 haberi
1793 5637 2021 5688 novissi-

455 5718 619 5771 mum,
659 5703 751 5756 sed
782 5706 1032 5772 primum,
1084 5703 1143 5759 ut
1173 5707 1395 5778 proprio
1421 5707 1628 5779 judicio
1657 5704 2021 5764 condemnen-

2138 4867 2247 4928 tur.
2276 4853 2332 4910 Si
2362 4864 2541 4928 autem
2570 4851 2910 4928 novissimum
2937 4852 3280 4928 voluerimus
3305 4853 3502 4928 legere,
3538 4847 3695 4928 mani-

2138 4927 2275 4982 festa
2304 4934 2388 4980 est
2418 4922 2827 4992 interpretatio:
2863 4932 2921 4977 ut
2947 4921 3205 4992 dicamus
3257 4921 3561 4992 intelligere
3588 4921 3697 4992 qui-

2136 4999 2265 5052 dem
2294 4988 2580 5051 veritatem
2631 4991 2895 5063 Judaros,_
2926 4991 3021 5047 sed
3054 4988 3522 5063 tergiversarifet
3564 4988 3696 5063 nolle

2133 5069 2318 5123 dicere
2342 5064 2488 5134 quod
2511 5062 2808 5134 sentiunt.i_
2830 5058 3169 5134 Wetstenius
3196 5067 3256 5120 in
3290 5080 3394 5120 sua
3408 5062 3542 5118 Nov.
3563 5058 3694 5134 'l_‘§a_st.

2135 5137 2308 5193 Graeci
2334 5128 2593 5206 editione,
2627 5142 2769 5206 tom.
2793 5131 2834 5199 1,
2862 5149 2983 5204 pag.
3002 5131 3350 5206 Διϐ’ἵμιιιιιιιι
3377 5136 3552 5206 ipsum
3580 5128 3698 5198 llip-

2135 5209 2302 5282 polyti
2332 5207 2510 5282 locum
2540 5204 2598 5258 in
2630 5204 2868 5282 medium
2894 5203 3121 5282 profert,
3157 5204 3297 5282 licet
3318 5203 3701 5282 Ami'nusemen-

2132 5273 2277 5344 date,
2330 5274 2624 5345 subditque
2652 5273 2910 5332 doctoris,
2944 5275 3175 5345 maximi
3207 5277 3402 5332 verbis
3424 5273 3695 5345 recitatis:

2137 5369 2157 5401 ‹
2192 5348 2456 5403 Nimirum
2487 5344 2804 5402 recordatus
2826 5346 3046 5414 aliquis,
3077 5344 3313 5404 ultimos
3344 5345 3463 5402 fore
3482 5344 3697 5415 primos.

2131 5420 2279 5500 quod
2317 5418 2518 5500 dicitur
2548 5415 2736 5500 Matth.
2764 5433 2856 5482 xx,
2895 5416 2982 5482 16,
3025 5417 3698 5500 ρυιίινίεριιδιίωηοριτοτ

2130 5483 2275 5546 otius
2302 5490 2526 5545 ultimos
2548 5489 2732 5564 vocari
2762 5505 2774 5541 :
2809 5503 2973 5557 quam
3003 5483 3456 5564 emendationem
3487 5483 3695 5564 quidam

2130 5578 2195 5615 eo
2231 5575 2402 5630 usque
2430 5558 2810 5634 extenderunt,
2863 5568 2922 5611 ut
2953 5559 3114 5613 etiam
3167 5557 3567 5634 responsiones
3601 5557 3695 5634 nti;

2128 5625 2401 5702 grarerit.»
2437 5628 2625 5702 Quam
2654 5628 2871 5702 quidem
2902 5644 2953 5680 ν.
2984 5625 3486 5702 c._con}ecturam
3527 5625 3704 5702 erudi-

2126 5697 2304 5759 torum
2331 5699 2538 5775 judicio
2591 5697 2974 5775 permittimus.
3033 5697 3331 5755 Caeterum
3398 5697 3545 5755 haud
3578 5707 3708 5768 prae-
