3814 6198
165 239 263 294 eos
1341 221 1763 296 FRAGMENTA
1804 226 1869 294 tu
1907 220 2241 296 PSALMOS.
3295 237 3404 302 6m

160 357 376 415 τιωτῶν
406 358 674 423 παίζεται,
710 361 802 414 καὶ
833 361 938 416 ὑπὸ
984 362 1246 417 Ἰουδαίων
1272 363 1412 435 ξύλῳ
1478 365 1720 436 προσπή-

1833 374 1877 418 et
1913 365 1978 418 ad
2009 363 2220 420 Patrem
2267 363 2511 420 clamans
2558 365 2809 435 spiritum
2859 365 2906 421 ei
2945 366 3311 432 commendat,
3343 378 3400 423 et

163 476 381 529 γνυται,
404 457 490 511 καὶ
511 459 643 528 πρὸς
663 459 880 531 Πατέρα
897 458 1030 530 βοῶν
1047 460 1402 530 παρατίθεται
1425 460 1483 513 τὸ
1499 460 1732 531 πνεῦμα,

164 551 264 602 καὶ
311 549 498 602 κλίνων
542 549 787 621 κεφαλὴν
838 551 1061 614 ὲκπνεῖ,
1132 552 1226 604 καὶ
1283 551 1521 623 πλευρὰν
1567 551 1732 622 λόγχῃ

162 643 432 706 νύσσεται,
469 643 563 695 καὶ
599 641 793 696 σίνδονι
826 641 1167 710 ἑλισσόμενος
1218 643 1276 695 ὲν
1305 641 1554 716 μνημείῳ
1589 641 1732 695 τίθε-

161 753 281 799 ται,
328 734 422 787 καὶ
467 734 763 806 τριήμερος
808 733 913 786 ὑπὸ
953 733 1164 804 Πατρὸς
1208 733 1520 788 ἀνίσταται·
1569 734 1630 787 τὸ
1673 733 1730 786 δὲ

1838 457 2099 512 inclinato
2129 459 2303 527 capite
2332 459 2592 528 exspirat,
2636 467 2690 512 et
2718 459 2904 512 lancea
2939 458 3080 513 latus
3117 457 3235 526 ejus
3265 474 3400 512 con-

1837 547 2061 615 foditur,
2095 555 2149 602 et
2177 550 2404 605 sindone
2437 551 2711 605 involutus
2743 551 2798 604 in
2835 560 3185 604 monumento
3235 551 3404 605 collo-

1837 648 2011 702 catur,
2035 647 2090 694 et
2117 642 2276 695 tertio
2302 641 2389 696 die
2419 657 2449 695 a
2474 641 2632 696 Patre
2659 640 3032 696 resuscitatur.
3061 641 3252 696 Divina
3275 655 3405 697 vero

1836 732 2010 801 ipsius
2039 742 2234 789 natura
2270 749 2376 788 non
2409 734 2638 790 obscure
2665 734 2925 798 cernitur,
2953 735 3172 804 quando
3198 734 3267 788 ab
3304 749 3404 787 an-

158 827 334 878 θεῐκὸν
362 825 530 878 αὐτοῦ
565 825 729 878 πάλιν
763 825 1008 898 φανερῶς
1039 826 1185 879 ἔστιν
1223 825 1368 887 ἰδεῖν,
1403 827 1489 879 ὅτε
1522 825 1613 878 ὑπ’
1637 826 1720 893 ἁγ-

1833 822 1968 891 gelis
2000 823 2283 891 adoratur,
2318 835 2371 878 et
2399 841 2427 879 a
2461 825 2772 894 pastoribus
2801 834 3095 895 spectatur,
3123 834 3177 880 et
3204 842 3402 896 exspe-

153 918 328 985 γέλων
369 921 791 988 προσκυνεῖται,
840 917 934 971 καὶ
975 916 1256 990 θεωρεῖται
1299 916 1402 969 ὑπὸ
1438 915 1732 986 ποιμένων,

153 1013 245 1064 καὶ
275 1012 651 1083 προσδοκᾶται
691 1011 796 1064 ὑπὸ
825 1009 1066 1082 Συμεὼν,
1098 1013 1191 1066 καὶ
1219 1012 1322 1066 ὑπὸ
1352 1012 1548 1080 Ἀννης
1593 1026 1731 1081 μαρ-

151 1106 418 1172 Δτδριεῖιται,
439 1102 535 1156 καὶ
570 1104 808 1173 ζητεῖται
826 1103 928 1156 ὑπὸ
947 1103 1152 1173 μάγων,
1184 1105 1278 1158 καὶ
1311 1102 1629 1174 σημαίνεται
1655 1101 1726 1154 δι’

153 1192 404 1264 ἀστέρος,
436 1193 694 1264 xci.wa
712 1195 769 1246 ἐν
791 1194 986 1264 γάμοις
1017 1192 1157 1247 οἴνου
1179 1193 1297 1264 (sic)
1331 1191 1724 1264 ἀπεργάζεται,

114 1286 244 1336 ’καὶ
283 1284 535 1356 θαλάσσῃ
581 1285 684 1338 ὑπὸ
727 1283 847 1355 βίας
879 1284 1098 1355 ἀνέμων
1173 1283 1430 1355 κινομένῃ
1477 1281 1722 1352 ἐπιτιμᾷ,

157 1377 245 1429 καὶ
272 1377 368 1429 ἐπὶ
393 1377 673 1448 θαλάσσης
700 1379 1010 1448 περιπατεῖ,
1040 1377 1132 1428 καὶ
1155 1375 1348 1444 τυφλὸν
1371 1377 1434 1428 ἐκ
1460 1372 1726 1443 γεννητῆς

159 1471 286 1540 ὁρᾷν
319 1472 484 1536 ποιεῖ,
508 1470 604 1523 καὶ
628 1469 820 1540 νεκρὸν
843 1468 1092 1540 Λάζαρον
1116 1455 1315 1538 τετραή
1324 1483 1388 1536 με
1399 1483 1487 1536 ρον
1515 1462 1728 1532 ἀνιστᾷ,

1828 922 2010 967 ctatur
2047 930 2076 968 a
2105 914 2378 982 Simeone,
2416 927 2469 970 et
2509 916 2681 971 Anna:
2725 919 3034 972 testimonio
3071 931 3316 982 ornatur,
3348 921 3404 974 et

1829 1003 2093 1072 quaeritur
2138 1021 2167 1058 a
2199 1007 2392 1076 magis,
2426 1014 2479 1061 et
2512 1006 2782 1061 indicatur
2816 1022 2846 1060 a
2875 1008 3048 1074 stella,
3082 1020 3137 1063 et
3164 1024 3231 1064 ex
3259 1024 3403 1080 aqua

1832 1094 1887 1148 in
1917 1097 2118 1165 nuptiis
2151 1099 2335 1152 vinum
2374 1097 2524 1163 facit,
2559 1107 2613 1152 et
2641 1114 2788 1153 mare
2814 1099 2864 1153 vi
2899 1110 3184 1156 ventorum
3229 1103 3404 1173 agita-

1833 1195 1948 1240 tum
1978 1187 2250 1258 objurgat,
2289 1199 2344 1244 et
2376 1190 2429 1243 in
2465 1192 2600 1245 mari
2634 1191 2904 1257 ambulat,
2936 1201 2990 1246 et
3026 1207 3169 1247 caeco
3203 1207 3232 1246 a
3260 1194 3405 1247 nati-

1830 1277 1996 1332 Vitate
2032 1279 2211 1333 visum
2253 1281 2531 1345 restituit,
2572 1290 2628 1336 et
2661 1280 2928 1337 Lazarum
2975 1285 3404 1353 quatriduanum

1832 1371 2152 1436 resuscitat,
2197 1387 2250 1426 et
2299 1374 2480 1427 varias
2528 1375 2761 1430 virtutes
2809 1375 3041 1444 perlicit,
3087 1383 3142 1430 et
3180 1387 3405 1446 peccata

1836 1463 2080 1529 remittit,
2115 1472 2169 1518 et
2203 1473 2523 1532 potestatem
2564 1466 2869 1521 remittendi
2901 1467 2992 1522 dat
3021 1468 3325 1540 discipulis.

165 1568 252 1619 καὶ
289 1565 541 1630 ποικίλας
571 1564 829 1637 δυνάμεις
860 1564 1023 1633 τελεῖ,
1069 1564 1164 1618 καὶ
1199 1561 1472 1634 ἁμαρτίας
1512 1557 1726 1629 ἀφίησι,
1755 1556 1852 1608 καὶ
1879 1556 2126 1620 ἐξουσίαν
2155 1559 2338 1613 δίδωσι
2367 1559 2656 1630 μαθηταῖςι

1428 1799 1498 1860 In
1559 1794 1880 1857 Psalmum
1925 1792 2141 1854 XXII.

1296 1949 1447 2005 Idem
1473 1945 1816 2000 Theodoritus
1842 1942 2053 2012 dialogo
2080 1942 2269 2011 primo.

189 2073 270 2124 Τοῦ
313 2063 466 2152 ἁγίου
513 2067 828 2152 Ἱππολύτου
867 2067 1165 2152 ἐπισκόπου
1214 2066 1626 2152 καίμάρτυρος
1659 2065 1720 2116 ὲκ

1833 2121 1865 2132 __
1896 2060 2129 2142 Sanctus
2156 2059 2479 2152 Hippolytus
2510 2061 2798 2152 episcopus
2830 2072 2884 2116 et
2911 2073 3118 2140 martyr
3145 2060 3199 2115 in
3231 2059 3395 2118 enar-

278 2143 364 2196 τοῦ
397 2142 558 2210 λόγου
591 2141 682 2193 τοῦ
709 2142 818 2203 εἰς·
862 2158 878 2189 ι
920 2137 1120 2208 Κύριος
1152 2137 1424 2208 ποιμαίνει
1458 2153 1544 2208 με.
1590 2155 1607 2185 ι

241 2238 335 2288 Καὶ
367 2234 599 2297 κιϐωτὸς
627 2232 683 2285 δὲ
711 2234 774 2284 ἐκ
806 2230 970 2295 ξύλων
999 2231 1255 2300 άσήπτων
1281 2228 1440 2292 αὐτὸς
1476 2223 1586 2299 ἧνὸ
1609 2228 1720 2280 Σω-

187 2329 291 2400 τήρ·
326 2329 385 2380 τὸ
412 2327 519 2400 γὰρ
546 2327 784 2396 ἄσηπτον
821 2320 979 2376 αὑτοῦ
1025 2323 1120 2376 καὶ
1153 2321 1474 2392 ἀδιάφθορον
1525 2320 1719 2390 σκῆνος

185 2422 325 2491 ταύτῃ
361 2417 762 2490 κατηγγέλλετο
791 2416 849 2469 τὸ
884 2415 1147 2489 μηδεμίαν
1197 2414 1587 2485 ἁμαρτήματος
1630 2427 1721 2479 ση-

184 2513 348 2564 πεδόνα
366 2510 568 2579 φύσαν·
586 2510 642 2561 '0
658 2507 766 2579 γὰρ
792 2509 1109 2582 ἁμαρτήσας
1131 2506 1222 2559 καὶ
1241 2503 1561 2574 ὲξομολογού
1571 2502 1726 2574 μενός

180 2620 284 2674 ςηςι
299 2619 311 2631 ·
332 2600 728 2670 Προσώζεσαν
751 2601 849 2654 καὶ
881 2600 1203 2668 ἐσάπησαν
1222 2601 1274 2652 οἱ
1291 2595 1723 2667 μώλωπέςμου.

177 2695 272 2746 ἀπὸ
301 2690 630 2761 προσώπου
659 2689 772 2758 τῆς
796 2690 1146 2759 ἀφροσύνης
1169 2705 1309 2757 μου.
1348 2687 1406 2739 '0
1433 2685 1490 2738 δὲ
1524 2686 1725 2756 Κύριος

177 2786 544 2856 ἀναμάρτητος
580 2778 670 2853 ἦν,
716 2785 780 2835 ὲκ
815 2781 924 2835 τῶν
967 2781 1224 2851 ἁσήπτων
1273 2777 1444 2843 ξύλων
1489 2777 1548 2829 τὸ
1585 2775 1726 2829 κατὰ

171 2877 458 2948 ἐνθρωπον,
494 2877 768 2929 τουτέστιν
801 2875 866 2927 ἐκ
893 2873 989 2943 τῆς
1021 2871 1290 2944 Παρθένου
1321 2870 1415 2923 καὶ
1441 2868 1535 2922 τοῦ
1567 2866 1720 2935 ἁγίου

164 2972 468 3040 Πνεύματος
515 2969 736 3034 ἔσωθεν,
766 2967 860 3020 καλ
889 2965 1086 3033 ἔξωθεν
1116 2965 1209 3019 τοῦ
1235 2964 1394 3033 λόγου
1432 2962 1526 3016 τοῦ
1563 2960 1721 3025 Θεοῦ,

159 3052 240 3109 οἷα
269 3057 646 3131 καθαρωτάτῳ
675 3056 882 3129 χρυσίῳ
917 3053 1475 3128 περικεκαλυμμένος.

1969 2133 2176 2186 ratione
2210 2133 2424 2200 psalmi,
2468 2131 2773 2187 «Dominus
2801 2143 2986 2201 pastor
3018 2131 3191 2187 meus.
3232 2151 3251 2184 ›

1896 2222 2037 2278 Arca
2075 2223 2398 2278 concinnata
2424 2238 2490 2278 ex
2521 2223 2682 2294 lignis
2730 2238 2840 2277 non
2873 2224 3127 2278 obnoxiis
3158 2223 3398 2292 putrefa-

1824 2315 1991 2368 ctioni
2020 2323 2138 2369 erat
2172 2313 2288 2384 ipse
2319 2314 2586 2368 SaIVator.
2624 2314 2836 2369 Etenim
2866 2315 2969 2369 hac
2994 2313 3398 2384 significabatur

1828 2406 2236 2461 tabernaculum
2309 2407 2480 2476 ipsius
2538 2422 2645 2459 non
2703 2406 2940 2461 sentiens
2994 2407 3233 2471 cariem,
3298 2417 3396 2461 aut

1827 2499 2252 2567 corruptionem,
2285 2497 2390 2562 hoc
2430 2507 2533 2563 est,
2572 2498 2774 2552 nullam
2809 2498 3014 2567 peccati
3053 2500 3394 2567 putredinem

1825 2590 2073 2659 gignens.
2121 2587 2258 2642 Nam
2306 2598 2556 2658 peccator
2602 2589 2745 2643 hanc
2793 2588 2903 2643 edit
2953 2589 3348 2644 confessionem
3376 2595 3394 2640 :‘

1824 2678 2152 2733 Putruerunt
2207 2689 2258 2733 et
2301 2689 2546 2748 corrupta
2591 2689 2714 2733 sunt
2762 2678 2976 2734 vulnera
3022 2696 3136 2734 mea
3184 2690 3396 2750 propter

1823 2771 2180 2841 insipientiam
2208 2787 2375 2825 meam
2400 2772 2463 2823 ³³.
2492 2770 2756 2825 Dominus
2783 2786 2913 2825 vero
2943 2772 3148 2841 peccati
3177 2786 3395 2842 expers,

1828 2873 1881 2918 et
1909 2879 1976 2920 ex
2006 2863 2166 2934 lignis
2223 2863 2556 2917 immunibus
2593 2879 2622 2916 a
2655 2861 3047 2932 putrefactione
3096 2862 3396 2918 secundum

1830 2955 2125 3021 hominem,
2159 2956 2263 3010 hoc
2293 2966 2395 3020 est,
2425 2970 2488 3008 ex
2524 2952 2743 3023 Virgine
2775 2963 2828 3008 et
2855 2953 3057 3023 Spiritu
3092 2963 3282 3010 sancto
3311 2954 3396 3009 in-

1830 3055 1938 3111 tus,
1975 3056 2028 3100 et
2067 3045 2198 3100 foris
2243 3045 2406 3098 verbo
2439 3043 2564 3109 Dei,
2600 3044 2757 3114 quasi
2805 3043 3044 3115 quodam
3101 3043 3401 3113 purissimo

1829 3151 1966 3191 auro
2001 3147 2222 3205 opertus
2257 3134 2378 3190 fuit.

1454 3344 1522 3403 In
1571 3343 1884 3421 psalmum
1941 3345 2177 3407 XXIII.

1613 3471 1762 3527 Idem
1807 3475 1937 3528 ibid.

217 3593 326 3646 τοῦ
355 3590 519 3645 αὐτοῦ
547 3592 611 3644 ἐκ
635 3589 727 3644 τοῦ
760 3589 916 3659 λόγου
942 3588 1034 3643 τοῦ
1065 3592 1144 3654 εἰς
1167 3589 1259 3644 τὸν
1289 3596 1378 3660 κγ’
1420 3589 1651 3661 ψαλμὸν.

223 3685 485 3756 Ἔρχεται
517 3683 610 3734 ἐπὶ
643 3683 740 3745 τὰς
778 3681 1034 3753 οὐρανίας
1078 3680 1283 3747 πύλας,
1318 3681 1535 3750 ἄγγελοι
1576 3681 1724 3753 αὐτῷ

157 3775 527 3839 cavo-65:30am,
568 3776 661 3827 καὶ
696 3773 1073 3844 κεκλεισμέναι
1123 3774 1257 3825 εἰσὶν
1305 3775 1358 3825 αἱ
1403 3771 1568 3826 πύλαι
1613 3773 1722 3827 τῶν

152 3869 415 3941 οὐρανῶν.
483 3867 706 3921 Οὐδέπω
754 3866 862 3938 γάρ
921 3865 1255 3936 ἀναϐέϐηκεν
1307 3867 1386 3928 είς
1439 3864 1719 3937 οὐρανούς.

157 3965 373 4034 "primo;
415 3961 511 4015 νῦν
554 3959 800 4028 φαίνεται
841 3961 958 4020 ταῖς
997 3958 1258 4028 δυνάμεσι
1297 3959 1417 4019 ταῖς
1446 3957 1723 4028 οὐρανίαις

159 4054 290 4128 σὰρξ
325 4053 710 4108 ἀναϐαίνουσα.
747 4051 977 4118 Λέγεται
1007 4045 1098 4102 οἶν
1131 4052 1251 4111 ταῖς
1288 4048 1579 4119 δυνάμεσιν
1615 4048 1720 4101 ὑπὸ

157 4149 259 4201 τῶν
300 4147 550 4216 ἀγγέλων
583 4144 691 4197 τῶν
734 4143 1140 4215 προτρεχόντων
1181 4142 1271 4194 τὸν
1317 4142 1538 4212 Σωτῆρα
1561 4181 1576 4203 ,
1625 4141 1718 4194 καὶ¹

161 4241 381 4311 Κύριον*
436 4239 644 4306 Ἄρατε
681 4237 898 4301 πύλας,
950 4237 1004 4288 οὶ
1035 4234 1340 4301 ἄρχοντες,
1381 4233 1568 4302 ὑμῶν,
1616 4234 1715 4287 καὶ

160 4330 460 4400 knights,
485 4329 671 4382 πύλαι
689 4325 930 4389 αἰώνιοι,
962 4325 1057 4378 καὶ
1083 4325 1490 4378 εἰσελεύσεται
1537 4326 1571 4377 ό
1605 4327 1719 4376 Βα-

162 4423 356 4489 σιλεὺς
395 4421 509 4490 τῆς
554 4418 760 4486 δόξηςο

1913 3593 2059 3648 Idcm
2095 3594 2148 3647 in
2182 3593 2527 3648 enarratione
2560 3591 2754 3661 psalmi
2781 3607 2938 3646 χχιιι.

1896 3683 2056 3740 Venit
2088 3687 2154 3740 ad
2186 3686 2436 3739 cmlcstes
2463 3693 2652 3752 portas
2678 3686 2880 3755 angelis
2913 3687 3087 3754 ἱρεῦσι
3124 3685 3392 3738 comitum

1822 3776 1987 3842 tibus,
2033 3786 2088 3831 et
2133 3777 2332 3832 clausae
2379 3787 2535 3829 erant
2578 3785 2746 3844 portae
2798 3777 3082 3831 caelorum.
3135 3773 3387 3830 Nondum

1822 3868 1966 3923 etaim
2015 3868 2068 3922 in
2124 3869 2319 3922 caelum
2352 3869 2689 3931 ascenderat,
2727 3870 2818 3923 sed
2861 3879 2987 3922 tunc
3025 3869 3259 3937 primum
3296 3883 3392 3936 ap-

1823 3961 2006 4031 paruit
2074 3961 2434 4031 potestatibus
2503 3961 2818 4016 coelestibus
2878 3969 3007 4014 caro
3066 3960 3386 4013 ascendens.

1822 4049 2027 4105 Dicitur
2054 4065 2184 4121 ergo
2210 4051 2564 4120 potestatibus
2595 4052 2664 4106 ab
2688 4051 2916 4122 angelis,
2945 4050 3036 4121 qui
3067 4058 3226 4105 erant
3251 4065 3390 4120 pm-

1821 4156 2073 4216 cursores
2103 4141 2399 4196 Salvatoris
2431 4151 2486 4198 et
2511 4141 2723 4196 Domini
2753 4161 2766 4196 :
2794 4142 2984 4195 Tollite
3011 4153 3214 4211 portas,
3237 4144 3388 4208 prin—

1820 4237 1981 4302 cipes,
2017 4244 2235 4298 vestras,
2276 4243 2325 4288 et
2353 4236 2649 4299 elevamini,
2689 4245 2855 4304 porta:
2893 4235 3189 4301 wlernales,
3227 4248 3276 4289 et
3307 4237 3392 4289 iu-

1820 4330 1998 4383 troibit
2021 4328 2131 4383 Rex
2153 4329 2335 4399 gloria:
2362 4321 2425 4382 ³³.
2882 4323 2886 4327 ’

1479 4650 1550 4710 In
1589 4647 1905 4728 psalmum
1959 4645 2118 4707 CIX.

1269 4777 1417 4833 Idem
1443 4774 1790 4833 Theodoritus
1813 4777 2025 4846 dialogo
2057 4771 2304 4828 secundo.

218 4880 316 4936 Τοῦ
351 4873 519 4934 αὐτοῦ
550 4883 616 4934 ὲκ
641 4863 734 4932 τοῧ
762 4876 920 4946 λόγου
945 4877 1023 4941 εἰς
1054 4875 1154 4946 τὴν
1349 4875 1612 4947 μεγάλην.

222 4975 278 5028 Ὁ
304 4976 398 5028 τὸν
419 4971 737 5027 ἀπολωλότα
763 4971 826 5022 ἐκ
846 4969 949 5038 γῆς
971 4968 1391 5038 πρωτόπλαστον
1411 4967 1715 5039 ἄνθρωπον,

1750 4885 1801 4946 ι)

2038 4869 2182 4924 ldem
2219 4870 2274 4923 in
2303 4869 2564 4924 concione
2601 4867 2668 4923 de
2703 4881 2902 4939 magno
2931 4866 3164 4922 cantico.

1888 4962 1990 5030 Qui
2053 4962 2322 5032 perditum
2375 4961 2650 5014 hominem
2709 4975 2776 5013 ex
2811 4969 2953 5014 terra
3003 4958 3292 5012 formatum
3333 4967 3389 5012 et

147 5068 233 5119 καὶ
261 5069 320 5120 ἐν
353 5067 579 5135 δεσμοῖς
611 5064 840 5116 θανάτου
874 5059 1262 5133 κρατούμενον,
1293 5060 1351 5126 ἐξ
1385 5059 1510 5130 ᾅδου
1545 5077 1720 5113 κατωι

1833 5055 2053 5109 iinculis
2090 5053 2281 5108 mortis
2324 5052 2658 5122 implicatum
2699 5066 2766 5104 ex
2807 5051 2994 5104 intimo
3031 5049 3242 5102 inferno
3275 5050 3386 5104 cri-

142 5161 299 5212 τάτου
349 5158 612 5219 ἑλκύσας⁸
651 5157 680 5207 ὁ
717 5153 922 5207 ἄνωθεν
965 5150 1265 5216 κατελθὼν,
1313 5152 1407 5204 καὶ
1440 5151 1530 5204 τὸν
1569 5152 1716 5204 κάτω

1833 5149 1955 5214 )uit,
1991 5157 2046 5202 et
2073 5147 2306 5214 desuper
2353 5145 2576 5199 veniens
2628 5143 2682 5197 in
2718 5141 2949 5197 sublime
3000 5139 3194 5194 extulit
3235 5139 3386 5193 humi

140 5254 218 5315 είς
246 5252 320 5304 τὰ
350 5252 463 5304 ἄνω
502 5246 834 5316 άνενέγκαςθ
871 5247 899 5297 ὁ
920 5243 1027 5296 τῶν
1063 5242 1272 5314 νεκρῶν
1304 5241 1719 5312 εὐαγγελιστὴς,

141 5345 232 5396 καὶ
257 5344 371 5396 τῶν
394 5339 585 5411 ψυχῶν
609 5337 911 5409 λυτρωτὴς,
941 5337 1033 5390 καὶ
1063 5334 1356 5397 ἀνάστασις
1374 5333 1483 5386 τῶν
1511 5331 1718 5401 τεθαμ-

146 5435 321 5504 μένων
351 5435 634 5504 γινόμενος
654 5425 826 5494 οὗτος·
857 5425 924 5500 ἦν
955 5431 982 5482 ὁ
1005 5427 1100 5480 τοῦ
1124 5425 1474 5497 νενικημένου
1509 5421 1718 5495 ἀνθρὼ-

145 5544 242 5580 am
289 5524 656 5597 γεγενημένος
711 5521 902 5594 βοηθὸς
949 5521 1070 5574 κατ’
1124 5519 1286 5572 αὑτὸν
1344 5519 1527 5588 ὅμοιος
1566 5515 1714 5586 αὐτῷ

217 5692 258 5724 ’³
285 5692 429 5748 Psal.
465 5705 691 5755 xxxvm,
723 5690 774 5742 5.
851 5688 893 5717 ³³
920 5685 1061 5740 Psal.
1099 5699 1241 5751 μιν,
1276 5683 1326 5738 7.

1815 5242 2109 5310 jacentem,
2161 5240 2337 5294 factus
2384 5247 2721 5292 mortuorum
2774 5232 3125 5304 evangelista,
3169 5241 3222 5285 et
3271 5231 3388 5285 ani-

1821 5350 2030 5388 marum
2065 5332 2394 5400 redemptor,
2423 5339 2476 5384 et
2505 5326 2836 5383 resurrectio
2879 5323 3250 5392 sepultorum;
3295 5321 3387 5378 hic

1826 5425 1968 5477 victo
2003 5421 2207 5475 homini
2249 5435 2406 5488 opem
2441 5418 2583 5484 tulit,
2605 5415 2780 5470 factus
2811 5414 2858 5466 ei
2891 5413 3086 5468 similis
3116 5413 3386 5484 primoge-

1824 5517 1967 5572 nitns
1994 5513 2198 5580 Λόγος,
2253 5511 2489 5580 primum
2536 5515 2812 5577 parentem
2859 5505 3032 5560 Adam
3080 5506 3135 5562 in
3176 5505 3384 5575 virgine
