3796 6194
525 265 624 319 6-Il
1368 269 1423 323 S.
1459 266 1824 325 IIIPPOLYTI
1861 265 2012 325 OPP.
2053 268 2233 325 PARS
2271 268 2311 325 I.
2351 298 2416 309 -—
2454 265 2864 329 EXEGET‘ICA.
3573 284 3654 340 61?.

523 385 774 450 visitans,
810 386 1107 456 spiritualis
1149 397 1421 443 terrenum
1461 389 1516 444 in
1555 392 1778 446 matrice
1805 407 2076 460 quaarens,

2197 388 2520 460 πρωτότοκος
2549 389 2749 457 Λόγος,
2794 386 2886 441 16v
2925 387 3324 459 πρωτόπλαστον
3356 390 3503 464 ’Δδὰμ
3533 399 3577 449 ἐν
3607 400 3658 469 τῇ

525 490 741 546 semper
767 475 951 530 vivens
1010 492 1106 545 per
1143 477 1562 531 inobedientiam
1596 489 1892 543 mortuum,
1928 478 2083 533 coale-

2197 479 2444 553 παρθένῳ
2475 479 2963 550 ἐπισκεπτόμενος,
3002 482 3030 532 6
3057 485 3398 553 πνευματικὸς
3421 486 3500 540 τὸν
3526 493 3662 559 χοῐκὸν

526 569 625 623 stis
653 576 961 622 terrestrem
990 568 1054 621 ad
1084 569 1362 636 superiora
1391 584 1614 634 vocans,
1644 569 1840 624 nobilis
1871 585 2083 624 servum

2197 573 2245 625 ἐν
2279 574 2343 643 τῇ
2378 572 2559 643 μήτρᾳ
2611 569 2902 640 ἐπιζητῶν,
2923 571 2958 623 6
2985 571 3071 624 dei.
3099 570 3200 636 ζῶν
3228 572 3313 627 τὸν
3338 575 3416 628 διὰ
3440 581 3661 650 παρακοῆς

524 675 622 732 per
644 660 916 730 propriam
952 659 1311 714 obedientiam
1365 661 1612 716 libertate
1644 662 1846 717 donare
1877 661 2083 729 volens,

2197 662 2523 718 ἀποθανόντα
2551 680 2564 693 ·
2625 663 2654 714 6
2682 661 2928 732 οὐράνιος
2973 661 3064 714 τὸν
3114 663 3340 731 ἐπίγειον
3377 667 3448 730 εἰς
3487 668 3545 722 τὰ
3581 670 3664 723 ἄνω

524 751 617 820 qui
658 751 711 804 in
741 759 937 805 terram
969 751 1264 805 resolutum
1296 750 1564 806 hominem
1601 761 1652 807 et
1677 753 1932 822 pabulum
1973 769 2083 808 ser-

2197 754 2372 810 καλῶν
2395 771 2407 784 ο
2440 755 2472 806 6
2515 753 2738 825 εύγενὴς
2771 753 2860 807 16v
2891 751 3072 807 δοῦλον
3104 753 3189 808 διὰ
3218 756 3308 827 τῆς
3339 756 3457 821 ἰδίας
3476 759 3664 832 ὑπακοῆς

523 844 701 912 pentis
733 842 968 908 factum,
1012 843 1066 896 in
1099 843 1444 898 adamantem
1485 857 1808 901 convertens
1837 841 1997 915 idque
2029 845 2083 898 in

2197 847 2473 920 ἐλεύθερον
2501 847 2776 913 ἀποδεῖξαι
2813 845 3001 900 θέλων·
3035 848 3065 900 6
3109 846 3198 900 16v
3227 849 3300 910 είς
3343 849 3435 919 γῆν
3467 849 3665 922 λυόμενον

524 931 670 1003 ligno
699 933 1039 1003 pendentem,
1073 933 1362 988 Dominum
1396 934 1657 990 adversus
1694 935 1952 991 victorem
1986 935 2083 990 de-

523 1023 748 1077 claravit
785 1031 948 1092 aeque
978 1022 1050 1077 ita
1085 1037 1182 1093 per
1213 1023 1418 1094 lignum
1444 1025 1620 1081 victor
1648 1025 1941 1080 invenitur.

2184 939 2467 1011 ἄνθρωπον
2510 939 2602 991 καὶ
2632 938 2827 1010 βρῶμα
2868 939 3043 1008 ὄφεως
3070 941 3437 1012 γεγενημένον,
3471 943 3536 1006 εὶς
3572 945 3666 998 ἀδά.

2187 1044 2365 1098 μαντα
2409 1027 2644 1099 τρέψας,
2689 1027 2782 1081 καὶ
2820 1025 2975 1080 τοῦτο
3025 1027 3116 1081 ἐπὶ
3166 1026 3316 1095 ξύλου
3345 1031 3668 1102 κρεμασθέντα,

521 1113 725 1186 Κύριον
766 1115 908 1168 κατὰ
957 1113 1050 1168 τοῦ
1099 1115 1441 1185 νενικηκότος
1490 1116 1797 1187 ἀποδείξας,
1832 1117 1926 1171 καὶ
1979 1117 2068 1172 διὰ
2083 1117 2242 1172 τοῦτο
2270 1119 2358 1174 διὰ
2381 1118 2560 1185 ξύλου.
2593 1121 2884 1192 νικηφόρος
2919 1120 3248 1191 εὑρίσκεταιο

721 1265 726 1270 ε
908 1207 1050 1264 Idem
1080 1209 1133 1265 in
1162 1211 1348 1266 eadem
1378 1212 1676 1268 concione:

595 1298 701 1366 Qui
747 1299 942 1355 Filium
991 1300 1084 1356 Dei
1132 1301 1186 1356 iu
1237 1317 1401 1358 carne
1440 1321 1586 1359 nunc
1622 1320 1729 1359 non
1761 1316 2084 1375 agnoscunt,

432 1402 434 1405 '
523 1397 814 1459 agnoscent
865 1390 1042 1459 ipsum
1101 1391 1338 1460 iudicem
1389 1394 1444 1448 in
1494 1395 1665 1464 gloria
1709 1396 2082 1461 constitutum,

519 1496 684 1552 quem
713 1489 870 1535 antea
891 1482 944 1534 in
967 1497 1193 1551 corpore
1223 1483 1411 1537 humili
1435 1485 1734 1554 petulanter
1765 1494 2080 1540 tractaraut.

936 1573 1080 1642 Idem
1113 1575 1168 1628 in
1199 1575 1385 1630 eadem
1412 1577 1673 1632 concione
1693 1598 1711 1635 :

590 1661 800 1720 Etenim
835 1668 1065 1736 apostoli
1097 1685 1220 1724 cum
1251 1670 1531 1725 venissent
1563 1668 1630 1723 ad
1666 1680 2077 1727 monumentum

519 1753 608 1809 die
638 1757 816 1821 tertio,
839 1773 947 1811 non
967 1759 1288 1816 invenerunt
1317 1779 1516 1834 corpus
1542 1765 1690 1832 Jesu,
1725 1764 2079 1834 quemadmo-

2515 1213 2618 1268 T06
2648 1214 2811 1268 αύτσῦ
2845 1217 2909 1267 ἐκ
2940 1214 3032 1267 τοῦ
3056 1211 3218 1267 αὑτοῦ
3244 1214 3417 1284 λόγουο

2261 1304 2322 1358 0i
2353 1305 2461 1378 γὰρ
2487 1305 2577 1358 τὸν
2600 1305 2727 1358 Υἱὸν
2765 1304 2858 1358 τοῦ
2881 1303 3015 1357 Θεοῦ
3054 1304 3310 1378 ἑνσαρκον
3339 1305 3424 1359 νῦν
3449 1305 3511 1377 μὴ
3541 1308 3673 1376 ἐπιγιι

2188 1394 2486 1460 νώσκοντες
2507 1437 2520 1460 ,
2561 1395 2950 1464 ἐπιγνώσονται
2992 1396 3154 1448 αύτδν
3193 1396 3372 1467 κριτὴν
3398 1399 3448 1449 ὲν
3470 1396 3574 1470 δόξῃ
3596 1415 3674 1452 πα·

2189 1487 2539 1557 ραγινόμενον
2580 1487 2670 1540 τὸν
2711 1485 2805 1538 νῦν
2847 1487 2904 1538 ἐν
2933 1483 3104 1555 ἀδόξῳ
3137 1483 3339 1554 σώματι
3371 1485 3672 1557 ὑϐριζόμενον.

2519 1577 2632 1630 T06
2651 1577 2813 1631 αὐτοῦ
2841 1581 2904 1631 ἐκ
2925 1575 3018 1629 τοῦ
3045 1574 3208 1629 αὐτοῦ
3241 1575 3410 1646 λόγου·

2255 1670 2365 1722 Καὶ
2405 1669 2513 1741 γάρ
2543 1671 2590 1722 οἱ
2609 1669 2891 1722 ἀπόστολοι
2926 1667 3170 1730 ἐλθόντες
3198 1668 3276 1731 είς
3302 1669 3358 1720 16
3386 1670 3603 1739 μνημεῖον
3627 1671 3673 1738 τῇ

2185 1761 2365 1832 ἡμέρᾳ
2405 1765 2470 1833 τῇ
2504 1762 2692 1834 τρίτῃ,
2730 1763 2826 1833 οὐχ
2860 1761 3114 1833 εὕρισκον
3142 1762 3205 1815 τὸ
3242 1763 3392 1834 σῶμα
3414 1761 3494 1814 τοῦ
3520 1760 3672 1831 Ἰησοῡι

521 1846 652 1901 dum
701 1847 797 1902 ﬁlii
845 1847 1010 1904 Israel
1065 1853 1369 1921 sepulcrum
1405 1855 1572 1927 Moysi
1629 1856 1984 1910 ascendentes
2025 1855 2077 1908 in

2197 1853 2244 1906 iv
2273 1854 2466 1925 τρόπον
2484 1857 2532 1907 οἱ
2551 1855 2656 1907 υἱοὶ
2676 1854 2768 1907 τοῦ
2787 1854 3001 1926 Ἰσραὴλ
3030 1854 3128 1925 τὴν
3159 1855 3331 1926 ταφὴν
3358 1853 3444 1908 τοῦ
3465 1853 3676 1916 Μωύσέως
3757 1871 3761 1876 ·

520 1947 761 1993 montem
793 1941 1178 2016 quaesiverunt,
1192 1952 1246 1998 et
1278 1961 1384 2000 non
1415 1946 1754 2003 invenerunt.

2197 1944 2483 2008 ἀναϐάντες
2507 1945 2565 1998 ἐν
2589 1945 2665 2015 τῷ
2690 1944 2805 2013 ὄρει
2840 1943 3087 2016 ἐζήτουν,
3123 1945 3214 1998 καὶ
3250 1944 3345 2015 ούχ
3369 1942 3601 2014 ε’ύρισκον.

1761 2242 1832 2302 In
1895 2240 2208 2319 psalmum
2241 2243 2554 2303 LXXVII.

1075 2355 1315 2421 (Bas-nm,
1353 2359 1565 2424 Catalog.
1591 2359 1734 2411 cedd.
1765 2365 1920 2413 Graec.
1961 2360 2175 2414 bibiiolh.
2213 2360 2809 2423 Medicae-Laurentinum,
2831 2368 2949 2415 tom.
2971 2364 3011 2425 Ι,
3034 2379 3086 2428 p.
3122 2367 3224 2431 91.)

592 2463 661 2520 45
687 2482 706 2519 ς
733 2462 880 2518 Misit
903 2465 956 2518 in
979 2481 1064 2519 eos
1095 2467 1496 2538 cgnomyiam,et
1523 2470 1744 2524 comedit
1763 2485 1883 2536 eos;
1909 2479 1958 2524 et
1987 2486 2081 2524 ra-

522 2565 715 2627 nam,“
743 2556 1058 2626 disperdidit
1083 2574 1190 2614 eos.
1569 2556 1573 2561 ’

590 2735 680 2790 46.
729 2733 799 2788 Et
847 2734 988 2790 dedit
1028 2736 1253 2806 mrugini
1301 2735 1505 2806 fructui
1546 2752 1726 2791 eorum
1774 2746 1825 2791 et
1876 2735 2084 2792 labores

519 2842 700 2882 eorum
724 2826 961 2882 locusta.

591 2921 682 2976 47.
717 2920 787 2975 Et
819 2921 1010 2975 occidit
1047 2920 1104 2975 in
1142 2919 1400 2992 grandine
1427 2921 1604 2977 uineas
1633 2939 1813 2978 eorum
1834 2931 1888 2978 et
1912 2938 2085 2978 moros

521 3030 702 3069 eorum
726 3015 786 3068 in
813 3014 1026 3084 pruina.

592 3106 1062 3175 Quemadmodum
1082 3121 1211 3162 vero
1236 3122 1334 3178 per
1355 3107 1770 3162 immoderatam
1795 3107 1974 3163 victus
1997 3121 2087 3162 ra-

521 3200 726 3256 tionem
775 3198 1014 3254 exitialis
1058 3199 1281 3268 quidam
1329 3208 1384 3254 et
1428 3199 1657 3255 biliosus
1693 3199 1746 3253 in
1783 3199 2086 3254 visceribus

525 3290 828 3345 concrescit
859 3289 1080 3354 humor,
1120 3304 1280 3358 quem
1326 3297 1443 3343 arte
1477 3305 1577 3344 sua
1614 3288 1860 3344 medicus
1891 3289 1957 3343 ad
1993 3305 2087 3343 vo-

523 3381 718 3434 mitum
761 3381 1054 3444 eliciendo,
1110 3396 1219 3435 non
1256 3382 1302 3436 is
1332 3379 1572 3450 profecto
1619 3382 1674 3435 in
1707 3396 1871 3435 causa
1903 3379 2084 3444 fuerit,

521 3481 584 3526 ut
615 3473 704 3527 ille
731 3473 1022 3527 morbosus
1045 3473 1098 3526 in
1129 3488 1353 3541 corpore
1381 3473 1746 3543 producatur;
1772 3489 1932 3542 quem
1963 3473 2086 3543 qui-

522 3565 646 3621 dem
689 3564 1104 3635 intemperantia
1137 3566 1244 3620 cibi
1284 3566 1482 3632 eﬂ‘ecit,
1528 3566 1583 3620 in
1627 3577 1872 3634 apertum
1904 3574 2084 3620 autem

521 3660 712 3714 eduxit
737 3675 825 3716 ars
855 3662 1058 3716 medica
1088 3662 1206 3717 :sic
1239 3663 1403 3717 etiam
1441 3663 1692 3732 quamvis
1719 3662 1932 3716 dicatur
1964 3676 2085 3715 mo-

2255 2466 2358 2536 με’.
2411 2467 2866 2533 Ἐξαπέστειλεν
2892 2472 2978 2535 εἰς
3013 2472 3238 2539 αὐτοὺς
3267 2476 3576 2542 κυνόμυιαν,
3610 2470 3680 2527 καὶ

2183 2556 2518 2628 κατέφαγεν
2547 2561 2786 2628 αὐτοὺς,
2813 2563 2911 2616 καὶ
2937 2561 3274 2635 βάτραχον,
3306 2565 3401 2619 καὶ
3424 2564 3683 2634 διέφθειρεν

2183 2653 2426 2720 αὐτούς.

2255 2745 2374 2816 μς’.
2413 2745 2521 2802 Καὶ
2548 2744 2732 2800 ἔδωκε
2776 2747 2852 2817 τῇ
2897 2748 3154 2819 ἐρυσί6ῃ
3186 2750 3325 2818 τοὺς
3352 2748 3585 2820 καρποὺς
3610 2751 3685 2804 αὐ-

2183 2837 2320 2903 τῶν,
2349 2837 2448 2892 καὶ
2473 2837 2615 2904 τοὺς
2636 2838 2862 2906 πόνους
2885 2839 3088 2894 αὐτῶν
3116 2838 3190 2912 τῇ
3219 2842 3426 2912 ἀψιδι.

2259 2928 2367 3002 μζ.
2421 2928 2784 2984 Ἀπέκτεινεν
2818 2931 2888 2985 ἐν
2925 2930 3161 3002 χαλάζῃ
3194 2933 3308 3002 τὴν
3338 2935 3578 3004 ἄμπελον
3607 2934 3686 2987 αὑ·

2184 3019 2322 3085 τῶν,
2355 3020 2453 3074 καὶ
2479 3021 2584 3086 τὰς
2619 3021 2992 3090 συκαμίνους
3018 3023 3224 3077 αὐτῶν
3244 3021 3312 3076 ὲν
3333 3023 3404 3093 τῇ
3424 3024 3609 3095 πάχνη.

2252 3107 2468 3183 Ὠσπερ
2494 3111 2550 3164 δὲ
2578 3109 2664 3164 διὰ
2687 3111 2785 3182 τῆς
2811 3112 3188 3184 ἀτακτοτέρας
3211 3113 3412 3187 διαίτης
3436 3110 3687 3185 φθοροποιὸς

2184 3220 2268 3267 τις
2293 3202 2465 3274 χυμὸς
2483 3203 2578 3255 καὶ
2595 3202 2833 3276 χολώδης
2860 3206 2917 3258 ἐν
2941 3207 3055 3268 τοῖς
3079 3206 3400 3278 σπλάγχνοις
3420 3207 3684 3264 συνίσταται,

2185 3295 2244 3348 ὃν
2280 3296 2308 3347 6
2346 3293 2526 3365 ἰατρὸς
2563 3294 2649 3348 διὰ
2690 3298 2788 3366 τῆς
2822 3296 3018 3368 τέχνης
3053 3299 3137 3361 είς
3171 3298 3358 3371 ἔμετον
3381 3299 3687 3370 ἐφελκόμενος,

2186 3387 2286 3440 ούκ
2320 3384 2385 3439 ἂν
2408 3386 2465 3438 ἐν
2489 3385 2637 3454 αἰτία
2663 3386 2871 3454 γένοιτο
2909 3387 3003 3440 τοῦ
3037 3390 3210 3444 αὑτοῦ
3236 3393 3512 3464 ἐμποιῆσαι
3537 3391 3598 3460 τῷ
3618 3389 3690 3441 σώ-

2191 3497 2318 3551 ματι
2339 3480 2430 3534 τὸν
2463 3479 2668 3550 νοσώδη
2698 3481 2890 3551 χυμὸν,
2919 3482 3034 3535 ἀλλ’
3056 3485 3282 3554 ἐποίησε
3310 3484 3405 3556 μὲν
3434 3487 3521 3555 τῆς
3537 3484 3690 3554 τροφῆς

2185 3573 2401 3639 ἀταξία,
2421 3575 2500 3638 είς
2517 3574 2572 3627 δὲ
2593 3573 2653 3628 τὸ
2674 3575 2910 3644 ἐμφανὲς
2929 3575 3139 3645 ἤγαγεν
3162 3578 3195 3647 ἡ
3221 3576 3431 3648 ἰατρικὴ
3455 3575 3689 3643 ἐπιστήμη.

2187 3666 2372 3730 Οὕτως
2401 3667 2502 3721 κᾶν
2533 3667 2687 3738 ποιρά
2713 3666 2846 3719 Θεοῦ
2877 3667 3126 3734 γίνεσθαι
3155 3667 3373 3739 λέγηται
3412 3670 3511 3729 τοῖς
3539 3663 3692 3736 μοχθη·

521 3756 714 3811 Iestam
745 3755 1192 3821 vindicationem,
1225 3772 1331 3826 qua
1355 3757 1661 3826 plectuntur
1689 3757 1781 3825 qui
1807 3756 2083 3820 voluntate

2197 3761 2300 3830 ροῖς
2321 3760 2417 3831 τὴν
2446 3761 2760 3831 προαίρεσιν
2817 3760 2850 3830 ἡ
2880 3759 3103 3832 ἀλγεινὴ
3136 3761 3496 3823 ἀνταπόδοσις,
3527 3756 3692 3822 εὔλογον

522 3857 650 3904 sunt
679 3850 940 3918 perversi,
965 3865 995 3904 a
1027 3848 1137 3903 Deo
1166 3864 1319 3914 esse;
1355 3849 1554 3903 rationi
1584 3849 1770 3917 utique
1794 3861 2087 3904 consenta-

525 3956 684 3994 neum
723 3940 882 4005 foret,
915 3957 979 3996 ex
1012 3941 1169 3996 nobis
1195 3941 1494 4011 ipsisinitia
1516 3951 1757 4010 repetere
1788 3951 1842 3996 et
1867 3959 2083 4005 causas,

521 4034 836 4102 hujusmodi
883 4035 1024 4089 mala
1071 4034 1383 4104 recipiendi.
1432 4033 1534 4100 Qui
1579 4036 1722 4089 enim
1767 4035 1884 4089 sine
1929 4036 2086 4104 culpa

522 4127 739 4191 vixerit,
785 4141 894 4181 non
941 4127 1017 4180 illi
1068 4126 1302 4181 tenebrae
1349 4134 1497 4189 sunt,
1554 4141 1659 4179 non
1703 4125 1924 4188 vermis,
1976 4141 2086 4178 non

523 4221 792 4290 gehenna,
829 4236 938 4275 non
975 4220 1138 4290 ignis,
1191 4235 1296 4272 non
1341 4218 1489 4272 aliud
1539 4218 1836 4287 quidquam
1871 4211 2089 4272 terribi-

522 4313 654 4366 lium
708 4330 891 4368 rerum
939 4323 993 4366 et
1033 4327 1366 4381 poenarum:
1420 4311 1856 4380 quemadmodun
1913 4325 2088 4382 neque

521 4405 765 4461 Hebraeis
811 4405 1136 4460 detrimento
1182 4401 1404 4456 fuerunt
1439 4400 1703 4472 Egyptian
1743 4401 1936 4471 plagae,
1978 4418 2086 4455 non

524 4495 720 4551 minuti
770 4495 846 4549 illi
899 4493 1173 4563 sciniphes
1223 4492 1400 4546 inviso
1452 4507 1637 4546 morsu
1669 4491 1912 4546 dolorem
1946 4489 2086 4545 infe-

522 4596 724 4653 rentes,
761 4601 868 4640 non
902 4584 1186 4656 cynomyia
1239 4582 1512 4638 mordicus
1549 4582 1738 4637 aculeo
1764 4582 1960 4637 acerbo
1987 4581 2085 4637 ad-

523 4681 854 4742 haarescens,
886 4692 993 4730 non
1029 4689 1263 4744 superne
1289 4675 1603 4744 ingruentes
1637 4673 1916 4744 grandinis
1946 4673 2089 4742 lapi-

523 4773 685 4829 dibus
714 4769 984 4842 procellae,
1040 4785 1148 4823 non
1187 4783 1316 4822 arva
1357 4767 1582 4823 locustis
1626 4768 1937 4838 absumpta,
1977 4783 2084 4823 non

524 4865 735 4921 obsitus
792 4861 1030 4917 tenebris
1086 4875 1211 4926 aer,
1263 4868 1566 4929 ceteraque
1629 4859 1962 4931 huiusmodi.
2027 4857 2087 4914 In

525 4965 779 5031 promptu
827 4963 1009 5010 autem
1060 4953 1171 5008 Deo
1228 4962 1312 5007 est
1365 4952 1614 5008 excolere
1663 4967 1846 5007 veram
1898 4952 2088 5015 vitem,

525 5050 835 5122 Egyptiam
884 5064 1014 5103 vero
1050 5045 1296 5116 perdere,
1339 5060 1464 5100 cum
1515 5045 1622 5100 illis
1665 5045 1830 5100 etiam
1875 5053 2084 5115 parcat,

2187 3849 2251 3904 ἂν
2275 3851 2360 3923 είη
2384 3849 2491 3922 ἐξῆ
2501 3851 2614 3921 μῶν
2641 3850 2819 3904 αὐτῶν
2848 3853 2987 3904 νοεῖν
3013 3851 3115 3916 τὰς
3143 3853 3316 3924 ἀρχὰς
3344 3849 3536 3914 καὶτὰς
3559 3846 3692 3906 αἰτίας

2188 3939 2256 3993 τὰ
2294 3939 2518 3994 τοιαῦτα
2558 3939 2858 4010 λαμϐάνειν
2901 3941 3070 4012 πάθη.
3115 3943 3207 4012 Τῷ
3233 3943 3340 4014 γὰρ
3366 3939 3693 4011 ἀναμαρτήτως

2191 4030 2472 4101 βεϐιωκότι
2497 4031 2556 4083 ού
2591 4032 2779 4094 σκότος
2807 4033 2973 4096 ἐστὶν,
3005 4033 3066 4085 ού
3098 4033 3332 4103 σκώληξ,
3366 4033 3422 4086 οὐ
3453 4031 3627 4101 γέεννα,
3649 4030 3691 4079 οὐ

2188 4123 2319 4196 πῦρ,
2365 4125 2464 4176 ούκ
2503 4123 2629 4176 ἄλλο
2672 4141 2725 4176 τι
2774 4123 2880 4176 τῶν
2928 4123 3178 4196 φοϐερῶν
3229 4127 3493 4196 ὀνομάτων
3541 4139 3589 4174 τε
3626 4115 3693 4169 καὶ

2189 4219 2547 4290 πραγμάτων,
2591 4217 2666 4280 ὡς
2711 4217 2832 4270 οὐδὲ
2871 4220 2982 4282 τοῖς
3051 4219 3323 4289 Ἑϐραίοις
3363 4220 3414 4271 ai
3461 4214 3693 4284 Αἰγύπτιαι

2189 4310 2412 4380 πληγαὶ,
2441 4311 2491 4363 oi
2523 4309 2711 4362 λεπτοὶ
2746 4309 2992 4374 σκίνιπες
3025 4312 3242 4376 ἐκεῖνοι,
3273 4314 3320 4365 οἱ
3359 4314 3463 4374 τοῖς
3493 4305 3694 4378 ἀφανέσιν

2189 4403 2509 4471 ἀλγύνοντες
2548 4402 2838 4472 δήγμασιν,
2872 4403 2905 4473 ἡ
2949 4403 3226 4474 ὀδυνηρῶς
3257 4403 3342 4457 διὰ
3372 4402 3457 4456 τοῦ
3480 4402 3694 4472 δήγματα

2190 4494 2504 4566 ἐμφυομένη
2534 4493 2611 4564 τῷ
2637 4492 2849 4564 σώματι
2904 4494 3195 4566 κυνάμυια,
3227 4497 3276 4548 οἱ
3295 4494 3488 4549 ἀνωθεν
3510 4487 3698 4563 πῇστῆέ

2192 4603 2282 4657 ρες
2310 4589 2424 4649 τοῖς
2447 4586 2544 4657 τῆς
2570 4583 2811 4656 χαλάζης
2829 4583 2996 4650 λίθοις
3018 4587 3551 4654 συγκαταπίπτοντεςν
3575 4573 3696 4649 “ﬁt

2189 4677 2296 4731 τῶν
2323 4677 2556 4750 ἀκρίδων
2597 4676 3073 4749 καταφθειρομένη
3116 4678 3414 4746 γεωπονία,
3447 4678 3474 4731 ό
3504 4667 3695 4744 μελαινό-

2196 4785 2355 4839 μενος
2387 4769 2515 4841 ἀὴρ,
2554 4769 2623 4822 τὰ
2663 4768 2814 4823 ἀλλα.
2849 4769 3145 4841 Πρόκειται
3169 4770 3228 4824 δὲ
3259 4771 3336 4842 τῷ
3355 4768 3465 4840 Θεῷ
3490 4760 3697 4836 γεωργεῖν

2195 4864 2293 4934 μὲν
2318 4863 2416 4935 τὴν
2445 4861 2705 4934 ἀληθινὴν
2752 4860 3014 4934 ἄμπελον,
3055 4863 3372 4917 ἀποκτεῖναι
3393 4861 3448 4916 δὲ
3465 4857 3551 4930 τὴν
3569 4855 3695 4918 AW"

2193 4956 2353 5011 πτίαν
2369 4954 2670 5026 φειδομένῳ
2685 4954 2802 5008 τῶν
2813 4958 3167 5024 μελλόντων
3192 4955 3416 5011 ἐσθίειν
3435 4941 3697 5017 σταφυλὴν
3761 4940 3764 4944 ’

2193 5047 2384 5118 χολῆς
2403 5047 2500 5102 καί
2535 5047 2730 5101 πίνειν
2751 5045 2942 5116 θυμὸν
2970 5046 3246 5102 ἀσπίδων
3283 5047 3530 5102 ἀνίατον.
3566 5037 3697 5090 ’Δναν

524 5113 933 5214 ιιιιΐέοηιεειιινί
977 5113 1098 5193 sunt
1121 5154 1275 5192 uvam
1305 5136 1468 5206 fellis,
1505 5147 1556 5191 et
1591 5136 1809 5190 bibituri
1839 5113 2083 5192 venenum

2197 5113 2374 5219 ρεῖται
2401 5145 2458 5198 δὲ
2489 5143 2584 5197 καὶ
2621 5113 2918 5214 συκάμινος
2962 5141 3255 5211 Αἰγυπτία,
3309 5141 3368 5194 ού
3421 5137 3515 5209 μὴν
3553 5127 3692 5190 ἐκείνη

525 5235 769 5305 aspidum
847 5232 1140 5290 insanabile
1201 5231 1266 5285 “.
1351 5229 1646 5286 Subruitur
1721 5230 1881 5299 plane
1955 5230 2090 5286 licus

525 5325 804 5399 zEgyptia,
835 5342 942 5381 non
974 5335 1152 5381 autem
1193 5324 1284 5378 illa
1313 5338 1476 5393 quam
1505 5321 1800 5378 Zaccliaeus
1823 5337 2086 5377 conscen-

525 5420 626 5483 dit,
657 5431 716 5475 ut
741 5419 1030 5474 Dominum
1070 5435 1248 5474 meum
1284 5416 1482 5472 intueri
1515 5417 1690 5485 possit
1719 5435 1732 5470 :
1764 5413 2090 5486 fructusque

525 5511 743 5584 )Egypti
785 5523 1225 5581 corrumpuntur,
1266 5527 1428 5582 opera
1453 5511 1714 5565 nimirum
1739 5510 1951 5576 carnis;
1976 5525 2088 5567 non

523 5615 704 5662 autem
741 5605 940 5672 fructus
968 5604 1219 5675 Spiritus,
1248 5605 1500 5669 charitas,
1535 5605 1807 5675 gaudium,
1825 5619 1930 5675 pax
1948 5604 2011 5656 ⁸⁵.

599 5724 643 5758 ³⁸
675 5723 888 5779 Denter.
918 5741 1089 5795 xxxii,
1117 5727 1204 5782 '63.
1236 5727 1326 5806 “3‘
1351 5725 1468 5782 Gal.
1495 5742 1548 5794 v,
1579 5726 1667 5781 22.

2199 5238 2283 5307 ἐφ’
2301 5239 2367 5308 ἢν
2392 5235 2670 5290 ἀναϐαίνει
2703 5236 2989 5305 Ζακχαῖος,
3020 5235 3106 5289 ἵνα
3143 5232 3342 5306 δυνηθῇ
3378 5231 3492 5286 ἰδεῖν
3518 5241 3602 5299 μου
3627 5219 3696 5273 τὸν

2197 5330 2420 5403 Κύριον.
2462 5329 2570 5382 Καὶ
2600 5327 2996 5400 διαφθείρονται
3036 5327 3240 5398 καρποὶ
3281 5323 3560 5394 Αἰγύπτιοι,
3592 5314 3696 5386 ἒρῖα

2199 5421 2419 5492 σαρκὸς,
2444 5420 2504 5473 ού
2541 5419 2646 5493 μὴν
2689 5421 2722 5474 ὁ
2753 5417 2856 5474 τοῦ
2877 5419 3222 5488 Πνεύματος
3256 5415 3489 5485 καρπὸς,
3514 5404 3690 5480 ἀγάπην

2196 5516 2366 5604 καρᾲ,
2395 5511 2619 5582 etprim-
