3796 6194
163 235 238 291 διδ
1197 214 1600 276 FRAGMENTA

1709 219 1723 273 i
1766 214 2100 276 PSALMOS.

3158 217 3256 276 614

219 353 299 418 inf.
327 343 402 400 Kal
433 338 742 408 παρέδωκεν
763 339 854 404 εις
882 335 1144 407 χάλαζαν
1173 338 1249 391 τὰ
1282 337 1470 408 κτήνη
1495 339 1599 393 αὺ-

1771 338 1860 393 48.
1898 337 1967 392 Et
2021 337 2242 391 tradidit
2271 334 2517 406 qrandini
2545 338 2788 407 jumenta
2812 353 3014 404 eorum,
3057 347 3107 391 et
3151 355 3270 408 pos-

163 440 266 501 τῶν,
286 438 353 491 καί
371 433 455 501 τὴν
473 431 713 498 ὕπαρξιν
741 429 935 484 αὐτῶν
966 429 1046 496 τῷ
1077 429 1240 497 πιφί.

227 531 268 584 Ὁ
292 528 330 580 δὲ
351 525 608 595 Σύμμαχος*
627 519 740 576 Ταῦ
771 521 1054 588 ἐκδόντος
1079 521 1264 590 λοιμῷ
1307 521 1378 576 τὰ
1413 521 1600 590 κτήνη

162 626 314 687 αὐτῶν,
352 621 427 675 καὶ
466 618 526 672 τὰ
561 614 824 685 κτήματα
854 614 1050 668 αὐτῶν
1083 613 1332 679 οἰωνοῖς.
1377 614 1602 685 Ἀθρόαν

160 722 234 792 γὰρ
252 716 454 785 δεξάμενα
476 709 739 779 τελευτὴν,
777 707 923 778 θοίνη
948 706 1056 759 τῶν
1085 707 1430 778 σαρκοϐόρων
1460 704 1604 776 ὀρνί-

155 813 228 865 θων
254 805 458 876 ἐγένοντο.
497 801 643 855 Κατά
669 799 724 854 δὲ
756 800 881 862 τοὺς
917 795 1315 869 Ἐὃδομήκοντα
1339 798 1418 850 π.οὐ
1444 796 1602 849 τοῦτο

150 904 264 969 λέγει,
289 900 350 951 ὃτι
382 897 470 964 ἰδίᾳ
500 895 590 965 μὲν
619 894 652 963 ή
685 890 893 964 χάλαζα
933 891 1001 944 τὰ
1042 892 1211 961 κτήνη
1248 888 1458 960 ἀνῄρει,
1496 886 1601 958 ἰδίᾳ

147 992 186 1044 δὲ
205 990 248 1044 τὸ
269 988 368 1060 πῦρ,
396 987 478 1056 τὴν
509 985 668 1056 ἄλλην
695 984 946 1056 ὓπαρξιν,
976 981 1087 1036 ἀλλ’
1116 982 1198 1034 ὅτι
1222 978 1428 1051 χάλαζα
1465 977 1600 1048 μετὰ

145 1083 260 1153 πυρὸς
291 1072 556 1151 παραδόξως
597 1075 1034 1147 καταφερομένη,
1078 1073 1184 1144 πρὸ
1236 1069 1451 1124 πάντων
1503 1069 1601 1138 μὲν

143 1175 209 1244 τὴν
229 1171 418 1242 ἄμπελον
445 1169 740 1240 ἀπενέκρου
779 1168 873 1220 καὶ
909 1166 1005 1230 τὰς
1039 1164 1385 1236 συκαμίνους,
1416 1163 1492 1225 ὡς
1526 1159 1598 1233 μὴ

138 1266 356 1335 δυναμένας
379 1263 497 1326 ὅλως
523 1263 791 1332 ἀντισχεῖν
828 1264 892 1331 τῇ
934 1258 1123 1331 πρώτῃ
1152 1255 1442 1328 προσ6ολῇ.
1468 1251 1600 1308 Εἶτα

139 1358 184 1409 τὰ
203 1357 326 1425 κτήνη
350 1355 434 1406 ὅσα
453 1356 504 1406 ὲν
526 1356 635 1416 τοῖς
662 1352 859 1416 πεδίοις
892 1353 1165 1422 ἐνέμοντο,
1191 1349 1380 1402 ἔπειτα
1411 1347 1469 1400 δὲ
1501 1348 1600 1399 πᾶ-

139 1467 203 1502 σαν
229 1449 409 1518 βοτάνην
435 1448 519 1500 καὶ
560 1448 670 1499 πᾶν
701 1445 888 1514 φυτὸν,
931 1444 992 1496 τὸ
1033 1445 1090 1496 ὲν
1129 1444 1195 1513 τῇ
1236 1440 1442 1512 χαλάζῃ
1489 1438 1598 1511 πῦρ

138 1541 392 1601 ἐπεϐόσκετο,
425 1540 509 1592 καὶ
547 1535 615 1609 ἦν
647 1539 709 1590 τὸ
730 1539 961 1608 πρᾶγμα
993 1536 1294 1606 τεράστιον,
1336 1531 1508 1603 πυρὸς
1540 1532 1598 1584 ὲν

137 1634 238 1686 ὕδατι
265 1632 504 1703 τρέχοντος
543 1633 640 1684 καὶ
679 1629 1122 1699 διαπλεκομένου.
1163 1627 1427 1695 Διέτρεχε
1465 1624 1594 1694 γὰρ,

137 1730 237 1799 φησὶ,
259 1697 308 1779 τι
329 1697 431 1792 ἆορ
467 1725 532 1777 ἐν
559 1722 634 1792 τῇ
673 1721 919 1792 χαλάζῃο
944 1697 1018 1792 ’ἦν
1042 1719 1155 1790 asa
1184 1717 1390 1789 χάλαζα
1415 1716 1508 1770 και
1541 1715 1602 1769 τδ
1631 1697 1673 1752 Β

71 1877 75 1882 ,
131 1821 203 1890 πῦρ
232 1818 435 1888 φλογίζον
472 1819 527 1870 ὲν
575 1820 642 1886 τῇ
686 1812 915 1888 χαλάζῃ.
968 1811 1240 1882 Ὕπαρξιν
1285 1810 1342 1863 δὲ
1380 1810 1478 1862 εἶτ’
1510 1805 1602 1863 οὖν

133 1914 288 1968 πλοῦτον
309 1912 439 1964 καλεῖ
459 1914 485 1964 ὁ
536 1909 702 1962 Δαϐὶδ
729 1907 798 1962 τὰ
822 1908 989 1978 κτήνη
1026 1905 1120 1958 καὶ
1146 1904 1234 1958 τὸν
1261 1902 1472 1974 καρπὸν
1494 1901 1602 1955 τῶν

130 2005 264 2072 τιτῶν.
287 2003 386 2074 Χρὴ
411 2002 464 2056 δὲ
488 2000 777 2070 γινώσκειν
813 1999 915 2059 ὅτι,
956 1999 1004 2050 εί
1043 1997 1138 2049 καὶ
1165 1996 1344 2048 πᾶσαν
1374 1993 1603 2063 βοτάνην

130 2097 189 2148 ul
215 2097 296 2148 πᾶν
323 2093 459 2158 ξύλον
498 2095 529 2164 ἡ
567 2091 779 2163 χάλαζα
810 2089 1113 2160 διαφθεῖραι
1159 2087 1458 2158 ἱστόρηται,
1488 2085 1601 2138 ἀλλ’

125 2184 182 2239 οὗν
200 2187 464 2240 ὑπελείπετό
497 2202 620 2239 τινα
647 2185 684 2238 ὃ.
707 2183 846 2255 μετά
868 2182 965 2252 τὴν
991 2179 1320 2252 πυρίπλοκον
1341 2176 1598 2249 χάλαζαν,

129 2280 342 2332 ἐπελθοῦσα
377 2279 738 2348 κατέφαγενὴ
774 2276 952 2346 ἀκρὶς,
997 2276 1123 2345 περὶ
1152 2269 1218 2344 ἧς
1251 2274 1484 2343 εἴρηται,
1520 2271 1601 2324 ὅτι

123 2372 324 2424 κατέδεται
351 2374 515 2425 πᾶσαν
544 2372 799 2442 βοτάνην,
831 2370 925 2422 καὶ
947 2369 1122 2421 πάντα
1149 2368 1237 2419 τὸν
1265 2366 1472 2438 καρπὸν
1494 2365 1602 2419 τῶν

123 2462 248 2527 ξύλων,
285 2465 333 2516 ὃν
363 2465 678 2517 ὑπελείπετο
722 2466 756 2533 ἡ
799 2460 1028 2532 χάλαζα.
1073 2459 1231 2513 Κατὰ
1260 2459 1315 2511 δὲ
1348 2457 1597 2528 θεωρίαν,

119 2556 304 2609 ἔπιτινὰ
326 2559 485 2628 κτήνη
524 2555 789 2628 Χριστοῦ,
835 2554 927 2608 καὶ
957 2553 1071 2606 ἔστι
1109 2551 1228 2605 τινὰ
1265 2551 1598 2620 Αἰγυπτίων.

117 2646 276 2700 divam
311 2647 396 2718 μέν
427 2665 507 2700 τοι
546 2647 626 2700 τά
666 2645 794 2699 ποτὲ
837 2643 1089 2715 ἀλλοτρία
1129 2641 1385 2710 γενέσθαι
1435 2641 1601 2695 αὐτοῦ

115 2737 307 2806 κτήματα,
347 2738 418 2802 ὡς
451 2738 518 2791 τὰ
559 2737 753 2793 Λαϐὰν
798 2736 892 2789 τοῦ
937 2734 1148 2798 Ἰακὼϐ,
1191 2735 1285 2787 καὶ
1312 2733 1597 2788 ἀνάπαλιν.

113 2826 310 2895 TiTi-v1on
332 2828 618 2898 προϐάτων
648 2828 748 2880 ὅσα
793 2824 985 2879 Ἰακὼὸ
1017 2823 1442 2894 ἀπεδοκίμασεν,
1473 2824 1601 2893 ὲχα-

111 2916 242 2985 ρίοατο
262 2917 324 2989 τῷ
362 2919 548 2974 Ἡσαῦ.
590 2920 732 2991 Ὅρα
760 2917 889 2987 γοῦν
919 2918 1126 2988 μήποτε
1149 2918 1213 2969 ἐκ
1234 2917 1334 2986 τῆς
1367 2915 1601 2986 ποίμνης

109 3008 404 3079 εὑρισκόμενος
439 3011 648 3081 Ἰησοῦ,
679 3011 806 3064 ὅταν
834 3009 1119 3080 πέμπηται
1141 3006 1287 3078 δῶρα
1313 3005 1391 3078 τῷ
1430 3006 1599 3060 Ἠσαῦ

107 3099 285 3174 ﬁlling,
317 3105 401 3158 καὶ
423 3104 496 3169 ὡς
527 3104 792 3175 ἀδόκιμος
823 3102 918 3156 καὶ
943 3100 1157 3164 ἀνάξιος
1181 3099 1275 3153 τοῦ
1307 3115 1601 3170 πνευματι-

107 3191 169 3244 κοῦ
211 3195 389 3262 Ἰακὼϐ,
444 3196 779 3268 ὲκπεμφθῇς
835 3194 972 3266 πρὸς
1017 3193 1107 3246 τὸν
1165 3192 1355 3246 Ἠσαῦ.
1412 3194 1598 3262 Κτήνη

103 3283 270 3357 Χριστοῦ
302 3292 345 3343 ot
387 3291 775 3360 ἁπλούστεροι,
812 3285 906 3349 οὓς
937 3283 1096 3367 σώζει
1129 3285 1156 3337 ὁ
1181 3283 1312 3348 Θεὸς
1345 3283 1484 3337 κατὰ
1517 3283 1598 3335 τό·

113 3380 392 3450 Ἀνθρώπους
426 3385 522 3438 καὶ
557 3381 752 3448 κτήνη
787 3378 1010 3444 σώζεις,
1054 3379 1248 3445 Κύριε.
1289 3379 1472 3449 Κτήνη
1500 3378 1595 3429 Αἱ-

104 3472 292 3537 ΐλπτίων,
316 3477 359 3527 oi
390 3475 594 3546 ἀλογίᾳ
619 3475 684 3543 τῇ
709 3471 854 3541 ἀθέῳ
876 3469 1195 3539 διδασκαλίᾳ
1217 3466 1599 3536 συγκατατιθέ-

101 3578 216 3629 μενοι,
249 3567 280 3621 ἃ.
311 3570 400 3622 καὶ
435 3565 828 3638 χαλαζοῦνται.
870 3563 978 3615 Καὶ
1019 3561 1306 3630 Αἰγύπτιοι
1361 3561 1457 3630 μὲν
1497 3561 1597 3613 ὅσα

98 3653 223 3723 ἔχωσι
253 3659 318 3728 τῷ
353 3662 481 3732 πυρὶ
519 3656 902 3727 παραδίδοται,
955 3652 1206 3724 Ἀϐραὰμ
1236 3653 1293 3706 δὲ
1324 3652 1391 3706 τὰ
1423 3652 1600 3724 ὑπάρ-

95 3764 208 3814 χοντα
229 3754 296 3824 τῷ
334 3754 515 3807 Ἰσαὰκ
547 3752 775 3806 ἔδωκεν.

1707 432 1991 486 sessionem
2018 446 2198 483 eorum
2228 430 2364 499 igni.

1778 522 1950 576 Porro
2005 521 2365 593 Symmachus
2417 521 2595 576 reddit
2625 520 2760 586 τρυε
2811 523 3033 577 tradidit
3081 537 3272 591 pecora

1705 634 1889 672 eorum
1911 616 2064 686 fami,
2093 627 2142 670 et
2166 617 2513 686 possessiones
2540 632 2721 669 eorum
2740 616 2941 671 avibus.
2961 617 3097 671 Cum
3127 616 3273 670 enim

1708 710 2040 765 cumulatam
2065 709 2375 764 vastitatem
2405 717 2626 778 experta
2649 717 2850 774 essent,
2875 724 3056 762 escam
3082 710 3275 764 avibus

1706 802 2010 858 carnivoris
2034 802 2403 872 praebuerunt.
2432 799 2742 855 Secundum
2767 817 2895 855 vero
2920 799 3272 872 Septuaginta

1707 910 1817 948 non
1861 895 1965 949 hoc
2012 894 2108 958 ait,
2164 893 2456 963 separatim
2510 892 2720 951 scilicet
2769 909 2965 964 pecora
3011 895 3277 964 grandine

1705 987 1877 1042 fuisse
1920 988 2270 1056 interempta,
2311 987 2490 1056 ignem
2533 1000 2664 1041 vero
2703 985 3020 1056 singillatim
3055 988 3277 1041 absum-

1705 1080 1883 1150 psisse
1918 1089 2170 1134 casteram
2202 1077 2561 1134 substantiam
2589 1095 2604 1145 ;
2638 1078 2730 1133 sed
2774 1079 3089 1148 grandinem
3149 1094 3275 1133 cum

1707 1170 1830 1241 igne
1873 1170 2094 1240 copiose
2133 1171 2499 1240 ingruentem,
2549 1169 2604 1224 in
2654 1169 2846 1240 primis
2883 1171 3102 1240 quidem
3133 1172 3275 1225 vites

1704 1263 2102 1317 exterminasse
2147 1277 2211 1316 ac
2257 1261 2415 1326 licus,
2459 1271 2717 1332 tanquam
2754 1263 2992 1333 impares
3049 1265 3273 1318 omnino

1705 1369 1827 1424 quae
1850 1354 1960 1407 vim
2005 1353 2208 1408 ferrent
2249 1354 2551 1423 eruptionis
2590 1354 2810 1424 primae;
2855 1355 3048 1409 deinde
3076 1369 3276 1424 pecora

1705 1458 2047 1514 quaecunque
2092 1459 2254 1515 agros
2296 1445 2678 1515 depascebant,
2715 1462 2843 1501 mox
2885 1462 3102 1500 omnem
3150 1447 3276 1500 her-

1705 1534 1830 1588 bam
1885 1549 2214 1604 omnemque
2249 1534 2499 1590 arborem
2571 1535 2642 1590 ab
2698 1536 2821 1606 igne
2857 1551 2982 1590 cum
3010 1536 3276 1607 grandine

1705 1628 1968 1696 permisto
2002 1626 2170 1682 fuisse
2200 1637 2606 1696 consumptam.
2650 1626 2887 1697 Eratque
2931 1629 3166 1697 portenti
3200 1629 3276 1683 si-

1703 1721 1852 1783 mile,
1885 1720 2027 1790 ignis
2064 1735 2187 1774 cum
2217 1735 2360 1791 aqua
2393 1721 2731 1783 discurrens,
2781 1722 3270 1792 complicatusque.

1703 1812 2047 1866 Discurrebat
2068 1813 2228 1880 enim,
2252 1814 2348 1878 ait,
2378 1814 2516 1884 ignis
2545 1816 2601 1868 in
2629 1815 2902 1885 grandine.
2931 1815 3054 1870 Fuit
3077 1831 3273 1886 nempe

1705 1903 1914 1974 grando
1963 1912 2017 1958 et
2067 1903 2207 1974 ignis
2258 1904 2312 1957 in
2357 1905 2619 1974 grandine
2646 1906 2862 1961 ardens.
2899 1904 3272 1961 Substantiam

1703 2011 1852 2058 vero,
1881 1995 1994 2050 sive
2031 1996 2273 2061 divitias,
2314 1995 2480 2051 David
2516 1998 2749 2067 appellat
2779 2013 2996 2067 pecora,
3027 2007 3081 2052 et
3106 1999 3272 2052 arboo

1703 2105 1827 2143 rum
1869 2088 2100 2144 fructus.
2150 2091 2599 2146 Animadvertere
2631 2101 2812 2146 autem
2861 2101 3093 2162 Oportet,
3127 2093 3274 2160 quod

1702 2181 1916 2235 etiamsi
1943 2195 2162 2237 omnem
2200 2183 2425 2238 herbam
2456 2198 2782 2254 omnemque
2803 2184 3051 2239 arborem
3067 2185 3274 2254 grando

1703 2269 2112 2339 consumpsisse
2131 2269 2376 2338 dicatur;
2397 2272 2646 2344 quaedam
2673 2273 3031 2328 nihilominus
3057 2289 3276 2328 reman-

1705 2369 1914 2427 serunt,
1942 2378 2062 2432 qua:
2087 2374 2212 2433 post
2237 2365 2557 2434 grandinem
2599 2367 2721 2435 igne
2763 2366 3062 2420 involutam
3087 2371 3267 2436 supcr-

1702 2453 1927 2508 veniens
1950 2454 2158 2510 locusta
2188 2456 2454 2522 comedit;
2498 2458 2565 2512 de
2586 2475 2691 2527 qua
2719 2459 2923 2512 dictum
2955 2469 3057 2525 est,
3084 2473 3273 2513 come-

1711 2544 1860 2600 disse
1873 2561 2091 2602 omnem
2110 2547 2356 2612 herbam,
2381 2565 2712 2619 omnemque
2728 2550 2986 2603 arborum
3011 2552 3270 2626 fructum,

1702 2653 2086 2709 quemcunque
2136 2641 2342 2711 grando
2387 2642 2715 2711 reliquisset.
2775 2639 3088 2696 Secundum
3136 2655 3271 2695 vero

1703 2732 1994 2797 theoriam,
2027 2743 2154 2788 sunt
2186 2734 2432 2804 quaedam
2471 2734 2673 2790 Christi
2699 2750 2917 2805 pecora,
2945 2743 3000 2790 et
3021 2735 3270 2806 quaedam

1702 2823 2117 2896 Egyptiorum:
2143 2827 2274 2898 quin
2302 2827 2464 2882 etiam
2495 2837 2741 2898 possunt,
2776 2843 2899 2899 qua:
2919 2828 3141 2884 alterius
3172 2827 3275 2882 ali-

1702 2917 1922 2987 quando
1953 2915 2190 2982 lueraut,
2220 2918 2393 2989 ipsius
2408 2919 2610 2975 Christi
2636 2921 2894 2988 evadere;
2917 2921 3276 2992 quemadmo-

1702 3009 1831 3064 dum
1860 3007 2067 3063 Labani
2099 3025 2294 3080 pecora
2323 3009 2513 3066 Jacobi
2550 3012 2689 3067 facta
2720 3022 2868 3078 sunt,
2916 3022 2971 3068 et
3003 3014 3272 3080 vicissim,

1707 3111 1988 3170 propterea
2013 3101 2159 3171 quod
2176 3100 2343 3158 Jacob
2364 3119 2701 3175 quaecunque
2726 3105 3074 3175 improbavit,
3100 3106 3275 3162 Esavo

1703 3193 1964 3264 elargitus
1993 3204 2096 3250 est.
2129 3195 2273 3250 Cave
2306 3197 2492 3268 igitur,
2534 3213 2602 3252 ne
2633 3199 2688 3253 in
2731 3199 2860 3254 ovili
2900 3199 3030 3256 Jesu
3079 3200 3274 3254 inven-

1705 3294 1812 3351 tus,
1847 3302 1970 3340 cum
2004 3288 2071 3342 ad
2118 3285 2262 3343 Esau
2315 3289 2458 3343 dona
2511 3290 2823 3356 mittuntur,
2887 3293 3156 3364 seligaris,
3211 3308 3278 3348 ac

1705 3383 1966 3446 tanquam
2022 3381 2286 3448 reprobus
2333 3380 2700 3451 iudignusquc
2746 3383 3042 3453 spiritualis
3085 3384 3275 3440 Jacobi

1705 3470 2094 3526 transmittaris
2119 3474 2185 3526 ad
2211 3473 2374 3528 Esau.
2399 3473 2604 3530 Pecora
2631 3477 2888 3531 nimirum
2921 3479 3123 3533 Christi
3149 3491 3277 3534 sunt

1704 3560 2086 3630 simpliciores,
2124 3581 2260 3634 quos
2293 3565 2435 3622 Deus
2466 3568 2656 3634 salvat,
2697 3568 2852 3637 juxta
2880 3571 3009 3625 illud
3039 3589 3052 3624 :
3083 3571 3276 3625 Homi-

1700 3671 1788 3708 nes
1836 3667 1884 3710 et
1916 3657 2160 3726 jumenta
2203 3657 2466 3725 salvebis,
2505 3660 2727 3713 Domine
2766 3662 2830 3714 ".
2874 3660 3079 3717 Pecora
3108 3664 3277 3735 [Egy-

1698 3751 1938 3818 ptiorum
1965 3749 2039 3802 illi
2070 3758 2216 3812 sunt,
2238 3753 2330 3820 qui
2355 3753 2565 3807 ratione
2595 3754 2837 3808 destituti
2865 3757 3142 3837 adlimrent
3167 3757 3274 3810 im-

92 3840 166 3905 pia
194 3845 410 3902 atheismi
451 3845 749 3909 doctrinae,
780 3842 984 3913 quique
1012 3840 1148 3896 adeo
1179 3839 1446 3910 grandine
1473 3841 1869 3909 percutiuntur.
1919 3843 2097 3912 Atque
2142 3842 2380 3914 [Egyptii
2430 3845 2671 3915 quidem,
2728 3848 2980 3903 universa
3024 3865 3147 3919 quae
3171 3851 3272 3905 ha-

92 3936 182 3997 bent
200 3945 293 4014 igni
325 3946 624 3999 traduntur
657 3960 671 3995 :
707 3938 980 3994 Abraham
1010 3952 1138 3992 vero
1168 3937 1307 3990 bona
1343 3934 1528 3990 lsaaco
1555 3935 1678 3991 data
1708 3946 1856 3992 sunt.

135 4057 222 4128 pﬁ'.
266 4061 726 4126 Ἐξαπέστειλεν
753 4059 861 4121 istc
910 4053 1130 4119 αὐτοὺς
1175 4052 1362 4122 ὀργὴν
1407 4051 1596 4120 θυμοῦ

85 4151 248 4214 αὑτοῦ,
273 4155 443 4222 θυμὸν
477 4152 596 4206 καὶ
619 4149 804 4219 ὀργὴν
832 4147 927 4201 καὶ
971 4147 1203 4213 θλίψιν,
1243 4143 1597 4212 ἀποστολὴν

83 4239 136 4296 δι’
150 4246 382 4316 ἀγγέλων
407 4244 727 4316 πονηρῶν.

130 4339 275 4409 Θυμὸν
299 4343 385 4395 ml
405 4342 589 4414 ὀργὴν
623 4339 716 4391 καὶ⁸
743 4335 937 4402 θλίψιν,
968 4333 1065 4397 τὰς
1099 4331 1300 4404 πικρὰς
1331 4331 1598 4402 τιμωρίας

82 4429 308 4486 ἐκάλεσεν·
345 4437 371 4488 ὁ
401 4435 516 4506 γὰρ
540 4431 678 4494 Θεὸς
704 4425 935 4496 ἀπαθήςο
958 4426 1049 4479 καὶ
1071 4424 1239 4495 θυμὸν
1265 4425 1362 4494 μὲν
1388 4425 1598 4493 νοήσεις

80 4523 148 4584 τὰς
177 4520 313 4594 ἧττον
344 4525 712 4590 κολαζούσας,
743 4518 909 4592 ὀργὴν
935 4517 990 4570 δὲ
1023 4517 1118 4580 τὰς
1159 4514 1376 4586 μᾶλλον,
1424 4512 1599 4582 θλίψιν

79 4612 140 4679 δὲ,
168 4615 252 4681 τὰς
279 4618 375 4672 ἔτι·
409 4618 688 4688 ἀγγέλους
726 4613 781 4666 δὲ
827 4608 1116 4682 πονηροὺς,
1147 4608 1272 4670 τοὺς
1301 4607 1399 4678 τῆς
1430 4605 1600 4676 ὀργῆς

78 4706 344 4780 ὑπουργοὺς,
369 4711 497 4764 οὔτε
531 4709 696 4779 φύσει
724 4704 882 4759 τοῦτο
905 4703 1082 4765 ὄντας,
1113 4700 1237 4754 οὔτε
1261 4698 1597 4772 προαιρέσει,

75 4797 171 4852 an
195 4802 271 4857 διὰ
303 4804 362 4858 τὸ
397 4805 482 4868 εἰς
510 4801 741 4856 τοιαῦτα
775 4797 1107 4867 διακονῆσαι,
1148 4793 1243 4847 καὶ
1279 4790 1474 4853 πόνους
1505 4789 1600 4842 καὶ

72 4892 212 4959 illive;
227 4898 515 4970 ἐνεργῆσαι
525 4936 540 4959 ,
562 4911 696 4964 πονη
704 4893 827 4971 ρφῦς
840 4887 1231 4959 ὀνομασθέντας
1237 4924 1250 4947 ’
1269 4883 1342 4946 ὡς
1354 4882 1488 4952 πρὸς
1506 4881 1599 4952 τὴν

73 4984 149 5036 τὼ
159 4993 454 5062 πασχόντων
469 4989 737 5048 διάθεσιν,
755 4983 889 5038 καθὸ
913 4983 1004 5036 καὶ
1022 4979 1204 5052 ἡμέρα
1228 4973 1439 5046 πονηρὰ
1452 4976 1485 5045 ἡ
1500 4974 1597 5046 τῆς

71 5078 250 5144 “mw;
270 5081 516 5150 λέγεται,
536 5081 616 5143 ὡς
638 5076 890 5146 ἀναγκῶν
908 5076 1000 5128 καὶ
1029 5073 1201 5126 πόνων
1221 5071 1332 5130 τοῖς
1348 5076 1603 5143 ἀμαρτω-

67 5168 149 5237 ὶῡῖς
171 5176 420 5248 γέμουσα.
456 5174 717 5230 Τοιοῦτον
739 5173 834 5225 καὶ
854 5170 912 5223 τὸ
933 5166 1084 5238 παρά
1109 5165 1186 5235 τῷ
1211 5166 1428 5236 Ἡσαΐᾳ·
1457 5159 1597 5231 Ἐ

111 5364 144 5395 ³³
160 5363 352 5424 Psalm.
385 5383 570 5436 xxxv,
597 5365 647 5419 ’1.

114 5539 203 5614 [21)
241 5539 656 5605 Theodoretus,
692 5537 1035 5610 Hippolytum
1102 5543 1344 5594 secutus,
1385 5532 1594 5614 angelos

57 5605 311 5666 matos'non
336 5614 653 5673 daemones,
682 5622 733 5664 at
766 5605 940 5679 pinnae
960 5620 1332 5679 ,tempuranete
1358 5605 1594 5679 admini-

61 5691 164 5734 sirus
207 5684 480 5740 intellexit
513 5703 527 5735 :
566 5682 617 5735 in
643 5673 833 5752 psali'n.
873 5673 1190 5744 ιχχγιιίῦιί,
1221 5689 1272 5732 et
1302 5677 1353 5729 in
1390 5673 1589 5731 Jcrem.

1772 4033 1863 4088 49.
1896 4033 2043 4087 Misit
2074 4035 2127 4087 in
2153 4051 2238 4088 eos
2280 4035 2418 4090 iram
2440 4035 2820 4107 indignationis
2865 4056 2994 4107 sum,
3020 4041 3270 4112 indigna-

1705 4131 1917 4195 tionem,
1945 4138 1993 4181 et
2025 4130 2180 4194 iram,
2230 4139 2278 4184 et
2329 4130 2723 4194 tribulationem
2751 4147 2768 4184 :
2795 4134 3143 4190 iinmissiones
3181 4155 3273 4206 per

1631 4254 1677 4310 Β
1705 4221 1918 4291 angelos
1949 4222 2140 4275 malos.

1775 4314 2206 4384 lndignationem
2258 4324 2312 4369 et
2357 4315 2516 4380 iram,
2549 4325 2603 4371 et
2636 4317 3038 4375 tribulationem
3077 4323 3271 4378 acerba

1691 4395 1913 4478 ﬂagella
1943 4408 2282 4463 nominavit:
2313 4406 2455 4464 Deus
2479 4409 2622 4464 enim
2653 4413 3062 4480 perturbatione
3093 4430 3270 4476 vacat.

1706 4501 2134 4572 Indignationem
2175 4501 2440 4570 profecto,
2486 4502 2698 4557 minora
2729 4503 2936 4576 ﬂagella
2970 4507 3269 4582 intelliges;

1707 4593 1843 4647 iram
1875 4593 2090 4656 deinde,
2116 4594 2356 4663 majora;
2391 4595 2796 4651 tribulationem
2825 4613 2975 4663 vero,
3011 4605 3270 4659 maxima.

1701 4687 1941 4755 Angelos
1969 4695 2149 4741 autem
2182 4687 2377 4752 malos,
2405 4703 2500 4742 eos
2529 4688 2623 4758 qui
2659 4700 2787 4745 sunt
2815 4691 2910 4746 irae
2943 4693 3272 4761 administri,

1704 4780 1799 4849 qui
1829 4793 2004 4848 neque
2030 4786 2227 4832 natura
2259 4778 2388 4832 mali
2422 4787 2572 4845 sunt,
2611 4794 2788 4849 neque
2824 4781 3136 4850 voluntate;
3177 4782 3274 4839 sed

1703 4871 1966 4942 quoniam
2014 4870 2166 4926 hisce
2217 4871 2396 4941 poenis
2437 4871 2799 4940 exsequendis
2847 4871 3172 4939 inserviunt,
3208 4890 3274 4932 ac

1705 4980 1977 5021 aerumnas
2003 4964 2328 5034 doloresque
2349 4963 2620 5036 inﬂigunt,
2644 4965 2774 5020 mali
2799 4964 3086 5033 dicuntur;
3112 4971 3272 5038 quasi

1707 5076 1775 5116 ex
1818 5075 2010 5116 eorum
2060 5059 2253 5115 affectu
2306 5060 2399 5130 qui
2435 5060 2560 5115 talia
2596 5063 2876 5131 patiuntur
2899 5061 3031 5131 (‘21).
3072 5062 3273 5129 Quem—

1706 5153 1998 5210 admodum
2030 5162 2084 5210 et
2123 5153 2241 5210 dies
2272 5154 2416 5209 mala
2448 5165 2792 5227 nuncupatur
2822 5155 3012 5225 judicii
3039 5157 3175 5222 dies,
3206 5172 3272 5213 eo

1708 5543 1852 5594 χιιι,
1886 5529 1974 5581 Ui.
2010 5525 2113 5582 Sed
2137 5533 2190 5581 et
2213 5525 2303 5580 alii
2332 5523 2578 5579 eamdem
2608 5521 2662 5578 in
2686 5517 3009 5578 sententiam
3033 5517 3268 5580 iverunt.

1707 5599 1770 5654 V.
1802 5599 1913 5654 Pol.
1934 5602 2170 5669 Synops.
2201 5613 2261 5663 ιι,
2296 5596 2398 5652 col.
2427 5594 2587 5650 1115.
