3814 6198
505 226 610 284 815

1347 223 1403 282 s.
1443 205 1802 281 ηἰριδοιγτι
1855 224 2005 281 ore.
2042 211 2222 281 rans
2270 205 2311 281 i.
2367 256 2434 264 —
2466 222 2876 280 exsomnes.
3572 220 3660 289 lilii

505 351 653 423 quod
679 351 1046 407 calamitatum
1081 330 1442 422 laborumque
1471 353 1733 406 adversus
1767 361 2080 422 peccatores

2197 352 2400 419 Κύριος
2428 348 2615 403 ποιῶν
2654 347 2900 418 εἰρήνην
2927 348 3018 402 καὶ
3058 345 3252 407 κτίζων
3285 347 3443 411 κακὰ,
3469 342 3542 404 ἶνα
3562 357 3664 429 sing

507 446 664 515 plena
695 446 784 499 sit.
821 442 1011 498 Simile
1043 453 1127 498 est
1164 444 1295 498 illud
1331 442 1486 499 Isaia:
1519 463 1531 496 :
1565 443 1675 513 Ego
1708 445 1964 497 Dominus
1995 443 2080 513 [a-

2189 445 2283 497 καὶ
2316 442 2616 515 είρηνέυειν
2644 443 2767 506 ἐῶν,
2797 441 2890 495 καὶ
2918 440 3252 511 πολεμεῖσθαι
3283 443 3558 511 συγχωρῶν.

507 541 649 595 ciens
679 555 860 610 pacem
885 549 940 593 et
983 556 1165 595 creans
1190 541 1426 606 mala";
1458 540 1685 612 perinde
1719 555 1782 595 ac
1815 541 1862 594 si
1898 540 2062 608 dicat,
2093 549 2147 596 et
2177 555 2364 611 pacem
2396 537 2605 601 fovens,
2636 547 2688 593 et
2719 538 2852 592 bella
2885 536 3212 608 permittens.

536 761 3657 790 “HM

1674 926 1797 1014 IN
1877 923 2608 1019 PROVERBIA.

941 1119 1082 1184 (Mn,
1111 1116 1404 1170 Bibliotheca
1427 1131 1549 1169 nova
1570 1119 1792 1177 Patrum,
1817 1115 1924 1179 VII,
1947 1129 1998 1178 ιι,
2022 1115 2102 1177 7i,
2137 1117 2467 1178 Rema3185i,
2490 1119 2542 1166 in
2567 1118 2636 1178 4ο,
2662 1129 2726 1167 ex
2753 1125 2924 1168 catena
2957 1100 3182 1167 Vaticana
3207 1116 3317 1179 ms.)

1265 1440 1359 1494 nx
1407 1439 1544 1494 ΤΩΝ
1593 1437 1800 1494 mor
1845 1420 2251 1494 ΙΠΠΟΛΥΤΟΥ
2282 1437 2392 1492 ΕΙΣ
2423 1437 2555 1490 ΤΑΣ
2579 1434 2974 1490 ΠΑΡοιΜιΑΣ.

579 1616 968 1678 lllPPOLYTl.
998 1610 1292 1672 Proverbia
1341 1615 1506 1687 igitur
1546 1630 1829 1672 sermones
1874 1616 2076 1671 exhor-

2253 1612 2668 1668 ΙΠΠΟΛΥΤΟΥ.
2701 1613 2746 1645 ³⁸
2771 1613 3069 1684 Παροιμίαι
3092 1611 3266 1666 τοίνυν
3299 1611 3399 1666 εἰσὶ
3433 1612 3557 1681 λόγοι
3583 1631 3684 1688 προ.

511 1715 691 1772 tatorii
722 1721 872 1777 sunt,
902 1711 995 1782 qui
1027 1709 1298 1764 universae
1341 1709 1467 1762 vita:
1511 1708 1860 1764 moderanda:
1901 1708 2085 1764 confe-

509 1817 662 1862 runt:
701 1819 829 1860 nam
860 1802 928 1857 iis
966 1801 1061 1871 qui
1110 1800 1211 1854 iter
1255 1799 1321 1854 ad
1355 1798 1526 1854 Deum
1563 1800 1873 1866 instituunt,
1913 1799 2085 1855 duces

509 1897 735 1968 quidam
763 1895 902 1949 ﬁunt
932 1908 996 1946 ac
1024 1891 1190 1946 veluti
1218 1889 1444 1953 indices,
1469 1891 1564 1960 qui
1597 1890 1908 1946 laborantes
1927 1904 1957 1943 a
1987 1890 2088 1944 via:

509 1987 849 2058 longitudine
902 1993 1175 2040 recreant.
1207 1981 1379 2037 Porro
1427 1983 1542 2037 haec
1588 1982 1876 2053 proverbia
1933 1981 2088 2036 Salo-

511 2079 694 2134 monis
727 2085 876 2143 sunt,
923 2077 1133 2146 pacifici
1170 2075 1453 2140 nimirum,
1497 2075 1612 2130 sive
1653 2074 1856 2130 Christi
1889 2073 2082 2128 Serva-

509 2171 668 2226 toris.
705 2168 846 2236 Quia
872 2182 1002 2224 vero
1034 2167 1250 2222 Domini
1281 2181 1584 2231 sermones,
1619 2177 1900 2237 propterea
1939 2165 2086 2236 quod

510 2262 729 2318 Domini
773 2270 934 2330 sunt,
980 2261 1190 2316 idcirco
1222 2273 1319 2315 eos
1367 2258 1487 2315 sine
1519 2259 1847 2314 olfendieulo
1885 2274 2087 2330 cogno-

511 2356 755 2420 scimus;
780 2369 848 2409 ne
871 2353 997 2424 quis
1029 2352 1167 2408 forte
1196 2368 1299 2409 nos
1329 2352 1570 2409 nominis
1597 2353 1828 2422 paritate
1852 2351 2082 2414 falleret,

510 2447 662 2502 addit
688 2446 814 2516 quis
839 2445 956 2502 haec
979 2445 1281 2516 scripserit,
1309 2453 1364 2500 et
1389 2445 1549 2515 cujus
1577 2445 1750 2515 gentis
1783 2459 1879 2498 rex
1901 2443 2083 2498 fuerit.

512 2537 605 2594 Sic
633 2538 780 2593 enim
816 2537 1052 2593 dicentis
1083 2537 1386 2592 auctoritas
1419 2535 1937 2592 commendatiorem
1971 2548 2086 2589 ser-

510 2645 731 2686 monem
759 2631 1190 2700 attentioresque
1221 2630 1500 2685 auditores
1538 2629 1716 2685 faciet.
1736 2627 1912 2683 Verba
1939 2627 2086 2684 enim

513 2724 829 2780 Salomonis
877 2725 1025 2780 illius
1068 2731 1234 2790 sunt,
1267 2723 1356 2779 cui
1397 2723 1535 2779 dixit
1581 2722 1888 2777 Dominus:
1937 2720 2088 2774 Dabo

512 2816 610 2872 tibi
640 2833 731 2871 cor
757 2818 986 2888 prudens
1015 2825 1171 2886 atque
1200 2817 1448 2886 sapiens;
1471 2831 1618 2869 nemo
1648 2815 1726 2867 tui
1763 2830 1860 2884 par
1884 2814 1941 2868 in
1965 2817 2086 2869 orbe

511 2909 633 2979 fuit,
664 2922 825 2978 neque
856 2917 1062 2978 postero
1099 2917 1327 2977 tempore
1379 2909 1632 2969 exsistet;
1670 2915 1727 2961 et
1773 2907 1981 2977 reliqua
2021 2907 2087 2963 de

511 3017 578 3056 eo
608 3002 834 3071 scripta.
856 2999 976 3054 Jam
1012 3000 1060 3054 is
1098 3001 1316 3070 sapiens
1347 3015 1378 3054 a
1405 3001 1652 3069 sapiente
1693 3000 1908 3069 genitus
1942 2999 2042 3054 fuit
2068 2996 2083 3054 ὲ
2112 2979 2154 3036 C

511 3109 681 3164 quare
713 3093 976 3148 attexitur
997 3093 1218 3148 Davidis
1249 3108 1467 3158 nomen,
1500 3091 1644 3146 unde
1667 3091 1926 3146 Salomon
1960 3108 2085 3162 pro-

512 3194 729 3240 creatus
763 3184 904 3240 fuit:
942 3185 1081 3240 idem
1113 3202 1142 3238 ιι
1170 3199 1342 3254 puero
1365 3184 1539 3239 sacris
1565 3184 1762 3239 litteris
1798 3184 2083 3247 eruditus;

513 3292 692 3347 neque
723 3286 872 3332 sorte
907 3277 989 3332 vel
1028 3278 1289 3346 vialiqua
1322 3291 1547 3346 regnum
1580 3275 1836 3340 obtinuit,
1875 3276 1971 3331 sed
1992 3277 2085 3346 ju—

513 3369 660 3425 dicio
702 3367 938 3438 Spiritus
969 3378 1024 3424 et
1056 3371 1271 3424 decreto
1304 3367 1415 3423 Dei.

589 3549 670 3603 Ad
708 3549 976 3604 scientiam
1018 3549 1336 3618 sapientiam
1372 3559 1422 3603 et
1463 3549 1822 3620 disciplinam.
1853 3550 1958 3618 Qui
1992 3551 2086 3607 Dei

513 3642 836 3711 sapientiam
867 3642 1037 3709 novit,
1068 3642 1117 3697 is
1146 3641 1215 3696 ab
1247 3643 1439 3698 eodem
1465 3659 1684 3713 quoque
1714 3644 1982 3712 eruditur,
2013 3646 2086 3699 ita

516 3743 576 3788 ut
609 3734 873 3806 intelligat
920 3749 1238 3790 sermonum
1277 3736 1559 3808 mysteria.
1603 3735 1721 3791 Jam
1766 3738 1859 3807 qui
1903 3753 2085 3793 veram

515 3828 902 3898 caelestemque
949 3828 1272 3898 sapientiam
1332 3836 1564 3894 tenent,
1610 3828 1648 3883 ii
1706 3830 2085 3900 mysteriorum

516 3921 842 3976 sententiam
888 3920 1048 3976 facile
1094 3922 1412 3992 percipient.
1458 3921 1666 3978 Idcirco
1711 3923 1834 3976 ait:
1879 3921 1961 3975 Ad
1993 3939 2087 3976 ca-

515 4011 733 4081 piendas
763 4028 1062 4066 sermonum
1092 4014 1355 4081 strophas.
1405 4010 1544 4067 Nam
1585 4027 1706 4082 qua:
1744 4013 2087 4081 przeposteris

516 4103 683 4157 veluti
714 4104 896 4158 verbis
922 4119 952 4158 a
982 4113 1173 4159 sancto
1206 4103 1411 4174 Spiritu
1435 4104 1578 4157 dicta
1605 4101 1848 4163 fuerunt,
1867 4119 1928 4156 ea
1957 4104 2086 4168 illis,

517 4195 613 4265 qui
647 4195 789 4250 ﬁdeli
831 4211 959 4266 erga
991 4195 1162 4250 Deum
1213 4194 1378 4249 corde
1413 4200 1540 4247 sunt
1576 4193 1805 4262 praediti,
1843 4195 2088 4262 expedite

519 4285 887 4340 innotescunt.

593 4375 721 4432 Haec
758 4376 826 4430 de
858 4374 1167 4430 Judmorum
1213 4377 1432 4445 populo,
1473 4385 1528 4430 et
1569 4375 1637 4431 de
1679 4375 1883 4431 Christi
1925 4376 2089 4438 mede,

520 4468 790 4538 intelligit.
811 4466 1082 4522 Putabant
1102 4468 1247 4522 enim
1277 4468 1430 4522 illum
1461 4468 1515 4522 in
1549 4477 1690 4522 terra
1717 4469 2092 4523 tantummodo

521 4561 722 4615 habere
753 4560 1244 4616 conversationem.

588 4647 708 4705 Non
741 4649 1010 4718 accipient
1048 4659 1280 4715 tantum,
1326 4649 1423 4705 sed
1474 4650 1638 4704 etiam
1675 4650 2090 4706 hazreditabunt.

529 4741 684 4813 lmpii
714 4757 844 4797 vero
875 4742 1093 4796 etiamsi
1114 4743 1470 4806 extolluntur,
1497 4743 1546 4798 id
1573 4743 1638 4797 ad
1661 4744 1917 4813 majorem
1948 4744 2095 4813 ipso-

519 4850 642 4887 rum
678 4831 1031 4902 ignominiam
1069 4832 1356 4888 redundat.
1389 4832 1569 4888 Veluti
1592 4832 1637 4888 si
1665 4834 1789 4902 quis
1815 4833 2086 4887 hominem

519 4924 821 4980 deformem
853 4934 1016 4995 atque
1067 4924 1362 4980 distortum
1413 4926 1467 4979 in
1513 4925 1624 4980 alto
1664 4925 1933 4992 collocet,
1977 4941 2085 4980 non

523 5017 753 5072 honorat
795 5019 890 5072 sed
922 5017 1095 5088 magis
1132 5017 1476 5083 dehonestat,
1508 5015 1854 5072 manifestam
1883 5017 2087 5073 consu-

523 5123 681 5165 tuens
730 5110 978 5180 pluribus
1020 5112 1409 5182 turpitudinem
1459 5111 1601 5180 ejus.
1641 5109 1732 5165 Sic
1778 5111 1904 5166 item
1943 5109 2087 5167 Deus

519 5201 737 5257 extollit
760 5190 976 5272 impios,
1000 5212 1062 5258 ut
1085 5203 1358 5272 publicum
1389 5201 1552 5258 faciat
1579 5203 1817 5258 dedecus
1845 5203 2084 5257 illorum.

451 5286 454 5288 ⁷
522 5293 802 5351 Exaltatus
831 5295 934 5352 fuit
961 5298 1125 5352 etiam
1149 5296 1383 5364 Pharao,
1417 5297 1511 5352 sed
1546 5306 1604 5350 ut
1639 5298 1900 5352 mundum
1927 5313 2090 5353 accu-

522 5396 759 5441 satorem
797 5389 1040 5445 haberet.

593 5479 1146 5570 Animadvertendum
1177 5494 1281 5549 est,
1313 5485 1516 5540 donum
1547 5485 1749 5540 bonum
1781 5485 1888 5540 dici
1921 5484 1988 5539 ab
2011 5488 2090 5550 jeo

597 5615 638 5648 ⁸⁷
673 5617 778 5673 lsa.
814 5623 1009 5685 xt.v,7.
1089 5623 1134 5656 ³⁸
1158 5639 1217 5679 ca

522 5683 570 5750 ,δ’
596 5705 715 5760 cap.
743 5707 824 5757 ιιι,
966 5726 1033 5736 -
1055 5695 1118 5750 Α.
1153 5695 1188 5750 r.
1219 5683 1308 5763 eo,
1342 5683 1398 5752 1).

2185 1707 2465 1778 τρεπτικώ
2487 1705 2635 1777 παρά
2664 1706 2845 1759 πᾶσαν
2872 1705 2990 1758 ὁδὸν
3017 1704 3112 1758 τοῦ
3148 1704 3260 1772 βίου
3295 1707 3680 1778 χρησιμεύοντες·

2184 1799 2296 1860 τοῖς
2327 1795 2435 1866 γὰρ
2475 1797 2566 1848 ἐπὶ
2601 1796 2690 1849 τὸν
2714 1795 2845 1849 Θεὸν
2884 1793 3004 1851 ὀδδν
3054 1795 3411 1866 ποιουμένοις,
3444 1795 3602 1868 ὁδηγός
3622 1815 3684 1862 τις

2185 1889 2391 1957 γίνεται
2407 1886 2820 1960 ’παραπλησίως
2845 1887 2924 1958 τῷ
2950 1887 3331 1958 ὑποδείγματι,
3358 1888 3472 1950 τοὺς
3502 1887 3685 1957 κάμνον-

2184 1995 2283 2042 τας
2319 1978 2409 2031 διὰ
2442 1978 2503 2032 τὸ
2551 1978 2648 2048 τῆς
2677 1976 2796 2030 ὁδοῦ
2833 1979 3006 2049 μῆκος
3057 1977 3439 2049 ἀνακτωμένη·
3478 1978 3593 2030 εἰσιν
3617 1975 3688 2032 οὖν

2185 2064 2346 2122 αὗται
2376 2072 2432 2123 αἱ
2465 2070 2752 2143 παροιμίαι
2797 2069 3180 2140 Σολομῶντος,
3212 2071 3240 2124 ὃ
3271 2072 3409 2124 ἐστιν
3441 2071 3686 2143 εἰρηνικοῦ,

2187 2161 2304 2231 ἦτοι
2331 2160 2424 2215 τοῦ
2449 2162 2698 2232 Σωτῆρος
2717 2159 2972 2233 Χριστοῦ·
2999 2161 3190 2232 ἐπειδὴ
3213 2161 3269 2214 δὲ
3295 2162 3412 2225 τοὺς
3429 2161 3512 2214 τοῦ
3530 2163 3688 2234 Κυρίου

2187 2250 2397 2322 λόγους,
2427 2252 2522 2305 ἅτε
2551 2251 2615 2324 δὴ
2647 2253 2852 2324 Κυρίου
2882 2253 3269 2323 τυγχάνοντας,
3297 2254 3576 2317 ἀπταίστως
3599 2257 3688 2309 ἑπι-

2187 2344 2452 2414 στὰμεθα,
2489 2344 2576 2398 ἴνα
2611 2345 2684 2416 μή
2715 2361 2798 2408 τις
2825 2345 2890 2397 ἐκ
2923 2345 3023 2415 τῆς
3062 2347 3370 2417 ὁμωνυμίας
3394 2348 3526 2418 ἡμᾶς
3555 2348 3689 2418 ἀφαρ·

2187 2441 2358 2513 πάσῃ,
2394 2439 2528 2510 φησὶ
2560 2439 2644 2504 τίς
2675 2441 2704 2492 ὁ
2733 2440 2948 2512 γράψας
2971 2439 3167 2508 ταῦτα,
3197 2441 3290 2494 καὶ
3318 2440 3466 2494 τίνων
3492 2435 3550 2511 ἦν
3575 2439 3690 2508 βασι-

2185 2531 2338 2596 λεύς·
2381 2533 2469 2586 ἵνα
2510 2535 2544 2604 ἡ
2584 2531 2676 2585 τοῦ
2721 2531 2969 2600 λέγοντος
3013 2532 3324 2600 ἀξιοπιστία
3357 2531 3689 2602 εὐπαράδεκτον

2184 2625 2275 2678 τὸν
2302 2625 2456 2692 λόγον
2485 2625 2803 2697 καταστήσῃ
2835 2625 2929 2677 καὶ
2961 2628 3250 2698 προσεχεῖς
3279 2626 3399 2689 τοὺς
3434 2622 3689 2687 ἀκούοντας.

2187 2718 2530 2790 Σολομῶντος
2561 2724 2668 2792 γάρ
2701 2720 2840 2774 εἰσιν
2866 2718 3102 2783 ἐκείνου,
3135 2718 3270 2790 πρὸς
3300 2717 3358 2770 ὃν
3397 2712 3576 2770 εἶπενὸ
3605 2714 3690 2768 Κύ-

2190 2825 2302 2880 ριος
2321 2826 2333 2839 ·
2371 2809 2546 2864 Δώσω
2571 2825 2668 2864 σοι
2698 2811 2950 2879 καρδίαν
2982 2812 3282 2879 φρονίμην
3306 2807 3399 2863 καί
3419 2806 3616 2878 σοφήν·
3633 2805 3692 2870 ὡς

2187 2905 2270 2959 σὺ
2294 2906 2366 2959 οὐ
2390 2902 2634 2975 γέγονεν
2658 2904 2758 2959 ἐπὶ
2778 2901 2885 2973 τῆς
2908 2901 3040 2974 γῆς,
3072 2904 3172 2957 καὶ
3197 2901 3343 2972 μετὰ
3379 2901 3448 2955 σὲ
3475 2901 3570 2954 οὐκ
3587 2900 3694 2953 ἀνα-

2187 2995 2477 3062 στήσεται
2509 2995 2709 3066 ὅμοιός
2749 3011 2848 3050 σοι
2871 2996 2917 3028 "
2937 3013 2950 3026 ·
2991 2997 3091 3049 καὶ
3133 2996 3202 3053 τὰ
3231 2995 3386 3049 λοιπά
3430 2993 3542 3066 περὶ
3568 2988 3694 3046 αὑτοῦ

2186 3089 2560 3160 γεγραμμένα·
2592 3084 2662 3160 ἦν
2691 3089 2747 3142 δὲ
2781 3088 2942 3158 σοφὸς
2987 3091 3054 3142 ὲκ
3103 3089 3288 3158 σοφοῦ·
3324 3089 3400 3142 διὸ
3436 3086 3694 3158 πρόσκειται

2185 3181 2247 3234 τὸ
2293 3182 2488 3245 Δαὸὶδ,
2519 3179 2578 3246 ἐξ
2623 3173 2685 3232 οὗ
2743 3180 2993 3248 Σολομὼν
3025 3183 3260 3251 γέγονε,
3308 3184 3369 3234 ἐκ
3417 3179 3616 3253 βρέφους
3644 3172 3695 3229 τὰ

2190 3273 2309 3346 ίερά
2354 3273 2655 3346 γράμματα
2708 3273 3131 3344 παιδευόμενος,
3179 3274 3271 3326 καὶ
3313 3274 3372 3326 οὐ
3428 3273 3588 3342 κλήρῳ
3623 3267 3698 3336 τὴν

2187 3364 2359 3436 ἀρχὴν
2391 3364 2686 3436 λαϐόμενος
2711 3363 2832 3417 οὐδὲ
2860 3364 2972 3435 βίᾳ,
3002 3365 3144 3418 ἀλλὰ
3180 3367 3354 3438 κρίσει
3385 3363 3472 3418 τοῦ
3495 3360 3698 3432 [Ινεύμα-

2189 3475 2280 3521 τος
2313 3460 2407 3512 καὶ
2431 3457 2596 3529 ψήφῳ
2618 3458 2772 3513 Θεοῦ.

2260 3551 2305 3582 ⁸ο
2340 3550 2573 3605 Γνῶνᾱι
2617 3551 2842 3619 σοφίαν
2889 3550 2987 3604 καὶ
3027 3549 3322 3605 παιδείαν.
3361 3550 3417 3601 ὐ
3451 3548 3589 3617 γνοὺς
3626 3543 3698 3614 τὴν

2191 3643 2381 3714 σοφίαν
2413 3645 2506 3698 τοῦ
2542 3644 2678 3698 Θεοῦ
2713 3643 2976 3714 λαμϐάνει
3016 3644 3150 3716 παρ’
3180 3643 3340 3698 αὑτοῦ
3373 3645 3460 3697 καὶ
3482 3638 3698 3698 παιδείαν,

2191 3735 2544 3807 ἐκμανθάνων
2575 3737 2642 3790 δι’
2677 3736 2849 3806 αὐτῆς
2891 3736 2959 3789 τὰ
2994 3735 3090 3791 τοῦ
3122 3737 3286 3806 λόγου
3333 3735 3606 3807 μυστήρια·
3632 3731 3702 3783 καὶ

2191 3825 2239 3876 οἱ
2259 3825 2476 3894 γνόντες
2503 3826 2601 3898 τὴν
2629 3825 2803 3898 ἀληθῆ
2826 3825 2919 3878 καὶ
2947 3826 3272 3893 ἐπουράνιον
3293 3826 3490 3896 σοφίαν,
3515 3820 3702 3881 εὐκόλως

2191 3917 2440 3988 νοήσουσι
2487 3917 2614 3980 τοὺς
2659 3917 2750 3969 ὑπ’
2789 3917 2968 3970 αὐτῶν
3013 3917 3378 3989 λαλουμένους
3415 3917 3608 3985 λόγους·
3641 3911 3703 3965 διό

2192 4022 2342 4080 φησι·
2374 4009 2664 4074 Δέξασθαι
2696 4007 2963 4078 στροφὰς
2992 4010 3222 4080 λόγων·
3254 4011 3320 4064 τὰ
3346 4010 3449 4080 γὰρ
3472 4004 3702 4072 ἀντιστρό-

2193 4119 2307 4171 φως
2353 4100 2457 4154 ὑπὸ
2496 4101 2590 4154 τοῦ
2634 4100 2788 4169 ἁγίου
2825 4101 3140 4173 Πνεύματος
3189 4104 3540 4175 λελαλημὲνα,
3571 4099 3704 4154 ταῦτα

2190 4193 2302 4256 τοῖς
2357 4190 2553 4262 πιστὴν
2611 4191 2836 4264 καρδίαν
2892 4193 3072 4264 ἔχουσι
3118 4195 3258 4267 πρὸς
3302 4190 3430 4248 Θεὸν
3474 4192 3705 4261 εὔγνωστα

2192 4284 2421 4353 γίνεται.

2268 4381 2309 4411 ⁶¹
2353 4379 2536 4434 Ταῦτα
2581 4383 2658 4445 είς
2700 4382 2788 4434 τὸν
2835 4382 2942 4436 τῶν
3008 4385 3278 4441 Ἰουδαίων
3309 4387 3472 4458 δῆμον
3513 4383 3596 4438 καὶ
3629 4382 3706 4450 τὴν

2197 4471 2341 4525 κατά
2389 4471 2626 4544 Χριστοῦ
2687 4474 2994 4544 μιαιφονίαν
3064 4475 3372 4550 ἐξείληφεν·
3426 4475 3578 4548 ᾤοντο
3625 4472 3709 4542 γὰρ

2196 4565 2359 4620 αὑτὸν
2383 4568 2476 4620 ἐπὶ
2507 4568 2609 4638 γῆς
2647 4567 2805 4639 μόνον
2835 4566 2978 4638 ἔχειν
3009 4567 3072 4621 τὸ
3103 4569 3422 4642 πολίτευμα.
3447 4593 3452 4598 ο

2265 4661 2310 4692 δ’
2336 4661 2448 4730 Οὐχ
2483 4659 2669 4724 ἁπλῶς
2704 4660 2984 4732 λήψονται,
3014 4661 3150 4716 ἀλλὰ
3181 4663 3643 4735 κληρονομήσουσι·
3671 4654 3708 4707 οἱ

2194 4753 2253 4806 δὲ
2275 4752 2512 4818 ἀσεϐεῖς,
2536 4754 2584 4806 εί
2619 4751 2711 4805 xal.
2747 4753 3021 4824 ὑψοῦνται,
3047 4753 3160 4808 ἀλλ’
3195 4755 3335 4809 ὥστε
3366 4754 3568 4826 μείζονα
3592 4746 3711 4816 γενέ-

2198 4843 2320 4897 σθαι
2352 4843 2450 4915 τὴν
2475 4843 2698 4914 ἀτιμίαν
2729 4844 2908 4898 αὐτῶν
2926 4863 2940 4876 ·
2965 4845 3040 4908 ὡς
3068 4845 3174 4919 γάρ
3207 4865 3291 4911 τις
3315 4846 3403 4899 τὸν
3425 4841 3616 4910 δυσειδῆ
3637 4838 3709 4890 καὶ

2194 4934 2649 5006 διεστραμμένον,
2679 4938 2727 4988 εἰ
2761 4937 3025 5007 ὑψώσειεν
3044 4979 3059 5004 ,
3089 4940 3188 4993 οὐκ
3226 4940 3458 5006 ὲδόξασε,
3490 4934 3590 4991 ἀλλ’
3613 4930 3707 5001 ἠτί-

2198 5044 2337 5097 μασε
2376 5027 2558 5092 πλέον,
2586 5029 2886 5100 κατάδηλον
2919 5031 3082 5086 αὑτοῦ
3105 5033 3166 5086 τὸ
3203 5028 3386 5103 αἶσχος
3424 5029 3609 5085 πλείοσι
3631 5042 3709 5077 me

2193 5119 2495 5190 ταστήσας·
2535 5119 2676 5174 οὕτω
2721 5123 2872 5176 καὶὸ
2904 5119 3033 5188 Θεὸς
3067 5125 3191 5194 ὑψοί
3232 5127 3356 5190 τοὺς
3391 5122 3603 5184 ἀσεϐεῖς,
3641 5117 3708 5168 ἵνα

2197 5212 2409 5282 ἐμφανῆ
2433 5215 2749 5286 καταστήσῃ
2770 5215 2870 5286 τὴν
2894 5216 3115 5269 ἐκείνων
3135 5216 3506 5289 ἀσχημοσύνην
3522 5230 3534 5246 ·
3555 5207 3707 5279 ὑψώθη

2198 5302 2291 5355 καὶ
2340 5301 2539 5374 Φαραὼ
2558 5346 2572 5368 ,
2621 5303 2734 5356 ἀλλ’
2777 5306 2916 5360 ὥστε
2959 5308 3056 5379 τὴν
3092 5310 3406 5380 οἰκουμένην
3451 5304 3710 5374 κατήγορον

2198 5394 2360 5464 ἔχειν.

2268 5486 2314 5516 ⁸³
2368 5487 2703 5557 Σημειωτέον
2757 5492 2840 5544 ὅτι
2883 5490 3054 5563 δῶρον
3112 5491 3311 5560 ἀγαθὸν
3365 5487 3596 5560 ὀνομάζει
3639 5477 3710 5532 τὸν

1226 5641 1281 5701 p.
1317 5643 1356 5701 ι,
1388 5627 1436 5680 l.
1503 5627 1558 5701 ξ’
1588 5625 1653 5679 lli
1684 5624 1816 5695 Reg.
1844 5626 2055 5701 131,42.

2197 5624 2315 5701 949-,
2382 5628 2423 5660 “
2445 5630 2566 5685 cod.
2589 5627 2888 5701 Vat.1802,
2915 5632 3029 5688 sive
3051 5633 3115 5687 A.
3145 5632 3182 5689 ΐ.
3213 5633 3266 5701 7,
3291 5633 3343 5687 1).
3363 5663 3430 5674 ——
3452 5643 3560 5697 cap.
3586 5638 3620 5688 I,
3641 5618 3710 5673 li.

1499 5698 1549 5774 ⁸³,
1576 5714 1693 5768 cap.
1725 5713 1775 5752 ιγ
1802 5739 1816 5767 ,
1847 5697 1900 5750 2.
1939 5729 2006 5738 -—
2032 5699 2094 5752 Α.
2121 5695 2160 5750 f.
2189 5696 2280 5767 20,
2305 5699 2357 5752 b.
