3814 6198
181 265 271 318 617

1297 252 1713 311 FRAGMENTA
1740 251 1804 306 ΙΝ
1844 248 2253 305 PROVERBIA.

3271 244 3377 302 648

184 388 357 454 νόμον,
384 380 468 435 διὰ
492 379 583 432 τὸν
608 378 950 449 λαμϐάνοντα
976 376 1121 448 δῶρα
1155 376 1212 429 ἐν
1244 374 1460 436 κόλποις
1490 372 1690 436 ἀδίκως
1707 389 1720 401 σ

1853 385 1925 424 pro
1964 370 2099 441 lege,
2134 373 2353 436 propter
2382 364 2531 418 illum
2556 362 2650 432 qui
2694 361 2833 417 dona
2878 360 2931 415 in
2972 358 3149 415 sinum
3176 360 3376 431 injuste

186 475 329 541 οὗτος
345 476 399 529 δὲ
420 471 880 541 ὲγκαταλιμπάνει
899 470 1078 540 νόμον,
1101 470 1129 522 6
1156 465 1501 537 παραϐαίνων
1526 464 1686 516 αὐτόν
1706 479 1719 492 ’

186 569 333 641 νόμον
358 566 413 620 δέ
437 566 551 636 ἦτοι
581 562 641 615 ὃν
671 562 838 630 λέγει,
871 561 903 633 ἢ
939 560 999 613 ὃν
1024 560 1117 612 καὶ
1148 558 1307 621 αὐτὸς
1334 554 1616 625 ἐφύλαξεν.

248 742 290 774 ⁵³
320 740 429 794 Καὶ
452 737 568 799 πῶς
594 737 731 801 ἐστι,
761 731 1238 807 περιχαράκωσονς
1272 729 1575 802 Λογισμοὺς
1590 730 1724 799 αὐτῇ

185 830 355 900 κύκλῳ
392 827 608 898 περίθες
635 825 839 896 ίερούς’
869 823 1067 893 πολλῆς
1087 822 1194 894 γάρ
1228 839 1308 874 σοι
1329 821 1410 874 δεῖ
1430 820 1529 889 τῆς
1555 819 1729 887 ἀσφα-

181 922 340 985 λείας,
378 918 501 971 ἐπεὶ
543 916 637 970 καὶ
671 914 840 969 πολλὰ
871 913 939 967 τὰ
970 911 1380 966 ἐπιϐουλεύοντα
1412 913 1478 981 τῇ
1506 909 1727 979 τοιαύτῃ

181 1015 362 1083 κτήσει
382 1028 397 1040 °
427 1011 475 1062 εί
517 1008 573 1061 δέ
600 1008 683 1075 ἐφ’
714 1008 844 1078 ἡμῖν
875 1006 989 1057 ἐστι
1016 1005 1076 1057 τὸ
1110 1000 1506 1076 περιχαρακοῦν
1538 1000 1728 1071 αὐτὴν,

181 1108 232 1160 αἱ
256 1105 309 1157 δὲ
343 1101 539 1173 ἀρεταὶ
562 1100 647 1169 ἐφ’
678 1101 827 1169 ἡμῖν,
860 1097 1096 1170 χάρακές
1125 1095 1230 1168 ἄρα
1255 1090 1382 1158 εἷεν,
1412 1095 1467 1148 αἱ
1504 1092 1732 1163 ύψοῦσαι

182 1198 269 1267 τὴν
305 1194 510 1264 γνῶσιν
546 1192 641 1245 τοῦ
673 1190 806 1244 Θεοῦ
825 1208 837 1220 ·
869 1185 1000 1252 οἷον,
1040 1188 1290 1259 ἄσκησις,
1329 1185 1551 1258 μελέτη,
1582 1186 1676 1238 καὶ
1702 1184 1730 1236 6

182 1290 328 1353 ἄλλος
358 1287 470 1339 τῶν
506 1282 712 1356 ἀρετῶν
737 1281 1003 1354 ὁρμαθός’
1035 1280 1101 1343 ἃς
1120 1281 1147 1332 6
1176 1278 1378 1350 τηρῶν,
1410 1275 1507 1347 τὴν
1543 1275 1731 1344 σοφίαν

184 1383 336 1452 τιμᾷ·
374 1377 562 1449 μισθὸς
590 1376 665 1440 δὲ,
710 1374 770 1427 τὺ
807 1373 938 1443 πρὸς
972 1371 1139 1442 αὐτὴν
1177 1370 1599 1442 μετεωρισθῆναι
1644 1369 1735 1421 καὶ

187 1471 575 1543 περιληφθῆναι
606 1469 693 1521 ὑπ’
725 1465 891 1535 αὐτῆς
931 1465 987 1516 ἐν
1011 1463 1089 1534 τῷ
1114 1462 1460 1534 ύπερκοσμίῳ
1489 1460 1696 1530 παστῷ.

250 1565 291 1594 ⁸³
331 1560 573 1621 Ἀσεϐεῖς
616 1559 713 1629 μὲν
754 1557 801 1609 οί
862 1554 1151 1626 ἑτερόδοξοι
1174 1592 1189 1617 ,
1242 1554 1545 1624 παράνομοι
1588 1552 1643 1604 δὲ
1691 1553 1735 1602 οἱ

188 1650 490 1723 παραϐάται
515 1646 609 1700 τοῦ
625 1646 787 1716 νόμου
805 1661 817 1674 ·
842 1636 916 1695 ὧν
935 1642 1031 1706 τὰς
1050 1643 1220 1706 ὁδοὺς,
1237 1644 1353 1713 ἦτοι
1374 1642 1471 1705 τὰς
1493 1640 1736 1713 πράξεις,

191 1744 259 1815 μὴ
282 1740 532 1795 ἐπελθεῖν
560 1738 710 1809 φησί.

252 1839 295 1869 ⁸⁸
352 1833 521 1906 Ὀρθά
574 1832 702 1903 ὁρᾷ,
740 1832 769 1884 6
808 1826 1098 1898 λογισμοὺς
1148 1824 1285 1896 ἔχων
1336 1821 1595 1885 ἀπαθεῖς⁹
1646 1821 1739 1873 καὶ

188 1931 425 2000 δόγματα
454 1924 647 1997 ἀληθῆ,
670 1926 697 1977 6
724 1923 798 1994 μὴ
821 1921 946 1993 περὶ
976 1920 1074 1982 τὰς
1105 1917 1206 2000 ἔξω
1230 1914 1524 1986 φαντασίας
1545 1915 1739 1984 ἐπτοη-

413 1996 553 2072 ὃτανν
584 2016 718 2087 λέγῃ
753 2015 835 2067 ὅτι
882 2014 930 2065 οί
971 1996 1235 2079 ὀφθαλμοί
1276 2025 1368 2059 σου
1401 2005 1533 2078 ὀρθὰ
1554 2004 1741 2076 βλεπέ-

190 2128 380 2177 τωσαν,
411 2110 512 2181 τὴν
551 2109 737 2179 ὅρασιν
778 2103 925 2175 δηλοῖ
960 2101 1060 2171 τῆς
1105 2099 1308 2170 ψυχῆς·
1340 2098 1433 2151 καὶ
1455 2098 1580 2150 ὅταν
1604 2112 1742 2167 παρ-

193 2207 306 2275 αινῇ
328 2244 343 2265 ,
386 2203 528 2271 φάγε
578 2199 716 2271 μέλι,
752 2197 857 2259 υἱέ,
890 2196 975 2248 ἴνα
1012 2193 1284 2263 γλυκανθῇ
1314 2192 1342 2243 6
1377 2188 1588 2260 φάρυγξ
1626 2204 1741 2249 σου,

194 2296 307 2367 μέλι
332 2291 609 2365 τροπικῶς
629 2290 725 2361 τὴν
750 2287 897 2341 θείαν
933 2285 1082 2354 λέγει
1116 2280 1477 2344 διδασκαλίαν,
1501 2280 1620 2350 ἥτις
1648 2278 1743 2350 τὴν

195 2383 561 2456 πνευματικὴν
590 2377 901 2451 καταρτίζει
924 2378 1020 2449 τῆς
1054 2374 1230 2446 ψυχῆς
1255 2372 1470 2441 γνῶσιν·
1496 2370 1628 2425 ἀλλὰ
1653 2371 1744 2423 καὶ

196 2481 413 2535 ἅπτεται
445 2476 620 2547 ψυχῆς
646 2477 678 2545 ἡ
707 2472 865 2542 σοφία
884 2490 896 2503 ·
932 2467 1189 2542 ὲράσθητι
1212 2466 1338 2537 γὰρ,
1355 2464 1535 2535 φησίν,
1556 2463 1742 2533 αὐτῆς,

196 2573 275 2624 ἵνα
311 2587 371 2622 σε
426 2565 727 2639 περιλάϐτγ
775 2561 920 2633 ψυχὴ
961 2547 1018 2614 δὲ
1078 2558 1164 2612 διὰ
1211 2555 1544 2629 περιπλοκῆς
1587 2554 1745 2625 σοφίᾳ

198 2661 473 2723 ἐνωθεῖσα,
500 2654 769 2726 ἀγιασμοῦ
796 2651 1094 2724 πληροῦται
1124 2651 1217 2704 καλ⁸
1245 2646 1635 2718 καθαρότητος·
1666 2644 1745 2698 ἔτι

200 2770 256 2821 γε
282 2752 386 2824 μὴν
426 2749 537 2803 τῶν
586 2746 819 2820 Χριστοῦ
860 2744 1044 2817 μύρων
1078 2743 1111 2814 ὴ
1148 2741 1244 2812 τῆς
1272 2739 1446 2810 ψυχῆς
1489 2736 1745 2806 ἀντιλαμ-

202 2847 411 2900 ϐάνεται
435 2844 720 2914 ὄσφρησις.

269 2940 309 2971 ⁸⁷
351 2938 415 2991 Ἠ
444 2934 613 3007 ἀρετὴ
640 2931 866 3004 μεσότης
884 2946 898 2959 ·
932 2928 1012 2983 διὸ
1036 2926 1129 2981 καὶ
1146 2926 1243 2998 τὴν
1275 2922 1520 2996 ἀνδρείαν
1549 2919 1744 2993 μεταξὺ

204 3032 295 3103 τῆς
324 3028 658 3103 θρασύτητος
694 3024 790 3079 καὶ
823 3023 922 3093 τῆς
958 3020 1156 3083 δειλίας
1183 3015 1320 3073 εἷναί
1359 3031 1524 3089 φησιο
1560 3013 1653 3067 νῦν
1690 3011 1747 3107 δὲ
1772 3049 1814 3107 c

203 3101 448 3194 ὀνομάζει
474 3119 653 3186 δεξιά·
688 3117 748 3170 ού
780 3114 847 3171 τὰ
887 3112 1044 3183 φύσει
1078 3109 1224 3175 δεξιά
1260 3108 1405 3162 ἐστὶν
1444 3107 1497 3159 αί
1536 3101 1749 3177 ἀρεταὶ,

203 3192 324 3270 ἀλλά
344 3213 415 3267 τὰ
454 3210 749 3281 φαινόμενα
778 3206 859 3260 σοὶ
892 3203 1039 3270 δεξιὰ
1079 3201 1165 3255 διὰ
1195 3199 1292 3263 τὰς
1314 3196 1529 3271 ἡδονάς·
1565 3192 1747 3267 ἡδοναὶ

200 3309 250 3361 δέ
280 3309 453 3368 είσιν,
478 3303 541 3357 οὑ
577 3302 734 3372 μόνον
772 3295 1098 3368 Ἀφροδίσια,
1121 3293 1255 3345 ἀλλὰ
1277 3291 1371 3345 καὶ
1401 3288 1623 3350 πλοῦτος
1655 3284 1747 3338 καὶ

199 3399 368 3470 τρυφή
387 3414 402 3426 ⁵
430 3393 692 3467 ἀριστερά
713 3392 792 3453 δὲ,
819 3388 1027 3459 φθόνος,
1053 3384 1316 3459 ἁρπαγαὶ,
1339 3381 1519 3437 καὶτὰ
1541 3379 1747 3440 τούτοις

198 3495 379 3561 ὃμοιαν
433 3486 626 3557 βορέας
652 3483 782 3553 γὰρ,
822 3480 977 3552 φησὶ,
1019 3476 1247 3549 σκληρὸς
1277 3475 1492 3545 ἄνεμος,
1529 3472 1747 3543 ὀνόματι

194 3584 245 3636 δὲ
281 3578 550 3642 ἐπιδέξιος
596 3573 865 3629 καλεῖται’
915 3568 1105 3641 βορέαν
1133 3567 1241 3639 γὰρ
1286 3564 1621 3636 συμϐολικῶς
1659 3563 1749 3615 τὸν

194 3673 432 3744 πονηρὸν
460 3670 611 3723 καλεῖ
649 3669 766 3739 ἦτοι
812 3667 901 3720 τὸν
949 3662 1190 3719 διάϐολον
1215 3699 1229 3722 ,
1278 3659 1369 3727 ἀφ’
1399 3649 1459 3709 οὗ
1483 3652 1749 3744 ἐξεκαύθη

192 3741 370 3819 πάντα
400 3761 471 3815 τὰ
512 3758 655 3813 κακὰ
685 3758 777 3810 ἐπὶ
807 3757 903 3827 τῆς
944 3754 1072 3825 γῆς’
1107 3751 1327 3821 ὀνόματι
1360 3746 1416 3800 δὲ
1452 3741 1603 3809 οὗτος
1631 3746 1749 3796 ἐπι-

191 3857 399 3922 δὲξως,
437 3853 522 3906 ὅτι
566 3849 794 3919 ἄγγελος
838 3846 1079 3911 καλεῖται
1118 3841 1273 3913 δεξιῷ
1306 3836 1747 3909 ὀνόματα-Σὺ,

194 3947 380 4017 φησιν,
410 3943 655 3997 ἑκκλινον
683 3940 791 3995 ἀπὸ
819 3936 1007 4000 κακοῦ,
1043 3936 1135 3991 καὶ
1159 3933 1236 4005 τῷ
1265 3931 1380 4002 Θεῷ
1416 3929 1635 4002 μελήσει
1658 3927 1751 3980 τοῦ

192 4039 381 4100 τέλους
401 4053 414 4064 ·
445 4032 835 4106 προπορεύεται
858 4031 964 4102 γάρ
989 4046 1082 4082 σου
1102 4045 1116 4058 ο
1142 4024 1417 4081 καταλύων
1443 4024 1567 4085 τοὺς
1596 4021 1751 4074 πολε-

202 4130 375 4201 μίους,
404 4128 480 4189 ὡς
503 4126 562 4178 ἐν
595 4126 783 4197 είρήνῃ
807 4141 866 4177 σε
894 4121 1124 4192 βαδίσαι.

269 4224 315 4255 ⁸⁸
346 4221 601 4274 Δείκνυσι
640 4216 748 4286 γὰρ
779 4216 871 4267 καὶ
898 4214 984 4268 διὰ
1013 4209 1106 4264 τοῦ
1137 4206 1295 4279 ζῴουζ
1332 4206 1393 4259 τὸ
1426 4205 1526 4276 τῆς
1566 4201 1753 4274 ἡδονῆς

201 4310 468 4383 καθαρόν·
500 4309 592 4360 καὶ
617 4307 702 4360 διὰ
726 4304 817 4359 τοῦ
852 4303 1050 4367 πώλου,
1086 4301 1147 4353 τὸ
1184 4300 1281 4369 τῆς
1299 4294 1551 4366 γυναικὸς
1592 4293 1752 4364 παρί-

1827 462 2042 531 accipit.
2072 460 2163 514 llle
2198 459 2365 528 legem
2402 455 2622 519 deserit,
2660 453 2752 523 qui
2796 468 2915 508 eam
2960 453 3375 523 transgreditur.

1827 555 2020 625 Legem
2060 568 2219 623 porro
2256 550 2340 605 vel
2362 562 2522 619 quam
2558 546 2758 601 diserte
2792 544 3055 609 nominat,
3090 543 3173 597 vel
3214 560 3378 614 quam

1828 645 1967 699 idem
1996 642 2318 697 observavit.

1896 734 2033 800 Quid
2062 741 2165 800 est,
2194 730 2502 787 circumda?
2521 727 2748 783 Sanctas
2770 726 2817 779 ei
2845 725 3151 794 circumjice
3176 725 3383 796 cegita-

1828 826 2022 881 tiones.
2055 824 2223 878 Multo
2251 824 2393 877 enim
2436 822 2531 875 tibi
2568 835 2705 890 opus
2745 826 2829 873 est
2875 817 3193 883 munimine,
3238 832 3380 886 quo-

1830 918 1972 971 niam
2002 917 2170 971 multa
2194 928 2322 971 sunt
2358 915 2446 968 tali
2486 910 2817 983 possessioni
2853 908 3188 964 insidiantia.
3224 908 3379 975 Quod

1830 1009 1877 1063 si
1909 1010 1961 1062 in
1995 1017 2179 1063 nostra
2218 1014 2482 1077 potestate
2517 1014 2598 1059 est
2644 1018 2761 1057 eam
2795 1001 3225 1063 circumvallare.
3256 1016 3379 1055 tnu-

1832 1100 2037 1154 nimina
2060 1098 2276 1169 quidem
2308 1097 2466 1152 nobis
2487 1104 2648 1151 erunt
2671 1094 2897 1148 virtutes
2938 1108 3058 1162 quae
3082 1090 3174 1147 Dei
3207 1093 3382 1147 scien-

1833 1192 1963 1244 tiam
2012 1190 2309 1256 extollunt,
2350 1188 2515 1243 veluti
2557 1185 2825 1254 ascetica,
2872 1192 2926 1238 et
2974 1184 3282 1250 meditatio,
3329 1191 3386 1239 et

1833 1281 2074 1351 reliquus
2101 1281 2359 1335 virtutum
2394 1280 2630 1345 chorus;
2676 1292 2815 1347 quas
2847 1278 2939 1347 qui
2972 1285 3135 1341 tenet,
3166 1277 3384 1347 sapien-

1833 1374 1961 1427 tiam
1994 1374 2225 1426 honorat
2252 1390 2265 1425 :
2315 1385 2522 1425 merces
2550 1384 2679 1424 vero
2709 1378 2809 1436 est,
2842 1370 2908 1425 ad
2958 1370 3131 1438 ipsam
3174 1369 3385 1438 extolli,

1834 1472 1886 1517 et
1911 1478 2032 1517 cum
2062 1477 2125 1516 ea
2155 1459 2395 1515 deliciari
2427 1460 2480 1513 in
2505 1459 2709 1513 cmlesti
2746 1459 3005 1513 thalamo.

1904 1554 2058 1624 lmpii
2105 1562 2232 1609 sunt
2278 1551 2632 1608 heterodoxi:
2682 1559 2994 1621 peccatores
3042 1558 3219 1605 autem
3251 1550 3389 1620 legis

1839 1654 2271 1714 transgressores
2296 1662 2309 1701 :
2334 1658 2565 1714 quorum
2593 1643 2707 1697 vias
2733 1651 2786 1697 et
2818 1651 2971 1697 actus
3000 1643 3191 1697 sectari
3220 1651 3384 1699 vetat.

1910 1832 2077 1888 Recta
2110 1830 2252 1885 videt
2275 1832 2367 1900 qui
2394 1827 2746 1896 cogitationes
2786 1826 2946 1881 habet
2979 1827 3386 1899 perturbatione

1839 1925 2074 1980 liberas:
2106 1932 2159 1977 et
2182 1937 2308 1977 vera
2336 1922 2611 1991 dogmata,
2640 1919 2685 1975 is
2711 1919 2804 1988 qui
2831 1919 3192 1973 exterioribus
3217 1922 3389 1990 phan-

1841 2016 1993 2072 tasiis
2024 2030 2130 2070 non
2162 2012 2490 2085 percellitur.
2521 2011 2657 2067 Cum
2683 2011 2847 2065 dicit:
2879 2009 3032 2065 Oculi
3067 2011 3144 2065 tui
3172 2011 3391 2065 videant

1839 2108 2168 2179 :equitatem,
2192 2107 2259 2161 de
2282 2105 2490 2161 visione
2511 2104 2706 2158 anima:
2734 2102 2992 2173 loquitur.
3016 2101 3084 2156 Et
3111 2118 3234 2157 cum
3265 2104 3394 2157 hor-

1842 2211 2023 2256 tatur:
2050 2199 2289 2255 Comede
2316 2197 2443 2262 mel,
2479 2196 2576 2260 ﬁli,
2605 2204 2665 2250 ut
2691 2196 2761 2251 sit
2787 2194 3013 2250 dulcedo
3039 2195 3241 2264 gutturi
3275 2204 3391 2262 tuo,

1842 2295 1948 2349 mel
1984 2293 2188 2364 tropice
2229 2290 2359 2346 dicit
2397 2288 2634 2344 divinam
2667 2287 2995 2351 doctrinam,
3025 2302 3145 2355 qua:
3173 2285 3392 2356 spirita-

1843 2388 1945 2441 lem
1977 2384 2193 2443 conﬁcit
2221 2383 2415 2438 animae
2443 2380 2745 2436 scientiam.
2782 2377 2888 2433 Sed
2928 2387 2981 2432 et
3009 2378 3246 2431 animam
3273 2384 3395 2431 tan-

1844 2478 1919 2549 git
1955 2476 2240 2547 sapientia.
2288 2474 2423 2527 Ama
2460 2472 2604 2537 enim
2640 2485 2781 2536 eam,
2828 2477 2886 2523 ut
2935 2468 3271 2538 amplexetur
3316 2477 3391 2524 te.

1843 2569 1961 2624 Jam
2009 2569 2191 2624 anima
2231 2582 2325 2637 per
2350 2564 2690 2634 complexum
2720 2561 2903 2615 virtuti
2949 2560 3228 2630 copulata,
3265 2574 3393 2614 san—

1845 2666 2027 2719 ctitate
2056 2662 2291 2733 repletur
2318 2670 2370 2714 et
2396 2657 2649 2728 puritate.
2676 2655 2896 2725 Insuper
2917 2650 3117 2708 Christi
3155 2666 3394 2722 unguen-

1846 2765 2021 2812 torum
2054 2753 2234 2808 anima
2262 2749 2476 2804 allectat
2500 2746 2804 2801 odoratum.

1915 2920 2102 2976 Virtus
2135 2917 2367 2973 medium
2416 2924 2578 2969 tenet.
2626 2913 2805 2980 Quare
2833 2914 2993 2969 etiam
3026 2912 3395 2968 fortitudinem

1847 3016 1978 3072 dicit
2004 3029 2124 3069 esse
2149 3012 2380 3066 mediam
2411 3010 2550 3063 inter
2576 3006 2857 3062 audaciam
2883 3017 2935 3060 et
2955 3005 3226 3060 timorem.
3243 3003 3398 3059 Nunc

1846 3122 1972 3163 vero
1998 3105 2131 3160 dicit
2159 3103 2397 3167 dextera,
2422 3115 2527 3155 non
2562 3114 2683 3169 qua:
2714 3106 2840 3151 sunt
2862 3095 3179 3150 naturaliter
3212 3095 3398 3151 dexte-

1846 3216 1928 3267 ra,
1958 3194 2262 3268 cuiusmodi
2301 3202 2427 3249 sunt
2453 3192 2697 3254 virtutes,
2730 3187 2825 3244 sed
2871 3202 2992 3256 quae
3027 3186 3247 3241 dextera
3273 3201 3400 3257 pro—

1846 3302 1964 3362 pter
1990 3288 2291 3358 voluptates
2317 3283 2409 3339 tibi
2441 3281 2707 3335 videntur.
2732 3277 3043 3348 Voluptates
3066 3286 3240 3332 autem
3272 3286 3401 3332 sunt

1847 3399 1954 3437 non
1985 3380 2158 3436 solum
2189 3375 2443 3432 Veneres:
2462 3415 2477 3441 ,
2507 3386 2694 3427 verum
2725 3370 2885 3425 etiam
2928 3370 3127 3424 divitia:
3158 3384 3221 3424 ac
3267 3370 3399 3426 deli-

1848 3474 1964 3530 ciae.
1989 3471 2223 3528 Sinistra
2254 3482 2404 3533 vere,
2451 3465 2645 3528 caedes,
2681 3462 2913 3531 rapinae,
2956 3471 3006 3516 et
3048 3461 3131 3516 his
3176 3462 3396 3518 similia.

1847 3564 1981 3619 Nam
2002 3565 2192 3618 boreas
2209 3560 2415 3630 rigidus
2430 3563 2640 3621 ventus,
2657 3554 2845 3609 dexter
2860 3553 3175 3623 appellatur.
3193 3552 3401 3625 Quippe

1848 3658 2067 3712 boream
2113 3650 2438 3723 symbolice,
2484 3647 2779 3717 malignum
2830 3644 3102 3699 diabolum
3156 3646 3398 3711 vocitat,

1850 3764 1878 3802 a
1922 3761 2030 3816 quo
2077 3743 2218 3798 mala
2266 3740 2447 3796 omnia
2493 3737 2855 3794 incenduntur
2910 3735 2962 3790 in
3017 3735 3167 3790 orbe.
3213 3735 3396 3791 Eidem

1852 3853 2048 3893 nomen
2078 3843 2160 3889 est
2186 3833 2390 3895 dexter,
2415 3828 2541 3899 quia
2571 3827 2793 3897 angelus
2833 3834 3056 3880 vocatur
3097 3824 3309 3891 dextro,
3342 3825 3399 3879 id

1851 3939 1934 3986 est
1964 3929 2144 3983 fausto
2182 3923 2419 3979 nomine.
2443 3918 2643 3984 —Tu,
2676 3916 2883 3987 inquit,
2924 3915 3135 3970 declina
3171 3930 3201 3969 a
3234 3915 3397 3979 malo,

1850 4032 1907 4079 et
1938 4022 2048 4077 Deo
2075 4034 2208 4076 cura
2236 4017 2335 4071 erit
2375 4014 2498 4069 linis
2528 4011 2623 4067 tui.
2661 4009 2899 4065 Anteibit
2931 4008 3075 4064 enim
3112 4016 3183 4073 te,
3219 4008 3401 4064 hostes

1853 4112 2167 4187 proﬂigans,
2199 4118 2259 4163 ut
2282 4106 2503 4179 pacitice
2530 4102 2814 4174 gradiaris.

1922 4205 2125 4273 Nempe
2155 4216 2251 4270 per
2275 4212 2486 4254 cervam
2510 4195 2730 4249 denotat
2750 4189 3037 4260 voluptatis
3062 4188 3116 4242 in
3146 4187 3405 4260 coniugio

1856 4296 2256 4358 innocentiam;
2295 4299 2347 4344 et
2384 4304 2477 4359 per
2514 4285 2741 4357 pullum,
2784 4282 3112 4336 alacritatem
3159 4279 3404 4335 mulieris

391 4400 596 4473 γαῦρον
622 4399 714 4454 καὶ
741 4396 1010 4450 ποθεινόν·
1041 4393 1135 4447 καὶ
1158 4389 1344 4459 ἐπειδὴ
1365 4385 1535 4455 πολλά
1555 4381 1662 4438 οἶδε
1686 4382 1740 4436 τό

1856 4387 2107 4460 exprimit
2134 4393 2188 4439 et
2231 4380 2636 4436 amabilitatem.
2667 4373 2733 4428 Et
2766 4373 2892 4443 quia
2926 4372 3093 4426 multa
3141 4370 3312 4425 cernit
3335 4371 3403 4425 ad

202 4496 609 4568 παροξύνοντα,
659 4489 982 4559 ἀσφαλίζει,
1017 4484 1231 4557 ἀρραγῆ
1282 4480 1372 4533 τὸν
1423 4480 1519 4551 τῆς
1576 4476 1755 4546 φιλίας

204 4588 383 4649 αὐτοῖς
408 4583 607 4654 δεσμὸν
640 4577 929 4649 ἐπιτίθησι,
964 4575 1023 4629 τὸ
1049 4573 1406 4643 ἀδιάῤῥηκτον
1438 4568 1616 4629 αὐτοῖς
1650 4583 1754 4635 μη-

206 4678 517 4748 χανώμενος
538 4691 551 4702 °
584 4672 754 4735 ἄλλως
781 4670 835 4725 δὲ
861 4672 893 4740 ἡ
930 4668 1089 4737 σοφία
1107 4705 1122 4730 ,
1148 4662 1357 4734 ἡτοιοῦν
1392 4660 1602 4727 ἔλαφος,
1632 4658 1756 4720 τοὺς

202 4771 310 4824 τῶν
344 4766 673 4840 ἑτεροδόξων
716 4761 962 4833 ὀφιώδεις
1001 4760 1188 4827 λόγους
1235 4754 1473 4823 πέφυκεν
1514 4749 1754 4803 ἐλαύνειν

205 4865 299 4916 καὶ
342 4862 615 4931 ἀναιρεῖν
652 4856 789 4925 αὕτη
833 4849 946 4917 οὖν,
981 4850 1141 4922 φησὶ,
1183 4846 1416 4900 συνέστω
1454 4859 1535 4895 σοι
1582 4839 1756 4903 πῶλος

204 4953 341 5009 οὖσα
371 4952 453 5023 τῷ
476 4949 683 5013 νεάζειν
709 4947 923 5001 ἅπασαν
944 4943 1140 5015 ἀρετήν
1158 4956 1171 4969 ο
1206 4936 1299 4991 καὶ
1327 4935 1448 4987 ἐπεὶ
1474 4932 1547 5005 μὴ
1578 4932 1758 5001 ὅμοιον

207 5048 345 5118 γυνὴ
372 5047 467 5101 καὶ
502 5044 681 5113 σοφία,
711 5042 848 5110 αὕτη
879 5036 1180 5092 τούναντίον
1212 5028 1447 5103 ἡγείσθω
1481 5043 1589 5081 σοι·
1617 5025 1756 5079 οὕτω

206 5138 318 5207 γὰρ
349 5134 681 5203 ἀποκυήσεις
706 5128 992 5198 λογισμοὺς
1025 5121 1275 5194 ἀγαθούς.

1856 4484 2047 4537 vitium
2080 4475 2358 4532 incituntia
2382 4515 2397 4538 ,
2449 4477 2606 4526 caute
2632 4465 2901 4529 consulit,
2933 4472 2988 4519 et
3028 4462 3408 4519 indissolubilo

1859 4571 2182 4641 conjugibus
2213 4564 2485 4619 vinculum
2513 4559 2714 4629 injicit,
2746 4556 3105 4611 constantiam
3142 4556 3248 4611 illis
3276 4572 3406 4612 con-

1859 4664 2070 4719 cilians.
2102 4656 2312 4727 Alioqui
2345 4651 2627 4723 sapientia,
2658 4649 2801 4704 cervi
2834 4648 3020 4711 instar,
3047 4646 3405 4701 heterodoxo-

1860 4767 1980 4808 rum
2013 4748 2351 4817 serpentinas
2376 4741 2648 4797 doctrinas
2669 4738 2927 4808 repellere
2949 4737 3088 4791 valet
3116 4745 3171 4790 et
3197 4736 3408 4790 exstinv

1860 4859 2042 4915 guerc.
2069 4839 2194 4894 ﬂare
2228 4838 2420 4906 igitur,
2450 4833 2644 4902 inquit,
2681 4840 2858 4885 tecum
2902 4830 2973 4884 sit
3002 4827 3155 4897 quasi
3200 4825 3407 4896 pullus,

1861 4940 1917 4986 ut
1943 4944 2155 4984 omnem
2193 4926 2444 4979 virtutem
2480 4923 2717 4975 innovet.
2744 4919 2808 4973 Et
2853 4918 2979 4988 quia
3018 4931 3126 4970 non
3160 4923 3244 4970 est
3282 4932 3406 4970 mu-

1859 5022 1977 5077 lieri
2009 5019 2203 5075 similis
2238 5014 2522 5086 sapientia,
2560 5014 2674 5066 haec
2703 5011 2885 5081 potius
2921 5010 2991 5063 sit
3017 5007 3114 5062 tibi
3143 5007 3275 5062 dux.
3315 5006 3414 5062 Sic

1861 5114 2005 5170 enim
2040 5113 2208 5166 bonas
2236 5106 2543 5179 procreabis
2576 5103 2951 5172 cogitationes.

1930 5202 2009 5258 Ne
2048 5202 2188 5256 forte
2228 5199 2416 5255 dicas:
2453 5196 2565 5251 Cur
2613 5200 2846 5249 noceant
2884 5189 3049 5255 oculi,
3091 5202 3215 5243 cum
3248 5187 3408 5257 plane

1739 5315 1754 5361 ;
1862 5310 1969 5350 non
1997 5293 2068 5349 sit
2099 5305 2320 5347 necesse
2348 5303 2472 5342 eum
2519 5284 2750 5355 perverti
2781 5282 2873 5352 qui
2923 5278 3131 5334 cernit?
3173 5278 3410 5332 ostendit

1732 5390 1758 5442 ὲ
1863 5386 1960 5442 tibi
2003 5379 2494 5454 concupiscentiam
2546 5391 2667 5431 esse
2709 5375 2920 5445 ignem;
2955 5384 3206 5437 carnem,
3244 5368 3409 5424 vesti-

286 5599 333 5629 ιι
364 5613 416 5652 v.
438 5598 575 5652 s.—
602 5594 665 5645 A.
694 5591 731 5645 ι.
757 5591 846 5657 si,
869 5606 920 5644 a.
994 5590 1038 5620 ιε
1066 5605 1116 5642 v.
1155 5588 1239 5641 ιι.
1273 5619 1332 5628 -
1358 5587 1420 5640 Α.
1456 5584 1493 5657 r.
1521 5582 1696 5657 22.}

1853 5595 1885 5632 7.
1912 5576 2002 5631 ‘25.
2022 5576 2140 5630 ~A.
2173 5573 2210 5629 l.
2238 5572 2328 5639 ‘23,
2353 5572 2405 5626 b.
2480 5570 2522 5601 ⁸⁷
2554 5583 2606 5621 v.
2638 5565 2725 5620 27.
2746 5562 2941 5634 —A._f.
2966 5562 3055 5624 24,
3088 5576 3140 5615 a.
3212 5559 3258 5591 ⁸⁸
3286 5572 3407 5627 cap.

220 5684 275 5735 τ,
309 5668 487 5724 l9.—-
511 5665 574 5717 Α.
609 5662 645 5716 f.
670 5662 761 5729 27,
785 5653 842 5716 ὺζ
912 5661 956 5691 ⁸⁸
991 5676 1108 5729 cap.
1136 5675 1211 5723 Vl,
1243 5657 1331 5711 27.
1352 5686 1421 5696 —-
1444 5656 1508 5711 A.
1542 5655 1579 5708 l'.
1612 5653 1699 5715 δι,
1724 5664 1775 5703 a.

531 5756 799 5815 ΡΑτΒοι..
832 5753 948 5813 Gn.
971 5754 1052 5812 Χ.

2962 5727 3040 5790 20
