3814 6198
484 211 589 270 819
1336 217 1393 274 S.
1420 217 1779 275 [IIPPOLYTI
1817 219 1966 276 OPP.
2011 222 2189 281 PARS
2225 223 2270 281 Ιι.
2309 255 2378 268 --
2417 228 2822 290 EXEGETICA.
3521 262 3598 317 om

483 346 762 404 mentum;
803 337 944 391 hanc
965 335 1185 406 quidem
1215 335 1375 393 facile
1396 338 1551 410 capi;
1578 338 1729 394 illam
1772 355 1901 396 vero
1922 355 1989 396 es:

2095 344 2112 398 ι
2143 339 2282 443 σάρξ
2299 382 2340 443 ,-
2379 347 2599 443 ἱμάτιον
2606 349 2857 443 ’.τὸμὲν
2873 353 3167 443 εὐάλωτον·
3195 361 3226 432 ὴ
3252 361 3302 416 δὲ
3341 375 3601 443 τυραννικήν

481 431 846 505 tyrannicam.
877 427 1031 496 Quod
1057 443 1189 485 vero
1239 443 1350 484 non
1403 429 1566 485 modo
1618 440 1700 487 est
1749 430 1987 488 inclusum

2141 432 2266 486 ὃταν
2295 434 2353 488 δὲ
2381 436 2478 507 ούχ
2507 437 2689 503 ἁπλῶς
2727 441 3038 514 ἐγκείμενον
3056 441 3087 519 ᾖ
3107 487 3121 511 ,
3145 427 3268 504 ἀλλὰ
3300 454 3384 508 και
3403 427 3610 515 emissi-

480 540 670 582 verum
723 523 889 579 etiam
941 521 1288 594 colligatum,
1349 522 1492 578 haud
1544 532 1672 579 ante
1733 524 1986 596 egrediett

2365 527 2425 581 ού
2457 530 2719 622 πρότερον
2743 531 3104 602 ἐξελεύσεται,
3141 540 3238 605 ἐως
3269 543 3420 615 ἑαυτῷ
3442 551 3609 622 ποιήσει

478 634 644 691 quam
685 616 790 672 sibi
821 614 1029 671 exitum
1069 613 1276 672 fecerit.
1317 614 1438 670 Jam
1479 614 1574 684 qui
1606 625 1814 685 spectat
1845 617 1984 672 muli

2137 617 2396 684 διέξοδον·
2427 623 2458 674 ὁ
2476 621 2584 695 γὰρ
2626 623 2748 678 ἰδὼν
2784 629 3032 694 γυναῖκα,
3063 631 3110 683 εί
3139 633 3227 686 καὶ
3261 613 3497 706 διέφυγεν,
3520 613 3609 696 ἀλλ’

477 725 630 776 rem,
665 706 880 764 etiamsi
919 704 1202 776 din‘ugiat,
1245 721 1353 761 non
1393 714 1574 761 tamen
1621 723 1791 777 purus
1839 722 1983 763 οοιιοι

2137 707 2236 761 οὐκ
2266 708 2558 781 ἐπιθυμίας
2605 712 2842 785 καθαρὸς
2888 717 3216 790 ἀνεχώρησε·
3247 722 3295 776 τί
3330 725 3380 778 δὲ
3412 704 3482 781 δεῖ
3506 747 3612 797 πρα-

474 800 742 874 piscentia
787 797 1046 856 discedet.
1100 797 1213 853 Cur
1249 807 1428 854 autem
1491 814 1629 868 opus
1677 809 1763 856 est
1817 811 1977 872 negot

2135 800 2394 871 γμάτων,
2446 803 2619 875 παρὸν
2669 805 3035 878 ἀπραγμόνως
3078 816 3379 883 σωφρονεῐν;
3421 819 3536 891 Ὅρα
3570 823 3611 876 τί

476 892 711 955 habere,
752 889 806 947 si
864 890 1071 962 absque
1118 888 1252 961 ipsis
1297 905 1591 960 possumus
1641 905 1763 946 esse
1813 891 1982 960 pudici

2136 893 2298 965 φησὶν
2327 895 2356 947 ὁ
2400 895 2548 948 Ἰώϐ’
2583 899 2881 967 Διαθήκην
2909 900 3178 972 διεθέμην
3211 905 3327 973 τοῖς
3351 888 3613 980 ὀφθαλμοῖς

475 983 714 1041 Observa
743 982 871 1055 quid
895 979 1262 1038 dicat'Jobus:
1293 979 1489 1035 Foedus
1515 981 1685 1051 pepigi
1720 998 1836 1035 cum
1861 981 1981 1035 ocul

2128 1001 2270 1053 μου,
2298 984 2405 1039 τοῦ
2437 986 2524 1055 μὴ
2570 989 2933 1058 κατανοῆσαι
2965 993 3210 1063 γυναῖκα
3245 979 3526 1068 ἀλλοτρίαν
3538 1003 3613 1036 ιον

471 1080 624 1144 meis,
646 1094 710 1132 ne
743 1078 808 1132 de
839 1075 1054 1130 muliere
1091 1073 1266 1128 aliena
1303 1075 1604 1143 cogitarem.
1639 1072 1736 1129 Hic
1773 1074 1973 1129 nimiru

2131 1071 2304 1139 οὕτως
2348 1071 2456 1129 οἵδε
2495 1077 2592 1149 τὴν
2637 1079 2738 1149 τῆς
2779 1083 3041 1153 ἐπηρείας
3079 1084 3254 1155 ίσχύνο
3285 1087 3370 1140 καὶ
3392 1091 3418 1142 δ
3453 1090 3617 1158 Παῦλος

473 1170 745 1227 illusionis
786 1169 897 1223 vim
944 1167 1289 1238 agnoscebat.
1325 1166 1532 1222 Paulus
1572 1167 1735 1222 etiam
1774 1166 1916 1221 hanc
1958 1181 1979 1220 ε

2130 1164 2188 1218 δὲ
2227 1166 2415 1221 τούτου
2461 1169 2645 1224 ἕνεκεν
2677 1173 2935 1239 ὑπεπίεζε
2981 1175 3041 1228 τὸ
3072 1175 3223 1248 σῶμα
3258 1179 3345 1232 καὶ
3372 1180 3617 1256 ἐδουλαγώη

470 1277 692 1319 causam
725 1259 1023 1330 castigabat
1052 1272 1254 1328 corpus
1283 1266 1336 1312 et
1374 1257 1427 1312 in
1460 1257 1774 1312 servitutem
1816 1257 1976 1327 redigt

2131 1275 2251 1328 γει·
2281 1259 2422 1314 κατὰ
2449 1260 2506 1314 δὲ
2536 1261 2787 1336 Θεωρίαν,
2823 1266 3180 1338 ἀποδεσμεύει
3206 1269 3311 1341 πῦρ
3339 1271 3392 1324 ἐν
3424 1275 3619 1346 ιιόλπῳδ

469 1354 582 1410 bat.
641 1351 882 1423 Spiritali
932 1358 1114 1405 autem
1172 1363 1370 1416 sensu,
1423 1349 1512 1404 ille
1559 1348 1748 1419 alligat
1795 1348 1851 1404 in
1901 1350 1975 1405 sin

2132 1348 2428 1421 συγχωρῶν
2451 1351 2762 1425 ἀκάθαρτον
2803 1354 3060 1428 λογισμὸν
3099 1358 3410 1430 ἐγχρονίζειν
3435 1365 3491 1433 τῇ
3515 1381 3619 1436 καρ-

468 1447 682 1519 ignem,
741 1445 848 1520 qui
888 1444 1158 1514 impuram
1211 1442 1595 1512 cogitationem
1643 1441 1922 1496 immorari
1971 1447 1974 1495 ἐ

2127 1439 2244 1512 δίᾳ·
2279 1447 2568 1514 περιπατεῖ
2599 1445 2655 1499 δὲ
2691 1447 2876 1502 ἐπάνω
2907 1447 3208 1521 ἀνθράκων,
3237 1452 3266 1504 ό
3301 1451 3384 1505 διὰ
3416 1453 3503 1524 τῆς
3527 1459 3622 1509 κατ’

467 1539 631 1595 corde
667 1538 798 1594 sinit
829 1555 844 1592 :
888 1534 1090 1592 incedit
1124 1543 1304 1589 autem
1336 1549 1500 1603 super
1542 1533 1808 1589 carbones
1841 1534 1888 1588 is
1928 1548 1973 1603 ql

1991 1532 2020 1586 li
2129 1532 2408 1604 ἐνέργειαν
2441 1535 2716 1607 ἁμαρτίας
2743 1537 2841 1611 τὴν
2869 1539 3005 1594 ἰδίαν
3032 1539 3301 1597 ἀπολλύων
3324 1541 3497 1616 ψυχήν.

463 1639 745 1703 peccatum
771 1628 1047 1700 operando
1072 1625 1346 1698 propriam
1377 1625 1615 1681 animam
1648 1624 1845 1696 perdit.
2052 1676 2096 1732 Β

532 1721 810 1793 Cemphus
853 1729 937 1777 est
966 1720 1068 1776 lari
1118 1719 1368 1790 species:
1406 1718 1501 1790 qui
1538 1726 1662 1773 tam
1698 1716 1916 1774 etirenis
1953 1717 2021 1772 ad

2189 1714 2236 1746 '°
2261 1715 2486 1786 Κέμφος
2527 1717 2675 1772 ἐστὶν
2725 1715 2864 1784 εἶδος
2893 1720 3082 1794 λάρου,
3129 1723 3188 1786 δς
3213 1722 3375 1788 οὕτως
3417 1725 3625 1797 ἀκρατῶς

460 1814 793 1885 voluptatem
835 1822 954 1880 est,
1007 1821 1068 1868 ut
1117 1811 1308 1866 oculos
1365 1808 1631 1881 sanguine
1686 1809 1910 1880 implere
1963 1812 1966 1865 ἰ

2120 1802 2232 1874 ἔχει
2287 1805 2420 1876 πρὸς
2465 1807 2677 1880 ἡδονὴν,
2729 1810 2806 1874 ὡς
2855 1813 3087 1884 αἵματος
3136 1814 3452 1888 πληροῦσθαι
3486 1815 3625 1870 δοκεῖν

462 1905 708 1964 coeundo
735 1904 1014 1971 videatur;
1041 1912 1096 1958 et
1131 1903 1387 1959 incautus
1411 1917 1555 1973 saepe
1583 1902 1640 1957 in
1667 1902 1895 1972 laqueos
1925 1918 1968 1957 an

2119 1897 2244 1960 τοὺς
2286 1898 2600 1970 ἀφθαλμοὺς
2634 1903 2693 1956 ἐν
2733 1902 2811 1975 τῷ
2849 1903 3092 1976 ὀχεύεινο
3126 1907 3218 1961 καὶ
3248 1907 3475 1962 λανθάνει
3504 1908 3625 1962 ἀναι-

462 1997 746 2054 hominum
790 2011 987 2052 manus
1026 1995 1236 2051 incidit.
1271 1994 1410 2050 Huic
1457 2009 1587 2065 ergo
1623 1993 1800 2049 virum
1834 2009 1968 2050 mere

2121 1988 2332 2062 σθητῶν
2380 1989 2592 2063 βρόχοις
2639 1992 2955 2068 πολλάκιςῆ
2994 1997 3152 2072 χερσὶ
3209 1999 3522 2072 περιπίπτων
3552 2001 3627 2054 άν-

458 2090 580 2145 trici
621 2089 860 2144 deditum
909 2092 1190 2158 compaFat
1225 2088 1296 2143 ob
1329 2087 1630 2143 libidinem.
1656 2085 1754 2142 Vel
1787 2087 1859 2142 ob
1899 2088 1964 2156 ejt

2120 2073 2383 2145 θρὼπων·
2431 2077 2605 2149 τούτῳ
2639 2075 2731 2134 οὖν
2776 2082 2868 2135 τὸν
2913 2085 3330 2157 προστιθέμενον
3373 2090 3432 2159 τῇ
3460 2089 3626 2160 πόρνῃ,

459 2184 577 2238 avis
629 2180 950 2244 stultitiam,
981 2179 1180 2235 etenim
1229 2187 1285 2236 et
1334 2180 1450 2235 haec
1508 2191 1766 2250 tanquam
1821 2179 1965 2236 stolic

2119 2165 2184 2218 δι’
2215 2167 2510 2222 ἀκολασίαν
2566 2170 2896 2226 ἀπείκασεν·
2933 2174 2966 2246 ἦ
3013 2175 3103 2231 διὰ
3132 2176 3226 2231 τοῦ
3273 2177 3402 2249 ζῴου
3441 2178 3625 2251 εύηθες·

459 2286 732 2342 quemque
762 2277 1018 2325 sectatur.
1045 2269 1213 2326 Aiunt
1234 2269 1396 2326 etiam
1424 2271 1710 2341 ccmphum
1735 2279 1965 2342 tantope1

2123 2257 2212 2311 καὶ
2238 2259 2348 2331 γὰρ
2379 2261 2473 2314 καὶ
2497 2253 2654 2327 οὗτος
2679 2262 2755 2327 ὡς
2781 2263 2969 2337 ἄφρων
2999 2267 3421 2340 ἐπηκολούθησεο
3453 2269 3566 2338 φασὶ
3585 2268 3629 2322 δὲ

456 2374 648 2432 spuma
674 2357 952 2426 delectari,
970 2367 1032 2414 ut
1057 2359 1102 2414 si
1125 2359 1250 2430 quis
1282 2359 1545 2430 navigans
1571 2375 1819 2430 spumam
1848 2376 1962 2416 man

2122 2347 2275 2403 αὑτὸν
2316 2351 2569 2407 τοσοῦτον
2616 2354 2826 2426 χαίρειν
2865 2357 3053 2429 ἀφρῷ,
3106 2359 3244 2413 ὥστε
3287 2360 3338 2412 εί
3361 2378 3440 2424 τις
3485 2360 3628 2414 πλέων

457 2459 659 2518 teneat,
686 2449 774 2504 ille
795 2447 980 2503 manui
1008 2447 1260 2505 insideat.
1292 2448 1442 2506 Parit
1465 2451 1628 2507 etiam
1655 2467 1779 2507 cum
1803 2452 1963 2508 dolori

2124 2442 2286 2514 ἀφρὸν
2318 2443 2410 2496 ἐπὶ
2447 2445 2627 2516 χειρὸς
2666 2445 2775 2512 ἕξει
2795 2487 2810 2513 ,
2845 2449 3174 2524 ἐπικάθηται
3203 2457 3268 2525 τῇ
3297 2454 3461 2525 χειρί·
3491 2455 3630 2508 τίκτει

2124 2534 2169 2588 δὲ
2201 2536 2296 2588 καὶ
2331 2536 2388 2588 ἐν
2414 2536 2597 2588 ὀδύνη-

2201 2536 2296 2588 καὶ
2331 2536 2388 2588 ἐν
2414 2536 2597 2609 ὀδύνῃ.

523 2626 732 2686 Novisti
779 2630 902 2702 ejus
949 2631 1238 2696 damnum;
1271 2644 1401 2684 cave
1427 2629 1610 2700 itaque
1641 2645 1711 2686 nc
1749 2630 2011 2701 concupi-

2185 2628 2229 2659 ⁸¹
2255 2623 2410 2693 Εἶδες
2435 2630 2605 2702 αὐτῆς
2628 2630 2723 2702 τὴν
2750 2630 2952 2704 βλάϐην
2970 2650 2984 2664 ⁸
3012 2634 3092 2707 μὴ
3113 2635 3402 2712 ἀναμείνῃς
3422 2635 3631 2703 δέξασθαι

452 2721 717 2776 scentiam
746 2721 1030 2790 admittas;
1055 2737 1206 2778 mors
1233 2721 1376 2776 enim
1404 2721 1524 2792 ejus
1551 2722 1876 2778 immortalis
1903 2738 1958 2778 es

2123 2719 2209 2792 τὴν
2256 2721 2584 2793 ἐπιθυμίαν·
2632 2724 2897 2790 ἀθάνατος
2950 2726 3065 2800 γάρ
3117 2729 3286 2800 αὐτῆς
3339 2732 3371 2802 η
3415 2731 3629 2802 τελευτή·

449 2811 756 2884 Ceteroqui
808 2814 1058 2871 vulnerat
1095 2813 1314 2884 quidem
1371 2814 1750 2879 sermonibus,
1811 2815 1955 2871 occid

2125 2813 2284 2879 ἱλλως
2337 2815 2394 2868 δέ
2440 2815 2730 2888 τιτρώσκει
2782 2818 2878 2889 μὲν
2929 2818 3146 2888 λόγοις,
3211 2823 3328 2894 ἤτοι
3364 2823 3631 2894 λογισμοῖς,

448 2921 580 2962 vero
626 2908 862 2977 peccatis
902 2922 997 2964 eos
1024 2909 1117 2978 qui
1165 2908 1268 2964 sibi
1314 2909 1614 2980 indulgent.
1655 2908 1789 2965 Nam
1838 2911 1949 2965 mul

2126 2903 2324 2973 ρονεύει
2355 2903 2413 2956 δὲ
2444 2907 2564 2969 ταῖς
2603 2907 2897 2980 ἁμαρτίαις
2927 2909 3056 2974 τοὺς
3086 2910 3460 2982 πειθομένους
3497 2910 3632 2964 πολλὰ

445 2998 702 3069 nequitiae
730 3014 926 3070 genera
953 3000 1148 3056 stultos
1180 3000 1247 3055 ad
1277 2999 1489 3056 inferna
1532 3002 1825 3058 deducunt.
1857 3002 1951 3058 Cor

2124 2993 2218 3067 γὰρ
2243 2994 2356 3066 εἴδη
2384 2996 2581 3060 κακίας
2615 2999 2740 3062 τοὺς
2771 3000 3028 3072 ἀνοήτους
3058 3004 3142 3066 είς
3178 3001 3302 3073 ᾅδου
3338 3003 3630 3071 κατάγοντα·

443 3090 618 3146 clavia
669 3091 892 3156 mortis,
940 3090 1024 3146 vel
1067 3089 1445 3162 profunditas,
1475 3093 1557 3148 vel
1600 3093 1822 3150 divitiae.
1868 3093 1949 3162 Qu

2125 3089 2305 3158 ταμεῖα
2336 3087 2392 3141 δέ
2425 3087 2675 3149 θανάτου,
2707 3089 2741 3160 ἢ
2785 3090 2846 3144 τὸ
2872 3091 3036 3162 βάθος
3078 3094 3112 3166 ἢ
3151 3095 3180 3147 ὁ
3224 3093 3441 3159 πλοῦτος
3466 3094 3631 3148 αὐτοῦ·

441 3197 576 3253 ergo
599 3180 853 3252 eﬂugiet?
1420 3243 1422 3245 .

1420 3243 1422 3245 ς
2105 3179 2222 3242 πῶς
2253 3174 2345 3233 οὖν
2378 3180 2494 3234 ἐστι
2525 3181 2839 3251 διαφυγεῖν;

517 3273 722 3330 Novam
756 3273 1122 3340 Hierusalem,
1170 3283 1415 3331 sanctam
1449 3290 1668 3332 carnem
1714 3277 1864 3334 dicit.
1895 3279 2005 3336 Co-

2163 3269 2220 3301 ’⁸¹
2254 3271 2365 3342 Τὴν
2392 3270 2881 3346 νέανἹερουσαλὴμ
2911 3277 3006 3331 καὶ
3027 3277 3194 3347 ἁγίαν
3215 3280 3390 3352 σάρκα
3407 3298 3420 3312 ο
3451 3278 3635 3342 στύλους

439 3367 658 3424 lumnas
684 3375 912 3436 septem,
946 3367 1311 3437 septenarium
1358 3367 1531 3423 sancti
1564 3365 1801 3438 Spiritus
1840 3369 1894 3424 in
1938 3389 1945 3421 ‹

2134 3359 2262 3424 πτά,
2304 3361 2402 3433 τὴν
2436 3360 2702 3434 ἑϐδομάδα
2733 3364 2828 3418 τοῦ
2871 3366 3026 3436 άγίου
3063 3370 3380 3442 Πνεύματος
3417 3373 3495 3425 ἐπ’
3523 3371 3634 3441 αὐτῇ

440 3459 797 3530 quiescentis.
839 3457 1014 3514 Veluti
1060 3466 1292 3515 testatur
1331 3457 1503 3516 lsaias
1537 3460 1758 3517 dicens:
1800 3459 1946 3515 Imm.

2127 3451 2535 3524 ιναπανομένου,
2570 3455 2841 3526 ἐσήμανεο
2878 3457 3063 3523 καθὼς
3103 3461 3330 3527 Ἡσαΐας
3369 3463 3633 3535 μαρτυρεῖ,

439 3546 569 3600 tam
604 3547 844 3602 uictima;
876 3564 1023 3602 εααε,
2100 3541 2273 3610 λέγων
2290 3559 2304 3574 ο
2340 3545 2606 3614 Ἐσφαξε
2631 3548 2700 3600 τὰ
2723 3547 2946 3618 ἑαυτῆς
2966 3552 3220 3620 θύματα.

507 3638 922 3706 Animadverte,
971 3647 1220 3710 oportere
1273 3640 1572 3710 sapientem
1633 3641 1821 3699 multis
1880 3659 2001 3701 esse

2172 3634 2217 3666 ⁸³
2247 3634 2559 3706 Σημείωσαι
2577 3637 2668 3691 ’ὅτι
2698 3638 2789 3692 τὸν
2821 3640 2980 3710 σοφὸν
3003 3643 3224 3708 πολλοῖς
3246 3641 3382 3700 εἶναι
3410 3645 3637 3718 χρήσιμον

439 3730 662 3797 utilem;
707 3730 842 3786 adeo
877 3738 938 3785 ut
973 3730 1067 3801 qui
1117 3730 1267 3786 utilis
1315 3731 1419 3786 sibi
1463 3732 1566 3788 soli
1608 3741 1726 3799 est,
1773 3747 1883 3788 non
1927 3750 1945 3790 ε

2131 3729 2390 3794 μναγκαῖον
2409 3743 2422 3757 ·
2462 3725 2538 3792 ὣς
2559 3728 2588 3781 ὅ
2619 3745 2682 3797 γε
2715 3729 2892 3801 ἐαυτῷ
2923 3733 3198 3806 χρήσιμος
3239 3737 3414 3807 μόνον,
3447 3735 3539 3790 ούκ
3565 3733 3637 3804 ιίη

438 3823 677 3893 sapiens.
716 3820 883 3878 Valde
907 3822 1050 3878 enim
1101 3821 1438 3892 improbatur
1469 3824 1754 3896 sapientia,
1797 3826 1844 3882 si
1885 3828 1944 3881 vi

2133 3815 2262 3884 οφός
2284 3833 2297 3847 ·
2331 3817 2499 3889 πολλὴ
2527 3819 2634 3891 γάρ
2679 3819 2779 3891 τῆς
2817 3821 3011 3891 σοφίας
3057 3828 3397 3900 κατηγορία,
3430 3829 3475 3881 εί
3503 3825 3639 3898 μέχρι

436 3930 592 3970 suam
619 3915 687 3970 ad
709 3931 880 3970 unum
909 3915 996 3971 sui
1039 3913 1407 3985 possidentem
1453 3916 1680 3988 redigat.
1708 3915 1861 3975 Sicut
1904 3936 1942 3974 νε

2132 3903 2191 3960 οὗ
2221 3906 2556 3977 κεκτημένου
2597 3906 2693 3976 τὴν
2720 3907 2949 3980 δύναμιν
2977 3910 3124 3978 ἕξειο
3158 3914 3346 3988 ὥσπερ
3380 3916 3434 3970 δέ
3468 3916 3536 3979 to;
3557 3916 3638 3969 οὐκ

435 4023 636 4064 nenum
679 4023 788 4063 non
830 4016 916 4064 est
956 4008 1183 4063 noxium
1234 4009 1390 4064 alteri
1431 4011 1676 4080 corpori,
1729 4013 1824 4069 sed
1858 4029 1941 4070 rec

2134 4012 2162 4047 ν
2189 3995 2272 4067 εἴη
2309 3995 2568 4069 βλαϐερὸς
2616 3998 2789 4070 ἑτέρῳ
2821 3999 3054 4072 σώματι,
3099 4005 3239 4061 ἀλλὰ
3282 4006 3361 4077 τῷ
3396 4005 3639 4078 δεχομένῳ

435 4100 606 4170 pienti
628 4087 1043 4165 tantummodo;
1073 4100 1149 4154 ita
1174 4101 1268 4171 qui
1305 4099 1367 4155 iit
1392 4101 1694 4170 improbus,
1725 4119 1784 4159 se
1814 4104 1941 4175 ipsu:

2133 4083 2272 4156 .όνῳ·
2309 4085 2478 4150 οὕτως
2510 4089 2604 4166 καὶ
2649 4090 2678 4142 ὁ
2716 4089 2926 4155 ἀποϐὰς
2969 4093 3143 4160 κακὸς
3160 4137 3176 4162 ,
3223 4097 3412 4151 ἐαυτὸν
3455 4097 3639 4168 βλάψει,

319 4176 328 4185 ’
431 4192 598 4261 laedit,
631 4208 739 4249 non
770 4193 957 4248 alium.
981 4189 1152 4247 Nemo
1171 4191 1370 4264 quippe
1397 4193 1596 4248 virtute
1619 4195 1825 4264 praediti

2137 4175 2192 4228 5x
2224 4175 2380 4231 ἀλλον
2399 4194 2413 4208 °
2456 4178 2630 4244 οὐδεὶς
2674 4182 2784 4254 γὰρ
2828 4183 3081 4258 ἐνάρετος
3131 4188 3288 4262 παρὰ
3334 4189 3501 4244 κακοῦ
3535 4189 3643 4261 βλά-

431 4285 682 4354 improbo
713 4283 948 4340 laeditur.

2094 4285 2306 4322 πτεται.
3455 4299 3466 4312 ·

496 4351 730 4430 Fructus
753 4373 978 4444 iustitiae
1005 4379 1061 4429 et
1093 4373 1257 4430 arbor
1279 4373 1420 4440 vitae,
1449 4374 1698 4433 Christus
1721 4386 1806 4434 est
1831 4396 1846 4447 ;
1892 4377 1986 4450 qui

2165 4359 2212 4392 ”
2240 4360 2466 4433 Καρπδς
2487 4361 2830 4438 δικαιοσύνης
2849 4367 2943 4421 καὶ
2964 4368 3183 4441 δένδρον
3205 4371 3371 4444 ζωῆς,
3390 4373 3418 4426 ὸ
3435 4370 3643 4444 Χριστός

429 4475 698 4537 quatenus
732 4466 897 4522 homo
925 4467 1323 4533 tantummodo,
1345 4483 1561 4525 omnem
1580 4468 1850 4539 justitiam
1885 4449 1935 4525 in

2136 4465 2242 4539 στιν
2261 4466 2276 4480 θ
2302 4451 2332 4504 δ
2362 4450 2520 4522 μόνος
2550 4453 2902 4526 ἀνθρωπίνως
2938 4460 3119 4512 πᾶσαν
3149 4461 3497 4535 δικαιοσύνην
3525 4461 3642 4533 πλη-

427 4557 625 4627 ριοιὶις
659 4566 714 4612 et
743 4563 1002 4624 tanquam
1029 4566 1219 4627 suapte
1250 4559 1382 4626 vita,
1411 4537 1656 4617 scientiae
1687 4570 1744 4617 et
1771 4562 1933 4617 virtut

2136 4537 2308 4605 ώσας·
2357 4542 2454 4596 καὶ
2498 4543 2575 4609 ὡς
2625 4545 2871 4620 αύτοζωὴ
2923 4550 3052 4614 τοὺς
3099 4553 3205 4624 τῆς
3261 4553 3513 4624 γνώσεως
3562 4554 3642 4608 καὶ

428 4646 640 4703 fructus
697 4647 854 4716 quasi
917 4646 1078 4702 arbor
1127 4648 1392 4718 protulit,
1442 4649 1587 4705 unde
1643 4650 1934 4707 comedenti

2134 4631 2295 4704 ρετῆς
2338 4635 2584 4707 καρποὺς
2627 4635 2703 4702 ὡς
2747 4637 2961 4711 δένδρον
3003 4640 3376 4718 ἐϐλάστησεν,
3424 4646 3482 4713 ἐξ
3509 4640 3563 4700 οὗ
3599 4645 3640 4697 oi

425 4739 592 4796 vitam
626 4747 884 4794 aeternam
913 4739 1224 4810 acquirent,
1262 4749 1318 4794 et
1358 4740 1578 4797 vitalem
1606 4742 1847 4813 paradisi
1893 4760 1931 4798 a‘

2133 4722 2362 4788 ςθίοντες
2381 4724 2638 4792 ἀειξωταν
2653 4727 2932 4801 λήψονται,
2952 4733 3046 4787 καὶ
3072 4733 3168 4787 τοῦ
3208 4737 3532 4809 παραδείσου
3561 4734 3639 4789 τοῦ

425 4831 610 4888 borem
639 4829 954 4902 gustabunt,
1008 4845 1132 4887 cum
1168 4830 1378 4887 Adamo
1417 4841 1474 4887 et
1502 4835 1758 4891 omnibus
1797 4823 1931 4907 justi

2133 4815 2304 4888 ἑνδρου
2328 4817 2429 4887 τῆς
2447 4817 2595 4890 ζωῆς
2616 4820 3032 4889 ἀπολαύσονται,
3065 4826 3164 4880 σὺν
3203 4828 3378 4900 Ἀδάμ
3400 4829 3492 4883 καὶ
3523 4829 3639 4881 πᾶσι

425 4918 494 4974 At
507 4919 703 4975 anima:
724 4926 1064 4988 peccatorum
1086 4918 1433 4988 abripiuntur
1456 4921 1764 4980 immatura:
1785 4940 1818 4982 a
1841 4925 1927 4984 fac

2134 4909 2200 4971 ιῖς
2223 4907 2452 4974 δικαίοις
2467 4927 2481 4940 ο
2516 4912 2572 4964 αἱ
2597 4911 2653 4965 δέ
2675 4913 2781 4966 τῶν
2807 4916 3137 4988 παρανόμων
3171 4917 3346 4991 ψυχαὶ
3368 4918 3640 4992 ἀφαιροῦν-

423 5009 520 5068 Dei
567 5011 661 5082 qui
689 5025 784 5066 eas
809 5010 1165 5067 derelicturus
1191 5020 1275 5067 est
1297 5013 1351 5067 in
1389 5016 1644 5070 tormenti
1674 5016 1824 5087 igne.
1921 5005 1927 5014 ’

2134 5016 2178 5051 ιι
2207 4999 2305 5070 μὲν
2328 5001 2493 5074 ἄωροι
2525 5002 2589 5056 ἐκ
2617 5003 2907 5074 προσώπου
2934 5005 3029 5061 τοῦ
3059 5007 3218 5075 Θεοῦ,
3247 5012 3400 5085 παρὰ
3435 5011 3494 5066 τὸ
3516 5027 3640 5084 παρ·

2089 5091 2220 5161 ορᾷν
2248 5091 2411 5155 αὐτὸς
2441 5093 2637 5156 αὐτοὺς
2657 5096 2714 5149 ἐν
2745 5099 2810 5168 τῇ
2836 5098 2992 5168 φλογὶ
3015 5101 3114 5172 τῆς
3136 5101 3398 5172 βασάνου.

435 5203 452 5216 ο
493 5167 608 5226 Non
639 5169 920 5226 hominum
947 5168 1040 5226 sed
1071 5168 1165 5225 Dei
1199 5168 1377 5239 potius
1407 5171 1641 5242 gratiam
1676 5172 1941 5242 inveniat,

2159 5183 2206 5215 ⁸⁸
2241 5184 2314 5238 Ού
2341 5184 2491 5257 παρὰ
2517 5186 2612 5240 ἀνθ
2623 5167 2837 5259 ρώπων,
2850 5167 2991 5246 ἀλλά
3012 5167 3162 5266 πα.ρά
3181 5194 3265 5267 τῷ
3292 5195 3414 5268 Θεῷ
3431 5195 3638 5265 δύναμιν

492 5349 589 5410 Hic
634 5351 929 5425 interrogat
972 5353 1328 5424 sapientiam,
1372 5354 1465 5425 qui
1513 5354 1847 5415 voluntatem
1878 5357 1974 5416 Dei

2131 5289 2151 5327 δ
2232 5313 2244 5327 .

2156 5291 2222 5445 ε
2239 5358 2404 5434 οὗτος
2449 5370 2628 5442 ἐρωτᾷ
2677 5372 2902 5442 σοφίαν,
2943 5376 2972 5430 ὁ
3012 5377 3213 5446 γνῶναι
3258 5377 3441 5449 ζητῶν
3490 5377 3541 5431 τί
3583 5372 3637 5428 τὸ

423 5632 470 5668 ι.
492 5561 864 5668 ἳζέοῐὶηξέν
889 5564 969 5668 ἰι
987 5565 1094 5668 ...'.'
1122 5581 1362 5668 ἳῖνοιῖιην
1393 5567 1483 5668 εὲο
1506 5571 1659 5668 7.“.-
1692 5573 1730 5668 Ε
1755 5573 1929 5668 ⁵⁷’.Ρέ

2133 5593 2174 5668 v.
2191 5576 2712 5668 36.—‘A.‘l‘.”§8,a.
2757 5585 2857 5668 ﬂ"
2877 5599 2996 5658 cap.
3023 5605 3102 5656 is,
3119 5588 3270 5668 {.ﬂ—
3289 5589 3359 5668 Αἱ
3407 5588 3448 5668 f_.
3476 5589 3566 5668 ﬁ,
3592 5602 3639 5640 ιι.

500 5646 617 5705 cap.
665 5650 739 5701 ix,
763 5635 848 5690 12.
921 5634 969 5670 ³⁸
987 5649 1107 5708 cap.
1135 5634 1212 5705 χι,
1238 5636 1490 5696 50.—A.
1511 5639 1554 5699 1⁸.
1579 5640 1668 5712 55,
1691 5643 1745 5700 b.
1829 5634 1892 5679 ’⁸⁸
1921 5659 2041 5717 cap.
2069 5661 2166 5718 xu,
2191 5645 2246 5703 2.
2265 5677 2334 5691 --
2355 5650 2420 5706 A.
2442 5634 2486 5707 't‘.
2511 5634 2712 5721 δεῖ(
2755 5655 2803 5690 ⁸⁸
2833 5634 3239 5727 uiridi-1173.6.
3257 5634 3464 5714 -Ῑλλ
3480 5634 3646 5725 3:12;.
