3796 6194
239 270 337 324 σαι
1363 281 1787 341 FRAGMENTA
1828 287 1895 342 1N
1944 288 2353 349 PROVERBIA.
3358 314 3465 369 622

243 388 449 460 θέλημα
484 388 584 442 τοῦ
613 390 753 447 Θεοῦ
772 410 788 424 ·
825 393 976 449 ἐνεὸν
1002 395 1058 449 δέ
1091 398 1282 450 ἐαυτὸν
1309 401 1558 471 ποιήσας,
1596 406 1725 476 περὶ
1751 423 1772 458 ο

1882 460 1883 465 η
1913 410 2175 477 explorat.
2212 410 2417 468 Rudem
2442 429 2500 470 se
2520 416 2640 485 ejus
2667 419 2741 473 rei
2769 422 3037 491 prmbens,
3073 440 3236 497 quam
3257 428 3467 485 discere

245 481 427 550 μαθεῖν
452 477 657 553 ἦλθεν,
691 478 849 550 οὗτος
883 487 1028 552 δόξει
1067 489 1329 560 φρόνιμος
1365 487 1530 546 εἶναι·
1572 496 1619 547 εἰ
1656 490 1772 549 οὗτε

1914 502 2077 567 venit,
2112 503 2377 560 videbitur
2415 477 2669 576 prudens.
2710 477 2912 583 Silquis
2948 477 3242 591 interrogat
3269 523 3336 577 de
3375 539 3468 578 sa-

238 570 410 641 ἐρωτᾷ
463 575 597 647 περὶ
654 576 879 645 σοφίας,
926 580 957 631 6
998 578 1318 651 βουλόμενος
1366 583 1420 635 τὶ
1457 586 1585 656 περί
1624 588 1772 655 σοφία

2416 570 2430 576 -
2807 570 2819 583 .
2890 570 2905 572 -
2949 570 3241 591 μία---οη
3272 570 3334 577 ν-
3377 570 3439 578 --

1909 592 2133 661 pientia,
2165 598 2304 652 scire
2338 600 2526 655 volens
2570 612 2775 671 partem
2806 607 2958 675 ejus;
2998 612 3133 666 alter
3158 627 3289 667 vero
3318 615 3462 679 silet.

235 660 444 730 μαθεῖν·
463 656 626 730 οὗτος
656 667 711 720 δὲ
736 673 916 743 σιωπᾷ
942 672 1049 724 ἀπὸ
1077 674 1287 743 σοφίας,
1319 677 1347 726 ὀ
1379 676 1451 747 μὴ
1481 678 1637 748 μόνον
1659 680 1772 732 οὑδὲ

1909 656 1925 661 -
2122 656 2130 661 .
2571 656 2586 671 .
2678 656 2683 657 ν
2745 656 2774 658 η
2814 656 2958 675 ηπ.
3169 656 3287 667 ww
3318 656 3462 679 νην..

1908 698 2014 737 non
2043 687 2220 741 solum
2259 704 2289 742 a
2324 691 2587 759 sapientia
2612 695 2744 749 nihil
2778 697 2987 755 discere
3034 703 3253 770 volens,
3284 706 3377 761 sed
3411 717 3468 762 et

230 751 396 807 θέλων
425 756 634 823 γνῶναι
668 761 796 832 περὶ
831 763 1043 831 σοφίας,
1080 764 1194 817 ἀλλ’
1233 766 1528 820 ἀποπαύων
1568 770 1806 837 καὶτοὺς

223 844 488 916 πλησίον·
526 848 608 902 διὸ
642 852 735 905 καὶ
763 853 1166 928 φρονιμώτερος
1205 858 1420 929 λέγεται
1450 855 1586 914 εἶναι
1620 865 1648 915 ό
1683 866 1808 935 πρό-

220 951 380 1006 τερος
412 937 512 990 τοῦ
538 939 819 1013 δευτέρου.

288 1028 337 1058 δ’
386 1030 470 1101 Τῇ
524 1031 737 1106 βδέλλῃ.
766 1036 925 1106 Τρεῖς
966 1036 1260 1112 θυγατέρες
1282 1037 1422 1113 ἦσαν
1457 1048 1524 1116 τῇ
1560 1047 1803 1120 ἁμαρτίᾳ

221 1120 595 1193 ἀγαπώμεναι
640 1128 945 1200 ἀγαπήσει,
976 1133 1010 1201 ἡ
1046 1134 1270 1203 πορνεία
1294 1177 1309 1199 ,
1345 1139 1372 1190 6
1413 1139 1568 1206 φόνος
1595 1142 1659 1207 ⁸⁸,
1707 1146 1802 1197 καὶ

221 1211 640 1283 είδωλολατρεία
657 1234 669 1246 ·
713 1221 768 1271 αἱ
808 1224 958 1290 τρεῖς
986 1222 1084 1275 οὐκ
1109 1225 1470 1298 ἐνεπίπλησαν
1515 1232 1683 1305 αὐτήν
1702 1253 1715 1265 ·
1738 1237 1799 1289 οὑ

220 1306 330 1377 γὰρ
360 1308 743 1378 ἐμπίπλαται·
772 1311 858 1364 διὰ
883 1312 1085 1367 τούτων
1114 1315 1221 1368 τῶν
1256 1319 1504 1389 πράξεων
1535 1325 1799 1396 νεκροῦσα

218 1399 253 1468 ἡ
274 1399 526 1469 ἁμαρτία
550 1402 641 1454 τὸν
660 1402 967 1476 ἄνθρωπον,
993 1412 1260 1483 μηδέποτε
1280 1416 1634 1495 ἡλλοιωμένη,
1663 1425 1797 1479 ἀλλά

221 1490 455 1586 πάντοτε
500 1496 844 1561 ἐπαύξουσα·
896 1503 929 1572 ή
975 1504 1083 1576 γάρ
1128 1508 1400 1583 τετάρτη,
1450 1490 1650 1586 φησὶν,
1699 1519 1796 1573 οὑκ

219 1584 463 1656 ἠρκέσθη
498 1587 676 1641 εἰπεῖν
706 1591 958 1665 ίκανὸν,ή
994 1596 1133 1651 κατά
1161 1599 1335 1653 πάντα
1364 1584 1577 1677 πονηρά
1610 1607 1796 1662 ἐπιθυ-

1907 784 2130 831 caztcros
2186 781 2255 833 ab
2305 779 2424 849 ejus
2470 785 2651 839 studio
2707 787 3005 857 deterrere;
3062 797 3252 863 procul
3299 798 3464 855 dubio

1907 868 2059 936 prior
2078 869 2397 938 prudentior
2418 877 2718 942 posteriore
2732 883 3109 938 aestimabitur.

1976 1039 2243 1095 Hirudini.
2265 1041 2397 1098 Tres
2424 1053 2579 1099 erant
2607 1061 2830 1116 peccato
2848 1050 3056 1109 dilectae
3082 1056 3370 1115 admodum
3396 1064 3458 1117 ll-

1902 1132 2007 1193 liaz.
2033 1136 2706 1207 scortatio,homicidium,
2726 1143 3051 1201 idololatria.
3067 1145 3255 1220 Neque
3279 1160 3456 1208 tamen

1903 1224 1985 1280 hae
2016 1235 2122 1280 tres
2152 1237 2399 1282 saturant
2426 1229 2580 1294 illud,
2611 1235 2867 1300 quoniam
2894 1248 2978 1292 est
3010 1240 3334 1299 insatiabile.
3355 1244 3457 1301 Per

1902 1318 2001 1372 hos
2027 1319 2225 1389 quippe
2245 1336 2461 1391 semper
2488 1334 2640 1379 actus
2668 1328 2937 1394 perimens
2964 1331 3237 1389 hominem
3263 1352 3453 1406 pecca-

1900 1417 2038 1477 tum,
2090 1427 2366 1482 nunquam
2418 1424 2697 1481 mutatur,
2755 1420 2848 1474 sed
2902 1432 3131 1493 augetur
3173 1442 3450 1498 perpetuo.

1897 1500 2102 1568 Quarta
2151 1504 2319 1571 enim,
2375 1505 2580 1575 inquit,
2640 1523 2917 1580 nunquam
2977 1516 3094 1571 ait:
3144 1518 3288 1573 Satis
3334 1533 3449 1590 est;

1896 1601 2143 1662 quartam
2166 1608 2286 1649 esse
2317 1594 2630 1665 signiﬁcans
2668 1599 3028 1658 universalem
3065 1610 3455 1678 concupiscen-

221 1675 348 1745 μία·
382 1679 658 1751 τετάρτην
696 1681 897 1751 λέγων,
935 1684 1033 1757 τὴν
1067 1689 1204 1757 μετά
1244 1692 1459 1747 πάντων
1498 1675 1772 1769 ἐπιθυμία·

1900 1685 2050 1739 tiam.
2103 1685 2256 1740 Sicut
2294 1687 2437 1740 enim
2486 1704 2653 1744 unum
2702 1701 2785 1746 est
2825 1709 3061 1764 corpus,
3112 1699 3280 1754 multa
3319 1717 3451 1758 vero

218 1768 491 1839 ἐσήμανεν
512 1788 527 1801 ·
563 1770 752 1845 ὥσπερ
776 1775 881 1847 γὰρ
909 1776 968 1831 ἓν
1000 1779 1097 1849 μὲν
1133 1779 1248 1836 ἐστι
1279 1785 1341 1837 τὸ
1368 1785 1546 1857 σῶμα,
1573 1765 1707 1863 μέλη
1737 1794 1772 1847 δὲ

1895 1776 2135 1832 membra
2177 1777 2370 1845 habet;
2415 1780 2495 1835 sic
2520 1790 2575 1835 et
2619 1798 2898 1852 peccatum
2940 1790 3138 1845 multas
3162 1808 3227 1848 ac
3270 1796 3450 1852 varias

217 1859 385 1913 πολλά
417 1859 560 1931 ἔχει,
606 1862 749 1917 οὕτω
782 1867 875 1919 καὶ
914 1869 946 1939 ἡ
980 1870 1219 1944 ἁμαρτία
1264 1875 1363 1945 μία
1408 1859 1794 1948 οὖσα,ήπολλάς

218 1952 309 2005 καὶ
341 1954 604 2019 ποικίλας
630 1958 926 2030 ἐπιθυμίας
949 1962 1008 2015 ἐν
1043 1964 1205 2038 ἑαυτῇ
1234 1966 1367 2039 ἔχει,
1388 1970 1455 2024 δι’
1484 1967 1558 2027 ὧν
1579 1976 1794 2031 ἐπίϐου-

216 2043 301 2107 λος
329 2046 440 2098 τῶν
473 2047 780 2120 ἀνθρώπιον
806 2052 1019 2120 γίνεται
1039 2072 1053 2084 ·
1088 2055 1209 2111 ὅθεν
1241 2061 1399 2115 τοῦτο
1432 2063 1638 2131 διδάξαι
1668 2068 1792 2138 βου-

214 2135 458 2207 λόμενος,
488 2138 580 2193 διὰ
605 2142 1059 2215 παραδειγμάτων
1081 2148 1143 2220 δή
1172 2167 1354 2222 φησιν,
1380 2152 1515 2226 ᾅδης
1536 2158 1630 2211 καὶ
1651 2135 1790 2231 έρως

214 2229 509 2297 γυναικὸς,
547 2232 641 2285 καὶ
690 2233 987 2308 τάρταρος,
1022 2240 1116 2293 καὶ
1162 2242 1229 2312 γῆ
1263 2244 1363 2297 οὑκ
1403 2229 1785 2325 ἐμπιπλαμένη

216 2317 439 2385 ὓδατος·
472 2322 571 2376 καὶ
612 2322 776 2396 ὕδωρ,
819 2328 912 2380 καὶ
953 2329 1081 2402 πῦρ,
1114 2332 1172 2384 οὑ
1213 2332 1286 2404 μὴ
1320 2335 1564 2404 εἴπωσιν,
1595 2317 1784 2412 ἀρκεῖ·

208 2412 398 2466 οὑδένα
441 2413 558 2485 γάρ
605 2416 804 2487 τρόπον
847 2421 875 2472 6
924 2420 1057 2493 ᾅδης
1101 2424 1161 2475 οὑ
1204 2424 1465 2482 διαλείπει
1505 2430 1788 2503 δεχόμενος

210 2504 385 2573 ψυχὰς
415 2505 642 2575 ἀνόμων
673 2507 995 2580 ἀνθρώπων·
1013 2513 1133 2566 οὑδέ
1161 2516 1189 2568 ό
1217 2516 1355 2587 ἔρως
1375 2519 1475 2589 τῆς
1492 2522 1783 2596 ἁμαρτίας,

208 2597 281 2658 ὠς
340 2597 628 2664 γυναικὸς,
665 2599 895 2655 παύεται
942 2605 1316 2677 ἐκπρνεὺων,
1369 2611 1631 2683 προδότης
1684 2617 1784 2687 τῆς

207 2687 371 2741 αὑτοῦ
416 2689 602 2759 ψυχῆς
634 2690 780 2755 ὅστις
809 2693 1097 2765 γενόμενος
1116 2714 1130 2729 ·
1175 2699 1250 2763 ὡς
1282 2701 1547 2775 τάρταρος
1578 2705 1654 2770 δὲ,
1699 2709 1785 2763 ἀεὶ

205 2782 263 2834 ἐν
302 2780 578 2853 λυγρώδει
625 2784 720 2837 καὶ
765 2784 990 2853 ζοφώδει
1029 2787 1179 2861 τόπῳ
1218 2792 1496 2864 ὑπάρχων,
1524 2795 1585 2847 οὐ
1616 2813 1784 2851 κατα-

203 2872 555 2944 λαμϐάνεται
594 2874 700 2927 ὑπὸ
731 2876 948 2941 ἀκτῖνος
986 2880 1190 2950 φωτὸς,
1220 2883 1393 2947 οὑτως
1419 2884 1476 2937 δὲ
1521 2888 1628 2951 πᾶς
1667 2890 1695 2942 ό
1724 2890 1783 2943 ἐν

202 2966 365 3020 παντὶ
416 2966 586 3019 πάθει
636 2969 836 3039 σαρκὸς
880 2971 945 3041 τῇ
990 2972 1234 3046 ἁμαρτίᾳ
1276 2974 1566 3044 δουλεύων,
1606 2980 1680 3044 ὥς
1707 2980 1780 3054 γῆ

197 3060 297 3113 οὑκ
320 3058 720 3130 ἐμπιπλαμένη
748 3060 974 3125 ὑδάτων,
1006 3064 1272 3135 μηδέποτε
1298 3069 1378 3131 είς
1401 3067 1780 3146 ἐξομολόγησιν
1805 3103 1847 3161 C

198 3153 290 3205 καὶ
349 3151 588 3223 λουτρὸν
628 3151 1039 3221 παλιγγενεσίας
1106 3156 1279 3213 ἐλθεῖν
1327 3160 1653 3234 δυνάμενος,
1700 3165 1779 3232 ὡς

200 3242 340 3314 ὕδωρ
372 3244 475 3298 καὶ
512 3243 625 3316 πῦρ
652 3244 724 3316 μὴ
754 3244 1000 3314 λέγοντα,
1018 3247 1197 3319 ἀρκεῖ.

264 3335 309 3368 ⁸³
348 3337 452 3390 Ὃν
484 3336 597 3407 γάρ
627 3336 823 3408 τρόπον
847 3337 969 3407 ὄφις
994 3339 1087 3392 ἐπὶ
1116 3340 1322 3414 πέτρας
1350 3344 1684 3418 ξχνοποιῆσαι
1715 3347 1774 3401 οὑ

192 3428 442 3493 δύναται,
492 3428 666 3493 οὕτως
713 3430 833 3483 οὑδὲ
864 3432 893 3483 ό
925 3430 1170 3498 διάϐολος
1201 3436 1293 3489 ἐπὶ
1342 3437 1501 3509 σῶμα
1537 3439 1773 3510 Χριστοῦ

196 3522 476 3594 ἁμαρτίαν
529 3521 762 3595 ⁴ίγδυνήίιη
820 3523 1032 3595 εὑρεῖν·
1098 3524 1243 3595 λέγει
1295 3527 1403 3600 γὰρ
1459 3530 1487 3582 ὀ
1534 3530 1769 3602 Κύριος·

204 3614 362 3668 Ἰδοὺ
388 3613 631 3683 ἔρχεται
679 3617 712 3669 ό
749 3613 947 3684 ἄρχων
987 3617 1093 3672 τοῦ
1123 3620 1357 3693 κόσμου
1407 3620 1641 3686 τούτου,
1672 3622 1770 3676 καὶ

188 3705 260 3758 ἐν
284 3704 422 3774 ἐμοὶ
456 3705 705 3773 εὑρήσει
733 3705 1009 3760 οὐδέν⁵⁹“.
1037 3738 1106 3747 -
1137 3709 1334 3775 Καθὼς
1366 3712 1473 3783 γάρ
1501 3711 1631 3776 ναῦς
1658 3712 1771 3766 δια-

191 3797 437 3850 πλέουσα
482 3798 541 3849 ἐν
587 3795 666 3867 τῷ
711 3796 967 3866 πελάγει,
1012 3799 1130 3871 ῐχνη
1163 3801 1257 3854 καὶ
1300 3802 1452 3867 ὁδοὺς
1492 3805 1553 3857 οὑ
1598 3822 1768 3858 κατα-

189 3887 394 3953 λείπει,
439 3886 616 3951 οῦτως
644 3889 760 3941 οὐδὲ
790 3891 822 3961 ἡ
861 3891 1152 3962 Ἐκκλησία
1185 3894 1244 3946 ἐν
1272 3895 1461 3966 κόσμῳ
1492 3896 1766 3950 πολιτευο-

194 3978 332 4048 μένη
363 3977 443 4041 ὡς
471 3979 533 4030 ἐν
563 3976 810 4047 πελάγει,
835 3978 1147 4034 καταλείπει
1176 3981 1271 4053 τὴν
1303 3983 1437 4037 ίδίαν
1460 3985 1647 4038 ἐλπίδα
1676 3986 1766 4040 ἐπὶ

189 4069 293 4137 τῆς
343 4069 479 4138 γῆς,
543 4068 739 4138 ἔχουσα
784 4070 883 4139 τὴν
931 4066 1073 4141 ζωὴν
1129 4071 1494 4147 ἀποκειμένην
1551 4078 1608 4129 ἐν
1653 4080 1766 4141 τοῖς

191 4160 477 4233 οὐρανοῖς·
527 4157 595 4233 ἦς
646 4162 738 4215 ἐπὶ
780 4161 952 4234 βραχὺ
1007 4163 1420 4237 παρελθούσης,
1475 4169 1574 4221 οὐκ
1617 4167 1763 4222 ἐστιν

192 4254 553 4324 ίχνηλατῆσαι
584 4255 680 4326 τὴν
714 4255 897 4309 δίοδον.
914 4256 1099 4325 -Τῆς
1140 4256 1458 4330 Ἐκκλησίας
1491 4261 1566 4334 μὴ
1598 4278 1763 4315 κατα-

186 4344 575 4416 λιμπανούσης
609 4347 666 4398 ἐν
698 4348 886 4419 κόσμῳ
932 4348 1030 4419 τὴν
1072 4347 1295 4414 ἐλπίδα,
1325 4350 1426 4422 τῆς
1474 4353 1541 4407 τά
1588 4355 1761 4408 πάντα

1893 1870 2361 1939 concupiscentias
2386 1872 2440 1926 in
2472 1889 2530 1928 se
2554 1874 2737 1939 habet,
2760 1879 2960 1947 quibus
2988 1881 3215 1939 insidias
3240 1886 3447 1945 homini

1890 1961 2070 2014 struit.
2104 1959 2260 2027 Quod
2303 1964 2490 2020 volens
2519 1966 2928 2037 demonstrare,
2974 1974 3143 2029 utitur
3184 1981 3447 2050 exemplis

1889 2051 2105 2117 inferni,
2133 2064 2187 2108 et
2215 2054 2415 2111 amoris
2450 2058 2759 2126 mulierum,
2796 2065 3003 2130 tartari,
3035 2076 3089 2121 et
3121 2076 3276 2125 terrae
3305 2088 3449 2127 nun-

1887 2158 2051 2213 quam
2093 2144 2264 2201 imbre
2309 2147 2541 2217 repletae.
2592 2149 2659 2205 Et
2685 2167 2846 2223 aqua,
2882 2164 2936 2209 et
2981 2156 3121 2226 ignis
3164 2175 3443 2232 nunquam

1887 2235 2107 2293 dicent:
2143 2235 2372 2294 SulIiCit.
2418 2237 2738 2300 Nullatenus
2765 2246 2927 2301 etiam
2967 2247 3211 2307 infernus
3246 2255 3445 2311 desinit

1886 2342 1917 2382 a
1944 2329 2265 2398 recipiendis
2290 2332 2696 2407 alﬂigcndisque
2741 2338 3108 2409 improborum
3160 2345 3438 2404 hominum

1885 2421 2191 2477 animabus.
2240 2422 2425 2494 Neque
2474 2430 2683 2495 peccati
2734 2445 2909 2494 amor,
2941 2433 2992 2487 id
3021 2445 3106 2489 est
3146 2450 3272 2505 erga
3318 2456 3442 2495 mu-

1885 2511 2093 2578 lierem,
2121 2523 2300 2569 cessat
2343 2531 2374 2570 a
2408 2520 2717 2585 scortando,
2752 2522 2925 2577 lactus
2970 2526 3167 2581 animze
3209 2531 3441 2601 propriae

1883 2604 2145 2671 proditor.
2176 2603 2326 2660 Sicut
2348 2621 2474 2662 vero
2504 2616 2739 2665 tartarus
2769 2611 2822 2665 in
2862 2615 2998 2669 tristi
3043 2632 3108 2671 ac
3149 2621 3437 2679 tenebroso

1883 2693 2003 2748 loco
2066 2697 2408 2765 reconditus,
2473 2701 2653 2756 radios
2710 2717 2817 2757 non
2870 2707 3098 2775 recipit;
3148 2710 3221 2765 ita
3270 2713 3434 2768 etiam

1881 2786 2059 2842 omnis
2095 2788 2186 2856 qui
2218 2787 2274 2841 in
2318 2790 2558 2859 qualibet
2597 2794 2778 2848 carnis
2820 2798 3074 2865 passione
3104 2803 3268 2857 servit
3308 2820 3435 2874 pec-

1882 2886 2023 2933 cato.
2063 2878 2216 2934 Sicut
2238 2890 2382 2936 terra
2414 2898 2689 2954 nunquam
2716 2887 2871 2956 aquis
2897 2890 3117 2959 repleta,
3149 2892 3222 2948 ita
3249 2894 3338 2949 hic
3362 2895 3433 2951 ad

1881 2968 2279 3026 confessionem
2325 2981 2380 3028 et
2436 2974 2707 3031 lavacrum
2761 2982 3185 3048 regenerationis
3247 2986 3434 3043 venire

1882 3078 1990 3118 non
2022 3064 2228 3131 valens,
2264 3080 2419 3137 aqua!
2460 3067 2629 3124 instar
2658 3078 2713 3125 et
2754 3070 2918 3142 ignis,
2958 3088 3230 3145 nunquam
3261 3077 3428 3136 dicit.

1882 3152 2106 3211 Sullicit.

1946 3335 2413 3405 Quemadmodum
2444 3354 2665 3411 serpens
2688 3341 2740 3396 in
2767 3352 2916 3413 petra
2940 3345 3221 3418 vestigium
3251 3346 3431 3405 facere

1874 3431 2082 3500 nequit,
2111 3430 2193 3486 sic
2217 3446 2391 3502 neque
2424 3431 2674 3489 diabolus
2710 3434 2764 3488 in
2791 3435 2994 3492 Christi
3021 3453 3251 3509 corpore
3279 3441 3430 3497 inve-

1872 3523 1991 3576 nire
2023 3531 2304 3591 peccatum
2348 3530 2543 3592 potuit.
2588 3524 2727 3581 Dicit
2762 3528 2906 3582 enim
2949 3527 3253 3587 Dominus:
3293 3530 3428 3589 Ecce

1870 3614 2006 3667 venit
2024 3614 2263 3684 princeps
2290 3615 2446 3685 hujus
2478 3620 2680 3685 mundi,
2697 3628 2745 3674 et
2766 3620 2824 3674 in
2846 3638 2926 3675 me
2950 3621 3081 3676 nihil
3102 3624 3341 3680 inveniet.
3357 3655 3428 3668 —

1872 3702 2025 3758 Sicut
2052 3705 2195 3759 enim
2224 3706 2377 3762 navis
2414 3723 2566 3764 mare
2608 3718 2854 3779 tranans,
2886 3713 3171 3784 vestigium
3204 3716 3427 3787 viasque

1866 3802 1991 3865 post
2012 3809 2072 3850 se
2106 3809 2216 3849 non
2243 3796 2534 3867 relinquit;
2562 3798 2641 3853 sic
2670 3815 2844 3870 neque
2869 3800 3106 3857 Ecclesia
3138 3803 3189 3856 in
3221 3804 3425 3860 mundo

1868 3895 2124 3956 tanquam
2167 3886 2220 3941 in
2251 3887 2438 3959 pelago
2468 3904 2715 3955 versans,
2749 3908 2899 3961 spem
2934 3909 3086 3949 suam
3131 3895 3184 3949 in
3218 3898 3423 3952 mundo

1864 3980 2136 4050 relinquit,
2164 3980 2293 4049 quia
2317 3981 2482 4036 vitam
2511 3997 2666 4037 suam
2698 3983 2751 4038 in
2780 3986 2934 4040 cmlis
2957 3987 3233 4057 reposuit:
3260 3997 3422 4059 atque

1865 4073 2077 4128 interim
2109 4074 2254 4129 brevi
2289 4081 2529 4144 tempore
2566 4076 2868 4143 transiens,
2903 4080 3127 4151 vestigia
3158 4082 3422 4139 transitus

1863 4165 1918 4220 in
1936 4165 2018 4219 via
2042 4180 2148 4220 non
2173 4165 2676 4236 imprimit.—-Cum
2696 4168 2935 4225 Ecclesia
2953 4186 3102 4241 spem
3125 4188 3281 4228 suam
3310 4189 3417 4229 non

1861 4257 2125 4326 dimittat,
2176 4274 2340 4329 quam
2402 4261 2563 4316 habet
2618 4276 2740 4329 erga
2792 4262 2969 4316 omnis
3010 4263 3139 4318 boni
3193 4263 3417 4333 fontem,

1860 4350 2063 4407 Christi
2109 4352 2562 4420 incarnationem,
2602 4352 2850 4408 semitam
2888 4356 3080 4410 mortis
3115 4355 3169 4409 in
3205 4356 3419 4412 inferno

184 4438 465 4508 φερούσης
496 4438 729 4508 Χριστοῦ
766 4439 1111 4511 σαρκώσεως,
1148 4442 1330 4513 τρίϐον
1355 4443 1672 4515 νεκρώσεως
1701 4447 1758 4498 ἐν

1882 4462 1969 4500 ton
2000 4445 2145 4500 facit.
2171 4445 2578 4516 —Cujusnam,
2604 4447 2709 4501 nisi
2747 4448 2855 4502 nati
2881 4448 2947 4503 de
2981 4448 3185 4518 Spiritu
3227 4462 3418 4507 sancto

180 4527 312 4599 ᾅδου
340 4530 445 4583 οὑκ
491 4530 887 4584 ὑπελίπετο.-
920 4533 1105 4597 Τίνος,
1131 4534 1244 4588 ἀλλ’
1273 4535 1305 4607 ἢ
1352 4536 1445 4589 τοῦ
1484 4538 1548 4590 ἐκ
1592 4538 1757 4591 Πνεύ-

182 4638 361 4691 ματος
421 4621 579 4689 ἁγίου
624 4623 717 4675 καὶ
766 4623 1034 4695 παρθένου
1088 4627 1515 4699 γεγεννημένους
1562 4628 1621 4692 ὃς
1665 4628 1756 4682 τὸν

175 4712 391 4766 1εέλειον
428 4712 713 4783 ἄνθρωπον
748 4714 1056 4779 ἀνανεώσας
1088 4717 1145 4769 ἐν
1178 4717 1366 4788 κόσμῳ
1396 4719 1628 4773 ἐπιτελεῖ
1659 4721 1754 4785 τὰς

173 4802 465 4874 δυνάμεις,
500 4803 799 4875 ἀρξάμενος
822 4807 930 4860 ἀπὸ
953 4805 1045 4861 τοῦ
1078 4807 1449 4880 βαπτίσματος
1487 4812 1750 4879 Ἰωάννου,

173 4894 257 4958 ὡς
286 4896 387 4947 καὶ
431 4896 461 4948 6
493 4896 882 4968 εὐαγγελιστὴς
934 4901 1231 4970 μαρτυρεῖ·
1259 4895 1327 4973 ἦν
1367 4900 1423 4954 δέ
1464 4903 1492 4955 6
1547 4903 1751 4973 Ἰησοῦς

171 4987 489 5057 ἀρχόμενος
528 4988 604 5051 ὡς
639 4987 775 5042 ἐτῶν
813 4989 1137 5062 τριάκοντα·
1184 4991 1371 5046 τούτου
1400 4990 1492 5048 οὖν
1532 4994 1592 5048 τὸ
1635 4996 1751 5050 νέον

170 5082 273 5135 καὶ
300 5082 538 5152 ἀκμαῖον
584 5082 685 5153 τῆς
718 5082 956 5154 ἡλικίας,
1000 5084 1058 5147 ὃς
1100 5084 1347 5140 διοδεύων
1390 5088 1529 5142 κατά
1571 5089 1751 5153 πόλεις

1861 4549 1914 4592 et
1942 4537 2190 4607 virgine?
2214 4536 2306 4606 qui
2335 4535 2629 4605 perfectum
2663 4537 2938 4594 hominem
2975 4539 3029 4593 in
3071 4542 3274 4596 mundo
3330 4558 3418 4599 re-

1861 4644 2067 4684 novans
2118 4628 2360 4698 prodigia
2419 4628 2633 4695 edidit,
2697 4640 2857 4700 capto
2900 4632 3056 4687 initio
3115 4648 3145 4685 a
3188 4633 3417 4691 Joannis

1857 4720 2202 4790 baptismate,
2244 4721 2384 4776 sicut
2411 4722 2740 4793 evangelista
2788 4732 3037 4779 testatur.
3070 4724 3200 4781 Erat
3233 4734 3415 4781 autem

1857 4811 2017 4867 Jesus
2066 4812 2331 4882 incipiens
2389 4813 2547 4883 quasi
2592 4828 2860 4869 annorum
2918 4816 3154 4887 triginta.
3206 4815 3264 4871 in
3311 4817 3416 4873 hac

1858 4907 2023 4978 igitur
2050 4905 2274 4976 juvenili
2298 4914 2351 4960 et
2371 4906 2597 4962 ﬂorente
2617 4916 2796 4972 aetate,
2818 4908 3145 4964 circumiens
3164 4907 3416 4969 civitates

1854 5009 1909 5054 et
1950 4999 2233 5071 regiones,
2275 4997 2559 5053 hominum
2606 5000 2828 5057 morbos
2863 5009 2918 5055 et
2947 4999 3287 5056 inﬁrmitates
3323 5017 3414 5062 sa-

1856 5085 2037 5141 nabat.

169 5180 271 5232 xa‘t
304 5177 517 5249 χώρας,
562 5181 676 5233 ίᾶτο
717 5181 815 5244 τάς
840 5180 1028 5245 νόσους
1067 5181 1286 5246 καὶτὰς
1323 5183 1605 5249 ἀσθενείας
1641 5185 1748 5239 τῶν
1797 5182 2119 5256 ἀνθρώπων.

244 5271 298 5302 ﬂ
357 5269 657 5341 Ὀφθαλμὸν
715 5271 1100 5339 καταγελῶντα
1157 5274 1362 5346 πατρὸς
1416 5277 1508 5330 καὶ
1550 5276 1748 5348 ἀτιμά-

156 5364 342 5427 ζοντα
365 5364 542 5435 γῆρας
580 5364 802 5436 μητρός.
848 5365 1276 5437 Βλασφημοῦντα
1321 5366 1411 5422 τὸν
1444 5368 1609 5433 Θεὸν,
1652 5370 1747 5424 κα)⁵

160 5454 393 5524 μητέρα
420 5452 799 5518 ἐξουθενοῦντα
838 5457 1073 5529 Χριστοῦ
1102 5457 1201 5529 τὴν
1232 5458 1326 5512 τοῦ
1356 5458 1490 5513 Θεοῦ
1533 5460 1743 5529 σοφίαν,

236 5634 288 5665 ⁸⁷
328 5633 478 5715 Ῡρις.
507 5653 857 5715 cap..xx_x‘,v.
884 5639 1152 5715 15ςέ-Α.
1181 5639 1220 5695 l'.
1251 5640 1372 5706 109,
1400 5658 1455 5715 a,
1485 5652 1538 5700 et
1569 5642 1690 5715 cod.
1722 5641 1772 5715 νς

1882 5642 1996 5713 tas,
2031 5643 2070 5700 r.
2095 5644 2184 5715 90,
2251 5644 2366 5703 sive
2415 5644 2475 5703 Β.

1924 5277 2125 5332 Oculus
2169 5275 2262 5347 qui
2309 5277 2613 5334 subsannat
2663 5287 2910 5349 patrem,
2956 5287 3011 5335 et
3047 5281 3143 5352 qui
3179 5282 3411 5354 despicit

1852 5377 2185 5423 senectutem
2234 5369 2443 5426 matris.
2489 5369 2690 5442 Nempe
2726 5372 2943 5428 oculum
2983 5372 3411 5445 blasphemantia

1850 5460 2041 5527 Deum,
2070 5469 2124 5516 et
2152 5459 2354 5516 Christi
2386 5473 2610 5518 matrem
2646 5466 2967 5535 sapientiam
2998 5465 3111 5533 Dei,
3148 5469 3411 5530 eli‘odiant

2580 5647 2629 5682 ⁸⁸
2654 5648 2801 5718 cod.,
2851 5649 3066 5725 φθόνος.
3171 5656 3218 5689 ⁸³
3248 5655 3408 5732 Vulg.

162 5720 304 5771 xu,
336 5706 504 5769 19.1-
528 5706 593 5763 Αἰ
620 5708 659 5763 f.
699 5711 818 5778 111,
843 5726 893 5765 a.
970 5710 1038 5743 ”‘
1063 5708 1219 5769 Joan.
1255 5729 1366 5779 xxv,
1396 5714 1483 5769 50.
1562 5715 1605 5747 ⁸⁸
1634 5712 1694 5767 Β.
1728 5712 1768 5769 l'.
