3814 6198
421 273 542 328 δῧῖὅ
1300 267 1355 322 5.
1389 264 1751 322 HlPPOLYTl
1787 263 1939 319 OPP.
1994 261 2170 317 PARS
2201 263 2242 319 1.
2275 293 2342 304 ——
2382 263 2786 321 EXEGETICA.
3504 272 3590 332 cu

437 404 562 446 eum
611 384 762 443 corvi
815 385 881 440 de
931 381 1195 448 vallibus;
1255 379 1450 450 impuri
1504 378 1712 434 scilicet
1758 376 1997 445 malique

2132 374 2425 444 κκόψαισαν
2454 376 2612 429 αὐτὸν
2664 375 2895 444 κόρακες
2937 375 3002 430 ἐκ
3050 376 3154 431 τῶν
3203 380 3508 452 φαράγγων,
3538 390 3596 444 τὰ

420 481 664 553 spiritus
688 477 946 534 visualem
966 474 1164 530 laetitia:
1192 473 1432 536 oculum,
1450 485 1685 542 eumque
1709 470 1996 526 comedam

2135 465 2380 538 κάθαρτα
2417 468 2508 520 καὶ
2528 467 2740 540 πονηρὰ
2762 467 3044 539 πνεύματα
3066 509 3083 536 ,
3117 469 3178 523 τὸ
3200 470 3479 543 διορατικὺν
3517 478 3597 550 τῆς

416 575 571 647 :pulli
614 573 956 644 aquilarum:
988 584 1180 640 nempe
1211 567 1305 638 qui
1345 574 1472 622 sunt
1516 563 1819 635 ejusmodi,
1860 577 1993 618 con-

2132 555 2429 647 ύφροσύνης
2477 556 2662 628 ὄμμα-
2704 558 2799 612 ml
2830 559 3190 628 καταφάγοιεν
3234 561 3385 617 αὐτὸν
3425 571 3602 622 νεοσσοὶ

417 646 720 726 -culcentur
749 664 979 736 pedibus
1009 671 1342 720 sanctorum.

2135 646 2298 700 ετῶψ
2327 647 2421 702 καὶ
2453 650 2952 720 καταπεπατημένα
2994 651 3202 706 ἔσονται
3248 655 3352 718 τοῖς
3377 657 3490 710 ποσὶ
3513 660 3604 714 τῶν

2098 739 2290 810 ἁγίων.

2167 829 2210 861 ⁶¹
2271 830 2406 898 Τρία
2449 831 2620 885 ἐστὶν
2667 832 2931 886 ἀδύνατά
2973 851 3072 903 μοι
3118 833 3363 902 νοῆσαι,
3417 840 3504 893 καί
3551 841 3607 895 τὸ

514 847 641 900 Tria
676 861 769 915 ego
816 842 1104 912 intelligere
1151 855 1375 909 nequeo,
1414 849 1463 893 et
1502 846 1747 907 quartum
1793 834 1995 904 penitus
2116 894 2118 896 τ

2098 921 2374 990 τέταρτον
2397 925 2507 978 οὐκ
2529 923 2895 994 ἐπιγινώσκω
2912 941 2925 954 ·
2950 926 2972 978 Ζ
2974 943 3089 994 χνη
3113 926 3285 981 ἀετοῦ
3306 933 3609 999 πετομένου,

441 945 664 1014 ignoro:
713 937 993 1007 vestigium
1035 933 1228 1004 aquila:
1264 931 1526 994 volantis;
1559 943 1752 998 nempe
1793 926 1997 982 Christi

441 1047 750 1092 ascensum.
781 1028 935 1084 Viam
963 1026 1212 1096 serpentis
1242 1025 1298 1078 in
1324 1032 1506 1094 petra;
1533 1036 1724 1090 nempe
1750 1018 1998 1074 diabolus

2132 1014 2190 1068 οὔ
2232 1014 2465 1086 Χριστοῦ
2497 1014 2594 1087 τὴν
2647 1015 2928 1087 ἀνάληψιν.
2975 1018 3086 1070 Kal
3114 1017 3288 1084 ὀδοὺς
3322 1019 3493 1090 ὄφεως
3529 1022 3609 1077 ἐπὶ

444 1142 553 1182 non
584 1123 790 1180 invenit
821 1121 1026 1193 peccati
1050 1117 1336 1189 vestigium
1365 1117 1419 1170 in
1445 1129 1667 1184 corpore
1687 1112 1908 1168 Christi.
1933 1108 2000 1164 Et

2132 1106 2335 1176 τέτρας·
2362 1108 2390 1159 ὁ
2425 1105 2665 1171 διάϐολος
2693 1107 2788 1177 οὐχ
2829 1101 2986 1179 εὗρεν
3025 1106 3169 1178 ἴχνος
3194 1109 3450 1181 ἁμαρτίας
3475 1113 3531 1165 ἐν
3548 1113 3615 1183 τῷ

443 1218 684 1273 semitam
712 1213 857 1268 navis
887 1227 1029 1266 mare
1053 1209 1417 1274 decurrentis;
1443 1222 1636 1276 nempe
1665 1204 1920 1260 Ecclesiae
1943 1203 1996 1257 in

2132 1197 2310 1269 dinam
2344 1198 2436 1253 τοῦ
2475 1199 2730 1270 Χριστοῦ.
2771 1198 2879 1253 Καὶ
2904 1200 3141 1267 τρίϐους
3181 1201 3324 1269 νηὸς
3361 1218 3615 1260 πον-ωπο-

444 1310 608 1381 hujus
635 1306 822 1363 mundi
859 1305 1049 1374 pelago
1089 1301 1419 1365 ﬂuctuantis,
1470 1308 1523 1354 et
1552 1298 1624 1352 ob
1665 1312 1814 1367 spem
1843 1310 1996 1350 suam

2135 1291 2458 1362 ούσης,τῆς
2485 1291 2802 1363 Ἐκκλησίας
2831 1292 2904 1356 ὡς
2921 1293 2979 1346 ἐν
3006 1291 3322 1364 πελάγειτῷ
3343 1293 3434 1366 βίῳ
3451 1298 3617 1369 τούτῳ,

447 1401 499 1455 ἰιι
531 1398 808 1454 Christum
842 1411 873 1450 a
912 1407 1074 1450 cruce
1099 1392 1256 1462 quasi
1289 1388 1656 1461 gubernaculo
1686 1396 1866 1442 rectae.
1898 1384 2001 1440 De-

2132 1387 2166 1456 ῇ
2198 1385 2276 1448 είς
2299 1384 2528 1455 Χριστὸν
2549 1384 2724 1438 ἐλπίδι
2742 1384 2830 1438 διὰ
2846 1383 2940 1438 τοῦ
2973 1383 3204 1455 σταυροῦ
3226 1383 3617 1459 κυϐερνωμένης.

445 1490 751 1562 nique-vias
790 1487 889 1542 viri
935 1486 992 1538 in
1037 1482 1410 1548 adolescentia,
1443 1481 1590 1536 illius
1618 1478 1876 1533 nimirum
1909 1476 1998 1546 qui

2132 1477 2212 1530 ἰαὶ
2253 1477 2430 1545 ὀδοὺς
2473 1477 2692 1547 ἀνδρὸς
2723 1479 2793 1532 ἐν
2827 1479 3082 1545 νεότητι,
3109 1475 3203 1530 τοῦ
3243 1477 3308 1531 ἐκ
3343 1478 3620 1550 Πνεύματος

447 1600 512 1637 ex
542 1579 749 1653 Spiritu
780 1585 969 1634 sancto
995 1585 1048 1631 et
1076 1573 1296 1645 Virgine
1323 1581 1485 1629 natus
1509 1580 1610 1628 est.
1660 1569 1798 1626 Ecce
1822 1569 1966 1626 enim
1983 1609 1998 1636 ,

2132 1567 2255 1638 ,γίου
2277 1569 2369 1622 καὶ
2386 1569 2484 1640 τῆς
2505 1567 2779 1640 Παρθένου
2795 1567 3194 1640 γεγεννημένου
3211 1585 3225 1600 ο
3257 1568 3362 1622 ἰδοὺ
3398 1569 3512 1642 γὰρ,
3531 1586 3618 1643 φης

447 1674 619 1744 inquit
648 1671 949 1740 Scriptura,
973 1668 1056 1723 vir
1085 1666 1177 1723 cui
1205 1681 1400 1722 nomen
1418 1664 1637 1724 Oriens.

2132 1659 2210 1725 "lv,
2237 1657 2658 1731 ἀνὴμἌνατολὴ
2684 1659 2854 1730 ὄνομα
2889 1657 3059 1730 αὐτῷ.

517 1718 664 1822 :l‘alis
688 1718 876 1821 estrvia
906 1718 1456 1819 mulieris
1479 1718 1606 1827 quas
1627 1718 1725 1810 ubi
1760 1770 1872 1810 rem
1905 1769 2000 1824 pa-

2172 1718 2402 1822 Τοιαύτη
2433 1749 2549 1814 ὁδὸς
2581 1718 2910 1820 μοιχαλίδος,
2961 1718 3161 1820 ﬂorem
3193 1746 3366 1820 πράξῃ
3390 1746 3620 1816 ἀπονιψαο

448 1862 626 1924 travit,
660 1859 973 1926 abstergens
1000 1868 1078 1917 se,
1105 1850 1242 1906 nﬂiil
1269 1851 1346 1904 ait
1374 1863 1434 1906 se
1461 1849 1589 1904 mali
1623 1847 1821 1918 egisse.
1847 1845 2004 1902 Vide-

2132 1843 2273 1912 ιένη,
2319 1841 2473 1895 οὐδὲν
2522 1841 2682 1912 φήσει
2731 1839 3114 1912 πεπραχθῆναι
3157 1840 3382 1896 ἄτοπον
3432 1837 3624 1910 τοιαύτη

449 1952 573 2006 licet
604 1949 675 2003 ita
700 1962 760 2002 se
783 1944 948 2014 gessit
975 1940 1238 2005 Ecclesia,
1262 1955 1382 2009 quae
1411 1946 1697 2010 postquam
1728 1953 1852 1992 cum
1885 1935 2002 1991 ido-

2132 1936 2247 1989 στὶν
2270 1935 2302 2006 ὴ
2325 1933 2636 2005 ἀναστροφὴ
2665 1933 2762 2003 τῆς
2803 1931 3126 2004 Ἐκκλησίας
3155 1927 3491 1999 πιστευούσης
3510 1929 3622 2000 Χριο

451 2043 517 2098 lis
539 2040 802 2096 fornicata
829 2036 1026 2100 fuerat,
1049 2032 1134 2087 his
1161 2031 1550 2086 abrenuntians
1575 2037 1738 2098 atque
1762 2027 1998 2092 diabolo,

2132 2024 2211 2096 τῷ
2230 2063 2246 2089 ,
2278 2025 2313 2096 ἢ
2354 2023 2493 2095 μετὰ
2529 2024 2592 2076 τὸ
2631 2021 2924 2092 πορνεῦσαι
2951 2024 3065 2085 τοῖς
3092 2019 3324 2083 εἰδώλοις
3344 2059 3360 2085 ,
3384 2018 3623 2085 ἀποταξα-

450 2144 504 2190 et
545 2139 768 2202 peccato
813 2128 992 2193 eluto,
1034 2124 1300 2193 veniaque
1341 2122 1624 2192 impetrata
1649 2161 1664 2185 ,
1721 2120 1852 2177 nulli
1889 2120 2000 2192 jam

2132 2116 2242 2187 ιένη
2264 2115 2474 2180 τούτοις
2504 2114 2597 2168 καὶ
2620 2113 2698 2184 τῷ
2721 2113 2970 2185 διαϐόλῳ,
3000 2112 3099 2168 καὶ
3137 2111 3527 2183 ἀπολουσαμένη
3544 2111 3626 2174 τὰς

451 2225 629 2297 inquit
655 2220 908 2294 pravitati
933 2233 994 2274 se
1022 2216 1311 2273 obnoxiam
1344 2213 1592 2269 allirmat.

2132 2207 2405 2281 ιμαρτίας,
2445 2205 2541 2260 καὶ
2568 2203 2805 2258 λαϐοῦσα
2839 2204 3065 2275 ἄφεσιν,
3098 2204 3250 2258 οὐδέν
3283 2220 3410 2276 φησι
3448 2218 3626 2273 πεπρα-

2103 2299 2259 2372 χέναι
2281 2298 2521 2362 ἄτοπον.⁵

522 2402 622 2460 Per
651 2401 756 2456 tria
783 2407 1030 2455 movetur
1070 2403 1214 2450 terra
1239 2411 1254 2447 :
1287 2407 1479 2459 nempe
1508 2407 1602 2463 per
1629 2390 1840 2446 Patrem
1861 2430 1876 2455 ,
1917 2388 2008 2443 Fi-

455 2495 586 2549 lium
626 2499 681 2548 et
724 2489 986 2560 Spiritum
1011 2494 1284 2544 sanctum.
1313 2484 1377 2540 Et
1408 2492 1664 2554 quartum
1693 2497 1801 2537 non
1832 2488 2010 2551 potest

455 2590 758 2653 sustinere,
805 2586 859 2641 id
893 2592 978 2640 est
1007 2591 1338 2654 postremum
1367 2579 1573 2635 Christi
1604 2578 1916 2634 adventum.
1938 2605 2010 2616 —

457 2687 513 2742 Si
545 2697 736 2741 servus
765 2678 1094 2750 regnaverit.
1129 2674 1296 2731 Israel
1326 2673 1380 2728 in
1415 2672 1646 2744 A‘ngpto
1682 2686 1873 2728 servus
1897 2710 1913 2736 ,
1953 2671 2009 2727 in

456 2777 677 2849 regione
725 2771 996 2844 promissa
1055 2776 1331 2840 regnator.
1395 2795 1465 2806 —
1515 2764 1726 2821 Stultus
1782 2762 2012 2834 dapibus

456 2871 668 2941 plenus.
715 2864 817 2920 Hic
868 2863 1076 2920 scilicet
1116 2859 1274 2915 facile
1319 2859 1595 2941 regionem
1644 2856 1905 2926 adeptus,
1959 2863 2013 2910 et

458 2937 780 3023 comedens,
824 2966 987 3026 atque
1015 2952 1282 3023 repletus,
1313 2937 1688 3004 recalcitravit.
1720 2975 1784 2988 -
1809 2946 1875 3002 Et
1907 2962 2008 3004 an-

2174 2387 2271 2441 Διὰ
2311 2385 2479 2458 τριῶν
2509 2384 2710 2438 σείεται
2739 2387 2773 2457 ἡ
2803 2384 2877 2455 γῆ
2896 2400 2910 2414 ·
2949 2385 3036 2439 διὰ
3070 2383 3280 2455 Πατρὸς
3299 2422 3314 2448 ,
3357 2380 3508 2446 Υἱοῦ,
3547 2380 3626 2432 καὶ

2106 2481 2260 2549 ἁγίου
2295 2478 2639 2550 Πνεύματος·
2685 2479 2782 2532 καὶ
2823 2478 2884 2530 τδ
2927 2477 3188 2548 τέταρτον
3218 2475 3277 2528 ού
3317 2472 3520 2528 δύναται
3545 2470 3624 2541 φέ-

2109 2592 2244 2646 ρειν,
2271 2573 2366 2644 τὴν
2399 2571 2630 2644 ἐσχάτην
2677 2567 2992 2639 ἐπιφάνειαν
3023 2567 3119 2622 τοῦ
3152 2563 3402 2638 Χριστοῦ.
3431 2594 3492 2604 -
3523 2561 3626 2614 Ἐὰν

2109 2664 2321 2736 οἰκέτης
2365 2662 2671 2735 βασιλεύσῃ.
2711 2661 2770 2713 ὐ
2814 2659 3030 2732 Ἰσραὴλ
3082 2660 3142 2714 ἐν
3184 2655 3432 2727 Αἰγύπτῳ
3473 2651 3626 2714 δοῦλος

2109 2757 2393 2828 γενόμενος
2411 2795 2426 2822 ,
2457 2756 2550 2810 καὶ
2577 2757 2634 2808 ἐν
2663 2756 2728 2825 τῇ
2751 2755 2820 2825 γῇ
2850 2753 2949 2824 τῆς
2971 2749 3300 2821 ἐπαγγελίας
3323 2745 3623 2820 βασιλεύσας.

2108 2879 2179 2891 -—
2197 2850 2307 2904 Kal
2352 2848 2538 2919 ἄφρων
2571 2843 2829 2916 πλησθεὶς
2863 2842 3065 2896 σιτίων.
3099 2840 3209 2913 Τὴν
3233 2839 3334 2911 γῆν
3365 2837 3420 2905 ἐξ
3439 2833 3628 2906 ἑτοίμου

2111 2939 2289 2996 λαϐὼν
2307 2979 2322 3002 ,
2364 2939 2458 2992 καὶ
2499 2935 2684 3008 φαγὼν
2716 2935 2810 2989 καὶ
2853 2932 3193 3008 ἐμπλησθεὶς
3223 2928 3549 2986 ἀπελάκτισε.
3573 2955 3629 2967 -

458 3053 581 3108 cilla
610 3049 658 3106 si
693 3045 959 3118 expulerit
987 3043 1172 3097 heram
1214 3053 1390 3095 suam.
1427 3037 1642 3094 Domini
1675 3035 2008 3093 interfectrix

2132 3033 2222 3088 Sal
2257 3031 2514 3102 παιδίσκη
2557 3026 2651 3082 ἐὰν
2697 3026 2931 3098 ἐκϐάλλῃ
2971 3024 3072 3097 τὴν
3103 3023 3301 3094 ἑαυτῆς
3341 3019 3538 3094 κυρίαν.
3576 3016 3629 3070 Ἥ

461 3155 753 3215 synagoga,
781 3134 984 3192 Christi
1011 3146 1225 3188 carnem
1250 3128 1395 3185 cruci
1421 3126 1638 3182 sullixit.

530 3318 658 3374 Tria
705 3322 832 3371 sunt
858 3309 1081 3367 minima
1116 3307 1170 3362 in
1217 3313 1389 3369 terra,
1417 3312 1471 3358 et
1502 3303 1616 3358 haec
1643 3311 1772 3358 sunt
1802 3303 2016 3373 sapien-

464 3417 609 3470 tiora
640 3404 975 3478 sapientibus
1007 3421 1020 3456 ε
1056 3398 1318 3460 formicae,
1353 3410 1482 3467 gens
1504 3392 1738 3459 inﬁrma,
1769 3408 1891 3462 qua:
1921 3407 2016 3462 pa-

465 3515 586 3563 rant
637 3501 739 3560 sibi
787 3499 845 3554 in
893 3509 1070 3552 messe
1116 3491 1319 3548 cibum.
1375 3487 1572 3544 Centes
1622 3484 1870 3542 similiter
1924 3501 2018 3555 per

467 3595 706 3653 lidemin
736 3589 1014 3647 Christum
1049 3589 1243 3654 parant
1269 3578 1374 3635 sibi
1406 3576 1572 3632 vitam
1598 3583 1854 3630 aeternam
1886 3581 2016 3643 ope"—

469 3691 621 3746 ribus
652 3682 831 3741 bonis.
855 3672 1232 3746 Chterogryllii
1250 3710 1267 3736 ,
1298 3667 1530 3739 populus
1551 3679 1706 3737 atque
1727 3664 2018 3729 invalidus,

467 3786 660 3836 curant
679 3773 787 3831 sibi
819 3772 874 3826 in
900 3778 1049 3840 petra
1090 3763 1313 3820 cubilia.
1360 3761 1560 3816 Gentes
1593 3773 1759 3828 super
1792 3755 2019 3828 spiritali

2112 3121 2456 3196 κυριοκτόνος
2498 3118 2784 3190 συναγωγὴ
2831 3114 3190 3190 σταυρώσασα
3233 3114 3328 3186 τὴν
3357 3113 3522 3184 σάρκα
3552 3107 3630 3192 τοῦ

2114 3213 2368 3286 Χριστοῦ.

2188 3306 2440 3376 Τέσσαρα
2477 3301 2616 3356 είσὶν
2659 3299 2914 3371 ἐλάχιστα
2949 3298 3042 3351 ἐπὶ
3084 3297 3189 3368 τῆς
3229 3297 3362 3368 γῆς,
3397 3293 3552 3349 ταῦτα
3585 3289 3633 3343 δὲ

2115 3399 2225 3454 τῶν
2267 3395 2444 3467 σοφῶν
2491 3391 2799 3462 σοφώτεραι
2832 3393 2880 3444 οἱ
2938 3389 3227 3464 μύρμηκες
3265 3383 3344 3452 οἷς
3379 3387 3472 3440 ούκ
3515 3383 3635 3436 ἐστιν

2122 3491 2272 3562 ἰσχὺς
2288 3529 2303 3555 ,
2325 3485 2696 3558 ἐτοιμάζονται
2724 3483 2912 3554 θέρους
2936 3481 3034 3554 τὴν
3062 3481 3290 3554 τροφήν.
3322 3477 3429 3532 Kal
3449 3475 3512 3530 τὰ
3533 3472 3639 3541 ἔθνη

2119 3585 2206 3638 διὰ
2236 3583 2334 3654 τῆς
2375 3581 2455 3645 είς
2491 3577 2721 3651 Χριστὸν
2774 3574 3005 3638 πίστεως
3049 3572 3428 3644 ἑτοιμάζουσιν
3465 3564 3642 3624 ἑαυτοῖς

2121 3677 2216 3748 τὴν
2254 3673 2467 3728 αἰώνιον
2508 3668 2651 3741 ζωὴν
2688 3668 2753 3722 δι’
2799 3667 2972 3739 ἔργων
3002 3664 3250 3733 ἀγαθῶν.
3294 3661 3398 3717 Καὶ
3425 3661 3470 3713 οἱ
3496 3671 3642 3730 χοιρο-

2119 3747 2386 3839 -γρύλλιοι.
2401 3761 2550 3826 ἔθνος
2568 3761 2667 3814 οὐκ
2696 3759 2812 3828 ῐσχυ
2822 3756 2930 3828 ρὸν,
2947 3753 3214 3827 ἐποίησαν
3228 3757 3285 3809 ἐν
3313 3751 3524 3823 πέτραις
3541 3747 3644 3809 τοὺς

467 3872 644 3943 lapide
663 3866 880 3925 Christo
905 3861 1181 3918 aediﬁcata:
1207 3863 1366 3920 sunt,
1397 3852 1491 3924 qui
1537 3850 1712 3907 factus
1744 3859 1827 3907 est
1853 3850 1906 3905 in
1934 3863 2022 3904 ca-

468 3941 567 4038 put
601 3959 805 4034 anguli.
835 3954 1026 4012 Stellio
1055 3950 1148 4021 qui
1191 3947 1442 4007 manibus
1475 3944 1722 4001 innititur
1742 3985 1756 4010 ,
1785 3951 1841 3998 et
1868 3941 2026 3998 facile

469 4034 712 4128 capitur,
738 4053 828 4107 hic
867 4053 1111 4104 moratur
1141 4041 1195 4095 in
1230 4054 1414 4110 regum
1445 4035 1704 4092 castellis.
1741 4034 1905 4089 Latro
1932 4049 2025 4088 ex-

470 4150 644 4207 tensis
670 4148 725 4202 in
750 4157 915 4201 cruce
949 4135 1202 4196 manibus
1229 4131 1551 4199 Christoque
1573 4129 1808 4195 innixus,
1836 4129 1891 4183 in
1930 4143 2024 4198 pa-

2125 3837 2330 3912 ἐαυτῶν
2367 3853 2566 3917 οἴκους.
2602 3849 2682 3903 Τὰ
2711 3848 2838 3918 ἔθνη
2884 3846 2977 3900 ἐπὶ
3018 3847 3084 3918 τῇ
3129 3843 3465 3916 πνευματικῇ
3500 3837 3647 3908 πέτρα

2127 3948 2344 4022 Χριστῷ
2375 3945 2766 4019 ᾠκοδόμηνται,
2787 3941 2908 4012 ἣτις
2937 3937 3174 4011 ἐγενήθη
3202 3939 3281 4002 είς
3308 3931 3647 4022 κεφαλὴνῄγω-

2127 4018 2264 4106 νίας.
2317 4018 2729 4104 Ἄσκαλαϐώτης
2760 4029 2946 4102 χερσὶν
2977 4027 3318 4100 ἐρειδόμενος
3347 4023 3437 4079 καὶ
3474 4018 3648 4074 εὐάλω-

2128 4153 2216 4199 τος
2244 4133 2318 4186 ὥν
2337 4148 2351 4162 ο
2383 4123 2536 4191 οὗτος
2563 4127 2700 4179 οίκεῖ
2731 4125 2788 4176 ἐν
2821 4119 3136 4194 ὀχυρώμασι
3171 4117 3442 4191 βασιλέων,
3483 4113 3534 4166 '0
3567 4109 3647 4199 In:

472 4242 655 4297 radiso
683 4236 921 4297 habitat,
976 4243 1096 4300 quae
1134 4237 1219 4282 est
1257 4240 1354 4282 arx
1385 4223 1550 4277 trium
1595 4235 1781 4291 regum
1815 4195 2021 4285 Patris,

2132 4195 2262 4297 στης
2307 4224 2365 4274 ἐν
2414 4221 2480 4290 τῇ
2531 4216 2748 4270 ἐκτάσει
2797 4211 2905 4266 τῶν
2952 4210 3150 4283 χειρῶν
3202 4210 3280 4282 τῷ
3326 4202 3528 4278 σταυρῷ
3569 4195 3646 4252 τοῦ⁹

473 4326 594 4383 Filii
627 4334 682 4380 et
713 4288 948 4393 Spiritus
980 4288 1175 4372 sancti.
1659 4288 1682 4291 ⁷

2132 4288 2364 4388 Χριστοῦ
2396 4288 2800 4381 ἐπερειδόμενος
2819 4346 2834 4370 ,
2863 4306 3000 4359 οἰκεῖ
3030 4305 3088 4357 ἐν
3117 4303 3197 4374 τῷ
3229 4298 3551 4374 παραδείσῳ,
3585 4288 3649 4360 τῷ

471 4420 787 4495 ὀχυρώματι
820 4414 929 4468 τῶν
976 4409 1142 4484 τριῶν
1185 4405 1476 4478 βασιλέων,
1514 4404 1724 4477 Πατρὸς
1772 4406 1866 4459 καὶ
1899 4408 2028 4464 Υίοῦ
2065 4415 2159 4468 καὶ
2185 4410 2340 4479 ἁγίου
2366 4403 2696 4475 Πνεύματος.

548 4476 748 4587 [legem
777 4513 986 4568 locusta
1015 4476 1125 4562 non
1159 4476 1355 4570 habet,
1382 4510 1436 4556 et
1463 4476 1645 4556 tamen
1673 4510 1930 4572 tanquam
1961 4505 2021 4560 ad

2202 4476 2246 4539 δέ
2292 4498 2660 4556 Ἀϐασίλευτον
2686 4498 2720 4568 ἡ
2747 4493 2925 4566 ἀκρὶς,
2947 4493 3040 4546 καὶ
3065 4486 3414 4563 ἐκστρατεύει
3442 4481 3525 4552 ἀφ’
3550 4476 3650 4538 ἑνὸς

477 4611 641 4666 uniu‘s
667 4607 883 4678 iussum
914 4603 969 4657 in
1012 4598 1183 4655 aciem
1225 4593 1486 4666 procedit.
1529 4592 1659 4648 Sine
1707 4609 1832 4665 rege
1873 4607 2021 4652 erant

2134 4594 2499 4666 κελεύσματος
2530 4589 2825 4651 εὐτάκτως.
2875 4583 3227 4639 Ἀϐασίλευτα
3254 4577 3392 4652 ἦσαν
3413 4575 3477 4630 τά
3512 4571 3648 4672 ἔθνη,

479 4657 700 4773 gentes:
725 4697 854 4768 quia
886 4700 1106 4764 peccato
1137 4657 1293 4745 era-nt
1339 4685 1594 4755 subjectae
1625 4702 1640 4739 :
1674 4657 1820 4740 nunc
1851 4695 2021 4741 autem

2139 4688 2244 4744 ὑπὸ
2269 4657 2368 4756 τῆς
2393 4682 2662 4756 ἁμαρτίας
2690 4679 2797 4753 γὰρ
2829 4675 3227 4731 ἐϐασιλεύοντο·
3257 4671 3351 4727 νῦν
3376 4669 3431 4722 δὲ
3459 4657 3650 4718 πιστεύ-

481 4760 592 4850 "Dee
627 4790 908 4848 credentes
935 4783 1212 4840 ctelestem
1237 4775 1486 4834 militiam
1515 4785 1784 4831 exercent.
1820 4809 1889 4818 —
1907 4776 2021 4832 Tria

2143 4795 2333 4842 σαντες
2359 4775 2434 4847 τῷ
2472 4773 2590 4845 Θεῷ
2608 4812 2623 4838 ,
2653 4769 3030 4843 στρατεύονται
3053 4765 3150 4838 τὴν
3183 4760 3483 4834 ἐπουράνιον
3510 4767 3650 4824 στρα-

481 4895 610 4942 sunt
650 4897 772 4954 qua:
814 4881 951 4935 bene
993 4874 1347 4946 gradiuntur,
1388 4881 1443 4926 et
1474 4878 1728 4939 quartum
1772 4869 1916 4939 quod
1953 4869 2036 4923 in—

485 4979 628 5035 cedit
669 4974 917 5031 feliciter.
951 4967 1140 5039 Angeli
1178 4966 1436 5020 nimirum
1469 4962 1524 5017 in
1555 4962 1742 5028 caelis,
1779 4961 1951 5016 sancti
1982 4961 2036 5015 in

486 5082 649 5134 terra,
681 5067 873 5122 animae
893 5063 1164 5133 justorum
1195 5057 1296 5112 sub
1324 5065 1488 5111 terra.
1523 5051 1811 5120 Quartum,
1844 5069 2040 5124 nempe

488 5165 581 5221 Dei
611 5160 848 5217 Verbum
894 5157 1273 5216 incarnatum,
1313 5147 1626 5220 pertransiit
1669 5145 1900 5204 feliciter
1945 5160 2041 5216 per

489 5253 728 5326 Virginis
767 5249 1012 5311 vulvam;
1048 5244 1451 5310 reformatoque
1477 5238 1716 5302 Adamo,
1752 5237 2042 5306 pertransit

489 5349 749 5403 ctelorum
791 5345 1014 5412 ianuam
1035 5379 1052 5407 ,
1081 5335 1333 5406 primitiae
1364 5329 1778 5389 resurrectionis
1807 5329 2041 5400 itemque

492 5433 823 5492 ascensionis
847 5428 1043 5485 factus.

563 5526 759 5582 Leonis
801 5520 1016 5577 catulus
1060 5515 1354 5572 bestiarum
1400 5509 1751 5569 fortissimus.
1793 5505 2046 5564 Christus

569 5709 607 5740 σε
631 5724 680 5764 v.
710 5704 798 5762 t9.
871 5706 914 5737 σι
944 5701 1160 5772 3.1291
1211 5673 1213 5675 ’

2141 4837 2573 4936 τείανί-’Τρία
2601 4837 2746 4915 ἐστὶν
2768 4858 2805 4914 ἁ
2830 4856 3022 4921 εύόδως
3048 4837 3365 4927 πορεύεται,
3397 4845 3485 4902 καὶ
3511 4842 3565 4897 τὸ
3581 4837 3652 4936 τέ·

2143 4975 2338 5032 ταρτον
2386 4957 2416 5010 ὃ
2462 4933 2640 5018 καλῶς
2690 4949 2969 5006 διαϐαίνει.
3009 4947 3256 5017 ’Ἄγγελοι
3307 4946 3363 4997 ἐν
3406 4933 3649 5032 ούρανοῖςέ

2146 5017 2288 5118 ἅγιοι
2332 5046 2424 5099 ἐπὶ
2454 5045 2551 5114 τῆς
2593 5043 2694 5114 γῆς
2715 5083 2729 5108 ,
2761 5038 2928 5111 ψυχαὶ
2958 5036 3175 5090 δικαίων
3207 5033 3308 5088 ὑπὸ
3339 5030 3464 5100 γῆν
3597 5017 3651 5118 ξδ

2140 5109 2396 5213 τέταρτον
2413 5175 2428 5201 ,
2482 5109 2522 5188 ὁ·
2554 5109 2684 5198 Θεὸς
2724 5109 2896 5201 Λδγος
2945 5127 3243 5200 σαρκωθεὶς
3259 5166 3274 5191 ,
3316 5120 3458 5190 διέϐη
3500 5109 3652 5170 καλῶς

2146 5209 2354 5306 μήτραν
2385 5227 2654 5301 Παρθένου
2673 5242 2686 5256 ·
2711 5223 3009 5278 ἀνάπλασιν
3031 5220 3121 5274 τοῦ
3159 5218 3322 5288 Ἀδὰμ
3351 5209 3649 5306 ποιούμεγος.

2141 5295 2294 5392 διέϐη
2328 5295 2498 5383 πύλας
2528 5314 2789 5389 οὐρανῶν,
2823 5312 3042 5386 ἀπαρχὴ
3072 5307 3404 5370 ἀναστάσεως
3433 5300 3517 5355 καὶ
3544 5295 3651 5349 ἀνα·

2145 5413 2356 5487 λήψεως
2383 5411 2514 5464 πᾶσι
2545 5407 2850 5480 γενόμενος.

2218 5473 2460 5576 ἐκύμνος
2490 5473 2700 5565 λέοντος
2735 5498 3074 5572 ίσχυρότερος
3107 5492 3332 5568 κτηνῶν,
3361 5480 3574 5560 χριστὸς
3603 5473 3649 5524 ὲν
