3796 6194
261 268 372 327 625

1395 263 1814 319 FRAGMENTA
1854 263 1921 317 IN
1960 260 2369 317 PROVERBIA.

3380 260 3497 315 ϐω

267 384 346 455 τῷ
380 383 544 455 Ἰούδᾳ
571 384 678 436 ὐπὸ
712 381 904 437 Ἰακὼϐ
938 383 1425 454 προφητεύομενος.
1461 411 1527 421 --
1565 381 1803 451 Ἀλέκτωλ

1933 382 1986 436 in
2018 380 2154 435 Juda
2184 397 2214 436 a
2239 380 2406 435 Iacob
2433 378 2740 455 praedictus.
2771 410 2839 418 —-
2870 376 3056 433 Gallus
3093 380 3231 433 inter
3254 378 3489 433 feminas

268 474 579 545 περιπατῶν
598 477 655 527 ὲν
686 474 921 546 θηλείαις
934 474 1196 544 εὐψύχως.
1219 473 1425 537 Παῦλος
1458 474 1514 526 ὲν
1538 476 1656 535 ταῖς
1708 473 1829 525 Ἐκ·-

266 564 510 635 κλησίαις
558 563 853 635 προθύμως
903 563 1187 635 κηρύσσων
1234 564 1325 617 τὸν
1375 563 1527 632 λόγον
1594 561 1828 634 Χριστοῦ

256 655 347 706 τοῦ
382 654 545 707 Θεοῦ.
580 684 651 692 -
681 655 893 725 Τράγος
939 654 1233 725 ἡγούμενος
1280 654 1544 707 αἰπολίου.
1584 654 1639 707 Ὀ
1690 654 1828 724 ὑπὲρ

250 744 360 798 τῶν
386 745 678 815 ἁμαρτιῶν
710 746 801 798 τοῦ
827 747 1029 817 κόσμου
1066 745 1547 814 ἁγιασθείς.-Κα“ι
1582 746 1824 816 βασιλεὺς

248 834 591 904 δημηγορῶν
646 837 704 888 ὲν
755 836 924 888 ἔθνει·
976 836 1209 907 Χριστὸς
1256 836 1575 907 βασιλεύσας
1621 837 1711 891 ἐπὶ
1762 839 1827 891 τὰ

248 922 379 994 ἔθνη
404 963 433 988 ς
463 924 768 995 δημηγορεί
800 926 887 979 δια
918 926 1208 998 προφητῶν
1241 928 1334 979 καὶ
1383 927 1691 981 ἀποστόλων
1737 927 1825 981 τὸν

247 1011 410 1081 λόγον
436 1013 541 1083 τῆς
572 1015 849 1087 ἀληθείας.

320 1105 367 1136 ⁸³
396 1106 505 1158 Τὸν
544 1110 916 1178 πεποιωμένον
938 1108 994 1160 ὲν
1023 1110 1087 1179 τῇ
1114 1110 1278 1179 κακία
1301 1126 1314 1139 ·
1343 1112 1372 1162 ὁ
1396 1108 1450 1161 δὲ
1492 1110 1820 1173 ’Δπόστολος,

257 1192 405 1258 Τοὺς
466 1194 947 1264 ἁιωρτάνοντας,
1013 1197 1209 1265 φησὶν,
1272 1197 1527 1250 ἐνώπιον
1585 1198 1823 1251 πάντων

248 1284 467 1358 ἔλεγχε
485 1302 500 1315 ·
534 1286 628 1339 τὸν
672 1287 1007 1357 ἐκτραπέντα
1061 1288 1194 1359 πρὸς
1225 1288 1417 1357 ὀλίγον.
1436 1319 1501 1326 -
1530 1290 1573 1320 ⁸³
1596 1288 1749 1352 Τίνες
1770 1291 1820 1341 οἱ

250 1378 689 1448 χοιρογρύλλιοι,
732 1378 844 1431 ἀλλ’
887 1379 929 1449 ἢ,
958 1380 1155 1450 ήμείς;
1184 1380 1233 1433 οἳ
1269 1380 1520 1450 ἐοίκαμεν
1554 1379 1681 1432 ποτὲ
1712 1381 1821 1449 χοί-

256 1482 405 1534 ροις,
441 1468 503 1518 ὲν
538 1467 685 1537 πάσῃ
721 1467 955 1537 ῥυπαρία
989 1467 1080 1520 τοῦ
1114 1468 1316 1539 κόσμου
1342 1468 1816 1538 ἀναστρεφόμενοι,

250 1556 367 1607 νυνὶ
407 1556 468 1608 δὲ
521 1556 909 1621 πιστεύσαντες
952 1558 1186 1629 Χριστῷ,
1212 1558 1664 1630 ἐποικοδομοῦμεν
1696 1562 1818 1624 τοὺς

250 1645 475 1699 ἑαυτῶνκ
510 1646 694 1711 οἴκους
736 1649 826 1702 ἐπὶ
868 1647 965 1720 τὴν
1012 1649 1170 1717 ἁγίαν
1222 1650 1398 1721 σάρκα
1430 1650 1695 1720 Χριστοῦ,
1742 1651 1818 1715 ὡς

249 1735 341 1787 ἐπὶ
370 1736 605 1809 πέτραν.

316 1828 359 1857 ⁶⁷
397 1829 457 1881 ὐ
489 1830 714 1900 σεισμὸς
742 1830 891 1900 δηλοῖ
925 1832 1019 1903 τὴν
1045 1831 1134 1884 ἐπὶ
1157 1830 1257 1900 γῆς
1287 1830 1621 1902 πραγμάτων
1653 1849 1813 1901 μετα-

247 1918 457 1991 ϐολήνοο
483 1924 518 1991 ὴ
556 1922 795 1993 ἁμαρτία
827 1924 1003 1978 τοίνυν
1047 1922 1205 1995 δούλη
1233 1920 1367 1976 οὖσα
1400 1922 1589 1991 φύσει,
1629 1924 1813 1977 ἐϐασίο

247 2008 436 2061 λευσεν
486 2011 547 2062 ὲν
590 2010 667 2080 τῷ
699 2010 873 2083 θνητῷ
902 2012 1011 2065 τῶν
1058 2010 1356 2082 ἀνθρώπων
1389 2011 1630 2083 σώματι,
1668 2013 1812 2078 ἆπσξ

247 2099 342 2169 μὲν
373 2101 470 2153 ἐπὶ
496 2100 591 2154 τοῦ
626 2102 1001 2173 κατακλυσμοῦ
1023 2104 1300 2177 ’δεύτερον
1333 2104 1424 2156 ἐπὶ
1452 2103 1560 2156 τῶν
1586 2104 1807 2177 Σοδομι-

244 2193 369 2258 τῶν,
403 2192 495 2267 μὴ.
518 2192 853 2261 ὲνεγκάντων
886 2195 985 2265 τὴν
1006 2193 1262 2265 εὐφορίαν
1294 2194 1392 2263 τῆς
1417 2194 1539 2263 γῆς,
1563 2193 1695 2249 ἀλλὰ
1718 2197 1810 2248 καὶ

244 2284 367 2346 τούς
411 2282 604 2350 ξένους
652 2282 1024 2354 βιασαμένων·
1075 2284 1252 2354 τρίτον
1296 2285 1387 2339 ἐπὶ
1431 2284 1531 2355 τῆς
1580 2286 1809 2357 μισητῆς

243 2374 519 2443 Αἰγύπτου
554 2376 651 2445 τῆς
682 2376 947 2448 λαχούσης
979 2375 1149 2449 ἄνδρα
1185 2377 1275 2430 τὸν
1326 2376 1553 2448 Ἰωσὴφ,
1591 2394 1805 2447 σιτομε-

239 2465 483 2539 τροῦντα
511 2469 708 2531 πᾶσιν,
743 2469 828 2521 ἵνα
865 2468 939 2538 μὴ
974 2467 1306 2539 διαφθαρῶσι
1338 2468 1507 2539 λιμῷ·
1553 2468 1665 2521 ἀλλ’
1709 2469 1808 2521 οὐκ

239 2559 437 2627 ῆνεγκε
472 2558 577 2629 τὴν
606 2560 874 2629 εὐτυχίαν,
901 2561 982 2623 είς
1012 2560 1137 2623 τοὺς
1162 2561 1310 2624 υίοὺς
1354 2559 1564 2632 Ἰσραὴλ
1595 2559 1806 2631 ἐξυϐρί-

237 2651 709 2714 σασι-Οίκέτις
740 2651 794 2703 δὲ
822 2650 1118 2704 ἐκϐαλοῦσα
1146 2651 1243 2723 τὴν
1275 2653 1470 2723 ἑαυτῆς
1502 2653 1800 2706 δέσποιναν·

233 2740 271 2809 ἡ,
295 2739 354 2805 ἐξ
388 2739 567 2792 ἐθνῶν
605 2740 925 2811 Ἐκκλησία,
966 2742 998 2812 ἡ
1046 2740 1203 2813 δούλη
1235 2738 1367 2795 οὖσα
1400 2744 1491 2795 καὶ
1524 2742 1647 2814 ξένη
1696 2742 1803 2796 τῶν

232 2830 618 2899 ἐπαγγελιῶν,
662 2832 760 2903 τὴν
815 2834 1057 2901 εὐγενίδα
1102 2835 1196 2888 καὶ
1244 2834 1436 2903 κυρίαν
1469 2834 1795 2907 Συναγωγὴν

233 2921 576 2985 ἐκὸαλοῦσα,
602 2924 789 2993 γέγονε
822 2925 982 2995 κυρία
1014 2926 1108 2978 καὶ
1136 2926 1318 2996 νύμφη
1350 2925 1803 2996 Χριστοῦ.-Διά

232 3008 488 3081 Πατρὸς,
548 3010 643 3063 καὶ
690 3010 851 3076 Υίοῦ,
898 3014 990 3066 καί⁸
1037 3014 1191 3082 ἁγίου
1238 3013 1549 3085 Πνεύματος
1599 3014 1800 3069 σείεται

1933 472 2191 527 incedens
2241 470 2511 526 alacriter.
2559 469 2759 524 Paulus
2806 471 2859 523 in
2912 469 3165 524 Ecclesiis
3224 470 3483 537 intrepido

1931 562 2231 631 praedicans
2256 562 2552 617 doctrinam
2576 560 2778 616 Christi
2801 558 3181 614 Dei.—-liircus
3196 574 3491 627 caprarum-

1929 655 2066 709 dux.
2102 653 2243 709 Idem
2287 653 2539 708 Christus
2567 662 2787 722 propter
2816 651 3001 705 mundi
3045 660 3261 720 peccata
3289 651 3493 703 immo-

1929 748 2089 802 latus.
2110 775 2179 787 —
2195 746 2259 801 Et
2277 762 2369 801 rex
2390 746 2719 801 concionans
2744 744 2797 797 in
2816 743 3032 813 populo.
3058 742 3304 797 Christus
3320 757 3480 810 super

1931 846 2121 907 gentes
2173 852 2435 907 regnans,
2503 836 2758 905 praedicat
2826 850 2920 903 per
2980 833 3262 902 prophetas
3318 842 3489 903 atqae'

1928 929 2202 997 apostolos
2226 929 2523 983 doctrinam
2556 927 2813 981 veritatis.

1996 1102 2302 1157 Stabihtum
2330 1100 2382 1155 in
2418 1103 2675 1172 nequitia.
2703 1101 2993 1170 Apostolus
3025 1109 3225 1166 autem,
3246 1099 3475 1153 Peccan-

1923 1206 1996 1249 tes
2018 1234 2032 1258 ,
2056 1194 2308 1265 inquit“,
2354 1209 2530 1247 coram
2563 1193 2798 1247 omnibus
2830 1208 3008 1262 argue.
3040 1189 3135 1246 Vel
3162 1189 3318 1245 facile
3348 1205 3470 1259 per-

1920 1299 2162 1339 versum.
2191 1313 2261 1323 —
2291 1281 2522 1349 Quinam
2563 1292 2691 1337 sunt
2732 1281 3132 1353 chcerogryllii,
3184 1281 3289 1335 nisi
3336 1295 3468 1344 nos,

1921 1377 2012 1446 qui
2046 1376 2174 1429 olim
2207 1375 2412 1430 similes
2438 1374 2627 1429 suibus
2663 1389 2908 1438 eramus,
2944 1382 2996 1428 et
3030 1373 3083 1427 in
3126 1372 3273 1427 omni
3308 1372 3472 1440 hujus

1918 1465 2104 1519 mundi
2136 1462 2396 1534 spurcitia
2425 1462 2839 1518 volutabamur?
2879 1463 2974 1517 sed
3010 1478 3154 1517 nunc
3185 1471 3471 1531 postquam

1918 1554 2131 1609 Christo
2192 1553 2553 1615 credidimus,
2618 1552 2946 1608 aediﬁcamus
3006 1553 3196 1607 domos
3252 1562 3467 1607 nostras

1919 1662 2081 1716 super
2131 1654 2374 1700 sanctam
2417 1643 2616 1698 Christi
2661 1660 2876 1699 carnem
2901 1644 2965 1709 “,
3004 1652 3261 1713 tanquam
3306 1660 3468 1714 super

1844 1742 1885 1795 B
1914 1745 2139 1807 petram.

1985 1824 2166 1881 Terrae
2200 1835 2381 1882 motus
2412 1826 2679 1896 signiﬁcat
2705 1842 2885 1882 rerum
2920 1828 2973 1881 in
3004 1826 3205 1881 mundo
3238 1842 3464 1882 conver-

1913 1917 2140 1971 sionem.
2174 1916 2459 1972 Peccatum
2496 1918 2696 1987 itaque,
2725 1917 2870 1988 quod
2901 1925 3089 1986 suapte
3123 1925 3311 1972 natura
3358 1932 3464 1973 scr-

1910 2008 2016 2063 vile
2038 2017 2141 2073 est,
2174 2009 2420 2080 regnavit
2462 2009 2516 2063 in
2538 2026 2764 2079 corpore
2793 2008 3072 2063 hominum
3105 2008 3343 2073 mortali,
3373 2024 3462 2063 se-

1910 2098 2015 2153 mel
2038 2100 2253 2169 quidem
2274 2099 2460 2154 diluvii
2488 2108 2747 2169 tempore,
2770 2099 2961 2154 iterum
2981 2098 3123 2169 apud
3149 2096 3461 2153 Sodomitas

1910 2191 2002 2259 qui
2025 2200 2179 2245 terrae
2197 2188 2468 2246 fertilitate
2486 2206 2591 2245 non
2617 2189 2877 2254 contenti,
2906 2189 3210 2260 hospitibus
3234 2204 3452 2259 quoque

1911 2284 2014 2336 vim
2064 2281 2358 2348 faciebant;
2414 2281 2570 2337 tertio
2622 2280 2856 2352 denique
2893 2281 2948 2335 in
2996 2297 3163 2337 exosa
3196 2280 3459 2353 Egypto,

1907 2389 2028 2446 quae
2053 2384 2209 2430 nacta
2234 2374 2410 2429 virum
2435 2374 2753 2446 Josepbum,
2778 2376 2987 2430 cunctis
3010 2376 3248 2430 triticum
3276 2375 3459 2431 distri-

1907 2468 2159 2521 buentem
2190 2481 2256 2520 ne
2288 2464 2429 2521 fame
2458 2466 2728 2535 perirent,
2763 2481 2870 2519 non
2906 2466 3025 2519 tulit
3077 2466 3347 2535 sapienter
3376 2466 3455 2521 fe-

1906 2557 2159 2611 licitatem
2191 2571 2367 2621 suam,
2388 2555 2528 2611 ﬁlios
2556 2555 2770 2611 lsraelis
2791 2556 2987 2625 injuria
3013 2555 3457 2611 alliciens—An-

1904 2651 2028 2705 cilla
2051 2664 2178 2705 vero
2209 2649 2481 2719 expellens
2509 2648 2783 2703 dominam
2806 2666 2819 2701 :
2839 2646 3078 2704 Ecclesia
3100 2664 3167 2703 ex
3198 2650 3446 2720 gentibus

1903 2752 2013 2809 est,
2048 2756 2168 2812 quae
2200 2740 2392 2795 ancilla
2432 2754 2553 2795 cum
2581 2748 2726 2794 esset
2756 2748 2808 2794 et
2844 2747 3100 2794 extranea
3139 2739 3451 2810 promissio-

1904 2835 2098 2900 nibus,
2146 2831 2379 2887 nobilem
2422 2841 2476 2887 et
2504 2831 2779 2886 dominam
2819 2830 3156 2901 Synagogam
3200 2831 3452 2901 cjiciens,

1904 2925 2041 2981 facta
2070 2936 2152 2981 est
2185 2926 2401 2980 domina
2430 2930 2481 2978 et
2518 2939 2716 2993 sponsa
2738 2921 3079 2977 Cbristi.—A
3098 2921 3257 2977 Patre
3282 2930 3336 2976 et
3364 2921 3455 2975 Fi-

1904 3020 1975 3072 lio
2023 3030 2077 3073 et
2123 3025 2312 3072 sancto
2354 3014 2554 3086 Spiritu
2616 3023 2759 3069 terra
2827 3013 3076 3067 universa
3127 3014 3450 3069 concutitur.

231 3102 381 3152 πὶσα
425 3101 462 3171 ἡ
503 3101 610 3171 γῆ·
654 3102 714 3155 τὸ
751 3103 1005 3174 τέταρτον
1048 3104 1106 3157 οὐ
1152 3103 1370 3157 δύναται
1404 3105 1623 3175 φέρειν·
1669 3102 1799 3176 ἦλθε

1916 3106 2161 3175 Quartum
2198 3104 2337 3160 ferre
2363 3085 2469 3159 nOn
2502 3112 2693 3174 potest.
2709 3102 2864 3157 Venit
2883 3103 3057 3172 primo
3078 3119 3170 3173 per
3185 3103 3454 3174 legislatu-

231 3193 299 3258 γὰ
306 3210 337 3265 ρ
350 3193 417 3247 τὸ
436 3194 542 3263 μὲν
556 3193 769 3267 πρῶτον
783 3196 868 3250 διὰ
883 3196 1535 3267 νομοδιδασκὰλων··δεύτε
1544 3215 1630 3269 ρον
1646 3199 1701 3252 δὲ
1715 3198 1802 3253 διὰ

230 3285 741 3358 προφητῶν·τρίτον
760 3288 845 3340 διὰ
872 3288 963 3341 τοῦ
982 3289 1307 3358 Εὐαγγελίου
1341 3292 1527 3345 ἑαυτὸν
1555 3290 1800 3363 φανερῶς

228 3376 544 3439 ἐπιδεικνύς
559 3392 574 3402 ’
594 3377 845 3451 τέταρτον
860 3379 1046 3450 κριτὴς
1072 3380 1281 3444 ζώντων
1311 3382 1403 3436 καὶ
1424 3383 1630 3454 νεκρῶν
1646 3384 1799 3455 ἐρχό-

232 3486 391 3537 μενος
412 3485 427 3500 ·
457 3462 521 3522 οὖ
554 3470 651 3541 τὴν
681 3469 834 3537 δόξαν
862 3470 1119 3543 σύμπασα
1147 3473 1320 3538 κτίσις
1349 3475 1407 3527 οὐ
1435 3475 1507 3546 μὴ
1536 3475 1796 3546 βασταξη.

1811 3618 1869 3627 .-

1905 3213 2022 3264 res;
2053 3194 2292 3251 secundo
2328 3210 2418 3264 per
2449 3195 2764 3265 prophetas;
2792 3195 2947 3248 tertio
2980 3209 3074 3263 per
3104 3192 3447 3265 Evangelium

1902 3290 2017 3358 ipse
2039 3298 2209 3343 seruet
2232 3287 2407 3356 palam
2438 3286 2745 3341 ostendens.
2774 3284 2977 3351 Quarto
3006 3284 3171 3354 judex
3202 3280 3448 3369 vivorujp

1902 3390 1958 3437 et
1980 3390 2317 3435 mortuorum
2342 3378 2554 3441 veniet,
2580 3378 2735 3448 cujus
2762 3378 2985 3449 gloriam
3020 3380 3267 3433 universa
3301 3371 3450 3437 crea-

1907 3478 2024 3526 tura
2056 3470 2196 3525 ferre
2229 3485 2335 3525 non
2366 3468 2580 3538 poterit.

1505 3680 1695 3743 Aliud
1751 3680 2190 3763 fragmentum.

1628 3807 1727 3876 (Ex
1761 3804 2030 3874 Calland.)

234 3920 349 3975 Τοῦ
410 3918 583 3990 ἁγίου
644 3919 990 3976 Ἱππολύτου
1051 3921 1217 3976 auiam
1270 3922 1492 3993 Ῥώμης
1550 3927 1637 3991 εἰς
1690 3919 1779 3974 τό·

470 4027 489 4060 ι
511 4010 699 4079 Σοφία
721 4010 1105 4081 ᾠκοδόμησεν
1129 4012 1310 4081 ἑαυτῇ
1338 4010 1523 4067 οἶκον.
1556 4032 1573 4065 ι

306 4099 567 4168 Χριστὸς,
588 4103 771 4171 φησὶν,
791 4104 826 4173 ἡ
858 4102 950 4155 τοῦ
978 4101 1111 4157 Θεοῦ
1144 4104 1238 4157 καὶ
1269 4105 1480 4177 Πατρὸς
1510 4106 1673 4173 σοφία
1703 4106 1797 4159 καὶ

227 4188 491 4258 δύναμις,
530 4189 872 4262 ᾠκοδόμησεν
900 4194 1063 4264 ἑαυτῇ
1097 4187 1262 4256 οἷκον,
1297 4194 1391 4266 τὴν
1423 4196 1489 4248 ὲκ
1519 4195 1803 4265 Παρθένου

228 4280 545 4351 σάρκωσιν,
579 4281 762 4346 καθὼς
794 4284 1149 4357 προείρηκεν·
1190 4286 1242 4337 Ὁ
1268 4288 1455 4356 Λόγος
1489 4286 1644 4354 σὰρξ
1668 4287 1793 4356 ἐγέ-

1901 3924 1962 3977 S.
1990 3921 2260 3991 Ilippolgti
2281 3919 2392 3989 (22)
2427 3934 2578 3991 papa;
2602 3916 2825 3991 Romani
2844 3921 2909 3991 in
2936 3920 3069 3991 illud
3092 3919 3248 3976 Prov.
3275 3939 3350 3988 Ix,
3377 3927 3396 3980 1
3426 3946 3441 3979 ;

2136 4013 2152 4043 ‹
2180 3988 2451 4060 Sapientia
2480 3988 2759 4057 wdiﬁcarit
2786 3990 2883 4042 sibi
2915 3990 3144 4045 domum.
3180 4011 3197 4042 ι

1967 4106 2236 4170 Christus,
2273 4105 2467 4174 inquit,
2492 4104 2586 4160 Dei
2605 4115 2658 4160 et
2686 4103 2863 4160 Patris
2888 4104 3149 4173 sapientia
3173 4115 3229 4162 et
3254 4107 3439 4173 virtnz,

1896 4196 2181 4252 aediﬁcavit
2212 4195 2314 4250 sibi
2340 4196 2561 4250 domum
2581 4236 2597 4263 ,
2622 4209 2839 4251 carnem
2867 4208 2935 4251 ex
2962 4193 3199 4264 Virgine,
3224 4206 3280 4251 ut
3307 4212 3441 4266 pra:-

1898 4287 2105 4342 dixerat
2133 4287 2246 4355 (25)
2276 4303 2288 4338 :
2337 4286 2555 4341 Verbum
2591 4304 2712 4341 caro
2738 4286 2936 4354 factum
2966 4295 3072 4352 est,
3104 4297 3154 4341 et
3187 4288 3438 4343 habitauit

223 4388 370 4425 mo
393 4412 423 4436 ,,
451 4371 552 4426 καὶ
582 4372 936 4443 ἐσκήνου-εν
958 4376 1027 4429 ἐν
1058 4376 1217 4445 ἡμῖν.
1269 4377 1354 4440 Ὠς
1400 4381 1664 4449 μαρτυρεῖ
1701 4380 1794 4432 καὶ

1918 4396 1951 4432 η
1985 4378 2210 4433 nobis“.
2263 4377 2375 4433 Hoc
2420 4378 2560 4433 idem
2595 4379 3028 4448 sapientissimus
3062 4388 3285 4435 testatur
3317 4396 3443 4450 pro-

225 4467 263 4519 ὁ.
294 4464 465 4534 σοῴς
510 4467 813 4537 προφήτης·
858 4468 922 4521 Ἥ
955 4469 1061 4539 πρὸ
1100 4469 1191 4522 τοῦ
1235 4468 1459 4533 αἰῶνος,
1507 4470 1659 4539 φησὶ,
1700 4473 1792 4523 καὶ

225 4556 542 4630 παρεκτικὴ
570 4557 797 4630 ζωῆς,ὴ
825 4558 1048 4631 ἄπειρος
1077 4561 1261 4629 σοφία
1291 4560 1383 4615 τοῦ
1409 4560 1541 4614 Θεοῦ
1574 4561 1789 4627 ᾠκοδό-

218 4649 517 4718 μησετύν
536 4642 701 4702 οἷκον
724 4649 908 4718 ἑαυτῇ
932 4650 991 4717 ἐξ
1012 4652 1369 4723 ἀπειράνδρου
1406 4654 1637 4724 μητρὸς,
1666 4653 1790 4707 ναὸν

225 4740 357 4807 γοῦν
402 4740 729 4810 σωματικῶς
769 4741 1138 4813 περιθέμενος.
1191 4744 1299 4797 Καὶ
1336 4744 1610 4812 ὺπῄρησε
1649 4746 1791 4797 στύ-

222 4836 378 4898 λους
409 4831 582 4884 ἑπτά·
622 4832 719 4902 τὴν
748 4832 839 4884 τοῦ
881 4833 1141 4902 παναγίου
1182 4834 1487 4903 Πνεύματος
1522 4834 1742 4889 εὐωδίαν
1763 4876 1777 4898 ,

222 4921 298 4987 ῶς
340 4938 511 4993 φησιν
555 4922 809 4986 Ἡσαΐας·
855 4923 965 4977 Kal
1007 4924 1408 4979 ἀναπαύσεται
1456 4925 1547 4977 ἐπ’
1600 4920 1787 4978 αὐτὸν

1894 4470 2052 4539 pheta
2084 4470 2226 4541 (24):
2251 4468 2380 4536 Quae
2407 4478 2532 4524 ante
2562 4470 2760 4524 sacula
2789 4470 2910 4537 fuit,
2942 4470 3136 4541 inquit,
3165 4482 3219 4527 et
3241 4472 3438 4543 praabet

1895 4563 2148 4617 omnibus
2212 4562 2409 4627 vitam,
2459 4562 2666 4616 inﬁnita
2714 4561 2808 4617 Dei
2852 4564 3111 4633 sapientia
3162 4566 3437 4635 aedificavit

1895 4650 1996 4701 sibi
2019 4650 2229 4702 domum
2254 4664 2316 4706 ex
2348 4658 2519 4704 matre
2541 4650 2717 4705 virum
2744 4652 2885 4706 haud
2918 4661 3159 4723 experta,
3182 4654 3436 4724 templum

1895 4740 2247 4809 corporaliter
2279 4741 2529 4796 induens.
2567 4740 2632 4794 Et
2674 4742 2860 4796 extulit
2903 4743 3014 4815 (25)
3054 4745 3318 4798 columnas
3352 4762 3437 4799 se-

1890 4840 2079 4897 ptem:
2110 4830 2444 4884 sacrosancti
2496 4831 2732 4899 Spiritus
2778 4831 2918 4885 dona
2972 4831 3433 4903 fragrantissima,

1888 4925 2031 4978 sicut
2064 4922 2140 4977 ait
2171 4921 2335 4977 Isaias
2367 4942 2381 4977 :
2415 4921 2483 4976 Et
2524 4924 2837 4992 requiescant
2884 4941 3037 4993 super
3082 4942 3197 4978 eum
3243 4934 3432 4994 septem

293 5062 343 5093 “
369 5061 484 5134 Gr._
500 5078 618 5131 cap.
654 5079 798 5134 xxvii
820 5104 837 5129 ,
870 5063 960 5118 22.
1037 5065 1084 5096 ⁸⁸
1113 5065 1131 5118 l
1161 5064 1299 5121 Tim.
1336 5082 1388 5132 ν,
1450 5066 1537 5121 9.0.
1614 5067 1659 5099 °'
1685 5083 1735 5119 ν.
1768 5066 1803 5119 9.

1934 5066 1979 5097 ⁸⁸
2003 5082 2050 5121 s.
2071 5064 2380 5120 communio
2414 5065 2467 5119 in
2498 5065 2783 5134 baptismo.
2862 5067 2905 5097 ⁸⁷
2940 5082 2991 5119 v-.
3023 5067 3108 5121 51.
3141 5066 3203 5129 Α,
3234 5066 3270 5121 l'.
3305 5067 3426 5129 “2,

240 5142 308 5184 εδ.
383 5133 429 5163 ⁸⁸
455 5130 615 5186 Joan.
646 5148 684 5195 ι,
720 5133 807 5187 Η.

296 5267 413 5341 (22)
454 5265 609 5341 Hunc
654 5268 834 5341 locum
871 5269 1037 5327 debes
1071 5274 1328 5341 prmclaro
1376 5285 1427 5328 et
1471 5275 1783 5331 cultissima:

1954 5276 2066 5345 (25)
2105 5275 2429 5331 Praedixerat
2470 5275 2705 5347 Joannes
2768 5275 3023 5347 nimirum
3066 5278 3424 5347 evangelista,

222 5337 492 5392 doctrinae
523 5338 640 5420 viro
686 5337 1085 5420 Cbristophoro'
1129 5343 1377 5420 Matthmo
1421 5343 1638 5410 Pramo,
1684 5348 1779 5420 qui
1884 5347 1941 5401 in
1960 5337 2335 5420 cujuslocum
2359 5346 2644 5420 quemdam
2676 5346 2788 5420 hac
2822 5346 2889 5420 ab
2921 5337 3425 5420 Hippolyto‘scripta

223 5423 395 5485 gum,
439 5422 563 5485 cum
606 5408 720 5485 hinc
775 5408 1201 5485 excuderentur,
1252 5413 1433 5469 Graece
1478 5431 1543 5468 ex
1598 5408 1783 5470 codice
1882 5431 2004 5471 esse
2029 5408 2181 5470 'mihi
2225 5408 2550 5485 persuadeo,
2598 5414 2720 5468 licet
2764 5416 2816 5469 in
2856 5408 3268 5474 Proverbiorum
3309 5408 3422 5478 loca

228 5475 556 5553 Taurinensi
600 5477 683 5553 82_
701 5488 951 5553 excerpta
990 5481 1135 5553 varia
1178 5475 1417 5553 {elerum
1451 5485 1773 5553 scriptorum
1883 5486 2044 5539 etiam
2078 5475 2497 5543 commentatum
2519 5475 2628 5552 jam
2652 5499 2810 5552 supra
2836 5486 3035 5541 notavi.
3067 5486 3143 5542 lo.

227 5548 621 5616 complectente
652 5548 982 5617 descriptum
1012 5552 1159 5606 misit
1188 5550 1410 5608 Parisiis
1439 5554 1503 5609 ad
1528 5548 1771 5614 doctissi-

232 5618 672 5742 griigxgollcgam
707 5634 885 5673 meum
917 5618 998 5675 .Io.
1033 5621 1485 5693 Christopborum
1510 5622 1784 5679 Wolﬁum.

1953 5554 2065 5675 (24')
2108 5555 2397 5617 Salmnon,
2427 5554 2582 5622 cujus
2611 5553 2864 5624 deinceps
2904 5556 3065 5612 verba
3110 5559 3422 5631 interpreta-

1953 5641 1992 5675 Γ.
2054 5642 2102 5675 D.

1887 5634 1992 5678 tur.
2030 5634 2102 5680 ID.

1956 5694 2065 5765 (⁵25)
2103 5696 2183 5752 ΑΙ.
2222 5696 2509 5767 ὐπήρεισε,
2542 5694 2753 5750 excidit.
2796 5695 2870 5753 In.
2936 5746 2943 5751 .
