3814 6198
429 306 533 361 627

1305 310 1364 366 S.
1405 307 1767 366 HIPPOLYTI
1816 306 1970 364 OPP.
2013 305 2191 362 PARS
2215 305 2255 362 1.
2288 337 2357 350 --
2389 307 2795 366 EXEGETICA.
3525 316 3608 374 σῃ

426 426 642 494 spiritus
674 425 769 480 Dei
785 427 848 480 κ’.
878 427 982 481 Alii
1007 437 1208 498 septem
1240 428 1524 484 columnas
1545 427 1732 484 dicunt
1759 441 1881 482 esse
1907 440 1992 481 se-

2097 424 2243 479 ἐπτὰ
2269 427 2575 496 πνεύματα
2599 425 2707 480 τοῦ
2733 425 2901 485 Θεοῦ.
2926 425 3105 480 Ἄλλοι
3146 427 3200 481 δι
3235 427 3466 497 λέγουσιν
3502 428 3613 488 εἰναι

432 526 576 588 ptem
630 518 844 575 divinos
889 520 1107 576 ordines
1149 522 1350 592 quibus
1399 537 1494 592 per
1542 529 1786 578 sanctam
1833 528 1996 590 atque

433 609 751 679 inspiratam
785 612 1044 668 divinitus
1087 614 1206 682 ejus
1238 614 1542 669 doctrinam
1593 621 1841 669 creatura
1873 627 1996 667 sus-

431 708 707 768 tentatur,
740 701 842 756 boc
875 709 960 757 est
995 703 1322 772 prophetas,
1363 703 1673 774 apostolos,
1701 711 1992 775 martyres,

429 791 744 847 hierarchas
779 792 894 848 sive
917 793 1248 859 sacerdotes,
1272 804 1509 860 ascetas,
1527 803 1768 860 sanctos,
1789 793 1994 864 iustos-

425 899 551 952 que.
587 881 722 938 illud
751 899 908 950 vero,
941 886 1235 942 immolavit
1265 887 1504 942 uictimas
1529 903 1676 952 suas,
1704 887 1996 958 prophetas

423 975 647 1030 denotat
697 983 752 1031 et
791 984 1058 1048 martyres
1104 978 1198 1048 qui
1241 979 1294 1033 in
1337 978 1487 1034 nulla
1528 993 1638 1033 non
1683 977 1899 1033 civitate
1941 984 1996 1031 et

393 1067 648 1139 ‘regione
701 1070 771 1124 ab
827 1070 1138 1128 inﬁdelibus
1194 1072 1380 1128 ovium
1447 1072 1620 1127 instar
1689 1077 1997 1125 mactantur

425 1159 667 1228 quotidie
696 1175 795 1230 pro
821 1161 1048 1216 veritate
1087 1171 1140 1216 et
1179 1163 1458 1217 clamant:
1491 1161 1719 1230 Propter
1754 1169 1802 1214 te
1830 1169 1997 1213 morte

425 1249 682 1318 aﬂicimur
707 1260 814 1304 tota
838 1252 942 1317 die,
963 1253 1223 1306 cstimati
1247 1269 1432 1306 sumus
1462 1253 1599 1306 sicut
1629 1267 1746 1306 oves
1781 1249 1998 1304 occisio-

422 1340 510 1392 nis
531 1340 599 1394 7°.
633 1338 698 1394 Et
728 1341 939 1394 miscuit
986 1340 1038 1394 in
1068 1341 1264 1410 poculo
1297 1357 1398 1396 suo
1441 1343 1652 1404 vinum,
1698 1340 1750 1394 in
1786 1338 1996 1408 virgine

425 1431 765 1488 divinitatem
790 1449 953 1490 suam
971 1435 1166 1490 uniens
1182 1450 1305 1490 cum
1331 1449 1496 1490 carne
1526 1442 1784 1503 tanquam
1808 1431 1994 1484 vinum

425 1539 637 1581 merum
681 1541 745 1580 ac
779 1526 1134 1597 purissimum
1162 1569 1181 1594 ,
1213 1525 1460 1583 Salvator
1494 1541 1564 1581 ex
1588 1539 1653 1580 ea
1697 1530 1857 1580 natus
1887 1533 1994 1586 est,

425 1617 545 1673 sine
571 1616 892 1673 confusione
925 1617 1065 1675 Deus
1097 1628 1151 1675 et
1184 1618 1370 1675 homo.
1413 1617 1475 1673 Et
1498 1618 1706 1688 paravit
1760 1631 1995 1670 mensam

424 1724 579 1764 suam
601 1751 619 1776 ,
665 1711 996 1780 promissam
1043 1723 1248 1767 sanctae
1275 1710 1561 1767 Trinitatis
1592 1709 1990 1782 cognitionem,

427 1815 636 1856 necnon
679 1802 1044 1857 venerandum
1099 1812 1464 1872 sanctumque
1514 1802 1634 1872 ejus
1682 1817 1880 1872 corpus
1930 1815 1994 1856 ac

428 1893 750 1962 sanguinem
782 1908 905 1964 qua:
938 1893 992 1947 in
1018 1908 1218 1948 arcana
1244 1903 1297 1949 et
1319 1893 1503 1949 divina
1539 1907 1729 1948 mensa
1749 1893 1994 1964 quotidie

427 1982 784 2052 perﬁciuntur
801 1992 858 2038 et
876 1982 1254 2039 sacriﬁcantur
1279 1983 1332 2037 in
1359 1983 1682 2038 memoriam
1715 1997 1993 2052 nunquam

426 2088 533 2126 non
569 2073 866 2128 rccolendaz
901 2073 1161 2128 memoria
1192 2082 1246 2127 et
1274 2074 1464 2144 prima
1526 2072 1669 2126 illius
1701 2071 1900 2127 divina:
1943 2081 1996 2125 et

428 2179 641 2218 arcana:
672 2165 868 2218 divina:
907 2178 1097 2220 ccenze.
1130 2162 1264 2218 Illud
1289 2179 1475 2234 porro,
1509 2163 1652 2217 misit
1679 2179 1850 2216 servos
1873 2177 1995 2216 suos

427 2255 736 2324 Sapientia,
765 2253 1016 2310 Christus
1052 2254 1309 2309 nimirum
1331 2296 1346 2320 ,
1375 2268 1683 2308 convocans
1715 2253 1823 2306 arta
1858 2269 1997 2322 prae-

426 2345 573 2400 conii
600 2361 732 2402 voce
762 2365 775 2401 :
807 2346 864 2401 Si
899 2348 1022 2418 quis
1051 2355 1154 2412 est,
1189 2345 1384 2415 inquit,
1422 2344 1695 2415 insipiens,
1723 2345 1897 2398 veniat
1927 2341 1997 2396 ad

426 2457 531 2505 me,
556 2449 776 2496 sanctos
804 2440 992 2510 utique
1023 2439 1173 2494 misit
1203 2437 1478 2510 apostolos
1515 2436 1828 2492 universum
1865 2451 1992 2506 per-

428 2543 672 2590 meantes
704 2534 986 2596 mundum,
1017 2533 1112 2604 qui
1145 2540 1330 2604 gentes
1362 2531 1428 2585 ad
1465 2531 1635 2602 ipsius
1665 2529 1996 2602 agnitionem

425 2643 554 2684 vere
579 2638 842 2682 vocarent
877 2626 1097 2682 sublimi
1143 2641 1206 2680 ac
1247 2625 1424 2680 divina
1461 2638 1558 2680 sua
1592 2622 1993 2694 praedicatione.

426 2719 749 2791 Insipientes
799 2733 926 2773 vero
976 2716 1210 2789 appellat
1261 2731 1356 2772 eos
1405 2715 1499 2788 qui
1547 2713 1722 2770 sancti
1760 2709 1998 2783 Spiritus

425 2813 681 2868 virtutem
717 2813 956 2867 nonrlum
992 2819 1120 2865 sunt
1166 2809 1399 2866 assecuti
1428 2824 1443 2863 :
1482 2807 1700 2874 Venite,
1747 2804 1999 2859 comedite

427 2923 614 2976 partem
649 2922 856 2972 meum,
893 2914 942 2960 et
981 2904 1138 2958 bibite
1183 2905 1361 2958 uinum
1401 2902 1540 2976 quod
1586 2901 1776 2956 miscui
1809 2900 1948 2953 vobis
1977 2912 1999 2955 .'

428 3003 665 3056 divinam
699 2999 872 3071 ipsius
905 3012 1158 3062 carnem,
1202 3012 1266 3052 ac
1296 2995 1661 3052 venerabilem
1706 2994 1827 3064 ejus
1870 3008 1999 3048 san-

2100 517 2324 581 στὸλους
2357 518 2527 582 ἑπτὰ,
2555 518 2622 572 τὰ
2649 517 2785 572 ὲπτά
2813 517 2932 572 θεῖα
2962 517 3218 590 τάγματα
3248 520 3312 574 τὰ
3335 520 3416 575 διὰ
3443 523 3529 594 τῆς
3559 528 3618 578 ls-

2101 613 2200 682 ρᾶς
2245 611 2409 666 αὐτοῦ
2455 611 2550 666 καὶ
2584 610 2937 665 θεοπνεύστου
2976 609 3318 676 διδασκαλίας
3355 612 3444 684 τὴν
3469 615 3619 668 κτίσιν

2099 705 2465 776 βαστάζοντα,
2512 704 2680 775 ἤγουν
2733 704 2859 768 τοὺς
2903 704 3220 776 προφήτας,
3267 705 3385 770 τοὺς
3426 708 3620 762 ἀποστό-

2097 795 2221 861 λους
2241 837 2255 860 ,
2276 797 2403 860 τοὺς
2433 795 2715 868 μάρτυρας
2737 835 2752 859 ,
2775 797 2904 858 τοὺς
2934 794 3220 867 ίεράρχας,
3248 798 3368 859 τοὺς
3394 798 3617 867 ἀσκητὸς,

2095 889 2222 952 τοὺς
2253 887 2434 951 ὁσίους
2473 887 2568 940 καὶ
2613 887 2739 951 τοὺς
2786 885 3043 951 δικαίους.
3091 886 3162 939 Τὸ
3204 885 3277 950 δὲ,
3320 887 3528 957 ἔσφαξε
3563 891 3622 944 τὰ

2097 979 2317 1049 ἑαυτῆς
2341 981 2568 1049 θύματα
2584 1019 2599 1043 ,
2627 979 2754 1042 τοὺς
2777 979 3060 1050 προφήτας
3081 977 3214 1048 φησὶ
3241 979 3332 1032 καὶ
3360 980 3621 1051 μάρτυρας,

2097 1074 2222 1138 τοὺς
2250 1075 2390 1129 κατὰ
2417 1076 2599 1128 πᾶσαν
2630 1073 2783 1127 πόλιν
2817 1073 2911 1127 καὶ
2939 1071 3124 1144 χώραν
3149 1072 3268 1126 καθ’
3301 1073 3518 1145 ἑκάστην
3540 1077 3626 1130 ὑπὸ

2096 1164 2205 1220 τῶν
2244 1164 2488 1218 ἀπίστων
2517 1163 2705 1235 ὥσπερ
2751 1165 2919 1234 ἄρνας
2947 1163 3370 1234 ἀναιρουμένους
3400 1165 3522 1237 ὑπὲρ
3545 1167 3626 1236 τῆς

2095 1255 2354 1326 ἀληθείας
2373 1301 2387 1323 ,
2419 1257 2515 1311 καὶ
2549 1256 2814 1327 βοῶντας·
2847 1253 3065 1308 Ἕνεκὰ
3113 1271 3230 1309 σου
3267 1257 3632 1322 θανατούμεθα

2097 1348 2250 1417 ὅλην
2309 1349 2422 1417 τὴν
2473 1349 2718 1419 ἡμέραν.
2777 1347 3213 1417 Ἐλοτίσθημεν
3265 1347 3342 1413 ὡς
3403 1349 3634 1416 πρόϐατα

2096 1440 2358 1512 σφαγῆς.
2412 1442 2522 1495 Καῖ
2562 1440 2848 1509 ἐκέρασεν
2906 1443 2987 1504 είς
3047 1441 3300 1512 κρατῆρα
3338 1439 3424 1493 τδν
3464 1442 3635 1512 ἑαυτῆς

2096 1529 2280 1596 οἶνον,
2311 1533 2390 1596 είς
2421 1531 2517 1602 τὴν
2547 1531 2809 1604 παρθένον
2842 1531 2938 1603 τὴν
2966 1530 3161 1584 ἑαυτοῦ
3195 1531 3417 1603 θεότητα
3458 1531 3635 1596 ἑνώσας

2095 1621 2161 1689 τῇ
2201 1620 2365 1690 σαρκὶ
2401 1619 2476 1682 ὡς
2507 1615 2648 1672 οἶνον
2695 1619 2966 1691 ἄκρατον,
3014 1620 3044 1672 ὁ
3095 1619 3282 1690 Σωτὴρ
3321 1621 3557 1692 ἐγεννήθη
3583 1622 3634 1689 ἐξ

2097 1711 2265 1782 αὐτῆς
2302 1710 2622 1782 ἀσυγχύτως
2655 1711 2787 1775 Θεδς
2826 1711 2918 1764 καὶ
2948 1711 3256 1784 ἄνθρωπος.
3291 1712 3396 1766 Καὶ
3425 1715 3634 1783 ritatde

2099 1818 2248 1856 σατο
2287 1803 2400 1872 τὴν
2445 1802 2666 1872 ἑαυτῆς
2711 1803 3033 1872 τράπεζαν,
3092 1805 3190 1877 τὴν
3235 1806 3511 1875 ἐπίγνωσιν
3554 1808 3634 1878 τῆς

2094 1895 2254 1964 ἁγίας
2277 1895 2502 1966 Τριάδος
2526 1897 3110 1968 κατεπαγγελλομένην
3127 1915 3140 1927 ·
3173 1888 3267 1951 'xa‘.
3297 1898 3354 1951 τὸ
3376 1899 3540 1970 τίμιον
3557 1900 3635 1953 καὶ
3662 1907 3674 1927 ⁹

2097 1986 2364 2058 ἄχραντον
2394 1986 2557 2041 αὑτοῦ
2593 1986 2751 2058 σῶμα
2785 1989 2879 2042 καὶ
2901 1982 3066 2059 αἷμα,
3093 1988 3236 2060 ἅπερ
3267 1991 3324 2042 ὲν
3343 1993 3404 2060 τῇ
3433 1994 3635 2063 μυστικῇ

2096 2079 2190 2132 καὶ
2237 2077 2357 2150 θείᾳ
2401 2077 2646 2151 τραπέζῃ
2680 2077 2801 2133 καθ’
2848 2081 3091 2153 ἑκάστην
3137 2080 3498 2135 ἐπιτελοῦνται
3536 2081 3638 2134 θυό-

2100 2187 2233 2241 μενα
2283 2173 2363 2234 είς
2413 2171 2716 2241 ἀνάμνησιν
2764 2172 2862 2242 τῆς
2919 2174 3258 2244 ἀειμνήστου
3306 2172 3397 2225 xal.
3445 2171 3636 2243 πρώτης

2095 2262 2308 2333 ἐκείνης
2329 2261 2606 2332 τραπέζης
2629 2260 2718 2316 τοῦ
2750 2261 3012 2332 μυστικοῦ
3043 2261 3195 2315 θείου
3227 2262 3454 2315 δείπνου.
3482 2261 3546 2313 Τὸ
3571 2261 3636 2325 δὲ,

2095 2353 2411 2407 ἀπέστειλε
2441 2353 2580 2420 τοὺς
2608 2352 2826 2421 ἑαυτῆς
2852 2353 3160 2425 δούλουςή
3176 2355 3362 2423 Σοφία,
3385 2358 3412 2408 ὁ
3438 2354 3642 2424 Χριστὸς

2094 2444 2352 2516 δηλονότι,
2389 2446 2783 2515 συγκαλοῦσα
2813 2446 2962 2516 μετὰ
2998 2446 3251 2516 ὑψηλοῦ
3279 2448 3634 2516 κηρύγματος.

2100 2537 2196 2600 Ὃς
2230 2538 2377 2591 ἐστιν
2407 2536 2608 2607 ἄφρων
2629 2577 2643 2602 ,
2675 2537 3004 2592 ἐκκλινάτω
3035 2538 3191 2607 πρὸς
3212 2539 3320 2608 μὲ,
3356 2540 3635 2608 φάσκουσα,

2096 2632 2221 2694 τοὺς
2291 2631 2470 2702 ἱεροὺς
2519 2631 2849 2696 ἀποστόλους
2910 2631 3212 2704 πρόδηλον,
3260 2633 3383 2694 τοὺς
3443 2633 3515 2694 είς
3563 2629 3638 2682 τὸν

2099 2719 2390 2791 σύμπαντα
2423 2721 2626 2792 κόσμον
2655 2721 3045 2794 διαδραμόντας
3076 2725 3171 2776 καὶ
3201 2721 3640 2794 προσκαλέσαντας

2095 2811 2164 2866 τά
2197 2811 2321 2883 ἔθνη
2350 2813 2431 2877 εἰς
2459 2812 2560 2885 τὴν
2580 2812 2786 2866 ἐκείνου
2816 2812 3113 2882 ἐπίγνωσιν
3139 2812 3354 2884 ἀληθῶς
3382 2810 3454 2882 τῷ
3475 2808 3638 2882 ὑψηλῷ

2098 2905 2192 2958 καὶ
2227 2903 2354 2976 θείῳ
2386 2905 2590 2959 τούτων
2621 2904 2952 2977 ηρΰγματι.
2975 2906 3047 2958 Τὸ
3077 2906 3139 2961 δὲ
3164 2906 3262 2959 καί
3290 2903 3410 2970 τοῖς
3434 2902 3638 2957 ἐνδεέσι

2099 2994 2334 3066 φρενῶν
2363 2991 2511 3060 εἶπε,
2541 2999 2651 3062 τοῖς
2687 2999 2851 3069 μήπω
2876 3014 3040 3068 κεκτη
3052 2997 3239 3068 μένοις
3267 2997 3363 3069 τὴν
3391 2997 3477 3050 τοῦ
3505 2996 3646 3064 ἁγίου.

429 3094 669 3166 guinem,
700 3091 896 3162 inquit,
929 3088 1078 3142 dedit
1109 3087 1269 3145 nobis
1297 3087 1564 3143 edendum
1596 3084 1995 3156 bibendumque

2103 3087 2414 3160 Πνεύματος
2443 3087 2668 3160 δύναμιν
2694 3088 2931 3162 δηλονότι
2953 3105 2968 3118 ⁸
3007 3090 3291 3154 Ἦλθε-τε,
3321 3093 3524 3160 φάγετε
3549 3087 3639 3140 τὸν

430 3186 490 3241 ἱιι
521 3184 898 3240 remissionem
930 3190 1294 3253 peccatorum.

2098 3177 2246 3248 ἐμὸν
2277 3178 2492 3249 ἄρτον,
2537 3179 2635 3233 καὶ
2681 3182 2846 3234 πίετε
2883 3175 3050 3234 οἶνον
3085 3179 3161 3234 ὃν
3197 3181 3452 3250 κέκρακα
3487 3181 3638 3249 ὑμῖν.

429 3279 530 3353 τὴν
579 3277 728 3334 θείαν
769 3273 933 3331 αὑτοῦ
965 3273 1140 3348 σάρκα
1172 3273 1265 3328 καὶ
1296 3271 1356 3326 τὸ
1385 3269 1567 3343 τίμιον
1594 3266 1757 3323 αὑτοῦ
1788 3262 1926 3340 αἷμα
1943 3267 2172 3325 δέδωκεν
2195 3272 2329 3345 ἡμῖν
2350 3311 2365 3335 ,
2398 3271 2582 3344 φησὶν,
2615 3271 2811 3325 ἐσθίειν
2836 3272 2929 3325 καὶ
2957 3271 3136 3327 πίνειν
3162 3275 3244 3337 εἰς
3268 3273 3454 3344 ἄφεσιν
3481 3273 3639 3342 ἀμαρ-

431 3372 584 3429 τιῶν.

441 3512 3631 3550 __________________________________________________________.

1178 3696 1306 3787 IN
1411 3691 2018 3786 CANTICUM
2095 3687 2918 3784 CANTICORUM.

503 4141 640 4198 Sim.
667 4141 736 4196 de
759 4136 1052 4205 Magistris,
1084 4137 1219 4190 Acta
1241 4143 1397 4188 mart.
1429 4132 1686 4199 (πείθω,
1714 4147 1769 4202 p.
1795 4131 1921 4199 27.4,
1951 4147 2018 4188 ex
2040 4131 2162 4188 cod.
2189 4131 2418 4187 membr.
2450 4127 2623 4185 Vatic.
2654 4128 2767 4185 Clll
2793 4128 3156 4201 fragmentum
3185 4145 3417 4202 sequens
3448 4127 3644 4202 Syrisce

435 4243 490 4290 et
513 4234 702 4290 Latine
721 4232 897 4297 aﬂ‘ert,
929 4229 1016 4285 his
1041 4225 1363 4300 praemissis:
1393 4243 1411 4277 ι
1439 4223 1498 4280 ln
1521 4223 1832 4280 Salomonis
1847 4225 2129 4280 Canticum
2148 4223 2368 4293 scripsit
2382 4221 2720 4293 Hippolytus,
2753 4237 2818 4277 ac
2840 4220 3008 4278 Deum
3034 4219 3278 4278 Verbum
3296 4230 3443 4277 tanto
3464 4227 3575 4274 ante
3593 4217 3638 4271 in

434 4325 669 4384 Ecciesia
703 4341 769 4381 es
800 4324 1050 4395 gentibus
1088 4321 1336 4384 collecta,
1369 4320 1668 4390 praesertim
1693 4335 1822 4375 vero
1862 4319 1924 4374 in.
1958 4327 2181 4390 parente
2211 4332 2308 4374 sua
2338 4315 2557 4388 Virgine
2582 4316 2925 4372 sanctissima
2951 4331 3080 4373 suas
3104 4315 3330 4373 delicias
3356 4313 3643 4387 quaesivisse

431 4421 701 4488 ostendit;
727 4420 969 4490 adeoque
999 4416 1144 4490 Syri,
1178 4415 1246 4472 de
1276 4414 1494 4486 Virgine
1520 4414 1660 4485 apud
1693 4430 1752 4469 se
1777 4423 1910 4469 nata-
1931 4413 2244 4486 gloriantes,
2277 4411 2544 4483 Hippolyti
2574 4411 3022 4466 commentarium
3052 4425 3084 4465 a
3113 4411 3310 4480 priscis
3340 4404 3642 4477 temporibus

431 4513 829 4570 transtulerunt
846 4528 877 4569 e
897 4511 1085 4568 Graeco
1113 4512 1166 4566 in
1193 4511 1427 4582 patrium
1449 4525 1779 4575 sermonem,
1811 4511 1954 4564 unde
1976 4509 2223 4580 quaedam
2246 4507 2423 4564 adhuc
2445 4516 2760 4578 supersunt,
2784 4507 2947 4562 veluti
2972 4506 3024 4561 in
3052 4505 3216 4562 illud:
3248 4505 3428 4576 Surge,
3451 4498 3640 4572 Aquila.

429 4615 480 4661 et
509 4606 642 4670 ueni,
672 4606 884 4673 Auster,
909 4605 1073 4675 perﬂa
1099 4604 1306 4657 hortum
1331 4618 1524 4666 meum,
1553 4612 1603 4656 et
1627 4602 1799 4671 ﬂuant
1829 4610 2072 4655 aromata
2096 4601 2230 4671 ejus.
2265 4618 2286 4652 ε
2315 4599 2410 4656 His
2441 4599 2777 4655 aromatibus
2807 4614 2930 4654 cum
2952 4599 3260 4655 oblectatus
3281 4605 3421 4654 esset
3444 4591 3640 4662 Ioseph:

437 4719 459 4754 α
505 4702 647 4758 ﬁlius
684 4701 845 4773 Regis
877 4717 910 4757 a
957 4703 1069 4757 Deo
1100 4700 1436 4771 designatur.
1473 4697 1570 4754 llis
1601 4697 1768 4769 Virgo
1799 4697 1967 4754 Maria
1991 4713 2117 4753 cum
2146 4705 2311 4753 uncta
2338 4706 2505 4757 esset,
2531 4695 2587 4751 in
2615 4707 2800 4752 ventre
2831 4711 2932 4751 suo
2962 4697 3212 4766 concepit
3244 4694 3505 4750 Verbum:
3543 4697 3641 4742 tum

440 4816 461 4850 ‹
507 4813 647 4853 nova
673 4813 872 4853 arcana
898 4811 1204 4868 novamque
1227 4796 1534 4860 veritatem,
1567 4809 1630 4849 ac
1658 4810 1857 4849 novum
1887 4810 2134 4865 regnum,
2169 4801 2282 4848 tuin
2311 4807 2532 4864 quoque
2567 4807 2766 4864 magna
2786 4801 2840 4848 et
2861 4792 3261 4864 inexplicabilia
3288 4786 3535 4864 mysteria
3563 4782 3642 4838 de-

437 4911 458 4945 σ
504 4901 792 4948 monstrat.
825 4910 845 4943 ι
2015 4956 2056 5011 ll

1162 5077 1318 5147 Apud
1340 5075 1616 5139 Galland.,
1645 5091 1710 5132 ex
1730 5077 2012 5130 Anastasio
2041 5076 2272 5141 Sinaita,
2313 5087 2496 5148 quwst.
2530 5077 2621 5141 41,
2646 5093 2765 5146 pag.
2793 5075 2926 5131 320.

679 5172 946 5245 Hippolyti
988 5171 1043 5226 in
1071 5169 1357 5226 Canticum
1389 5171 1750 5226 canticorum.

2112 5169 2449 5236 Ἱππολύτου,
2486 5172 2551 5222 ὲκ
2581 5169 2672 5224 τοῦ
2705 5172 2784 5234 είς
2816 5169 2874 5222 τὸ
2895 5164 3087 5240 ᾊσμα
3114 5166 3222 5221 τῶν
3249 5165 3501 5240 ᾀσμάτων
3529 5158 3638 5229 (ἒϐιε

505 5265 570 5322 Et
601 5267 826 5322 ubinam
849 5275 932 5322 est
965 5264 1343 5334 copiosissima
1383 5263 1474 5317 illa
1500 5263 1764 5318 scientia?
1793 5261 1887 5318 ubi
1913 5263 1995 5318 illa

2180 5263 2290 5316 Kal.
2324 5262 2424 5316 ποῦ
2460 5263 2607 5316 πᾶσα
2640 5263 2673 5333 ἡ
2705 5261 2931 5316 πλουσία
2963 5261 3104 5331 αὕτη
3128 5259 3359 5330 γνῶσις;
3389 5254 3484 5310 ποῦ
3518 5252 3568 5307 δὲ
3592 5251 3645 5301 τὶς

433 5359 726 5429 mysteria?
759 5367 815 5414 et
849 5359 941 5413 ubi
966 5356 1128 5413 libri?
1151 5365 1368 5412 exstant
1391 5356 1538 5412 enim
1567 5356 1685 5412 sola
1714 5355 1995 5413 Proverbia

2115 5358 2388 5429 μυστήρια
2436 5355 2640 5422 causa;
2687 5355 2779 5410 καὶ
2828 5353 2930 5409 ποῦ
2973 5355 3029 5408 αἱ
3069 5350 3274 5424 βίϐλοι;
3311 5345 3644 5419 ἀναφέρονται

504 5519 550 5550 ⁶⁹
575 5535 696 5589 cap.
728 5536 815 5587 xi,
842 5519 899 5574 ‘2.
973 5520 1022 5553 "
1048 5518 1193 5577 Psal.
1230 5535 1375 5584 XLIV,
1399 5519 1467 5586 2-,
1496 5517 1656 5575 Rom.
1685 5534 1806 5586 vm,
1835 5519 1924 5575 36.

488 5653 617 5741 .(262
658 5654 921 5741 Eusebius
939 5698 968 5741 ,ι
989 5659 1067 5741 εἰς
1107 5658 1168 5712 τὸ
1214 5653 1424 5741 ᾊσμα.
1563 5655 1952 5741 Hieronymus,
1994 5681 1995 5704 ξ

2097 5655 2367 5713 Canticum
2418 5655 2760 5712 canticorum.
2805 5653 3104 5727 Syncellus,
3153 5656 3230 5720 εἰς
3278 5650 3345 5705 τὰ
3392 5649 3635 5720 ’ᾼσματαο

434 5724 790 5798 Nicephorus,
816 5730 893 5792 είς
921 5724 1179 5798 τὸτᾼσμα
1209 5724 1314 5781 τῶν
1331 5724 1614 5799 ᾀσμάτων.
1650 5724 1863 5784 Fnilc.
