3814 6198
196 325 295 381 εις»

1385 320 1806 380 FRAGMENTA
1845 321 1911 377 IN
1963 320 2219 377 lSAlAH.

3305 318 3410 373 650

192 444 295 512 γαρ
325 441 477 512 μόναι
505 441 564 494 αι
596 441 912 512 Παροιμίαι,
948 440 1041 494 καὶ
1072 442 1308 513 ἡΣοφία,
1332 442 1425 498 καὶ
1450 447 1479 498 ὁ
1523 446 1745 519 Ἐκκλη-

1858 454 1899 501 at
1934 444 2207 514 Sapientia
2227 484 2243 509 ,
2270 451 2323 497 et
2354 440 2709 497 Ecclesiastes
2729 480 2742 503 ,
2774 449 2828 495 et
2851 438 3135 494 Canticum
3169 441 3411 497 cantico-

197 534 425 602 σιαστὴς,
462 532 558 586 καὶ
586 532 649 586 τὸ
676 528 861 607 ΊΓᾼσμ.α
882 535 989 589 τῶν
1024 535 1300 606 ᾀσμάτων.
1339 535 1404 589 Τί
1446 533 1579 602 οὗν;
1616 537 1745 607 ψεύ-

192 624 325 677 δεται
356 626 390 694 η
415 623 604 695 Γραφή
630 641 644 689 ;
677 627 751 698 μὴ
775 627 1000 695 γένοιτο.
1038 626 1197 682 Ἀλλὰ
1220 626 1388 699 πολλὴ
1417 628 1514 699 μέν
1544 645 1627 692 τις
1646 628 1742 700 ὖλη

188 716 371 785 γέγονε
401 716 511 770 τῶν
543 718 903 789 γραμμάτων,
935 719 1010 783 ὡς
1052 719 1201 790 δηλοῖ
1238 719 1299 773 τὸ
1333 719 1509 788 λέγειν
1547 715 1748 791 τᾼιξιια

184 806 293 861 τῶν
331 806 648 875 ᾀσμάτων·
696 810 949 881 σημαίνει
1006 810 1114 882 γὰρ
1162 812 1265 874 ὅτι,
1314 811 1456 883 ἅπερ
1502 807 1645 882 εἶχον
1690 814 1746 867 αί

123 924 129 959 ;
181 900 611 969 πεντακισχίλιαι
634 901 766 973 ᾠδαὶ
790 905 846 955 ἐν
868 902 945 973 τῷ
978 903 1057 956 ἐνὶ
1075 902 1384 975 διηγήσατο·
1428 905 1486 956 ἐν
1524 904 1579 957 δέ
1628 907 1747 968 ταῖς

178 994 414 1064 ἡμέραις
441 994 683 1059 Ἐζεκίου
711 993 779 1047 τὰ
807 995 901 1066 μὲν
926 994 1032 1048 τῶν
1049 994 1265 1065 βιϐλίων
1290 994 1663 1066 ἐξελέχθησαν,
1679 996 1747 1049 τὰ

178 1084 232 1137 δέ
274 1086 684 1159 τεραῦφθησαν.
713 1086 873 1140 Ὅθεν
920 1087 1082 1157 φησὶν
1126 1088 1157 1157 ἡ
1190 1087 1411 1157 Γραφὴ’
1447 1086 1645 1141 οΑὗται
1688 1091 1750 1141 αἱ

180 1178 491 1246 Παροιμίαι
535 1176 917 1247 Σολομῶντος
974 1182 1033 1231 al
1071 1176 1413 1246 ἀδιάκριτοι,
1462 1177 1535 1244 ἂς
1582 1179 1750 1248 ἐγρά-

179 1272 372 1337 ⁴ψει-»ατο
411 1273 465 1323 oi
494 1271 658 1339 φίλοι
697 1268 945 1329 Ἐζεκίου
972 1270 1077 1325 τοῦ
1108 1270 1444 1337 βασιλέως·
1490 1269 1654 1324 πόθεν
1692 1271 1749 1323 δέ

180 1357 512 1424 ἐξελέξαντο,
542 1358 717 1429 ἀλλ’ἢ
767 1361 830 1413 ἐκ
861 1357 970 1412 τῶν
1012 1358 1227 1429 βιϐλίων
1268 1359 1377 1413 τῶν
1418 1359 1750 1431 ἐγκειμένων

180 1451 235 1502 ἐν
266 1444 355 1514 αἷς
379 1450 529 1519 λέγει
562 1452 682 1513 ταῖς
711 1450 1036 1523 τρισχιλίαις
1070 1450 1403 1521 παραϐολαῖς
1434 1452 1525 1505 καὶ
1550 1469 1748 1504 πεντα-

182 1542 472 1613 κισχιλίαις
523 1542 723 1613 ᾠδαίς;
784 1542 872 1606 Ἐξ
908 1541 1086 1596 αὐτῶν
1134 1536 1225 1595 οὖν
1270 1541 1471 1596 τούτων
1510 1544 1560 1595 oi
1612 1542 1751 1612 φίλοι

194 1633 432 1697 Ἐζεκίου
464 1634 620 1703 σοφοὶ
653 1633 983 1704 ὑπάρχοντες
1016 1632 1322 1699 ἐξελέξαντο
1343 1634 1410 1687 τὰ
1434 1634 1569 1705 πρὸς
1605 1636 1751 1687 οἰκο-

183 1728 345 1799 δομὴν
376 1726 478 1796 τῆς
507 1726 846 1796 Ἑκκλησίας.
875 1726 985 1789 Τάς
1016 1743 1076 1777 τε
1110 1724 1322 1797 βίϐλους
1363 1727 1474 1794 (27)
1515 1725 1609 1779 τοῦ
1656 1728 1751 1778 Σο-

1847 552 1989 592 rum.
2026 534 2168 601 Quid
2201 534 2365 604 ergo?
2406 532 2677 587 falsumne
2725 532 2855 587 dicit
2892 530 3207 601 Scriptura?
3248 531 3408 587 absit.

1847 627 1953 682 Sal
1987 627 2087 681 fuit
2113 626 2331 696 quidem
2358 639 2552 695 magna
2585 638 2774 679 eorum
2804 640 2923 693 qua:
2952 623 3201 693 scripsit,
3245 631 3417 677 mate-

1844 720 1925 774 ria
1951 729 2006 774 et
2033 716 2352 783 diversitas;
2399 716 2563 785 idque
2600 715 2842 771 ostendit
2868 715 3094 770 dicendo
3132 714 3412 769 Canticum

1846 810 2203 864 canticorum:
2236 806 2505 877 significat
2537 806 2680 860 enim
2725 821 2782 861 se
2822 806 2873 860 id
2909 806 3055 876 quod
3097 805 3412 861 contineba-

1847 913 1937 957 tur
1968 912 2049 957 ter
2079 900 2225 953 mille
2254 898 2372 953 odis
2398 912 2491 952 seu
2523 896 2751 952 canticis
2787 898 2862 960 ⁷⁸,
2896 898 2999 952 hoc
3037 912 3146 951 uno
3173 911 3412 965 compre-

1847 992 2121 1048 hendisse.
2152 987 2209 1042 In
2240 988 2430 1043 diebus
2457 996 2636 1042 autem
2666 986 2910 1042 Ezechize
2931 986 3021 1042 alii
3050 986 3263 1057 quidem
3289 983 3411 1040 libri

1847 1080 2067 1137 fuerunt
2104 1079 2293 1143 electi,
2338 1078 2427 1132 alii
2462 1093 2588 1131 vero
2616 1076 2862 1148 neglecti.
2898 1075 3051 1132 Unde
3094 1076 3227 1131 dicit
3264 1074 3411 1131 Scri-

1848 1187 2035 1247 plura:
2065 1174 2192 1229 Haec
2212 1182 2333 1227 sunt
2363 1170 2643 1225 Proverbia
2673 1169 2967 1225 Salomonis
3002 1170 3230 1224 discreta
3251 1168 3408 1240 (50⁸),

1849 1286 1963 1341 qua:
1986 1270 2298 1337 scripserunt
2330 1266 2486 1319 amici
2516 1263 2755 1318 Ezechiae
2781 1266 2914 1334 regis
2945 1266 3012 1320 "‘.
3042 1263 3195 1320 Unde
3230 1273 3409 1318 autern

1846 1361 2149 1430 selegerunt
2179 1357 2283 1412 nisi
2308 1373 2372 1411 ex
2403 1356 2556 1410 libris
2585 1355 2676 1424 qui
2705 1356 2917 1409 inerant
2942 1354 2996 1409 in
3015 1364 3094 1410 ter
3120 1356 3266 1409 mille
3283 1370 3408 1425 pro-

1848 1452 2051 1507 verbiis
2073 1458 2127 1506 et
2158 1450 2448 1521 quinquies
2486 1448 2632 1504 mille
2663 1448 2781 1503 odis
2809 1463 2905 1504 seu
2934 1449 3194 1504 canticis?
3224 1446 3301 1502 Ex
3334 1449 3413 1518 ip-

1850 1548 1927 1603 sis
1950 1547 2115 1617 igitur
2142 1544 2413 1616 sapientes
2440 1542 2599 1597 amici
2633 1542 2876 1597 Ezeehite
2902 1542 3177 1612 elegerunt
3203 1558 3265 1597 ea
3291 1558 3411 1611 qua:

1852 1637 2194 1707 pertinebant
2230 1635 2296 1689 ad
2325 1633 2732 1690 aediﬁcationem
2769 1631 3039 1689 Ecclesiae.
3069 1633 3261 1689 Libros
3284 1648 3412 1688 vero

1856 1724 2163 1783 Salomonis
2202 1724 2587 1780 Parabolarum
2618 1734 2671 1779 et
2702 1725 3085 1792 Canticorum,
3128 1724 3183 1779 in
3213 1724 3411 1793 quibus

186 1819 453 1890 λομῶντος
488 1818 585 1882 τὰς
613 1818 740 1890 περὶ
766 1818 870 1871 τῶν
898 1817 1223 1889 Παραϐολῶν
1247 1819 1340 1871 καὶ
1377 1818 1558 1889 ᾭδῶν,
1586 1820 1642 1873 ἐν
1663 1814 1750 1884 αἷς

1858 1818 2149 1888 scripserat
2194 1816 2261 1872 de
2309 1816 2613 1887 plantarum
2657 1825 2711 1871 et
2745 1817 2922 1872 omnis
2963 1816 3175 1886 generis
3202 1815 3411 1871 anima-

188 1912 310 1982 περὶ
333 1911 519 1981 φυτῶν
544 1912 636 1963 καὶ
675 1909 940 1965 παντοίων
990 1909 1143 1975 ζώων
1186 1910 1530 1981 φυσιολογίας
1558 1951 1573 1975 ,
1620 1929 1749 1983 χερ-

195 2003 368 2068 σαίων,
395 2002 656 2057 πετεινῶν
685 2020 744 2055 τε
767 2003 861 2056 καὶ
878 2002 1109 2072 νηκτῶν,
1141 2003 1234 2056 καὶ
1265 2004 1503 2074 ἰαμάτων
1527 2002 1749 2067 πάθους,

198 2093 400 2157 παντως
431 2094 732 2166 γραφείσας
757 2092 903 2163 αὐτῷ
931 2095 1155 2163 ἀφανεῖς
1198 2095 1453 2166 ἐποίησεν
1503 2094 1747 2159 Ἐζεκίας

199 2182 277 2235 διὰ
304 2182 362 2236 τὸ
389 2183 500 2255 (28)
526 2184 624 2248 τὰς
651 2183 943 2257 θεραπείας
968 2184 1079 2239 τῶν
1112 2184 1431 2257 νοσημάτων
1463 2184 1612 2239 ἐνθεν
1658 2202 1749 2239 κο-

1855 1912 1986 1967 lium
2018 1921 2245 1975 natura,
2287 1908 2656 1973 terrestrium,
2694 1908 3020 1973 volatiliunt,
3075 1907 3408 1974 natatilium,

1854 2014 1908 2059 et
1933 2005 2000 2060 de
2024 2003 2229 2059 morbis
2256 2001 2536 2069 sanandis,
2562 2000 2819 2057 Ezechias
2844 2001 3106 2068 abolevit,
3136 2002 3280 2072 quod
3312 2015 3410 2071 po-

1855 2095 2011 2165 pulus
2040 2093 2235 2149 exinde
2263 2102 2472 2163 peteret
2498 2093 2734 2148 medelas
2759 2093 3095 2161 morborum,
3115 2107 3413 2164 eorumque

1854 2186 2191 2241 sanationem
2220 2201 2249 2240 a
2281 2184 2391 2240 Deo
2418 2195 2599 2254 petere
2622 2184 2934 2255 negligeret.

206 2274 435 2345 μίζεσθαι
458 2276 550 2330 τὸν
574 2276 721 2341 λαὸν,
747 2277 841 2330 καὶ
866 2278 1123 2349 περιορᾷν
1146 2276 1323 2330 αὐτῶν
1345 2276 1494 2349 παρὰ
1514 2276 1632 2348 Θεῷ
1651 2276 1747 2340 τὰς
1764 2277 1948 2341 ἰάσεις.

1072 2540 1199 2628 ΙΝ
1276 2536 1675 2627 ISAIAM
1748 2534 2522 2630 PROPHETAM.

732 2714 882 2784 Apud
914 2712 1255 2769 Gallandium
1284 2730 1350 2770 ea:
1376 2713 1550 2770 codice
1581 2712 1906 2769 bibliotheca
1932 2713 2291 2779 Coisliniante,
2320 2728 2466 2767 num.
2495 2712 2614 2781 l93,
2644 2712 2738 2783 fol.
2766 2713 2853 2768 36.

273 3046 584 3102 Ἱππολύτου
630 3049 927 3104 ἐπισκόπου
969 3051 1205 3125 Ῥώμης,
1236 3055 1363 3127 περὶ
1415 3056 1672 3121 Ἐζεκίου.

263 3140 380 3192 Ἔτι
404 3138 826 3209 μαλακισθέντας
856 3141 967 3213 (29)
988 3143 1080 3197 τοῦ
1118 3145 1361 3209 Ἐζεκίου
1375 3148 1467 3201 τοῦ
1493 3149 1750 3220 βασιλέως

194 3230 285 3299 τῆς
330 3229 609 3293 Ἰουδαίας,
645 3233 739 3284 καὶ
780 3231 1103 3298 κλαύσαντος
1124 3275 1138 3298 ,
1185 3230 1347 3307 ἦλθεν
1388 3237 1614 3307 ἄγγελος
1660 3244 1752 3296 καὶ

194 3317 338 3373 εἶπεν
361 3320 540 3392 αὑτῷ*
568 3319 747 3377 Εἷόον
772 3324 843 3377 τὰ
864 3324 1094 3394 δάκρυά
1112 3342 1247 3392 σου,
1276 3328 1372 3381 καὶ
1390 3329 1625 3398 ἥκουσα
1645 3332 1752 3401 τῆς

190 3412 391 3480 φωνῆς
447 3428 603 3483 σου..
647 3414 789 3469 Ἰδοὺ
841 3418 1193 3487 προστίθημι
1243 3421 1331 3486 είς
1371 3421 1477 3475 τὸν
1532 3426 1753 3492 χρόνον

188 3520 300 3559 σου
328 3507 435 3573 ἔτη
461 3512 547 3569 ιε’,
566 3506 739 3560 τοῦτο
774 3506 840 3561 δέ
860 3522 958 3562 σοι
973 3508 1036 3563 τὸ
1059 3511 1307 3579 σημεῖον
1326 3514 1482 3581 παρὰ
1500 3515 1717 3583 Κυρίου
1732 3531 1748 3547 °

190 3597 315 3650 ἰδοὺ
339 3596 577 3667 στρέφω
596 3596 710 3666 τὴν
739 3601 921 3654 σκιὰν
936 3599 1052 3654 τῶν
1081 3602 1430 3672 ἀναϐαθμῶν
1455 3606 1560 3660 τοῦ
1582 3606 1752 3662 οῖκου

184 3690 288 3744 τοῦ
308 3692 536 3757 πατρός
567 3707 706 3755 σου,
743 3691 850 3757 οὒς
872 3692 1084 3761 κατέϐη
1112 3696 1144 3747 ό
1176 3694 1349 3762 ἣλιος
1368 3735 1382 3758 ,
1424 3696 1565 3763 τοὺς
1608 3698 1753 3753 δέκα

184 3780 564 3849 ἁναϐαθμοὺς
600 3781 733 3853 (30),
759 3782 867 3848 οὓς
910 3786 1121 3852 κατέϐη
1150 3786 1188 3853 ἠ
1228 3786 1390 3852 σκιὰ,
1425 3786 1565 3841 ὥστε
1595 3790 1751 3857 γενέ-

188 3872 307 3924 σθαι
324 3872 664 3944 τὴνὴμέραν
710 3874 921 3946 ἐκείνην
957 3875 1113 3947 ὡρῶν
1160 3877 1261 3949 λβ’.
1297 3878 1404 3930 Τοῦ
1455 3879 1562 3951 γὰρ
1604 3881 1752 3951 ἡλίου

184 3962 481 4035 δραμόντος
520 3966 611 4017 ἐπὶ
655 3966 752 4037 τὴν
779 3966 1006 4037 δεκάτην
1040 3966 1207 4040 ὥραν,
1249 3968 1411 4022 πάλιν
1450 3971 1753 4027 ἀνεπόδισε.

184 4056 292 4108 Καὶ
320 4056 487 4110 πάλιν
515 4056 675 4127 ἡνίκα
715 4058 918 4130 Ἰησοῦς
942 4061 970 4113 ὁ
1002 4059 1095 4114 τοῦ
1143 4062 1293 4131 Ναυὴ
1343 4062 1596 4134 ἐπολέμει
1631 4064 1756 4129 τοὺς

197 4146 561 4219 ’Δμωραίους,
598 4151 690 4204 τοῦ
712 4151 861 4222 ἡλίου
888 4152 987 4224 ἤδη
1014 4154 1093 4218 είς
1120 4153 1325 4225 δυσμὰς
1357 4154 1644 4221 κλίνοντος,
1661 4157 1756 4210 καὶ⁵

185 4236 277 4289 τοῦ
312 4238 557 4309 πολέμου
577 4240 784 4311 ἁθρόως
800 4243 1165 4313 ἐπικειμένου,
1190 4243 1504 4316 εὐλαϐηθεὶς
1530 4246 1753 4317 Ἰησοῦς,

190 4330 403 4399 μήποτε
432 4332 627 4395 νυκτὸς
652 4333 1038 4405 ἐπιγενομένης
1076 4334 1408 4404 διαφύγωσιν
1437 4338 1486 4389 οἱ
1528 4338 1757 4408 ἀλλόφυ-

2054 3059 2320 3133 Hippulyti
2353 3060 2589 3132 episcopi
2619 3061 2821 3130 Romae,
2851 3062 2919 3119 de
2945 3062 3196 3120 Ezechia.

1922 3151 2112 3208 Adhuc
2148 3160 2440 3224 aegrotante
2466 3151 2696 3208 Ezechia
2738 3169 2859 3225 rege
2888 3153 3086 3211 Judm
3125 3168 3174 3213 et
3216 3157 3410 3228 flente,

1852 3242 2081 3298 accessit
2122 3243 2343 3313 angelus
2383 3252 2437 3298 et
2472 3244 2608 3298 dixit
2654 3244 2721 3299 ad
2761 3260 2920 3300 eum:
2982 3244 3100 3300 Vidi
3150 3248 3412 3320 lacrymas

1853 3343 1969 3389 tuas
2015 3344 2065 3389 et
2115 3335 2296 3387 audivi
2327 3350 2499 3388 uocem
2544 3345 2709 3389 tuam.
2759 3335 2893 3391 Ecce
2936 3338 3074 3391 addo
3118 3341 3263 3393 atati
3310 3350 3413 3395 tua:

1852 3444 2017 3482 annos
2044 3427 2358 3497 quindecim.
2402 3427 2517 3480 Hoc
2559 3444 2677 3481 vero
2720 3428 2813 3481 tibi
2843 3431 3049 3501 signum
3088 3441 3197 3485 esto
3241 3449 3273 3485 a
3311 3431 3415 3486 Do-

1853 3521 2014 3572 mino.
2049 3517 2181 3573 Ecce
2203 3528 2439 3573 converto
2474 3520 2712 3575 umbram
2746 3521 3003 3591 graduum
3032 3522 3216 3577 domus
3242 3524 3408 3593 patris

1853 3612 1930 3665 tui
1952 3627 2077 3681 quos
2104 3611 2365 3665 descendit
2398 3611 2477 3664 sol
2495 3652 2510 3679 ,
2556 3613 2728 3666 decem
2762 3613 2956 3682 gradus
2984 3630 3110 3683 quos
3145 3614 3405 3671 descendit

1853 3703 2038 3757 umbra
2058 3702 2124 3767 ⁷³,
2154 3710 2215 3758 ut
2245 3702 2360 3757 dies
2390 3702 2488 3757 ista
2522 3705 2613 3758 tiat
2636 3704 2891 3760 horarum
2916 3705 3132 3775 triginta
3154 3707 3406 3761 duarum.

1854 3792 1949 3847 Sol
1976 3793 2118 3847 enim
2152 3808 2274 3848 cum
2304 3793 2417 3863 jam
2448 3794 2513 3848 ad
2548 3794 2808 3849 decimam
2841 3796 3029 3851 horam
3071 3797 3418 3853 decucurris-

1854 3893 1954 3949 set,
1987 3884 2181 3939 iterum
2212 3900 2463 3939 reversus
2492 3896 2594 3940 est.
2626 3884 2811 3940 Itidem
2845 3897 2904 3941 ut
2931 3902 3052 3942 cum
3075 3885 3234 3943 Jesus
3270 3887 3418 3943 Nave

1853 3973 2191 4045 belligeraret
2228 3975 2487 4030 adversus
2519 3974 2894 4041 Amorrhaaos,
2935 3976 3047 4032 sole
3079 3977 3189 4048 jam
3224 3978 3289 4031 ad
3330 3992 3419 4035 oo

1853 4080 2039 4120 casum
2070 4078 2338 4137 vergente,
2366 4076 2420 4122 et
2445 4067 2586 4122 bello
2616 4066 2899 4124 confertim
2925 4069 3287 4136 incumbente,
3320 4085 3413 4125 ve-

1855 4158 1993 4213 ritus
2028 4158 2193 4214 Josue
2228 4174 2295 4214 ne
2333 4173 2428 4230 per
2476 4170 2688 4215 noctem
2728 4160 3059 4231 ingruentem
3106 4162 3418 4233 alienigena:

1854 4247 2170 4320 effugerent,
2204 4250 2553 4305 exclamavit:
2592 4249 2705 4306 Stet
2731 4250 2811 4305 sol
2846 4251 2901 4304 in
2928 4249 3177 4316 Gabaon,
3210 4262 3259 4306 et
3291 4252 3418 4306 luna

1855 4342 1909 4395 in
1945 4341 2078 4395 vatle
2110 4340 2243 4394 Elon
2277 4342 2358 4407 ⁷⁵,
2389 4342 2559 4397 donec
2587 4342 2843 4412 populum
2884 4343 3027 4397 hunc
3058 4343 3418 4399 debellavero.

186 4420 287 4487 λοι,
313 4425 515 4496 ἐϐόησε
548 4424 749 4495 λέγων·
786 4427 986 4495 Στήτω
1011 4431 1043 4482 ό
1084 4428 1255 4496 ἥλιος
1291 4430 1440 4484 κατὰ
1474 4432 1743 4497 Γαϐαὼν,

1858 4431 1924 4485 Ει
1954 4434 2099 4487 stetit
2141 4432 2220 4487 sol
2244 4450 2305 4487 ac
2348 4433 2475 4487 luna
2508 4435 2564 4488 in
2604 4435 2826 4488 statione
2861 4451 2993 4501 sua,
3040 4446 3100 4489 ut
3126 4443 3271 4490 esset
3300 4436 3416 4491 dies

188 4517 281 4569 καί
310 4519 351 4585 ἡ
384 4516 615 4586 σελήνη
645 4519 792 4574 κατὰ
821 4518 1089 4590 φάραγγα
1124 4520 1333 4575 Ἐλώνο
1363 4523 1467 4587 ἕως
1492 4524 1560 4577 ἂν
1585 4524 1749 4577 ἐκπο-

1858 4524 1946 4579 illa
1993 4523 2250 4579 horarum
2291 4524 2477 4595 viginti
2520 4533 2769 4594 quatuor.
2818 4526 2992 4596 Atque
3043 4528 3145 4583 sub
3190 4527 3417 4583 Ezecbia

190 4605 410 4679 hpﬁcrw
438 4608 531 4662 τὸν
555 4610 680 4663 λαὸν
708 4610 914 4665 τοῦτον.
948 4614 1057 4666 Καὶ
1086 4613 1214 4685 έστη
1237 4614 1266 4666 ὁ
1286 4613 1454 4685 ἥλιος,
1488 4616 1579 4670 καὶ
1606 4618 1638 4687 ἡ
1664 4632 1751 4669 σε-

1858 4616 2015 4670 etiam
2043 4630 2166 4671 cum
2192 4616 2305 4670 sole
2332 4616 2553 4676 recessit
2582 4615 2729 4682 luna,
2766 4632 2833 4671 ne
2863 4617 2971 4671 duo
2998 4616 3263 4673 elementa
3293 4620 3414 4675 coeli

191 4698 320 4770 λήνη
354 4701 414 4752 ἐν
451 4702 517 4771 τῇ
545 4702 728 4755 στάσει
759 4702 957 4768 αὐτῶν,
980 4703 1117 4757 ὥστε
1144 4704 1393 4771 γενέσθαι
1413 4704 1512 4777 τὴν
1539 4706 1751 4779 ἡμέραν

1858 4707 2159 4763 inordinate
2200 4706 2429 4760 invicem
2468 4706 2877 4777 congredientes
2913 4707 3313 4763 colliderentur.
3352 4706 3418 4762 Et

194 4791 409 4861 ἐκείνην
441 4790 599 4862 ὡρῶν
630 4792 728 4848 κδ’.
763 4794 871 4847 Καὶ
896 4793 1220 4866 ἀνέστρεψεν
1251 4796 1343 4848 ἐπὶ
1376 4793 1613 4859 Ἐζεκίου
1652 4797 1749 4850 σὺν

1858 4798 2131 4866 perculsus
2156 4806 2283 4851 tunc
2308 4796 2665 4851 Marodachon
2683 4796 2966 4852 Chaldazus
2988 4811 3081 4851 rex
3103 4796 3412 4867 Babylonis,

122 4962 125 4965 ι
195 4881 269 4951 τῷ
294 4882 449 4955 ἡλίῳ,
481 4884 573 4938 καὶ
597 4884 791 4956 σελὴνη
813 4888 893 4950 είς
912 4887 1184 4941 τούπίσωο
1212 4888 1297 4941 ἵνα
1329 4889 1402 4959 μὴ
1434 4890 1468 4961 ἡ
1498 4890 1755 4961 σύγκρου-

1858 4889 2000 4959 quod
2028 4887 2407 4957 astrologicam
2440 4897 2611 4942 artem
2648 4889 2858 4943 colebat
2884 4897 3260 4957 astrorumque
3292 4904 3414 4943 cur-

199 4991 277 5038 σις
294 4975 405 5028 τῶν
436 4975 529 5028 δύο
562 4978 835 5047 στοιχείων
861 4977 1083 5049 γένηται
1110 4978 1357 5043 ἀτάκτως
1380 4978 1620 5050 ἀλλήλων
1636 4982 1752 5033 ἐπι-

1858 4995 1978 5034 sum
2016 4986 2266 5035 accurate
2297 4979 2650 5046 metiebatur,
2687 4994 2853 5035 causa
2886 4980 3099 5050 cognita
3133 4980 3415 5049 epistolam

262 5119 307 5149 ⁷⁸
342 5116 412 5172 ΙΙΙ
442 5117 573 5191 Reg.
612 5136 687 5186 Iv,
722 5121 812 5177 32.
887 5123 931 5154 "
960 5120 1117 5179 Prov.
1143 5138 1268 5188 xxv,
1297 5123 1348 5190 1,
1396 5138 1506 5179 sec.
1536 5123 1695 5178 LXX.
1770 5125 1816 5157 ⁷³
1844 5124 1949 5181 lsa.
1982 5141 2210 5193 xxxvtn,
2256 5124 2310 5187 5,
2342 5125 2405 5191 7,
2443 5124 2498 5180 8.
2572 5125 2618 5157 ”
2650 5123 2764 5181 Jos.
2802 5141 2854 5190 x,
2889 5124 2979 5180 l2.

234 5254 400 5336 ._(:2_7)_
428 5254 539 5322 Τάς
563 5273 631 5336 ,ξε
647 5256 813 5321 βίσλ.
843 5256 974 5336 Quae
994 5268 1400 5336 _sequ_unt_ur,__e
1435 5260 1617 5315 codice
1651 5276 1754 5317 ins.

198 5320 533 5379 bibliothecae
561 5320 763 5383 Caesar.
797 5320 967 5383 edidit
994 5320 1320 5383 Lambecius
1339 5328 1432 5384 lib.
1468 5345 1584 5397 vnt,
1632 5346 1755 5402 pag.

198 5393 319 5449 590.
353 5394 569 5450 FABRIC.
1551 5402 1565 5419 °

395 5434 641 5530 "52336,
682 5483 736 5520 κ.
765 5483 815 5521 τ.
848 5466 898 5521 λ.
931 5465 1128 5549 Eadem
1168 5467 1419 5551 referunt
1465 5468 1666 5551 .Suidas
1700 5470 1754 5524 in

325 5538 477 5593 Idae.
507 5535 786 5593 Svncellus
806 5546 859 5592 et
887 5538 999 5593 ain.
1040 5547 1097 5592 ut
1129 5538 1240 5593 dtxt
1270 5554 1322 5592 tn
1346 5538 1534 5593 Codice
1562 5541 1754 5593 mend-

210 5531 477 5615 Ἔζεκιας,
507 5535 786 5659 §fvncellus
806 5546 859 5592 et
887 5538 999 5602 alii,
1040 5547 1097 5592 ut
1129 5538 1240 5593 dixi
1270 5538 1322 5592 in
1346 5538 1534 5595 Codice
1561 5541 1754 5609 pseud-

210 5610 477 5659 rmaraoho
552 5618 623 5659 et.
657 5606 797 5659 Test.
828 5622 950 5659 nan.
986 5608 1121 5659 1045
1150 5624 1264 5659 sea.
1298 5607 1373 5659 In.

200 5606 477 5691 φὶενηιξνιξς
509 5606 623 5691 ἵει·
657 5606 797 5691 τεεμο
828 5607 1373 5691 νθεο.¹οι.ξ..εείι-.¹υο
1432 5678 1465 5691 η
1508 5680 1519 5691 .
1558 5606 1590 5691 ζ.
1635 5680 1646 5691 .

268 5675 382 5745 (29)
417 5675 922 5744 Μαλακισθέντοςῖ
968 5677 1024 5732 In
1068 5675 1392 5733 Bibliotheca
1425 5678 1753 5735 Coisliniana

202 5746 341 5801 edita
394 5762 424 5801 a
481 5747 551 5804 cl.
646 5745 1040 5805 Montfauconio
1066 5788 1080 5814 ,
1149 5749 1347 5806 eitatur
1393 5750 1751 5820 fragmentum

1861 5261 2004 5318 istud
2039 5277 2158 5332 pag.
2184 5259 2312 5324 265,
2346 5258 2643 5332 ιιιξίᾼιαηιεη
2669 5261 2925 5332 mendose
2956 5275 3421 5332 exeusumpaxa-

1864 5329 2163 5410 ptaeév—‘rog'
2207 5340 2369 5410 atque
2410 5330 2548 5410 idem
2580 5345 2734 5385 error
2749 5331 2842 5410 ἐρ.
2859 5329 3201 5402 Hippolytum
3229 5329 3419 5387 Fabri-

1860 5399 2075 5457 ciannm
2106 5399 2324 5471 irrepsit
2357 5408 2483 5471 tom.
2518 5401 2559 5465 Ι,
2599 5416 2720 5470 pag.
2744 5399 2875 5471 27f.

1932 5473 2043 5542 (30)
2086 5469 2231 5536 Τοὺς
2431 5469 2823 5542 ἀναϐαθμοὺς,
2864 5487 2917 5523 κ.
2963 5487 3016 5524 τ.
3059 5469 3109 5524 λ.
3154 5469 3279 5542 "ac
3328 5489 3417 5527 re-

1860 5539 1991 5613 citat
2016 5541 2240 5613 Michael
2260 5539 2453 5613 Glycgs
2475 5541 2529 5594 in
2559 5539 2752 5593 Annal.
2780 5550 2918 5613 part.
2950 5554 3008 5606 tt,
3036 5555 3155 5613 pag.
3190 5541 3308 5598 194.

1933 5612 2068 5683 (30')
2120 5607 2342 5667 Contra'
2376 5607 2616 5665 Grecam
2669 5607 3051 5672 versionem.‘
3082 5607 3202 5683 quae
3256 5613 3418 5669 habet

1858 5682 2179 5755 ἁδιάκριτοι.
