3814 6198
599 262 704 317 659

1476 261 1532 320 S.
1575 261 1929 329 HIPPDLYTI
1969 263 2117 319 OPP.
2157 261 2334 318 PARS
2365 263 2404 318 1.
2444 295 2513 304 -—
2547 263 2947 319 EXEGETICA.
3633 281 3707 335 om

601 371 717 426 cias
740 372 856 443 (qui
878 380 932 426 et
956 372 1265 445 Jechonias)
1289 383 1344 430 et
1367 373 1589 430 Sedum.
1605 373 1672 432 Et
1691 377 1908 447 quidem
1933 377 2142 433 Joaclia:

2265 376 2358 429 τοῦ
2419 377 2686 450 μακαρίου
2753 378 2983 443 Ἰωσίου,
3055 379 3300 451 Ἱωάχας,
3369 384 3603 460 Ἐλιακεὶμ
3645 413 3709 449 χαι

597 470 724 532 post
752 473 978 518 martem
1002 466 1172 534 patris
1196 481 1224 518 a
1251 467 1446 536 populo
1471 467 1523 521 iu
1558 482 1734 537 regem
1762 465 1998 538 ungitur,
2032 484 2153 523 cum

597 562 740 608 esset
779 568 1046 609 annorum
1080 557 1243 610 trium
1275 572 1437 626 supra
1473 557 1681 628 viginti.
1709 557 1978 614 Adversus
2013 560 2156 614 hunc

598 645 842 700 ascendit
868 646 1084 700 Pharao
1117 646 1334 702 Nechao
1364 664 1550 703 mense
1597 650 1752 704 tertio
1797 651 1947 721 regni
1995 652 2151 720 ejus;

595 737 952 807 vinctumque
977 749 1193 808 captum
1227 741 1378 795 ducit
1403 741 1456 794 in
1500 740 1812 811 Egyptum,
1843 757 1906 798 ac
1930 743 2152 798 multam

595 837 756 883 terra
805 828 1084 898 imposuit,
1122 839 1338 886 centum
1384 833 1580 887 talenta
1620 833 1844 905 argenti,
1883 841 1936 889 et
1969 835 2150 889 decem

595 917 736 970 auri.
788 916 1190 989 Constituitque
1251 936 1348 990 pro
1400 937 1466 975 eo
1523 938 1701 993 regem
1745 938 1907 992 super
1955 933 2150 978 terram

595 1005 817 1062 fratrem
851 1007 969 1077 ejus
1003 1009 1250 1073 Eliacim,
1287 1012 1372 1066 cui
1401 1028 1597 1068 nomen
1622 1015 1776 1068 vertit
1799 1012 2027 1080 Joacim,
2054 1029 2152 1069 an-

594 1097 682 1153 nis
706 1099 984 1156 undecim.
1016 1100 1292 1157 Adversus
1334 1104 1477 1159 hunc
1516 1105 1757 1160 ascendit
1796 1103 2151 1160 Nabuchodo-

595 1204 764 1245 nosor
793 1191 838 1223 ⁷⁷
871 1207 964 1246 rex
1004 1191 1315 1265 Babylonis,
1347 1195 1696 1266 vinctumque
1725 1204 1940 1266 captum
1976 1194 2150 1266 Baby-

593 1279 773 1336 lonem
802 1282 970 1347 ducit,
1004 1275 1320 1356 partemque
1341 1302 1593 1343 vasorum
1623 1288 1836 1353 domus,
1863 1303 1984 1357 quae
2001 1295 2152 1342 erant

589 1371 966 1446 Jerosolymis.
994 1375 1112 1444 Hic,
1145 1393 1268 1432 cum
1305 1380 1360 1433 in
1390 1394 1665 1434 carcerem
1703 1379 1983 1449 conjectns
2009 1388 2154 1435 esset

589 1477 766 1534 eoque
785 1472 1074 1530 teneretur,
1101 1467 1264 1536 utqui
1281 1466 1582 1522 Pharaonis
1608 1467 1815 1522 amicus
1831 1466 2150 1530 exstitisset,

588 1560 645 1607 et
672 1554 742 1608 ab
767 1568 832 1609 eo
860 1570 952 1610 rex
977 1556 1304 1613 constitutus
1330 1557 1539 1621 fuisset,
1565 1572 1710 1611 anno
1733 1558 1959 1628 septimo
1990 1573 2154 1627 supra

589 1645 928 1702 tricesimum
974 1648 1228 1704 educitur
1276 1649 1345 1704 ab
1393 1649 1439 1682 "
1484 1648 1660 1704 Evilat
1693 1647 1982 1704 Marodach
2029 1663 2151 1718 rege

589 1736 907 1808 Babylonis;
951 1741 1307 1810 detnnditque
1369 1742 1515 1797 illius
1561 1751 1742 1812 caput,
1792 1751 1846 1797 et
1879 1752 1996 1798 erat
2035 1743 2086 1797 ei
2120 1757 2151 1797 a

587 1829 852 1897 consiliis,
881 1839 934 1884 et
973 1831 1290 1886 comedebat
1329 1831 1384 1885 in
1417 1847 1602 1886 mensa
1643 1832 1780 1900 ejus,
1805 1832 1873 1886 ad
1898 1847 2020 1886 eum
2059 1848 2152 1887 us-

588 1936 695 1990 que
726 1924 894 1986 diem,
930 1939 1040 1993 quo
1062 1932 1310 1978 mortuus
1346 1932 1448 1976 est.
1483 1921 1619 1978 Cum
1658 1923 1747 1978 hic
1789 1923 1955 1994 igitur
1983 1921 2153 1978 abdu-

587 2025 710 2070 ctus
747 2015 956 2083 fuisset,
998 2025 1186 2088 regnat
1219 2017 1362 2070 ﬁlius
1396 2016 1515 2080 ejus
1539 2015 1743 2070 Joacim
1774 2016 1934 2072 anuis
1958 2017 2148 2073 tribus.

588 2107 948 2175 Ascenditqne
1001 2108 1055 2162 in
1113 2123 1239 2162 eum
1293 2106 1817 2175 Nabuchodonosor,
1863 2108 2152 2180 ipsumque

586 2210 652 2250 ac
680 2195 903 2265 reliqua:
933 2197 1106 2266 plebis
1126 2197 1312 2252 decem
1343 2198 1512 2253 millia
1542 2197 1786 2254 virorum
1820 2198 2149 2272 Babylonem

586 2287 850 2354 traducit;
881 2297 1042 2358 atque
1069 2288 1186 2358 ejus
1217 2297 1470 2359 patruum
1496 2304 1676 2362 regem
1708 2306 1808 2361 pro
1847 2306 1913 2346 co
1949 2292 2155 2347 consti-

585 2379 710 2446 tuit,
742 2394 907 2449 quem
941 2389 1150 2435 mutato
1187 2383 1408 2438 nomine
1449 2381 1726 2439 Sedeciam
1758 2385 2012 2440 vocavit:
2053 2401 2150 2456 pa-

583 2470 806 2540 ctisque
839 2487 963 2526 cum
987 2487 1053 2527 eo
1070 2472 1394 2542 juramentis
1424 2474 1642 2544 ictoque
1670 2475 1891 2540 ftedere,
1917 2475 2150 2549 Babylo-

583 2577 707 2616 nem
733 2562 889 2617 redit.
914 2561 1032 2629 Hic,
1055 2578 1179 2618 cum
1203 2575 1482 2636 regnasset
1501 2581 1673 2622 annos
1693 2567 1965 2633 undecim,
1990 2568 2057 2624 ab
2082 2585 2148 2624 eo

583 2653 860 2720 deficiens,
885 2656 938 2710 in
960 2657 1265 2712 Pharaonis
1311 2657 1456 2729 regis
1493 2658 1710 2731 Egypti
1744 2669 1927 2730 partes
1959 2669 2142 2717 trans-

583 2745 698 2800 ivit.
722 2748 879 2802 Anno
905 2748 1086 2818 itaque
1117 2749 1350 2818 decimo,
1391 2751 1610 2805 venitin
1635 2767 1759 2806 eum
1788 2767 1855 2808 ex
1885 2751 2145 2809 Chaidaea

581 2837 1101 2905 Nabuchodonosor,
1133 2841 1432 2912 urbemque
1474 2843 1615 2899 vallo
1645 2844 1816 2899 cinxit
1853 2854 2014 2916 atque
2045 2845 2145 2901 ob-

580 2929 742 2995 sedit,
767 2929 1026 3000 omniqne
1061 2946 1128 2985 ex
1164 2940 1316 3000 parte
1349 2933 1597 2989 arctavit.
1631 2933 1992 3002 Quamobrem
2027 2952 2146 2992 ma-

2271 465 2539 531 ’ῐωάνναν,
2567 467 2839 531 Σεδεκίας,
2861 469 2891 520 ὁ
2919 470 3011 522 καὶ
3042 470 3301 540 Ἰεχονίας,
3324 475 3408 527 καὶ
3428 476 3618 549 Σαδούμ,
3638 485 3711 539 Καὶ

2255 560 2283 611 ὁ
2301 560 2403 648 μὲν
2443 560 2685 630 Ἰωάχας,
2717 560 2852 630 μετὰ
2887 559 2983 632 τὴν
3018 563 3264 636 τελευτὴν
3293 566 3378 619 τοῦ
3412 573 3582 642 πατρὸς
3597 577 3710 630 αὐτα]

2255 649 2465 721 χρίεται
2498 651 2600 703 ὑπὸ
2626 650 2715 704 τοῦ
2745 651 2872 705 λαοῦ
2910 653 2988 716 είς
3021 653 3256 724 βασιλέα,
3279 655 3348 709 ὣν
3371 658 3488 711 ἑτῶν
3517 669 3602 730 κγ’.
3631 666 3714 720 Ἐπὶ

2254 741 2438 796 τοῦτον
2493 744 2769 797 ἀναϐαίνει
2829 745 3024 816 Φαραὼ
3072 745 3280 817 Νεχαὼ,
3320 749 3372 802 ὲν
3417 752 3486 822 τῷ
3527 757 3630 823 μηνὶ
3663 761 3714 828 τῷ

2253 831 2419 903 τρίτῳ
2444 832 2544 903 τῆς
2575 832 2847 903 βασιλείας
2867 836 3049 890 αὑτοῦ·
3073 838 3166 890 κει)⁹
3188 838 3358 893 λαϐὼν
3386 843 3523 896 αὐτὸν
3540 844 3713 917 δέσμιον,

2252 921 2372 990 ᾶγει
2398 923 2477 987 είς
2511 925 2805 994 Αἴγυπτον⁸
2835 927 2928 980 καὶ
2953 928 3224 999 ἐπιτίθησι
3263 932 3414 1003 φόρον
3439 936 3495 1004 τῇ
3529 939 3602 1006 γῇ,
3627 940 3716 991 ἐκσ-

2254 1013 2343 1067 τὸν
2363 1015 2601 1069 τάλαντα
2633 1017 2916 1089 ἀργυρίου,
2963 1019 3057 1073 καὶ
3113 1019 3241 1074 δέκα
3282 1022 3496 1077 τάλαντα
3535 1030 3716 1096 χρυσίον.

2251 1105 2361 1158 Καὶ
2389 1105 2618 1178 καθιστᾷ
2657 1109 2770 1162 ἀντ’
2801 1109 2961 1163 αὑτοῦ
3012 1111 3286 1183 Ἐλιακεὶμ
3317 1113 3400 1166 τὸν
3444 1115 3627 1185 ἀδελφὺν
3652 1122 3718 1172 αὑ.

2250 1197 2344 1250 τοῦ
2381 1197 2600 1266 βασιλέα
2627 1202 2717 1254 ἐπὶ
2737 1201 2835 1271 τῆς
2862 1203 2990 1273 γῆς,
3018 1202 3078 1256 δν
3107 1206 3468 1276 μετωνόμασεν
3513 1209 3719 1281 ἰωακεὶμ,

2252 1291 2344 1344 ἐπὶ
2375 1289 2467 1362 ἐτη
2496 1291 2707 1346 ἕνδεκα.
2748 1294 2868 1347 Ἐπὶ
2907 1293 3095 1347 τοῦτον
3141 1294 3304 1366 ἀνέϐη
3346 1296 3720 1376 Ναϐουχοδονόσορ

2254 1379 2503 1450 βασιλεὺς
2524 1383 2856 1448 Βαϐυλῶνος,
2887 1385 2981 1438 καὶ
3019 1384 3202 1439 λαϐὼν
3241 1386 3392 1440 αὐτὸν
3412 1388 3610 1459 δέσμιον,
3638 1396 3720 1463 ἄγει

2256 1475 2334 1536 εἰς
2367 1474 2679 1539 Βαϐυλῶνα,
2712 1477 2805 1530 καὶ
2848 1477 3010 1550 μέρος
3034 1495 3087 1530 τι
3123 1479 3228 1532 τῶν
3267 1479 3458 1533 σκευῶν
3496 1483 3613 1537 οἴκου
3644 1488 3719 1539 τῶν

2252 1565 2309 1616 ὲν
2349 1551 2724 1638 Ἰερουσαλήμ.
2759 1561 2924 1632 Οὗτος
2976 1569 3354 1634 κατάκλειστος
3385 1573 3640 1644 γενόμενος,
3672 1579 3722 1642 ὡς

2255 1655 2403 1725 φίλος
2422 1656 2515 1710 τοῦ
2534 1658 2731 1730 Φαραὼ
2760 1661 2852 1714 καὶ
2873 1661 2963 1714 ὑπ’
2987 1661 3152 1715 αὑτοῦ
3172 1662 3412 1733 βασιλεὺς
3426 1669 3718 1734 κατασταθεξ,

2185 1710 2224 1764 ⁸
2255 1710 2312 1794 ἐν
2342 1710 2417 1814 τῷ
2439 1743 2516 1810 λς’
2543 1710 3720 1828 magis;sgioiiiéﬁgiiiﬁii

2255 1832 2388 1898 λέως
2421 1835 2751 1905 Βαϐυλῶνος,
2775 1840 2868 1893 καὶ
2892 1841 3100 1913 ἔκειρεν
3123 1843 3284 1897 αύτοῦ
3313 1846 3406 1917 τὴν
3430 1848 3642 1919 κεφαλὴν,
3661 1854 3722 1905 καὶ

2251 1919 2318 1995 ἦν
2349 1925 2512 1980 αὑτοῦ
2543 1927 2861 1998 σύμϐουλος,
2885 1933 2978 1985 καὶ
3001 1933 3188 2005 ἤσθιεν
3213 1935 3269 1987 ὲν
3287 1939 3349 2008 τῇ
3370 1938 3585 2011 τραπέζῃ
3610 1942 3722 1994 αὑτοῦ

2251 2015 2356 2080 ἕως
2385 2016 2484 2088 τῆς
2515 2019 2726 2090 ἡμέρας
2764 2016 2832 2092 ἦς
2871 2023 3129 2078 ἀπέθανε.
3173 2027 3368 2081 Τούτου
3398 2024 3482 2082 οὖν
3510 2033 3725 2101 μεταχθὲν.

2248 2121 2359 2169 τος,
2389 2105 2661 2176 βασιλεύει
2689 2112 2718 2162 ό
2748 2111 2862 2174 υἱὸς
2890 2113 3058 2167 αὐτοῦ
3108 2115 3374 2189 Ἰωακεὶμ,
3405 2119 3491 2190 ἔτη
3513 2121 3614 2191 τρία
3631 2123 3724 2192 (55).

2252 2196 2359 2250 Καὶ
2391 2199 2484 2252 ἐπὶ
2507 2199 2692 2254 τοῦτον
2718 2202 2884 2274 ἀνέϐη
2915 2205 3404 2282 Ναϐουχοδονόσορ,
3438 2211 3520 2266 καὶ
3553 2216 3726 2284 μετοικί-

2249 2286 2329 2349 ζει
2357 2289 2515 2342 αὐτόν
2545 2308 2604 2344 τε
2641 2293 2734 2345 καὶ
2761 2293 2854 2347 τοῦ
2877 2295 3002 2350 λαοῦ
3037 2297 3170 2352 δέκα
3213 2299 3442 2371 χιλιάδας
3481 2304 3647 2375 ἀνδρῶν
3675 2310 3726 2369 εἰς

2249 2385 2557 2440 Βαϐυλῶναο
2591 2389 2684 2442 καὶ
2717 2390 2943 2463 καθιστᾷ
2973 2393 3089 2448 ἀντ’
3123 2395 3286 2449 αὑτοῦ
3323 2397 3409 2450 τὸν
3447 2399 3632 2468 ἀδελφὸν
3662 2401 3726 2454 τοῦ

2248 2477 2452 2561 πατρὸς
2506 2478 2691 2545 αὑτοῦ,
2734 2481 2793 2534 ὃν
2840 2482 2933 2535 καὶ
2981 2486 3335 2558 μετωνόμασε
3377 2490 3609 2546 Σεδεκίαν-
3647 2493 3725 2561 μεθ’

2245 2559 2305 2620 οὗ
2329 2568 2486 2639 ὅρκια
2517 2571 2610 2624 καὶ
2635 2571 2903 2644 συνθήκας
2942 2577 3328 2650 ποιησάμενος,
3355 2580 3550 2636 ἄπεισιν
3569 2583 3631 2646 εἰς

2245 2659 2479 2714 ϐυλῶνα.
2515 2655 2682 2728 Οὗτος
2707 2663 3030 2734 βασιλεύσας
3055 2669 3152 2742 ἔτη
3181 2679 3246 2724 ια’
3273 2673 3470 2745 ἀπέστη
3495 2675 3575 2728 ἀπ’
3594 2676 3726 2736 αὑτοῦ.

2247 2751 2342 2805 καὶ
2365 2751 2561 2807 ἔδωκεν
2592 2756 2781 2810 ἑαυτὸν
2801 2758 2934 2830 πρὸς
2954 2761 3156 2832 Φαραὼ
3191 2763 3406 2834 βασιλέα
3436 2765 3673 2835 Αἰγύπτου·
3690 2769 3726 2819 ὲν

2243 2841 2301 2897 δὲ
2331 2843 2407 2916 τῷ
2429 2846 2636 2920 δεκάτῳ
2659 2848 2765 2903 ἔτει
2806 2847 2967 2924 ἦλθεν
3005 2855 3094 2908 ἐπ’
3148 2858 3308 2911 αὑτὸν
3351 2858 3727 2930 Ναϐουχοδονόσορ

2244 2935 2309 2989 ἐκ
2338 2937 2440 3008 γῆς
2461 2939 2764 3005 Χαλδαίων,
2795 2944 2890 2998 καὶ
2920 2950 3367 3020 περιεχαράκωσε
3401 2951 3491 3022 τὴν
3521 2950 3643 3003 πόλιν
3663 2951 3727 3004 καὶ

579 3035 686 3090 gna
711 3035 899 3074 eorum
927 3037 1054 3089 pars
1089 3021 1232 3077 fame
1258 3023 1578 3078 interierunt
1609 3026 1737 3080 :alii
1773 3026 1954 3096 gladio
1981 3028 2137 3094 caesi;

2245 3028 2622 3098 naptsxébtosv
2669 3032 2838 3105 αὐτὴν
2883 3035 3180 3104 κύκλωθεν,
3229 3041 3320 3094 καὶ
3361 3046 3572 3113 συνεῖχεν
3601 3042 3721 3112 αὑτὴν

580 3108 827 3162 nonnulli
864 3110 1006 3164 inter
1036 3111 1207 3179 spolia
1237 3126 1302 3166 ac
1327 3115 1614 3169 manubias
1651 3117 1831 3185 capti;
1867 3118 1998 3173 urbs
2021 3119 2145 3190 igne

579 3208 874 3263 succensa;
907 3198 1166 3268 templum
1199 3201 1449 3271 murique
1481 3203 1762 3260 destructi.
1795 3205 1996 3263 Omnes
2022 3213 2142 3264 the-

577 3302 772 3342 sauros
809 3288 1058 3345 inventos
1099 3290 1154 3344 iu
1186 3291 1349 3347 domo
1385 3291 1598 3349 Domini
1623 3296 1838 3352 abstulit
1869 3301 2145 3356 exercitus

575 3376 974 3443 Chaldazornm,
1033 3391 1335 3453 cunctaque
1387 3400 1517 3440 vasa
1563 3401 1726 3442 aurea
1761 3398 1814 3443 et
1857 3404 2144 3461 argentea;

575 3483 845 3541 omneque
869 3488 943 3528 tes
971 3474 1226 3530 contrivit
1263 3474 1620 3534 Nabnzardau
1661 3480 1909 3553 princeps
1940 3499 2140 3555 coquo-

576 3576 722 3628 rum,
749 3573 802 3618 et
830 3565 952 3619 tulit
975 3581 1038 3620 ea
1085 3566 1139 3621 in
1169 3566 1514 3639 Babylonem.
1572 3569 1752 3639 Ipsum
1789 3590 1918 3629 vero
1968 3575 2136 3634 Sede-

573 3653 714 3708 ciam
753 3669 850 3724 per
881 3657 1055 3714 noctis
1099 3659 1313 3715 silentia
1347 3660 1635 3732 fugientem
1678 3679 1802 3720 cum
1831 3666 2142 3740 septingen-

569 3747 644 3802 tis
686 3748 838 3815 viris,
871 3760 1188 3818 persecutus
1221 3756 1494 3811 exercitus
1539 3756 1932 3824 Chaldaeorum,
1975 3761 2138 3832 inque

568 3837 789 3894 Iericho
831 3857 955 3895 cum
993 3853 1298 3909 assecutus,
1344 3847 1569 3903 adduxit
1594 3850 1660 3904 ad
1690 3865 1868 3920 regem
1904 3851 2134 3925 Babylo-

571 3930 659 3985 nis
682 3929 735 3983 in
769 3929 1032 3986 Reblatba
1077 3951 1090 3987 :
1141 3935 1255 4004 qui,
1273 3935 1482 4006 judicio
1508 3939 1575 3994 de
1598 3940 1704 4009 lilio
1734 3943 1787 3995 in
1821 3958 1898 3996 ira
1933 3942 2134 4000 furoris

571 4020 842 4088 instituto,
892 4023 961 4077 ob
994 4025 1254 4080 violatum
1293 4025 1506 4082 Domini
1546 4029 1926 4099 jusjurandum
1959 4045 2013 4090 et
2035 4036 2134 4093 fa:—

2244 3117 2524 3173 πάντοθεν.
2553 3121 2712 3176 Ὅθεν
2737 3126 2786 3178 οἱ
2809 3125 3050 3192 πλείονες
3070 3131 3254 3184 αὐτῶν
3276 3133 3332 3185 ἐν
3359 3132 3488 3205 λιμῷ
3507 3133 3726 3203 διεφθάρη⁴

2245 3226 2359 3262 σαν*
2393 3212 2441 3264 oi
2475 3212 2532 3266 δὲ
2563 3214 2620 3266 έν
2652 3217 2895 3290 ῥομφαίᾳ
2921 3221 3222 3277 ἀπώλοντο·
3256 3227 3393 3291 τινὲς
3417 3227 3639 3282 δὲκαύτῶν
3667 3228 3724 3280 ai—

2243 3301 2512 3370 χμάλωτοι
2560 3305 2888 3380 ἐλήφθησαν,
2911 3313 2944 3382 ἡ
2968 3311 3022 3365 δὲ
3049 3314 3207 3379 πόλις
3231 3318 3533 3389 ὲνεπυρίσθη
3551 3320 3598 3370 ἐν
3617 3318 3722 3386 πυρί·

2241 3391 2336 3444 καὶ
2362 3392 2390 3444 ὁ
2411 3393 2535 3458 ναὸς
2557 3397 2648 3450 καὶ
2687 3398 2747 3452 τὸ
2779 3403 2954 3472 τεῖχος
2980 3403 3279 3479 καθῃρέθη.
3312 3409 3415 3462 Καὶ
3446 3410 3619 3472 πάντας
3638 3410 3724 3471 τοὺς

2241 3479 2544 3553 θησαυροὺς
2564 3486 2688 3551 τοὺς
2715 3489 3034 3561 εὑρεθέντας
3085 3496 3148 3547 ὲν
3179 3497 3309 3567 οίκῳ
3351 3497 3554 3570 Κυρίου,
3591 3495 3724 3548 ἔλαϐεν

2241 3579 2273 3648 ἡ
2300 3577 2525 3649 δύναμις
2545 3579 2651 3632 τῶν
2678 3581 2977 3648 Χαλδαίων,
3005 3586 3100 3639 καὶ
3129 3589 3311 3643 πάντα
3339 3589 3402 3644 τὰ
3434 3590 3596 3660 σκεύη,
3613 3590 3664 3643 τά
3685 3605 3723 3639 τε

2239 3671 2415 3740 χρυσᾶ
2448 3670 2540 3723 καὶ
2563 3671 2795 3745 ἀργυρῶ
2818 3676 2912 3728 καὶ
2943 3676 3121 3732 πάντα
3154 3681 3350 3750 χαλκὸν
3385 3681 3607 3752 ἐξέκυψεν
3645 3681 3721 3734 Να-

2240 3758 2536 3831 ϐουζαρδάν
2562 3763 2591 3815 ό
2613 3763 3023 3838 ἀρχιμάγειρος,
3049 3771 3146 3824 καὶ
3169 3773 3363 3842 ἧνεγκε
3398 3773 3525 3828 αύτὰ
3547 3773 3614 3836 είς
3653 3771 3725 3823 Ba—

2240 3846 2469 3903 ϐυλῶνα.
2498 3851 2667 3906 Αὐτὸν
2701 3854 2759 3906 δὲ
2783 3854 2872 3909 τὸν
2910 3857 3167 3914 Σεδεκίαν
3196 3861 3287 3915 διὰ
3316 3864 3495 3926 νυκτὸς
3519 3863 3725 3932 φεύγοντα

2240 3940 2376 4009 μετὰ
2407 3941 2617 4013 ἀνδρῶν
2650 3944 3004 4013 ἑπτακοσίων,
3031 3952 3349 4020 κατεδίωξεν
3378 3956 3408 4025 ἡ
3433 3953 3626 4024 δύναμις
3646 3951 3722 4005 τῶν

2235 4032 2535 4099 Χαλδαίων,
2569 4038 2663 4091 καὶ
2691 4037 2987 4094 κατέλαϐον
3007 4042 3171 4097 αὐτὸν
3211 4046 3268 4098 ἐν
3307 4047 3515 4118 ’ῐεριχὼ,
3537 4045 3614 4098 καὶ
3634 4044 3724 4112 ἥγε.

568 4111 672 4166 dus
745 4114 893 4183 quod
943 4131 1068 4170 cum
1107 4117 1200 4170 illo
1236 4119 1548 4190 pepigerat,
1590 4123 1710 4192 ejus
1761 4125 1903 4182 ﬁlios
1944 4143 2128 4185 coram

2243 4139 2327 4189 γον
2382 4124 2544 4178 αὐτὸν
2587 4126 2721 4198 πρὸς
2771 4128 2989 4199 βασιλέα
3040 4131 3354 4199 Βαϐυλῶνος
3377 4111 3466 4199 ἐἑξ
3503 4111 3723 4186 rem.

574 4205 694 4272 ipso
723 4205 1012 4276 jugulavit,
1043 4223 1108 4262 ac
1137 4206 1373 4264 Sedecia:
1413 4212 1600 4268 oculos
1647 4217 1889 4282 caecavit,
1918 4219 2128 4289 ipsum-

2234 4215 2344 4267 Καὶ
2374 4216 2566 4288 ἐκρίθη
2592 4219 2708 4290 μετ’
2736 4221 2899 4276 αὑτοῦ
2937 4227 2965 4278 ό
3001 4226 3258 4296 βασιλεὺς
3298 4229 3354 4282 έν
3393 4226 3552 4298 θυμῷ,
3591 4227 3636 4277 ἐν
3672 4222 3726 4289 “3’

565 4311 674 4366 que
699 4296 876 4351 ferreo
903 4298 1076 4351 vinxit
1097 4299 1352 4367 pondere,
1384 4317 1448 4356 ac
1476 4300 1802 4373 Babylonem
1833 4306 2006 4373 duxit,
2037 4311 2125 4365 ubi

2243 4308 2669 4380 παραϐεϐηκέναι
2693 4312 2854 4367 αὑτὸν
2876 4316 2966 4368 τὸν
2989 4307 3148 4388 ὅρκον
3183 4318 3408 4391 Κυρίου,
3435 4296 3519 4372 καί
3543 4313 3622 4385 τὴν
3644 4311 3726 4364 δια.-

564 4397 684 4441 crat
709 4386 917 4440 molens
948 4387 1000 4441 in
1036 4388 1346 4444 molendino
1376 4391 1549 4446 donec
1587 4393 1726 4447 diem
1750 4396 1902 4450 obiit.
1929 4397 2131 4453 Defun-

2243 4399 2405 4472 θήκην
2433 4401 2500 4473 ἦν
2529 4402 2734 4457 διέθετο
2766 4406 2902 4477 πρὸς
2927 4386 3107 4475 αὑτὸν,
3143 4413 3240 4464 καὶ
3273 4386 3395 4475 τοὺς
3431 4408 3563 4471 υἱοὺς
3603 4403 3723 4458 αὺτοῦ

563 4477 748 4545 ctique
775 4487 1049 4547 arreptum
1086 4479 1317 4534 cadaver
1355 4490 1501 4536 retro
1539 4498 1725 4540 muros
1760 4487 2126 4556 projecerunt.

563 4569 622 4622 ιη
649 4583 716 4623 eo
749 4570 1077 4639 completum
1106 4568 1355 4626 Jeremiaa
1379 4574 1660 4628 oraculum
1693 4576 1922 4633 dicentis
1951 4595 1965 4632 :
2003 4576 2128 4633 Vivo

563 4677 680 4730 ego,
709 4660 841 4714 dicit
866 4660 1155 4727 Dominus,
1210 4663 1337 4733 quia
1387 4665 1434 4717 si
1473 4666 1631 4734 fuerit
1666 4665 1946 4722 Jechonias
1985 4670 2129 4739 ﬁlius

563 4748 774 4805 Joacim
805 4766 897 4805 rea:
923 4749 958 4804 J
963 4753 1070 4805 uda
1092 4752 1317 4806 annulus
1340 4753 1396 4807 in
1421 4771 1580 4809 manu
1609 4757 1822 4812 dextera
1847 4775 1983 4826 mea,
2011 4760 2131 4814 inde

564 4842 781 4896 evellam
813 4854 883 4898 te.
917 4842 982 4896 Et
1023 4842 1158 4897 dabo
1187 4851 1235 4896 te
1263 4845 1320 4897 in
1348 4863 1508 4900 manu
1533 4851 1875 4917 querentium
1901 4851 2131 4904 animum

567 4948 737 5002 tuam,
766 4939 822 4991 in
853 4955 1012 4992 manu
1034 4957 1067 4992 a
1095 4957 1314 5010 quorum
1336 4941 1473 5011 facie
1505 4951 1561 4994 tu
1591 4943 1869 5011 formidas,
1893 4945 1948 4997 in
1973 4961 2130 4999 manu

565 5029 956 5085 Chaldaeorum.
981 5029 1051 5086 Et
1079 5031 1357 5100 projiciam
1381 5043 1449 5099 te,
1470 5044 1519 5088 et
1547 5045 1766 5089 matrem
1795 5052 1912 5106 qua:
1937 5040 2130 5107 peperit

569 5130 637 5186 te,
667 5121 722 5175 in
755 5130 950 5176 terram
979 5123 1226 5189 alienam,
1270 5136 1317 5177 et
1354 5125 1647 5179 moriemini
1683 5127 1777 5180 ibi.
1824 5127 1890 5181 In
1935 5139 2129 5184 terram

564 5220 741 5266 autem
760 5229 916 5283 quam
938 5216 1068 5269 uotis
1089 5224 1338 5284 expetunt
1370 5218 1645 5272 animabus
1669 5221 1800 5287 suis,
1838 5237 1938 5275 non
1975 5224 2130 5277 redu-

566 5319 684 5356 cam
733 5315 801 5360 te.
834 5304 1190 5361 Inhonoratus
1229 5316 1306 5362 est
1355 5306 1659 5375 Jechom’as,
1699 5322 1757 5364 ut
1804 5329 1893 5367 vas
1919 5315 2126 5379 inutile,

569 5395 720 5464 cujus
767 5398 944 5454 nullus
983 5409 1059 5454 est
1105 5417 1267 5467 usus;
1309 5401 1504 5456 idcirco
1537 5404 1796 5474 projectus
1843 5417 1920 5461 est
1972 5419 2128 5479 atque

643 5509 689 5542 "
730 5509 795 5562 IV
839 5510 969 5582 Reg.
1015 5527 1161 5579 xuv,
1205 5513 1292 5570 10.
1366 5515 1413 5547 ⁷⁸
1444 5513 1512 5570 IV
1555 5514 1686 5589 Reg.
1743 5536 1868 5589 xxv,
1912 5520 2000 5576 27.

645 5677 758 5750 (55)
792 5679 895 5750 AL,
926 5684 1225 5755 τριμήνων,
1256 5702 1451 5742 menses
1482 5697 1602 5744 tres.

2234 4491 2462 4560 ἔσφαξεν
2495 4493 2796 4567 ἔμπροσθεν
2821 4500 3008 4560 αὐτοῦ,
3034 4502 3127 4555 καὶ
3157 4506 3286 4568 τοὺς
3311 4500 3590 4575 ὀφθαλμοὺς
3611 4495 3725 4549 Σεδε-

2234 4583 2351 4637 κίου
2389 4585 2772 4657 ἐξετύφλωσεν.
2811 4592 2917 4644 Καὶ
2949 4592 3144 4647 ἔδωκεν
3175 4597 3336 4650 αὐτὸν
3361 4597 3416 4649 ὲν
3437 4593 3598 4656 πέδαις
3624 4587 3723 4653 σίδη·

2239 4676 2489 4746 ραῖς,καὶ
2506 4677 2710 4747 ἤγαγεν
2747 4679 2905 4734 αὑτὸν
2937 4684 3017 4746 είς
3043 4683 3351 4739 Βαϐυλῶνα·
3375 4685 3461 4740 καὶ
3480 4680 3540 4755 ἦν
3562 4677 3722 4748 an,va

2235 4767 2294 4818 ὲν
2322 4765 2400 4837 τῷ
2436 4768 2658 4838 μύλωνι»
2703 4771 2806 4836 ἓως
2846 4774 2944 4844 τῆς
2988 4775 3199 4847 ἡμέρας
3228 4774 3296 4849 ἦς
3347 4775 3604 4831 ἀπέθανεν.
3642 4765 3721 4820 Καὶ

2235 4859 2294 4910 ὲν
2345 4858 2422 4930 τῷ
2455 4861 2747 4917 ἀποθανεῖν
2793 4864 2971 4932 αὐτὸν,
3021 4865 3272 4932 λαϐόντες
3316 4868 3374 4922 τὸ
3415 4863 3555 4936 σῶμα
3579 4854 3720 4919 αὐτοῦ,

2237 4949 2464 5022 ἔρριψαν
2489 4954 2662 5008 ὀπίσω
2683 4955 2775 5008 τοῦ
2807 4957 3014 5026 τείχους
3039 4960 3242 5013 Νινευί.
3295 4959 3410 5014 Ἐπὶ
3437 4960 3601 5012 τούτου
3621 4952 3722 5018 πλη-

2239 5045 2423 5114 ροῦται
2453 5047 2486 5116 ἡ
2520 5047 2822 5117 προφητεία
2873 5049 3152 5120 Ἰερεμίου,
3197 5052 3436 5121 λέγοντος
3459 5068 3472 5081 °
3513 5047 3590 5102 Ζῶ
3616 5042 3719 5113 ἐγὼ.

2230 5135 2388 5204 λέγει
2428 5137 2657 5204 Κύριος.
2705 5139 2758 5190 Ἐ
2761 5139 2836 5193 ὰν
2869 5141 3183 5210 γενόμενος
3225 5142 3453 5212 γένηται
3501 5135 3718 5208 Ἰεχονίας

2232 5227 2360 5292 υἱὸς
2413 5228 2676 5298 Ἰωακεὶμ
2718 5230 3012 5298 βασιλεὺς
3085 5233 3276 5288 Ἰούδα
3324 5229 3718 5301 ἀποσφράγισμα

2232 5325 2329 5377 ἐπὶ
2357 5322 2468 5391 τῆς
2489 5324 2684 5392 χειρός
2710 5343 2828 5394 μου
2854 5324 2962 5394 τῆς
2998 5326 3217 5394 δεξιᾶς,
3245 5327 3459 5383 ἐκεῖθεν
3486 5317 3717 5402 ἐκσπὰοέω

2231 5428 2324 5476 σε,
2352 5411 2448 5466 καὶ
2492 5411 2660 5467 δώσω
2689 5428 2762 5468 σε
2790 5416 2876 5481 εις
2915 5415 3113 5486 χεῖρας
3144 5417 3260 5472 τῶν
3298 5415 3596 5487 ζητούντων
3631 5403 3716 5473 τὴν
