3796 6194
526 257 631 311 643
1393 260 1450 314 8.
1498 258 1852 314 HIPPOLYTI
1887 260 2039 318 OPP.
2074 260 2252 317 PARS
2288 261 2328 317 1.
2363 291 2433 305 —
2470 259 2872 319 EXEGETICA.
3612 261 3695 312 644

524 383 769 449 Macedo,
810 382 1025 439 sublato
1072 379 1255 443 Dario,
1282 394 1464 435 rerum
1488 380 1690 450 potitus
1720 390 1836 445 est;
1858 381 2004 452 quod

2198 384 2240 436 οί
2272 385 2528 457 ’Έλληνες
2546 404 2560 418 ·
2597 386 2735 458 μετὰ
2762 384 2869 456 γὰρ
2897 383 3128 453 Πέρσας,
3146 378 3481 451 Ἀλέξανδρος
3507 378 3697 453 ἐκράτη-

525 476 821 531 simulacro
848 490 918 527 ωε
946 472 1222 527 indicavit.
1248 472 1401 537 Quod
1441 480 1623 526 autem
1649 472 1802 540 dicit,
1825 474 1928 527 aue
1955 489 2023 543 qu

2197 493 2283 530 σεν
2309 478 2338 529 ὁ
2367 477 2649 542 Μακεδὼν,
2688 474 2928 530 καθελὼν
2964 475 3184 541 Δαρεῖον
3205 489 3219 503 ”
3248 471 3277 524 δ
3303 470 3553 525 δέδεικται
3576 473 3623 525 ἐν
3648 477 3696 544 τῇ

525 580 645 622 tuor
690 565 937 631 volucris,
982 572 1033 619 et
1079 573 1306 635 quatuor
1349 564 1526 632 capita
1569 562 1765 629 bestiae,
1793 562 2024 618 luculenl

2200 566 2355 620 εικόνι
2384 569 2414 621 ὀ
2442 569 2685 638 χαλκός.
2716 567 2790 621 Τὸ
2833 566 2889 619 δὲ
2937 564 3115 632 λέγειν
3152 562 3337 630 πτερὰ
3362 563 3604 631 τέσσαρα
3627 580 3699 619 κε-

525 658 765 714 ostendit
803 672 913 727 quo
937 664 1096 727 pacto
1124 654 1417 710 Alexandri
1447 654 1747 709 dominatio
1772 654 1828 708 in
1856 667 2023 723 quatu

2198 657 2403 723 τεινοῦ,
2427 659 2523 713 καὶ
2552 658 2841 727 τέσσαρες
2864 653 3116 724 κεφαλαὶ
3144 652 3224 719 τῷ
3247 654 3425 721 θηρίῳ
3442 653 3697 723 σαφέστατα

528 758 710 820 partes
738 750 996 804 distracta
1034 747 1226 812 fuerit;
1252 756 1480 817 quatuor
1508 746 1651 801 enim
1680 746 1857 815 capita
1882 745 2027 802 dicen

2202 747 2379 814 Ξδειξε,
2407 749 2523 814 πῶς
2546 748 2856 821 διεμερίσθη
2882 747 2961 809 είς
2993 744 3229 815 τέσσαρα
3269 744 3407 815 μέρη
3442 746 3475 815 ἡ
3506 744 3701 813 βασιλεία

526 852 759 913 quatuor
785 857 959 912 reges,
986 840 1079 910 qui
1106 855 1172 894 ex
1215 855 1281 895 ea
1322 846 1695 905 surrexerunt,
1728 837 2023 909 signiﬁcavi

2205 839 2573 912 Ἀλεξάνδρου·
2607 840 2907 908 τέσσαρας
2949 838 3055 909 γὰρ
3102 836 3369 905 κεφαλὰς
3411 834 3587 901 εἰπὼν,
3613 840 3701 901 τοὺς

527 948 841 1001 supremum
888 932 1031 986 enim
1084 931 1225 986 diem
1273 929 1459 985 obiens
1502 927 1829 993 Alexander,
1865 941 2026 996 regnu

2204 931 2460 1003 τέσσαρας
2487 931 2719 1001 βασιλεῖς
2759 930 2884 993 τοὺς
2912 930 2971 996 ἐξ
2999 928 3167 999 αὐτῆς
3190 928 3520 992 ἀναστάντας
3545 929 3703 1000 ἐμήνυε

529 1041 689 1081 suum
748 1025 805 1079 in
863 1034 1101 1094 quatuor
1156 1032 1337 1093 partes
1392 1022 1591 1076 divisit.
1621 1019 1839 1084 Postea,
1895 1019 2024 1089 inqu

2208 1037 2288 1073 τε·
2318 1022 2578 1075 τελευτῶν
2624 1022 2731 1093 γὰρ
2779 1022 2808 1075 ὁ
2852 1019 3211 1091 Ἀλέξανδρος,
3244 1019 3406 1072 διεῖλε
3453 1017 3546 1090 τὴν
3592 1020 3707 1089 βιαι-

527 1127 718 1188 quarta
768 1116 929 1171 bestia
970 1115 1217 1169 terribilis
1246 1123 1398 1185 atque
1424 1113 1698 1183 stupenda,
1723 1113 1900 1167 dentes
1924 1112 2026 1181 ipsi

2214 1113 2341 1166 .elav
2366 1112 2528 1166 αὑτοῦ
2561 1114 2639 1177 είς
2662 1112 2901 1183 τέσσαρα
2929 1112 3328 1183 μέρη.Ἐπειτα
3366 1111 3514 1182 φησὶ,
3550 1114 3713 1179 θηρίον

530 1208 708 1281 ferrei,
741 1219 789 1262 et
819 1223 1015 1277 ungues
1048 1207 1214 1276 ipsius
1259 1206 1403 1260 cerei.
1432 1204 1665 1271 Quinam
1698 1217 1828 1258 vero
1859 1202 1916 1257 hi
1942 1218 2029 1258 sur

2217 1203 2470 1273 τέταρτον
2506 1204 2759 1274 φοϐερὸν
2786 1205 2887 1260 καὶ
2909 1205 3235 1274 ἐκθαμϐον·
3276 1206 3331 1259 οί
3374 1204 3604 1271 ὀδόντες
3636 1208 3716 1259 οὑ-

531 1300 637 1355 nisi
667 1298 932 1353 Romani?
963 1296 1202 1363 Quorum
1250 1310 1476 1366 regnum
1512 1295 1568 1351 in
1612 1292 1898 1365 praesentia
1943 1308 2030 1347 exs

2214 1296 2301 1349 τοῦ
2332 1295 2585 1365 σιδηροῖ,
2613 1298 2711 1351 καί
2760 1300 2813 1351 al
2854 1297 3071 1368 ὄνυχες
3111 1297 3297 1352 αὑτοῦ
3339 1296 3583 1367 χαλκοῖο
3608 1298 3713 1362 τίνες

531 1401 680 1447 stens
707 1389 849 1444 ferro
876 1389 893 1457 (
918 1388 971 1442 in
1002 1387 1333 1459 simulacro)
1359 1395 1737 1459 comparatur;
1772 1401 1931 1439 crura
1953 1385 2030 1439 eni

2216 1381 2285 1439 ιῦν
2318 1382 2480 1454 οὗτοι,
2519 1387 2690 1459 ἀλλ’ἢ
2722 1389 3010 1461 Ῥωμαῖοις
3044 1390 3177 1461 ὅπερ
3221 1388 3367 1442 ἐστὶν
3398 1391 3428 1443 ὁ
3460 1389 3661 1459 σίδηρος,
3688 1391 3715 1460 ἡ

529 1482 664 1552 ejus,
690 1482 883 1552 inquit,
915 1480 1107 1550 ferrea.

2217 1477 2287 1531 νῦν
2318 1479 2529 1534 ἑστῶσα
2559 1478 2834 1550 βασιλεία·
2881 1484 2943 1537 al
2972 1481 3190 1551 κνῆμαι
3228 1480 3339 1553 γὰρ
3371 1480 3572 1550 αὐτῆς,
3597 1482 3716 1551 φησὶ,

2199 1569 2447 1639 σιδηραῖ
2466 1570 2600 1642 (59).

601 1670 670 1722 ll.
710 1665 840 1721 Post
886 1665 1000 1721 haec
1044 1664 1211 1733 igitur
1248 1662 1379 1734 quid
1424 1671 1689 1735 superest,
1732 1660 1951 1718 dilecti?
1991 1658 2097 1715 nisi

2271 1664 2336 1716 II.
2379 1663 2534 1719 Μετά
2576 1666 2628 1733 γ’
2669 1662 2763 1720 οὖν
2812 1665 2969 1719 τοῦτο
3016 1667 3070 1720 τί
3131 1667 3497 1738 περιλείπεται
3540 1668 3718 1738 ἀγαπη-

531 1760 757 1831 vestigia
784 1756 979 1829 pedum
1003 1756 1302 1820 simulacri,
1332 1756 1386 1810 in
1412 1756 1609 1826 quibus
1636 1770 1759 1824 pars
1778 1754 1879 1809 erit
1901 1754 2030 1823 ferre

2221 1772 2279 1807 ποι
2299 1753 2409 1825 (60)
2431 1771 2445 1819 ;
2473 1754 2587 1808 ἀλλ’
2610 1754 2643 1827 ἢ
2670 1754 2739 1808 τὰ
2770 1756 2886 1825 τχνη
2907 1754 3014 1809 τῶν
3038 1756 3211 1810 ποδῶν
3234 1758 3334 1827 τῆς
3358 1757 3574 1820 εἰκόνος,
3598 1751 3720 1820 hei;

533 1869 657 1923 pars
684 1859 856 1904 autem
887 1857 1069 1912 testea,
1102 1846 1260 1901 simul
1280 1848 1588 1902 commistw.
1610 1845 1829 1917 Mystice
1849 1844 2032 1915 design

2218 1842 2371 1913 ιέρος
2402 1847 2517 1915 μέν
2538 1861 2593 1898 τι
2616 1845 2785 1899 ἔσται
2815 1844 3123 1914 σιδηροῦν,
3148 1846 3330 1915 μέρος
3360 1846 3429 1900 δέ
3464 1864 3516 1900 τι
3549 1847 3717 1914 ὀστρά-

534 1944 613 1997 vit
640 1958 734 2012 per
763 1939 960 2008 digitos
992 1937 1211 2007 pedum,
1245 1936 1427 1991 decem
1458 1951 1611 2007 reges
1638 1951 1705 1991 ex
1733 1936 1850 2006 ipso
1880 1934 2033 2007 (regn

2221 1952 2385 2001 ιινον,
2422 1936 2861 2006 ἀναμεμιγμένα
2904 1938 2988 2002 είς
3032 1935 3291 2003 ἄλληλα.
3326 1936 3605 1999 Μυστικῶς
3628 1937 3720 2006 lii.-

533 2031 847 2090 excitandos
871 2047 886 2084 :
916 2027 1061 2099 quod
1088 2026 1164 2081 ait
1186 2025 1373 2080 Daniel
1396 2044 1409 2080 :
1429 2025 1836 2081 Considerabam
1860 2027 2032 2081 bestia:

2221 2044 2339 2080 uuas
2377 2026 2464 2080 διὰ
2504 2027 2611 2081 τῶν
2639 2027 2910 2081 δακτύλων
2941 2028 3049 2081 τῶν
3076 2028 3269 2092 ποδῶν,
3302 2029 3430 2091 τοὺς
3458 2028 3581 2081 δέκα
3604 2027 3720 2098 βασι-

533 2134 586 2179 et
628 2139 742 2177 ecce
782 2136 980 2175 cornua
1022 2118 1196 2172 decem
1237 2128 1351 2187 post
1381 2134 1519 2180 eam,
1553 2118 1607 2172 in
1641 2118 1840 2188 quibus
1872 2117 2032 2189 prodil

2222 2122 2313 2182 tsi;
2342 2118 2466 2183 τοὺς
2497 2118 2555 2185 ἐξ
2581 2119 2747 2190 αὐτῆς
2776 2117 3182 2193 ἐγειρομένους·
3205 2120 3340 2191 ὅπερ
3373 2120 3520 2188 λέγει
3543 2120 3721 2188 Δανιήλ-

536 2214 684 2269 aliud
721 2210 1028 2283 (parvum)
1061 2209 1357 2272 adnatum;
1387 2224 1483 2279 per
1520 2210 1666 2280 quod
1699 2209 1916 2265 nonnisi
1943 2210 2035 2262 Ani

2213 2212 2584 2279 Προσενόουν
2609 2210 2688 2277 τῷ
2721 2212 2917 2280 θηρίῳ,
2947 2212 3045 2266 καὶ
3074 2211 3202 2266 ίδοὺ
3234 2212 3379 2266 δέκα
3402 2216 3605 2280 κέρατα
3626 2214 3712 2265 ἐπὶ·

532 2306 773 2362 christus
816 2317 1112 2373 exsurgens
1157 2301 1504 2371 designatur;
1551 2302 1666 2372 ipse
1721 2310 1903 2357 autem
1952 2300 2031 2356 ίιιι

2222 2314 2290 2352 rw
2312 2299 2517 2364 αὐτοῦ,
2546 2300 2603 2354 ἐν
2628 2295 2707 2364 οἷς
2736 2301 3061 2373 ἀναϐήσεται
3085 2301 3287 2369 ἕτερον

532 2413 757 2469 regnum
812 2394 1077 2449 restituet.
1111 2392 1229 2447 Jam
1277 2394 1380 2446 tria
1430 2408 1627 2446 cornua
1656 2392 1844 2447 dicens
1888 2392 1955 2446 ab
1987 2391 2031 2461 ip

2226 2394 2336 2463 imp
2363 2391 2625 2446 δέδεικται
2649 2393 2761 2464 οὐχ’
2787 2394 2968 2464 ἔτερος
2994 2394 3162 2465 ἀλλ’,ἢ
3186 2397 3214 2448 ὁ
3242 2395 3593 2469 Ἀντίχριστος
3613 2396 3725 2461 ἐγει-

532 2488 701 2554 evelli,
732 2498 840 2543 tres
869 2501 1023 2556 rcges
1049 2485 1295 2556 designat
1326 2483 1565 2555 Egypti,
1601 2483 1782 2556 Libya:
1806 2492 1860 2539 et
1890 2482 2031 2539 Ethi

2223 2480 2426 2553 »άμενος
2444 2498 2457 2512 ·
2490 2482 2583 2535 καὶ
2614 2484 2773 2547 αὐτὸς
2802 2483 2898 2555 τὴν
2942 2484 3108 2540 Ἰούδα
3154 2484 3426 2555 βασιλείαν
3454 2486 3722 2555 ἀναστήσει.

534 2580 657 2651 pize,
684 2594 826 2650 quos
857 2578 911 2631 in
944 2577 1059 2632 acie
1086 2577 1210 2632 belli
1242 2577 1542 2632 interﬁciet.
1560 2575 1662 2642 Qui
1695 2575 1947 2630 omnibus
1976 2590 2033 2630 su

2223 2574 2342 2641 ῐζρία
2364 2573 2421 2626 δὲ
2449 2573 2665 2642 κέρατα
2695 2575 2866 2643 λέγων
2908 2577 2997 2629 ὑπ’
3030 2576 3194 2629 αὐτοῦ
3222 2576 3605 2645 ἐκριζοῦσθαι,
3630 2576 3722 2637 τοὶς

535 2671 693 2736 actis,
726 2670 953 2724 immitis
986 2680 1041 2724 et
1067 2668 1302 2724 crudelis
1329 2678 1591 2740 tyrannus
1617 2667 1904 2732 exsistens,
1933 2664 2034 2720 trib

2223 2667 2346 2736 τρεῖς
2391 2664 2625 2735 βασιλεῖς
2658 2666 2945 2731 δείκνυσιν,
2976 2668 3269 2737 Αἰγύπτου,
3302 2668 3513 2721 Λιϐύων
3542 2685 3619 2733 τε,
3654 2667 3722 2718 καὶ

533 2762 791 2820 lationem
819 2771 871 2816 et
898 2761 1328 2833 persecutionem
1360 2762 1414 2815 in
1443 2769 1662 2816 sanctos
1700 2758 1883 2825 faciet,
1912 2758 2032 2814 adv:

2224 2755 2491 2821 llOtémv,
2522 2756 2613 2822 οὒς
2640 2758 2817 2812 ἀνελεῖ
2838 2760 2896 2813 ἐν
2920 2758 3216 2831 παρατάξει
3242 2758 3475 2829 πολέμου
3496 2776 3511 2789 ⁸
3546 2759 3601 2823 ὃς
3624 2776 3723 2829 κρα-

535 2871 631 2914 sus
667 2870 762 2910 eos
807 2854 1003 2909 elatus.
1039 2852 1170 2908 Post
1195 2868 1353 2924 quem
1397 2853 1665 2923 reliquum
1696 2860 1800 2917 est,
1836 2859 1895 2906 ut
1925 2853 2034 2905 ven?

2224 2849 2370 2920 τὴσας
2420 2849 2636 2903 πάντων
2682 2850 2868 2916 δεινὸς,
2908 2852 3283 2924 ὠμοτύραννος
3326 2851 3401 2905 ὢν
3450 2851 3620 2922 θλίψιν
3658 2851 3723 2904 καὶ

533 2949 602 3003 de
630 2947 768 3001 cado
796 2945 951 3015 lapis,
995 2946 1084 3015 qui
1112 2946 1367 3013 percussit
1404 2944 1768 3008 simulacrum,
1793 2953 1847 2998 et
1873 2957 2032 2998 comtl

2226 2941 2439 3012 ἱιωγμδν
2481 2943 2573 2994 ἐπὶ
2617 2942 2742 3006 τοὺς
2776 2944 2961 3012 ἁγίους
2989 2944 3225 3015 ποιήσει,
3258 2944 3611 3017 ἐπαιρόμενος
3636 2943 3725 2997 κατ’

535 3042 655 3096 nuit
672 3041 892 3104 illud,et
913 3039 1190 3095 transtulit
1213 3039 1395 3093 omnia
1424 3045 1679 3107 regna,et
1709 3036 1855 3092 dedit
1876 3051 2034 3107 reguu

2225 3033 2379 3087 ιὺτῶν
2398 3051 2412 3065 ο
2442 3033 2559 3105 μεθ’
2583 3034 2641 3087 δν
2668 3034 2850 3089 λοιπὸν
2878 3034 2989 3106 (6i)
3014 3034 3135 3106 ἥξει
3164 3036 3257 3089 ἀπ’
3284 3034 3521 3109 οὐρανῶν
3548 3038 3724 3100 elidor

532 3133 735 3187 sanctis
787 3129 1068 3185 Altissimi.
1100 3131 1199 3185 Hic
1239 3129 1412 3184 factus
1458 3138 1539 3184 est
1590 3144 1736 3183 mons
1783 3142 2025 3198 magnus,

2230 3127 2236 3171 ῐ
2278 3125 2544 3192 πατάξας
2593 3126 2706 3193 τὴν
2744 3128 2967 3191 είκόνα,
3000 3128 3093 3181 καὶ
3138 3126 3431 3197 συντρίψας
3453 3126 3637 3198 αὐτὴν,
3660 3124 3729 3177 καὶ

531 3224 761 3293 implevit
789 3223 1088 3275 universam
1119 3230 1334 3273 terram.

2226 3219 2545 3288 ιεταστήσας
2574 3218 2752 3282 πάσας
2780 3218 2876 3282 τὰς
2906 3218 3197 3289 βασιλείας,
3217 3218 3309 3272 καὶ
3343 3218 3463 3282 δοὺς
3491 3218 3590 3290 τὴν
3613 3219 3725 3289 βασι-

530 3315 678 3371 λείαν
716 3314 890 3383 ἁγίοις
928 3312 1179 3383 Ὑψίστου
1198 3330 1214 3343 ι
1241 3304 1393 3374 οὗτος
1423 3312 1451 3363 ὁ
1475 3308 1721 3379 γενηθεὶς
1766 3308 1902 3377 ὄρος
1927 3307 2097 3377 μέγα,
2131 3308 2227 3361 καὶ
2254 3308 2575 3378 πληρώσας
2600 3309 2804 3364 πᾶσαν
2832 3309 2946 3379 τὴν
2968 3309 3101 3380 γῆν.

602 3407 695 3460 ΠΙ.
736 3405 871 3459 Cum
905 3404 1020 3460 hare
1057 3404 1239 3473 itaque
1272 3402 1450 3457 futura
1478 3402 1607 3467 sint,
1634 3411 1689 3457 et
1731 3401 1883 3473 digiti
1927 3401 2097 3455 simu-

2268 3401 2357 3457 ΙΙΙ.
2396 3402 2611 3456 Τούτων
2644 3399 2736 3457 οὖν
2765 3404 3059 3474 ἐσομένων,
3098 3406 3191 3458 καὶ
3216 3403 3324 3459 τῶν
3355 3403 3625 3458 δακτύλων
3655 3401 3729 3469 τῆς

534 3499 667 3553 lacri
716 3498 768 3551 in
816 3497 1176 3552 democratias
1223 3495 1557 3558 transierint,
1588 3504 1642 3549 et
1681 3494 1865 3550 decem
1892 3509 2033 3549 cornu

2230 3496 2399 3559 ίκόνος
2436 3496 2514 3560 είς
2557 3496 2921 3568 δημοκρατίας
2949 3499 3330 3568 χωρησάντων,
3362 3496 3457 3551 καὶ
3496 3496 3606 3549 τῶν
3628 3494 3728 3547 δέκα

532 3590 719 3646 bestia:
745 3589 798 3642 in
829 3588 1013 3642 decem
1042 3602 1203 3654 regna
1232 3587 1402 3641 divisa
1429 3586 1660 3649 fuerint;
1684 3600 1803 3656 quae
1825 3583 2031 3655 proposi

2225 3588 2439 3660 ιεράτων
2483 3587 2577 3640 τοῦ
2624 3588 2811 3659 θηρίου
2846 3588 2960 3659 (62)
3008 3589 3086 3651 είς
3111 3588 3241 3642 δέκα
3287 3586 3567 3658 βασιλείας
3607 3602 3724 3658 μερι-

533 3688 681 3744 sunt,
716 3680 973 3735 attentius
1006 3679 1383 3748 inspiciamus,
1415 3692 1586 3747 eaque
1638 3677 1933 3731 lustremus
1962 3690 2030 3745 qu

2229 3677 2429 3731 θέντων
2447 3694 2460 3707 ·
2493 3677 2687 3747 ἴδωμεν
2708 3677 3036 3749 σαφέστερον
3061 3677 3131 3731 τὰ
3158 3678 3519 3749 προκείμενα,
3556 3678 3637 3730 καὶ
3660 3691 3728 3725 xa-

532 3772 825 3826 dammodo
854 3771 1026 3826 oculis
1065 3770 1216 3840 ipsis.
1250 3769 1419 3839 Caput
1448 3785 1663 3823 aureum
1690 3768 1983 3833 simulacri,
2018 3786 2031 3821 ε

2228 3769 2540 3839 ανοήσωμεν
2572 3768 2709 3821 αὐτὰ
2736 3767 3184 3839 ὁφθαλμοφανῶς.
3213 3767 3456 3837 Κεφαλὴ
3476 3769 3595 3836 τῆς
3616 3764 3727 3821 δίκε-

530 3860 717 3924 ίεανηα,
742 3877 851 3931 qua
879 3860 1157 3932 Babylonii
1200 3860 1759 3931 reprmsentahantur;
1794 3858 2012 3921 humeri,

2227 3878 2300 3925 ὀς
2319 3858 2539 3929 χρυσῆ,
2557 3860 2727 3914 ἔστιν
2748 3862 2786 3929 ἠ
2807 3860 3037 3925 λέαινα,
3066 3860 3387 3915 Βαϐυλωνίοι
3420 3856 3564 3931 ἦσαν
3579 3877 3592 3889 ·
3620 3854 3726 3927 ὤμω

532 3949 746 4003 brachia
790 3961 1053 4020 argentea,
1085 3966 1262 4016 ursus,
1298 3965 1406 4020 quo
1454 3948 1631 4003 Persa
1678 3946 2029 4017 designabant

2228 3954 2291 4006 :al
2316 3954 2635 4024 βραχίονες
2663 3955 2926 4023 ἀργυροῖ,
2954 3956 2992 4023 ἡ
3014 3954 3247 4023 ἄρκτος,
3276 3954 3480 4026 Πέρσαι
3526 3953 3613 4006 καὶ
3637 3950 3727 4017 Μῆ-

530 4049 587 4094 et
611 4040 767 4094 Medi.
802 4039 987 4093 Venter
1028 4051 1076 4093 et
1106 4041 1306 4109 femora
1346 4056 1511 4106 enea,
1539 4039 1755 4105 pardus,
1785 4054 1894 4108 quo
1922 4036 2029 4092 (ἐι-α

2230 4062 2271 4098 οι
2289 4061 2303 4075 ⁸
2336 4046 2534 4100 κοιλία
2566 4045 2663 4099 καὶ
2687 4046 2861 4115 μηροὶ
2904 4045 3141 4116 χαλκοῖ,
3169 4046 3207 4112 ή
3234 4043 3557 4112 πάρδαλις,
3582 4044 3623 4097 oi
3647 4038 3729 4094 ἁπδ

527 4132 624 4202 qui
648 4133 716 4187 ab
730 4131 1034 4186 Alexandro
1054 4132 1408 4201 imperarunt,
1438 4131 1881 4201 signiﬁcabantur
1901 4149 1915 4197 ;
1937 4148 2026 4185 cru

2231 4136 2549 4207 Αλεξάνδρου
2598 4138 2969 4210 κρατήσαντες
3004 4136 3259 4208 ’Έλληνες
3281 4153 3296 4167 ⁸
3338 4134 3567 4205 κνῆμαι
3599 4132 3730 4197 σιδη-

530 4228 721 4297 {errea,
755 4227 919 4281 bestia
952 4228 1225 4296 stupenda,
1251 4244 1311 4281 ac
1340 4226 1611 4292 terribilis,
1646 4224 1877 4281 Romani
1918 4242 2029 4281 erat

2225 4228 2309 4293 ai,
2359 4230 2565 4297 θηρίον
2611 4229 2907 4299 ἕκθαμόον
2958 4229 3056 4282 καί
3101 4227 3373 4298 φοϐερὸν,
3404 4228 3651 4299 Ῥωμαῖοι
3691 4223 3724 4275 cf

528 4320 621 4389 qui
653 4318 817 4373 modo
846 4318 1130 4387 imperium
1160 4328 1375 4385 tenent;
1406 4320 1624 4389 uestigia
1651 4319 1839 4388 pedum
1872 4326 2006 4372 testa

2227 4318 2285 4371 ὗν
2308 4318 2663 4390 κρατοῦντες*
2695 4319 2833 4387 ἴχνη
2877 4316 3076 4372 ποδῶν
3103 4318 3423 4386 ὄστρακον,
3459 4320 3555 4374 καὶ
3588 4314 3726 4377 albu-

532 4409 748 4476 ferrum,
775 4418 900 4463 sunt
920 4409 1103 4464 decem
1133 4424 1359 4477 cornua,
1391 4425 1510 4479 quae
1538 4408 1719 4463 futura
1746 4418 1902 4475 sunt;
1934 4425 2031 4462 cor:

2223 4428 2313 4476 ος,
2340 4409 2409 4463 τὰ
2453 4410 2582 4463 δέκα
2626 4410 2829 4481 κέρατα
2869 4410 2937 4463 τὰ
2986 4411 3243 4482 μέλλοντα
3283 4410 3538 4465 ἔσεσθαι·
3584 4409 3722 4476 κέρας

538 4499 755 4553 alterum
788 4514 1024 4566 parvum,
1048 4500 1185 4570 quod
1215 4501 1349 4554 inter
1373 4500 1488 4569 ipsa
1512 4499 1838 4566 adnascitur,
1867 4507 1951 4554 est
1978 4497 2037 4551 AI

2293 4518 2391 4560 οον
2432 4501 2647 4571 μικρὸν
2690 4502 3103 4571 ἀναφυόμενον
3147 4502 3217 4556 ἐν
3259 4502 3489 4570 αὐτοῖς,
3524 4504 3551 4555 ὁ
3585 4498 3721 4553 Ἀντία

532 4590 848 4656 tichristus;
880 4591 1014 4660 lapis
1060 4595 1349 4661 percutiens
1386 4591 1732 4647 simulacrum
1780 4599 1831 4645 et
1874 4605 2031 4643 comm

2228 4607 2437 4664 ριστος*
2472 4593 2641 4659 λίθος
2666 4595 2699 4646 ό
2723 4592 3052 4647 πατάσσων
3089 4592 3202 4661 τὴν
3236 4595 3445 4648 εἰκόνα
3484 4594 3577 4647 καί
3612 4604 3723 4645 συν-

529 4696 717 4746 nuens,
747 4679 839 4749 qui
864 4681 1105 4750 implevit
1132 4692 1353 4751 terram,
1380 4682 1629 4738 Christus
1659 4690 1793 4737 este
1817 4680 1969 4736 cmlis
1995 4696 2026 4735 ν

2223 4685 2418 4752 ρίόων,
2451 4687 2480 4739 ὁ
2522 4684 2811 4757 πληρώσας
2842 4685 2937 4756 τὴν
2971 4686 3096 4755 γῆν,
3123 4685 3351 4757 Χριστὸς
3392 4686 3494 4739 ἀπ’
3519 4678 3722 4756 οὐρανῶν

529 4740 713 4837 ηἰοιιε,
740 4740 796 4825 et
824 4740 1026 4827 mundo
1050 4773 1314 4843 judicium
1340 4740 1604 4830 inducens
1636 4773 1772 4844 (58).

2123 4740 2166 4797 Β
2191 4740 2503 4847 ἐρχόμενος,
2538 4740 2731 4847 καί.τῷ
2753 4740 2939 4847 κδσμίρ
2960 4740 3138 4849 κρίσιν

599 4860 689 4916 IV.
727 4860 927 4916 Verum
957 4878 1025 4919 ne
1054 4866 1109 4920 in
1139 4865 1241 4921 hac
1264 4876 1415 4936 parte
1438 4866 1775 4937 prapositum
1802 4876 2089 4935 argumen-

2261 4866 2349 4921 lV.
2394 4870 2507 4922 Ἵνα
2535 4869 2591 4922 δὲ
2621 4868 2739 4940 μηδ’
2754 4871 2811 4923 ἐν
2828 4868 2998 4941 τούτῳ
3021 4870 3398 4923 ἀναπόδεικτον
3426 4865 3723 4933 καταλείψω·

601 4976 716 5054 (58)
754 4976 871 5033 Huc
901 4994 1075 5054 usque
1099 4980 1247 5054 paria
1274 4981 1525 5054 leguntur
1544 4982 1599 5036 in
1623 4980 1716 5054 li_b.
1744 4978 1821 5054 De
1846 4993 2089 5054 consumv
2193 4983 2279 5037 vel
2310 4981 2602 5054 ἀγαπητοί,
2628 4982 2922 5053 aliquando
2948 4984 3109 5038 etiam
3147 4984 3200 5038 in
3232 4983 3590 5054 supposititiis
3611 4978 3724 5048 φιλό-

527 5049 763 5126 matione
782 5051 983 5112 mundi,
1015 5060 1147 5104 sect.
1174 5050 1260 5112 M,
1284 5049 1346 5104 et
1370 5052 1422 5126 i_n
1450 5054 1616 5126 altero
1644 5051 1718 5126 De
1737 5049 2080 5126 Anticltristo,
2189 5049 2415 5126 χριστοι.
2443 5049 2678 5122 Apparet
2707 5049 2888 5126 autem
2925 5066 3171 5126 nostrum
3212 5049 3652 5126 commentarium
3670 5062 3722 5102 ex
3774 5060 3791 5104 .'

528 5070 757 5100 πιαηυηε
782 5070 983 5112 πωπω,
1015 5070 1147 5104 δεδι.
1174 5070 1260 5112 Ii,
1284 5070 1341 5104 Cl
1370 5070 1422 5104 ιη
1450 5070 1616 5105 altero
1644 5070 1718 5104 νο
1737 5070 2080 5112 autumnum,
2230 5070 2415 5126 ριστοι.
2443 5070 2678 5122 Apparet
2707 5070 2887 5108 auwm
2925 5070 3171 5109 ῃοειτιιω
3212 5070 3673 5108 commentarium]

528 5128 677 5198 secta
696 5118 767 5173 23
794 5134 858 5173 ac
885 5134 1024 5189 seq.,
1062 5135 1291 5190 quorum
1317 5116 2087 5243 Brimosvelutisupposititius
2189 5070 2427 5179 bomiliis
2457 5132 2727 5203 constare,
2770 5124 2968 5177 habitis
2998 5125 3049 5178 in
3078 5136 3345 5178 conventu
3382 5124 3635 5178 ﬁdelium.
3662 5190 3673 5200 .

529 5198 791 5243 rencntur.
823 5190 957 5243 alter
1002 5192 1278 5243 orobatur.
1367 5200 1551 5243 teruue
1579 5201 1760 5243 tamen
1796 5188 2087 5243 tnternola-
2261 5194 2373 5243 (6n
2413 5191 2469 5243 In
2511 5192 2602 5243 llb.
2638 5192 2709 5243 De
2740 5194 3071 5243 Antichrist.-
3099 5194 3189 5243 26-
3237 5197 3354 5243 αετ’
3376 5195 3575 5243 ὀλίγον,
3610 5191 3673 5243 Ιῡι

529 5188 791 5264 rejicitur,
823 5188 973 5264 alter
1002 5188 1278 5264 probatur.
1315 5188 1551 5264 pterun
1579 5201 1760 5243 tamen
1796 5188 2087 5264 interpola-
2261 5194 2384 5264 (61),
2413 5191 2469 5245 In
2511 5192 2610 5264 lib.
2638 5192 2709 5246 De
2740 5194 3071 5260 Antichrist.,
3099 5194 3189 5257 26,
3236 5197 3354 5264 μετ’
3376 5195 3575 5264 ολίγον,
3610 5188 3721 5264 ibid.

528 5253 619 5337 tus
666 5258 820 5314 facile
849 5253 1264 5329 deprehenditur
1314 5253 1478 5329 hujus
1512 5258 1886 5314 Commentarii
1917 5253 2027 5311 coll;

2288 5273 2327 5317 t.
2355 5253 2409 5328 5,
2444 5263 2629 5337 ἐπειδὴ
2656 5264 2842 5337 καιρδς
2874 5253 3069 5317 λοιπὸν
3104 5253 3320 5337 ἀπαιτεῖ
3351 5282 3365 5319 ;
3392 5253 3721 5337 Tanaquillus

530 5332 702 5403 “099',
761 5399 784 5403 ,
1034 5400 1045 5403 _
1096 5401 1103 5403 ξ
1315 5401 1323 5403 Α
1468 5398 1516 5403 __
1599 5399 1609 5403 _
2005 5396 2057 5403 η
2188 5333 2359 5403 Faber
2388 5350 2402 5387 :
2434 5332 2630 5396 Cuivis,
2658 5332 2849 5402 inquit,
2872 5344 3119 5403 appareat
3147 5352 3239 5403 pro
3262 5334 3445 5388 λοιπόν
3466 5333 3565 5403 legi
3588 5344 3719 5397 opor-
3790 5338 3791 5341 ‘

599 5397 711 5467 (59)
750 5399 881 5466 Qua:
910 5400 1047 5476 apud
1079 5401 1422 5476 Anastasium
1462 5398 1745 5476 Sinaitam,
1774 5396 2085 5476 quaes_t._48,
2186 5410 2289 5476 tere
2314 5402 2496 5471 οὐδέν;
2529 5404 2658 5473 quin
2692 5396 2852 5459 etiam
2890 5396 3111 5476 apparet
3137 5396 3271 5460 nihil
3296 5420 3419 5461 esse
3450 5396 3720 5457 im'mutan-
3780 5410 3783 5417 ί

528 5465 785 5543 leguntur
820 5487 901 5543 ex,
935 5465 1639 5543 HippolytiCommentariis
1686 5470 1740 5522 in
1792 5465 2086 5543 Danielem,
2184 5471 2335 5543 dum.

668 5538 942 5595 referenda
969 5534 1269 5597 suntfva
1294 5542 1401 5613 γὰρ
1430 5541 1680 5612 σιδηρῶν,
1715 5558 1768 5595 κ.
1799 5560 1850 5595 τ.
1880 5541 1929 5593 λ.
1960 5540 2024 5596 Vi

2255 5542 2366 5617 (62)
2406 5541 2634 5617 Gudius,
2656 5541 2758 5617 frob
2776 5541 3176 5617 θυσιαστηρίου.
3200 5544 3577 5617 Combeﬁsius,
3596 5538 3714 5617 haud

528 5603 706 5686 δ”(ῗῖἱτ.
755 5676 785 5686 η
930 5679 941 5686 .
1190 5603 1316 5686 ,-’
1372 5603 1410 5686 ’.
1667 5603 1674 5606 ﬁ
1748 5683 1828 5686 .,

2214 5603 2492 5686 enitendo,
2510 5603 2713 5686 inquit.
2736 5624 2926 5666 conatu
2946 5603 3210 5672 em'e'ndavi
3238 5616 3329 5670 τοῦ
3354 5603 3611 5686 τετάρτου
3632 5610 3713 5678 θη-

601 5678 714 5745 (ϋυ)
754 5676 905 5749 Saepe
930 5679 981 5734 in
1012 5679 1277 5753 Hippolyti
1308 5682 1525 5754 scriptis
1548 5683 1787 5739 occurrit
1808 5684 2083 5755 ἀγαπητέ,
2182 5676 2302 5755 ρίου
2336 5676 2522 5755 :quod
2551 5676 2713 5753 prope
2739 5698 2925 5739 verum
2954 5697 3055 5741 est.
3489 5676 3505 5686 ’
3680 5676 3685 5678 ⁷
3774 5692 3777 5697 ’
