3796 6194
557 257 656 312 647

1425 263 1481 318 S.
1516 259 1875 317 IIIPPOLYTI
1910 257 2057 316 OPP.
2091 255 2270 312 PARS
2306 254 2348 310 J.
2396 283 2466 294 —
2489 250 2895 309 EXEGETICA.
3626 256 3705 312 (illi

627 371 713 429 Vl.
755 373 876 440 Quo
918 385 1157 444 tempore
1182 374 1474 432 adveniens
1507 375 1754 432 Salvator
1783 390 1845 431 ex
1883 373 2098 445 Virgine

2277 367 2365 424 Vl.
2419 369 2504 422 ’Ev
2535 361 2580 436 ᾧ
2610 368 2784 439 χρόνῳ
2810 366 2997 438 παρὼν
3029 368 3058 420 ὁ
3093 367 3282 439 Σωτὴρ
3325 368 3388 420 ὲκ
3431 367 3520 437 τῆς
3541 368 3708 441 Παρθέι

554 464 575 534 (
599 479 726 518 arca
772 477 909 518 auro
949 463 1153 520 mundo
1183 465 1462 533 deaurata,
1492 466 1638 522 intus
1669 465 1885 536 quidem
1911 463 2106 528 Verbo,

553 553 692 608 foris
720 567 850 608 vero
880 551 1082 623 Spiritu
1109 557 1318 626 sancto)
1343 547 1729 627 suum'corpus
1758 555 1959 610 mundo
1986 568 2110 624 pro-

553 642 712 710 tulit;
739 643 875 698 adeo
921 653 979 700 ut
1003 645 1203 702 veritas
1237 646 1600 703 demonstrata
1647 649 1736 713 sit,
1773 653 1828 701 et
1881 643 2108 701 manife-

553 743 694 791 stata
725 735 944 790 arca.‘A
976 738 1320 808 generatione
1341 738 1505 808 igitur
1531 738 1730 794 Christi
1759 738 2108 808 computandi

553 837 682 882 sunt
733 828 927 898 reliqui
975 829 1251 901 quingenti
1291 831 1441 895 anni,
1468 839 1528 886 ut
1557 845 1651 886 sex
1680 829 1908 884 millium
1938 843 2109 884 anno-

556 935 672 974 rum
722 935 980 976 numerus
1025 921 1399 990 adimpleatur,
1427 931 1481 978 et
1529 922 1600 976 ita
1650 921 1754 977 erit
1783 919 1926 976 linis.
1954 918 2109 986 Quod

551 1023 680 1064 vero
707 1010 898 1080 quinto
927 1021 980 1065 et
1006 1011 1229 1068 dimidio
1259 1021 1498 1084 tempore
1520 1012 1751 1070 adfuerit
1776 1011 2021 1068 Salvator
2051 1012 2105 1066 iu

553 1101 775 1165 mundo,
831 1099 1010 1158 ferens
1055 1103 1418 1174 incorruptam
1465 1120 1670 1170 arcam,
1697 1120 1854 1161 suum
1904 1104 2110 1160 scilicet

549 1208 770 1264 corpus,
795 1193 925 1249 dicit
955 1191 1188 1249 Joannes
1221 1213 1234 1250 :
1262 1194 1393 1250 Erat
1414 1207 1588 1251 autem
1625 1196 1755 1250 hora
1788 1205 1936 1251 sexta
1951 1197 2018 1258 ⁸⁵.
2047 1202 2109 1250 ιιι

549 1283 832 1339 dimidium
874 1285 979 1340 diei
1007 1286 1332 1354 ostenderet,
1362 1287 1472 1342 dies
1504 1294 1678 1341 autem
1718 1286 1931 1341 Domini
1965 1286 2108 1342 mille

549 1376 698 1439 anni,
729 1375 922 1430 horum
953 1376 1114 1446 igitur
1131 1376 1411 1432 dimidium
1443 1386 1569 1433 sunt
1591 1377 1888 1448 quingenti.
1921 1375 2106 1446 Neque

548 1466 693 1520 enim
717 1467 1044 1522 conveniens
1061 1477 1177 1522 erat
1207 1476 1267 1521 ut
1297 1468 1411 1537 ipse
1435 1469 1596 1526 citius
1619 1468 1914 1536 adveniret,
1931 1468 2106 1524 adhuc

547 1559 694 1614 enim
748 1561 958 1630 pondus
1010 1559 1142 1630 legis
1189 1559 1437 1628 durabat,
1469 1570 1618 1616 sexta
1669 1575 1774 1616 non
1819 1561 2106 1632 adimpleta

551 1649 863 1719 (innovatur
895 1647 1038 1703 enim
1073 1647 1384 1718 baptisma),
1399 1648 1490 1704 sed
1508 1647 1690 1718 quinta
1712 1656 1766 1703 et
1788 1647 2029 1710 dimidia,
2045 1654 2105 1701 ut

2208 479 2298 515 vou
2327 459 2437 529 τῆς
2468 459 2713 514 κιϐωτοῦ
2735 476 2748 490 ’
2779 459 2838 512 τὸ
2869 458 3000 514 ἴδιον
3028 458 3187 530 σῶμα
3226 457 3304 530 τῷ
3340 459 3522 530 κόσμῳ
3550 465 3711 533 προσῇ-

2207 569 2396 622 νεγκεν
2433 552 2562 623 (65)'
2611 551 2816 624 χρυσίῳ
2859 548 3078 621 καθαρῷ
3110 550 3520 621 κεχρυσωμένης
3548 550 3712 606 ἔνδοθεν

2211 646 2310 717 μὲν
2365 644 2442 716 τῷ
2474 645 2652 713 Λόγῳ,
2679 643 2874 711 ἔξωθεν
2917 642 2972 696 δὲ
3021 641 3099 714 τῷ
3150 642 3423 714 Πνεύματι
3467 641 3538 713 τῷ
3578 645 3710 715 ἁγίῳ·

2206 733 2346 788 ὥστε
2385 733 2755 788 ἀποδέδεικται
2805 734 2838 804 ἡ
2886 732 3134 802 ἀλήθεια,
3164 731 3260 785 καὶ
3307 730 3655 802 πεφανέρωται
3687 734 3714 801 il

2206 826 2465 892 κιϐωτός.
2496 824 2625 878 Ἀπὸ
2671 811 2928 894 γενέσεως
2981 819 3074 876 οὖν
3119 821 3354 895 Χριστοῦ
3391 821 3471 875 δεῖ
3510 823 3715 894 ψηφίζειν

2208 915 2532 971 πεντακόσια
2583 914 2677 988 ἐτη
2725 915 2795 969 τὰ
2839 914 3090 970 ἐπίλοιπα
3131 915 3210 978 εἰς
3243 913 3617 984 συμπλήρωσιν
3641 914 3716 968 τῶν

2209 1007 2583 1079 ἑξακισχιλίων
2607 1005 2764 1071 ἐτῶν,
2799 1005 3084 1080 καὶοῦτως
3115 1005 3266 1059 ἔσται
3297 1003 3359 1058 τὸ
3391 1003 3564 1067 τέλος’
3593 1005 3660 1057 ὅτι
3679 1006 3717 1059 δὲ

2206 1100 2438 1171 πέμπτῳ
2482 1099 2576 1153 καὶ
2623 1098 2808 1170 ήμίσει
2855 1096 3031 1170 καιρῷ
3064 1096 3246 1168 παρῆν
3290 1097 3318 1150 δ
3361 1095 3544 1168 Σωτὴρ
3583 1097 3633 1150 ὲν
3663 1096 3718 1168 τῷ

2205 1192 2410 1264 κόσμῳ,
2441 1190 2618 1263 φέρων
2655 1189 2751 1261 τὴν
2779 1188 3022 1260 ἄσηπτον
3053 1187 3304 1253 κιβωτὸν,
3333 1187 3394 1241 τὸ
3423 1187 3545 1242 ῐδιον
3574 1187 3715 1259 σῶμα,

2203 1284 2348 1353 λέγει
2383 1285 2416 1338 ὁ
2451 1282 2725 1353 Ἰωάννης·
2760 1278 2879 1336 Ἦν
2901 1279 2972 1335 δὲ
2997 1279 3117 1350 ὥρα
3140 1279 3312 1348 ἕκτη*
3348 1279 3435 1332 ἴνα
3460 1279 3614 1350 ἥμισυ
3645 1280 3720 1348 τῆς

2204 1375 2409 1448 ἡμέρας
2438 1374 2704 1445 ἐπιδείξῃο
2736 1371 2926 1442 ἡμέρα
2949 1370 3017 1425 δὲ
3039 1370 3258 1439 Κυρίου
3290 1370 3457 1440 χίλια
3482 1369 3609 1438 ἐτη·
3635 1369 3720 1423 τού·

2203 1485 2307 1521 των
2349 1461 2440 1520 οὖν
2484 1465 2542 1518 τὸ
2569 1465 2762 1536 ἥμισυ,
2795 1463 3004 1532 γίνεται
3034 1461 3380 1516 πεντακόσια.
3414 1461 3486 1515 Οὐ
3509 1460 3608 1532 γὰρ
3635 1462 3720 1514 ἑνε-

2201 1559 2384 1630 δέχετο
2427 1557 2588 1612 αὐτὸν
2631 1556 2814 1627 τάχιον
2843 1556 3112 1626 παρεῖναι,
3139 1554 3219 1608 έτι
3260 1552 3370 1626 γὰρ
3413 1552 3568 1626 βάρος
3593 1552 3719 1624 νόμου

2199 1644 2287 1720 ἦν,
2336 1648 2455 1703 οὐδὲ
2504 1648 2667 1718 ’ἐκτης
2711 1643 3142 1716 πεπληρωμένης
3197 1643 3496 1715 (καινοῦται
3543 1643 3638 1715 γὰρ
3675 1643 3721 1696 τδ

548 1735 604 1789 in
653 1737 860 1807 reliquo
903 1737 1130 1792 dimidio
1169 1746 1408 1807 tempore
1438 1736 1783 1809 Evangelium
1811 1737 1866 1792 in
1889 1752 2098 1792 omnem

2202 1738 2463 1812 λουτρὸν),
2491 1737 2624 1793 ἀλλὰ
2648 1736 2899 1809 πέμπτης
2925 1737 3018 1790 καὶ
3045 1736 3313 1809 ἡμισείας,
3334 1737 3420 1791 ἵνα
3451 1736 3508 1791 ὲν
3535 1734 3606 1806 τῷ
3632 1737 3723 1789 ἐπι-

547 1825 731 1880 orbem
777 1836 1042 1881 terrarum
1075 1829 1478 1897 praedicaretur,
1522 1837 1578 1884 et
1620 1829 1906 1900 adimpleta
1954 1837 2104 1884 sexta

547 1915 634 1970 die
667 1930 904 1984 praesens
933 1915 1042 1970 vita
1072 1926 1330 1972 cessaret.

617 2090 727 2144 νη.
767 2090 1033 2158 Quoniam
1061 2107 1190 2147 vero
1221 2092 1397 2150 Persze
1430 2093 1682 2150 trecentis
1706 2093 1922 2166 triginta
1946 2097 2104 2151 annis

545 2199 770 2252 regnum
808 2192 1120 2252 tenuerunt,
1149 2193 1205 2239 et
1236 2193 1356 2256 post
1397 2199 1491 2241 eos
1537 2186 1604 2240 ad
1639 2195 1907 2242 trecentos
1931 2201 2103 2242 annos

544 2274 716 2328 Graeci
769 2273 870 2344 ipsi
921 2275 1244 2330 eelebriores
1294 2274 1513 2330 fuerunt
1537 2315 1552 2341 ,
1599 2291 1822 2332 necesse
1867 2286 1949 2332 est
1973 2317 1988 2342 ,
2044 2285 2104 2332 ut

544 2373 736 2434 quarta
792 2364 985 2435 bestia,
1012 2373 1271 2434 tanquam
1317 2364 1508 2420 fortior
1533 2374 1586 2421 et
1613 2365 1787 2437 major
1836 2366 2076 2421 omnium

544 2470 664 2524 quae
701 2464 826 2512 ante
855 2456 1024 2528 ipsam
1051 2456 1219 2522 fuere,
1241 2457 1554 2528 quingentis
1591 2466 1875 2528 regnatura
1905 2457 1975 2513 sit
2004 2472 2102 2512 an-

543 2549 650 2604 nis.
680 2547 1034 2620 Temporibus
1061 2565 1188 2606 vero
1220 2550 1543 2621 adimpletis,
1571 2559 1623 2607 et
1641 2554 1824 2606 decem
1845 2550 2100 2607 cornibus

547 2645 833 2712 postremis
862 2659 929 2699 ex
958 2644 1075 2715 ipsa
1098 2644 1316 2716 (bestia)
1341 2645 1566 2710 exortis,
1595 2644 1872 2716 apparebit
1892 2644 1947 2700 in
1967 2645 2100 2716 ipsis

542 2733 932 2790 Antichristus.
961 2733 1076 2791 Hoc
1107 2744 1286 2791 autem
1323 2736 1542 2801 bellum,
1579 2745 1634 2792 et
1672 2735 2096 2807 persecutionem

545 2828 806 2885 adversus
850 2838 1066 2884 sanctos
1110 2827 1360 2891 faciente,
1387 2836 1515 2885 tunc
1553 2836 1760 2900 oportet
1787 2825 2098 2885 manifesta-

545 2919 747 2975 tionem
777 2919 997 2975 Domini
1023 2920 1090 2976 de
1122 2920 1278 2976 ctelis
1311 2927 1645 2990 exspectare.

613 3101 758 3156 Vlll.
801 3101 1093 3174 Postquam
1125 3099 1387 3172 propheta
1420 3100 1694 3156 veritatem
1737 3115 1944 3165 eorum,
1977 3116 2098 3171 quae

543 3202 769 3248 ventura
795 3201 995 3256 essent,
1021 3207 1123 3247 nos
1163 3200 1413 3246 accurate
1451 3191 1728 3256 docuerat,
1759 3207 1788 3246 a
1820 3193 2098 3262 proposito

543 3282 832 3345 desistens,
858 3282 924 3336 ad
955 3281 1244 3338 Persarum
1269 3280 1685 3352 Grec-eorumque
1705 3281 1988 3352 imperium
2013 3299 2099 3338 re-

543 3372 698 3438 divit,
725 3372 885 3426 aliam
915 3370 1072 3426 nobis
1106 3384 1366 3424 enarrans
1390 3368 1671 3434 visionem,
1706 3383 1825 3438 quae
1854 3367 2012 3432 facta,
2046 3376 2100 3424 et

545 3465 660 3520 suis
693 3464 1092 3533 adimpleta'est
1121 3461 1475 3532 temporibus,
1508 3468 1571 3515 ut
1596 3475 1718 3516 cum
1751 3461 1804 3515 in
1835 3461 1938 3515 hoc
1966 3460 2097 3516 tide-

539 3557 617 3612 les
647 3572 746 3613 nos
773 3556 1162 3623 constituisset,
1182 3557 1342 3610 etiam
1368 3555 1422 3609 in
1442 3555 1544 3619 eis,
1573 3568 1694 3622 quae
1719 3551 1898 3609 futura
1921 3563 2095 3618 erant,

541 3649 807 3703 thleliores
839 3646 949 3702 Deo
972 3647 1229 3702 exhibere
1260 3652 1461 3716 posset.
1483 3641 1613 3711 Quae
1644 3643 1806 3715 igitur
1846 3643 1899 3698 in
1924 3644 2098 3714 prima

538 3737 752 3792 visione
783 3745 1150 3801 cnarraverat,
1184 3736 1298 3790 haec
1323 3749 1514 3790 rursus
1543 3750 1573 3788 a
1608 3733 1781 3804 capite
1808 3733 2000 3790 retexit
2024 3735 2094 3790 ad

453 3889 460 3896 ,
539 3831 776 3885 tidelium
811 3828 1254 3892 aediﬁcationem;
1293 3826 1507 3880 arietem
1533 3826 1676 3881 enim
1711 3839 1880 3882 cornu
1911 3833 2095 3896 peten-

540 3933 645 3977 tem
692 3931 885 3978 ,coutra
933 3935 1104 3984 mare,
1132 3913 1437 3989 aquilonem
1471 3925 1526 3973 et
1561 3927 1826 3982 austrum,
1873 3917 2092 3973 Darium

537 4013 826 4070 Persarum
885 4027 1064 4084 regem
1111 4011 1390 4077 intellexit,
1423 4009 1516 4080 qui
1563 4025 1751 4066 omnes
1800 4023 1984 4081 gentes
2039 4011 2091 4064 in

534 4121 691 4161 suam
720 4104 931 4176 redegit
961 4110 1314 4174 potestatem;
1347 4103 1427 4155 lite
1466 4105 1627 4167 enim,
1672 4101 1866 4170 inquit,
1916 4101 2093 4158 bestiae

539 4214 641 4250 non
670 4197 879 4249 stabunt
910 4208 1087 4248 coram
1123 4209 1200 4247 eo.
1238 4191 1460 4246 Hircum
1482 4207 1611 4247 vero
1636 4206 1916 4261 caprarum
1945 4208 1976 4246 a
2006 4192 2095 4246 Li-

541 4297 655 4361 byae
675 4296 834 4343 vento
855 4287 1182 4351 venientem,
1205 4284 1568 4340 Alexandrum
1592 4283 1934 4339 Macedonem
1955 4284 2096 4340 Grae-

537 4393 726 4434 corum
768 4391 950 4448 regem
993 4376 1157 4442 dicit;
1188 4374 1331 4444 quod
1362 4388 1490 4466 vero
1518 4371 1790 4446 (Hircus)
1816 4375 2090 4466 appropin-
2123 4411 2167 4466 Β

528 4469 769 4538 quaerit
816 4467 885 4522 ad
924 4468 1096 4537 ipsum
1125 4466 1369 4531 arietem,
1401 4465 1747 4534 efferatusque
1785 4465 2092 4534 percusserit

611 4606 657 4639 ⁸³
696 4604 855 4660 Joan.
885 4622 998 4672 xix,
1033 4606 1123 4661 14.

615 4755 724 4828 (65)
766 4756 1065 4834 Singularis
1112 4759 1383 4834 Hippolyti
1428 4776 1553 4834 erga
1597 4761 1875 4834 Deiparam
1921 4764 2092 4834 pietas

544 4835 783 4904 apparet,
807 4842 929 4904 quae
975 4829 1322 4904 haereditario'
1349 4829 1588 4904 quodam
1619 4829 1743 4902 jure
1779 4834 1882 4904 ipsi
1909 4829 2087 4904 cessit.

543 4897 622 4949 Ex
669 4897 914 4978 apostolo
937 4899 1080 4952 enim
1111 4897 1316 4978 Joanne
1348 4897 1401 4954 in
1435 4897 1816 4978 Poly_c_a'rputn,'
1837 4919 1902 4958 ex
1931 4903 2091 4978 Poly-

544 4965 711 5036 carpo
736 4966 790 5019 in
827 4965 1107 5034 lrenmum,
1140 4985 1207 5023 ex
1251 4972 1454 5044 Irenaeo
1483 4965 1902 5044 in'Hip'polytum
1931 4965 2091 5044 αἱρεῖτε

544 5051 754 5126 rosque
785 5045 870 5118 est
926 5049 1236 5126 propagata.
1283 5039 1440 5095 Paria
1481 5039 1659 5126 autem
1705 5039 1773 5126 eali
1820 5043 2093 5126 Hippolyti

544 5107 757 5176 scriptis
788 5107 844 5160 in
874 5107 1141 5176 psalmum
1173 5125 1286 5163 xxu
1317 5112 1550 5165 servavit
1574 5107 1942 5167 Theodoretus
1977 5107 2093 5168 dia-

544 5177 649 5246 log.
689 5177 737 5242 ι,
770 5193 823 5248 p.
858 5178 946 5243 56,
983 5187 1115 5231 tom.
1144 5179 1234 5234 ιν.
1274 5177 1407 5233 Vide
1433 5195 1616 5249 supra.
1666 5180 1864 5235 Eadem
1916 5183 2029 5238 fere
2061 5198 2094 5238 e

543 5257 730 5302 sancto
763 5247 967 5302 Irenaeo
1014 5249 1172 5302 habet
1218 5261 1438 5305 sanctus
1465 5247 1698 5306 Joannes
1728 5249 2092 5308 Damascenus

542 5328 728 5371 contra
759 5317 1049 5374 Jacobitas.

613 5387 724 5462 (66)
767 5391 1077 5456 Τριακόσια
1110 5389 1435 5458 τριάκοντα.
1491 5390 1796 5462 Legendum
1847 5391 2092 5447 διακόσια

540 5457 850 5530 τριάκοντα,
879 5475 999 5528 qua).
1030 5457 1339 5530 supputatio
1366 5471 1449 5516 est
1473 5457 1634 5516 etia'm
1672 5460 1801 5516 Julii
1823 5461 2103 5530 Alricani,‘

544 5526 604 5579 δ’.
631 5526 1151 5602 HippolytoAcoaavi-f
1173 5530 1320 5585 Alter
1347 5547 1562 5602 quoque
1590 5547 1855 5586 annorum
1901 5526 2090 5589 nume;

543 5598 780 5675 rus..“q_ui
810 5598 876 5651 ad
907 5599 1122 5675 Grrecos
1159 5598 1406 5675 pertinet,
1447 5598 1587 5675 idem
1612 5611 1695 5656 est
1721 5604 1775 5656 in
1805 5604 2089 5675 Hippolyto

543 5673 597 5716 et
619 5665 891 5733 Africano,
927 5670 971 5722 si
1011 5665 1319 5741 Hieronymi
1349 5665 1648 5729 versionem
1677 5665 2090 5744 sequantui-inhit

2204 1833 2375 1903 λοίπῳ
2404 1831 2589 1903 ἡμίσει
2618 1829 2812 1902 χρόνῳ,
2847 1830 2927 1893 εἰς
2961 1829 3139 1883 πάντα
3163 1828 3251 1883 τὸν
3284 1828 3484 1900 κόσμον
3503 1827 3559 1882 τὸ
3583 1828 3724 1894 Εὐαγ-

2204 1923 2378 1993 γέλιον
2409 1919 2676 1993 κηρυχθῇ,
2703 1919 2798 1973 καὶ
2821 1916 3198 1991 πληρωθείσης
3226 1918 3327 1990 τῆς
3357 1919 3522 1990 ἕκτης
3551 1917 3721 1990 ἡμέρας

2203 2013 2384 2086 παύσῃ
2413 2011 2502 2066 τὸν
2527 2011 2620 2066 νῦν
2647 2010 2780 2082 βίον.

2271 2103 2385 2160 VII.
2437 2102 2648 2174 Ἐπειδὴ
2673 2102 2781 2174 γὰρ
2810 2101 2860 2155 οἱ
2885 2100 3089 2173 Πέρσαι
3123 2099 3434 2173 ἐκράτησαν
3456 2098 3720 2171 samum

2201 2212 2289 2258 τες
2323 2192 2417 2264 ἔτη
2449 2192 2736 2264 τριακόσια
2760 2191 3054 2264 τριάκοντα
3079 2189 3209 2261 (66),
3245 2189 3339 2243 καὶ
3383 2188 3518 2260 μετὰ
3543 2187 3722 2250 τούτους

2199 2287 2248 2340 οἱ
2281 2284 2535 2356 ’Έλληνες
2577 2282 2733 2338 αὐτοὶ
2778 2282 3100 2355 ἐνδοξότεροι
3147 2281 3480 2353 ὑπάρχοντες
3521 2282 3608 2334 ἐπὶ
3650 2281 3720 2349 ἔτη

2199 2377 2500 2450 τριακόσια,
2537 2374 2598 2441 ἐξ
2631 2375 2874 2444 ἀνάγκης
2911 2373 2971 2428 τὸ
3001 2373 3258 2446 τέταρτον
3290 2371 3478 2444 θηρίον
3504 2371 3575 2435 ὡς
3605 2373 3720 2444 ἰσχυ-

2203 2469 2291 2539 ρὸν
2317 2465 2412 2520 καὶ
2440 2464 2618 2537 μεῖξον
2645 2463 2860 2518 πάντων
2889 2462 2994 2517 τῶν
3021 2461 3326 2535 ἔμπροσθεν
3351 2459 3514 2514 αὑτοῦ
3538 2459 3722 2529 γενομέ-

2199 2571 2324 2619 νων,
2356 2550 2661 2624 βασιλεύσει
2694 2551 2787 2623 έτη
2817 2550 3180 2606 πεντακόσια·
3230 2549 3338 2604 τῶν
3375 2548 3576 2620 καιρῶν
3614 2565 3720 2617 συμη

2199 2644 2584 2717 πληρωμένων,
2613 2642 2838 2697 καὶτῶν
2868 2643 2999 2697 δέκα
3030 2642 3270 2715 κεράτων
3313 2642 3400 2694 ἐπ’
3434 2640 3659 2711 ἐσχάτων
3680 2639 3720 2704 ἐξ

2198 2736 2357 2792 αὑτοῦ
2390 2733 2765 2806 ἐγειρομένων,
2799 2736 3197 2808 ἀναφανήσεται
3239 2735 3296 2787 ὲν
3329 2733 3510 2796 αὐτοῖς
3531 2733 3560 2785 ὁ
3593 2731 3720 2783 Ἀντία

2198 2846 2444 2902 χριστος·
2495 2828 2680 2882 τούτου
2733 2825 3092 2898 πολεμοῦντος
3147 2826 3241 2881 καὶ
3297 2823 3580 2888 διώκοντος
3626 2825 3720 2886 τοῦς

2157 2960 2161 2965 -
2197 2919 2403 2990 ἁγίους,
2432 2919 2551 2973 τότε
2583 2919 2663 2972 δεῖ
2686 2918 2985 2990 προσδοκᾷν
3028 2918 3121 2972 ἀπ’
3149 2916 3388 2991 οὐρανῶν
3430 2916 3530 2987 τὴν
3561 2914 3719 2982 Emei-

2123 3053 2170 3119 C

2197 3029 2344 3066 νειαν
2375 3009 2468 3064 τοῦ
2503 3009 2727 3082 Κυρίου.

2276 3101 2407 3156 Vlll.
2449 3101 2876 3172 Παυσάμενος,ὁ
2921 3103 3202 3173 προφήτης
3249 3100 3343 3155 τοῦ
3393 3099 3716 3173 προκειμένου

2198 3191 2473 3260 ἑκδιόάξας
2503 3193 2651 3263 ἡμᾶς
2682 3191 2818 3262 μετά
2848 3192 3026 3263 πάσης
3044 3192 3322 3264 ἀκριϐείας
3350 3192 3457 3247 τῶν
3481 3191 3719 3264 ἐσομένων

2197 3284 2293 3356 τὴν
2323 3282 2635 3353 ἀσφάλειαν,
2672 3281 2871 3354 μετέϐη
2907 3282 3066 3336 πάλιν
3108 3283 3199 3336 ἐπὶ
3238 3284 3336 3356 τὴν
3370 3284 3478 3338 τῶν
3530 3282 3718 3355 Περσῶν

2199 3374 2290 3429 καὶ
2334 3373 2591 3446 Ἑλλήνων
2620 3373 2915 3444 βασιλείαν,
2950 3373 3140 3446 ἑτέραν
3160 3375 3348 3446 ὅρασιν
3378 3377 3507 3446 ἡμῖν
3543 3373 3721 3445 διηγοὺ⁹
3794 3385 3796 3387 ·

2200 3481 2380 3536 μενος,
2407 3464 2529 3535 ἥτις
2560 3463 2770 3533 ἐγένετο
2799 3464 2890 3517 καὶ
2919 3462 3206 3536 ἐπληρώθη
3241 3467 3297 3520 ὲν
3319 3468 3430 3530 τοίς
3462 3466 3610 3531 ἰδίοις
3631 3483 3720 3516 και⁸

2199 3560 2340 3632 ροῖςο
2367 3558 2514 3622 ὅπως
2545 3559 2602 3610 ὲν
2634 3555 2806 3628 τούτῳ
2844 3557 3064 3620 πιστοὺς
3087 3557 3230 3628 ἡμᾶς
3263 3559 3624 3628 καταστήσας,
3651 3555 3721 3607 καὶ

2199 3647 2334 3720 πρὸς
2370 3645 2436 3701 τὰ
2479 3645 2735 3719 μέλλοντα
2763 3644 3006 3714 γίνεσθαι
3032 3645 3376 3717 πιστοτέρους
3396 3646 3473 3716 τῷ
3497 3647 3616 3718 Θεῷ
3643 3663 3721 3697 παι

2199 3739 2461 3812 ραστῆσαι
2487 3738 2712 3810 δυνηθῇ·
2741 3739 2839 3790 ὅσα
2888 3737 2983 3808 μὲν
3026 3733 3119 3791 οὖν
3161 3740 3218 3791 ὲν
3251 3741 3315 3811 τῇ
3348 3738 3544 3812 πρώτῃ
3573 3739 3722 3811 ὁράσει

2192 3831 2503 3903 διηγήσατο,
2532 3828 2703 3884 ταῦτα
2737 3829 2896 3906 πάλιν
2941 3829 3006 3882 ὲκ
3043 3828 3288 3902 δευτέρου
3325 3829 3535 3884 ἄνωθεν
3571 3830 3725 3896 ὲπεῄ-

2193 3924 2389 3991 γεῖται,
2419 3919 2553 3992 πρὸς
2609 3919 2894 3991 οἰκοδομὴν
2945 3919 3053 3973 τῶν
3097 3920 3484 3974 πιστευόντων
3537 3921 3618 3975 τὸν
3640 3922 3724 3990 γὰρ

2193 4012 2360 4082 κριὸν
2399 4011 2488 4064 τὸν
2517 4007 2865 4080 κερατίζοντα
2899 4009 3037 4062 κατὰ
3067 4009 3356 4076 θάλασσαν,
3400 4012 3491 4067 καὶ
3529 4013 3726 4083 βορρᾶν,

2194 4100 2285 4155 καὶ
2318 4100 2730 4171 νότον,ξΔαρεῖον
2757 4097 2900 4167 λέγει
2931 4099 3018 4151 τὸν
3047 4099 3265 4170 βασιλέα
3295 4102 3402 4156 τῶν
3427 4101 3720 4175 Περσῶν,ὂς

2193 4192 2535 4265 περιεγένετο
2586 4189 2798 4244 πάντων
2832 4190 2940 4244 τῶν
2983 4191 3150 4245 ἐθνῶν
3169 4208 3183 4221 ·
3215 4192 3401 4246 ταῦτα
3424 4191 3563 4266 γὰρ,
3595 4195 3720 4265 φησὶ,

2192 4284 2264 4338 τὰ
2292 4283 2464 4352 θηρία
2493 4284 2563 4336 οὐ
2603 4281 2928 4348 στήσονται
2967 4282 3221 4336 ἐνώπιον
3265 4285 3455 4340 αὐτοῦ
3478 4304 3495 4318 ο
3545 4287 3642 4340 τὸν
3677 4285 3721 4336 ὁὲ

2187 4372 2408 4444 ,τράγον
2431 4374 2537 4428 τῶν
2567 4374 2732 4444 αἰγῶν
2754 4374 2843 4429 τὸν
2871 4375 3159 4447 ἐρχόμενον
3179 4376 3288 4429 άπὸ
3303 4378 3490 4446 Λιῦδς,
3508 4379 3721 4442 ’Δλέξαν-
3794 4383 3796 4387 ’

2191 4467 2313 4540 δρον
2349 4467 2440 4522 τὸν
2488 4467 2767 4522 Μακεδόνα
2813 4465 2978 4536 λέγει,
3010 4466 3100 4521 τὸν
3139 4467 3246 4522 τῶν
3288 4468 3556 4544 Ἐλλήνων
3596 4471 3718 4542 βασιι

2195 4754 2339 4809 enim
2402 4753 2542 4824 apud
2595 4755 2769 4822 ipsum
2818 4753 3103 4808 Africanus
3137 4774 3150 4808 :
3183 4755 3490 4812 Permansit
3538 4773 3726 4828 regum

2196 4823 2478 4878 Persarum
2517 4841 2673 4892 usque
2704 4824 2772 4876 ad
2815 4825 3022 4876 initium
3074 4824 3420 4880 Macedonum
3462 4831 3614 4882 annis
3646 4830 3726 4879 dil-

2196 4893 2359 4948 centis
2411 4895 2646 4966 triginta,
2672 4903 2720 4947 et
2748 4893 3191 4966 ipsiAMacedones
3221 4911 3566 4966 regnaverunt
3595 4896 3725 4951 annis

2199 4965 2436 5018 trecentis
2466 4963 2719 5033 (Comm.
2751 4965 2803 5016 in
2849 4963 2982 5018 Dan.
3013 4979 3090 5028 Ix,
3129 4965 3198 5018 24
3223 4963 3582 5033 ).Ἐιιδει›ἱιιε
3620 4983 3726 5021 vero

2197 5035 2531 5105 septuaginta
2563 5049 2732 5105 annos
2761 5033 2908 5105 addit
2941 5049 3006 5105 ex
3034 5035 3220 5089 eodem
3247 5035 3507 5092 Africano
3539 5058 3553 5091 :
3589 5035 3728 5105 mps—
3793 5041 3796 5068 τ

2198 5103 2403 5175 σκομεν
2431 5103 2537 5175 γὰρ
2566 5103 2661 5173 τὴν
2691 5103 2912 5175 Περσῶν
2954 5103 3226 5172 βασιλείαν
3278 5107 3422 5159 ἔτεσι
3459 5103 3726 5167 διακοσίοις
3781 5127 3784 5130 ’

2195 5174 3023 5258 τριάκονταέπεριγραφρμένψ,
3055 5177 3154 5246 τήν
3196 5193 3257 5258 τε
3301 5179 3624 5258 Μακεδόῐων
3662 5178 3727 5236 εἰς
3793 5214 3796 5258 3

2195 5243 2292 5313 ἐτη
2319 5243 2992 5319 τριακόσιαέϐδομήκοντα
3022 5243 3442 5316 παρατείνουσαν
3479 5249 3498 5319 (
3522 5249 3728 5304 υειιοη-
3794 5256 3796 5260 ’

2199 5312 2584 5391 suun—evang"
2621 5312 2868 5391 vm,
2914 5312 3369 5391 Chronographus
3416 5312 3724 5391 anonymus.
3794 5331 3796 5334 '

2200 5384 2294 5455 qui
2321 5383 2506 5455 eodem
2535 5399 2648 5455 aevo
2666 5399 2730 5437 ac
2751 5383 3068 5455 Hippolytus
3095 5383 3148 5440 et
3169 5383 3456 5444 Africanus
3485 5383 3616 5442 vix'it
3639 5389 3726 5442 sub
3783 5408 3796 5440 λς

2193 5453 2498 5507 Alexandro
2549 5453 2766 5516 Severo,
2801 5453 2961 5509 aliter
2996 5455 3276 5510 Persarum
3329 5471 3383 5512 et
3428 5459 3724 5515 Graecorum
3785 5507 3788 5510 .

2195 5538 2372 5597 annos
2399 5532 2660 5597 recenset,
2693 5532 2752 5597 ut
2775 5538 2840 5578 ex
2864 5525 2980 5597 hoc
3006 5526 3124 5597 ipso
3141 5527 3386 5582 diversus
3410 5529 3486 5583 ab
3513 5539 3726 5597 utroque

2193 5592 2644 5668 deprehendatur.
2687 5595 2802 5668 Ap.
2852 5592 3044 5651 Canis.
3085 5594 3226 5653 Lact.
3276 5598 3469 5668 antiq.,
3503 5592 3724 5659 tonifll,
3793 5608 3796 5612 ‘

2187 5662 2320 5718 edit.
2339 5663 2566 5733 Basnag.
2593 5678 2648 5732 p.
2678 5663 2799 5718 162.
