3814 6198
78 350 87 361 -
119 320 205 377 ιιι)

1185 306 1600 364 FRAGMENTA
1637 308 1705 363 IN
1738 306 2104 363 DANIELEM.

3147 309 3250 365 650

122 433 203 486 λὲα
221 450 232 462 ·
250 430 300 483 τδ
311 422 384 480 οὖν
401 422 588 479 ἐλθεῖν
610 420 752 490 πρὸς
775 421 958 475 αὑτὸν
982 420 1072 474 τὸν
1097 421 1248 492 κριὸν
1273 423 1367 475 καὶ
1396 424 1597 493 ἀγριω-

1722 437 1863 481 psum
1903 421 1957 474 in
2000 421 2209 491 faciem,
2247 432 2295 475 et
2324 422 2642 484 contriverit,
2669 433 2716 477 et
2746 425 3020 495 progecerit
3057 423 3113 476 in
3147 434 3247 478 tei-

129 523 268 593 θῆγαι
287 518 452 575 αὐτὸν.
482 516 577 569 καὶ
604 516 780 582 τύψαι
811 512 995 567 αὑτὸν
1016 512 1112 566 ἐπὶ
1143 513 1211 567 τὸ
1255 514 1593 581 πρόσωπον,

131 611 509 678 καίσυντρίψαι,
537 607 631 661 καὶ
656 606 830 674 ῥίψαι
857 606 1042 660 αὐτὸν
1064 605 1162 658 ἐπὶ
1202 605 1316 674 τὴν
1353 606 1468 675 γῆν
1500 606 1599 659 καὶ

128 698 475 765 καταπατῆσαι,
506 696 658 749 τοῦτο
690 696 941 766 σημαίνει
964 697 1100 767 ὅπερ
1132 696 1223 749 καὶ
1254 697 1559 768 γεγένηται.

178 794 244 847 IX.
277 791 495 859 Συνάψας
540 788 646 859 γὰρ
691 788 923 858 πόλεμον
974 786 1109 860 πρὸς
1158 788 1247 841 τὸν
1307 792 1525 861 Δαρεῖον
1569 791 1597 842 6

131 884 404 954 Ἀλέξανδρος
432 883 607 952 ἴσχυσε
636 882 752 933 κατ’
773 879 955 943 αὐτοῦ,
986 881 1078 933 καὶ
1107 884 1393 951 προηγεῖτο
1424 881 1598 951 πάσης

119 976 191 1044 τῆς
220 972 493 1034 δυναστείας
542 968 724 1032 αὑτοῦ,
760 968 964 1023 ἀνελὼν
993 970 1084 1023 καὶ
1115 972 1503 1040 καταπατήσας
1541 968 1600 1023 τὸ

122 1064 406 1138 στρατόπεδον
430 1062 589 1117 αὐτοῦ
608 1080 621 1092 ·
650 1058 768 1115 εἶτα
796 1062 933 1133 μετὰ
963 1062 1021 1115 τὸ
1050 1061 1323 1137 ὑψωθῆναι
1352 1064 1439 1118 τὸν
1466 1065 1599 1134 τρά-

119 1177 188 1228 γον
210 1156 297 1210 τῶν
316 1154 491 1223 αἰγῶν,
521 1155 802 1226 συνετρίϐη
832 1153 892 1207 τὺ
919 1153 1085 1226 κέρας
1116 1156 1297 1219 αὐτοῦ,
1335 1156 1395 1209 τὸ
1437 1156 1598 1227 μέγα,

118 1252 185 1304 καὶ
204 1247 337 1318 ἀνέϐη
366 1248 591 1315 τέσσαρα
623 1246 827 1317 κέρατα
859 1246 1112 1301 ὑποκάτω
1144 1247 1326 1310 αὑτοῦ,
1360 1250 1439 1311 εἰς
1476 1250 1600 1313 τοὺς

116 1342 322 1409 τέτταρας
371 1338 591 1408 ἀνέμους
640 1336 734 1389 τοῦ
785 1337 1044 1408 οὐρανοῦ·
1093 1339 1365 1409 κρατήσας
1420 1339 1525 1411 γὰρ
1574 1341 1603 1392 6

127 1432 402 1501 Ἀλέξανδρος
430 1430 605 1499 πάσης
638 1429 735 1499 τῆς
767 1430 868 1499 γῆς
895 1429 1168 1500 Περσίδος,
1212 1431 1304 1483 καὶ
1333 1430 1602 1497 ὑποτάξας

119 1525 277 1585 αὑτοὺς,
301 1521 505 1591 ὕστερον
535 1520 762 1591 τελευτᾷ
797 1520 981 1574 διελὼν
1008 1522 1106 1593 τὴν
1140 1521 1413 1591 βασιλείαν
1440 1520 1603 1575 αὐτοῦ

120 1617 175 1677 ei;
209 1615 437 1683 τέσσαρας
482 1613 677 1683 ἀρχὰς,
721 1613 797 1677 ὡς
847 1614 1029 1667 ἐπάνω
1082 1613 1376 1668 δέδεικται’
1432 1614 1489 1681 ἐξ
1545 1608 1604 1667 οὗ

119 1704 272 1772 ἐνέμώθη
297 1702 456 1771 κέρας
494 1702 563 1755 ἐν
593 1703 691 1755 καί
722 1703 1087 1773 ἐμεγαλύνθη
1126 1702 1235 1770 ἓως
1271 1701 1380 1772 τῆς
1420 1702 1601 1757 δυνά-

1699 527 1836 577 ram,
1860 522 1909 565 et
1932 506 2441 577 conculcaverit,hoc
2468 513 2754 585 signiﬁcat,
2787 516 2932 595 quod
2961 525 3015 571 et
3042 526 3253 587 gestum

1697 610 1799 657 est.
2410 604 2413 607 λ

1769 786 1858 842 ΙΧ.
1888 786 2023 843 Cum
2064 789 2205 843 enim
2241 790 2437 844 bellum
2474 790 2731 845 adversus
2772 787 2992 844 Darium
3022 790 3253 845 Alexan-

1698 880 1793 934 der
1840 880 2184 949 suscepisset,
2234 883 2477 951 superior
2517 884 2719 948 evasit,
2766 884 3043 954 copiisque
3081 882 3253 953 ipsius

1700 971 1890 1025 deletis
1925 972 2348 1043 proﬂigatisque,
2389 974 2556 1029 totius
2603 975 2754 1045 regni
2801 976 3083 1045 imperium
3118 976 3257 1029 obti-

1701 1063 1849 1129 nuit;
1898 1064 2089 1119 deinde
2137 1074 2421 1135 postquam
2454 1066 2638 1121 hircus
2670 1082 2954 1137 caprarum
2988 1067 3258 1123 exaltatus

1700 1160 1803 1217 est,
1836 1167 2004 1206 cornu
2040 1154 2210 1222 ipsius
2235 1170 2486 1225 magnum
2523 1155 2752 1211 fractum
2776 1166 2877 1223 est,
2907 1167 2961 1213 et
2988 1169 3104 1213 orta
3132 1166 3261 1212 sunt

1701 1254 1939 1314 quatuor
1979 1260 2185 1300 cornua
2238 1247 2422 1301 subter
2469 1248 2598 1302 illud
2650 1265 2744 1318 per
2789 1252 3020 1319 Quatuor
3070 1260 3259 1305 ventos

1702 1334 1845 1391 cceli.
1883 1335 2091 1391 Potitus
2123 1338 2319 1408 quippe
2346 1339 2648 1393 Alexander
2674 1341 2821 1394 omni
2860 1340 3149 1397 Persarum
3181 1358 3261 1396 re-

1703 1430 1878 1499 gione,
1908 1430 2146 1499 ipsisque
2169 1431 2221 1484 in
2244 1447 2396 1485 suam
2419 1432 2674 1487 ditionem
2703 1434 2957 1494 redactis,
2985 1444 3261 1503 postremo

1703 1520 1857 1584 obiit,
1890 1534 2057 1589 regno
2084 1534 2184 1573 suo
2210 1519 2262 1573 in
2299 1530 2531 1589 quatuor
2569 1522 2901 1591 principatus
2929 1523 3124 1589 diviso,
3156 1525 3263 1579 vel-

1705 1610 1784 1666 uti
1836 1612 2088 1680 superius
2132 1609 2231 1665 fuit
2276 1612 2730 1668 demonstratum.
2779 1613 2929 1669 Unde
2969 1616 3261 1670 exaltatum

1704 1712 1781 1758 est
1825 1720 1987 1757 cornu
2020 1719 2201 1768 unum,
2231 1714 2281 1757 et
2322 1705 2714 1775 magni/iculum
2763 1716 2839 1759 est
2882 1724 3041 1777 usque
3071 1709 3139 1761 ad
3168 1725 3263 1777 po-

116 1817 226 1866 μεως
264 1797 353 1850 τοῦ
392 1796 681 1865 οὐρανοῦ·
733 1795 830 1850 καὶ
873 1795 944 1849 δι’
989 1795 1191 1861 αὑτὸν,
1223 1796 1389 1868 φησὶ,
1427 1797 1608 1853 θυσία

1722 1797 1927 1850 :entiam
1956 1796 2100 1858 caeli;
2132 1812 2193 1848 ac
2222 1811 2312 1863 per
2348 1796 2544 1865 ipsum,
2577 1796 2771 1865 inquit,
2800 1800 3119 1867 sacriﬁcium
3152 1810 3265 1853 tur-

120 1891 362 1959 ἐταράχθη,
389 1890 481 1943 καὶ
504 1889 715 1959 ἐρρίφη
739 1890 917 1958 χαμαὶ
946 1892 983 1958 ή
1008 1889 1381 1957 δικαιοσύνη.

167 1984 215 2035 Χ.
247 1981 507 2051 Γεγένηται
548 1981 662 2051 γὰρ
706 1981 734 2033 6
770 1979 1037 2049 Ἀντίοχος
1068 1981 1096 2032 6
1128 1978 1440 2051 ἐπικληθεὶς
1485 1981 1606 2032 ἐπι-

121 2076 243 2146 φανὴς
267 2074 358 2141 (67)
383 2073 454 2126 ὢν
496 2077 560 2127 ἐκ
605 2072 700 2126 τοῦ
730 2073 918 2141 γένους
956 2072 1330 2146 Ἀλεξάνδρου·
1366 2072 1610 2143 βασιλεύ-

121 2184 188 2230 σεις
225 2167 269 2219 δὲ
312 2167 401 2237 τῆς
428 2166 646 2239 Συρίας,
676 2165 768 2220 καὶ
805 2166 868 2237 δὴ
902 2164 1079 2219 λαϐὼν
1124 2166 1213 2235 ὑφ’
1239 2165 1397 2220 αὑτὸν
1431 2169 1609 2220 πᾶσαν

120 2260 186 2327 τὴν
221 2259 474 2327 Αἴγυπτον,
509 2258 738 2330 ὕστερον
775 2256 938 2330 ἀνέϐη
987 2258 1079 2312 ἐπὶ
1116 2258 1483 2331 Ἰερουσαλὴμ,
1517 2258 1611 2311 ml.

123 2350 306 2419 εἰσῆλθεν
333 2353 405 2415 εἰς
432 2350 491 2403 τὸ
517 2351 784 2421 ἁγίασμα,
816 2350 908 2403 καὶ
941 2349 1098 2404 ἔλαϐε
1132 2351 1339 2414 πάντας
1368 2351 1491 2415 τοὺς
1516 2350 1613 2421 Θη-

124 2445 290 2512 nupsit;
327 2445 441 2508 τοὺς
491 2445 549 2497 ἐν
593 2444 726 2514 οἴκῳ
772 2444 995 2516 Κυρίου,
1027 2443 1120 2497 καὶ⁴
1146 2442 1244 2515 τὴν
1274 2443 1489 2514 λυχνίαν
1512 2444 1612 2515 τὴν

123 2536 285 2604 χρυσῆν,
314 2538 399 2590 καὶ
427 2536 521 2608 τὴν
550 2536 852 2609 τράπεζαν,
884 2536 978 2589 καὶ
1005 2536 1065 2589 τὸ
1094 2536 1491 2606 θυσιαστήριον,
1518 2532 1613 2587 καὶ

125 2628 278 2698 ἐποίησε
312 2646 551 2697 φονοκτον
567 2631 650 2684 ίαν
699 2630 935 2702 μεγάλην
968 2632 1025 2682 ἐν
1068 2631 1133 2700 τῇ
1166 2632 1234 2700 γῇ
1256 2648 1268 2660 ο
1315 2628 1390 2692 ὡς
1424 2627 1570 2695 λέγει
1594 2644 1607 2658 ’

124 2717 195 2770 Kal
230 2719 281 2773 τὸ
318 2722 477 2792 ἅγιον
503 2722 1039 2792 συμπατηθήσεται
1076 2721 1184 2787 ἕως
1225 2719 1482 2787 ἑσπέρας
1514 2718 1610 2773 καὶ

123 2810 195 2876 ἕως
226 2814 346 2881 πρωῒ
385 2813 599 2885 ἡμέραι
644 2815 828 2884 χίλιαι
872 2812 1220 2881 τριακόσιαι.
1261 2811 1465 2882 Συνέϐη
1504 2810 1612 2883 γὰρ

126 2906 204 2955 κατ’
232 2906 401 2959 ἐκεῖνον
428 2907 517 2961 τὸν
543 2906 759 2979 καιρὸν,
790 2907 916 2979 τρία
941 2907 1108 2977 ἥμισυ
1147 2904 1239 2975 ἐτη
1270 2903 1469 2975 ἔρημον
1497 2904 1615 2973 μεῖ-

126 3008 181 3042 νιι
216 2994 259 3045 τὸ
294 2996 543 3067 ἁγίασμα,
586 2997 661 3060 ὡς
706 2996 1055 3067 πληρωθῆναι
1083 2993 1258 3066 χιλίας
1301 2993 1613 3066 τριακοσίας

1708 1889 1885 1942 batum
1917 1898 2016 1955 est,
2037 1898 2087 1943 et
2108 1888 2252 1942 humi
2277 1888 2481 1952 iustitia
2505 1889 2704 1958 dejecta
2728 1900 2827 1944 est.

1776 1980 1842 2034 Χ.
1874 1980 1998 2035 Fuit
2037 1980 2180 2035 enim
2232 1980 2531 2035 Antiochus
2562 1991 2918 2051 cognomento
2957 1978 3263 2051 Epiphanes

1707 2089 1773 2129 ex
1802 2073 2093 2128 Alexandri
2127 2072 2493 2137 successione,
2525 2074 2616 2141 qui
2644 2089 2765 2127 cum
2801 2075 2856 2127 in
2888 2072 3042 2145 Syria
3076 2088 3265 2143 regna-

1709 2176 1810 2231 ret,
1855 2174 1909 2221 et
1962 2164 2253 2237 Egyptum
2294 2164 2605 2219 universam
2659 2167 2712 2219 in
2767 2180 2920 2220 suam
2976 2165 3269 2235 redegisset

1708 2266 2049 2329 potestatem,
2082 2258 2295 2312 tandem
2352 2258 2405 2311 in
2455 2255 2755 2312 Jerusalem
2794 2257 3072 2319 ascendit.
3104 2258 3269 2328 inquo

1712 2349 2083 2406 sanctuarium
2116 2349 2415 2418 ingressus,
2444 2362 2634 2403 omnes
2664 2349 2969 2415 thesauros,
2998 2348 3089 2419 qui
3114 2359 3269 2403 erant

1711 2442 1765 2496 in
1796 2442 1959 2497 domo
1989 2440 2225 2508 Domini,
2257 2451 2310 2497 et
2349 2442 2731 2497 candelabrum
2761 2458 3007 2506 aureum,
3035 2452 3087 2496 et
3117 2458 3270 2496 men--

1711 2548 1851 2599 sam,
1896 2543 1950 2589 et
1985 2534 2172 2599 altare,
2202 2535 2441 2601 abstulit,
2476 2534 2853 2605 ingentemque
2898 2534 2952 2588 in
2988 2544 3129 2588 terra
3160 2549 3267 2589 cre-

1712 2628 1833 2680 dem
1859 2626 2005 2691 fecit,
2048 2628 2189 2681 sicut
2218 2626 2385 2680 dicit:
2421 2624 2489 2678 Et
2534 2627 2898 2679 sanctuarium
2935 2624 3268 2678 conculcalﬁi-

1713 2726 1819 2782 tur,
1865 2734 2025 2787 usque
2070 2718 2139 2770 ad
2189 2733 2481 2785 vesperam,
2526 2725 2575 2769 et
2618 2732 2775 2786 usque
2804 2718 2872 2769 ad
2910 2732 3061 2771 mane
3090 2716 3269 2769 diebus

1714 2806 1857 2860 mille
1891 2808 2149 2861 trecentis.
2186 2806 2393 2861 Accidit
2418 2807 2560 2860 enim
2592 2820 2689 2875 per
2722 2805 2775 2860 id
2809 2816 3040 2875 tempus,
3073 2814 3131 2860 ut
3172 2808 3271 2860 tri-

1713 2897 1814 2953 bus
1846 2913 1971 2953 cum
1994 2897 2218 2952 dimidio
2244 2898 2402 2953 annis
2428 2897 2698 2952 desertum
2742 2906 2984 2952 maneret
3017 2907 3271 2952 sanctua-

1714 2990 1878 3053 rium,
1910 2999 1968 3045 ut
1997 2990 2424 3059 adimplerentur
2468 2988 2613 3043 mille
2657 2989 2881 3043 trecenti
2919 2989 3056 3055 dies,
3099 2989 3271 3043 donec

126 3083 289 3153 ἦνρις.
328 3087 507 3161 μέχρις
574 3080 635 3141 οὗ
684 3087 916 3151 ἀναστὰς
954 3086 1154 3149 Ἰούδας
1181 3087 1209 3139 6
1238 3084 1613 3151 Μακκαϐαῖος,

1722 3097 1947 3152 surgens
1999 3081 2166 3136 Judas
2213 3080 2550 3137 Machabmus
2594 3090 2716 3150 post
2774 3080 2980 3135 obitum
3037 3080 3273 3134 Matthia:

130 3178 218 3238 μετὰ
241 3178 320 3247 τήν
345 3180 599 3251 τελευτὴν
639 3179 878 3233 Ματθίου
909 3178 1001 3232 τοῦ
1034 3179 1237 3250 πατρὸς
1268 3176 1429 3230 αὐτοῦ
1460 3177 1616 3230 ἀντέ’

129 3278 192 3334 στη
226 3268 360 3339 αὐτῷ,
387 3271 473 3323 καὶ
516 3270 746 3340 ἐξέκοψε
792 3270 890 3334 τὰς
934 3268 1281 3341 παρεμϐολὰς
1321 3267 1613 3338 Ἀντιόχου,

130 3356 189 3405 καὶ
216 3357 501 3430 ὲλευθέρωσε
533 3359 642 3430 ’τὴν
679 3360 855 3424 πόλιν,
884 3361 977 3413 καὶ
1005 3361 1339 3431 ἀνεκτήσατο
1352 3360 1420 3413 τὰ
1432 3360 1614 3428 Ἀγια,

131 3445 191 3497 ul
223 3449 520 3505 ἀνεκαίνισεν
575 3451 731 3516 αὐτὰ,
756 3452 986 3523 ποιήσας
1018 3451 1192 3505 πάντα
1220 3451 1360 3505 κατὰ
1402 3451 1493 3503 τὸν
1528 3448 1619 3503 v6-

134 3554 210 3603 μον.

175 3631 241 3685 XI.
282 3635 479 3708 Ἐπειδὴ
525 3631 626 3690 οὖν
673 3636 767 3690 καὶ
812 3639 840 3690 6
877 3636 1102 3705 ἄγγελος
1147 3635 1402 3709 Γαϐριὴλ,
1439 3634 1619 3699 καθὼς

134 3719 187 3787 Si
208 3724 331 3793 ἡμῶν
354 3729 624 3799 νενόηται,
664 3726 833 3791 οὕτως
861 3726 1031 3780 ταῦτα
1058 3728 1352 3799 διηγήσατο
1379 3727 1455 3798 τῷ
1486 3744 1619 3798 προ-

136 3817 246 3887 ςήτῃ.
270 3820 429 3884 καθὼς
458 3823 561 3875 καὶ
591 3821 820 3890 ἐγένετο,
861 3822 953 3874 καὶ
984 3823 1042 3874 ἐν
1071 3826 1180 3885 τοῖς
1209 3822 1622 3887 Μακκαϐαῖκοῖς

136 3907 264 3972 πφῶς
284 3910 443 3965 πάντα
472 3911 905 3983 ἀναγέγραπται,
931 3911 1129 3981 ἴδωμεν
1154 3910 1248 3964 καὶ
1274 3913 1333 3963 ἐν
1363 3913 1481 3973 ταῖς
1507 3910 1622 3962 ἐτέ-

138 4011 216 4062 ταῖς
248 4000 478 4073 ἑϐδομάσι
504 4002 565 4056 τί
591 4003 766 4071 λέγει·
792 3996 945 4066 οὗτος
968 4002 1077 4074 γὰρ
1107 4002 1369 4071 ἀναγνοὺς
1403 4002 1503 4073 τὴν
1546 4002 1624 4072 βί-

135 4086 215 4139 ἵισν
245 4089 480 4165 Ἰερεμίου
520 4094 622 4148 τοῦ
664 4096 960 4167 προφήτου,
990 4097 1048 4147 ἐν
1127 4094 1447 4165 γέγραπται,
1479 4093 1625 4146 ἐϐδο-

139 4180 311 4246 μῆκθντα
348 4187 435 4257 ἔτη
485 4187 694 4259 ἔρημον
741 4186 955 4239 ἔσεσθαι
1008 4186 1067 4238 τὸ
1120 4186 1387 4257 ἁγίασμα,
1435 4187 1494 4237 ἐν
1539 4201 1625 4255 νη-

138 4272 298 4339 πεῐαις,
337 4280 421 4332 καὶ
449 4280 706 4350 δεήσεσιν
737 4277 1220 4350 ἐξομολογούμενος
1265 4279 1494 4341 ἱκέτευε,
1524 4276 1623 4330 τά-

1717 3175 1887 3243 patris
1915 3175 2020 3239 sui,
2043 3173 2243 3229 restitit
2286 3174 2412 3243 ipsi,
2435 3174 2742 3244 castrisque
2773 3173 3028 3255 Antiochi
3059 3174 3270 3235 deletis.

1717 3263 1954 3333 urbeque
2002 3264 2055 3317 in
2091 3263 2389 3317 libertatem
2424 3263 2715 3329 vindicata,
2756 3264 3091 3332 recuperavit
3133 3261 3272 3317 San-

1716 3364 1820 3419 cta,
1850 3363 1904 3409 et
1937 3354 2212 3410 renovavit
2247 3353 2358 3419 illa,
2386 3355 2567 3409 omnia
2594 3356 2749 3425 juxta
2782 3355 2950 3426 legem
2978 3354 3201 3411 faciens.

1786 3644 1875 3698 XI.
1908 3643 2174 3711 Quoniam
2204 3658 2333 3698 vero
2374 3645 2536 3697 etiam
2571 3644 2794 3713 angelus
2843 3643 3056 3697 Gabriel
3084 3658 3277 3713 quem-

1721 3738 2013 3792 admodum
2065 3753 2096 3791 a
2142 3736 2299 3792 nobis
2344 3736 2615 3791 intellecta
2662 3745 2818 3799 sunt,
2868 3736 2983 3790 haec
3028 3735 3103 3790 ita
3151 3752 3278 3791 nar-

1720 3831 1858 3886 ravit
1900 3830 2206 3899 prophetas,
2240 3829 2317 3884 uti
2350 3838 2402 3883 et
2451 3837 2630 3899 gesta,
2676 3839 2730 3883 et
2773 3828 2828 3883 in
2875 3829 3027 3883 libris
3057 3828 3277 3883 Macha-

1721 3923 1959 3978 baeorum
2010 3928 2194 3990 aperte
2237 3919 2419 3974 omnia
2460 3918 2729 3988 descripta
2769 3918 2919 3973 fuere
2950 3937 2965 3972 :
2998 3918 3279 3972 videamus

1721 4022 1775 4067 et
1808 4012 1863 4066 in
1891 4011 2013 4066 aliis
2044 4009 2467 4065 hebdomadibus
2495 4009 2625 4079 quid
2655 4009 2815 4063 dicat.
2854 4007 2951 4063 Hic
2980 4008 3125 4062 enim
3152 4023 3275 4062 cum

1721 4101 1966 4157 Ieremia:
1992 4100 2265 4169 propheta:
2300 4098 2496 4153 librum
2515 4098 2775 4172 .-legisset,
2804 4099 2857 4153 in
2884 4115 2990 4169 quo
3017 4098 3279 4167 scriptum

1724 4202 1861 4259 erat,
1898 4192 2231 4263 septuaginta
2263 4191 2421 4245 annis
2448 4190 2720 4245 desertum
2758 4190 2995 4245 futurum
3026 4199 3281 4245 sanctua-

1731 4284 1891 4350 rium,
1942 4283 1995 4336 in
2035 4282 2257 4353 jejuniis
2285 4290 2338 4337 et
2381 4281 2847 4337 obsecrationibus
2890 4282 3153 4337 conﬁtens
3189 4282 3282 4337 de-

137 4378 212 4428 I'm
242 4367 540 4442 ἐπιστρέψαι
584 4371 674 4424 τὸν
716 4369 839 4424 λαὸν
885 4373 949 4425 ἐκ
989 4372 1089 4442 τῆς
1130 4369 1503 4441 αἰχμαλωσίας
1546 4372 1614 4433 είς

1730 4375 2080 4444 precabatur,
2128 4384 2187 4429 ut
2230 4375 2459 4429 celerius
2507 4375 2741 4445 populus
2785 4389 2817 4429 e
2868 4375 3174 4444 captivitate
3225 4374 3281 4427 in

144 4452 409 4533 ’ίεγωυςαλὴν
434 4464 534 4535 τὴν
558 4464 708 4516 πόλιν
726 4481 738 4493 ·
765 4463 936 4528 οὕτως
956 4461 1047 4519 οὖν
1071 4464 1418 4536 διηγούμενος
1445 4463 1614 4531 λέγειε

1730 4465 2027 4522 Jerusalem
2061 4467 2250 4521 urbem
2293 4473 2648 4521 reverteretur
2684 4481 2695 4516 ε
2724 4466 2804 4521 sic
2836 4465 2999 4535 igitur
3022 4480 3283 4519 enarrans

145 4544 211 4596 Ἐν
227 4550 287 4614 τῷ
308 4554 497 4621 πρώτῳ
540 4555 657 4608 ἔτει
690 4556 927 4623 Δαρείου
957 4556 1062 4610 τοῦ
1090 4556 1223 4609 υἱοῦ
1266 4554 1626 4622 Ἀσσουήρου

138 4634 217 4689 ἀπὸ
240 4641 549 4713 σπέρματος
586 4644 704 4698 τῶν
728 4645 963 4711 Μήδων,
1004 4645 1071 4711 ὃς
1099 4646 1491 4698 ἐϐασίλευσεν
1532 4642 1630 4697 ἐπὶ

140 4726 518 4791 τὴνβασιλείαν
542 4734 659 4788 τῶν
689 4735 993 4790 Χαλδαίων
1011 4754 1024 4767 ·
1056 4736 1169 4805 ἐγὼ
1193 4735 1413 4803 Δανιὴλ
1452 4736 1633 4805 συνῆ-

141 4832 191 4868 za
206 4820 259 4873 ἐν
278 4826 389 4892 ταῖς
408 4828 646 4893 βίϐλοις
676 4828 782 4881 τὸν
805 4829 1050 4899 ἀριθμόν
1070 4828 1185 4881 τῶν
1208 4826 1374 4892 ἐτῶν,
1409 4828 1488 4894 ὡς
1509 4829 1633 4897 ἐγε-

142 4909 249 4979 νήθη
278 4918 440 4987 λόφος
465 4922 683 4988 Κυρίου
710 4920 858 4988 πρὸς
892 4920 1163 4991 Ἱερεμίαν
1186 4920 1292 4974 τὸν
1324 4919 1633 4989 προφήτην

142 5002 201 5066 εὶς
234 5010 642 5079 συμπλήρωσιν
688 5010 1031 5081 ἐρημώσεως
1069 5011 1448 5082 Ἰερουσαλὴμ
1472 5012 1635 5065 ἐϐδο-

140 5092 346 5157 Wa
368 5104 467 5172 ἐτη
492 5120 504 5133 ·
538 5104 630 5158 καὶ
659 5104 804 5174 ἐξῆς.

190 5185 282 5243 XII.
315 5194 459 5249 Μετὰ
508 5197 603 5267 τὴν
652 5195 1031 5268 ἐξομολόγησιν
1076 5196 1238 5250 αὐτοῦ
1287 5197 1379 5251 καὶ
1428 5197 1631 5269 δέησιν,

147 5280 262 5360 ne»
282 5285 307 5335 6
335 5286 554 5355 ἄγγελος
592 5289 728 5360 πρὸς
754 5288 914 5342 αὐτόν
932 5306 945 5319 ·
994 5290 1170 5357 Ἀνὴρ
1214 5288 1532 5358 ἐπιθυμιῶν
1553 5288 1634 5343 σὺ

148 5358 204 5413 εἴ·
228 5370 375 5426 ταῦτα
397 5377 505 5447 γὰρ
536 5358 656 5432 ἰδεῖν
682 5378 980 5450 ἐπιθυμεῖς,
1010 5378 1153 5449 ἆπερ
1179 5378 1245 5431 δι’
1265 5377 1396 5448 ἐμοῦ
1427 5377 1637 5448 μέλλεις

146 5453 472 5521 ξιακονεῖσθαι·
517 5470 687 5541 καιρῷ
728 5471 783 5524 δὲ
829 5471 941 5541 ἰδίῳ
978 5468 1149 5523 ταῦτα
1185 5469 1597 5541 πληρωθήσεται
1621 5486 1635 5499 ·

151 5552 212 5603 ul
234 5556 475 5629 ἐπήνεγκε
518 5563 701 5631 λέγων·
731 5570 785 5617 0’
827 5563 1141 5632 ἐϐδομάδες
1174 5562 1635 5632 συνετμήθησαν

1734 4564 1810 4616 ait
1839 4578 1851 4614 :
1878 4559 1943 4614 In
1986 4561 2154 4629 primo
2206 4576 2342 4613 anno
2398 4558 2551 4612 Darii
2602 4558 2703 4627 ﬁlii
2738 4558 2952 4612 Assueri
2988 4558 3051 4612 de
3092 4560 3285 4612 semine

1736 4654 2028 4715 Medorum,
2057 4653 2146 4722 qui
2188 4652 2417 4722 regnavit
2449 4667 2603 4719 super
2646 4666 2856 4721 regnum
2896 4649 3282 4715 Chaldaeorum,

1736 4764 1826 4817 ego
1854 4743 2041 4797 Daniel
2082 4742 2313 4796 intellexi
2348 4743 2399 4795 in
2435 4742 2582 4796 libris
2612 4756 2882 4794 numerum
2919 4757 3191 4802 annorum,
3221 4741 3285 4793 de

1731 4854 1833 4908 quo
1862 4836 2033 4905 factus
2077 4844 2152 4887 est
2195 4849 2362 4886 sermo
2396 4832 2609 4886 Domini
2640 4831 2709 4886 ad
2748 4831 3031 4888 Jeremiam
3067 4830 3286 4900 prophe-

1733 4938 1863 4995 tam,
1891 4936 1947 4980 ut
1973 4924 2352 4994 complerentur
2385 4924 2720 4978 desolationis
2742 4923 3037 4979 Jerusalem
3072 4933 3283 4991 septua-

1731 5024 1877 5093 ginta
1908 5020 2066 5083 anni;
2088 5028 2142 5073 et
2169 5033 2291 5088 qua:
2322 5029 2640 5087 sequuntur.

1802 5196 1919 5251 XII.
1952 5196 2080 5252 Post
2110 5195 2528 5260 confessionem,
2554 5203 2610 5250 et
2635 5194 3061 5250 obsecrationem
3089 5192 3283 5263 ipsius,

1738 5289 1915 5360 inquit
1958 5287 2180 5359 angelus
2207 5288 2271 5341 ad
2316 5286 2489 5356 ipsum
2522 5304 2538 5341 :
2574 5283 2666 5338 Vir
2688 5284 3063 5338 desideriorum
3095 5292 3151 5335 tu
3181 5298 3233 5335 es
3266 5295 3286 5335 :

1739 5381 1854 5434 haec
1878 5379 2022 5433 enim
2058 5379 2198 5433 scire
2222 5377 2396 5446 cupis,
2430 5391 2550 5446 quae
2587 5390 2683 5445 per
2721 5390 2807 5427 me
2844 5373 2938 5426 tibi
2980 5381 3107 5427 nota
3134 5370 3285 5437 tient,

1741 5479 1984 5541 tempore
2031 5485 2161 5524 vero
2203 5483 2303 5524 suo
2353 5468 2538 5522 eadem
2588 5466 2950 5535 perﬁcientur,
3006 5473 3060 5519 et
3110 5462 3288 5518 intulit

1740 5564 1969 5618 dicens:
2021 5559 2364 5631 Septuaginta
2412 5557 2752 5611 hebdomades
2807 5556 3117 5611 abbreviata:
3166 5564 3286 5609 sunt

203 5728 291 5802 (67)
327 5733 750 5808 DeAntichristo,
792 5742 881 5807 ιθ,
924 5743 997 5798 ὢν
1043 5742 1261 5811 ἔκγονος
1302 5740 1611 5811 ’Δλεξάνδρο

1722 5740 1960 5829 Ἐκγονος
1995 5741 2281 5813 Hippolyto
2310 5739 2449 5795 idem
2475 5746 2557 5794 est
2583 5748 2745 5809 atque
2777 5738 3044 5809 ἐπίτονος.

378 5833 639 5902 Ριτιιοι..
661 5838 774 5902 Cm.
810 5838 891 5900 Χ.

2902 5834 2976 5895 21
