  <div class='ocr_page' id='page_1' title='image "/cluster/home/n/w/nwhite01/storage/ocr_20150623/10/hvd.32044073501330/345.png"; bbox 0 0 3814 6198; ppageno 0'>
   <div class='ocr_carea' id='block_1_1' title="bbox 558 245 653 298">
    <p class='ocr_par' dir='ltr' id='par_1_1' title="bbox 558 245 653 298">
     <span class='ocr_line' id='line_1_1' title="bbox 558 245 653 298; baseline 0.021 -2"><span class='ocrx_word' id='word_1_1' title='bbox 558 245 653 298; x_wconf 68' lang='lat' dir='ltr'><strong><em>(ii-il</em></strong></span> 
     </span>
    </p>
   </div>
   <div class='ocr_carea' id='block_1_2' title="bbox 1444 239 2932 301">
    <p class='ocr_par' dir='ltr' id='par_1_2' title="bbox 1444 239 2932 301">
     <span class='ocr_line' id='line_1_2' title="bbox 1444 239 2932 301; baseline 0.003 -6"><span class='ocrx_word' id='word_1_2' title='bbox 1444 241 1501 296; x_wconf 91' lang='lat' dir='ltr'><strong><em>S.</em></strong></span> <span class='ocrx_word' id='word_1_3' title='bbox 1541 239 1902 297; x_wconf 74' lang='lat' dir='ltr'><strong><em>HIPPOLYTI</em></strong></span> <span class='ocrx_word' id='word_1_4' title='bbox 1936 242 2083 298; x_wconf 84' lang='lat' dir='ltr'><strong><em>OPP.</em></strong></span> <span class='ocrx_word' id='word_1_5' title='bbox 2126 239 2305 297; x_wconf 77' lang='lat' dir='ltr'><strong><em>PARS</em></strong></span> <span class='ocrx_word' id='word_1_6' title='bbox 2338 241 2379 297; x_wconf 92' lang='lat' dir='ltr'><strong>I.</strong></span> <span class='ocrx_word' id='word_1_7' title='bbox 2418 273 2486 284; x_wconf 88' lang='lat'>—</span> <span class='ocrx_word' id='word_1_8' title='bbox 2526 242 2932 301; x_wconf 77' lang='lat' dir='ltr'><strong><em>EXEGETICA.</em></strong></span> 
     </span>
    </p>
   </div>
   <div class='ocr_carea' id='block_1_3' title="bbox 3586 249 3669 303">
    <p class='ocr_par' dir='ltr' id='par_1_3' title="bbox 3586 249 3669 303">
     <span class='ocr_line' id='line_1_3' title="bbox 3586 249 3669 303; baseline 0.012 -1"><span class='ocrx_word' id='word_1_9' title='bbox 3586 249 3669 303; x_wconf 71' lang='lat'><strong><em>652</em></strong></span> 
     </span>
    </p>
   </div>
   <div class='ocr_carea' id='block_1_4' title="bbox 556 359 2125 434">
    <p class='ocr_par' dir='ltr' id='par_1_4' title="bbox 556 360 2105 431">
     <span class='ocr_line' id='line_1_4' title="bbox 556 360 2105 431; baseline 0.001 -18"><span class='ocrx_word' id='word_1_10' title='bbox 556 378 711 431; x_wconf 76' lang='lat' dir='ltr'><strong><em>super</em></strong></span> <span class='ocrx_word' id='word_1_11' title='bbox 756 360 1003 430; x_wconf 85' lang='lat' dir='ltr'><strong><em>populum</em></strong></span> <span class='ocrx_word' id='word_1_12' title='bbox 1050 369 1214 425; x_wconf 90' lang='lat' dir='ltr'><strong><em>tuum,</em></strong></span> <span class='ocrx_word' id='word_1_13' title='bbox 1262 368 1309 412; x_wconf 87' lang='lat' dir='ltr'><strong><em>et</em></strong></span> <span class='ocrx_word' id='word_1_14' title='bbox 1360 376 1510 429; x_wconf 81' lang='lat' dir='ltr'><strong><em>super</em></strong></span> <span class='ocrx_word' id='word_1_15' title='bbox 1553 362 1730 414; x_wconf 87' lang='lat' dir='ltr'><strong><em>urbem</em></strong></span> <span class='ocrx_word' id='word_1_16' title='bbox 1761 371 2017 428; x_wconf 82' lang='lat' dir='ltr'><strong><em>sanctam,</em></strong></span> <span class='ocrx_word' id='word_1_17' title='bbox 2049 371 2105 415; x_wconf 93' lang='lat' dir='ltr'><strong><em>ut</em></strong></span> 
     </span>
    </p>
   </div>
   <div class='ocr_carea' id='block_1_5' title="bbox 2211 359 3668 434">
    <p class='ocr_par' dir='ltr' id='par_1_5' title="bbox 2211 359 3668 434">
     <span class='ocr_line' id='line_1_5' title="bbox 2211 359 3668 434; baseline 0.001 -18"><span class='ocrx_word' id='word_1_18' title='bbox 2211 364 2302 417; x_wconf 78' lang='grc' dir='ltr'>ἐπὶ</span> <span class='ocrx_word' id='word_1_19' title='bbox 2330 362 2433 415; x_wconf 77' lang='grc' dir='ltr'><strong><em>τόν</em></strong></span> <span class='ocrx_word' id='word_1_20' title='bbox 2463 365 2615 417; x_wconf 78' lang='grc' dir='ltr'>λαόν</span> <span class='ocrx_word' id='word_1_21' title='bbox 2650 378 2787 424; x_wconf 89' lang='grc' dir='ltr'>σου,</span> <span class='ocrx_word' id='word_1_22' title='bbox 2815 361 2914 415; x_wconf 77' lang='grc' dir='ltr'>καὶ</span> <span class='ocrx_word' id='word_1_23' title='bbox 2939 360 3033 414; x_wconf 80' lang='grc' dir='ltr'>ἐπὶ</span> <span class='ocrx_word' id='word_1_24' title='bbox 3072 359 3181 428; x_wconf 74' lang='grc' dir='ltr'><strong><em>τὴν</em></strong></span> <span class='ocrx_word' id='word_1_25' title='bbox 3211 363 3375 415; x_wconf 65' lang='grc' dir='ltr'>πόλιν</span> <span class='ocrx_word' id='word_1_26' title='bbox 3393 361 3494 430; x_wconf 80' lang='grc' dir='ltr'><strong><em>τὴν</em></strong></span> <span class='ocrx_word' id='word_1_27' title='bbox 3519 362 3668 434; x_wconf 76' lang='grc' dir='ltr'>ότίαν,</span> 
     </span>
    </p>
   </div>
   <div class='ocr_carea' id='block_1_6' title="bbox 554 446 2101 522">
    <p class='ocr_par' dir='ltr' id='par_1_6' title="bbox 554 446 2101 522">
     <span class='ocr_line' id='line_1_6' title="bbox 554 446 2101 522; baseline -0.001 -16"><span class='ocrx_word' id='word_1_28' title='bbox 554 446 979 507; x_wconf 74' lang='lat' dir='ltr'><strong><em>consummentur</em></strong></span> <span class='ocrx_word' id='word_1_29' title='bbox 1005 451 1455 522; x_wconf 74' lang='lat' dir='ltr'><strong><em>prtevgricationes</em></strong></span> <span class='ocrx_word' id='word_1_30' title='bbox 1484 459 1532 504; x_wconf 90' lang='lat' dir='ltr'><strong><em>et</em></strong></span> <span class='ocrx_word' id='word_1_31' title='bbox 1558 450 1853 521; x_wconf 88' lang='lat' dir='ltr'><strong><em>sigillentur</em></strong></span> <span class='ocrx_word' id='word_1_32' title='bbox 1872 460 2101 521; x_wconf 84' lang='lat' dir='ltr'><strong><em>peccata,</em></strong></span> 
     </span>
    </p>
   </div>
   <div class='ocr_carea' id='block_1_7' title="bbox 555 539 2104 611">
    <p class='ocr_par' dir='ltr' id='par_1_7' title="bbox 555 539 2104 611">
     <span class='ocr_line' id='line_1_7' title="bbox 555 539 2104 611; baseline 0.001 -17"><span class='ocrx_word' id='word_1_33' title='bbox 555 551 603 594; x_wconf 89' lang='lat' dir='ltr'><strong><em>et</em></strong></span> <span class='ocrx_word' id='word_1_34' title='bbox 637 540 910 594; x_wconf 76' lang='lat' dir='ltr'><strong><em>deleantur</em></strong></span> <span class='ocrx_word' id='word_1_35' title='bbox 949 539 1272 609; x_wconf 77' lang='lat' dir='ltr'><strong><em>iniquitates,</em></strong></span> <span class='ocrx_word' id='word_1_36' title='bbox 1305 547 1355 594; x_wconf 91' lang='lat' dir='ltr'><strong><em>et</em></strong></span> <span class='ocrx_word' id='word_1_37' title='bbox 1399 540 1694 610; x_wconf 87' lang='lat' dir='ltr'><strong><em>obsignetur</em></strong></span> <span class='ocrx_word' id='word_1_38' title='bbox 1730 541 1879 608; x_wconf 84' lang='lat' dir='ltr'><strong><em>visio,</em></strong></span> <span class='ocrx_word' id='word_1_39' title='bbox 1904 550 1953 595; x_wconf 88' lang='lat' dir='ltr'><strong><em>et</em></strong></span> <span class='ocrx_word' id='word_1_40' title='bbox 1979 558 2104 611; x_wconf 90' lang='lat' dir='ltr'><strong><em>pro-</em></strong></span> 
     </span>
    </p>
   </div>
   <div class='ocr_carea' id='block_1_8' title="bbox 556 630 2104 704">
    <p class='ocr_par' dir='ltr' id='par_1_8' title="bbox 556 630 2104 704">
     <span class='ocr_line' id='line_1_8' title="bbox 556 630 2104 704; baseline 0.001 -19"><span class='ocrx_word' id='word_1_41' title='bbox 556 633 733 699; x_wconf 82' lang='lat' dir='ltr'><strong><em>pheta,</em></strong></span> <span class='ocrx_word' id='word_1_42' title='bbox 755 640 805 685; x_wconf 89' lang='lat' dir='ltr'><strong><em>et</em></strong></span> <span class='ocrx_word' id='word_1_43' title='bbox 830 639 1058 702; x_wconf 87' lang='lat' dir='ltr'><strong><em>ungatur</em></strong></span> <span class='ocrx_word' id='word_1_44' title='bbox 1095 630 1319 686; x_wconf 89' lang='lat' dir='ltr'><strong><em>Sanctus</em></strong></span> <span class='ocrx_word' id='word_1_45' title='bbox 1350 642 1651 686; x_wconf 87' lang='lat' dir='ltr'><strong><em>sanctorum</em></strong></span> <span class='ocrx_word' id='word_1_46' title='bbox 1680 648 1699 687; x_wconf 88' lang='lat'><strong><em>:</em></strong></span> <span class='ocrx_word' id='word_1_47' title='bbox 1737 642 1786 687; x_wconf 88' lang='lat' dir='ltr'><strong><em>et</em></strong></span> <span class='ocrx_word' id='word_1_48' title='bbox 1811 649 2104 704; x_wconf 76' lang='lat' dir='ltr'><strong><em>cognosces,</em></strong></span> 
     </span>
    </p>
   </div>
   <div class='ocr_carea' id='block_1_9' title="bbox 557 725 2107 796">
    <p class='ocr_par' dir='ltr' id='par_1_9' title="bbox 557 725 2107 796">
     <span class='ocr_line' id='line_1_9' title="bbox 557 725 2107 796; baseline 0 -17"><span class='ocrx_word' id='word_1_49' title='bbox 557 736 607 780; x_wconf 91' lang='lat' dir='ltr'><strong><em>et</em></strong></span> <span class='ocrx_word' id='word_1_50' title='bbox 631 725 888 796; x_wconf 76' lang='lat' dir='ltr'><strong><em>intelliges</em></strong></span> <span class='ocrx_word' id='word_1_51' title='bbox 916 728 981 779; x_wconf 91' lang='lat' dir='ltr'><strong><em>ab</em></strong></span> <span class='ocrx_word' id='word_1_52' title='bbox 1008 727 1152 780; x_wconf 71' lang='lat' dir='ltr'><strong><em>exitu</em></strong></span> <span class='ocrx_word' id='word_1_53' title='bbox 1188 742 1510 791; x_wconf 82' lang='lat' dir='ltr'><strong><em>sermonum,</em></strong></span> <span class='ocrx_word' id='word_1_54' title='bbox 1538 741 1596 780; x_wconf 83' lang='lat' dir='ltr'><strong><em>ut</em></strong></span> <span class='ocrx_word' id='word_1_55' title='bbox 1640 726 2031 795; x_wconf 79' lang='lat' dir='ltr'><strong><em>respondeatur,</em></strong></span> <span class='ocrx_word' id='word_1_56' title='bbox 2057 735 2107 780; x_wconf 91' lang='lat' dir='ltr'><strong><em>et</em></strong></span> 
     </span>
    </p>
   </div>
   <div class='ocr_carea' id='block_1_10' title="bbox 557 815 2107 888">
    <p class='ocr_par' dir='ltr' id='par_1_10' title="bbox 557 815 2107 888">
     <span class='ocr_line' id='line_1_10' title="bbox 557 815 2107 888; baseline -0.001 -17"><span class='ocrx_word' id='word_1_57' title='bbox 557 817 849 885; x_wconf 72' lang='lat' dir='ltr'><strong><em>a&#39;diﬁcetur</em></strong></span> <span class='ocrx_word' id='word_1_58' title='bbox 900 815 1230 881; x_wconf 81' lang='lat' dir='ltr'><strong><em>Jerusalem,</em></strong></span> <span class='ocrx_word' id='word_1_59' title='bbox 1275 833 1435 888; x_wconf 87' lang='lat' dir='ltr'><strong><em>usque</em></strong></span> <span class='ocrx_word' id='word_1_60' title='bbox 1480 818 1548 872; x_wconf 87' lang='lat' dir='ltr'><strong><em>ad</em></strong></span> <span class='ocrx_word' id='word_1_61' title='bbox 1605 817 1873 873; x_wconf 80' lang='lat' dir='ltr'><strong><em>Christum</em></strong></span> <span class='ocrx_word' id='word_1_62' title='bbox 1925 818 2107 873; x_wconf 87' lang='lat' dir='ltr'><strong><em>ducem</em></strong></span> 
     </span>
    </p>
   </div>
   <div class='ocr_carea' id='block_1_11' title="bbox 556 911 2036 986">
    <p class='ocr_par' dir='ltr' id='par_1_11' title="bbox 556 911 2036 986">
     <span class='ocr_line' id='line_1_11' title="bbox 556 911 2036 986; baseline 0.003 -19"><span class='ocrx_word' id='word_1_63' title='bbox 556 911 897 967; x_wconf 76' lang='lat' dir='ltr'><strong><em>hebdomades</em></strong></span> <span class='ocrx_word' id='word_1_64' title='bbox 921 922 1132 981; x_wconf 85' lang='lat' dir='ltr'><strong><em>septem,</em></strong></span> <span class='ocrx_word' id='word_1_65' title='bbox 1158 922 1206 966; x_wconf 85' lang='lat' dir='ltr'><strong><em>et</em></strong></span> <span class='ocrx_word' id='word_1_66' title='bbox 1232 911 1571 969; x_wconf 87' lang='lat' dir='ltr'><strong><em>hebdomades</em></strong></span> <span class='ocrx_word' id='word_1_67' title='bbox 1600 916 1876 986; x_wconf 71' lang='lat' dir='ltr'><strong><em>sexaginta</em></strong></span> <span class='ocrx_word' id='word_1_68' title='bbox 1898 916 2036 971; x_wconf 70' lang='lat' dir='ltr'><strong><em>dua&#39;.</em></strong></span> 
     </span>
    </p>
   </div>
   <div class='ocr_carea' id='block_1_12' title="bbox 630 1003 2105 1079">
    <p class='ocr_par' dir='ltr' id='par_1_12' title="bbox 630 1003 2105 1079">
     <span class='ocr_line' id='line_1_12' title="bbox 630 1003 2105 1079; baseline 0.003 -21"><span class='ocrx_word' id='word_1_69' title='bbox 630 1003 764 1058; x_wconf 85' lang='lat' dir='ltr'><strong>XIII.</strong></span> <span class='ocrx_word' id='word_1_70' title='bbox 794 1003 929 1060; x_wconf 92' lang='lat' dir='ltr'><strong><em>Cum</em></strong></span> <span class='ocrx_word' id='word_1_71' title='bbox 965 1005 1148 1074; x_wconf 89' lang='lat' dir='ltr'><strong><em>itaque</em></strong></span> <span class='ocrx_word' id='word_1_72' title='bbox 1200 1004 1438 1077; x_wconf 83' lang='lat' dir='ltr'><strong><em>(Gabriel</em></strong></span> <span class='ocrx_word' id='word_1_73' title='bbox 1493 1007 1736 1079; x_wconf 81' lang='lat' dir='ltr'><strong><em>angelus)</em></strong></span> <span class='ocrx_word' id='word_1_74' title='bbox 1767 1023 1873 1061; x_wconf 81' lang='lat' dir='ltr'><strong><em>Lxx</em></strong></span> <span class='ocrx_word' id='word_1_75' title='bbox 1902 1007 2105 1062; x_wconf 86' lang='lat' dir='ltr'><strong><em>hebdo-</em></strong></span> 
     </span>
    </p>
   </div>
   <div class='ocr_carea' id='block_1_13' title="bbox 559 1095 2109 1169">
    <p class='ocr_par' dir='ltr' id='par_1_13' title="bbox 559 1095 2109 1169">
     <span class='ocr_line' id='line_1_13' title="bbox 559 1095 2109 1169; baseline 0.003 -21"><span class='ocrx_word' id='word_1_76' title='bbox 559 1095 744 1150; x_wconf 88' lang='lat' dir='ltr'><strong><em>mades</em></strong></span> <span class='ocrx_word' id='word_1_77' title='bbox 774 1095 1132 1163; x_wconf 82' lang='lat' dir='ltr'><strong><em>nominasset,</em></strong></span> <span class='ocrx_word' id='word_1_78' title='bbox 1190 1111 1389 1166; x_wconf 88' lang='lat' dir='ltr'><strong><em>easque</em></strong></span> <span class='ocrx_word' id='word_1_79' title='bbox 1432 1095 1486 1152; x_wconf 92' lang='lat' dir='ltr'><strong><em>in</em></strong></span> <span class='ocrx_word' id='word_1_80' title='bbox 1549 1098 1687 1154; x_wconf 88' lang='lat' dir='ltr'><strong><em>duas</em></strong></span> <span class='ocrx_word' id='word_1_81' title='bbox 1713 1108 1894 1169; x_wconf 90' lang='lat' dir='ltr'><strong><em>partes</em></strong></span> <span class='ocrx_word' id='word_1_82' title='bbox 1926 1099 2109 1155; x_wconf 88' lang='lat' dir='ltr'><strong><em>distri-</em></strong></span> 
     </span>
    </p>
   </div>
   <div class='ocr_carea' id='block_1_14' title="bbox 562 1186 2109 1262">
    <p class='ocr_par' dir='ltr' id='par_1_14' title="bbox 562 1186 2109 1262">
     <span class='ocr_line' id='line_1_14' title="bbox 562 1186 2109 1262; baseline 0.005 -22"><span class='ocrx_word' id='word_1_83' title='bbox 562 1187 787 1252; x_wconf 87' lang='lat' dir='ltr'><strong><em>buisset,</em></strong></span> <span class='ocrx_word' id='word_1_84' title='bbox 826 1196 886 1241; x_wconf 88' lang='lat' dir='ltr'><strong><em>ut</em></strong></span> <span class='ocrx_word' id='word_1_85' title='bbox 916 1188 1088 1258; x_wconf 86' lang='lat' dir='ltr'><strong><em>magis</em></strong></span> <span class='ocrx_word' id='word_1_86' title='bbox 1134 1186 1521 1259; x_wconf 78' lang='lat' dir='ltr'><strong><em>intelligeretur</em></strong></span> <span class='ocrx_word' id='word_1_87' title='bbox 1571 1191 1713 1261; x_wconf 86' lang='lat' dir='ltr'><strong><em>quod</em></strong></span> <span class='ocrx_word' id='word_1_88' title='bbox 1757 1192 1825 1247; x_wconf 91' lang='lat' dir='ltr'><strong><em>ab</em></strong></span> <span class='ocrx_word' id='word_1_89' title='bbox 1881 1192 2004 1262; x_wconf 88' lang='lat' dir='ltr'><strong><em>ipso</em></strong></span> <span class='ocrx_word' id='word_1_90' title='bbox 2041 1192 2109 1247; x_wconf 87' lang='lat' dir='ltr'><strong><em>ad</em></strong></span> 
     </span>
    </p>
   </div>
   <div class='ocr_carea' id='block_1_15' title="bbox 559 1278 2107 1354">
    <p class='ocr_par' dir='ltr' id='par_1_15' title="bbox 559 1278 2107 1354">
     <span class='ocr_line' id='line_1_15' title="bbox 559 1278 2107 1354; baseline 0.004 -22"><span class='ocrx_word' id='word_1_91' title='bbox 559 1278 872 1348; x_wconf 75' lang='lat' dir='ltr'><strong><em>prophetam</em></strong></span> <span class='ocrx_word' id='word_1_92' title='bbox 902 1279 1203 1346; x_wconf 83' lang='lat' dir='ltr'><strong><em>dicebatur,</em></strong></span> <span class='ocrx_word' id='word_1_93' title='bbox 1234 1281 1305 1337; x_wconf 91' lang='lat' dir='ltr'><strong><em>ita</em></strong></span> <span class='ocrx_word' id='word_1_94' title='bbox 1329 1292 1646 1353; x_wconf 89' lang='lat' dir='ltr'><strong><em>prosecutus</em></strong></span> <span class='ocrx_word' id='word_1_95' title='bbox 1673 1291 1755 1338; x_wconf 88' lang='lat' dir='ltr'><strong><em>est</em></strong></span> <span class='ocrx_word' id='word_1_96' title='bbox 1780 1302 1793 1337; x_wconf 90' lang='lat'>:</span> <span class='ocrx_word' id='word_1_97' title='bbox 1838 1283 2010 1354; x_wconf 83' lang='lat' dir='ltr'><strong><em>Usque</em></strong></span> <span class='ocrx_word' id='word_1_98' title='bbox 2039 1286 2107 1338; x_wconf 91' lang='lat' dir='ltr'><strong><em>ad</em></strong></span> 
     </span>
    </p>
   </div>
   <div class='ocr_carea' id='block_1_16' title="bbox 560 1371 2110 1445">
    <p class='ocr_par' dir='ltr' id='par_1_16' title="bbox 560 1371 2110 1445">
     <span class='ocr_line' id='line_1_16' title="bbox 560 1371 2110 1445; baseline 0.002 -18"><span class='ocrx_word' id='word_1_99' title='bbox 560 1371 827 1427; x_wconf 85' lang='lat' dir='ltr'><strong><em>Christum</em></strong></span> <span class='ocrx_word' id='word_1_100' title='bbox 857 1373 1040 1426; x_wconf 89' lang='lat' dir='ltr'><strong><em>ducem</em></strong></span> <span class='ocrx_word' id='word_1_101' title='bbox 1094 1372 1431 1428; x_wconf 88' lang='lat' dir='ltr'><strong><em>hebdomades</em></strong></span> <span class='ocrx_word' id='word_1_102' title='bbox 1477 1385 1697 1443; x_wconf 84' lang='lat' dir='ltr'><strong><em>septem;</em></strong></span> <span class='ocrx_word' id='word_1_103' title='bbox 1723 1389 1843 1439; x_wconf 59' lang='lat' dir='ltr'><strong><em>quae</em></strong></span> <span class='ocrx_word' id='word_1_104' title='bbox 1875 1376 2110 1445; x_wconf 89' lang='lat' dir='ltr'><strong><em>quadra—</em></strong></span> 
     </span>
    </p>
   </div>
   <div class='ocr_carea' id='block_1_17' title="bbox 558 1462 2108 1537">
    <p class='ocr_par' dir='ltr' id='par_1_17' title="bbox 558 1462 2108 1537">
     <span class='ocr_line' id='line_1_17' title="bbox 558 1462 2108 1537; baseline 0.003 -20"><span class='ocrx_word' id='word_1_105' title='bbox 558 1464 706 1533; x_wconf 80' lang='lat' dir='ltr'><strong><em>ginta</em></strong></span> <span class='ocrx_word' id='word_1_106' title='bbox 745 1477 938 1518; x_wconf 81' lang='lat' dir='ltr'><strong><em>novem</em></strong></span> <span class='ocrx_word' id='word_1_107' title='bbox 974 1479 1147 1518; x_wconf 90' lang='lat' dir='ltr'><strong><em>annos</em></strong></span> <span class='ocrx_word' id='word_1_108' title='bbox 1195 1462 1419 1520; x_wconf 84' lang='lat' dir='ltr'><strong><em>faciunt.</em></strong></span> <span class='ocrx_word' id='word_1_109' title='bbox 1455 1464 1724 1537; x_wconf 86' lang='lat' dir='ltr'><strong><em>Vigesimo</em></strong></span> <span class='ocrx_word' id='word_1_110' title='bbox 1749 1466 1925 1537; x_wconf 91' lang='lat' dir='ltr'><strong><em>primo</em></strong></span> <span class='ocrx_word' id='word_1_111' title='bbox 1963 1483 2108 1522; x_wconf 91' lang='lat' dir='ltr'><strong><em>anno</em></strong></span> 
     </span>
    </p>
   </div>
   <div class='ocr_carea' id='block_1_18' title="bbox 556 1554 2108 1630">
    <p class='ocr_par' dir='ltr' id='par_1_18' title="bbox 556 1554 2108 1630">
     <span class='ocr_line' id='line_1_18' title="bbox 556 1554 2108 1630; baseline 0.005 -23"><span class='ocrx_word' id='word_1_112' title='bbox 556 1556 701 1609; x_wconf 84' lang='lat' dir='ltr'><strong><em>videt</em></strong></span> <span class='ocrx_word' id='word_1_113' title='bbox 746 1555 863 1610; x_wconf 64' lang='lat' dir='ltr'><strong><em>haec</em></strong></span> <span class='ocrx_word' id='word_1_114' title='bbox 914 1554 1187 1625; x_wconf 87' lang='lat' dir='ltr'><strong><em>Babylone</em></strong></span> <span class='ocrx_word' id='word_1_115' title='bbox 1244 1555 1456 1625; x_wconf 86' lang='lat' dir='ltr'><strong><em>Daniel;</em></strong></span> <span class='ocrx_word' id='word_1_116' title='bbox 1512 1558 1868 1630; x_wconf 76' lang='lat' dir='ltr'><strong><em>quadraginta</em></strong></span> <span class='ocrx_word' id='word_1_117' title='bbox 1915 1574 2108 1615; x_wconf 86' lang='lat' dir='ltr'><strong><em>novem</em></strong></span> 
     </span>
    </p>
   </div>
   <div class='ocr_carea' id='block_1_19' title="bbox 559 1647 2110 1719">
    <p class='ocr_par' dir='ltr' id='par_1_19' title="bbox 559 1647 2110 1719">
     <span class='ocr_line' id='line_1_19' title="bbox 559 1647 2110 1719; baseline 0.005 -19"><span class='ocrx_word' id='word_1_118' title='bbox 559 1647 722 1717; x_wconf 81' lang='lat' dir='ltr'><strong><em>igitur</em></strong></span> <span class='ocrx_word' id='word_1_119' title='bbox 747 1648 906 1703; x_wconf 90' lang='lat' dir='ltr'><strong><em>annis</em></strong></span> <span class='ocrx_word' id='word_1_120' title='bbox 961 1649 1027 1704; x_wconf 91' lang='lat' dir='ltr'><strong><em>ad</em></strong></span> <span class='ocrx_word' id='word_1_121' title='bbox 1060 1649 1379 1719; x_wconf 76' lang='lat' dir='ltr'><strong><em>vigesimum</em></strong></span> <span class='ocrx_word' id='word_1_122' title='bbox 1433 1650 1666 1719; x_wconf 84' lang='lat' dir='ltr'><strong><em>primum</em></strong></span> <span class='ocrx_word' id='word_1_123' title='bbox 1712 1651 1931 1718; x_wconf 89' lang='lat' dir='ltr'><strong><em>additis,</em></strong></span> <span class='ocrx_word' id='word_1_124' title='bbox 1964 1666 2110 1707; x_wconf 89' lang='lat' dir='ltr'><strong><em>com-</em></strong></span> 
     </span>
    </p>
   </div>
   <div class='ocr_carea' id='block_1_20' title="bbox 558 1740 2107 1814">
    <p class='ocr_par' dir='ltr' id='par_1_20' title="bbox 558 1740 2107 1814">
     <span class='ocr_line' id='line_1_20' title="bbox 558 1740 2107 1814; baseline 0.004 -21"><span class='ocrx_word' id='word_1_125' title='bbox 558 1740 774 1808; x_wconf 87' lang='lat' dir='ltr'><strong><em>plentur</em></strong></span> <span class='ocrx_word' id='word_1_126' title='bbox 803 1742 1140 1812; x_wconf 84' lang='lat' dir='ltr'><strong><em>septuaginta</em></strong></span> <span class='ocrx_word' id='word_1_127' title='bbox 1178 1742 1327 1804; x_wconf 90' lang='lat' dir='ltr'><strong><em>anni,</em></strong></span> <span class='ocrx_word' id='word_1_128' title='bbox 1362 1757 1501 1811; x_wconf 89' lang='lat' dir='ltr'><strong><em>quos</em></strong></span> <span class='ocrx_word' id='word_1_129' title='bbox 1532 1742 1725 1799; x_wconf 89' lang='lat' dir='ltr'><strong><em>beatus</em></strong></span> <span class='ocrx_word' id='word_1_130' title='bbox 1755 1742 2107 1814; x_wconf 76' lang='lat' dir='ltr'><strong><em>praedixitle-</em></strong></span> 
     </span>
    </p>
   </div>
   <div class='ocr_carea' id='block_1_21' title="bbox 556 1830 2106 1902">
    <p class='ocr_par' dir='ltr' id='par_1_21' title="bbox 556 1830 2106 1902">
     <span class='ocr_line' id='line_1_21' title="bbox 556 1830 2106 1902; baseline 0.003 -18"><span class='ocrx_word' id='word_1_131' title='bbox 556 1832 792 1886; x_wconf 85' lang='lat' dir='ltr'><strong><em>remias:</em></strong></span> <span class='ocrx_word' id='word_1_132' title='bbox 830 1830 1168 1902; x_wconf 80' lang='lat' dir='ltr'><strong><em>Septuaginta</em></strong></span> <span class='ocrx_word' id='word_1_133' title='bbox 1213 1835 1363 1885; x_wconf 84' lang='lat' dir='ltr'><strong><em>annis</em></strong></span> <span class='ocrx_word' id='word_1_134' title='bbox 1402 1832 1695 1887; x_wconf 81' lang='lat' dir='ltr'><strong><em>desolatam</em></strong></span> <span class='ocrx_word' id='word_1_135' title='bbox 1732 1835 1832 1888; x_wconf 89' lang='lat' dir='ltr'><strong><em>erit</em></strong></span> <span class='ocrx_word' id='word_1_136' title='bbox 1858 1844 2106 1889; x_wconf 86' lang='lat' dir='ltr'><strong><em>sanctua-</em></strong></span> 
     </span>
    </p>
   </div>
   <div class='ocr_carea' id='block_1_22' title="bbox 558 1924 2102 1996">
    <p class='ocr_par' dir='ltr' id='par_1_22' title="bbox 558 1924 2102 1996">
     <span class='ocr_line' id='line_1_22' title="bbox 558 1924 2102 1996; baseline 0.003 -20"><span class='ocrx_word' id='word_1_137' title='bbox 558 1925 696 1977; x_wconf 87' lang='lat' dir='ltr'><strong><em>rium</em></strong></span> <span class='ocrx_word' id='word_1_138' title='bbox 725 1934 841 1994; x_wconf 88' lang='lat' dir='ltr'><strong><em>post</em></strong></span> <span class='ocrx_word' id='word_1_139' title='bbox 886 1925 1237 1993; x_wconf 82' lang='lat' dir='ltr'><strong><em>captivitatem</em></strong></span> <span class='ocrx_word' id='word_1_140' title='bbox 1290 1941 1322 1978; x_wconf 92' lang='lat' dir='ltr'><strong><em>a</em></strong></span> <span class='ocrx_word' id='word_1_141' title='bbox 1356 1924 1836 1980; x_wconf 84' lang='lat' dir='ltr'><strong><em>Nabuchodonosor</em></strong></span> <span class='ocrx_word' id='word_1_142' title='bbox 1887 1926 2102 1996; x_wconf 77' lang='lat' dir='ltr'><strong><em>factam,</em></strong></span> 
     </span>
    </p>
   </div>
   <div class='ocr_carea' id='block_1_23' title="bbox 557 2016 2107 2088">
    <p class='ocr_par' dir='ltr' id='par_1_23' title="bbox 557 2016 2107 2088">
     <span class='ocr_line' id='line_1_23' title="bbox 557 2016 2107 2088; baseline 0.003 -21"><span class='ocrx_word' id='word_1_143' title='bbox 557 2024 605 2067; x_wconf 89' lang='lat' dir='ltr'><strong><em>et</em></strong></span> <span class='ocrx_word' id='word_1_144' title='bbox 634 2025 750 2085; x_wconf 86' lang='lat' dir='ltr'><strong><em>post</em></strong></span> <span class='ocrx_word' id='word_1_145' title='bbox 777 2016 886 2070; x_wconf 63' lang='lat' dir='ltr'><strong><em>haec</em></strong></span> <span class='ocrx_word' id='word_1_146' title='bbox 913 2025 1195 2069; x_wconf 85' lang='lat' dir='ltr'><strong><em>revertetur</em></strong></span> <span class='ocrx_word' id='word_1_147' title='bbox 1244 2016 1484 2085; x_wconf 87' lang='lat' dir='ltr'><strong><em>populus,</em></strong></span> <span class='ocrx_word' id='word_1_148' title='bbox 1530 2026 1577 2071; x_wconf 89' lang='lat' dir='ltr'><strong><em>et</em></strong></span> <span class='ocrx_word' id='word_1_149' title='bbox 1625 2017 1874 2087; x_wconf 75' lang='lat' dir='ltr'><strong><em>offeretur</em></strong></span> <span class='ocrx_word' id='word_1_150' title='bbox 1901 2019 2107 2088; x_wconf 76' lang='lat' dir='ltr'><strong><em>sacriﬁ-</em></strong></span> 
     </span>
    </p>
   </div>
   <div class='ocr_carea' id='block_1_24' title="bbox 558 2105 1784 2178">
    <p class='ocr_par' dir='ltr' id='par_1_24' title="bbox 558 2105 1784 2178">
     <span class='ocr_line' id='line_1_24' title="bbox 558 2105 1784 2178; baseline 0.003 -19"><span class='ocrx_word' id='word_1_151' title='bbox 558 2107 716 2172; x_wconf 87' lang='lat' dir='ltr'><strong><em>cium,</em></strong></span> <span class='ocrx_word' id='word_1_152' title='bbox 740 2118 787 2160; x_wconf 90' lang='lat' dir='ltr'><strong><em>et</em></strong></span> <span class='ocrx_word' id='word_1_153' title='bbox 828 2107 1045 2172; x_wconf 88' lang='lat' dir='ltr'><strong><em>oblatio,</em></strong></span> <span class='ocrx_word' id='word_1_154' title='bbox 1074 2105 1282 2161; x_wconf 81' lang='lat' dir='ltr'><strong><em>Christo</em></strong></span> <span class='ocrx_word' id='word_1_155' title='bbox 1306 2108 1435 2161; x_wconf 90' lang='lat' dir='ltr'><strong><em>duce</em></strong></span> <span class='ocrx_word' id='word_1_156' title='bbox 1462 2109 1695 2178; x_wconf 88' lang='lat' dir='ltr'><strong><em>ipsorum</em></strong></span> <span class='ocrx_word' id='word_1_157' title='bbox 1719 2109 1784 2163; x_wconf 81' lang='grc'><strong><em>⁸⁸.</em></strong></span> 
     </span>
    </p>
   </div>
   <div class='ocr_carea' id='block_1_25' title="bbox 627 2196 2105 2271">
    <p class='ocr_par' dir='ltr' id='par_1_25' title="bbox 627 2196 2105 2271">
     <span class='ocr_line' id='line_1_25' title="bbox 627 2196 2105 2271; baseline 0.004 -20"><span class='ocrx_word' id='word_1_158' title='bbox 627 2196 768 2252; x_wconf 80' lang='lat' dir='ltr'><strong>XIV.</strong></span> <span class='ocrx_word' id='word_1_159' title='bbox 801 2197 876 2252; x_wconf 91' lang='lat' dir='ltr'><strong><em>De</em></strong></span> <span class='ocrx_word' id='word_1_160' title='bbox 905 2214 1016 2268; x_wconf 89' lang='lat' dir='ltr'><strong><em>quo</em></strong></span> <span class='ocrx_word' id='word_1_161' title='bbox 1039 2214 1167 2254; x_wconf 84' lang='lat' dir='ltr'><strong><em>vero</em></strong></span> <span class='ocrx_word' id='word_1_162' title='bbox 1191 2196 1407 2254; x_wconf 87' lang='lat' dir='ltr'><strong><em>Christo</em></strong></span> <span class='ocrx_word' id='word_1_163' title='bbox 1436 2199 1706 2271; x_wconf 88' lang='lat' dir='ltr'><strong><em>loquitur,</em></strong></span> <span class='ocrx_word' id='word_1_164' title='bbox 1751 2201 1857 2256; x_wconf 93' lang='lat' dir='ltr'><strong><em>nisi</em></strong></span> <span class='ocrx_word' id='word_1_165' title='bbox 1893 2201 1959 2256; x_wconf 90' lang='lat' dir='ltr'><strong><em>de</em></strong></span> <span class='ocrx_word' id='word_1_166' title='bbox 1978 2199 2105 2257; x_wconf 84' lang='lat' dir='ltr'><strong><em>Jesu</em></strong></span> 
     </span>
    </p>
   </div>
   <div class='ocr_carea' id='block_1_26' title="bbox 559 2287 2107 2363">
    <p class='ocr_par' dir='ltr' id='par_1_26' title="bbox 559 2287 2107 2363">
     <span class='ocr_line' id='line_1_26' title="bbox 559 2287 2107 2363; baseline 0.005 -23"><span class='ocrx_word' id='word_1_167' title='bbox 559 2287 670 2341; x_wconf 82' lang='lat' dir='ltr'><strong><em>ﬁlio</em></strong></span> <span class='ocrx_word' id='word_1_168' title='bbox 691 2287 934 2353; x_wconf 78' lang='lat' dir='ltr'><strong><em>.Iosedec,</em></strong></span> <span class='ocrx_word' id='word_1_169' title='bbox 960 2287 1054 2358; x_wconf 89' lang='lat' dir='ltr'><strong><em>qui</em></strong></span> <span class='ocrx_word' id='word_1_170' title='bbox 1098 2301 1167 2343; x_wconf 90' lang='lat' dir='ltr'><strong><em>eo</em></strong></span> <span class='ocrx_word' id='word_1_171' title='bbox 1221 2297 1463 2361; x_wconf 88' lang='lat' dir='ltr'><strong><em>tempore</em></strong></span> <span class='ocrx_word' id='word_1_172' title='bbox 1493 2307 1596 2347; x_wconf 88' lang='lat' dir='ltr'><strong><em>una</em></strong></span> <span class='ocrx_word' id='word_1_173' title='bbox 1627 2308 1749 2347; x_wconf 91' lang='lat' dir='ltr'><strong><em>cum</em></strong></span> <span class='ocrx_word' id='word_1_174' title='bbox 1786 2293 1985 2363; x_wconf 89' lang='lat' dir='ltr'><strong><em>popqu</em></strong></span> <span class='ocrx_word' id='word_1_175' title='bbox 2021 2309 2107 2348; x_wconf 88' lang='lat' dir='ltr'><strong><em>re-</em></strong></span> 
     </span>
    </p>
   </div>
   <div class='ocr_carea' id='block_1_27' title="bbox 558 2381 2108 2453">
    <p class='ocr_par' dir='ltr' id='par_1_27' title="bbox 558 2381 2108 2453">
     <span class='ocr_line' id='line_1_27' title="bbox 558 2381 2108 2453; baseline 0.003 -19"><span class='ocrx_word' id='word_1_176' title='bbox 558 2395 749 2435; x_wconf 84' lang='lat' dir='ltr'><strong><em>versus</em></strong></span> <span class='ocrx_word' id='word_1_177' title='bbox 783 2386 886 2444; x_wconf 90' lang='lat' dir='ltr'><strong><em>est,</em></strong></span> <span class='ocrx_word' id='word_1_178' title='bbox 919 2390 971 2435; x_wconf 90' lang='lat' dir='ltr'><strong><em>et</em></strong></span> <span class='ocrx_word' id='word_1_179' title='bbox 1012 2381 1407 2453; x_wconf 88' lang='lat' dir='ltr'><strong><em>septuagesimo</em></strong></span> <span class='ocrx_word' id='word_1_180' title='bbox 1434 2398 1576 2437; x_wconf 84' lang='lat' dir='ltr'><strong><em>anno</em></strong></span> <span class='ocrx_word' id='word_1_181' title='bbox 1601 2385 1910 2440; x_wconf 89' lang='lat' dir='ltr'><strong><em>sanctuario</em></strong></span> <span class='ocrx_word' id='word_1_182' title='bbox 1938 2385 2108 2439; x_wconf 74' lang='lat' dir='ltr'><strong><em>aediﬁ-</em></strong></span> 
     </span>
    </p>
   </div>
   <div class='ocr_carea' id='block_1_28' title="bbox 557 2471 2107 2545">
    <p class='ocr_par' dir='ltr' id='par_1_28' title="bbox 557 2471 2107 2545">
     <span class='ocr_line' id='line_1_28' title="bbox 557 2471 2107 2545; baseline 0.004 -20"><span class='ocrx_word' id='word_1_183' title='bbox 557 2480 700 2538; x_wconf 86' lang='lat' dir='ltr'><strong><em>cato,</em></strong></span> <span class='ocrx_word' id='word_1_184' title='bbox 733 2471 1048 2531; x_wconf 88' lang='lat' dir='ltr'><strong><em>obtulerunt</em></strong></span> <span class='ocrx_word' id='word_1_185' title='bbox 1079 2474 1402 2529; x_wconf 81' lang='lat' dir='ltr'><strong><em>sacriﬁcium</em></strong></span> <span class='ocrx_word' id='word_1_186' title='bbox 1433 2476 1726 2531; x_wconf 89' lang='lat' dir='ltr'><strong><em>secundum</em></strong></span> <span class='ocrx_word' id='word_1_187' title='bbox 1750 2476 1959 2545; x_wconf 85' lang='lat' dir='ltr'><strong><em>legem?</em></strong></span> <span class='ocrx_word' id='word_1_188' title='bbox 1984 2475 2107 2531; x_wconf 87' lang='lat' dir='ltr'><strong><em>0m-</em></strong></span> 
     </span>
    </p>
   </div>
   <div class='ocr_carea' id='block_1_29' title="bbox 559 2561 2102 2636">
    <p class='ocr_par' dir='ltr' id='par_1_29' title="bbox 559 2561 2102 2636">
     <span class='ocr_line' id='line_1_29' title="bbox 559 2561 2102 2636; baseline 0.006 -23"><span class='ocrx_word' id='word_1_189' title='bbox 559 2575 657 2615; x_wconf 89' lang='lat' dir='ltr'><strong><em>nes</em></strong></span> <span class='ocrx_word' id='word_1_190' title='bbox 688 2561 830 2615; x_wconf 88' lang='lat' dir='ltr'><strong><em>enim</em></strong></span> <span class='ocrx_word' id='word_1_191' title='bbox 862 2577 1015 2633; x_wconf 84' lang='lat' dir='ltr'><strong><em>reges</em></strong></span> <span class='ocrx_word' id='word_1_192' title='bbox 1036 2573 1090 2619; x_wconf 93' lang='lat' dir='ltr'><strong><em>et</em></strong></span> <span class='ocrx_word' id='word_1_193' title='bbox 1119 2565 1423 2620; x_wconf 89' lang='lat' dir='ltr'><strong><em>sacerdotes</em></strong></span> <span class='ocrx_word' id='word_1_194' title='bbox 1453 2566 1858 2636; x_wconf 82' lang='lat' dir='ltr'><strong><em>appellabantur</em></strong></span> <span class='ocrx_word' id='word_1_195' title='bbox 1880 2566 2102 2636; x_wconf 85' lang='lat' dir='ltr'><strong><em>Christi,</em></strong></span> 
     </span>
    </p>
   </div>
   <div class='ocr_carea' id='block_1_30' title="bbox 562 2654 2106 2727">
    <p class='ocr_par' dir='ltr' id='par_1_30' title="bbox 562 2654 2106 2727">
     <span class='ocr_line' id='line_1_30' title="bbox 562 2654 2106 2727; baseline 0.006 -22"><span class='ocrx_word' id='word_1_196' title='bbox 562 2661 842 2723; x_wconf 87' lang='lat' dir='ltr'><strong><em>propterea</em></strong></span> <span class='ocrx_word' id='word_1_197' title='bbox 874 2654 1020 2725; x_wconf 88' lang='lat' dir='ltr'><strong><em>quod</em></strong></span> <span class='ocrx_word' id='word_1_198' title='bbox 1055 2655 1158 2726; x_wconf 89' lang='lat' dir='ltr'><strong><em>ipsi</em></strong></span> <span class='ocrx_word' id='word_1_199' title='bbox 1190 2655 1308 2711; x_wconf 90' lang='lat' dir='ltr'><strong><em>oleo</em></strong></span> <span class='ocrx_word' id='word_1_200' title='bbox 1331 2665 1539 2721; x_wconf 90' lang='lat' dir='ltr'><strong><em>sancto,</em></strong></span> <span class='ocrx_word' id='word_1_201' title='bbox 1568 2659 1713 2727; x_wconf 89' lang='lat' dir='ltr'><strong><em>quod</em></strong></span> <span class='ocrx_word' id='word_1_202' title='bbox 1742 2659 1951 2727; x_wconf 85' lang='lat' dir='ltr'><strong><em>paravit</em></strong></span> <span class='ocrx_word' id='word_1_203' title='bbox 1976 2660 2106 2714; x_wconf 89' lang='lat' dir='ltr'><strong><em>olim</em></strong></span> 
     </span>
    </p>
   </div>
   <div class='ocr_carea' id='block_1_31' title="bbox 561 2743 2107 2817">
    <p class='ocr_par' dir='ltr' id='par_1_31' title="bbox 561 2743 2107 2817">
     <span class='ocr_line' id='line_1_31' title="bbox 561 2743 2107 2817; baseline 0.005 -20"><span class='ocrx_word' id='word_1_204' title='bbox 561 2743 796 2816; x_wconf 82' lang='lat' dir='ltr'><strong><em>Moyses,</em></strong></span> <span class='ocrx_word' id='word_1_205' title='bbox 827 2746 1185 2817; x_wconf 88' lang='lat' dir='ltr'><strong><em>ungebantur.</em></strong></span> <span class='ocrx_word' id='word_1_206' title='bbox 1216 2746 1281 2800; x_wconf 81' lang='lat' dir='ltr'><strong><em>Hi</em></strong></span> <span class='ocrx_word' id='word_1_207' title='bbox 1313 2748 1474 2817; x_wconf 81' lang='lat' dir='ltr'><strong><em>igitur</em></strong></span> <span class='ocrx_word' id='word_1_208' title='bbox 1504 2748 1714 2804; x_wconf 91' lang='lat' dir='ltr'><strong><em>Domini</em></strong></span> <span class='ocrx_word' id='word_1_209' title='bbox 1741 2765 1938 2805; x_wconf 88' lang='lat' dir='ltr'><strong><em>nomen</em></strong></span> <span class='ocrx_word' id='word_1_210' title='bbox 1968 2750 2107 2806; x_wconf 77' lang='lat' dir='ltr'><strong><em>iere-</em></strong></span> 
     </span>
    </p>
   </div>
   <div class='ocr_carea' id='block_1_32' title="bbox 564 2836 2110 2914">
    <p class='ocr_par' dir='ltr' id='par_1_32' title="bbox 564 2836 2110 2914">
     <span class='ocr_line' id='line_1_32' title="bbox 564 2836 2110 2914; baseline 0.005 -25"><span class='ocrx_word' id='word_1_211' title='bbox 564 2836 714 2903; x_wconf 87' lang='lat' dir='ltr'><strong><em>bant,</em></strong></span> <span class='ocrx_word' id='word_1_212' title='bbox 739 2836 794 2890; x_wconf 93' lang='lat' dir='ltr'><strong><em>in</em></strong></span> <span class='ocrx_word' id='word_1_213' title='bbox 828 2838 1021 2908; x_wconf 89' lang='lat' dir='ltr'><strong><em>seipsis</em></strong></span> <span class='ocrx_word' id='word_1_214' title='bbox 1064 2837 1287 2910; x_wconf 85' lang='lat' dir='ltr'><strong><em>ﬁguram</em></strong></span> <span class='ocrx_word' id='word_1_215' title='bbox 1333 2850 1806 2910; x_wconf 73' lang='lat' dir='ltr'><strong><em>praemonstrantes</em></strong></span> <span class='ocrx_word' id='word_1_216' title='bbox 1835 2851 1887 2898; x_wconf 89' lang='lat' dir='ltr'><strong><em>et</em></strong></span> <span class='ocrx_word' id='word_1_217' title='bbox 1915 2842 2110 2914; x_wconf 80' lang='lat' dir='ltr'><strong><em>imagi-</em></strong></span> 
     </span>
    </p>
   </div>
   <div class='ocr_carea' id='block_1_33' title="bbox 561 2924 2105 3002">
    <p class='ocr_par' dir='ltr' id='par_1_33' title="bbox 561 2924 2105 3002">
     <span class='ocr_line' id='line_1_33' title="bbox 561 2924 2105 3002; baseline 0.006 -23"><span class='ocrx_word' id='word_1_218' title='bbox 561 2939 683 2980; x_wconf 88' lang='lat' dir='ltr'><strong><em>nem</em></strong></span> <span class='ocrx_word' id='word_1_219' title='bbox 714 2924 1090 2995; x_wconf 71' lang='lat' dir='ltr'><strong><em>praeferentes,</em></strong></span> <span class='ocrx_word' id='word_1_220' title='bbox 1141 2931 1318 2997; x_wconf 89' lang='lat' dir='ltr'><strong><em>quoad</em></strong></span> <span class='ocrx_word' id='word_1_221' title='bbox 1376 2944 1547 3000; x_wconf 90' lang='lat' dir='ltr'><strong><em>usque</em></strong></span> <span class='ocrx_word' id='word_1_222' title='bbox 1575 2946 1607 2986; x_wconf 76' lang='grc' dir='ltr'><strong><em>ο</em></strong></span> <span class='ocrx_word' id='word_1_223' title='bbox 1654 2932 1804 2987; x_wconf 74' lang='grc' dir='ltr'>οωιίε</span> <span class='ocrx_word' id='word_1_224' title='bbox 1835 2932 2105 3002; x_wconf 83' lang='lat' dir='ltr'><strong><em>perfectus</em></strong></span> 
     </span>
    </p>
   </div>
   <div class='ocr_carea' id='block_1_34' title="bbox 2204 452 3672 525">
    <p class='ocr_par' dir='ltr' id='par_1_34' title="bbox 2204 452 3672 525">
     <span class='ocr_line' id='line_1_34' title="bbox 2204 452 3672 525; baseline 0 -17"><span class='ocrx_word' id='word_1_225' title='bbox 2204 455 2308 509; x_wconf 89' lang='grc' dir='ltr'><strong><em>τοῦ</em></strong></span> <span class='ocrx_word' id='word_1_226' title='bbox 2334 454 2653 525; x_wconf 72' lang='grc' dir='ltr'>σφραγῗσαι</span> <span class='ocrx_word' id='word_1_227' title='bbox 2695 454 2996 523; x_wconf 79' lang='grc' dir='ltr'>ἁμαρτίας,</span> <span class='ocrx_word' id='word_1_228' title='bbox 3024 452 3121 506; x_wconf 80' lang='grc' dir='ltr'><strong><em>καί</em></strong></span> <span class='ocrx_word' id='word_1_229' title='bbox 3149 452 3248 507; x_wconf 85' lang='grc' dir='ltr'><strong><em>τοῦ</em></strong></span> <span class='ocrx_word' id='word_1_230' title='bbox 3271 452 3555 521; x_wconf 64' lang='grc' dir='ltr'>ἀπαλεῖψαι</span> <span class='ocrx_word' id='word_1_231' title='bbox 3576 456 3672 510; x_wconf 61' lang='lat' dir='ltr'><strong><em>(ibi.</em></strong></span> 
     </span>
    </p>
   </div>
   <div class='ocr_carea' id='block_1_35' title="bbox 2204 540 3674 612">
    <p class='ocr_par' dir='ltr' id='par_1_35' title="bbox 2204 540 3674 612">
     <span class='ocr_line' id='line_1_35' title="bbox 2204 540 3674 612; baseline -0.003 -15"><span class='ocrx_word' id='word_1_232' title='bbox 2204 545 2358 610; x_wconf 84' lang='grc' dir='ltr'>κίας,</span> <span class='ocrx_word' id='word_1_233' title='bbox 2394 544 2492 597; x_wconf 82' lang='grc' dir='ltr'>καὶ</span> <span class='ocrx_word' id='word_1_234' title='bbox 2530 543 2635 597; x_wconf 82' lang='grc' dir='ltr'><strong><em>τοῦ</em></strong></span> <span class='ocrx_word' id='word_1_235' title='bbox 2670 541 2991 612; x_wconf 70' lang='grc' dir='ltr'>σφρατῐσαι</span> <span class='ocrx_word' id='word_1_236' title='bbox 3019 541 3244 609; x_wconf 82' lang='grc' dir='ltr'>ὅρασιν,</span> <span class='ocrx_word' id='word_1_237' title='bbox 3286 540 3379 594; x_wconf 81' lang='grc' dir='ltr'>καὶ</span> <span class='ocrx_word' id='word_1_238' title='bbox 3405 542 3674 610; x_wconf 66' lang='grc' dir='ltr'>προφήτην,</span> 
     </span>
    </p>
   </div>
   <div class='ocr_carea' id='block_1_36' title="bbox 2205 632 3677 703">
    <p class='ocr_par' dir='ltr' id='par_1_36' title="bbox 2205 632 3677 703">
     <span class='ocr_line' id='line_1_36' title="bbox 2205 632 3677 703; baseline -0.001 -16"><span class='ocrx_word' id='word_1_239' title='bbox 2205 634 2303 687; x_wconf 82' lang='grc' dir='ltr'>καὶ</span> <span class='ocrx_word' id='word_1_240' title='bbox 2319 633 2423 687; x_wconf 88' lang='grc' dir='ltr'><strong><em>τοῦ</em></strong></span> <span class='ocrx_word' id='word_1_241' title='bbox 2437 632 2844 703; x_wconf 77' lang='grc' dir='ltr'>χρῖσαιἍγιον</span> <span class='ocrx_word' id='word_1_242' title='bbox 2869 633 3065 703; x_wconf 60' lang='grc' dir='ltr'>ἁγίων</span> <span class='ocrx_word' id='word_1_243' title='bbox 3084 633 3179 685; x_wconf 77' lang='grc' dir='ltr'>καὶ</span> <span class='ocrx_word' id='word_1_244' title='bbox 3209 632 3503 701; x_wconf 72' lang='grc' dir='ltr'>γνώσῃ,καί</span> <span class='ocrx_word' id='word_1_245' title='bbox 3527 637 3677 701; x_wconf 66' lang='grc' dir='ltr'>συν-ἠ.</span> 
     </span>
    </p>
   </div>
   <div class='ocr_carea' id='block_1_37' title="bbox 2205 721 3679 792">
    <p class='ocr_par' dir='ltr' id='par_1_37' title="bbox 2205 721 3679 792">
     <span class='ocr_line' id='line_1_37' title="bbox 2205 721 3679 792; baseline 0.002 -14"><span class='ocrx_word' id='word_1_246' title='bbox 2205 739 2333 790; x_wconf 84' lang='grc' dir='ltr'>σεις</span> <span class='ocrx_word' id='word_1_247' title='bbox 2354 723 2472 778; x_wconf 80' lang='grc' dir='ltr'>ἀπὸ</span> <span class='ocrx_word' id='word_1_248' title='bbox 2496 724 2707 788; x_wconf 81' lang='grc' dir='ltr'><strong><em>ἐξόδου</em></strong></span> <span class='ocrx_word' id='word_1_249' title='bbox 2732 724 2943 792; x_wconf 73' lang='grc' dir='ltr'>λόγων,</span> <span class='ocrx_word' id='word_1_250' title='bbox 2960 723 3065 776; x_wconf 86' lang='grc' dir='ltr'><strong><em>τοῦ</em></strong></span> <span class='ocrx_word' id='word_1_251' title='bbox 3090 721 3470 791; x_wconf 73' lang='grc' dir='ltr'>ἀποκριθῆναι,</span> <span class='ocrx_word' id='word_1_252' title='bbox 3496 726 3576 778; x_wconf 74' lang='grc' dir='ltr'><strong><em>καί</em></strong></span> <span class='ocrx_word' id='word_1_253' title='bbox 3599 728 3679 781; x_wconf 81' lang='grc' dir='ltr'><strong><em>τοῦ</em></strong></span> 
     </span>
    </p>
   </div>
   <div class='ocr_carea' id='block_1_38' title="bbox 2205 812 3681 886">
    <p class='ocr_par' dir='ltr' id='par_1_38' title="bbox 2205 812 3681 886">
     <span class='ocr_line' id='line_1_38' title="bbox 2205 812 3681 886; baseline -0.003 -16"><span class='ocrx_word' id='word_1_254' title='bbox 2205 815 2586 886; x_wconf 77' lang='grc' dir='ltr'>οἰκοδομῆσαι</span> <span class='ocrx_word' id='word_1_255' title='bbox 2600 813 2996 883; x_wconf 74' lang='grc' dir='ltr'>Ἰερουσαλὴμ,</span> <span class='ocrx_word' id='word_1_256' title='bbox 3011 813 3121 879; x_wconf 79' lang='grc' dir='ltr'>ἕως</span> <span class='ocrx_word' id='word_1_257' title='bbox 3150 812 3392 882; x_wconf 78' lang='grc' dir='ltr'><strong><em>Χριστοῦ</em></strong></span> <span class='ocrx_word' id='word_1_258' title='bbox 3413 813 3681 884; x_wconf 63' lang='grc' dir='ltr'>ἡγουμένου</span> 
     </span>
    </p>
   </div>
   <div class='ocr_carea' id='block_1_39' title="bbox 2205 907 3602 979">
    <p class='ocr_par' dir='ltr' id='par_1_39' title="bbox 2205 907 3602 979">
     <span class='ocr_line' id='line_1_39' title="bbox 2205 907 3602 979; baseline 0 -16"><span class='ocrx_word' id='word_1_259' title='bbox 2205 909 2521 979; x_wconf 77' lang='grc' dir='ltr'>ἐϐδομάδες</span> <span class='ocrx_word' id='word_1_260' title='bbox 2542 908 2709 973; x_wconf 76' lang='grc' dir='ltr'>ἑπτὰ,</span> <span class='ocrx_word' id='word_1_261' title='bbox 2739 908 2835 962; x_wconf 79' lang='grc' dir='ltr'>καὶ</span> <span class='ocrx_word' id='word_1_262' title='bbox 2858 907 3174 977; x_wconf 81' lang='grc' dir='ltr'>ἐϐδομάδες</span> <span class='ocrx_word' id='word_1_263' title='bbox 3202 907 3476 977; x_wconf 79' lang='grc' dir='ltr'>ἐξήκοντα</span> <span class='ocrx_word' id='word_1_264' title='bbox 3497 908 3602 964; x_wconf 80' lang='grc' dir='ltr'>δύο.</span> 
     </span>
    </p>
   </div>
   <div class='ocr_carea' id='block_1_40' title="bbox 2275 995 3685 1072">
    <p class='ocr_par' dir='ltr' id='par_1_40' title="bbox 2275 995 3685 1072">
     <span class='ocr_line' id='line_1_40' title="bbox 2275 995 3685 1072; baseline 0.001 -19"><span class='ocrx_word' id='word_1_265' title='bbox 2275 1000 2413 1056; x_wconf 79' lang='lat' dir='ltr'><strong>XIII.</strong></span> <span class='ocrx_word' id='word_1_266' title='bbox 2457 1001 2853 1072; x_wconf 83' lang='grc' dir='ltr'>Ἑϐδομήκοντα</span> <span class='ocrx_word' id='word_1_267' title='bbox 2887 995 2978 1054; x_wconf 84' lang='grc' dir='ltr'><strong><em>οὖν</em></strong></span> <span class='ocrx_word' id='word_1_268' title='bbox 3011 998 3301 1069; x_wconf 78' lang='grc' dir='ltr'>ἑϐδομάδας</span> <span class='ocrx_word' id='word_1_269' title='bbox 3329 999 3583 1070; x_wconf 79' lang='grc' dir='ltr'><strong><em>ὀνομάσας,</em></strong></span> <span class='ocrx_word' id='word_1_270' title='bbox 3614 1000 3685 1055; x_wconf 82' lang='grc' dir='ltr'>καὶ</span> 
     </span>
    </p>
   </div>
   <div class='ocr_carea' id='block_1_41' title="bbox 2206 1090 3687 1161">
    <p class='ocr_par' dir='ltr' id='par_1_41' title="bbox 2206 1090 3687 1161">
     <span class='ocr_line' id='line_1_41' title="bbox 2206 1090 3687 1161; baseline -0.001 -15"><span class='ocrx_word' id='word_1_271' title='bbox 2206 1092 2389 1147; x_wconf 88' lang='grc' dir='ltr'>διελὼν</span> <span class='ocrx_word' id='word_1_272' title='bbox 2414 1092 2583 1155; x_wconf 83' lang='grc' dir='ltr'>αὐτὰς</span> <span class='ocrx_word' id='word_1_273' title='bbox 2628 1093 2707 1156; x_wconf 92' lang='grc' dir='ltr'><strong><em>εἰς</em></strong></span> <span class='ocrx_word' id='word_1_274' title='bbox 2747 1091 2859 1154; x_wconf 90' lang='grc' dir='ltr'>δύο,</span> <span class='ocrx_word' id='word_1_275' title='bbox 2906 1091 2992 1144; x_wconf 83' lang='grc' dir='ltr'>ἵνα</span> <span class='ocrx_word' id='word_1_276' title='bbox 3027 1090 3222 1161; x_wconf 79' lang='grc' dir='ltr'>μᾶλλον</span> <span class='ocrx_word' id='word_1_277' title='bbox 3252 1090 3405 1161; x_wconf 82' lang='grc' dir='ltr'>νοηθῇ</span> <span class='ocrx_word' id='word_1_278' title='bbox 3444 1090 3498 1143; x_wconf 82' lang='grc' dir='ltr'>τὸ</span> <span class='ocrx_word' id='word_1_279' title='bbox 3522 1091 3597 1143; x_wconf 80' lang='grc' dir='ltr'>ὑπ’</span> <span class='ocrx_word' id='word_1_280' title='bbox 3615 1092 3687 1145; x_wconf 78' lang='grc' dir='ltr'>αύ-</span> 
     </span>
    </p>
   </div>
   <div class='ocr_carea' id='block_1_42' title="bbox 2207 1180 3685 1255">
    <p class='ocr_par' dir='ltr' id='par_1_42' title="bbox 2207 1180 3685 1255">
     <span class='ocr_line' id='line_1_42' title="bbox 2207 1180 3685 1255; baseline -0.001 -19"><span class='ocrx_word' id='word_1_281' title='bbox 2207 1182 2299 1236; x_wconf 88' lang='grc' dir='ltr'><strong><em>τοῦ</em></strong></span> <span class='ocrx_word' id='word_1_282' title='bbox 2335 1183 2468 1255; x_wconf 82' lang='grc' dir='ltr'>πρὸς</span> <span class='ocrx_word' id='word_1_283' title='bbox 2495 1184 2584 1237; x_wconf 84' lang='grc' dir='ltr'><strong><em>τὸν</em></strong></span> <span class='ocrx_word' id='word_1_284' title='bbox 2634 1184 2913 1254; x_wconf 80' lang='grc' dir='ltr'><strong><em>προφήτην</em></strong></span> <span class='ocrx_word' id='word_1_285' title='bbox 2958 1181 3301 1251; x_wconf 82' lang='grc' dir='ltr'><strong><em>λαλούμενον,</em></strong></span> <span class='ocrx_word' id='word_1_286' title='bbox 3356 1181 3500 1249; x_wconf 69' lang='grc' dir='ltr'>φησιν</span> <span class='ocrx_word' id='word_1_287' title='bbox 3535 1180 3685 1245; x_wconf 75' lang='grc' dir='ltr'>οὕτως·</span> 
     </span>
    </p>
   </div>
   <div class='ocr_carea' id='block_1_43' title="bbox 2210 1269 3689 1344">
    <p class='ocr_par' dir='ltr' id='par_1_43' title="bbox 2210 1269 3689 1344">
     <span class='ocr_line' id='line_1_43' title="bbox 2210 1269 3689 1344; baseline -0.001 -16"><span class='ocrx_word' id='word_1_288' title='bbox 2210 1277 2355 1341; x_wconf 85' lang='grc' dir='ltr'>Ἕως</span> <span class='ocrx_word' id='word_1_289' title='bbox 2377 1274 2630 1342; x_wconf 83' lang='grc' dir='ltr'><strong><em>Χριστοῦ</em></strong></span> <span class='ocrx_word' id='word_1_290' title='bbox 2657 1273 2989 1344; x_wconf 75' lang='grc' dir='ltr'><strong><em>ἡγουμένου</em></strong></span> <span class='ocrx_word' id='word_1_291' title='bbox 3019 1269 3332 1341; x_wconf 80' lang='grc' dir='ltr'>ἐϐδομάδες</span> <span class='ocrx_word' id='word_1_292' title='bbox 3353 1271 3503 1324; x_wconf 78' lang='grc' dir='ltr'>ἑπτά·</span> <span class='ocrx_word' id='word_1_293' title='bbox 3525 1272 3556 1325; x_wconf 81' lang='grc' dir='ltr'>ἆ</span> <span class='ocrx_word' id='word_1_294' title='bbox 3576 1274 3689 1326; x_wconf 82' lang='grc' dir='ltr'>ἐστιν</span> 
     </span>
    </p>
   </div>
   <div class='ocr_carea' id='block_1_44' title="bbox 2208 1363 3688 1439">
    <p class='ocr_par' dir='ltr' id='par_1_44' title="bbox 2208 1363 3688 1439">
     <span class='ocr_line' id='line_1_44' title="bbox 2208 1363 3688 1439; baseline -0.001 -19"><span class='ocrx_word' id='word_1_295' title='bbox 2208 1367 2300 1439; x_wconf 76' lang='grc' dir='ltr'><strong><em>ἐτη</em></strong></span> <span class='ocrx_word' id='word_1_296' title='bbox 2351 1366 2931 1438; x_wconf 82' lang='grc' dir='ltr'>τεσσαρακονταεννέα·</span> <span class='ocrx_word' id='word_1_297' title='bbox 2991 1363 3222 1434; x_wconf 79' lang='grc' dir='ltr'>εἰκοστῷ</span> <span class='ocrx_word' id='word_1_298' title='bbox 3269 1363 3358 1416; x_wconf 76' lang='grc' dir='ltr'><strong><em>καὶ</em></strong></span> <span class='ocrx_word' id='word_1_299' title='bbox 3404 1363 3576 1435; x_wconf 76' lang='grc' dir='ltr'>πρώτῳ</span> <span class='ocrx_word' id='word_1_300' title='bbox 3608 1364 3688 1420; x_wconf 69' lang='grc' dir='ltr'>ἔτει</span> 
     </span>
    </p>
   </div>
   <div class='ocr_carea' id='block_1_45' title="bbox 2208 1453 3691 1531">
    <p class='ocr_par' dir='ltr' id='par_1_45' title="bbox 2208 1453 3691 1531">
     <span class='ocr_line' id='line_1_45' title="bbox 2208 1453 3691 1531; baseline -0.001 -18"><span class='ocrx_word' id='word_1_301' title='bbox 2208 1460 2401 1531; x_wconf 82' lang='grc' dir='ltr'>θεωρεῖ</span> <span class='ocrx_word' id='word_1_302' title='bbox 2432 1458 2602 1514; x_wconf 83' lang='grc' dir='ltr'>ταῦτα</span> <span class='ocrx_word' id='word_1_303' title='bbox 2627 1460 2684 1511; x_wconf 87' lang='grc' dir='ltr'><strong><em>ἐν</em></strong></span> <span class='ocrx_word' id='word_1_304' title='bbox 2713 1458 2989 1513; x_wconf 79' lang='grc' dir='ltr'>Βαϐυλῶνι</span> <span class='ocrx_word' id='word_1_305' title='bbox 3046 1458 3266 1528; x_wconf 88' lang='grc' dir='ltr'>Δανιήλ·</span> <span class='ocrx_word' id='word_1_306' title='bbox 3298 1456 3400 1510; x_wconf 87' lang='grc' dir='ltr'><strong><em>τῶν</em></strong></span> <span class='ocrx_word' id='word_1_307' title='bbox 3443 1453 3523 1510; x_wconf 84' lang='grc' dir='ltr'><strong><em>οὖν</em></strong></span> <span class='ocrx_word' id='word_1_308' title='bbox 3543 1474 3691 1512; x_wconf 82' lang='grc' dir='ltr'>τεσσα-</span> 
     </span>
    </p>
   </div>
   <div class='ocr_carea' id='block_1_46' title="bbox 2210 1548 3691 1625">
    <p class='ocr_par' dir='ltr' id='par_1_46' title="bbox 2210 1548 3691 1625">
     <span class='ocr_line' id='line_1_46' title="bbox 2210 1548 3691 1625; baseline -0.003 -18"><span class='ocrx_word' id='word_1_309' title='bbox 2210 1553 2443 1625; x_wconf 82' lang='grc' dir='ltr'>ράκοντα</span> <span class='ocrx_word' id='word_1_310' title='bbox 2475 1553 2630 1606; x_wconf 83' lang='grc' dir='ltr'>ἐννέα</span> <span class='ocrx_word' id='word_1_311' title='bbox 2657 1553 2793 1623; x_wconf 82' lang='grc' dir='ltr'>πρὸς</span> <span class='ocrx_word' id='word_1_312' title='bbox 2846 1552 2924 1623; x_wconf 82' lang='grc' dir='ltr'><strong><em>τῷ</em></strong></span> <span class='ocrx_word' id='word_1_313' title='bbox 2950 1550 3182 1621; x_wconf 79' lang='grc' dir='ltr'>εἰκοστῷ</span> <span class='ocrx_word' id='word_1_314' title='bbox 3216 1548 3404 1622; x_wconf 83' lang='grc' dir='ltr'>πρώτῳ</span> <span class='ocrx_word' id='word_1_315' title='bbox 3448 1549 3542 1603; x_wconf 78' lang='grc' dir='ltr'>ἔτει</span> <span class='ocrx_word' id='word_1_316' title='bbox 3563 1550 3691 1621; x_wconf 66' lang='grc' dir='ltr'>ψηφι-</span> 
     </span>
    </p>
   </div>
   <div class='ocr_carea' id='block_1_47' title="bbox 2208 1640 3692 1717">
    <p class='ocr_par' dir='ltr' id='par_1_47' title="bbox 2208 1640 3692 1717">
     <span class='ocr_line' id='line_1_47' title="bbox 2208 1640 3692 1717; baseline -0.002 -18"><span class='ocrx_word' id='word_1_317' title='bbox 2208 1646 2470 1717; x_wconf 82' lang='grc' dir='ltr'>ζομένων,</span> <span class='ocrx_word' id='word_1_318' title='bbox 2502 1644 2803 1716; x_wconf 80' lang='grc' dir='ltr'>πληροῦται</span> <span class='ocrx_word' id='word_1_319' title='bbox 2834 1644 3203 1714; x_wconf 83' lang='grc' dir='ltr'>ἑϐδομήκοντα</span> <span class='ocrx_word' id='word_1_320' title='bbox 3234 1642 3347 1711; x_wconf 78' lang='grc' dir='ltr'>ἐτη,</span> <span class='ocrx_word' id='word_1_321' title='bbox 3373 1640 3500 1711; x_wconf 76' lang='grc' dir='ltr'>ἅπερ</span> <span class='ocrx_word' id='word_1_322' title='bbox 3524 1641 3692 1712; x_wconf 74' lang='grc' dir='ltr'>εἴρηκεν</span> 
     </span>
    </p>
   </div>
   <div class='ocr_carea' id='block_1_48' title="bbox 2198 1734 3693 1810">
    <p class='ocr_par' dir='ltr' id='par_1_48' title="bbox 2198 1734 3693 1810">
     <span class='ocr_line' id='line_1_48' title="bbox 2198 1734 3693 1810; baseline -0.003 -20"><span class='ocrx_word' id='word_1_323' title='bbox 2198 1740 2233 1805; x_wconf 42' lang='grc' dir='ltr'><strong><em>,ό</em></strong></span> <span class='ocrx_word' id='word_1_324' title='bbox 2263 1738 2526 1810; x_wconf 85' lang='grc' dir='ltr'>μακάριος</span> <span class='ocrx_word' id='word_1_325' title='bbox 2586 1736 2882 1808; x_wconf 82' lang='grc' dir='ltr'>Ἱερεμίας·</span> <span class='ocrx_word' id='word_1_326' title='bbox 2931 1734 3361 1804; x_wconf 76' lang='grc' dir='ltr'>Ἑϐδομήκοντα</span> <span class='ocrx_word' id='word_1_327' title='bbox 3391 1734 3486 1800; x_wconf 81' lang='grc' dir='ltr'><strong><em>ἐτη</em></strong></span> <span class='ocrx_word' id='word_1_328' title='bbox 3522 1734 3693 1801; x_wconf 77' lang='grc' dir='ltr'>ἔρημον</span> 
     </span>
    </p>
   </div>
   <div class='ocr_carea' id='block_1_49' title="bbox 2205 1820 3694 1898">
    <p class='ocr_par' dir='ltr' id='par_1_49' title="bbox 2205 1820 3694 1898">
     <span class='ocr_line' id='line_1_49' title="bbox 2205 1820 3694 1898; baseline -0.006 -15"><span class='ocrx_word' id='word_1_329' title='bbox 2205 1830 2373 1884; x_wconf 76' lang='grc' dir='ltr'>ἔσται</span> <span class='ocrx_word' id='word_1_330' title='bbox 2402 1828 2468 1883; x_wconf 84' lang='grc' dir='ltr'>τὸ</span> <span class='ocrx_word' id='word_1_331' title='bbox 2495 1828 2776 1898; x_wconf 83' lang='grc' dir='ltr'>ἁγίασμα,</span> <span class='ocrx_word' id='word_1_332' title='bbox 2803 1824 2921 1881; x_wconf 77' lang='grc' dir='ltr'>ἀπὸ</span> <span class='ocrx_word' id='word_1_333' title='bbox 2947 1822 3058 1892; x_wconf 84' lang='grc' dir='ltr'>τῆς</span> <span class='ocrx_word' id='word_1_334' title='bbox 3097 1823 3485 1893; x_wconf 74' lang='grc' dir='ltr'><strong><em>αἰχμαλωσίας</em></strong></span> <span class='ocrx_word' id='word_1_335' title='bbox 3519 1820 3609 1890; x_wconf 82' lang='grc' dir='ltr'>τῆς</span> <span class='ocrx_word' id='word_1_336' title='bbox 3627 1838 3694 1891; x_wconf 76' lang='grc' dir='ltr'>γε·</span> 
     </span>
    </p>
   </div>
   <div class='ocr_carea' id='block_1_50' title="bbox 2203 1912 3693 1991">
    <p class='ocr_par' dir='ltr' id='par_1_50' title="bbox 2203 1912 3693 1991">
     <span class='ocr_line' id='line_1_50' title="bbox 2203 1912 3693 1991; baseline -0.007 -15"><span class='ocrx_word' id='word_1_337' title='bbox 2203 1922 2459 1991; x_wconf 75' lang='grc' dir='ltr'>νομένης</span> <span class='ocrx_word' id='word_1_338' title='bbox 2482 1919 2684 1986; x_wconf 81' lang='grc' dir='ltr'>αὐτοῖς</span> <span class='ocrx_word' id='word_1_339' title='bbox 2713 1919 2812 1973; x_wconf 81' lang='grc' dir='ltr'><strong><em>ἐπὶ</em></strong></span> <span class='ocrx_word' id='word_1_340' title='bbox 2854 1915 3382 1986; x_wconf 82' lang='grc' dir='ltr'>Ναϐουχοδονόσορ</span> <span class='ocrx_word' id='word_1_341' title='bbox 3400 1953 3414 1976; x_wconf 95' lang='grc'><strong><em>,</em></strong></span> <span class='ocrx_word' id='word_1_342' title='bbox 3460 1914 3547 1967; x_wconf 73' lang='grc' dir='ltr'>καὶ</span> <span class='ocrx_word' id='word_1_343' title='bbox 3580 1912 3693 1982; x_wconf 78' lang='grc' dir='ltr'>μετὰ</span> 
     </span>
    </p>
   </div>
   <div class='ocr_carea' id='block_1_51' title="bbox 2204 2003 3696 2081">
    <p class='ocr_par' dir='ltr' id='par_1_51' title="bbox 2204 2003 3696 2081">
     <span class='ocr_line' id='line_1_51' title="bbox 2204 2003 3696 2081; baseline -0.009 -12"><span class='ocrx_word' id='word_1_344' title='bbox 2204 2008 2389 2069; x_wconf 77' lang='grc' dir='ltr'>ταῦτα</span> <span class='ocrx_word' id='word_1_345' title='bbox 2411 2013 2752 2081; x_wconf 68' lang='grc' dir='ltr'><strong><em>ἐπιστρέψει</em></strong></span> <span class='ocrx_word' id='word_1_346' title='bbox 2794 2014 2827 2065; x_wconf 84' lang='grc' dir='ltr'><em>ὀ</em></span> <span class='ocrx_word' id='word_1_347' title='bbox 2863 2010 3036 2075; x_wconf 69' lang='grc' dir='ltr'>λαὸς,</span> <span class='ocrx_word' id='word_1_348' title='bbox 3078 2007 3179 2062; x_wconf 80' lang='grc' dir='ltr'>καὶ</span> <span class='ocrx_word' id='word_1_349' title='bbox 3225 2003 3696 2075; x_wconf 80' lang='grc' dir='ltr'>προσενεχθήσεται</span> 
     </span>
    </p>
   </div>
   <div class='ocr_carea' id='block_1_52' title="bbox 2206 2094 3695 2169">
    <p class='ocr_par' dir='ltr' id='par_1_52' title="bbox 2206 2094 3695 2169">
     <span class='ocr_line' id='line_1_52' title="bbox 2206 2094 3695 2169; baseline -0.009 -9"><span class='ocrx_word' id='word_1_350' title='bbox 2206 2106 2406 2169; x_wconf 85' lang='grc' dir='ltr'><strong><em>θυσία,</em></strong></span> <span class='ocrx_word' id='word_1_351' title='bbox 2428 2102 2523 2157; x_wconf 76' lang='grc' dir='ltr'>καὶ</span> <span class='ocrx_word' id='word_1_352' title='bbox 2551 2098 2883 2169; x_wconf 71' lang='grc' dir='ltr'>προσφορὰ,</span> <span class='ocrx_word' id='word_1_353' title='bbox 2901 2098 3163 2167; x_wconf 82' lang='grc' dir='ltr'><strong><em>Χριστοῦ</em></strong></span> <span class='ocrx_word' id='word_1_354' title='bbox 3190 2094 3505 2167; x_wconf 72' lang='grc' dir='ltr'><strong><em>ἡγουμένου</em></strong></span> <span class='ocrx_word' id='word_1_355' title='bbox 3525 2094 3695 2148; x_wconf 80' lang='grc' dir='ltr'>αὐτῶν.</span> 
     </span>
    </p>
   </div>
   <div class='ocr_carea' id='block_1_53' title="bbox 2273 2186 3696 2267">
    <p class='ocr_par' dir='ltr' id='par_1_53' title="bbox 2273 2186 3696 2267">
     <span class='ocr_line' id='line_1_53' title="bbox 2273 2186 3696 2267; baseline -0.008 -17"><span class='ocrx_word' id='word_1_356' title='bbox 2273 2195 2414 2250; x_wconf 80' lang='lat' dir='ltr'><strong>XIV.</strong></span> <span class='ocrx_word' id='word_1_357' title='bbox 2443 2193 2676 2267; x_wconf 81' lang='grc' dir='ltr'>Χριστοῦ</span> <span class='ocrx_word' id='word_1_358' title='bbox 2709 2193 2767 2246; x_wconf 85' lang='grc' dir='ltr'>δὲ</span> <span class='ocrx_word' id='word_1_359' title='bbox 2821 2192 2964 2255; x_wconf 87' lang='grc' dir='ltr'>τίνος</span> <span class='ocrx_word' id='word_1_360' title='bbox 2992 2191 3165 2260; x_wconf 81' lang='grc' dir='ltr'><strong><em>λέγει,</em></strong></span> <span class='ocrx_word' id='word_1_361' title='bbox 3212 2189 3323 2243; x_wconf 84' lang='grc' dir='ltr'>ἀλλ’</span> <span class='ocrx_word' id='word_1_362' title='bbox 3370 2189 3402 2259; x_wconf 83' lang='grc' dir='ltr'>ἢ</span> <span class='ocrx_word' id='word_1_363' title='bbox 3462 2186 3607 2257; x_wconf 85' lang='grc' dir='ltr'>Ἰησοῦ</span> <span class='ocrx_word' id='word_1_364' title='bbox 3627 2186 3696 2239; x_wconf 73' lang='grc' dir='ltr'><strong><em>τοῦ</em></strong></span> 
     </span>
    </p>
   </div>
   <div class='ocr_carea' id='block_1_54' title="bbox 2218 2279 3695 2355">
    <p class='ocr_par' dir='ltr' id='par_1_54' title="bbox 2218 2279 3695 2355">
     <span class='ocr_line' id='line_1_54' title="bbox 2218 2279 3695 2355; baseline -0.007 -13"><span class='ocrx_word' id='word_1_365' title='bbox 2218 2288 2479 2346; x_wconf 80' lang='grc' dir='ltr'>Ἰωσεδὲκ,</span> <span class='ocrx_word' id='word_1_366' title='bbox 2546 2286 2605 2349; x_wconf 86' lang='grc' dir='ltr'>ὃς</span> <span class='ocrx_word' id='word_1_367' title='bbox 2655 2283 2988 2355; x_wconf 83' lang='grc' dir='ltr'>ὑπέστρεψεν</span> <span class='ocrx_word' id='word_1_368' title='bbox 3047 2284 3166 2354; x_wconf 76' lang='grc' dir='ltr'>ἅμα</span> <span class='ocrx_word' id='word_1_369' title='bbox 3214 2282 3290 2353; x_wconf 74' lang='grc' dir='ltr'>τῷ</span> <span class='ocrx_word' id='word_1_370' title='bbox 3341 2280 3445 2351; x_wconf 83' lang='grc' dir='ltr'>λαῷ</span> <span class='ocrx_word' id='word_1_371' title='bbox 3468 2280 3588 2345; x_wconf 88' lang='grc' dir='ltr'>τότε,</span> <span class='ocrx_word' id='word_1_372' title='bbox 3628 2279 3695 2332; x_wconf 79' lang='grc' dir='ltr'>καὶ</span> 
     </span>
    </p>
   </div>
   <div class='ocr_carea' id='block_1_55' title="bbox 2206 2371 3695 2452">
    <p class='ocr_par' dir='ltr' id='par_1_55' title="bbox 2206 2371 3695 2452">
     <span class='ocr_line' id='line_1_55' title="bbox 2206 2371 3695 2452; baseline -0.008 -18"><span class='ocrx_word' id='word_1_373' title='bbox 2206 2377 2583 2452; x_wconf 86' lang='grc' dir='ltr'>ἑϐδομηκοστῷ</span> <span class='ocrx_word' id='word_1_374' title='bbox 2608 2378 2740 2441; x_wconf 86' lang='grc' dir='ltr'>ἑτει,</span> <span class='ocrx_word' id='word_1_375' title='bbox 2763 2375 3209 2446; x_wconf 72' lang='grc' dir='ltr'>οἰκοδομηθέντος</span> <span class='ocrx_word' id='word_1_376' title='bbox 3258 2372 3348 2427; x_wconf 89' lang='grc' dir='ltr'><strong><em>τοῦ</em></strong></span> <span class='ocrx_word' id='word_1_377' title='bbox 3406 2371 3695 2442; x_wconf 81' lang='grc' dir='ltr'>ἀγιάσματος,</span> 
     </span>
    </p>
   </div>
   <div class='ocr_carea' id='block_1_56' title="bbox 2206 2461 3697 2548">
    <p class='ocr_par' dir='ltr' id='par_1_56' title="bbox 2206 2461 3697 2548">
     <span class='ocr_line' id='line_1_56' title="bbox 2206 2461 3697 2548; baseline -0.01 -20"><span class='ocrx_word' id='word_1_378' title='bbox 2206 2475 2579 2548; x_wconf 85' lang='grc' dir='ltr'>προσήνεγκαν</span> <span class='ocrx_word' id='word_1_379' title='bbox 2629 2470 2816 2525; x_wconf 78' lang='grc' dir='ltr'>θυσίαν</span> <span class='ocrx_word' id='word_1_380' title='bbox 2864 2468 3004 2523; x_wconf 85' lang='grc' dir='ltr'><strong><em>κατά</em></strong></span> <span class='ocrx_word' id='word_1_381' title='bbox 3051 2466 3144 2522; x_wconf 78' lang='grc' dir='ltr'><strong><em>τὸν</em></strong></span> <span class='ocrx_word' id='word_1_382' title='bbox 3178 2467 3372 2539; x_wconf 87' lang='grc' dir='ltr'>νόμον;</span> <span class='ocrx_word' id='word_1_383' title='bbox 3404 2464 3577 2526; x_wconf 78' lang='grc' dir='ltr'>πάντες</span> <span class='ocrx_word' id='word_1_384' title='bbox 3617 2461 3697 2532; x_wconf 85' lang='grc' dir='ltr'>γὰρ</span> 
     </span>
    </p>
   </div>
   <div class='ocr_carea' id='block_1_57' title="bbox 2206 2554 3697 2637">
    <p class='ocr_par' dir='ltr' id='par_1_57' title="bbox 2206 2554 3697 2637">
     <span class='ocr_line' id='line_1_57' title="bbox 2206 2554 3697 2637; baseline -0.009 -17"><span class='ocrx_word' id='word_1_385' title='bbox 2206 2568 2256 2620; x_wconf 83' lang='grc' dir='ltr'>οἱ</span> <span class='ocrx_word' id='word_1_386' title='bbox 2289 2566 2542 2637; x_wconf 81' lang='grc' dir='ltr'>βασιλεῖς,</span> <span class='ocrx_word' id='word_1_387' title='bbox 2577 2564 2670 2617; x_wconf 66' lang='grc' dir='ltr'><strong><em>κα)⁵</em></strong></span> <span class='ocrx_word' id='word_1_388' title='bbox 2695 2564 2743 2616; x_wconf 78' lang='grc' dir='ltr'><strong><em>οἱ</em></strong></span> <span class='ocrx_word' id='word_1_389' title='bbox 2773 2563 2935 2633; x_wconf 82' lang='grc' dir='ltr'>ἱερεῖς</span> <span class='ocrx_word' id='word_1_390' title='bbox 2990 2560 3222 2633; x_wconf 74' lang='grc' dir='ltr'>Χριστοὶ</span> <span class='ocrx_word' id='word_1_391' title='bbox 3264 2554 3697 2629; x_wconf 83' lang='grc' dir='ltr'>προσηγορεύοντο,</span> 
     </span>
    </p>
   </div>
   <div class='ocr_carea' id='block_1_58' title="bbox 2206 2644 3697 2727">
    <p class='ocr_par' dir='ltr' id='par_1_58' title="bbox 2206 2644 3697 2727">
     <span class='ocr_line' id='line_1_58' title="bbox 2206 2644 3697 2727; baseline -0.011 -15"><span class='ocrx_word' id='word_1_392' title='bbox 2206 2656 2295 2712; x_wconf 79' lang='grc' dir='ltr'>διὰ</span> <span class='ocrx_word' id='word_1_393' title='bbox 2317 2657 2375 2711; x_wconf 86' lang='grc' dir='ltr'>τὺ</span> <span class='ocrx_word' id='word_1_394' title='bbox 2400 2655 2641 2727; x_wconf 80' lang='grc' dir='ltr'>χρίεσθαι</span> <span class='ocrx_word' id='word_1_395' title='bbox 2670 2654 2863 2716; x_wconf 82' lang='grc' dir='ltr'>αὐτοὺς</span> <span class='ocrx_word' id='word_1_396' title='bbox 2880 2652 2955 2723; x_wconf 82' lang='grc' dir='ltr'>τῷ</span> <span class='ocrx_word' id='word_1_397' title='bbox 2984 2650 3151 2722; x_wconf 86' lang='grc' dir='ltr'>ἐλαίῳ</span> <span class='ocrx_word' id='word_1_398' title='bbox 3176 2650 3255 2720; x_wconf 84' lang='grc' dir='ltr'><strong><em>τῷ</em></strong></span> <span class='ocrx_word' id='word_1_399' title='bbox 3270 2650 3423 2720; x_wconf 85' lang='grc' dir='ltr'>ἁγίῳ,</span> <span class='ocrx_word' id='word_1_400' title='bbox 3443 2647 3469 2701; x_wconf 86' lang='grc' dir='ltr'><strong><em>δ</em></strong></span> <span class='ocrx_word' id='word_1_401' title='bbox 3493 2644 3697 2700; x_wconf 77' lang='grc' dir='ltr'>ἐσκεύασε</span> 
     </span>
    </p>
   </div>
   <div class='ocr_carea' id='block_1_59' title="bbox 2208 2739 3699 2817">
    <p class='ocr_par' dir='ltr' id='par_1_59' title="bbox 2208 2739 3699 2817">
     <span class='ocr_line' id='line_1_59' title="bbox 2208 2739 3699 2817; baseline -0.009 -14"><span class='ocrx_word' id='word_1_402' title='bbox 2208 2750 2375 2805; x_wconf 88' lang='grc' dir='ltr'>πάλαι</span> <span class='ocrx_word' id='word_1_403' title='bbox 2418 2748 2636 2817; x_wconf 80' lang='grc' dir='ltr'><strong><em>Μωσῆς.</em></strong></span> <span class='ocrx_word' id='word_1_404' title='bbox 2668 2740 2824 2800; x_wconf 73' lang='grc' dir='ltr'>Οὗτοι</span> <span class='ocrx_word' id='word_1_405' title='bbox 2878 2740 2969 2798; x_wconf 77' lang='grc' dir='ltr'><strong><em>οῦν</em></strong></span> <span class='ocrx_word' id='word_1_406' title='bbox 3013 2744 3077 2798; x_wconf 84' lang='grc' dir='ltr'><strong><em>τὸ</em></strong></span> <span class='ocrx_word' id='word_1_407' title='bbox 3135 2743 3335 2815; x_wconf 77' lang='grc' dir='ltr'>Κύριον</span> <span class='ocrx_word' id='word_1_408' title='bbox 3378 2742 3531 2812; x_wconf 79' lang='grc' dir='ltr'>ὄνομα</span> <span class='ocrx_word' id='word_1_409' title='bbox 3552 2739 3699 2809; x_wconf 77' lang='grc' dir='ltr'>ἔφερον</span> 
     </span>
    </p>
   </div>
   <div class='ocr_carea' id='block_1_60' title="bbox 2210 2830 3701 2912">
    <p class='ocr_par' dir='ltr' id='par_1_60' title="bbox 2210 2830 3701 2912">
     <span class='ocr_line' id='line_1_60' title="bbox 2210 2830 3701 2912; baseline -0.009 -18"><span class='ocrx_word' id='word_1_410' title='bbox 2210 2839 2329 2912; x_wconf 72' lang='grc' dir='ltr'>μεθ’</span> <span class='ocrx_word' id='word_1_411' title='bbox 2358 2838 2583 2904; x_wconf 85' lang='grc' dir='ltr'>ἑαυτῶν,</span> <span class='ocrx_word' id='word_1_412' title='bbox 2612 2837 2703 2891; x_wconf 81' lang='grc' dir='ltr'><strong><em>τὸν</em></strong></span> <span class='ocrx_word' id='word_1_413' title='bbox 2753 2837 2921 2890; x_wconf 85' lang='grc' dir='ltr'>τύπον</span> <span class='ocrx_word' id='word_1_414' title='bbox 2974 2834 3376 2907; x_wconf 85' lang='grc' dir='ltr'>προμηνύοντες</span> <span class='ocrx_word' id='word_1_415' title='bbox 3421 2832 3505 2887; x_wconf 79' lang='grc' dir='ltr'>καὶ</span> <span class='ocrx_word' id='word_1_416' title='bbox 3545 2830 3625 2901; x_wconf 80' lang='grc' dir='ltr'>τὴν</span> <span class='ocrx_word' id='word_1_417' title='bbox 3646 2830 3701 2881; x_wconf 88' lang='grc' dir='ltr'>εί-</span> 
     </span>
    </p>
   </div>
   <div class='ocr_carea' id='block_1_61' title="bbox 2207 2918 3701 2999">
    <p class='ocr_par' dir='ltr' id='par_1_61' title="bbox 2207 2918 3701 2999">
     <span class='ocr_line' id='line_1_61' title="bbox 2207 2918 3701 2999; baseline -0.008 -16"><span class='ocrx_word' id='word_1_418' title='bbox 2207 2929 2339 2984; x_wconf 87' lang='grc' dir='ltr'>κόνα</span> <span class='ocrx_word' id='word_1_419' title='bbox 2378 2928 2759 2999; x_wconf 79' lang='grc' dir='ltr'>προφέροντες,</span> <span class='ocrx_word' id='word_1_420' title='bbox 2813 2924 2915 2988; x_wconf 75' lang='grc' dir='ltr'>ἕως</span> <span class='ocrx_word' id='word_1_421' title='bbox 2956 2919 3016 2978; x_wconf 75' lang='grc' dir='ltr'>οὗ</span> <span class='ocrx_word' id='word_1_422' title='bbox 3068 2925 3164 2978; x_wconf 82' lang='grc' dir='ltr'>ἀπ’</span> <span class='ocrx_word' id='word_1_423' title='bbox 3212 2920 3445 2995; x_wconf 80' lang='grc' dir='ltr'>οὐρανῶν</span> <span class='ocrx_word' id='word_1_424' title='bbox 3489 2923 3515 2974; x_wconf 87' lang='grc' dir='ltr'><strong><em>ό</em></strong></span> <span class='ocrx_word' id='word_1_425' title='bbox 3547 2918 3701 2978; x_wconf 82' lang='grc' dir='ltr'>τέλειος</span> 
     </span>
    </p>
   </div>
   <div class='ocr_carea' id='block_1_62' title="bbox 562 3009 2125 3110">
    <p class='ocr_par' dir='ltr' id='par_1_62' title="bbox 562 3016 2106 3092">
     <span class='ocr_line' id='line_1_62' title="bbox 562 3016 2106 3092; baseline 0.006 -21"><span class='ocrx_word' id='word_1_426' title='bbox 562 3016 695 3085; x_wconf 81' lang='lat' dir='ltr'><strong><em>Rex,</em></strong></span> <span class='ocrx_word' id='word_1_427' title='bbox 724 3027 779 3073; x_wconf 88' lang='lat' dir='ltr'><strong><em>et</em></strong></span> <span class='ocrx_word' id='word_1_428' title='bbox 816 3016 1080 3075; x_wconf 85' lang='lat' dir='ltr'><strong><em>Sacerdos</em></strong></span> <span class='ocrx_word' id='word_1_429' title='bbox 1121 3031 1417 3091; x_wconf 88' lang='lat' dir='ltr'><strong><em>appareret,</em></strong></span> <span class='ocrx_word' id='word_1_430' title='bbox 1454 3023 1544 3092; x_wconf 85' lang='lat' dir='ltr'><strong><em>qui</em></strong></span> <span class='ocrx_word' id='word_1_431' title='bbox 1577 3023 1725 3078; x_wconf 90' lang='lat' dir='ltr'><strong><em>solus</em></strong></span> <span class='ocrx_word' id='word_1_432' title='bbox 1776 3025 2106 3080; x_wconf 81' lang='lat' dir='ltr'><strong><em>voluntatem</em></strong></span> 
     </span>
    </p>
   </div>
   <div class='ocr_carea' id='block_1_63' title="bbox 2211 3009 3701 3110">
    <p class='ocr_par' dir='ltr' id='par_1_63' title="bbox 2211 3009 3701 3110">
     <span class='ocr_line' id='line_1_63' title="bbox 2211 3009 3701 3110; baseline -0.008 -35"><span class='ocrx_word' id='word_1_433' title='bbox 2211 3019 2491 3082; x_wconf 82' lang='grc' dir='ltr'>Βασιλεὺς,</span> <span class='ocrx_word' id='word_1_434' title='bbox 2549 3018 2642 3071; x_wconf 75' lang='grc' dir='ltr'>καὶ</span> <span class='ocrx_word' id='word_1_435' title='bbox 2701 3016 2898 3087; x_wconf 81' lang='grc' dir='ltr'>Ἱερεὺς</span> <span class='ocrx_word' id='word_1_436' title='bbox 2924 3016 3129 3088; x_wconf 81' lang='grc' dir='ltr'>παρῆν,</span> <span class='ocrx_word' id='word_1_437' title='bbox 3173 3015 3235 3079; x_wconf 80' lang='grc' dir='ltr'>ὃς</span> <span class='ocrx_word' id='word_1_438' title='bbox 3288 3015 3438 3086; x_wconf 86' lang='grc' dir='ltr'>μόνος</span> <span class='ocrx_word' id='word_1_439' title='bbox 3464 3009 3701 3110; x_wconf 35' lang='grc' dir='ltr'>τὸιθέλημξι</span> 
     </span>
    </p>
   </div>
   <div class='ocr_carea' id='block_1_64' title="bbox 561 3105 2102 3183">
    <p class='ocr_par' dir='ltr' id='par_1_64' title="bbox 561 3105 2102 3183">
     <span class='ocr_line' id='line_1_64' title="bbox 561 3105 2102 3183; baseline 0.008 -25"><span class='ocrx_word' id='word_1_440' title='bbox 561 3106 741 3161; x_wconf 83' lang='lat' dir='ltr'><strong><em>Patris</em></strong></span> <span class='ocrx_word' id='word_1_441' title='bbox 767 3105 916 3173; x_wconf 73' lang='lat' dir='ltr'><strong><em>fecit,</em></strong></span> <span class='ocrx_word' id='word_1_442' title='bbox 951 3108 1092 3164; x_wconf 88' lang='lat' dir='ltr'><strong><em>sicut</em></strong></span> <span class='ocrx_word' id='word_1_443' title='bbox 1115 3118 1169 3163; x_wconf 90' lang='lat' dir='ltr'><strong><em>et</em></strong></span> <span class='ocrx_word' id='word_1_444' title='bbox 1195 3110 1249 3163; x_wconf 93' lang='lat' dir='ltr'><strong><em>in</em></strong></span> <span class='ocrx_word' id='word_1_445' title='bbox 1274 3108 1480 3181; x_wconf 87' lang='lat' dir='ltr'><strong><em>Regum</em></strong></span> <span class='ocrx_word' id='word_1_446' title='bbox 1509 3113 1658 3167; x_wconf 89' lang='lat' dir='ltr'><strong><em>libris</em></strong></span> <span class='ocrx_word' id='word_1_447' title='bbox 1683 3114 1939 3183; x_wconf 88' lang='lat' dir='ltr'><strong><em>scriptum</em></strong></span> <span class='ocrx_word' id='word_1_448' title='bbox 1975 3124 2057 3170; x_wconf 89' lang='lat' dir='ltr'><strong><em>est</em></strong></span> <span class='ocrx_word' id='word_1_449' title='bbox 2088 3133 2102 3171; x_wconf 89' lang='lat'>:</span> 
     </span>
    </p>
   </div>
   <div class='ocr_carea' id='block_1_65' title="bbox 565 3196 2108 3276">
    <p class='ocr_par' dir='ltr' id='par_1_65' title="bbox 565 3196 2108 3276">
     <span class='ocr_line' id='line_1_65' title="bbox 565 3196 2108 3276; baseline 0.007 -27"><span class='ocrx_word' id='word_1_450' title='bbox 565 3196 635 3250; x_wconf 89' lang='lat' dir='ltr'><strong><em>Et</em></strong></span> <span class='ocrx_word' id='word_1_451' title='bbox 655 3198 919 3253; x_wconf 88' lang='lat' dir='ltr'><strong><em>suscitabo</em></strong></span> <span class='ocrx_word' id='word_1_452' title='bbox 946 3200 1073 3254; x_wconf 91' lang='lat' dir='ltr'><strong><em>mihi</em></strong></span> <span class='ocrx_word' id='word_1_453' title='bbox 1106 3200 1208 3270; x_wconf 78' lang='lat' dir='ltr'><strong><em>ipsi</em></strong></span> <span class='ocrx_word' id='word_1_454' title='bbox 1229 3202 1548 3257; x_wconf 85' lang='lat' dir='ltr'><strong><em>sacerdotem</em></strong></span> <span class='ocrx_word' id='word_1_455' title='bbox 1585 3204 1811 3273; x_wconf 80' lang='lat' dir='ltr'><strong><em>ﬁdelem,</em></strong></span> <span class='ocrx_word' id='word_1_456' title='bbox 1839 3207 1928 3276; x_wconf 92' lang='lat' dir='ltr'><strong><em>qui</em></strong></span> <span class='ocrx_word' id='word_1_457' title='bbox 1950 3206 2108 3276; x_wconf 79' lang='lat' dir='ltr'><strong><em>faciet</em></strong></span> 
     </span>
    </p>
   </div>
   <div class='ocr_carea' id='block_1_66' title="bbox 563 3290 1450 3347">
    <p class='ocr_par' dir='ltr' id='par_1_66' title="bbox 563 3290 1450 3347">
     <span class='ocr_line' id='line_1_66' title="bbox 563 3290 1450 3347; baseline 0.007 -6"><span class='ocrx_word' id='word_1_458' title='bbox 563 3290 742 3342; x_wconf 88' lang='lat' dir='ltr'><strong><em>omnia</em></strong></span> <span class='ocrx_word' id='word_1_459' title='bbox 765 3292 1047 3343; x_wconf 80' lang='lat' dir='ltr'><strong><em>secundum</em></strong></span> <span class='ocrx_word' id='word_1_460' title='bbox 1068 3308 1158 3345; x_wconf 93' lang='lat' dir='ltr'><strong><em>cor</em></strong></span> <span class='ocrx_word' id='word_1_461' title='bbox 1188 3308 1356 3346; x_wconf 90' lang='lat' dir='ltr'><strong><em>meum</em></strong></span> <span class='ocrx_word' id='word_1_462' title='bbox 1383 3293 1450 3347; x_wconf 80' lang='grc'><strong><em>⁸⁷.</em></strong></span> 
     </span>
    </p>
   </div>
   <div class='ocr_carea' id='block_1_67' title="bbox 634 3380 2109 3457">
    <p class='ocr_par' dir='ltr' id='par_1_67' title="bbox 634 3380 2109 3457">
     <span class='ocr_line' id='line_1_67' title="bbox 634 3380 2109 3457; baseline 0.005 -20"><span class='ocrx_word' id='word_1_463' title='bbox 634 3383 750 3439; x_wconf 83' lang='lat' dir='ltr'><strong><em>XV.</em></strong></span> <span class='ocrx_word' id='word_1_464' title='bbox 780 3382 852 3440; x_wconf 87' lang='lat' dir='ltr'><strong><em>Ut</em></strong></span> <span class='ocrx_word' id='word_1_465' title='bbox 879 3380 1041 3456; x_wconf 79' lang='lat' dir='ltr'><strong><em>igitur</em></strong></span> <span class='ocrx_word' id='word_1_466' title='bbox 1068 3384 1372 3440; x_wconf 90' lang='lat' dir='ltr'><strong><em>ostenderet</em></strong></span> <span class='ocrx_word' id='word_1_467' title='bbox 1390 3392 1601 3456; x_wconf 89' lang='lat' dir='ltr'><strong><em>tempus</em></strong></span> <span class='ocrx_word' id='word_1_468' title='bbox 1655 3401 1764 3457; x_wconf 90' lang='lat' dir='ltr'><strong><em>quo</em></strong></span> <span class='ocrx_word' id='word_1_469' title='bbox 1813 3387 1902 3444; x_wconf 90' lang='lat' dir='ltr'><strong><em>ille</em></strong></span> <span class='ocrx_word' id='word_1_470' title='bbox 1952 3388 2109 3445; x_wconf 79' lang='lat' dir='ltr'><strong><em>adfu-</em></strong></span> 
     </span>
    </p>
   </div>
   <div class='ocr_carea' id='block_1_68' title="bbox 564 3474 2107 3549">
    <p class='ocr_par' dir='ltr' id='par_1_68' title="bbox 564 3474 2107 3549">
     <span class='ocr_line' id='line_1_68' title="bbox 564 3474 2107 3549; baseline 0.006 -21"><span class='ocrx_word' id='word_1_471' title='bbox 564 3481 721 3529; x_wconf 87' lang='lat' dir='ltr'><strong><em>turus</em></strong></span> <span class='ocrx_word' id='word_1_472' title='bbox 747 3484 883 3540; x_wconf 87' lang='lat' dir='ltr'><strong><em>erat,</em></strong></span> <span class='ocrx_word' id='word_1_473' title='bbox 927 3489 1087 3544; x_wconf 85' lang='lat' dir='ltr'><strong><em>quem</em></strong></span> <span class='ocrx_word' id='word_1_474' title='bbox 1148 3475 1338 3532; x_wconf 87' lang='lat' dir='ltr'><strong><em>beatus</em></strong></span> <span class='ocrx_word' id='word_1_475' title='bbox 1383 3474 1569 3532; x_wconf 84' lang='lat' dir='ltr'><strong><em>Daniel</em></strong></span> <span class='ocrx_word' id='word_1_476' title='bbox 1603 3477 1784 3533; x_wconf 88' lang='lat' dir='ltr'><strong><em>videre</em></strong></span> <span class='ocrx_word' id='word_1_477' title='bbox 1835 3480 2107 3549; x_wconf 77' lang='lat' dir='ltr'><strong><em>cupiebat,</em></strong></span> 
     </span>
    </p>
   </div>
   <div class='ocr_carea' id='block_1_69' title="bbox 566 3564 2111 3643">
    <p class='ocr_par' dir='ltr' id='par_1_69' title="bbox 566 3564 2111 3643">
     <span class='ocr_line' id='line_1_69' title="bbox 566 3564 2111 3643; baseline 0.005 -24"><span class='ocrx_word' id='word_1_478' title='bbox 566 3564 697 3619; x_wconf 91' lang='lat' dir='ltr'><strong><em>dicit</em></strong></span> <span class='ocrx_word' id='word_1_479' title='bbox 728 3583 743 3620; x_wconf 88' lang='lat'><strong>:</strong></span> <span class='ocrx_word' id='word_1_480' title='bbox 770 3564 839 3618; x_wconf 89' lang='lat' dir='ltr'><strong><em>Et</em></strong></span> <span class='ocrx_word' id='word_1_481' title='bbox 883 3574 1002 3635; x_wconf 89' lang='lat' dir='ltr'><strong><em>post</em></strong></span> <span class='ocrx_word' id='word_1_482' title='bbox 1055 3575 1248 3637; x_wconf 81' lang='lat' dir='ltr'><strong><em>septem</em></strong></span> <span class='ocrx_word' id='word_1_483' title='bbox 1290 3566 1651 3637; x_wconf 88' lang='lat' dir='ltr'><strong><em>hebdomades,</em></strong></span> <span class='ocrx_word' id='word_1_484' title='bbox 1687 3569 1808 3625; x_wconf 77' lang='lat' dir='ltr'><strong><em>alia:</em></strong></span> <span class='ocrx_word' id='word_1_485' title='bbox 1836 3574 2111 3643; x_wconf 74' lang='lat' dir='ltr'><strong><em>sexaginta</em></strong></span> 
     </span>
    </p>
   </div>
   <div class='ocr_carea' id='block_1_70' title="bbox 566 3658 2113 3737">
    <p class='ocr_par' dir='ltr' id='par_1_70' title="bbox 566 3658 2113 3737">
     <span class='ocr_line' id='line_1_70' title="bbox 566 3658 2113 3737; baseline 0.007 -26"><span class='ocrx_word' id='word_1_486' title='bbox 566 3659 684 3712; x_wconf 67' lang='lat' dir='ltr'><strong><em>duae</em></strong></span> <span class='ocrx_word' id='word_1_487' title='bbox 699 3658 1061 3724; x_wconf 85' lang='lat' dir='ltr'><strong><em>hebdomades,</em></strong></span> <span class='ocrx_word' id='word_1_488' title='bbox 1079 3676 1199 3730; x_wconf 65' lang='lat' dir='ltr'><strong><em>qua:</em></strong></span> <span class='ocrx_word' id='word_1_489' title='bbox 1213 3661 1726 3735; x_wconf 88' lang='lat' dir='ltr'><strong><em>quadringentorum</em></strong></span> <span class='ocrx_word' id='word_1_490' title='bbox 1746 3664 1961 3736; x_wconf 85' lang='lat' dir='ltr'><strong><em>triginta</em></strong></span> <span class='ocrx_word' id='word_1_491' title='bbox 1978 3682 2113 3737; x_wconf 88' lang='lat' dir='ltr'><strong><em>qua-</em></strong></span> 
     </span>
    </p>
   </div>
   <div class='ocr_carea' id='block_1_71' title="bbox 567 3755 2111 3828">
    <p class='ocr_par' dir='ltr' id='par_1_71' title="bbox 567 3755 2111 3828">
     <span class='ocr_line' id='line_1_71' title="bbox 567 3755 2111 3828; baseline 0.006 -22"><span class='ocrx_word' id='word_1_492' title='bbox 567 3761 690 3806; x_wconf 90' lang='lat' dir='ltr'><strong><em>tuor</em></strong></span> <span class='ocrx_word' id='word_1_493' title='bbox 712 3766 976 3806; x_wconf 86' lang='lat' dir='ltr'><strong><em>annorum</em></strong></span> <span class='ocrx_word' id='word_1_494' title='bbox 1009 3761 1221 3823; x_wconf 89' lang='lat' dir='ltr'><strong><em>tempus</em></strong></span> <span class='ocrx_word' id='word_1_495' title='bbox 1275 3755 1573 3812; x_wconf 89' lang='lat' dir='ltr'><strong><em>continent.</em></strong></span> <span class='ocrx_word' id='word_1_496' title='bbox 1636 3756 1934 3828; x_wconf 89' lang='lat' dir='ltr'><strong><em>Postquam</em></strong></span> <span class='ocrx_word' id='word_1_497' title='bbox 1964 3762 2111 3816; x_wconf 90' lang='lat' dir='ltr'><strong><em>enim</em></strong></span> 
     </span>
    </p>
   </div>
   <div class='ocr_carea' id='block_1_72' title="bbox 566 3847 2112 3926">
    <p class='ocr_par' dir='ltr' id='par_1_72' title="bbox 566 3847 2112 3926">
     <span class='ocr_line' id='line_1_72' title="bbox 566 3847 2112 3926; baseline 0.008 -28"><span class='ocrx_word' id='word_1_498' title='bbox 566 3860 816 3902; x_wconf 85' lang='lat' dir='ltr'><strong><em>reversus</em></strong></span> <span class='ocrx_word' id='word_1_499' title='bbox 841 3854 925 3902; x_wconf 88' lang='lat' dir='ltr'><strong><em>est</em></strong></span> <span class='ocrx_word' id='word_1_500' title='bbox 971 3847 1201 3918; x_wconf 91' lang='lat' dir='ltr'><strong><em>populus</em></strong></span> <span class='ocrx_word' id='word_1_501' title='bbox 1254 3863 1320 3905; x_wconf 82' lang='lat' dir='ltr'><strong><em>ex</em></strong></span> <span class='ocrx_word' id='word_1_502' title='bbox 1351 3849 1665 3923; x_wconf 86' lang='lat' dir='ltr'><strong><em>Babylonia,</em></strong></span> <span class='ocrx_word' id='word_1_503' title='bbox 1696 3853 1832 3909; x_wconf 91' lang='lat' dir='ltr'><strong><em>duce</em></strong></span> <span class='ocrx_word' id='word_1_504' title='bbox 1868 3856 2112 3926; x_wconf 90' lang='lat' dir='ltr'><strong><em>ipsorum</em></strong></span> 
     </span>
    </p>
   </div>
   <div class='ocr_carea' id='block_1_73' title="bbox 566 3935 2114 4009">
    <p class='ocr_par' dir='ltr' id='par_1_73' title="bbox 566 3935 2114 4009">
     <span class='ocr_line' id='line_1_73' title="bbox 566 3935 2114 4009; baseline 0.008 -18"><span class='ocrx_word' id='word_1_505' title='bbox 566 3935 695 3993; x_wconf 80' lang='lat' dir='ltr'><strong><em>Jesu</em></strong></span> <span class='ocrx_word' id='word_1_506' title='bbox 745 3937 857 3993; x_wconf 83' lang='lat' dir='ltr'><strong><em>lilio</em></strong></span> <span class='ocrx_word' id='word_1_507' title='bbox 905 3936 1151 4009; x_wconf 83' lang='lat' dir='ltr'><strong><em>Josedec,</em></strong></span> <span class='ocrx_word' id='word_1_508' title='bbox 1184 3949 1238 3997; x_wconf 88' lang='lat' dir='ltr'><strong><em>et</em></strong></span> <span class='ocrx_word' id='word_1_509' title='bbox 1283 3941 1451 3998; x_wconf 86' lang='lat' dir='ltr'><strong><em>Esdra</em></strong></span> <span class='ocrx_word' id='word_1_510' title='bbox 1502 3946 1697 4009; x_wconf 84' lang='lat' dir='ltr'><strong><em>scriba,</em></strong></span> <span class='ocrx_word' id='word_1_511' title='bbox 1731 3954 1785 4002; x_wconf 87' lang='lat' dir='ltr'><strong><em>et</em></strong></span> <span class='ocrx_word' id='word_1_512' title='bbox 1816 3946 2114 4005; x_wconf 88' lang='lat' dir='ltr'><strong><em>Zorobabel</em></strong></span> 
     </span>
    </p>
   </div>
   <div class='ocr_carea' id='block_1_74' title="bbox 566 4029 2114 4112">
    <p class='ocr_par' dir='ltr' id='par_1_74' title="bbox 566 4029 2114 4112">
     <span class='ocr_line' id='line_1_74' title="bbox 566 4029 2114 4112; baseline 0.008 -28"><span class='ocrx_word' id='word_1_513' title='bbox 566 4030 678 4086; x_wconf 90' lang='lat' dir='ltr'><strong><em>ﬁlio</em></strong></span> <span class='ocrx_word' id='word_1_514' title='bbox 698 4029 957 4088; x_wconf 88' lang='lat' dir='ltr'><strong><em>Salathiel</em></strong></span> <span class='ocrx_word' id='word_1_515' title='bbox 988 4049 1056 4088; x_wconf 82' lang='lat' dir='ltr'><strong><em>ex</em></strong></span> <span class='ocrx_word' id='word_1_516' title='bbox 1090 4034 1234 4089; x_wconf 89' lang='lat' dir='ltr'><strong><em>tribu</em></strong></span> <span class='ocrx_word' id='word_1_517' title='bbox 1265 4033 1452 4103; x_wconf 88' lang='lat' dir='ltr'><strong><em>David,</em></strong></span> <span class='ocrx_word' id='word_1_518' title='bbox 1482 4037 1861 4109; x_wconf 89' lang='lat' dir='ltr'><strong><em>quadringenti</em></strong></span> <span class='ocrx_word' id='word_1_519' title='bbox 1897 4042 2114 4112; x_wconf 88' lang='lat' dir='ltr'><strong><em>triginta</em></strong></span> 
     </span>
    </p>
   </div>
   <div class='ocr_carea' id='block_1_75' title="bbox 567 4123 2110 4200">
    <p class='ocr_par' dir='ltr' id='par_1_75' title="bbox 567 4123 2110 4200">
     <span class='ocr_line' id='line_1_75' title="bbox 567 4123 2110 4200; baseline 0.006 -23"><span class='ocrx_word' id='word_1_520' title='bbox 567 4134 800 4192; x_wconf 87' lang='lat' dir='ltr'><strong><em>quatuor</em></strong></span> <span class='ocrx_word' id='word_1_521' title='bbox 831 4124 959 4183; x_wconf 88' lang='lat' dir='ltr'><strong><em>anni</em></strong></span> <span class='ocrx_word' id='word_1_522' title='bbox 1008 4123 1226 4181; x_wconf 83' lang='lat' dir='ltr'><strong><em>fuerunt</em></strong></span> <span class='ocrx_word' id='word_1_523' title='bbox 1260 4142 1434 4196; x_wconf 89' lang='lat' dir='ltr'><strong><em>usque</em></strong></span> <span class='ocrx_word' id='word_1_524' title='bbox 1454 4127 1523 4181; x_wconf 89' lang='lat' dir='ltr'><strong><em>ad</em></strong></span> <span class='ocrx_word' id='word_1_525' title='bbox 1550 4128 1837 4185; x_wconf 89' lang='lat' dir='ltr'><strong><em>adventum</em></strong></span> <span class='ocrx_word' id='word_1_526' title='bbox 1883 4130 2110 4200; x_wconf 88' lang='lat' dir='ltr'><strong><em>Christi,</em></strong></span> 
     </span>
    </p>
   </div>
   <div class='ocr_carea' id='block_1_76' title="bbox 568 4206 2114 4295">
    <p class='ocr_par' dir='ltr' id='par_1_76' title="bbox 568 4206 2114 4295">
     <span class='ocr_line' id='line_1_76' title="bbox 568 4206 2114 4295; baseline 0.006 -25"><span class='ocrx_word' id='word_1_527' title='bbox 568 4227 628 4270; x_wconf 90' lang='lat' dir='ltr'><strong><em>ut</em></strong></span> <span class='ocrx_word' id='word_1_528' title='bbox 660 4215 924 4272; x_wconf 90' lang='lat' dir='ltr'><strong><em>Sacerdos</em></strong></span> <span class='ocrx_word' id='word_1_529' title='bbox 956 4217 1294 4272; x_wconf 88' lang='lat' dir='ltr'><strong><em>sacerdotum</em></strong></span> <span class='ocrx_word' id='word_1_530' title='bbox 1318 4217 1371 4271; x_wconf 92' lang='lat' dir='ltr'><strong><em>in</em></strong></span> <span class='ocrx_word' id='word_1_531' title='bbox 1392 4219 1593 4275; x_wconf 90' lang='lat' dir='ltr'><strong><em>mundo</em></strong></span> <span class='ocrx_word' id='word_1_532' title='bbox 1614 4206 1913 4290; x_wconf 86' lang='lat' dir='ltr'><strong><em>appareret,</em></strong></span> <span class='ocrx_word' id='word_1_533' title='bbox 1941 4234 1993 4279; x_wconf 88' lang='lat' dir='ltr'><strong><em>et</em></strong></span> <span class='ocrx_word' id='word_1_534' title='bbox 2021 4225 2114 4295; x_wconf 90' lang='lat' dir='ltr'><strong><em>qui</em></strong></span> 
     </span>
    </p>
   </div>
   <div class='ocr_carea' id='block_1_77' title="bbox 571 4306 2117 4378">
    <p class='ocr_par' dir='ltr' id='par_1_77' title="bbox 571 4306 2117 4378">
     <span class='ocr_line' id='line_1_77' title="bbox 571 4306 2117 4378; baseline 0.005 -18"><span class='ocrx_word' id='word_1_535' title='bbox 571 4306 708 4360; x_wconf 90' lang='lat' dir='ltr'><strong><em>tollit</em></strong></span> <span class='ocrx_word' id='word_1_536' title='bbox 756 4315 973 4377; x_wconf 88' lang='lat' dir='ltr'><strong><em>peccata</em></strong></span> <span class='ocrx_word' id='word_1_537' title='bbox 1019 4307 1208 4362; x_wconf 90' lang='lat' dir='ltr'><strong><em>mundi</em></strong></span> <span class='ocrx_word' id='word_1_538' title='bbox 1269 4318 1453 4378; x_wconf 87' lang='lat' dir='ltr'><strong><em>aperte</em></strong></span> <span class='ocrx_word' id='word_1_539' title='bbox 1518 4317 1925 4376; x_wconf 87' lang='lat' dir='ltr'><strong><em>ostenderetur,</em></strong></span> <span class='ocrx_word' id='word_1_540' title='bbox 1975 4313 2117 4369; x_wconf 89' lang='lat' dir='ltr'><strong><em>sicut</em></strong></span> 
     </span>
    </p>
   </div>
   <div class='ocr_carea' id='block_1_78' title="bbox 2207 3099 3702 3182">
    <p class='ocr_par' dir='ltr' id='par_1_78' title="bbox 2207 3099 3702 3182">
     <span class='ocr_line' id='line_1_78' title="bbox 2207 3099 3702 3182; baseline -0.01 -16"><span class='ocrx_word' id='word_1_541' title='bbox 2207 3111 2300 3167; x_wconf 91' lang='grc' dir='ltr'><strong><em>τοῦ</em></strong></span> <span class='ocrx_word' id='word_1_542' title='bbox 2329 3110 2542 3182; x_wconf 87' lang='grc' dir='ltr'>Πατρὸς</span> <span class='ocrx_word' id='word_1_543' title='bbox 2570 3108 2862 3181; x_wconf 78' lang='grc' dir='ltr'>ἐποίησενἸ</span> <span class='ocrx_word' id='word_1_544' title='bbox 2887 3108 2962 3172; x_wconf 85' lang='grc' dir='ltr'>ὡς</span> <span class='ocrx_word' id='word_1_545' title='bbox 2986 3109 3083 3161; x_wconf 81' lang='grc' dir='ltr'><strong><em>καὶ</em></strong></span> <span class='ocrx_word' id='word_1_546' title='bbox 3115 3109 3174 3161; x_wconf 86' lang='grc' dir='ltr'><strong><em>ἐν</em></strong></span> <span class='ocrx_word' id='word_1_547' title='bbox 3200 3111 3319 3172; x_wconf 87' lang='grc' dir='ltr'>ταῖς</span> <span class='ocrx_word' id='word_1_548' title='bbox 3347 3101 3615 3165; x_wconf 83' lang='grc' dir='ltr'>Βασιλείαις</span> <span class='ocrx_word' id='word_1_549' title='bbox 3636 3099 3702 3167; x_wconf 83' lang='grc' dir='ltr'>γέ-</span> 
     </span>
    </p>
   </div>
   <div class='ocr_carea' id='block_1_79' title="bbox 2207 3189 3703 3276">
    <p class='ocr_par' dir='ltr' id='par_1_79' title="bbox 2207 3189 3703 3276">
     <span class='ocr_line' id='line_1_79' title="bbox 2207 3189 3703 3276; baseline -0.007 -19"><span class='ocrx_word' id='word_1_550' title='bbox 2207 3219 2467 3276; x_wconf 86' lang='grc' dir='ltr'>γραπται·</span> <span class='ocrx_word' id='word_1_551' title='bbox 2502 3202 2613 3256; x_wconf 79' lang='grc' dir='ltr'><strong><em>Καὶ</em></strong></span> <span class='ocrx_word' id='word_1_552' title='bbox 2639 3200 2962 3267; x_wconf 79' lang='grc' dir='ltr'>ἀναστήσω</span> <span class='ocrx_word' id='word_1_553' title='bbox 2984 3198 3224 3270; x_wconf 83' lang='grc' dir='ltr'>ἐμαυτῷ</span> <span class='ocrx_word' id='word_1_554' title='bbox 3247 3197 3399 3267; x_wconf 75' lang='grc' dir='ltr'>ἱερέα</span> <span class='ocrx_word' id='word_1_555' title='bbox 3434 3193 3635 3258; x_wconf 79' lang='grc' dir='ltr'>πιστὸν,</span> <span class='ocrx_word' id='word_1_556' title='bbox 3654 3189 3703 3254; x_wconf 80' lang='grc' dir='ltr'>ὃς</span> 
     </span>
    </p>
   </div>
   <div class='ocr_carea' id='block_1_80' title="bbox 2209 3290 3423 3363">
    <p class='ocr_par' dir='ltr' id='par_1_80' title="bbox 2209 3290 3423 3363">
     <span class='ocr_line' id='line_1_80' title="bbox 2209 3290 3423 3363; baseline -0.007 -13"><span class='ocrx_word' id='word_1_557' title='bbox 2209 3294 2444 3363; x_wconf 78' lang='grc' dir='ltr'>ποιήσει</span> <span class='ocrx_word' id='word_1_558' title='bbox 2474 3293 2669 3347; x_wconf 79' lang='grc' dir='ltr'>πάντα</span> <span class='ocrx_word' id='word_1_559' title='bbox 2694 3292 2845 3347; x_wconf 80' lang='grc' dir='ltr'>κατὰ</span> <span class='ocrx_word' id='word_1_560' title='bbox 2874 3290 2988 3360; x_wconf 81' lang='grc' dir='ltr'>τὴν</span> <span class='ocrx_word' id='word_1_561' title='bbox 3010 3290 3268 3361; x_wconf 81' lang='grc' dir='ltr'>καρδίαν</span> <span class='ocrx_word' id='word_1_562' title='bbox 3291 3307 3423 3360; x_wconf 83' lang='grc' dir='ltr'>μου.</span> 
     </span>
    </p>
   </div>
   <div class='ocr_carea' id='block_1_81' title="bbox 2277 3376 3705 3457">
    <p class='ocr_par' dir='ltr' id='par_1_81' title="bbox 2277 3376 3705 3457">
     <span class='ocr_line' id='line_1_81' title="bbox 2277 3376 3705 3457; baseline -0.01 -16"><span class='ocrx_word' id='word_1_563' title='bbox 2277 3386 2397 3442; x_wconf 79' lang='lat' dir='ltr'><strong><em>XV.</em></strong></span> <span class='ocrx_word' id='word_1_564' title='bbox 2457 3387 2571 3440; x_wconf 84' lang='grc' dir='ltr'>’Ἱνα</span> <span class='ocrx_word' id='word_1_565' title='bbox 2626 3381 2720 3439; x_wconf 82' lang='grc' dir='ltr'>οὖν</span> <span class='ocrx_word' id='word_1_566' title='bbox 2750 3383 2987 3457; x_wconf 79' lang='grc' dir='ltr'>ἐπιδείξῃ</span> <span class='ocrx_word' id='word_1_567' title='bbox 3030 3384 3129 3438; x_wconf 84' lang='grc' dir='ltr'><strong><em>τὸν</em></strong></span> <span class='ocrx_word' id='word_1_568' title='bbox 3166 3383 3352 3455; x_wconf 89' lang='grc' dir='ltr'>χρόνον</span> <span class='ocrx_word' id='word_1_569' title='bbox 3404 3381 3520 3435; x_wconf 84' lang='grc' dir='ltr'>πότε</span> <span class='ocrx_word' id='word_1_570' title='bbox 3569 3376 3705 3449; x_wconf 77' lang='grc' dir='ltr'>μέλλει</span> 
     </span>
    </p>
   </div>
   <div class='ocr_carea' id='block_1_82' title="bbox 2211 3471 3705 3553">
    <p class='ocr_par' dir='ltr' id='par_1_82' title="bbox 2211 3471 3705 3553">
     <span class='ocr_line' id='line_1_82' title="bbox 2211 3471 3705 3553; baseline -0.01 -18"><span class='ocrx_word' id='word_1_571' title='bbox 2211 3478 2610 3553; x_wconf 83' lang='grc' dir='ltr'>παραγενέσθαι</span> <span class='ocrx_word' id='word_1_572' title='bbox 2639 3477 2697 3531; x_wconf 83' lang='grc' dir='ltr'>ὃν</span> <span class='ocrx_word' id='word_1_573' title='bbox 2731 3476 2992 3548; x_wconf 85' lang='grc' dir='ltr'>ἐπεθύμει</span> <span class='ocrx_word' id='word_1_574' title='bbox 3015 3477 3044 3530; x_wconf 87' lang='grc' dir='ltr'><strong><em>ό</em></strong></span> <span class='ocrx_word' id='word_1_575' title='bbox 3081 3477 3353 3547; x_wconf 84' lang='grc' dir='ltr'>μακάριος</span> <span class='ocrx_word' id='word_1_576' title='bbox 3380 3473 3557 3543; x_wconf 78' lang='grc' dir='ltr'>Δανιὴλ</span> <span class='ocrx_word' id='word_1_577' title='bbox 3593 3471 3705 3530; x_wconf 79' lang='grc' dir='ltr'>ἰδεῖν,</span> 
     </span>
    </p>
   </div>
   <div class='ocr_carea' id='block_1_83' title="bbox 2208 3560 3706 3644">
    <p class='ocr_par' dir='ltr' id='par_1_83' title="bbox 2208 3560 3706 3644">
     <span class='ocr_line' id='line_1_83' title="bbox 2208 3560 3706 3644; baseline -0.012 -16"><span class='ocrx_word' id='word_1_578' title='bbox 2208 3574 2375 3644; x_wconf 88' lang='grc' dir='ltr'>λέγει·</span> <span class='ocrx_word' id='word_1_579' title='bbox 2400 3572 2507 3627; x_wconf 76' lang='grc' dir='ltr'><strong><em>Καὶ</em></strong></span> <span class='ocrx_word' id='word_1_580' title='bbox 2537 3571 2691 3642; x_wconf 65' lang='grc' dir='ltr'>μετὰ</span> <span class='ocrx_word' id='word_1_581' title='bbox 2714 3570 2863 3624; x_wconf 82' lang='grc' dir='ltr'>ἑπτὰ</span> <span class='ocrx_word' id='word_1_582' title='bbox 2896 3567 3250 3637; x_wconf 80' lang='grc' dir='ltr'>ἑϐδομάδας,</span> <span class='ocrx_word' id='word_1_583' title='bbox 3286 3567 3457 3621; x_wconf 70' lang='grc' dir='ltr'>ἄλλαι</span> <span class='ocrx_word' id='word_1_584' title='bbox 3481 3560 3561 3628; x_wconf 72' lang='grc' dir='ltr'><strong><em>ξβ</em></strong></span> <span class='ocrx_word' id='word_1_585' title='bbox 3581 3560 3706 3614; x_wconf 78' lang='grc' dir='ltr'>ἐϐδο-</span> 
     </span>
    </p>
   </div>
   <div class='ocr_carea' id='block_1_84' title="bbox 2207 3648 3708 3737">
    <p class='ocr_par' dir='ltr' id='par_1_84' title="bbox 2207 3648 3708 3737">
     <span class='ocr_line' id='line_1_84' title="bbox 2207 3648 3708 3737; baseline -0.013 -16"><span class='ocrx_word' id='word_1_586' title='bbox 2207 3665 2409 3737; x_wconf 78' lang='grc' dir='ltr'>μάδες’</span> <span class='ocrx_word' id='word_1_587' title='bbox 2447 3665 2502 3719; x_wconf 84' lang='grc' dir='ltr'>αἳ</span> <span class='ocrx_word' id='word_1_588' title='bbox 2538 3662 2847 3735; x_wconf 86' lang='grc' dir='ltr'>περιέχουσι</span> <span class='ocrx_word' id='word_1_589' title='bbox 2876 3659 3063 3734; x_wconf 89' lang='grc' dir='ltr'>χρόνον</span> <span class='ocrx_word' id='word_1_590' title='bbox 3104 3661 3244 3713; x_wconf 84' lang='grc' dir='ltr'>ἐτῶν</span> <span class='ocrx_word' id='word_1_591' title='bbox 3275 3656 3571 3730; x_wconf 80' lang='grc' dir='ltr'>τετρακόσια</span> <span class='ocrx_word' id='word_1_592' title='bbox 3590 3648 3708 3719; x_wconf 77' lang='grc' dir='ltr'>τριά-</span> 
     </span>
    </p>
   </div>
   <div class='ocr_carea' id='block_1_85' title="bbox 2212 3739 3709 3826">
    <p class='ocr_par' dir='ltr' id='par_1_85' title="bbox 2212 3739 3709 3826">
     <span class='ocr_line' id='line_1_85' title="bbox 2212 3739 3709 3826; baseline -0.011 -16"><span class='ocrx_word' id='word_1_593' title='bbox 2212 3773 2377 3810; x_wconf 85' lang='grc' dir='ltr'>κοντα</span> <span class='ocrx_word' id='word_1_594' title='bbox 2402 3755 2663 3826; x_wconf 76' lang='grc' dir='ltr'>τέσσαραο</span> <span class='ocrx_word' id='word_1_595' title='bbox 2712 3751 2848 3824; x_wconf 85' lang='grc' dir='ltr'>μετὰ</span> <span class='ocrx_word' id='word_1_596' title='bbox 2897 3751 3004 3822; x_wconf 86' lang='grc' dir='ltr'>γὰρ</span> <span class='ocrx_word' id='word_1_597' title='bbox 3055 3750 3125 3804; x_wconf 78' lang='grc' dir='ltr'><strong><em>τὸ</em></strong></span> <span class='ocrx_word' id='word_1_598' title='bbox 3175 3748 3483 3822; x_wconf 77' lang='grc' dir='ltr'>ἐπιστρέψαι</span> <span class='ocrx_word' id='word_1_599' title='bbox 3515 3744 3591 3796; x_wconf 82' lang='grc' dir='ltr'><strong><em>τὸν</em></strong></span> <span class='ocrx_word' id='word_1_600' title='bbox 3617 3739 3709 3793; x_wconf 76' lang='grc' dir='ltr'>λαὸν</span> 
     </span>
    </p>
   </div>
   <div class='ocr_carea' id='block_1_86' title="bbox 2212 3832 3708 3917">
    <p class='ocr_par' dir='ltr' id='par_1_86' title="bbox 2212 3832 3708 3917">
     <span class='ocr_line' id='line_1_86' title="bbox 2212 3832 3708 3917; baseline -0.012 -16"><span class='ocrx_word' id='word_1_601' title='bbox 2212 3848 2527 3910; x_wconf 88' lang='grc' dir='ltr'>Βαϐυλῶνος</span> <span class='ocrx_word' id='word_1_602' title='bbox 2557 3844 2854 3917; x_wconf 81' lang='grc' dir='ltr'>ἡγουμένου</span> <span class='ocrx_word' id='word_1_603' title='bbox 2898 3842 3077 3898; x_wconf 82' lang='grc' dir='ltr'>αὐτῶν</span> <span class='ocrx_word' id='word_1_604' title='bbox 3130 3840 3304 3914; x_wconf 89' lang='grc' dir='ltr'>Ἰησοῦ</span> <span class='ocrx_word' id='word_1_605' title='bbox 3356 3838 3442 3893; x_wconf 88' lang='grc' dir='ltr'><strong><em>τοῦ</em></strong></span> <span class='ocrx_word' id='word_1_606' title='bbox 3496 3832 3708 3893; x_wconf 81' lang='grc' dir='ltr'>Ἰωσεδὲκ,</span> 
     </span>
    </p>
   </div>
   <div class='ocr_carea' id='block_1_87' title="bbox 2214 3919 3708 4009">
    <p class='ocr_par' dir='ltr' id='par_1_87' title="bbox 2214 3919 3708 4009">
     <span class='ocr_line' id='line_1_87' title="bbox 2214 3919 3708 4009; baseline -0.014 -16"><span class='ocrx_word' id='word_1_607' title='bbox 2214 3939 2308 3993; x_wconf 70' lang='grc' dir='ltr'><strong><em>κα)⁸</em></strong></span> <span class='ocrx_word' id='word_1_608' title='bbox 2357 3937 2559 4009; x_wconf 88' lang='grc' dir='ltr'>Ἔσδρα</span> <span class='ocrx_word' id='word_1_609' title='bbox 2606 3936 2699 3990; x_wconf 90' lang='grc' dir='ltr'><strong><em>τοῦ</em></strong></span> <span class='ocrx_word' id='word_1_610' title='bbox 2757 3933 3152 4007; x_wconf 85' lang='grc' dir='ltr'>γραμματέως,</span> <span class='ocrx_word' id='word_1_611' title='bbox 3204 3933 3296 3986; x_wconf 80' lang='grc' dir='ltr'>καὶ</span> <span class='ocrx_word' id='word_1_612' title='bbox 3350 3924 3618 4001; x_wconf 83' lang='grc' dir='ltr'>Ζοροϐάϐελ</span> <span class='ocrx_word' id='word_1_613' title='bbox 3638 3919 3708 4008; x_wconf 81' lang='grc' dir='ltr'><strong><em>τοῦ</em></strong></span> 
     </span>
    </p>
   </div>
   <div class='ocr_carea' id='block_1_88' title="bbox 2213 4015 3710 4101">
    <p class='ocr_par' dir='ltr' id='par_1_88' title="bbox 2213 4015 3710 4101">
     <span class='ocr_line' id='line_1_88' title="bbox 2213 4015 3710 4101; baseline -0.014 -17"><span class='ocrx_word' id='word_1_614' title='bbox 2213 4029 2497 4101; x_wconf 85' lang='grc' dir='ltr'>Σαλαθιὴλ,</span> <span class='ocrx_word' id='word_1_615' title='bbox 2547 4029 2622 4092; x_wconf 80' lang='grc' dir='ltr'><strong><em>ὡς</em></strong></span> <span class='ocrx_word' id='word_1_616' title='bbox 2671 4028 2823 4090; x_wconf 73' lang='grc' dir='ltr'>ὄντος</span> <span class='ocrx_word' id='word_1_617' title='bbox 2865 4029 2929 4080; x_wconf 92' lang='grc' dir='ltr'><strong><em>ἐκ</em></strong></span> <span class='ocrx_word' id='word_1_618' title='bbox 2975 4025 3150 4095; x_wconf 84' lang='grc' dir='ltr'>φυλῆς</span> <span class='ocrx_word' id='word_1_619' title='bbox 3201 4023 3389 4087; x_wconf 79' lang='grc' dir='ltr'>Δαϐὶδ,</span> <span class='ocrx_word' id='word_1_620' title='bbox 3443 4015 3710 4091; x_wconf 80' lang='grc' dir='ltr'>τετρακόσια</span> 
     </span>
    </p>
   </div>
   <div class='ocr_carea' id='block_1_89' title="bbox 2212 4104 3710 4196">
    <p class='ocr_par' dir='ltr' id='par_1_89' title="bbox 2212 4104 3710 4196">
     <span class='ocr_line' id='line_1_89' title="bbox 2212 4104 3710 4196; baseline -0.008 -20"><span class='ocrx_word' id='word_1_621' title='bbox 2212 4121 2500 4196; x_wconf 82' lang='grc' dir='ltr'>τριάκοντα</span> <span class='ocrx_word' id='word_1_622' title='bbox 2556 4119 2793 4189; x_wconf 88' lang='grc' dir='ltr'>τέσσαρα</span> <span class='ocrx_word' id='word_1_623' title='bbox 2852 4117 2945 4188; x_wconf 79' lang='grc' dir='ltr'><strong><em>ἐτη</em></strong></span> <span class='ocrx_word' id='word_1_624' title='bbox 2996 4118 3288 4186; x_wconf 85' lang='grc' dir='ltr'>γεγένηται</span> <span class='ocrx_word' id='word_1_625' title='bbox 3332 4114 3431 4177; x_wconf 78' lang='grc' dir='ltr'><strong><em>ἕως</em></strong></span> <span class='ocrx_word' id='word_1_626' title='bbox 3468 4104 3710 4181; x_wconf 79' lang='grc' dir='ltr'>παρουσίας</span> 
     </span>
    </p>
   </div>
   <div class='ocr_carea' id='block_1_90' title="bbox 2213 4199 3712 4295">
    <p class='ocr_par' dir='ltr' id='par_1_90' title="bbox 2213 4199 3712 4295">
     <span class='ocr_line' id='line_1_90' title="bbox 2213 4199 3712 4295; baseline -0.005 -28"><span class='ocrx_word' id='word_1_627' title='bbox 2213 4206 2468 4286; x_wconf 77' lang='grc' dir='ltr'>Χριστοῦ,</span> <span class='ocrx_word' id='word_1_628' title='bbox 2503 4212 2589 4265; x_wconf 83' lang='grc' dir='ltr'><strong><em>ἴνα</em></strong></span> <span class='ocrx_word' id='word_1_629' title='bbox 2619 4212 2649 4263; x_wconf 83' lang='grc' dir='ltr'>ὁ</span> <span class='ocrx_word' id='word_1_630' title='bbox 2689 4210 2884 4281; x_wconf 71' lang='grc' dir='ltr'>Ἱερεύς</span> <span class='ocrx_word' id='word_1_631' title='bbox 2934 4207 3039 4262; x_wconf 90' lang='grc' dir='ltr'><strong><em>τῶν</em></strong></span> <span class='ocrx_word' id='word_1_632' title='bbox 3071 4209 3262 4279; x_wconf 82' lang='grc' dir='ltr'>ἱερέων</span> <span class='ocrx_word' id='word_1_633' title='bbox 3289 4208 3345 4259; x_wconf 87' lang='grc' dir='ltr'><strong><em>ἐν</em></strong></span> <span class='ocrx_word' id='word_1_634' title='bbox 3374 4205 3547 4275; x_wconf 85' lang='grc' dir='ltr'>κόσμῳ</span> <span class='ocrx_word' id='word_1_635' title='bbox 3583 4199 3712 4295; x_wconf 59' lang='grc' dir='ltr'>φανῇ,</span> 
     </span>
    </p>
   </div>
   <div class='ocr_carea' id='block_1_91' title="bbox 2215 4297 3713 4374">
    <p class='ocr_par' dir='ltr' id='par_1_91' title="bbox 2215 4297 3713 4374">
     <span class='ocr_line' id='line_1_91' title="bbox 2215 4297 3713 4374; baseline -0.011 -15"><span class='ocrx_word' id='word_1_636' title='bbox 2215 4305 2307 4359; x_wconf 78' lang='grc' dir='ltr'><strong><em>καὶ</em></strong></span> <span class='ocrx_word' id='word_1_637' title='bbox 2336 4306 2364 4358; x_wconf 89' lang='grc' dir='ltr'><strong><em>ό</em></strong></span> <span class='ocrx_word' id='word_1_638' title='bbox 2391 4303 2558 4374; x_wconf 79' lang='grc' dir='ltr'>αἴρων</span> <span class='ocrx_word' id='word_1_639' title='bbox 2606 4300 2705 4365; x_wconf 81' lang='grc' dir='ltr'>τὰς</span> <span class='ocrx_word' id='word_1_640' title='bbox 2772 4297 3043 4369; x_wconf 85' lang='grc' dir='ltr'>ἁμαρτίας</span> <span class='ocrx_word' id='word_1_641' title='bbox 3104 4297 3201 4351; x_wconf 86' lang='grc' dir='ltr'><strong><em>τοῦ</em></strong></span> <span class='ocrx_word' id='word_1_642' title='bbox 3256 4297 3453 4367; x_wconf 84' lang='grc' dir='ltr'>κόσμου</span> <span class='ocrx_word' id='word_1_643' title='bbox 3515 4298 3713 4361; x_wconf 79' lang='grc' dir='ltr'>φανερως</span> 
     </span>
    </p>
   </div>
   <div class='ocr_carea' id='block_1_92' title="bbox 569 4375 2125 4473">
    <p class='ocr_par' dir='ltr' id='par_1_92' title="bbox 569 4375 2116 4473">
     <span class='ocr_line' id='line_1_92' title="bbox 569 4375 2116 4473; baseline 0.005 -23"><span class='ocrx_word' id='word_1_644' title='bbox 569 4375 806 4452; x_wconf 80' lang='lat' dir='ltr'><strong><em>Joannes</em></strong></span> <span class='ocrx_word' id='word_1_645' title='bbox 832 4397 898 4451; x_wconf 88' lang='lat' dir='ltr'><strong><em>de</em></strong></span> <span class='ocrx_word' id='word_1_646' title='bbox 928 4397 1020 4452; x_wconf 92' lang='lat' dir='ltr'><strong><em>illo</em></strong></span> <span class='ocrx_word' id='word_1_647' title='bbox 1045 4398 1121 4452; x_wconf 92' lang='lat' dir='ltr'><strong><em>ait</em></strong></span> <span class='ocrx_word' id='word_1_648' title='bbox 1154 4415 1168 4453; x_wconf 89' lang='lat'><strong>:</strong></span> <span class='ocrx_word' id='word_1_649' title='bbox 1222 4375 1355 4452; x_wconf 78' lang='lat' dir='ltr'><strong><em>Ecce</em></strong></span> <span class='ocrx_word' id='word_1_650' title='bbox 1386 4400 1559 4470; x_wconf 76' lang='lat' dir='ltr'><strong><em>Agnus</em></strong></span> <span class='ocrx_word' id='word_1_651' title='bbox 1584 4399 1701 4463; x_wconf 86' lang='lat' dir='ltr'><strong><em>Dei,</em></strong></span> <span class='ocrx_word' id='word_1_652' title='bbox 1727 4403 1815 4472; x_wconf 87' lang='lat' dir='ltr'><strong><em>qui</em></strong></span> <span class='ocrx_word' id='word_1_653' title='bbox 1838 4375 1974 4457; x_wconf 88' lang='lat' dir='ltr'><strong><em>tollit</em></strong></span> <span class='ocrx_word' id='word_1_654' title='bbox 1998 4420 2116 4473; x_wconf 88' lang='lat' dir='ltr'><strong><em>pec-</em></strong></span> 
     </span>
    </p>
   </div>
   <div class='ocr_carea' id='block_1_93' title="bbox 2211 4375 3713 4473">
    <p class='ocr_par' dir='ltr' id='par_1_93' title="bbox 2217 4375 3713 4473">
     <span class='ocr_line' id='line_1_93' title="bbox 2217 4375 3713 4473; baseline -0.007 -25"><span class='ocrx_word' id='word_1_655' title='bbox 2217 4393 2510 4465; x_wconf 81' lang='grc' dir='ltr'>ὲπιδειχθῇ,</span> <span class='ocrx_word' id='word_1_656' title='bbox 2571 4392 2647 4456; x_wconf 86' lang='grc' dir='ltr'>ὡς</span> <span class='ocrx_word' id='word_1_657' title='bbox 2712 4390 2960 4460; x_wconf 84' lang='grc' dir='ltr'>Ἰωάννης</span> <span class='ocrx_word' id='word_1_658' title='bbox 3008 4389 3138 4461; x_wconf 79' lang='grc' dir='ltr'>περὶ</span> <span class='ocrx_word' id='word_1_659' title='bbox 3193 4387 3355 4441; x_wconf 84' lang='grc' dir='ltr'>αὑτοῦ</span> <span class='ocrx_word' id='word_1_660' title='bbox 3386 4385 3549 4453; x_wconf 86' lang='grc' dir='ltr'>λέγει·</span> <span class='ocrx_word' id='word_1_661' title='bbox 3576 4375 3713 4473; x_wconf 51' lang='grc' dir='ltr'><strong><em>ςίόεξδ</em></strong></span> 
     </span>
    </p>
   </div>
   <div class='ocr_carea' id='block_1_94' title="bbox 572 4488 2119 4550">
    <p class='ocr_par' dir='ltr' id='par_1_94' title="bbox 572 4488 2119 4550">
     <span class='ocr_line' id='line_1_94' title="bbox 572 4488 2119 4550; baseline 0.005 -8"><span class='ocrx_word' id='word_1_662' title='bbox 572 4500 693 4543; x_wconf 89' lang='lat' dir='ltr'><strong><em>cata</em></strong></span> <span class='ocrx_word' id='word_1_663' title='bbox 720 4490 903 4543; x_wconf 89' lang='lat' dir='ltr'><strong><em>mundi</em></strong></span> <span class='ocrx_word' id='word_1_664' title='bbox 928 4490 993 4543; x_wconf 81' lang='grc'><strong><em>⁸⁸.</em></strong></span> <span class='ocrx_word' id='word_1_665' title='bbox 1021 4488 1280 4547; x_wconf 88' lang='lat' dir='ltr'><strong><em>Similiter</em></strong></span> <span class='ocrx_word' id='word_1_666' title='bbox 1303 4490 1516 4548; x_wconf 82' lang='lat' dir='ltr'><strong><em>Gabriel</em></strong></span> <span class='ocrx_word' id='word_1_667' title='bbox 1542 4493 1674 4549; x_wconf 88' lang='lat' dir='ltr'><strong><em>dicit</em></strong></span> <span class='ocrx_word' id='word_1_668' title='bbox 1699 4513 1712 4548; x_wconf 88' lang='lat'><strong>:</strong></span> <span class='ocrx_word' id='word_1_669' title='bbox 1751 4493 1819 4548; x_wconf 87' lang='lat' dir='ltr'><strong><em>Ut</em></strong></span> <span class='ocrx_word' id='word_1_670' title='bbox 1843 4495 2119 4550; x_wconf 89' lang='lat' dir='ltr'><strong><em>deleantur</em></strong></span> 
     </span>
    </p>
   </div>
   <div class='ocr_carea' id='block_1_95' title="bbox 571 4581 2120 4655">
    <p class='ocr_par' dir='ltr' id='par_1_95' title="bbox 571 4581 2120 4655">
     <span class='ocr_line' id='line_1_95' title="bbox 571 4581 2120 4655; baseline 0.007 -22"><span class='ocrx_word' id='word_1_671' title='bbox 571 4581 898 4651; x_wconf 83' lang='lat' dir='ltr'><strong><em>iniquitates,</em></strong></span> <span class='ocrx_word' id='word_1_672' title='bbox 924 4591 973 4636; x_wconf 88' lang='lat' dir='ltr'><strong><em>et</em></strong></span> <span class='ocrx_word' id='word_1_673' title='bbox 991 4584 1337 4653; x_wconf 83' lang='lat' dir='ltr'><strong><em>propitientur</em></strong></span> <span class='ocrx_word' id='word_1_674' title='bbox 1381 4594 1611 4655; x_wconf 89' lang='lat' dir='ltr'><strong><em>peccata.</em></strong></span> <span class='ocrx_word' id='word_1_675' title='bbox 1652 4585 1784 4652; x_wconf 88' lang='lat' dir='ltr'><strong><em>Quis</em></strong></span> <span class='ocrx_word' id='word_1_676' title='bbox 1821 4603 1949 4643; x_wconf 85' lang='lat' dir='ltr'><strong><em>vero</em></strong></span> <span class='ocrx_word' id='word_1_677' title='bbox 1975 4588 2120 4644; x_wconf 87' lang='lat' dir='ltr'><strong><em>dele-</em></strong></span> 
     </span>
    </p>
   </div>
   <div class='ocr_carea' id='block_1_96' title="bbox 572 4670 2120 4747">
    <p class='ocr_par' dir='ltr' id='par_1_96' title="bbox 572 4670 2120 4747">
     <span class='ocr_line' id='line_1_96' title="bbox 572 4670 2120 4747; baseline 0.006 -22"><span class='ocrx_word' id='word_1_678' title='bbox 572 4672 652 4725; x_wconf 86' lang='lat' dir='ltr'><strong><em>vit</em></strong></span> <span class='ocrx_word' id='word_1_679' title='bbox 676 4670 988 4741; x_wconf 89' lang='lat' dir='ltr'><strong><em>iniquitates</em></strong></span> <span class='ocrx_word' id='word_1_680' title='bbox 1020 4674 1270 4728; x_wconf 83' lang='lat' dir='ltr'><strong><em>nostras?</em></strong></span> <span class='ocrx_word' id='word_1_681' title='bbox 1319 4674 1485 4729; x_wconf 89' lang='lat' dir='ltr'><strong><em>Docet</em></strong></span> <span class='ocrx_word' id='word_1_682' title='bbox 1512 4684 1565 4731; x_wconf 89' lang='lat' dir='ltr'><strong><em>te</em></strong></span> <span class='ocrx_word' id='word_1_683' title='bbox 1591 4674 1792 4732; x_wconf 88' lang='lat' dir='ltr'><strong><em>Paulus</em></strong></span> <span class='ocrx_word' id='word_1_684' title='bbox 1839 4679 2120 4747; x_wconf 89' lang='lat' dir='ltr'><strong><em>apostolus</em></strong></span> 
     </span>
    </p>
   </div>
   <div class='ocr_carea' id='block_1_97' title="bbox 573 4762 2120 4842">
    <p class='ocr_par' dir='ltr' id='par_1_97' title="bbox 573 4762 2120 4842">
     <span class='ocr_line' id='line_1_97' title="bbox 573 4762 2120 4842; baseline 0.005 -24"><span class='ocrx_word' id='word_1_685' title='bbox 573 4765 759 4819; x_wconf 89' lang='lat' dir='ltr'><strong><em>dicens</em></strong></span> <span class='ocrx_word' id='word_1_686' title='bbox 809 4784 824 4818; x_wconf 91' lang='lat'><strong>:</strong></span> <span class='ocrx_word' id='word_1_687' title='bbox 885 4762 1003 4833; x_wconf 81' lang='lat' dir='ltr'><strong><em>Ipse</em></strong></span> <span class='ocrx_word' id='word_1_688' title='bbox 1055 4774 1131 4819; x_wconf 88' lang='lat' dir='ltr'><strong><em>est</em></strong></span> <span class='ocrx_word' id='word_1_689' title='bbox 1181 4782 1286 4837; x_wconf 74' lang='lat' dir='ltr'><strong><em>pax</em></strong></span> <span class='ocrx_word' id='word_1_690' title='bbox 1339 4777 1539 4832; x_wconf 88' lang='lat' dir='ltr'><strong><em>nostra,</em></strong></span> <span class='ocrx_word' id='word_1_691' title='bbox 1592 4770 1680 4839; x_wconf 91' lang='lat' dir='ltr'><strong><em>qui</em></strong></span> <span class='ocrx_word' id='word_1_692' title='bbox 1730 4769 1853 4839; x_wconf 80' lang='lat' dir='ltr'><strong><em>fecit</em></strong></span> <span class='ocrx_word' id='word_1_693' title='bbox 1899 4779 2120 4842; x_wconf 87' lang='lat' dir='ltr'><strong><em>utraque</em></strong></span> 
     </span>
    </p>
   </div>
   <div class='ocr_carea' id='block_1_98' title="bbox 575 4857 2123 4929">
    <p class='ocr_par' dir='ltr' id='par_1_98' title="bbox 575 4857 2123 4929">
     <span class='ocr_line' id='line_1_98' title="bbox 575 4857 2123 4929; baseline 0.003 -18"><span class='ocrx_word' id='word_1_694' title='bbox 575 4873 734 4911; x_wconf 73' lang='lat' dir='ltr'><strong><em>unum</em></strong></span> <span class='ocrx_word' id='word_1_695' title='bbox 763 4872 784 4921; x_wconf 86' lang='lat'><strong><em>;</em></strong></span> <span class='ocrx_word' id='word_1_696' title='bbox 815 4863 869 4912; x_wconf 83' lang='lat' dir='ltr'><strong><em>et</em></strong></span> <span class='ocrx_word' id='word_1_697' title='bbox 915 4857 1126 4924; x_wconf 88' lang='lat' dir='ltr'><strong><em>deinde,</em></strong></span> <span class='ocrx_word' id='word_1_698' title='bbox 1150 4858 1381 4923; x_wconf 88' lang='lat' dir='ltr'><strong><em>.Delens,</em></strong></span> <span class='ocrx_word' id='word_1_699' title='bbox 1415 4860 1553 4929; x_wconf 90' lang='lat' dir='ltr'><strong><em>quod</em></strong></span> <span class='ocrx_word' id='word_1_700' title='bbox 1600 4861 1847 4915; x_wconf 83' lang='lat' dir='ltr'><strong><em>adversus</em></strong></span> <span class='ocrx_word' id='word_1_701' title='bbox 1876 4879 1970 4916; x_wconf 86' lang='lat' dir='ltr'><strong><em>nos</em></strong></span> <span class='ocrx_word' id='word_1_702' title='bbox 2008 4870 2123 4916; x_wconf 89' lang='lat' dir='ltr'><strong><em>erat</em></strong></span> 
     </span>
    </p>
   </div>
   <div class='ocr_carea' id='block_1_99' title="bbox 575 4949 2123 5021">
    <p class='ocr_par' dir='ltr' id='par_1_99' title="bbox 575 4949 2123 5021">
     <span class='ocr_line' id='line_1_99' title="bbox 575 4949 2123 5021; baseline 0.003 -18"><span class='ocrx_word' id='word_1_703' title='bbox 575 4949 973 5019; x_wconf 85' lang='lat' dir='ltr'><strong><em>chirographum</em></strong></span> <span class='ocrx_word' id='word_1_704' title='bbox 1018 4962 1383 5019; x_wconf 85' lang='lat' dir='ltr'><strong><em>peccatorum,</em></strong></span> <span class='ocrx_word' id='word_1_705' title='bbox 1436 4950 1573 5021; x_wconf 89' lang='lat' dir='ltr'><strong><em>quod</em></strong></span> <span class='ocrx_word' id='word_1_706' title='bbox 1618 4962 1731 5007; x_wconf 83' lang='lat' dir='ltr'><strong><em>erat</em></strong></span> <span class='ocrx_word' id='word_1_707' title='bbox 1799 4954 2123 5007; x_wconf 87' lang='lat' dir='ltr'><strong><em>contrarium</em></strong></span> 
     </span>
    </p>
   </div>
   <div class='ocr_carea' id='block_1_100' title="bbox 576 5042 821 5099">
    <p class='ocr_par' dir='ltr' id='par_1_100' title="bbox 576 5042 821 5099">
     <span class='ocr_line' id='line_1_100' title="bbox 576 5042 821 5099; baseline 0.012 -3"><span class='ocrx_word' id='word_1_708' title='bbox 576 5043 721 5098; x_wconf 89' lang='lat' dir='ltr'><strong><em>nobis</em></strong></span> <span class='ocrx_word' id='word_1_709' title='bbox 752 5042 821 5099; x_wconf 79' lang='grc'><strong><em>⁸⁸.</em></strong></span> 
     </span>
    </p>
   </div>
   <div class='ocr_carea' id='block_1_101' title="bbox 655 5214 2124 5288">
    <p class='ocr_par' dir='ltr' id='par_1_101' title="bbox 655 5214 2124 5288">
     <span class='ocr_line' id='line_1_101' title="bbox 655 5214 2124 5288; baseline -0.002 -12"><span class='ocrx_word' id='word_1_710' title='bbox 655 5214 785 5277; x_wconf 80' lang='lat' dir='ltr'><strong>XVI.</strong></span> <span class='ocrx_word' id='word_1_711' title='bbox 822 5217 975 5285; x_wconf 84' lang='lat' dir='ltr'><strong><em>Quod</em></strong></span> <span class='ocrx_word' id='word_1_712' title='bbox 999 5218 1161 5288; x_wconf 90' lang='lat' dir='ltr'><strong><em>igitur</em></strong></span> <span class='ocrx_word' id='word_1_713' title='bbox 1184 5215 1464 5272; x_wconf 86' lang='lat' dir='ltr'><strong><em>deleantur</em></strong></span> <span class='ocrx_word' id='word_1_714' title='bbox 1489 5215 1801 5286; x_wconf 86' lang='lat' dir='ltr'><strong><em>iniquitates</em></strong></span> <span class='ocrx_word' id='word_1_715' title='bbox 1827 5224 1881 5272; x_wconf 89' lang='lat' dir='ltr'><strong><em>et</em></strong></span> <span class='ocrx_word' id='word_1_716' title='bbox 1901 5217 2124 5287; x_wconf 77' lang='lat' dir='ltr'><strong><em>expien-</em></strong></span> 
     </span>
    </p>
   </div>
   <div class='ocr_carea' id='block_1_102' title="bbox 580 5306 2123 5380">
    <p class='ocr_par' dir='ltr' id='par_1_102' title="bbox 580 5306 2123 5380">
     <span class='ocr_line' id='line_1_102' title="bbox 580 5306 2123 5380; baseline -0.001 -16"><span class='ocrx_word' id='word_1_717' title='bbox 580 5322 666 5368; x_wconf 84' lang='lat' dir='ltr'><strong><em>tur</em></strong></span> <span class='ocrx_word' id='word_1_718' title='bbox 694 5319 938 5380; x_wconf 89' lang='lat' dir='ltr'><strong><em>peccata,</em></strong></span> <span class='ocrx_word' id='word_1_719' title='bbox 971 5309 1075 5365; x_wconf 90' lang='lat' dir='ltr'><strong><em>hoc</em></strong></span> <span class='ocrx_word' id='word_1_720' title='bbox 1100 5306 1355 5367; x_wconf 88' lang='lat' dir='ltr'><strong><em>ostendit.</em></strong></span> <span class='ocrx_word' id='word_1_721' title='bbox 1406 5306 1633 5373; x_wconf 86' lang='lat' dir='ltr'><strong><em>Quinam</em></strong></span> <span class='ocrx_word' id='word_1_722' title='bbox 1666 5323 1794 5363; x_wconf 88' lang='lat' dir='ltr'><strong><em>vero</em></strong></span> <span class='ocrx_word' id='word_1_723' title='bbox 1819 5316 1966 5375; x_wconf 87' lang='lat' dir='ltr'><strong><em>sunt,</em></strong></span> <span class='ocrx_word' id='word_1_724' title='bbox 1999 5310 2123 5379; x_wconf 92' lang='lat' dir='ltr'><strong><em>qui-</em></strong></span> 
     </span>
    </p>
   </div>
   <div class='ocr_carea' id='block_1_103' title="bbox 580 5400 2127 5473">
    <p class='ocr_par' dir='ltr' id='par_1_103' title="bbox 580 5400 2127 5473">
     <span class='ocr_line' id='line_1_103' title="bbox 580 5400 2127 5473; baseline -0.003 -15"><span class='ocrx_word' id='word_1_725' title='bbox 580 5404 679 5458; x_wconf 88' lang='lat' dir='ltr'><strong><em>bus</em></strong></span> <span class='ocrx_word' id='word_1_726' title='bbox 708 5404 994 5473; x_wconf 83' lang='lat' dir='ltr'><strong><em>expiantur</em></strong></span> <span class='ocrx_word' id='word_1_727' title='bbox 1016 5402 1329 5472; x_wconf 84' lang='lat' dir='ltr'><strong><em>iniquitates</em></strong></span> <span class='ocrx_word' id='word_1_728' title='bbox 1354 5415 1486 5467; x_wconf 71' lang='lat' dir='ltr'><strong><em>suaa,</em></strong></span> <span class='ocrx_word' id='word_1_729' title='bbox 1510 5400 1615 5456; x_wconf 89' lang='lat' dir='ltr'><strong><em>nisi</em></strong></span> <span class='ocrx_word' id='word_1_730' title='bbox 1643 5401 1920 5456; x_wconf 90' lang='lat' dir='ltr'><strong><em>credentes</em></strong></span> <span class='ocrx_word' id='word_1_731' title='bbox 1951 5400 2005 5454; x_wconf 94' lang='lat' dir='ltr'><strong><em>in</em></strong></span> <span class='ocrx_word' id='word_1_732' title='bbox 2029 5416 2127 5455; x_wconf 91' lang='lat' dir='ltr'><strong><em>no-</em></strong></span> 
     </span>
    </p>
   </div>
   <div class='ocr_carea' id='block_1_104' title="bbox 581 5491 2129 5569">
    <p class='ocr_par' dir='ltr' id='par_1_104' title="bbox 581 5491 2129 5569">
     <span class='ocr_line' id='line_1_104' title="bbox 581 5491 2129 5569; baseline -0.003 -19"><span class='ocrx_word' id='word_1_733' title='bbox 581 5498 726 5553; x_wconf 87' lang='lat' dir='ltr'><strong><em>mine</em></strong></span> <span class='ocrx_word' id='word_1_734' title='bbox 748 5498 888 5569; x_wconf 85' lang='lat' dir='ltr'><strong><em>ejus,</em></strong></span> <span class='ocrx_word' id='word_1_735' title='bbox 944 5505 999 5551; x_wconf 89' lang='lat' dir='ltr'><strong><em>et</em></strong></span> <span class='ocrx_word' id='word_1_736' title='bbox 1048 5510 1145 5565; x_wconf 89' lang='lat' dir='ltr'><strong><em>per</em></strong></span> <span class='ocrx_word' id='word_1_737' title='bbox 1174 5494 1314 5549; x_wconf 90' lang='lat' dir='ltr'><strong><em>bona</em></strong></span> <span class='ocrx_word' id='word_1_738' title='bbox 1347 5508 1508 5564; x_wconf 88' lang='lat' dir='ltr'><strong><em>opera</em></strong></span> <span class='ocrx_word' id='word_1_739' title='bbox 1541 5491 1732 5548; x_wconf 80' lang='lat' dir='ltr'><strong><em>faciem</em></strong></span> <span class='ocrx_word' id='word_1_740' title='bbox 1758 5492 1877 5563; x_wconf 90' lang='lat' dir='ltr'><strong><em>ejus</em></strong></span> <span class='ocrx_word' id='word_1_741' title='bbox 1907 5491 2129 5563; x_wconf 67' lang='lat' dir='ltr'><strong><em>placan»</em></strong></span> 
     </span>
    </p>
   </div>
   <div class='ocr_carea' id='block_1_105' title="bbox 2232 4461 3713 4555">
    <p class='ocr_par' dir='ltr' id='par_1_105' title="bbox 2232 4461 3713 4555">
     <span class='ocr_line' id='line_1_105' title="bbox 2232 4461 3713 4555; baseline -0.014 -15"><span class='ocrx_word' id='word_1_742' title='bbox 2232 4461 2443 4555; x_wconf 61' lang='grc' dir='ltr'>Ἀμνδξ</span> <span class='ocrx_word' id='word_1_743' title='bbox 2463 4461 2571 4536; x_wconf 65' lang='grc' dir='ltr'><strong><em>τοῦ</em></strong></span> <span class='ocrx_word' id='word_1_744' title='bbox 2606 4480 2750 4535; x_wconf 83' lang='grc' dir='ltr'>Θεοῦ</span> <span class='ocrx_word' id='word_1_745' title='bbox 2776 4482 2809 4534; x_wconf 85' lang='grc' dir='ltr'><strong><em>ό</em></strong></span> <span class='ocrx_word' id='word_1_746' title='bbox 2840 4480 3020 4547; x_wconf 78' lang='grc' dir='ltr'>αἴρων</span> <span class='ocrx_word' id='word_1_747' title='bbox 3040 4477 3154 4546; x_wconf 84' lang='grc' dir='ltr'>τὴν</span> <span class='ocrx_word' id='word_1_748' title='bbox 3184 4476 3464 4548; x_wconf 78' lang='grc' dir='ltr'>ἁμαρτίαν</span> <span class='ocrx_word' id='word_1_749' title='bbox 3508 4467 3601 4524; x_wconf 84' lang='grc' dir='ltr'><strong><em>τοῦ</em></strong></span> <span class='ocrx_word' id='word_1_750' title='bbox 3638 4461 3713 4515; x_wconf 65' lang='lat'><strong><em>10&#39;-</em></strong></span> 
     </span>
    </p>
   </div>
   <div class='ocr_carea' id='block_1_106' title="bbox 2218 4557 3713 4646">
    <p class='ocr_par' dir='ltr' id='par_1_106' title="bbox 2218 4557 3713 4646">
     <span class='ocr_line' id='line_1_106' title="bbox 2218 4557 3713 4646; baseline -0.009 -15"><span class='ocrx_word' id='word_1_751' title='bbox 2218 4590 2393 4646; x_wconf 83' lang='grc' dir='ltr'>σμου-</span> <span class='ocrx_word' id='word_1_752' title='bbox 2409 4574 2605 4645; x_wconf 84' lang='grc' dir='ltr'>ὁμοίως</span> <span class='ocrx_word' id='word_1_753' title='bbox 2622 4570 2857 4643; x_wconf 80' lang='grc' dir='ltr'>Γαϐριὴλ</span> <span class='ocrx_word' id='word_1_754' title='bbox 2870 4570 3035 4640; x_wconf 81' lang='grc' dir='ltr'>λέγει·</span> <span class='ocrx_word' id='word_1_755' title='bbox 3056 4569 3166 4623; x_wconf 87' lang='grc' dir='ltr'>Τοῦ</span> <span class='ocrx_word' id='word_1_756' title='bbox 3181 4567 3494 4635; x_wconf 69' lang='grc' dir='ltr'>ἀπαλεῖψαι</span> <span class='ocrx_word' id='word_1_757' title='bbox 3507 4557 3713 4618; x_wconf 70' lang='grc' dir='ltr'>ἀδικίαςν</span> 
     </span>
    </p>
   </div>
   <div class='ocr_carea' id='block_1_107' title="bbox 2218 4646 3712 4731">
    <p class='ocr_par' dir='ltr' id='par_1_107' title="bbox 2218 4646 3712 4731">
     <span class='ocr_line' id='line_1_107' title="bbox 2218 4646 3712 4731; baseline -0.015 -9"><span class='ocrx_word' id='word_1_758' title='bbox 2218 4667 2450 4723; x_wconf 78' lang='grc' dir='ltr'>καὶτοῦ</span> <span class='ocrx_word' id='word_1_759' title='bbox 2501 4665 2893 4730; x_wconf 77' lang='grc' dir='ltr'>ἐξιλάσασθαι</span> <span class='ocrx_word' id='word_1_760' title='bbox 2948 4662 3256 4731; x_wconf 81' lang='grc' dir='ltr'>ἁμαρτίας·</span> <span class='ocrx_word' id='word_1_761' title='bbox 3293 4660 3376 4723; x_wconf 89' lang='grc' dir='ltr'><strong><em>τίς</em></strong></span> <span class='ocrx_word' id='word_1_762' title='bbox 3402 4658 3457 4712; x_wconf 83' lang='grc' dir='ltr'>δὲ</span> <span class='ocrx_word' id='word_1_763' title='bbox 3495 4646 3712 4722; x_wconf 68' lang='grc' dir='ltr'>ἀπήλειψε</span> 
     </span>
    </p>
   </div>
   <div class='ocr_carea' id='block_1_108' title="bbox 2218 4738 3717 4828">
    <p class='ocr_par' dir='ltr' id='par_1_108' title="bbox 2218 4738 3717 4828">
     <span class='ocr_line' id='line_1_108' title="bbox 2218 4738 3717 4828; baseline -0.011 -14"><span class='ocrx_word' id='word_1_764' title='bbox 2218 4760 2317 4824; x_wconf 82' lang='grc' dir='ltr'>τὰς</span> <span class='ocrx_word' id='word_1_765' title='bbox 2344 4758 2552 4821; x_wconf 76' lang='grc' dir='ltr'>ἀδικίας</span> <span class='ocrx_word' id='word_1_766' title='bbox 2583 4756 2772 4828; x_wconf 77' lang='grc' dir='ltr'>ἡμῶν;</span> <span class='ocrx_word' id='word_1_767' title='bbox 2813 4755 3047 4810; x_wconf 81' lang='grc' dir='ltr'>διδάσκει</span> <span class='ocrx_word' id='word_1_768' title='bbox 3080 4771 3137 4807; x_wconf 89' lang='grc' dir='ltr'><strong><em>σε</em></strong></span> <span class='ocrx_word' id='word_1_769' title='bbox 3166 4752 3376 4814; x_wconf 89' lang='grc' dir='ltr'>Παῦλος</span> <span class='ocrx_word' id='word_1_770' title='bbox 3415 4750 3442 4801; x_wconf 92' lang='grc' dir='ltr'><strong><em>ό</em></strong></span> <span class='ocrx_word' id='word_1_771' title='bbox 3477 4738 3717 4800; x_wconf 82' lang='grc' dir='ltr'>ἀπόστολος</span> 
     </span>
    </p>
   </div>
   <div class='ocr_carea' id='block_1_109' title="bbox 2224 4833 3717 4923">
    <p class='ocr_par' dir='ltr' id='par_1_109' title="bbox 2224 4833 3717 4923">
     <span class='ocr_line' id='line_1_109' title="bbox 2224 4833 3717 4923; baseline -0.012 -15"><span class='ocrx_word' id='word_1_772' title='bbox 2224 4848 2419 4923; x_wconf 74' lang='grc' dir='ltr'>λέγων’</span> <span class='ocrx_word' id='word_1_773' title='bbox 2454 4852 2645 4917; x_wconf 83' lang='grc' dir='ltr'>Αὐτός</span> <span class='ocrx_word' id='word_1_774' title='bbox 2679 4851 2848 4904; x_wconf 82' lang='grc' dir='ltr'>ἐστιν</span> <span class='ocrx_word' id='word_1_775' title='bbox 2907 4851 2945 4919; x_wconf 60' lang='lat' dir='ltr'><strong><em>vi</em></strong></span> <span class='ocrx_word' id='word_1_776' title='bbox 2991 4847 3194 4916; x_wconf 79' lang='grc' dir='ltr'>εἰρήνη</span> <span class='ocrx_word' id='word_1_777' title='bbox 3244 4843 3425 4914; x_wconf 72' lang='grc' dir='ltr'>ἡμῶν,</span> <span class='ocrx_word' id='word_1_778' title='bbox 3451 4843 3482 4895; x_wconf 82' lang='grc' dir='ltr'><strong><em>ό</em></strong></span> <span class='ocrx_word' id='word_1_779' title='bbox 3505 4833 3717 4923; x_wconf 62' lang='grc' dir='ltr'>ποιήσας</span> 
     </span>
    </p>
   </div>
   <div class='ocr_carea' id='block_1_110' title="bbox 2226 4918 3717 5011">
    <p class='ocr_par' dir='ltr' id='par_1_110' title="bbox 2226 4918 3717 5011">
     <span class='ocr_line' id='line_1_110' title="bbox 2226 4918 3717 5011; baseline -0.012 -15"><span class='ocrx_word' id='word_1_780' title='bbox 2226 4918 2310 4997; x_wconf 26' lang='grc' dir='ltr'><strong><em>τὰ*</em></strong></span> <span class='ocrx_word' id='word_1_781' title='bbox 2344 4942 2640 5011; x_wconf 66' lang='grc' dir='ltr'>ἀμφότερα</span> <span class='ocrx_word' id='word_1_782' title='bbox 2684 4939 2773 5003; x_wconf 84' lang='grc' dir='ltr'>ἐν,</span> <span class='ocrx_word' id='word_1_783' title='bbox 2823 4938 2914 4992; x_wconf 60' lang='grc' dir='ltr'><strong><em>καὶ¹</em></strong></span> <span class='ocrx_word' id='word_1_784' title='bbox 2963 4936 3110 5007; x_wconf 72' lang='grc' dir='ltr'>ἑξῆς,</span> <span class='ocrx_word' id='word_1_785' title='bbox 3162 4933 3492 5001; x_wconf 69' lang='grc' dir='ltr'>ἀπαλείψας</span> <span class='ocrx_word' id='word_1_786' title='bbox 3534 4924 3592 4979; x_wconf 86' lang='grc' dir='ltr'>τὸ</span> <span class='ocrx_word' id='word_1_787' title='bbox 3619 4918 3717 4974; x_wconf 72' lang='grc' dir='ltr'>καθ’</span> 
     </span>
    </p>
   </div>
   <div class='ocr_carea' id='block_1_111' title="bbox 2228 5012 3719 5103">
    <p class='ocr_par' dir='ltr' id='par_1_111' title="bbox 2228 5012 3719 5103">
     <span class='ocr_line' id='line_1_111' title="bbox 2228 5012 3719 5103; baseline -0.021 -9"><span class='ocrx_word' id='word_1_788' title='bbox 2228 5032 2394 5103; x_wconf 75' lang='grc' dir='ltr'>ἡμῶν</span> <span class='ocrx_word' id='word_1_789' title='bbox 2417 5032 2803 5102; x_wconf 73' lang='grc' dir='ltr'>χειρόγραφον</span> <span class='ocrx_word' id='word_1_790' title='bbox 2824 5030 2941 5083; x_wconf 87' lang='grc' dir='ltr'><strong><em>τῶν</em></strong></span> <span class='ocrx_word' id='word_1_791' title='bbox 2958 5025 3249 5099; x_wconf 84' lang='grc' dir='ltr'>ἁμαρτιῶν</span> <span class='ocrx_word' id='word_1_792' title='bbox 3271 5026 3302 5079; x_wconf 84' lang='grc' dir='ltr'>ὃ</span> <span class='ocrx_word' id='word_1_793' title='bbox 3323 5020 3399 5096; x_wconf 79' lang='grc' dir='ltr'>ἦν</span> <span class='ocrx_word' id='word_1_794' title='bbox 3416 5012 3719 5077; x_wconf 61' lang='grc' dir='ltr'>ὑπεναντίον</span> 
     </span>
    </p>
   </div>
   <div class='ocr_carea' id='block_1_112' title="bbox 2315 5141 2389 5177">
    <p class='ocr_par' dir='ltr' id='par_1_112' title="bbox 2315 5141 2389 5177">
     <span class='ocr_line' id='line_1_112' title="bbox 2315 5141 2389 5177; baseline 0 0"><span class='ocrx_word' id='word_1_795' title='bbox 2315 5141 2389 5177; x_wconf 81' lang='grc' dir='ltr'><strong><em>ιν.</em></strong></span> 
     </span>
    </p>
   </div>
   <div class='ocr_carea' id='block_1_113' title="bbox 2230 5128 3721 5283">
    <p class='ocr_par' dir='ltr' id='par_1_113' title="bbox 2230 5128 3721 5283">
     <span class='ocr_line' id='line_1_113' title="bbox 2230 5128 3721 5283; baseline -0.008 -12"><span class='ocrx_word' id='word_1_796' title='bbox 2230 5128 2435 5271; x_wconf 42' lang='lat' dir='ltr'><strong><em>7“stall.</em></strong></span> <span class='ocrx_word' id='word_1_797' title='bbox 2464 5215 2537 5269; x_wconf 81' lang='grc' dir='ltr'><strong>Τὸ</strong></span> <span class='ocrx_word' id='word_1_798' title='bbox 2560 5213 2853 5283; x_wconf 81' lang='grc' dir='ltr'>ἀπαλεῖψαι</span> <span class='ocrx_word' id='word_1_799' title='bbox 2898 5207 2989 5266; x_wconf 80' lang='grc' dir='ltr'><strong><em>οὖν</em></strong></span> <span class='ocrx_word' id='word_1_800' title='bbox 3019 5210 3116 5275; x_wconf 86' lang='grc' dir='ltr'>τὰς</span> <span class='ocrx_word' id='word_1_801' title='bbox 3166 5209 3393 5271; x_wconf 84' lang='grc' dir='ltr'>ἀδικίας,</span> <span class='ocrx_word' id='word_1_802' title='bbox 3439 5202 3525 5259; x_wconf 77' lang='grc' dir='ltr'><strong><em>καὶ</em></strong></span> <span class='ocrx_word' id='word_1_803' title='bbox 3560 5196 3614 5251; x_wconf 78' lang='grc' dir='ltr'><strong><em>τδ</em></strong></span> <span class='ocrx_word' id='word_1_804' title='bbox 3638 5191 3721 5283; x_wconf 59' lang='grc' dir='ltr'><strong><em>ἒξν</em></strong></span> 
     </span>
    </p>
   </div>
   <div class='ocr_carea' id='block_1_114' title="bbox 2226 5280 3722 5376">
    <p class='ocr_par' dir='ltr' id='par_1_114' title="bbox 2226 5280 3722 5376">
     <span class='ocr_line' id='line_1_114' title="bbox 2226 5280 3722 5376; baseline -0.015 -15"><span class='ocrx_word' id='word_1_805' title='bbox 2226 5306 2486 5362; x_wconf 86' lang='grc' dir='ltr'>λάσασθαι</span> <span class='ocrx_word' id='word_1_806' title='bbox 2511 5304 2607 5369; x_wconf 85' lang='grc' dir='ltr'>τὰς</span> <span class='ocrx_word' id='word_1_807' title='bbox 2640 5280 2928 5376; x_wconf 84' lang='grc' dir='ltr'>ἁμαρτίας,</span> <span class='ocrx_word' id='word_1_808' title='bbox 2962 5302 3116 5357; x_wconf 88' lang='grc' dir='ltr'>τοῦτο</span> <span class='ocrx_word' id='word_1_809' title='bbox 3156 5301 3319 5372; x_wconf 84' lang='grc' dir='ltr'>δηλοῖ·</span> <span class='ocrx_word' id='word_1_810' title='bbox 3375 5295 3508 5357; x_wconf 86' lang='grc' dir='ltr'>τίνες</span> <span class='ocrx_word' id='word_1_811' title='bbox 3538 5289 3589 5342; x_wconf 80' lang='grc' dir='ltr'>δὲ</span> <span class='ocrx_word' id='word_1_812' title='bbox 3615 5280 3722 5376; x_wconf 55' lang='grc' dir='ltr'>εἰσὶν</span> 
     </span>
    </p>
   </div>
   <div class='ocr_carea' id='block_1_115' title="bbox 2227 5373 3719 5465">
    <p class='ocr_par' dir='ltr' id='par_1_115' title="bbox 2227 5373 3719 5465">
     <span class='ocr_line' id='line_1_115' title="bbox 2227 5373 3719 5465; baseline -0.013 -12"><span class='ocrx_word' id='word_1_813' title='bbox 2227 5402 2277 5453; x_wconf 83' lang='grc' dir='ltr'>οἱ</span> <span class='ocrx_word' id='word_1_814' title='bbox 2306 5398 2402 5463; x_wconf 75' lang='grc' dir='ltr'><strong><em>τὰς</em></strong></span> <span class='ocrx_word' id='word_1_815' title='bbox 2427 5397 2638 5460; x_wconf 86' lang='grc' dir='ltr'>ἀδικίας</span> <span class='ocrx_word' id='word_1_816' title='bbox 2661 5373 2838 5449; x_wconf 78' lang='grc' dir='ltr'>αὐτῶν</span> <span class='ocrx_word' id='word_1_817' title='bbox 2859 5395 3278 5465; x_wconf 80' lang='grc' dir='ltr'>ἐξιλασκόμενοι,</span> <span class='ocrx_word' id='word_1_818' title='bbox 3304 5392 3349 5444; x_wconf 84' lang='grc' dir='ltr'><strong><em>εί</em></strong></span> <span class='ocrx_word' id='word_1_819' title='bbox 3376 5388 3445 5461; x_wconf 87' lang='grc' dir='ltr'><strong><em>μὴ</em></strong></span> <span class='ocrx_word' id='word_1_820' title='bbox 3472 5387 3544 5447; x_wconf 87' lang='grc' dir='ltr'><strong><em>εἰς</em></strong></span> <span class='ocrx_word' id='word_1_821' title='bbox 3569 5373 3719 5465; x_wconf 54' lang='grc' dir='ltr'>τδῦγν·</span> 
     </span>
    </p>
   </div>
   <div class='ocr_carea' id='block_1_116' title="bbox 2233 5460 3718 5562">
    <p class='ocr_par' dir='ltr' id='par_1_116' title="bbox 2233 5460 3718 5562">
     <span class='ocr_line' id='line_1_116' title="bbox 2233 5460 3718 5562; baseline -0.003 -18"><span class='ocrx_word' id='word_1_822' title='bbox 2233 5508 2308 5562; x_wconf 89' lang='grc' dir='ltr'><strong><em>μα</em></strong></span> <span class='ocrx_word' id='word_1_823' title='bbox 2348 5460 2510 5543; x_wconf 76' lang='grc' dir='ltr'>αῦτοῦ</span> <span class='ocrx_word' id='word_1_824' title='bbox 2544 5488 2903 5553; x_wconf 88' lang='grc' dir='ltr'>πιστεύοντες,</span> <span class='ocrx_word' id='word_1_825' title='bbox 2929 5488 3021 5541; x_wconf 80' lang='grc' dir='ltr'><strong><em>καὶ</em></strong></span> <span class='ocrx_word' id='word_1_826' title='bbox 3052 5460 3124 5539; x_wconf 41' lang='grc' dir='ltr'><strong><em>δι(</em></strong></span> <span class='ocrx_word' id='word_1_827' title='bbox 3144 5478 3487 5553; x_wconf 82' lang='grc' dir='ltr'>ἀγαθοεργίας</span> <span class='ocrx_word' id='word_1_828' title='bbox 3508 5472 3561 5529; x_wconf 72' lang='grc' dir='ltr'><strong>τὸ</strong></span> <span class='ocrx_word' id='word_1_829' title='bbox 3584 5460 3718 5539; x_wconf 46' lang='grc' dir='ltr'><strong><em>σφόν</em></strong></span> 
     </span>
    </p>
   </div>
   <div class='ocr_carea' id='block_1_117' title="bbox 654 5689 2125 5778">
    <p class='ocr_par' dir='ltr' id='par_1_117' title="bbox 654 5702 2125 5778">
     <span class='ocr_line' id='line_1_117' title="bbox 654 5702 2125 5778; baseline -0.002 -19"><span class='ocrx_word' id='word_1_830' title='bbox 654 5708 699 5737; x_wconf 64' lang='grc' dir='ltr'><strong><em>⁸η</em></strong></span> <span class='ocrx_word' id='word_1_831' title='bbox 725 5705 922 5761; x_wconf 85' lang='lat' dir='ltr'><strong><em>Jcrcm.</em></strong></span> <span class='ocrx_word' id='word_1_832' title='bbox 954 5723 1078 5771; x_wconf 74' lang='lat' dir='ltr'><strong><em>xxv,</em></strong></span> <span class='ocrx_word' id='word_1_833' title='bbox 1117 5706 1203 5760; x_wconf 86' lang='lat' dir='ltr'><strong><em>Il.</em></strong></span> <span class='ocrx_word' id='word_1_834' title='bbox 1279 5706 1322 5738; x_wconf 78' lang='grc'><strong>⁸⁷</strong></span> <span class='ocrx_word' id='word_1_835' title='bbox 1362 5703 1535 5778; x_wconf 80' lang='lat' dir='ltr'><strong><em>Ich.</em></strong></span> <span class='ocrx_word' id='word_1_836' title='bbox 1569 5720 1628 5776; x_wconf 88' lang='grc' dir='ltr'><strong><em>ιι,</em></strong></span> <span class='ocrx_word' id='word_1_837' title='bbox 1652 5705 1741 5761; x_wconf 77' lang='lat'><strong><em>&#39;55.</em></strong></span> <span class='ocrx_word' id='word_1_838' title='bbox 1817 5703 1863 5737; x_wconf 82' lang='grc'><strong><em>⁸⁸</em></strong></span> <span class='ocrx_word' id='word_1_839' title='bbox 1896 5702 2052 5759; x_wconf 82' lang='lat' dir='ltr'><strong><em>Joan.</em></strong></span> <span class='ocrx_word' id='word_1_840' title='bbox 2089 5717 2125 5770; x_wconf 91' lang='grc' dir='ltr'><strong><em>ι,</em></strong></span> 
     </span>
    </p>
   </div>
   <div class='ocr_carea' id='block_1_118' title="bbox 2211 5689 3253 5778">
    <p class='ocr_par' dir='ltr' id='par_1_118' title="bbox 2211 5689 3253 5769">
     <span class='ocr_line' id='line_1_118' title="bbox 2211 5689 3253 5769; baseline -0.011 -16"><span class='ocrx_word' id='word_1_841' title='bbox 2211 5702 2243 5756; x_wconf 84' lang='lat' dir='ltr'><strong><em>l.</em></strong></span> <span class='ocrx_word' id='word_1_842' title='bbox 2320 5700 2364 5732; x_wconf 73' lang='grc'><strong><em>⁸⁵</em></strong></span> <span class='ocrx_word' id='word_1_843' title='bbox 2414 5696 2613 5769; x_wconf 85' lang='lat' dir='ltr'><strong><em>Ephes.</em></strong></span> <span class='ocrx_word' id='word_1_844' title='bbox 2640 5713 2700 5764; x_wconf 90' lang='grc' dir='ltr'><strong><em>ιι,</em></strong></span> <span class='ocrx_word' id='word_1_845' title='bbox 2728 5696 3035 5762; x_wconf 70' lang='grc' dir='ltr'>14;Οοιοε.</span> <span class='ocrx_word' id='word_1_846' title='bbox 3072 5709 3131 5762; x_wconf 86' lang='grc' dir='ltr'><strong><em>ιι,</em></strong></span> <span class='ocrx_word' id='word_1_847' title='bbox 3162 5689 3253 5745; x_wconf 74' lang='grc' dir='ltr'>ιι.</span> 
     </span>
    </p>
   </div>
  </div>
