3814 6198
182 240 272 294 633

1270 216 1684 290 FRAGMENTA
1722 233 1789 290 IN
1825 232 2186 294 DANIELEM.

3224 255 3329 314 631

183 367 312 405 ωπον
364 345 505 401 αὑτοῦ
537 348 961 419 ὲξιλασκόμενοι;
1020 348 1137 401 Ὅτι
1180 349 1236 401 δὲ
1290 352 1423 420 μετὰ
1453 352 1512 404 τὸ
1554 351 1652 405 ἐπι·

1776 354 1894 407 tes?
1923 351 2075 418 Quod
2106 369 2233 408 vero
2278 365 2561 424 postquam
2588 375 2837 417 reversus
2888 374 2968 419 est
3003 371 3231 437 populus
3260 389 3323 427 ex

184 442 377 514 στρέψαι
406 439 484 490 τὸν
541 438 662 491 λαὸν
717 441 779 492 ὲκ
833 439 1145 503 Βαϐυλῶνος
1168 441 1490 512 τετρακόσια
1518 442 1673 513 τριά-

183 550 317 585 κοντα
335 532 542 599 τέσσαρα
574 529 663 600 ἔτη
696 531 980 601 γεγένηται
1011 531 1114 595 ἕως
1138 532 1401 600 γενέσεως
1418 534 1672 604 Χριστοῦ,

181 624 371 681 εὐκόλως
401 622 509 673 ἐστὶ
539 622 723 691 νοῆσαι
774 622 841 674 τὰ
882 623 1228 693 προκείμενα·
1280 623 1463 695 ἐπειδὴ
1495 625 1601 697 γὰρ
1640 628 1672 695 ἡ

179 712 325 785 πρώτη
371 711 592 781 διαθήκη
624 716 735 775 τοῖς
765 713 899 776 υἱοῖς
953 714 1165 786 Ἰσραὴλ
1196 715 1331 785 μετὰ
1352 716 1674 787 τετρακόσια

170 806 413 875 τριάκοντα
440 802 677 874 τέσσαρα
728 802 819 873 ἔτη
849 804 1023 876 ἐδόθη·
1072 807 1378 875 ἀναγκαίως
1428 809 1534 862 ἔδει
1578 812 1672 863 καὶ

168 897 249 967 τὴν
272 895 508 965 δευτέραν
547 896 746 965 ὁμοίως
767 896 843 967 τῷ
885 897 1032 969 αὐτῷ
1065 899 1239 969 χρόνῳ
1266 899 1556 969 ὁρίζεσθαι,
1585 901 1670 954 ἴνα

165 988 247 1043 ὑπὸ
275 986 354 1039 τοῦ
379 984 502 1040 λαοῦ
534 986 896 1058 προσδόκιμος
926 990 1148 1060 γενηθῇ,
1182 993 1272 1044 καὶ
1302 992 1405 1045 ὑπὸ
1436 993 1542 1045 τῶν
1576 1012 1668 1046 πι-

165 1080 413 1133 στενόντων
445 1079 682 1143 εὐκόλως
714 1081 1043 1152 ἐπιγνωσθῇ.

212 1235 346 1288 XVII.
376 1238 481 1288 Καὶ
512 1237 600 1289 διὰ
630 1236 784 1290 τοῦτο
810 1237 849 1289 Γ
852 1238 1046 1309 αὸριὴλ
1074 1240 1239 1309 λέγει·
1274 1244 1381 1296 Καὶ
1410 1245 1513 1298 τοῦ
1546 1247 1668 1314 χρῖ-

359 1509 466 1571 τους
485 1527 499 1540 ·
562 1513 808 1581 Πνεῦμα
834 1517 1049 1582 Κυρίου
1074 1518 1164 1569 ἐπ’
1190 1518 1313 1587 ἐμὲ,
1343 1516 1415 1575 οὗ
1439 1522 1667 1576 εἵνεκεν

154 1601 318 1669 ἔχρισε
356 1619 448 1669 με,
490 1605 587 1656 καὶ
635 1602 703 1656 τὰ
732 1604 877 1675 ἑξῆς.
941 1608 1087 1660 Ὅσοι
1126 1604 1217 1662 οὖν
1268 1612 1545 1666 ἐπίστευον
1588 1614 1665 1684 τῷ

154 1693 407 1763 ἐπουρανίῳ
457 1696 626 1765 ἱερεῖ,
680 1696 769 1748 ὑπ’
805 1698 967 1751 αὑτοῦ
1021 1700 1113 1753 τοῦ
1178 1702 1365 1773 ἱερέως
1406 1704 1659 1777 ἐκαθαρί-

153 1786 286 1847 ζοντο,
315 1785 402 1836 καὶ
446 1785 655 1838 τούτων
709 1789 764 1840 αἱ
819 1790 1076 1859 ἁμαρτίαι
1126 1792 1500 1865 ἀπηλείφοντο·
1549 1798 1660 1850 ὅσοι

150 1877 191 1928 δὲ
214 1877 451 1945 ἠπίστουν
485 1878 659 1948 αὐτῷ,
692 1879 767 1943 ὡς
823 1880 1102 1952 ἄνθρωπον
1130 1885 1290 1938 αὑτὸν
1324 1886 1659 1951 ἐξουθενοῦν-

149 1986 231 2029 τες,
273 1968 460 2023 τούτων
495 1972 553 2024 αἱ
607 1972 867 2043 ἁμαρτίαι
903 1974 977 2037 ὡς
1021 1976 1369 2046 ἀναφαίρετοι
1397 1980 1657 2050 ἐσφραγί-

150 2060 281 2122 ζοντο,
305 2062 419 2114 ὅθεν
440 2064 694 2135 προορῶν
727 2066 755 2117 ὁ
797 2067 1057 2134 Ἀγγελος
1086 2068 1167 2121 ὅτι
1199 2070 1259 2122 οὐ
1290 2071 1487 2135 πάντες
1530 2072 1656 2143 μέλ-

146 2151 257 2204 λοντι
284 2154 549 2207 πιστεύειν
582 2156 751 2226 αὐτῷ,
792 2154 933 2218 εἷπε,
964 2160 1067 2213 τοῦ
1097 2161 1455 2216 συντελέσαι
1479 2165 1658 2233 ἀμαρ-

146 2242 258 2305 τίας,
281 2241 367 2293 καί
395 2244 500 2297 τοῦ
551 2245 880 2314 appar-iam
928 2248 1232 2317 ἁμαρτίας·
1267 2251 1378 2304 ὅσοι
1420 2252 1525 2324 γὰρ
1554 2255 1655 2319 ἕως

148 2336 285 2399 τέλους
310 2337 615 2407 ἠπείθησαν
648 2340 812 2409 αὐτῷ,
842 2340 1040 2394 τούτων
1069 2338 1161 2396 οὖν
1185 2344 1243 2396 οὐ
1281 2346 1656 2418 συνετελέσθη-

150 2442 217 2478 ταν
238 2428 283 2479 αἱ
306 2430 593 2499 ἁμαρτίαι,
623 2432 733 2484 ἀλλ’
763 2433 1198 2505 ὲσφραγίσθησαν
1228 2437 1307 2496 είς
1348 2437 1525 2505 κρίσιν
1556 2456 1652 2510 τη-

149 2520 371 2588 ρούμεναι·
405 2523 522 2575 ὅσοι
556 2522 615 2575 δὲ
664 2524 913 2593 μέλλουσι
965 2526 1237 2580 πιστεύειν
1284 2529 1431 2599 αὐτῷ
1466 2530 1541 2594 ὼς
1565 2532 1655 2585 δυ-

147 2611 310 2679 ναμένῳ
333 2612 554 2680 ἀφιέναι
592 2614 893 2685 ἁμαρτίας,
924 2616 1124 2670 τούτων
1162 2619 1534 2689 ἀπηλείφοντο·
1566 2622 1652 2676 διὰ

145 2701 260 2753 τοῦτο
284 2702 440 2771 λέγει·
486 2705 604 2757 Καὶ
632 2705 737 2759 τοῦ
766 2710 1089 2777 σφραγῖσαι
1119 2710 1348 2778 ὅρασιν,
1383 2714 1479 2766 καὶ
1508 2727 1650 2782 προ-

143 2810 313 2860 sum.

192 3015 342 3072 XVIII.
388 3020 618 3092 Ἐπειδὴ
643 3021 750 3093 γὰρ
783 3022 1050 3095 πλήρωμα
1083 3027 1266 3097 νόμου,
1308 3031 1401 3081 καί
1441 3047 1649 3105 προφη-
1676 3035 1716 3093 C

139 3107 384 3174 τῶναύτὸς
437 3113 648 3185 παρῆν·
684 3115 897 3185 ὁνόμος
948 3117 1077 3187 γὰρ,
1132 3119 1222 3172 καὶ
1279 3123 1326 3173 οἱ
1378 3126 1646 3196 προφῆται

141 3198 214 3261 ἕως
248 3203 495 3257 Ἰωάννου·
541 3205 649 3259 ἔδει
680 3207 745 3261 τὰ
781 3209 870 3260 ὑπ’
895 3210 1113 3262 ἐκείνων
1148 3211 1445 3283 λαλούμενα
1477 3234 1648 3288 σφρα-
1704 3254 1707 3255 ν
1749 3239 1781 3276 ιξ

1776 442 2063 514 Babylone,
2099 446 2475 518 quadringenti
2512 450 2727 520 triginta
2772 465 3004 522 quatuor
3026 460 3330 519 eIllnxerint

1775 535 1904 589 anni
1938 552 2109 606 usque
2140 539 2207 592 ad
2243 539 2445 594 Christi
2487 543 2843 612 nativitatem,
2873 548 3030 607 facile
3059 562 3142 608 est
3171 555 3331 609 intel.

1774 624 1969 695 Iigere;
2000 640 2123 680 cum
2150 628 2291 681 enim
2317 630 2549 698 primum
2598 642 2980 694 testamentum
3013 642 3138 699 ﬁliis
3163 643 3328 702 Israel

1773 721 1894 781 post
1919 716 2339 786 quadringentos
2382 718 2600 789 triginta
2635 732 2869 791 quatuor
2920 742 3091 783 annos
3140 731 3323 787 datum

1772 803 1861 865 sit,
1895 806 2202 859 necessario
2247 809 2547 876 oportebat,
2582 820 2643 865 ut
2688 814 2849 869 etiam
2885 820 3181 875 secundum
3230 839 3326 879 eo-

1772 892 1892 947 dem
1925 898 2183 964 tetnporis
2233 899 2406 967 spatio
2441 901 2774 971 deiiniretur,
2826 919 2884 962 ut
2928 925 2956 962 a
3006 914 3201 981 populo
3227 930 3295 970 ex

1771 994 2143 1053 spectaretur,
2195 1000 2247 1043 et
2315 1006 2344 1043 a
2403 993 2746 1049 credentibus
2803 997 2960 1054 facile
3028 1018 3325 1074 cognosce-

1772 1085 1936 1131 retur.

1840 1234 2000 1289 XVII.
2030 1236 2392 1302 Quamobrem
2425 1239 2642 1297 Gabriel
2684 1246 2797 1300 ait:
2831 1248 2896 1301 Et
2932 1262 3159 1320 ungatur
3183 1254 3321 1311 San-

1769 1335 1882 1377 ctus
1933 1337 2252 1380 sanctorum.
2309 1328 2539 1385 Sanctus
2588 1350 2717 1389 vero
2747 1350 3057 1397 sanctorum
3113 1348 3317 1410 nullus,

1768 1416 1873 1469 nisi
1899 1417 2048 1471 solus
2079 1417 2249 1473 Filius
2283 1419 2395 1484 Dei,
2453 1425 2543 1491 qui
2594 1442 2717 1480 cum
2748 1431 2962 1486 adesset
2997 1447 3050 1490 et
3090 1442 3319 1496 manifc-

1767 1517 1933 1563 staret
1967 1526 2045 1573 se,
2076 1511 2211 1565 dixit
2264 1513 2328 1565 ad
2365 1530 2456 1569 eos
2485 1535 2498 1570 :
2531 1516 2759 1585 Spiritus
2788 1522 3001 1580 Domini
3040 1546 3194 1599 super
3214 1552 3316 1599 me,

1764 1611 1972 1666 propter
2018 1600 2154 1669 quod
2190 1604 2340 1655 unxit
2388 1623 2467 1658 me
2514 1608 2578 1666 9°,
2624 1619 2677 1662 et
2728 1622 2941 1669 caztera.
2997 1619 3318 1695 Quicunque

1693 1689 1734 1744 Β
1764 1690 1925 1758 igitur
1952 1693 2157 1746 caelesti
2191 1695 2485 1750 credebant
2513 1702 2798 1769 sacerdoti,
2832 1708 2899 1760 ab
2933 1710 3049 1779 ipso
3089 1689 3317 1774 munda-

1761 1781 1955 1835 bantur
1984 1786 2285 1865 sa'cerdOIe,
2338 1800 2392 1842 et
2439 1791 2632 1845 horum
2694 1809 2910 1863 peccata
2966 1803 3310 1864 delebantur.

1760 1872 2081 1945 Quicunque
2110 1892 2239 1932 vero
2266 1881 2313 1933 ei
2350 1882 2571 1937 minime
2603 1887 2911 1953 credebant,
2942 1901 3195 1966 tanquam
3224 1903 3316 1957 ho-

1759 1966 1957 2020 minem
1988 1969 2165 2037 ipsum
2195 1971 2571 2043 despicientes,
2619 1979 2814 2034 horum
2842 1998 3081 2051 peccata,
3146 1994 3311 2049 veluti

1758 2072 1878 2125 quae
1911 2059 2075 2114 deleri
2100 2061 2322 2118 minime
2349 2076 2587 2133 possent,
2645 2071 3052 2145 sigillabantur;
3077 2098 3315 2152 quapro-

1758 2159 1875 2217 pter
1906 2165 2028 2205 cum
2076 2155 2298 2224 angelus
2344 2159 2658 2226 praevideret
2689 2167 2836 2235 quod
2866 2184 2974 2224 non
3032 2187 3221 2238 omnes
3262 2180 3312 2233 ei

1758 2242 2014 2297 Credituri
2050 2255 2251 2311 essent,
2279 2248 2413 2303 dixit
2450 2269 2462 2305 :
2525 2252 2593 2307 Ut
2620 2271 3045 2316 consummentur
3074 2280 3308 2335 peccata,

1755 2344 1804 2384 et
1828 2334 2185 2404 obsignentur.
2229 2340 2514 2412 Quotquot
2559 2346 2702 2401 enim
2754 2365 2924 2421 usque
2968 2356 3034 2409 ad
3065 2334 3226 2416 linem
3261 2366 3309 2417 ei

1755 2422 2124 2483 inobedientes
2158 2428 2395 2495 fuerunt,
2418 2433 2611 2490 horum
2636 2440 2820 2509 utique
2840 2457 3059 2512 peccata
3086 2452 3309 2509 minime

1754 2528 2149 2585 consummata,
2188 2522 2279 2576 sed
2338 2524 2568 2595 sigillata
2613 2540 2759 2598 sunt,
2806 2550 2869 2589 ac
2896 2536 3104 2605 judicio
3129 2559 3307 2602 reser-

1753 2620 1913 2671 vata;
1972 2622 2235 2682 quotquot
2288 2630 2416 2672 vero
2463 2621 2717 2677 credituri
2767 2630 3002 2693 suntei,
3050 2642 3304 2707 tanquam

1752 2710 1969 2767 peccata
2003 2702 2302 2758 dimittendi
2339 2706 2590 2764 virtutem
2624 2712 2861 2778 habenti,
2896 2719 3085 2776 horum
3133 2702 3304 2783 deleta

1751 2795 1897 2841 sunt.
1934 2788 2219 2860 Pmpterea
2254 2796 2385 2851 dicit
2419 2818 2430 2851 :
2478 2799 2543 2852 Et
2577 2814 2631 2855 ut
2659 2806 2890 2875 signetur
2915 2813 3064 2877 visio,
3096 2827 3144 2869 et
3177 2836 3302 2887 pro-

1748 2883 1921 2948 pheta.

1822 3035 2009 3096 XVIII.
2042 3041 2176 3098 Nam
2210 3062 2332 3102 cum
2364 3048 2498 3119 ipse,
2530 3052 2617 3121 qui
2654 3068 2735 3111 est
2769 3060 3048 3129 plenitudo
3070 3070 3206 3141 legis
3250 3084 3303 3127 et

1752 3134 2161 3201 prophetarum,
2185 3155 2423 3209 prtesens
2445 3156 2588 3202 esset
2627 3150 2731 3216 (lex
2777 3156 2918 3209 enim
2952 3168 3006 3213 et
3028 3134 3303 3233 prophetae

141 3292 349 3359 γίζεσθαι,
380 3297 471 3351 ἴνα
535 3300 595 3351 ὲν
642 3303 707 3370 τῇ
753 3299 846 3353 τοῦ
912 3303 1114 3374 Κυρίου
1170 3307 1437 3379 παρουσίᾳ
1472 3312 1647 3364 πάντα
1748 3314 1855 3371 illis
1882 3317 1932 3372 di

140 3381 313 3439 λυθέντα
364 3390 633 3460 φωτισθῇ,
667 3391 854 3445 καὶτὰ
906 3394 1068 3447 παλαι
1112 3396 1365 3468 δεδεμένα
1414 3399 1508 3454 νῦν
1555 3403 1646 3455 ὑπ’

139 3475 260 3529 αὖτοῦ
294 3480 439 3550 λυθῇ,
470 3482 555 3543 ὡς
603 3482 763 3547 αὐτὸς
812 3486 840 3536 ὁ
891 3485 1092 3556 Κύριος
1117 3487 1305 3561 εἴρηκε
1335 3493 1471 3563 πρὸς
1521 3496 1647 3559 τοὺς

138 3565 346 3634 ἄρχοντας
388 3572 480 3624 τοῦ
536 3572 687 3637 λαοῦ,
735 3576 1171 3643 ἀγανακτοῦντας
1207 3583 1299 3635 ἐπὶ
1324 3586 1388 3655 τῇ
1429 3588 1486 3638 ὲν
1518 3588 1646 3640 σαϐ-

140 3658 249 3727 Γράτῳ
292 3662 591 3735 θεραπεία·
640 3667 985 3736 ’Υποκριταὶ,
1042 3672 1295 3741 ἕκαστος
1344 3678 1507 3746 ὑμῶν
1542 3682 1646 3733 τὸν

140 3748 305 3818 βινῦνῆ
330 3754 432 3806 τὸν
457 3756 609 3808 ὄνον
639 3759 709 3810 οὐ
756 3760 886 3813 λύει
943 3762 1060 3815 ἀπὸ
1092 3762 1200 3833 τῆς
1254 3766 1494 3836 φάτνης,
1545 3772 1642 3824 καὶ

134 3839 400 3913 ἀπαγαγὼν
428 3848 691 3912 ποτίζει;
736 3853 959 3921 ταύτην
986 3854 1054 3908 δὲ
1078 3858 1365 3927 θυγατέρα
1401 3862 1644 3933 Ἀϐραὰμ

134 3926 308 3997 οὖσαν,
362 3937 440 4004 ἢν
491 3938 719 4008 ἔδησεν
777 3944 809 3997 ὁ
860 3946 1129 4013 Σατανᾶς
1182 3949 1284 4016 ἐτη
1351 3950 1494 4005 δέκα
1544 3955 1640 4007 καὶ

134 4020 262 4088 ὀκτὼ,
298 4030 401 4081 οὐκ
427 4029 557 4083 ἔδει
590 4030 841 4099 ,λυθῆναι
867 4034 939 4103 τῇ
964 4037 1145 4105 ἡμέρᾳ
1175 4040 1281 4093 τοῦ
1306 4043 1641 4109 Σαϐὄάτου;

133 4110 251 4178 ὁδους
296 4115 382 4173 οὖν
441 4120 636 4192 ἔδησεν
682 4126 709 4176 ὁ
745 4125 986 4190 Σατανᾶς
1035 4131 1091 4181 ἐν
1138 4129 1367 4202 βρόχοις,
1418 4135 1641 4201 τούτους

134 4203 305 4263 ἐλθὼνὸ
334 4212 542 4284 Κύριος
568 4213 751 4268 ἔλυσεν
789 4220 852 4271 ὲκ
881 4219 988 4271 τῶν
1013 4221 1107 4274 τοῦ
1136 4222 1362 4279 θανάτου
1405 4228 1636 4299 δεσμῶν,

133 4290 251 4345 dum
280 4299 371 4366 μὲν
422 4302 519 4353 τὸν
563 4303 684 4355 καθ’
729 4305 885 4375 ἡμῶν
936 4309 1151 4381 ἰσχυρὸν
1206 4312 1391 4385 δήσας,
1440 4290 1536 4390 τὴν
1580 4290 1636 4372 δέ

132 4382 467 4462 ὼιθρωπότητα
521 4394 907 4467 ἐλευθερώσας.
1060 4376 1155 4457 οιαὶ
1197 4376 1422 4473 Ἡσαΐας
1466 4376 1631 4479 λέγει·
1667 4376 1711 4430 D

136 4476 236 4529 Τότε
251 4481 363 4547 ἐρεῖ
380 4486 508 4552 τοῖς
547 4488 617 4539 ἐν
645 4489 904 4559 δεσμοῖς,
946 4493 1261 4563 Ἐξέλθετε,
1296 4502 1391 4555 καὶ
1423 4476 1548 4570 τοῖςζ
1566 4505 1636 4557 ἐν

132 4563 187 4629 τῷ
205 4574 403 4640 σκότει,
436 4580 795 4649 Φωτίσθητε.

178 4723 291 4782 XIX.
326 4734 446 4787 Ὀτι
474 4736 531 4788 δὲ
572 4737 640 4790 τὰ
688 4740 893 4796 παλαιὰ
943 4743 1031 4798 διὰ
1078 4747 1241 4818 νόμου
1301 4752 1394 4804 καὶ
1428 4771 1636 4827 προφη-

128 4818 207 4871 τῶν
222 4822 542 4899 λελαλημένα
581 4832 758 4887 πάντα
784 4830 851 4906 ἦν
874 4838 1300 4911 ὲσφραγισμένα,
1331 4846 1424 4899 καὶ

130 4924 202 5005 εἶτα
232 4922 329 4980 τοῖς
360 4921 669 4993 ἀνθρώποις
696 4926 1004 4997 ὑπάρχοντα
1044 4932 1268 4998 Ἡσαΐας
1311 4935 1480 5005 λέγει·
1519 4940 1631 4994 Kal

126 4998 341 5063 δώσουσι
367 5014 431 5065 τὸ
461 5015 701 5077 βιϐλίον
750 5019 817 5071 τὸ
840 5020 1319 5092 ἐσφραγισμένον
1345 4998 1628 5098 ἀνθρώπῳ

126 5091 448 5170 ἐπισταμένῳ
492 5106 813 5177 γράμματα,
858 5113 954 5165 καὶ
980 5091 1221 5181 ἐροῦονιν
1251 5118 1429 5183 αὐτῷ,
1450 5091 1628 5175 ἿἈνάξ

127 5194 259 5249 Thalli
282 5195 487 5260 ταῦτα,
529 5200 627 5253 καὶ
666 5202 805 5269 ἐρεῖ,
857 5207 939 5259 Οὐ
963 5206 1217 5277 δύναμαι
1268 5211 1625 5281 ἀναγνῶναι,

124 5275 467 5354 έσφράγισται
510 5292 639 5362 γάρ.
699 5296 1028 5364 ’Λναγκαίως
1056 5275 1158 5355 ἔδει
1204 5303 1271 5356 τὰ
1314 5275 1518 5359 παλαιὰ
1543 5275 1630 5360 διὰ

125 5370 204 5422 τῶν
244 5382 522 5451 προφητῶν
574 5387 855 5458 εἰρημένα,
886 5395 997 5454 τοῖς
1056 5393 1152 5462 μὲν
1206 5395 1451 5460 ἀπίστοις
1474 5399 1631 5470 Φαρι-

127 5462 261 5527 σαίοις
281 5471 327 5521 οἳ
354 5472 564 5529 ἐδόκουν
589 5477 657 5529 τὰ
683 5479 775 5533 τοῦ
802 5482 965 5552 νόμου
1012 5486 1312 5556 γράμματα
1343 5490 1627 5558 γινώσκειν

178 5662 213 5689 ’θ
242 5664 330 5719 Isa.
382 5686 483 5738 ut,
521 5677 578 5743 I;
610 5676 944 5745 Luc.tv,18.
1021 5683 1061 5713 θ’
1106 5683 1234 5741 Luc.
1272 5704 1386 5753 xm,
1428 5691 1508 5743 13.
1554 5694 1595 5723 ’³
1626 5693 1652 5744 I:

1790 5711 1937 5759 xmx,
1972 5698 2002 5749 9

1744 3500 1812 3555 ab
1840 3502 1958 3571 ipso
1986 3505 2341 3577 solverentur,
2396 3518 2850 3581 quemadmodum
2898 3524 3013 3595 ipse
3038 3526 3302 3590 Dominus

1743 3592 1881 3648 dixit
1912 3595 1977 3649 ad
2012 3598 2283 3669 principes
2315 3605 2518 3673 populi,
2553 3611 2643 3677 qui
2671 3610 2738 3666 de
2759 3592 3039 3673 curatione
3069 3620 3208 3678 facta
3242 3627 3295 3680 in

1742 3686 1829 3742 die
1853 3687 2074 3745 Sabbati
2102 3692 2517 3764 indignabantur
2543 3720 2557 3756 :
2598 3701 2921 3774 ngocritw,
2948 3717 3299 3787 unusquisque

1740 3789 1966 3834 vestrum
2000 3782 2173 3837 bovem
2209 3787 2287 3841 vel
2321 3791 2529 3843 asinum
2586 3811 2753 3850 nonne
2798 3801 2952 3854 solvit
2986 3820 3018 3856 a
3046 3822 3293 3877 prwsepe,

1740 3881 1788 3925 et
1849 3874 2065 3928 adducit
2124 3882 2418 3947 aquatum?
2476 3883 2610 3939 hanc
2659 3905 2777 3943 vero
2825 3893 2996 3957 ﬁliam
3047 3874 3293 3967 Abraliw,

1740 3981 1894 4034 quam
1917 3968 2089 4022 decem
2122 3980 2169 4024 et
2204 3982 2317 4025 octo
2370 3977 2523 4030 annis
2560 3978 2815 4048 ligaverat
2876 3985 3128 4057 Satanas,
3189 4011 3293 4050 ncn

1741 4056 1823 4123 fas
1845 4066 1958 4111 erat
2003 4069 2061 4112 ut
2090 4062 2373 4118 solveretur
2428 4066 2513 4123 die
2541 4068 2760 4127 Sabbati
2791 4077 2874 4131 °‘?
2930 4077 3295 4157 Quoscunque

1739 4145 1905 4215 igitur
1933 4148 2231 4220 illigaverat
2264 4153 2452 4223 Satan,
2496 4159 2600 4215 hos
2632 4163 2922 4223 adveniens
2956 4145 3221 4233 Dominus
3264 4145 3295 4234 e

1738 4238 1931 4291 mortis
1961 4238 2189 4298 vinculis
2218 4245 2400 4315 solvit,
2427 4265 2548 4304 cum
2579 4253 2753 4322 ipsum
2784 4259 3001 4328 quidem
3032 4265 3292 4324 adversus

1739 4343 1839 4384 nos
1875 4329 2070 4386 fortem
2126 4334 2367 4405 ligasset,
2419 4340 2808 4401 humanitatem
2837 4366 2965 4407 vero
2989 4353 3042 4408 in
3068 4355 3292 4413 Iiberta-

1740 4427 1844 4473 tem
1874 4420 2224 4489 vindicasset,
2289 4429 2447 4483 sicuti
2498 4434 2659 4488 etiam
2694 4436 2864 4495 Isaias
2892 4441 3058 4499 dicit:
3145 4447 3289 4505 Tunc

1738 4510 1874 4564 dicet
1903 4512 1968 4565 iis
2021 4516 2111 4584 qui
2139 4518 2190 4569 in
2220 4518 2436 4575 vinculis
2467 4537 2485 4574 :
2538 4523 2892 4597 Egredimini;
2921 4546 2972 4587 et
3003 4538 3067 4590 iis
3119 4543 3209 4610 qui
3235 4545 3290 4596 in

1736 4603 1952 4657 tenebris
1978 4620 1996 4657 :
2029 4605 2411 4664 Illuminamini
2446 4613 2511 4668 ⁸³.

1804 4757 1943 4814 XIX.
1981 4760 2134 4827 Quod
2174 4746 2352 4819 autem
2396 4778 2577 4827 vetera
2606 4790 2700 4843 per
2720 4777 2888 4849 legem
2912 4792 2966 4837 et
2996 4787 3281 4857 prophetas

1737 4848 1990 4917 praedicta
2025 4854 2207 4909 omnia
2265 4856 2465 4913 fuerint
2510 4848 2812 4934 obsignata,
2876 4883 2930 4927 et
2974 4848 3287 4936 hominibus

1736 4940 2027 5011 incognita,
2054 4942 2220 4999 Isaias
2252 4947 2420 5002 dicit:
2478 4950 2548 5005 Et
2591 4954 2788 5012 dabunt
2820 4962 3010 5016 librum
3042 4968 3286 5038 obsigna-

1737 5039 1847 5084 tum
1869 5032 2063 5087 homini
2086 5037 2270 5090 scienti
2291 5038 2515 5106 litteras,
2536 5053 2585 5096 et
2606 5046 2775 5102 dicent
2800 5051 2886 5104 ei:
2914 5050 3046 5124 Lege
3074 5032 3203 5122 lucc,
3235 5073 3285 5115 et

1735 5124 2102 5192 respondebit:
2160 5127 2283 5182 Non
2314 5147 2525 5199 possum
2582 5137 2766 5207 legere,
2814 5158 2936 5196 nam
2980 5146 3283 5217 obsignatus

1734 5228 1808 5267 est
1837 5216 1900 5270 ⁸³.
1930 5216 2160 5274 Necesse
2207 5231 2320 5276 erat
2350 5236 2528 5279 vetera
2587 5243 2684 5297 per
2726 5234 3015 5302 prophetas
3042 5216 3283 5307 pronun-

1734 5307 1887 5373 tiata,
1913 5310 2205 5367 incredulis
2229 5317 2448 5384 quidem
2470 5319 2779 5390 Pharisazis,
2811 5328 2902 5396 qui
2938 5331 3199 5397 putabant
3224 5351 3283 5390 se

1735 5398 1866 5468 legis
1895 5402 2216 5471 scripturam
2276 5409 2604 5483 intelligere,
2658 5417 2939 5487 obsignata
2993 5436 3133 5489 esse,
3164 5441 3283 5481 (που

1733 5492 1979 5547 dentibus
2000 5508 2128 5548 vero
2156 5510 2358 5568 aperta.
2406 5503 2537 5568 Quae
2586 5506 2745 5574 igitur
2777 5510 2905 5564 olim
2934 5524 3087 5569 erant
3130 5517 3276 5574 obsi—

2107 5701 2147 5731 9°
2188 5702 2287 5755 Isa.
2356 5718 2504 5769 uis,
2544 5705 2623 5758 ll.
