3796 6194
165 335 242 391 657
1212 332 1633 389 FRAGMENTA
1668 336 1731 391 IN
1764 336 2131 391 DANIELEM.

3190 336 3294 391 658

218 445 350 504 XXIII
384 442 521 512 Λέγει
544 445 590 513 γ’
624 431 732 498 οὖν·
800 445 894 499 Ἐν
914 444 1033 500 ἔτει
1092 449 1264 516 τρίτῳ
1295 452 1492 519 Κύρου
1521 454 1601 505 τοι

1801 451 1986 507 XXIII.
2014 452 2104 506 Ait
2144 452 2306 523 igitur
2332 470 2343 505 :
2394 450 2462 505 In
2495 467 2631 505 anno
2670 449 2821 505 tertio
2849 451 2977 522 Cyri
3005 452 3138 522 regis
3166 451 3297 506 Per-

159 540 389 606 ,ϐασιλέως
409 535 631 604 Περσῶν
650 539 823 605 λόγος
875 538 1269 609 ἀπεκαλύφθη
1294 540 1373 606 τῷ
1400 542 1623 611 Δανιὴλ

163 629 286 689 οὔτό
311 630 460 697 ὄνομα
498 626 828 696 Βαλτάσαρ,
879 629 980 682 καὶ
1028 630 1315 698 ἀληθινὸς
1356 635 1388 686 ό
1416 635 1619 703 λόγος,

162 728 234 780 καί
257 724 456 791 δύναμις
482 719 726 791 μεγάλη,
780 720 879 774 καὶ
942 723 1194 790 σύνεσις
1234 723 1410 793 ἐδόθη
1465 725 1623 791 αὐτῷ

154 816 279 885 ἐντῇ
317 815 557 881 ὀπτασίᾳ·
610 813 677 867 ὲν
715 814 845 881 ταῖς
899 813 1144 885 ἡμέραις
1200 816 1461 883 ἐκείναις
1510 817 1623 889 ἐγὼ

92 936 97 941 ο
154 909 317 978 Δανιὴλ
351 907 487 976 ἤμην
522 906 750 961 πενθῶν
791 906 945 975 τρεῖς
998 906 1327 976 ἑϐδομάδας
1368 908 1620 979 ἡμερῶν,

150 1004 283 1070 ἄρτον
318 997 605 1069 ἐπιθυμιῶν
643 1001 753 1053 οὐκ
806 998 1053 1070 ἔφαγον,
1118 1000 1218 1054 καὶ
1269 1000 1469 1069 κρέας,
1523 1004 1619 1056 καὶ

150 1090 266 1158 οἶνος
312 1094 403 1146 οὐκ
461 1089 736 1158 εἰσῆλθεν
800 1094 888 1158 είς
938 1092 1005 1145 τὸ
1069 1094 1262 1162 στόμα
1310 1111 1450 1163 μου,
1521 1095 1618 1147 καὶ

147 1184 335 1253 ἄλειμμα
370 1185 467 1237 οὐκ
506 1184 845 1253 ἠλειψάμην
890 1183 1002 1251 ἕως
1039 1185 1404 1253 πληρώσεως
1448 1186 1621 1256 τριῶν

146 1274 428 1344 ἑϐδομάδων·
461 1276 527 1329 ἐν
583 1274 769 1344 ἡμέρᾳ
826 1275 1073 1346 τετάρτῃ
1127 1277 1230 1331 τοῦ
1272 1278 1466 1347 μηνὸς
1510 1278 1619 1333 τοῦ

146 1366 314 1435 πρώτου
339 1368 885 1436 ὲταπεινορρόνησα,
911 1372 1093 1439 φησὶν,
1130 1371 1320 1425 εἴκοσι
1363 1372 1460 1424 καὶ
1473 1373 1620 1441 μίαν

145 1459 337 1529 ἡμέραν·
384 1460 658 1530 εὐχόμενος
704 1461 780 1532 τῷ
836 1462 954 1533 Θεῷ
992 1462 1070 1533 τῷ
1117 1462 1315 1527 ζῶντι,
1369 1463 1618 1517 ἁπαιτῶν

144 1548 389 1621 ταράὐτοῦ
418 1551 750 1621 ἀποκάλυψιν
789 1555 1105 1626 μυστηρίου·
1149 1556 1242 1607 καὶ
1271 1554 1333 1625 δὴ
1378 1555 1616 1619 ἀκούσας

140 1641 273 1710 Πατήρ
291 1641 543 1694 ἀπέστειλε
571 1642 752 1709 Λόγον
787 1644 918 1699 ἴδιον
953 1645 1362 1717 ἐνδεικνύμενος
1404 1646 1464 1699 τὸ
1490 1647 1617 1718 μέλ-

140 1729 200 1782 λον
219 1732 436 1804 ἀποϐῆναι
484 1734 546 1787 δι’
576 1736 760 1789 αὑτοῦ·
802 1736 896 1789 καὶ
939 1736 1004 1808 δὴ
1053 1738 1267 1806 ἐγένετο
1322 1740 1474 1811 παρὰ
1521 1740 1614 1793 τὸν

139 1825 310 1894 ποταμὸν
370 1827 452 1879 τὸν
512 1827 724 1897 μέγαν·
794 1828 899 1881 ἔδει
963 1830 1071 1901 γὰρ
1120 1832 1235 1883 ἐκεῖ
1292 1831 1383 1883 τὸν
1445 1832 1612 1885 Παίδα

135 1916 378 1981 δείκνυσθαι,
411 1921 533 1973 ὅπου
566 1922 663 1974 καὶ
691 1922 957 1993 ἁμαρτίας
980 1924 1195 1993 ἀφιέναι
1222 1924 1437 1995 ἤμελλε.

177 2008 318 2064 XXIV.
365 2012 463 2065 Καὶ
490 2008 629 2083 ῇρα,
692 2015 844 2087 φησὶ,
902 2015 1042 2082 τοὺς
1100 2017 1443 2085 ὀφθαλμούς
1470 2034 1609 2086 μου·
1646 2031 1652 2037 ·

134 2102 196 2153 κοί
237 2102 337 2156 ίδοὺ
386 2105 527 2173 ἀνὴρ
572 2105 969 2176 ἐνδεδυμένος
1008 2108 1249 2172 ,ϐαδδίνσ
1310 2110 1367 2162 ὲν
1419 2110 1515 2180 μὲν
1541 2113 1607 2181 τῇ

132 2191 263 2263 πρώτῃ
306 2195 513 2267 ὀπτασίᾳ
572 2197 771 2267 φησὶν,
842 2196 985 2252 Ἰδοὺ
1052 2199 1303 2269 ἅγγελος
1346 2199 1607 2267 Γαϐριὴλ

131 2282 508 2351 ἀπεσταλμένος·
543 2286 782 2339 ἐνταῦθα
830 2287 885 2341 δὲ
939 2288 1035 2359 οὐχ
1084 2289 1278 2353 οὕτως,
1328 2289 1463 2343 ἀλλὰ
1517 2291 1608 2343 τὸν

131 2372 269 2444 Κύριον
295 2378 399 2447 ὁρᾷ,
428 2378 578 2432 οὔπω
640 2379 737 2450 μὲν
779 2380 997 2445 τελείως
1032 2381 1313 2453 ἄνθρωπον
1335 2423 1348 2445 ,
1384 2384 1441 2434 ὲν
1477 2382 1606 2453 σχή-

132 2481 218 2531 ματι
263 2466 307 2519 δὲ
349 2469 627 2539 ἀνθρώπου
683 2472 1032 2542 φαινόμενον,
1086 2473 1269 2537 καθὼς
1294 2473 1462 2541 λέγει,
1508 2473 1608 2526 καὶ

127 2555 211 2609 ίόοὐ
234 2558 360 2627 ἀνὴρ
401 2561 799 2631 ἐνδεδυμένος
834 2564 1077 2628 βαδδίιέ·
1118 2566 1180 2618 τὸ
1206 2566 1314 2637 γὰρ
1364 2565 1605 2619 ποικίλον

125 2646 189 2714 τῆς
211 2648 409 2721 κλήσεως
444 2655 549 2706 τῶν
608 2656 959 2727 χαρισμάτων
990 2657 1333 2729 ἐνδεδυμένος
1364 2657 1603 2711 ποικίλον

122 2741 265 2806 χιτῶνα
298 2746 600 2816 μυστηρίων
631 2751 649 2770 '
680 2748 1037 2801 ἐπεδείκνυεν·
1093 2751 1174 2802 δτι
1222 2751 1284 2803 ὲκ
1337 2749 1605 2821 διαφόρων

121 2835 343 2902 χρωμάτων
372 2834 433 2909 ἦν
461 2842 899 2912 κατηρτισμένος
924 2843 951 2895 ό
982 2842 1250 2913 ίερατικὸς
1281 2841 1465 2913 χιτὼν,
1493 2842 1603 2895 τῶν

119 2926 305 2980 natan
326 2928 481 2984 ἐθνῶν
511 2930 818 3003 παρουσίαν
862 2932 1096 3004 Χριστοῦ
1133 2933 1599 3005 προσδεχομένων,

1725 554 1904 592 sarum
1935 538 2144 591 verbum
2168 539 2449 593 revelatum
2475 550 2550 593 est
2580 538 2785 592 Danieli
2812 550 3146 608 cognomento
3168 540 3298 594 Bal-

1725 642 1892 695 tasar,
1927 640 1975 683 et
2010 629 2220 683 verbum
2278 647 2477 693 verum,
2514 640 2564 683 et
2597 629 2853 699 fortitudo
2882 648 3093 701 magna,
3120 642 3167 685 et
3208 634 3293 686 in-

1726 721 2018 791 telligentia
2076 720 2203 773 data
2236 731 2314 775 est
2370 723 2471 792 ipsi
2510 723 2564 775 in
2599 722 2817 776 visione.
2870 721 2936 775 In
2975 724 3155 778 diebus
3183 724 3293 778 illis

1720 831 1812 884 ego
1844 814 2029 867 Daniel
2055 814 2291 886 lugebam
2322 825 2423 868 tres
2460 814 2812 868 hebdomadas
2838 815 3067 881 dierum,
3104 835 3291 887 panem

1721 904 2099 958 desideriorum
2128 922 2230 959 non
2266 906 2487 972 comedi,
2535 918 2584 959 et
2619 922 2741 959 caro
2782 914 2828 958 et
2864 909 3040 959 vinum
3073 924 3175 961 non
3204 911 3290 961 in-

1723 999 1974 1053 troierunt
2017 999 2070 1052 in
2103 1016 2158 1054 os
2209 1016 2402 1063 meum,
2454 1017 2612 1070 neque
2634 1008 2894 1070 unguento
2933 1011 3120 1054 unctus
3150 1018 3286 1068 sum,

1720 1091 1881 1144 donec
1910 1091 2295 1162 complerentur
2345 1088 2446 1147 tres
2486 1092 2850 1149 Itebdomades.
2883 1092 2950 1147 In
2992 1094 3076 1147 die
3099 1108 3288 1166 quarta

1722 1184 1910 1236 mensis
1946 1185 2104 1253 primi
2136 1184 2447 1237 humiliatus
2485 1202 2622 1253 sum,
2656 1184 2853 1255 inquit,
2898 1187 3083 1256 viginti
3105 1196 3153 1240 et
3185 1203 3286 1240 uno

1720 1275 1823 1339 die,
1859 1277 2157 1332 obsecrans
2190 1276 2359 1332 Deum
2388 1278 2683 1343 viventem,
2709 1288 2763 1331 et
2797 1287 2985 1348 petens
3019 1280 3085 1333 ab
3113 1295 3179 1333 eo
3203 1295 3289 1333 re-

1720 1365 2043 1421 velationem
2093 1368 2358 1438 mysterii.
2406 1366 2471 1421 Et
2512 1368 2756 1437 profecto
2800 1384 2922 1423 cum
2976 1370 3287 1425 exaudisset

1719 1451 1899 1520 Pater,
1952 1457 2103 1511 misit
2162 1457 2400 1512 Verbum
2450 1473 2631 1524 suum,
2687 1459 2977 1513 ostendens
3029 1460 3157 1528 quid
3190 1476 3285 1530 per

1719 1548 1898 1618 ipsum
1953 1553 2275 1601 eventurum
2335 1555 2498 1613 esset,
2541 1548 2703 1617 idque
2760 1546 2959 1602 factum
2990 1558 3072 1605 est
3114 1566 3283 1620 prope

1717 1638 1915 1693 ﬂumen
1977 1654 2268 1709 magnum;
2345 1640 2627 1709 oportebat
2679 1640 2823 1693 enim
2907 1641 2979 1696 ibi
3045 1640 3281 1697 Puerum

1716 1729 1950 1793 ostendi,
1982 1730 2072 1784 ubi
2096 1730 2258 1785 etiam
2293 1741 2517 1800 peccata
2552 1732 2876 1787 dimissurus
2900 1741 3037 1787 erat.

1789 1915 1981 1971 XXIV.
2019 1915 2087 1969 Et
2144 1916 2326 1980 levari,
2375 1916 2571 1987 inquit,
2628 1916 2805 1970 oculos
2853 1932 3028 1979 meos;
3086 1925 3137 1970 et
3168 1932 3282 1970 ecce

1716 2012 1794 2064 vir
1827 2012 2037 2064 vestitus
2093 2009 2307 2064 baddin.
2359 2010 2414 2063 In
2446 2010 2622 2079 prima
2669 2009 2883 2079 quidem
2937 2009 3145 2065 visione
3197 2009 3281 2063 in-

1714 2104 1855 2173 quit:
1881 2101 2013 2155 Ecce
2035 2102 2249 2172 angelus
2283 2098 2492 2154 Gabriel
2518 2101 2746 2164 missus;
2771 2099 2859 2154 hic
2891 2114 3019 2153 vero
3045 2114 3150 2153 non
3180 2100 3274 2165 ita,

1714 2196 1804 2249 sed
1861 2194 2149 2248 Dominum
2196 2194 2362 2259 videt,
2408 2208 2515 2247 non
2563 2192 2781 2263 quidem
2833 2191 3069 2262 perfecte
3102 2192 3277 2247 homi-

1716 2302 1861 2353 nem,
1894 2286 1986 2341 sed
2022 2286 2076 2339 in
2112 2285 2301 2340 habitu
2328 2284 2565 2340 hominis
2586 2294 2954 2354 apparentem,
2990 2285 3130 2340 sicut
3158 2283 3232 2339 ait
3259 2301 3273 2338 :

1714 2377 1783 2432 Et
1820 2395 1936 2432 ecce
1982 2379 2063 2434 vir
2110 2380 2325 2432 vestitus
2366 2377 2598 2441 buddin;
2626 2393 2749 2431 nam
2793 2377 3112 2432 varietatem
3142 2377 3274 2432 cha-

1710 2472 1993 2526 rismatum
2040 2470 2344 2526 vocationis
2374 2460 2612 2541 mystice
2658 2470 3017 2541 signiﬁcabat,
3053 2469 3273 2525 indutus

1710 2566 1893 2620 tunica
1924 2564 2218 2635 variegata.
2265 2563 2395 2618 Erat
2429 2564 2576 2618 enim
2634 2563 2984 2618 sacerdotalis
3013 2562 3178 2617 vestis
3207 2579 3271 2616 ex

1708 2656 1938 2712 diversis
1966 2656 2241 2712 coloribus
2270 2656 2615 2719 concinnata,
2667 2669 2792 2709 cum
2831 2652 3060 2709 diversa:
3087 2662 3271 2725 gentes

1705 2749 1996 2803 adventum
2026 2748 2228 2802 Christi
2260 2753 2655 2813 exspectarent,
2682 2754 2743 2800 ut
2771 2760 2836 2799 ex
2856 2745 3040 2799 multis
3072 2745 3270 2799 colori-

1704 2841 1809 2896 bus
1837 2838 2091 2910 componi
2122 2852 2426 2909 possemus.
2456 2835 2524 2890 Et
2560 2852 2706 2891 renes
2736 2836 2849 2906 ejus
2882 2836 3106 2890 accincti
3137 2853 3268 2891 auro

1706 2932 1892 3002 ophaz.

118 3019 174 3071 ἶνα
198 3022 367 3089 πολλοῖς
395 3025 650 3099 χρώμασι
677 3028 1098 3100 καταρτισθῖψαι
1125 3029 1455 3101 δυνηθῶμεν.
1503 3027 1611 3083 Καὶ
1645 3028 1683 3097 ἡ
1709 3026 1904 3097 ὀσφὺς
1926 3024 2111 3081 αὑτοῦ
2134 3022 2564 3094 περιεζωσμένη
2588 3022 2657 3075 ἐν
2682 3026 2912 3091 χρυσίῳ
2934 3016 3126 3092 (Μαάθ

160 3138 283 3198 XXV.
334 3146 399 3200 Τὸ
437 3148 493 3202 δὲ
542 3145 722 3217 ὠφὰζ
760 3149 981 3219 χρυσίον
1040 3149 1277 3222 καθαρὸν
1323 3150 1598 3221 σημαίνει,

1773 3147 1940 3204 XXV.
1982 3148 2167 3218 Ophaz
2208 3161 2339 3202 vero
2392 3161 2460 3201 ex
2513 3143 2739 3199 Hebrmo
2777 3144 2830 3196 in
2865 3143 3111 3199 Grrecum
3146 3159 3268 3199 ver-

117 3230 223 3283 τοῦτο
254 3235 306 3288 ὲκ
343 3238 433 3308 τῆς
488 3238 774 3311 Ἑϐραῖδος
817 3243 895 3305 είς
934 3240 1030 3312 τὴν
1053 3240 1327 3313 Ἑλληνίδα
1380 3258 1600 3313 μετατι-

112 3320 285 3391 θέμενον·
327 3329 568 3402 καθαράν
616 3333 667 3400 γ’
713 3328 804 3384 οὖν
854 3332 1287 3404 περιεζωσμένος
1316 3333 1442 3405 περὶ
1499 3333 1601 3404 τὴν

111 3414 224 3481 seu
244 3416 412 3491 ζώνην·
466 3424 682 3487 πάντας
736 3423 846 3496 γὰρ
893 3427 1041 3495 ἡμᾶς
1088 3425 1317 3496 ἤμελλεν
1346 3428 1375 3479 ὁ
1405 3426 1595 3495 ΛὸΥ⁰ς’

110 3508 194 3576 περὶ
231 3510 279 3563 τὸ
323 3513 510 3567 ἑαυτοῦ
575 3514 738 3584 σῶμα
791 3518 857 3587 τῇ
910 3515 1015 3586 ίδίᾳ
1065 3516 1251 3589 ἀγάπῃ
1299 3515 1374 3580 ὡς
1423 3514 1598 3585 ζώνην

110 3600 273 3667 σφίγξας
312 3605 591 3675 βαστάζειν
614 3624 625 3637 ·
662 3607 722 3660 τὸ
773 3606 931 3677 σῶμα
976 3606 1036 3659 τὸ
1061 3606 1259 3660 τέλειον
1304 3607 1467 3660 αὐτοῦ
1506 3603 1595 3679 ἦν,

104 3688 217 3756 ἡμεξ
240 3693 285 3745 δὲ
317 3695 445 3767 μέλη
477 3699 537 3751 ἐν
596 3696 673 3767 τῷ
725 3696 935 3767 σώματι
984 3696 1147 3750 αὑτοῦ
1175 3698 1464 3769 ήνωμένοι,
1505 3700 1598 3753 καὶ

105 3777 163 3827 ὑπ’
196 3783 329 3838 αὑτοῦ
373 3787 462 3840 τοῦ
522 3787 705 3855 Λόγου
737 3785 1149 3858 βασταζόμενοι.
1175 3788 1285 3843 Καὶ
1320 3787 1385 3842 τὸ
1428 3789 1598 3859 σῶμα

99 3870 231 3926 αὐτοῦ
252 3876 323 3943 ὡς
350 3879 619 3947 Θαρσεῖς·
668 3878 897 3951 Θαρσεῖς
938 3880 994 3933 δὲ
1023 3880 1382 3951 ἑρμηνεύεται
1416 3881 1596 3936 Αἰθίο-

98 3976 163 4024 πς
185 3966 293 4037 (68)-
330 3970 385 4024 τὸ
407 3972 515 4044 γὰρ
535 3972 972 4041 δυσεπίγνωστον
1001 3972 1162 4027 αὑτοῦ
1193 3973 1297 4045 ἤδη
1315 3976 1344 4027 ὁ
1380 3975 1593 4047 προφή-

94 4066 161 4123 τις
186 4050 642 4134 προκατήγγειλεν,
665 4065 738 4128 ὡς
768 4064 1018 4137 μελλήσει
1049 4064 1175 4120 ἐνσα
1185 4082 1309 4136 ρκος
1327 4070 1384 4122 ὲν
1407 4068 1595 4140 κόσμῳ

94 4152 240 4217 φανεὶς,
263 4156 689 4228 δυσεπίγνωστος
705 4159 919 4212 ἔσεσθαι.
947 4160 1179 4225 πολλοῖς.
1198 4161 1305 4216 Καὶ
1323 4161 1389 4217 τὸ
1406 4164 1592 4230 πρόσ-

91 4249 205 4291 ωπον
238 4246 405 4300 αὐτοῦ
449 4249 535 4315 ὡς
584 4248 885 4317 ἀστραπὴ,
920 4251 1015 4304 καὶ
1054 4253 1107 4304 ol
1141 4252 1433 4321 ὀφθαλμοὶ
1488 4254 1593 4306 αὐ-

90 4325 579 4405 τσῦώςλαμπάδες
630 4339 834 4406 πυρός·
868 4338 974 4391 ἔδει
1019 4339 1129 4412 γὰρ
1179 4340 1240 4394 τὸ
1293 4341 1587 4410 πυρῶδες,

88 4415 151 4468 καὶ
167 4426 374 4492 κριτικὸν
387 4429 480 4482 τοῦ
501 4428 679 4497 Λόγου
705 4430 1190 4501 προσημαίνεσθαι·
1217 4433 1303 4486 ἵνα
1322 4436 1435 4497 τοῖς
1458 4435 1587 4488 ἀσε-

1701 3257 1847 3308 sum,
1880 3256 2071 3295 aurum
2105 3254 2301 3309 purum
2334 3237 2622 3309 signiﬁcat.
2680 3236 2825 3292 Puro
2855 3238 3018 3308 igitur
3047 3237 3264 3308 cingulo

1699 3334 1843 3389 circa
1868 3348 2026 3388 renes
2050 3331 2326 3387 accinctus
2348 3339 2499 3397 erat;
2529 3347 2653 3385 nam
2677 3344 2867 3385 omnes
2896 3345 2998 3384 nos
3027 3327 3257 3384 Verbum

1699 3427 1841 3481 circa
1867 3441 2067 3496 corpus
2112 3440 2274 3481 suum
2319 3426 2590 3493 stringens
2648 3432 2906 3492 tanquam
2958 3422 3258 3493 cingulum.

1696 3520 1913 3589 prOpria
1970 3518 2237 3574 cbaritate
2287 3524 2629 3587 portaturum
2692 3526 2829 3570 erat.
2880 3515 3092 3585 Corpus
3142 3514 3261 3583 ejus

1696 3610 1990 3681 perfectum
2018 3621 2158 3672 erat.
2184 3624 2286 3664 nos
2329 3623 2461 3663 vero
2502 3607 2746 3661 membra
2783 3607 2835 3661 in
2866 3621 3093 3676 corpore
3140 3607 3261 3677 ejus

1696 3703 1857 3770 uniti,
1884 3713 1937 3758 et
1966 3703 2033 3757 ab
2088 3702 2206 3772 ipso
2252 3699 2431 3756 Verbo
2480 3700 2701 3771 portati.
2743 3697 2815 3753 Et
2865 3718 3050 3772 corpus
3106 3704 3258 3773 quasi

1700 3795 1957 3850 Tharsis:
2007 3793 2231 3850 Tharsis
2280 3810 2409 3850 vero
2432 3794 2836 3865 interpretando
2878 3804 3005 3851 sunt
3050 3794 3260 3849 Ethio-

1694 3903 1827 3959 pes;
1885 3886 2003 3957 ejus
2033 3900 2270 3955 namque
2319 3886 2682 3957 cognosmndi
2735 3886 3099 3941 dimcultatem
3138 3886 3250 3953 jam

1694 3979 1955 4052 propheta
2000 3976 2477 4048 praenuntiaverat,
2518 3975 2822 4047 (nimirum)
2870 3975 3015 4046 quod
3063 3975 3255 4029 Imma-

1693 4072 1864 4126 nitate
1896 4077 2172 4139 assumpta
2205 4068 2258 4122 in
2286 4067 2489 4122 mundo
2520 4082 2804 4137 apparens,
2846 4066 3031 4121 multis
3066 4066 3251 4134 aguitu

1692 4161 1923 4217 ditlicilis
1947 4170 2089 4217 esset
2117 4159 2357 4217 futurus.
2404 4159 2474 4213 Et
2523 4160 2682 4229 facies
2740 4160 2905 4229 ipsius
2956 4159 3115 4213 veluti
3146 4158 3252 4227 ful-

1692 4267 1809 4321 gur,
1838 4258 1886 4305 et
1917 4250 2055 4305 oculi
2105 4251 2272 4319 ipsius
2328 4258 2387 4303 ut
2436 4248 2706 4319 lampades
2756 4250 2911 4320 ignis.
2958 4247 3252 4319 Oportebat

1692 4342 1858 4407 enim,
1892 4350 1950 4397 ut
1972 4342 2481 4411 prtesigniticaretur
2518 4350 2760 4411 potestas
2800 4342 2955 4397 Verbi
2976 4342 3251 4410 iudicialis

1693 4444 1748 4489 et
1772 4449 2029 4500 exurens,
2054 4450 2158 4504 qua
2196 4433 2499 4506 (nimirum)
2534 4434 2716 4505 impiis
2756 4434 2934 4506 ignem
2977 4437 3119 4509 juste
3143 4436 3248 4490 im-

86 4505 165 4599 ίέῖι
190 4513 386 4583 δικαίως
416 4521 479 4573 τὸ
503 4519 619 4592 πῦρ
644 4522 962 4590 ἐπενέγκας,
1002 4522 1223 4588 τούτους
1255 4526 1581 4599 καταφλέξῃ.

1706 4530 1906 4585 nittens
1932 4531 2213 4586 comburet
2240 4544 2354 4586 eos.

128 4597 278 4661 XXVI.
307 4610 626 4683 Προσέθηκε
657 4611 711 4665 δὲ
761 4611 951 4681 λέγων.
1012 4614 1124 4668 Καὶ
1160 4618 1214 4669 οἱ
1260 4597 1583 4686 ,ϐραχίονες

77 4695 231 4763 αὐτοῦ,
255 4703 344 4757 καὶ
382 4709 437 4759 οἱ
466 4705 655 4773 πόδες
686 4707 871 4777 ὅμοιοι
904 4708 1109 4777 χαλκῷ
1138 4708 1470 4763 στιλϐῶντι·
1496 4712 1581 4764 ἵνα

78 4782 143 4853 τὴν
164 4791 355 4867 πρώτην
385 4798 497 4851 τῶν
531 4797 832 4872 ἀνθρώπων
887 4799 1096 4871 κλῆσιν,
1144 4802 1238 4855 καὶ
1281 4801 1379 4874 τὴν
1414 4802 1584 4857 δευτέ‹

75 4892 142 4941 ίαν
166 4883 245 4953 τὴν
274 4888 329 4955 ἐξ
356 4890 531 4943 ἐθνῶν
553 4890 744 4962 ὁμοίαν
780 4895 995 4965 σημανῇ
1016 4910 1029 4923 ·
1063 4895 1344 4948 Ἔσονται
1374 4894 1481 4965 γὰρ
1510 4894 1581 4950 τὰ

72 4966 243 5038 ὲἔσχατα
301 4980 381 5047 ὡς
433 4982 510 5035 τὰ
540 4982 757 5050 πρῶτα·
815 4982 978 5050 θήσω
1023 4984 1133 5056 γὰρ
1180 4984 1321 5052 τοὺς
1364 4985 1576 5055 ἄρχον-

66 5058 141 5125 τάς
160 5081 259 5122 σου
290 5072 369 5138 ὡς
398 5072 466 5126 τὸ
503 5074 605 5127 ἀπ’
642 5073 856 5144 ἀρχῆς,
903 5076 1001 5129 καί
1035 5075 1177 5143 τοὺς
1204 5077 1576 5148 ἡγουμένους

66 5162 148 5204 σου
172 5157 241 5223 ὠς
268 5160 332 5213 τὸ
393 5164 705 5233 πρότερον.
767 5166 877 5219 Καὶ
921 5168 958 5235 ἠ
1007 5166 1174 5238 φωνὴ
1231 5169 1447 5236 αὐτοῦ,
1497 5170 1577 5236 ὡς

62 5248 185 5317 φωνὴ
223 5252 404 5323 ὄχλου
444 5258 701 5313 πολλοῦ.
742 5259 946 5325 Πάντες
994 5260 1103 5334 γὰρ
1146 5263 1381 5337 σήμερον
1421 5267 1468 5318 οἱ
1499 5268 1577 5330 είς

62 5337 179 5393 αὑτὸν
226 5348 592 5416 πιστεύοντες,
645 5350 713 5405 τὰ
751 5350 906 5421 λόγια
960 5354 1323 5427 φθεγγόμεθα,
1376 5356 1452 5422 ὡς
1491 5357 1578 5411 διὰ

1753 4617 1941 4673 XXVI.
1976 4618 2187 4688 Adjecit
2210 4635 2360 4683 vero,
2392 4619 2648 4690 inquiens
2676 4639 2689 4676 :
2719 4619 2788 4675 Et
2816 4622 3033 4677 brae/tia
3057 4624 3245 4694 ipsius,

1682 4717 1731 4763 et
1760 4709 1913 4780 pedes
1936 4712 2133 4765 similes
2164 4712 2258 4765 ceri
2285 4712 2566 4776 candenti;
2613 4720 2673 4767 ut
2698 4712 2928 4783 primam
2961 4715 3246 4785 hominum

1682 4802 2044 4867 vocationem,
2074 4810 2129 4857 et
2155 4802 2379 4859 alteram
2434 4819 2499 4859 ex
2537 4807 2788 4878 gentibus
2821 4807 3053 4864 similem
3079 4806 3246 4876 signi-

1680 4893 1905 4950 ﬁcaret:
1936 4894 2107 4949 Erunt
2144 4895 2281 4948 enim
2321 4896 2604 4951 novissima
2632 4898 2767 4953 sicut
2800 4900 3023 4969 priora:
3051 4913 3243 4968 ponam

1676 4989 1815 5042 enim
1842 4989 2097 5058 principes
2125 4997 2239 5042 tuos
2267 4990 2404 5043 sicut
2433 4989 2496 5043 ab
2524 4991 2700 5054 initio,
2731 5000 2779 5045 et
2810 4990 2965 5045 duces
2997 5001 3112 5045 tuos
3133 4991 3241 5044 sic--

1676 5089 1733 5134 ut
1751 5082 1897 5151 prius
1914 5080 2124 5135 ".—Et
2141 5096 2237 5136 vox
2253 5083 2417 5152 ipsius
2448 5092 2505 5136 ut
2530 5099 2627 5137 vox
2653 5082 2817 5138 turba:
2832 5082 3092 5137 multa”.
3115 5079 3243 5136 0m-

1677 5188 1773 5229 nes
1794 5174 1937 5229 enim
1967 5188 2067 5229 nos
2093 5173 2373 5230 hodiernis
2422 5175 2633 5243 diebus,
2683 5178 2776 5247 qui
2806 5176 2860 5231 in
2899 5178 3075 5247 ipsum
3116 5189 3236 5230 cre-

1676 5265 1878 5334 dimus,
1933 5266 2153 5322 oracula
2204 5266 2499 5337 loquimur,
2540 5276 2798 5337 tanquam
2849 5281 2940 5337 per
2969 5282 3031 5322 os
3066 5264 3240 5335 ipsius

1626 5422 1632 5428 ,
1678 5357 1981 5428 loquentes,
2017 5374 2139 5430 quae
2169 5360 2237 5414 ab
2269 5360 2387 5429 ipso
2418 5360 2669 5415 mandata
2695 5367 2840 5415 sunt.

57 5428 267 5500 στὸματος
296 5439 469 5494 αὐτοῦ
499 5440 783 5509 λαλοῦντες
811 5445 879 5500 τὰ
905 5445 995 5501 ὑπ’
1026 5448 1189 5501 αὑτοῦ
1219 5450 1682 5521 προστεταγμένα.

114 5567 258 5630 "Isa.
300 5592 339 5643 ι,
369 5578 463 5632 27.
542 5581 587 5614 ⁸⁸
622 5583 708 5639 CI.
741 5586 908 5655 Apoc.
938 5602 1051 5655 XIX,
1084 5586 1137 5641 6.
1214 5590 1234 5612 ⁶
1256 5589 1601 5664 Μυστηριωδό

1710 5589 1814 5655 vel,
1848 5591 2143 5663 μυστικῶς.

82 5702 195 5793 ἰέίθθιι
221 5707 590 5793 VerisimiI-ius
621 5720 792 5793 multo
820 5719 1137 5793 Hippolytus
1167 5740 1363 5780 nomen
1410 5726 1572 5782 Thar-

75 5785 107 5823 ιι
130 5786 527 5851 Interpretatur,
548 5804 705 5858 quam
734 5790 787 5845 hi
810 5785 901 5862 qui
925 5785 1211 5850 'in'Tarso
1250 5795 1477 5865 Ciliciae,
1517 5809 1572 5855 et

1675 5724 2569 5806 alibiquterunt.‘Qrigenesidgm
2616 5728 2780 5806 aitjn
2832 5730 3047 5803 Lexico,
3089 5738 3237 5806 quod

1678 5796 2019 5855 Martianzeus
2042 5798 2211 5856 edidit
2241 5796 2307 5854 ex
2334 5796 2456 5854 cod.
2483 5797 2616 5875 Reg.
2642 5799 2803 5858 2282.
