3814 6198
502 384 606 444 359

1384 373 1459 452 _S.
1499 368 1858 427 IIIPPOLYTI
1898 366 2046 423 OPP.
2087 364 2267 421 PARS
2304 366 2340 420 ι.
2386 395 2454 404 —
2485 339 2894 418 EXEGETICA.
3574 358 3655 412 660

576 500 785 559 XXVII.
819 498 886 554 Et
915 506 1037 569 post
1068 511 1260 568 pauca,
1284 494 1417 550 dicit
1457 494 1522 548 ad
1561 493 1771 563 ipsum:
1818 489 2067 561 Nunquid

2245 485 2458 540 XXVII.
2506 487 2613 539 Kal
2649 485 2784 555 μετὰ
2817 482 3021 555 βραχέα
3072 481 3203 551 φησὶ
3241 479 3366 551 πρὸς
3410 478 3564 534 αὐτόν’
3608 485 3662 536 Εἰ

502 596 606 651 scis
654 608 816 662 quare
840 589 1063 644 venerim
1089 587 1157 642 ad
1184 588 1276 642 te?
1310 597 1359 640 et
1390 601 1527 640 nunc
1553 593 1803 648 revertar,
1832 574 1888 635 ut
1929 597 2066 651 prce-

501 684 599 742 lier
624 682 871 737 adversus
893 680 1182 750 principem
1219 677 1546 732 Persarum:
1591 685 1942 730 verumtamen
1970 689 2066 726 an-

502 775 781 840 nuntiabo,
825 772 966 844 quod
1022 786 1326 842 expressum
1374 777 1450 825 est
1490 770 1545 823 in
1582 766 1861 838 Scriptura
1885 767 2068 820 uerita-

503 869 607 931 tis;
654 877 704 921 et
728 881 876 920 nemo
895 874 972 919 est
997 864 1213 935 adjutor
1238 866 1293 919 in
1319 864 1423 931 his,
1447 863 1553 918 nisi
1573 859 1804 917 Michael
1826 860 2065 930 princeps

502 970 689 1024 uester,
712 967 762 1014 et
796 958 934 1013 hunc
966 956 1156 1028 reliqui
1191 956 1286 1011 ibi.
1339 954 1424 1010 Ex
1463 970 1564 1026 quo
1591 953 1731 1009 enim
1768 952 1853 1007 die
1875 951 2068 1005 dedisti

506 1050 695 1123 [aciem
722 1060 891 1109 tuam.
939 1060 997 1105 ut
1044 1057 1093 1102 te
1133 1048 1378 1118 afﬂigere;
1423 1048 1479 1101 in
1522 1055 1800 1117 conspectu
1852 1042 2067 1097 Domini

511 1141 605 1196 Dei
629 1142 728 1206 tui,
769 1141 1024 1198 exaudita
1069 1148 1145 1194 est
1176 1138 1475 1208 deprecatio
1498 1148 1612 1201 tua,
1651 1146 1705 1191 et
1736 1135 1927 1190 missus
1948 1151 2066 1189 sum

503 1247 617 1301 ego,
643 1241 700 1286 ut
720 1230 931 1302 praelier
951 1229 1199 1284 adversus
1236 1228 1523 1298 principem
1558 1224 1847 1281 Persarum
1872 1223 2067 1295 (quod-

503 1324 628 1379 dam
659 1323 804 1378 enim
835 1322 1124 1380 consilium
1172 1321 1370 1388 fuerat,
1406 1336 1473 1377 ne
1503 1321 1865 1376 dimitteretur
1894 1333 2067 1388 popu-

506 1415 645 1482 Ius);
678 1426 732 1468 ut
770 1415 934 1485 igitur
961 1415 1146 1483 petitio
1171 1426 1263 1467 tua
1282 1412 1520 1468 celeriter
1557 1412 1723 1482 ﬁeret,
1750 1411 1924 1467 restiti
1966 1410 2067 1480 ipsi

504 1523 618 1580 ego,
660 1518 709 1563 et
751 1507 938 1577 reliqui
962 1507 1036 1561 ibi
1074 1504 1321 1560 Michael.

575 1686 809 1741 XXVIII.
839 1685 906 1743 Et
938 1686 1063 1758 quis
1092 1697 1229 1753 erat,
1274 1686 1369 1759 qui
1394 1686 1741 1757 loquebatur,
1770 1684 1874 1740 nisi
1905 1697 2067 1752 ange-

2168 575 2335 648 οῒδας
2364 579 2422 631 τί
2457 575 2646 650 ἦλθον
2681 578 2828 643 πρὸς
2850 572 2923 628 σέ
2943 590 2962 637 ;
2986 573 3083 626 καὶ
3113 570 3228 625 νῦν
3256 568 3559 638 ἐπιστρέψω
3581 571 3663 624 τοῦ

2169 670 2507 740 πολεμῆσαι
2525 667 2676 738 μετὰ
2708 665 2995 739 ἄρχοντος
3022 661 3281 731 Περσῶν·
3312 661 3436 715 ἀλλ’
3457 660 3491 730 ἢ
3518 662 3664 731 ἀνατ-

2166 763 2321 836 τελῶ
2368 762 2436 816 τὸ
2491 758 2891 834 τετραμμένον
2924 757 2993 810 ἐν
3033 752 3243 824 Γραφῇ
3300 754 3568 821 ἀληθείας,
3588 757 3665 808 καί

2166 858 2278 911 οὐκ
2301 855 2472 909 ἐστιν
2486 852 2684 918 οὐδεὶς
2703 849 3095 919 ἀντεχόμενος
3116 844 3247 913 περὶ
3267 844 3493 910 τούτων,
3512 846 3665 915 ἀλλ’ἢ

2166 948 2412 1021 Μιχαὴλ
2460 946 2660 1016 ἄρχων
2719 942 2914 1014 ὑμῶν,
2976 941 3077 995 καὶ
3131 940 3341 993 τοῦτον
3400 936 3670 992 κατέλιπον

2165 1042 2309 1097 ἐκεῖ⁸
2359 1039 2461 1110 ἀφ’
2496 1034 2572 1109 ἧς
2602 1037 2713 1109 γὰρ
2770 1034 2992 1107 ἡμέρας
3028 1032 3254 1097 ἔδωκας
3294 1030 3357 1084 τὸ
3402 1030 3671 1098 πρόσωπόν

2165 1149 2283 1189 σου
2318 1128 2655 1199 κακωθῆναι
2696 1128 2972 1182 ἐναντίον
2999 1124 3224 1193 Κυρίου
3256 1121 3358 1176 τοῦ
3388 1121 3520 1177 Θεοῦ
3561 1140 3671 1185 σου,

2164 1224 2533 1294 είσηκούσθη
2564 1223 2604 1290 ἡ
2654 1219 2864 1289 δέησίς
2908 1234 3046 1285 σου,
3098 1215 3198 1270 καὶ
3227 1213 3550 1283 ἀπεστάλην
3584 1215 3673 1285 ἐγὼ

2164 1317 2272 1373 τοῦ
2313 1313 2655 1388 πολεμῆσαι
2703 1310 2855 1383 μετὰ
2901 1309 3194 1380 ἄρχοντος
3247 1305 3505 1376 Περσῶνο
3548 1305 3674 1379 βουλὴ

2165 1415 2275 1487 γάρ
2305 1430 2389 1478 τις
2435 1409 2676 1480 ἐγεγόνει
2693 1447 2709 1472 ,
2757 1407 2832 1479 μὴ
2889 1402 3238 1460 ἀποστέλλειν
3292 1402 3383 1456 τὸν
3428 1401 3557 1454 λαόν*
3596 1404 3675 1455 Ira

2164 1503 2278 1563 οὖν
2299 1505 2369 1560 ἐν
2398 1503 2564 1573 τάχει
2598 1499 2664 1555 τὸ
2704 1496 2926 1567 αῑτημά
2971 1512 3091 1552 σου
3145 1495 3399 1564 γένηται,
3426 1492 3675 1561 ἀντέστην

2164 1599 2353 1662 τούτῳ
2385 1594 2518 1666 ἐγὼ,
2546 1593 2643 1649 καὶ
2687 1589 3008 1645 κατέλιπον
3035 1587 3166 1643 ἐκεῖ
3194 1586 3446 1656 Μιχαὴλ.

2232 1687 2471 1745 XXVIII.
2495 1687 2602 1740 Kal
2627 1686 2713 1749 τίς
2735 1680 2803 1757 ἦν
2833 1685 2861 1736 ὁ
2886 1677 3085 1752 λέγων,
3111 1678 3226 1735 ἀλλ’
3249 1680 3329 1751 ἢὸ
3360 1679 3565 1749 ἄγγελος
3580 1680 3603 1731 ὁ
3618 1679 3677 1749 τῷ

507 1780 612 1843 lus,
646 1779 804 1848 cujus
825 1793 969 1832 curae
997 1778 1230 1848 populus
1273 1777 1804 1843 demandatus.erat,
1835 1776 1974 1831 sicut
1997 1775 2069 1829 ait

2180 1783 2281 1853 λαῷ
2300 1777 2732 1852 παραδεδομένος
2753 1776 2859 1842 ;ὼς
2885 1775 3035 1844 λέγει
3072 1775 3131 1827 ὲν
3167 1771 3246 1844 τῷ
3278 1772 3423 1842 νόμῳ
3446 1770 3673 1833 Μωῦσέος

506 1872 562 1927 iu
589 1844 909 1941 lege-Moysi
945 1887 960 1925 :
997 1844 1137 1923 'an
1178 1869 1457 1940 procedam
1506 1870 1790 1933 vobiscum,
1823 1867 1950 1937 quia
1975 1883 2069 1936 po-

2180 1844 2359 1945 )ιίμὴ
2380 1844 2657 1942 ’πορευθῶ
2678 1871 2806 1941 μεθ’
2841 1868 3006 1940 ὑμῶν
3029 1867 3131 1922 διὰ
3150 1866 3217 1920 τὸ
3240 1864 3342 1920 τὸν
3367 1863 3507 1919 λαὸν
3527 1866 3677 1928 σιλη-

491 1961 660 2030 ,ριιίιιε
699 1962 849 2016 dura:
876 1961 1088 2015 cervicis
1112 1970 1228 2026 est;
1271 1961 1361 2015 sed
1393 1960 1608 2032 angelus
1649 1975 1792 2012 meus
1812 1959 2067 2029 praecedet

506 2054 772 2109 vobiscum
827 2053 894 2108 ’⁸.
963 2052 1063 2109 Hic
1120 2054 1319 2110 restitit
1385 2054 1440 2108 in
1502 2051 1805 2107 diversorio
1860 2051 2065 2123 Moysi,

507 2148 726 2220 quando
780 2146 990 2205 ferebat
1033 2161 1263 2217 puerum
1332 2144 1775 2201 incircumcisum
1806 2144 1862 2199 in
1911 2142 2070 2216 Egy-

508 2252 705 2314 ptum:
746 2255 922 2311 neque
977 2239 1122 2294 enim
1166 2238 1250 2295 fas
1298 2248 1417 2295 erat
1467 2248 1529 2294 ut
1573 2237 1808 2309 Moyses,
1835 2238 2071 2309 quierat

508 2339 714 2407 legatus
751 2343 807 2390 et
853 2330 1119 2387 mediator
1172 2330 1327 2402 legis,
1363 2331 1567 2401 quique
1630 2337 1849 2400 patrum
1890 2327 2069 2385 I‘aadus

509 2427 888 2493 annuntiabat,
935 2424 1226 2480 adduceret
1274 2439 1501 2495 puerum
1555 2424 1958 2494 praeputiatum,
2003 2438 2071 2478 ne

507 2535 538 2574 a
560 2517 760 2589 populo
815 2514 1108 2569 haberetur
1146 2529 1246 2584 pro
1298 2512 1763 2584 pseudopropheta
1816 2522 1871 2568 et
1912 2512 2072 2569 sedu-

508 2622 676 2665 ctore.
720 2606 789 2667 Et
820 2622 977 2674 nunc,
1012 2605 1209 2676 inquit,
1262 2607 1535 2660 veritatem
1579 2605 1903 2659 annuntiabo
1945 2605 2059 2660 tibi.

509 2704 746 2760 Poterat.
763 2701 975 2758 Veritas
996 2699 1142 2759 aliud
1171 2698 1428 2771 quiddam
1457 2707 1652 2772 praeter
1671 2697 1951 2755 veritatem
1974 2712 2072 2752 an-

509 2796 759 2852 nuntiare
777 2796 800 2853 ?

578 2886 774 2943 XXIX.
816 2886 957 2943 Dicit
989 2887 1156 2959 igitur
1176 2886 1244 2942 ad
1272 2901 1397 2941 eum
1432 2903 1446 2938 :
1480 2882 1615 2938 Ecce
1653 2892 1757 2938 tres
1790 2898 1930 2953 reges
1954 2897 2073 2938 sur-

510 2990 627 3053 gent
653 2982 712 3035 in
743 2979 985 3043 Perside,
1024 2989 1073 3033 et
1103 2989 1325 3050 quartus
1357 2977 1619 3031 ditabitur
1656 2977 1839 3046 opibus
1869 2974 2072 3045 magnis

510 3089 666 3144 super
692 3088 889 3137 omnes,
921 3080 971 3125 et
1013 3086 1132 3125 cum
1166 3070 1447 3125 invaluerit
1472 3068 1671 3122 divitiis
1702 3068 1835 3130 suis,
1862 3066 2073 3120 invadet

510 3166 690 3220 omnia
713 3180 869 3235 regna
890 3160 1214 3217 ercorum.
1238 3160 1425 3232 Surget
1447 3176 1563 3215 uero
1586 3175 1677 3213 rex
1701 3160 1876 3230 fortis,
1911 3170 1961 3214 et
1981 3159 2076 3221 do-

513 3260 805 3313 minabitur
845 3264 1103 3327 potestate
1121 3253 1321 3317 .multa,
1353 3263 1404 3307 et
1441 3252 1600 3322 faciet
1640 3252 1777 3322 quod
1814 3253 2072 3321 placuerit

510 3353 578 3416 ei,
617 3360 665 3406 et
707 3365 826 3404 cum
862 3348 1064 3403 steterit
1096 3361 1311 3416 regnum
1339 3345 1473 3414 ejus,
1515 3354 1829 3408 conteretur,
1874 3354 1922 3397 et
1946 3343 2075 3397 divi-

512 3447 665 3498 detur
697 3443 755 3496 in
782 3442 1012 3511 quatuor
1040 3448 1214 3493 ventos
1246 3436 1381 3491 caeli.
1417 3434 1543 3491 Haec
1580 3434 1797 3505 quidem
1826 3434 1938 3505 jam
1981 3449 2076 3490 su-

514 3536 696 3605 perius
727 3531 1126 3597 enarravimus,
1163 3544 1289 3585 cum
1322 3528 1389 3584 de
1426 3536 1661 3598 quatuor
1690 3527 1878 3582 bestiis
1910 3527 2073 3581 verba

513 3626 778 3686 fecimus;
811 3623 906 3679 sed
944 3622 1206 3694 quoniam
1251 3619 1527 3690 Scriptura
1565 3634 1711 3675 nunc
1738 3633 1928 3673 rursus
1960 3617 2074 3688 (ea-

513 3716 661 3785 dem)
699 3716 953 3772 distincte
988 3712 1233 3784 exponit,
1267 3726 1493 3766 necesse
1531 3720 1616 3766 est
1641 3719 1700 3765 ut
1732 3725 1836 3765 nos
1858 3724 2076 3779 quoque

514 3809 583 3863 de
610 3808 678 3863 iis
697 3807 893 3862 iterum
924 3818 1232 3861 sermonem
1261 3803 1580 3867 habeamus,
1617 3816 1686 3857 ne
1737 3798 2074 3870 Scripturam

513 3901 745 3957 otiosam
777 3908 832 3954 et
864 3899 983 3954 sine
1008 3898 1387 3967 explanatione
1411 3895 1802 3962 relinquamus.

2163 1965 2544 2038 ροτράχηλον
2597 1960 2767 2017 εἶναι·
2815 1962 2951 2017 ἀλλ’
2989 1960 3029 2028 ἣ
3076 1962 3108 2014 ὀ
3139 1958 3387 2029 ἄγγελός
3426 1973 3532 2025 μου
3564 1970 3677 2021 προ-

2170 2055 2522 2123 πορεύσεται
2535 2052 2663 2123 μεθ’
2706 2050 2892 2122 ὑμῶν.
2925 2043 3096 2112 Οὗτος
3125 2047 3351 2118 ἀντέστη
3380 2047 3434 2099 ὲν
3455 2043 3524 2115 τῷ
3549 2057 3680 2097 κατα-

2169 2147 2366 2219 λύματι
2403 2145 2681 2211 Μωῡσέος,
2708 2143 2873 2215 ἡνίκα
2893 2140 3088 2213 ἔφερεν
3121 2136 3485 2210 ἀκροϐυστίαν,
3506 2135 3558 2188 τὸ
3582 2149 3680 2186 παι-

2169 2240 2306 2304 δίον,
2341 2241 2420 2304 είς
2463 2237 2561 2309 τὴν
2612 2236 2904 2306 Αἴγυπτον·
2963 2233 3026 2286 οὐ
3094 2230 3202 2303 γὰρ
3245 2225 3313 2301 ἦν
3350 2224 3565 2297 ἐφικτὸν,
3606 2222 3680 2276 τὸν

2172 2332 2503 2407 πρεσϐύτην,
2522 2333 2612 2389 καὶ
2625 2330 2846 2402 μεσίτην
2871 2327 3039 2398 νόμου
3051 2324 3337 2395 γενόμενον
3361 2316 3589 2379 Μωῦσέα,

2170 2406 2434 2496 διαθήκην
2464 2424 2710 2496 πατέρων
2725 2417 3183 2489 καταγγέλλοντα,
3200 2409 3485 2482 ἐπάγεσθαι
3511 2406 3679 2461 παιδίον

2172 2516 2523 2591 ἀκρόϐυστον·
2558 2516 2644 2568 ἵνα
2678 2512 2752 2585 μὴ
2783 2513 2858 2577 ὡς
2885 2509 3355 2582 ψευδοπροφήτης,
3399 2504 3485 2557 καὶ
3518 2499 3678 2591 πλάνος

2172 2581 2400 2679 νομισθῇ
2433 2602 2569 2660 εἶναι
2598 2581 2703 2658 ὐπδ
2732 2581 2824 2658 τοῦ
2873 2598 3024 2656 λαοῦ.
3069 2581 3178 2653 Kal
3209 2598 3342 2661 νῦν,
3390 2581 3679 2679 φησιν,ἀλῄε

2166 2671 2330 2750 θειαν
2366 2671 2670 2763 ἀναγγελῶ
2713 2705 2830 2744 σοι.
2874 2685 3126 2740 Ἔδύνατο
3178 2682 3213 2753 ἠ
3254 2678 3487 2750 Ἀλήθεια
3520 2671 3668 2745 ἕτερόν

2166 2801 2222 2839 τι
2244 2785 2393 2857 παρὰ
2423 2784 2522 2856 τὴν
2555 2781 2810 2853 ἀλήθειαν
2839 2775 3185 2846 άναγγεϊλαι;

2240 2856 2432 2933 XXIX.
2473 2876 2639 2947 Φησὶν
2669 2869 2760 2928 οὖν
2798 2870 2933 2943 πρὸς
2974 2868 3172 2922 αὐτόν·
3219 2862 3368 2920 Ἰδοὺ
3415 2859 3553 2929 τρεῖς
3583 2856 3672 2921 ,ϐα-

2173 2971 2366 3037 σιλεῖς
2393 2966 2839 3036 ἀναστήσονται
2866 2962 2937 3016 ἐν
2961 2959 3037 3028 τῇ
3064 2956 3327 3027 Περσίδι,
3352 2952 3442 3007 καί
3465 2954 3494 3006 d
3519 2948 3677 3015 τέταρο

2175 3082 2277 3131 τος
2308 3060 2636 3129 πλουτήσει
2665 3056 2931 3110 πλοῦτον
2960 3053 3158 3123 μέγαν
3185 3048 3333 3116 ὑπὲρ
3364 3044 3583 3107 πάντας,
3603 3037 3677 3091 καὶ

2176 3156 2324 3228 μετὰ
2353 3153 2418 3208 τὸ
2447 3148 2739 3221 κρατῆσαι
2766 3145 2952 3203 αὐτὸν
2976 3146 3084 3200 τοῦ
3119 3144 3381 3198 πλούτου
3402 3132 3682 3228 aeratia-

2181 3220 2585 3312 αναστήσεται
2612 3240 2836 3307 πάσαις
2860 3237 2988 3304 ταῖς
3009 3236 3360 3302 βασιλείαις
3383 3231 3491 3287 τῶν
3520 3220 3685 3312 Ἑλλιῆ

2176 3353 2327 3393 νων·
2374 3305 2473 3390 καὶ
2514 3305 2917 3398 ἀναστήσεται
2960 3324 3266 3392 ,βασιλεὺς
3311 3313 3562 3378 δυνατὸς,
3607 3305 3683 3360 καὶ

2178 3429 2474 3499 κυριεύσει
2514 3425 2755 3494 κυρείας
2780 3420 3035 3489 πολλῆς,
3065 3417 3172 3472 καὶ
3216 3411 3445 3479 ποιήσει
3481 3400 3606 3500 κατὰ
3633 3398 3683 3500 τὸ

2179 3496 2405 3591 θέλημα
2434 3517 2640 3583 αὑτοῦ,
2678 3517 2774 3571 καὶ
2800 3516 2879 3582 ὡς
2904 3513 2980 3567 ἂν
3006 3509 3132 3579 στῇ
3161 3511 3200 3577 ὴ
3224 3496 3683 3591 ,βασιλείαλαίηοῡν

2179 3580 2657 3682 συντριϐήσεται,
2705 3606 2805 3661 καὶ
2845 3580 3284 3674 διαιρεθήσεται
3317 3598 3396 3660 εἰς
3432 3589 3557 3682 τους
3583 3580 3687 3682 τέσ-

2181 3678 2371 3775 σαράς
2397 3701 2655 3772 ἀνέμους
2683 3699 2787 3753 τοῦ
2813 3694 3095 3766 οὐρανοῦ.
3135 3691 3317 3746 Ταῦτα
3349 3686 3441 3758 μὲν
3465 3680 3552 3775 ἤδη

2178 3767 2321 3868 τέρω
2342 3767 2737 3868 διηγηῖτάμεθα,
2767 3789 2931 3862 ἡνίκα
2959 3788 3085 3858 περὶ
3106 3785 3218 3840 τῶν
3234 3781 3497 3850 τεσσάρων
3524 3767 3686 3868 01:19th

2181 3860 2336 3958 Idyma
2366 3860 2718 3957 ἐποιούμεθα·
2763 3860 2875 3935 ἀλλ’
2905 3879 3090 3949 ἐπειδὴ
3134 3874 3341 3937 λεπτῶς
3370 3871 3402 3941 ἡ
3430 3860 3593 3958 Γραφὴ
3614 3860 3686 3958 νῦν

1834 3980 2083 4053 δευτέρου
2117 3980 2208 4035 τδν
2245 3944 2397 4049 λόγον
2439 3944 2724 4039 πιεὲσθαι,
2770 3974 2855 4027 ἴνα
2907 3971 2980 4044 μὴ
3025 3944 3202 4040 ἀργὴν
3241 3964 3337 4035 τὴν
3366 3953 3582 4031 Γραφὴν,
3613 3944 3686 4001 καὶ

513 4092 896 4151 ἀναπόδεικτον
930 4087 1334 4156 καταλίπωμεν.

584 4185 755 4241 XXX.
795 4184 979 4238 Adhuc
1015 4192 1117 4234 tres
1157 4194 1318 4253 reges,
1351 4176 1549 4246 Inquit,
1595 4183 1805 4244 surgent
1842 4176 1898 4228 in
1947 4173 2078 4228 Per-

515 4277 649 4342 side,
680 4283 730 4330 et
765 4281 985 4342 quartus
1029 4268 1290 4325 dilabitur
1318 4265 1500 4337 opibus
1539 4264 1747 4330 nimiis;
1784 4263 1976 4335 (quod)
1999 4263 2081 4319 fa.

2251 4168 2421 4224 XXX.
2441 4169 2570 4221 Ἔτι
2585 4162 2740 4234 ⁴ερεῒς
2760 4158 3061 4227 βασιλεῖς,
3102 4146 3687 4229 φησὶν,ἀναστήσονται

2181 4263 2250 4317 ἐν
2275 4259 2349 4330 τῇ
2366 4255 2629 4327 Περσίδι,
2646 4254 2747 4310 καὶ
2773 4257 2805 4309 ό
2830 4252 3106 4321 τέταρτος
3120 4244 3443 4313 πλουτήσει
3468 4236 3689 4330 πλοῦτον

518 4379 666 4425 clum
702 4374 819 4433 est;
856 4377 1093 4433 namque
1139 4369 1263 4431 post
1301 4358 1523 4430 Cyrum,
1578 4356 1812 4412 surrexit
1859 4354 2074 4421 Darius,

2384 4368 2397 4382 '
2425 4349 2728 4420 γεγένηται’
2765 4344 2901 4418 μετὰ
2926 4344 3036 4415 γὰρ
3055 4341 3238 4414 Κῦρον
3265 4338 3453 4405 ἀνέστη
3480 4329 3685 4455 Ampio?

2187 4443 2209 4455 -
2429 4442 2442 4455 .
2463 4443 2478 4455 .
2601 4438 2650 4455 ,,
2698 4437 2721 4455 ,
2806 4454 2813 4455 γ
2868 4438 3009 4455 “AL
3056 4429 3189 4455 _,,___
3236 4429 3530 4455 mulum”.
3622 4433 3685 4455 Μ-

516 4460 712 4516 deinde
744 4458 1096 4512 Artaxerxes.
1134 4453 1270 4508 Tres
1317 4451 1372 4505 bi
1421 4449 1642 4504 fuerunt
1689 4462 1874 4521 reges;
1930 4463 2080 4503 com-

517 4553 661 4624 pleta
686 4557 771 4606 est
796 4547 1096 4617 Scriptura.
1142 4544 1212 4601 Et
1252 4553 1472 4616 quartus
1502 4540 1761 4597 dilabitur
1791 4542 1974 4612 opibus
2004 4541 2086 4595 ni-

520 4643 644 4697 miis
674 4655 694 4694 :
728 4638 854 4710 quis
896 4638 1003 4703 hic,
1040 4637 1143 4692 nisi
1188 4636 1402 4702 Darius,
1444 4634 1536 4704 qui
1571 4633 1838 4705 regnavit,
1879 4640 1934 4688 et
1956 4632 2085 4704 glo-

521 4735 660 4789 riam
695 4718 980 4787 assecutus
1001 4741 1105 4796 est,
1140 4728 1343 4801 quique
1368 4726 1571 4784 divitiis
1601 4726 1916 4792 abundavit,
1949 4733 2003 4779 et
2027 4726 2084 4779 in

527 4825 778 4880 universa
804 4820 1115 4877 Graecorum
1139 4833 1304 4889 regna
1328 4817 1656 4874 insurrexit?
1683 4815 1821 4871 Huic
1851 4814 2087 4871 occurrit

523 4914 826 4971 Alexander
847 4912 1087 4978 Macedo,
1111 4911 1339 4981 ejusque
1360 4925 1586 4981 regnum
1617 4908 1902 4965 destruxit.
1928 4906 2085 4961 Post-

522 5024 685 5080 quam
718 5017 898 5063 autem
929 5007 1017 5061 hic
1043 5004 1240 5060 Persas
1274 5003 1603 5073 subjugavit,
1640 5002 1811 5072 ipsius
1858 5015 2083 5071 regnum

521 5102 579 5159 in
624 5112 859 5173 quatuor
892 5107 1082 5154 ventos
1121 5096 1243 5153 caeli
1287 5095 1521 5150 divisum
1551 5105 1669 5162 est;
1699 5109 1729 5149 e
1763 5092 1901 5148 vivis
1939 5092 2084 5147 enim

519 5195 788 5251 excedens
835 5190 1139 5249 Alexander
1178 5203 1404 5261 regnum
1437 5202 1596 5244 suum
1628 5187 1684 5241 in
1715 5196 1948 5257 quatuor
1973 5183 2085 5239 dis-

523 5288 715 5344 tribuit
747 5288 1106 5358 principatus.
1159 5282 1227 5337 Et
1256 5292 1429 5357 surget
1454 5297 1567 5348 rex,
1596 5290 1646 5336 et
1673 5280 1891 5339 intrabit
1914 5280 2087 5337 muni-

523 5380 691 5431 tiones
722 5378 857 5446 regis
883 5376 1124 5448 ngypti.

599 5555 794 5610 XXXI.
834 5557 1137 5613 Antiochus
1173 5557 1317 5612 enim
1353 5571 1446 5611 rex
1477 5554 1647 5627 Syriae
1678 5552 1816 5619 fuit;
1844 5554 1934 5609 hic
1960 5568 2089 5609 cen-

529 5650 724 5707 tesimo
751 5659 807 5704 et
834 5650 1067 5719 septimo
1099 5664 1244 5703 anno
1270 5650 1419 5718 regni
1453 5648 1766 5704 Graecorum
1801 5647 2089 5715 imperium

599 5738 645 5780 *⁸
676 5736 845 5792 Exod.
874 5753 1059 5800 xxxii,
1079 5737 1146 5790 54
1171 5755 1184 5802 ;
1212 5753 1402 5802 xxxm,
1433 5739 1484 5793 ’5.

2185 4419 2372 4496 ἔπειτα
2429 4419 2816 4512 ’Ἀρταξέρξης
2862 4438 3011 4509 τρεῖς
3049 4429 3194 4488 οὗτοι
3235 4429 3533 4501 γεγένηνται
3563 4419 3687 4490 βασι-

2187 4537 2296 4601 λεῖς
2315 4553 2329 4569 ο
2365 4532 2713 4605 πεπλήρωται
2741 4533 2777 4601 ἠ
2809 4529 3019 4602 Γραφή.
3050 4527 3161 4581 Kal
3191 4529 3223 4579 ό
3254 4522 3516 4589 τέταρτος
3537 4514 3687 4605 πλουῇ

2186 4629 2356 4697 τήσει
2387 4604 2652 4684 πλοῦτον
2673 4625 2896 4696 μέγαν·
2930 4621 3015 4685 τίς
3052 4615 3207 4683 οὗτος
3252 4617 3359 4672 ἀλλ’
3391 4613 3423 4684 ἢ
3456 4604 3687 4697 Δαρεῖοςθ

2190 4695 2527 4794 βασιλεύσας,
2560 4720 2655 4773 καὶ
2678 4695 2888 4784 ἔνδοξος
2915 4713 3184 4784 γενηθεὶς,
3214 4710 3272 4776 ὃς
3301 4706 3591 4774 ἐπλούτησε,
3616 4695 3684 4797 καῖ

2188 4813 2455 4882 ἐπανέστη
2478 4812 2677 4873 πάσαις
2700 4810 2819 4871 ταῖς
2849 4804 3141 4877 βασιλείαις
3162 4801 3268 4855 τῶν
3311 4797 3574 4866 Ἑλλήνων·
3594 4802 3689 4882 τους

2189 4923 2267 4976 τῳ
2296 4874 2563 4974 ἐπανέστη
2611 4874 2949 4970 Ἀλέξανδρος
2984 4900 3013 4952 ὁ
3045 4893 3326 4959 Μακεδὼν,
3354 4890 3410 4952 ὃς
3436 4874 3688 4974 διαιθεῖλεῖὸ

2191 4998 2355 5055 αὐτοῦ
2399 4998 2687 5069 βασίλειον,
2730 4995 2825 5050 καὶ
2863 4991 2999 5064 μετὰ
3034 4989 3095 5043 τὸ
3134 4984 3390 5048 ὑποτάξαι
3426 4977 3565 5034 αὑτὸν
3589 4984 3688 5029 τους

2192 5092 2427 5165 Πέρσας,
2450 5087 2671 5162 διῃρέθη
2695 5089 2727 5159 ή
2746 5085 2934 5140 τούτου
2960 5081 3203 5155 βασιλεία
3231 5082 3309 5142 εἰς
3330 5077 3446 5138 τοὺς
3466 5070 3689 5165 τέσσαρας

2189 5155 2425 5255 ἀνέμους
2456 5155 2554 5236 τεὶὲὶ
2590 5155 2818 5252 οὐρανοῦ
2836 5195 2850 5208 ·
2896 5174 3159 5230 τελευτῶν
3198 5171 3305 5243 γὰρ
3334 5171 3361 5222 6
3398 5155 3688 5255 Ἀλὲ-ξανδξῗξ

2189 5240 2349 5333 διεῖλε
2380 5240 2479 5349 τὴν
2507 5240 2779 5347 βασιλείαν
2800 5266 2962 5325 αὐτοῦ
2991 5269 3071 5331 είς
3097 5240 3364 5334 τέσσαρας
3390 5252 3561 5328 ἀρχάς·
3581 5240 3687 5349 (6⁸⁵)

2190 5371 2303 5425 Καὶ
2334 5339 2737 5434 ἀναστήσεται
2761 5361 3078 5431 βασιλεὺς,
3106 5359 3202 5414 καὶ
3230 5351 3601 5411 εἰσελεύσεται
3621 5339 3687 5401 εις

2192 5464 2266 5520 τὰ
2296 5462 2786 5532 ὐποστηρὶγματα
2808 5456 3112 5527 ,ϐασιλέως
3134 5452 3436 5522 Αἰγύπτου.

2264 5554 2453 5613 xxxx.
2509 5530 2774 5626 ’Ᾰντίοχος
2803 5554 2911 5626 γὰρ
2934 5550 3220 5622 γεγένηται
3247 5546 3338 5615 τῆς
3365 5537 3541 5611 Συρίας
3556 5530 3687 5626 ἔφεπ’

2195 5647 2347 5711 λεύς·
2406 5640 2556 5712 οὗτος
2620 5619 2959 5701 ἐϐασίλευσεν
3005 5619 3062 5698 έν
3107 5619 3368 5705 έκατοστῷ
3406 5630 3490 5685 καὶ
3517 5619 3675 5690 ἐϐδόμυ

601 5834 736 5910 (138‘)
772 5832 897 5906 Quae
929 5840 1227 5908 sequuntur
1258 5833 1451 5890 melius
1473 5834 1629 5890 initio
1664 5832 1982 5907 paragrapbi
2015 5836 2291 5907 sequentis
2332 5833 2742 5891 collocarentur.
