3814 6198
491 274 600 333 665

1379 274 1437 331 S.
1475 270 1830 331 IIIPPOLYTI
1863 269 2011 328 OPP.
2051 237 2230 323 PAIIS
2265 264 2306 319 1.
2337 297 2403 309 --
2439 261 2843 320 EXECE'I’ICA.
3549 265 3630 322 66$

499 397 688 464 hellet,
710 413 818 469 quo
843 407 1083 471 tempore
1108 398 1275 455 Judas
1303 406 1425 468 post
1462 396 1669 452 obitum
1695 394 1931 450 Matthiae
1959 407 2039 462 po

2151 387 2497 459 ἐκπολεμήσῃ
2526 385 2653 448 τοὺς
2696 379 3010 446 Ἰουδαίους,’
3032 380 3188 451 ήνίκα
3218 380 3402 445 Ἰούδας
3431 384 3545 452 μετὰ
3561 386 3636 457 τὴν

494 490 606 559 puli
655 491 1012 562 principatum
1057 488 1351 554 obtinebat,
1395 496 1450 542 et
1489 495 1680 543 caetera
1721 484 1800 540 uti
1846 482 2045 553 scripta

493 589 622 634 sunt
645 581 698 636 in
729 581 868 638 libro
886 581 1338 637 Machabaeorum.
1365 577 1459 633 IIis
1479 577 1732 648 peractis,
1754 575 1830 629 ait
1855 589 2047 630 rursus

494 673 770 743 Scriptura
800 693 813 729 :
841 672 912 728 Et
943 686 1114 744 surget
1139 672 1278 727 alius
1311 686 1424 735 rex,
1447 680 1494 724 et
1523 670 1608 722 hic
1634 667 1935 739 praevalebit
1957 683 2048 720 su-

491 782 582 836 per
616 775 841 829 terram;
873 775 924 821 et
942 775 1116 838 surget
1138 781 1231 820 rex
1260 765 1465 829 Austri,
1487 773 1535 820 et
1560 761 1730 834 ﬁliam
1761 760 1875 831 ejus
1904 760 2046 814 acci-

489 861 591 928 piet
623 875 856 915 uxorem.

557 1039 794 1094 XXXVI.
836 1039 1082 1112 Insurget
1129 1040 1271 1095 enim
1318 1039 1541 1112 quidam
1586 1039 1890 1096 Alexander
1913 1038 2044 1094 Phi-

489 1131 616 1200 lippi
654 1132 819 1195 ﬁlius,
866 1133 960 1202 qui
1005 1148 1104 1188 suo
1155 1141 1396 1202 tempore
1434 1142 1587 1188 stans
1628 1141 1821 1190 contra
1851 1133 2044 1188 Antio-

489 1223 673 1289 chum,
698 1224 887 1294 prmlio
905 1223 1037 1279 inito
1057 1225 1230 1294 ipsum
1261 1224 1530 1293 interﬁcit,
1557 1233 1613 1279 et
1634 1239 1800 1295 regno
1819 1225 2041 1295 potitur.

489 1312 642 1369 Tunc
667 1317 829 1369 mittit
861 1318 927 1370 ad
948 1315 1296 1371 Ptolemazum
1327 1315 1545 1390 Egypti
1581 1332 1785 1386 regem,
1816 1317 2042 1373 dicens:

490 1405 566 1461 Da
600 1408 728 1461 mihi
758 1407 922 1463 ﬁliam
954 1419 1100 1462 tuam
1135 1407 1474 1478 Cleopatram
1516 1424 1778 1476 uxorem;
1815 1424 2047 1480 eamque

487 1492 794 1550 Alexandro
834 1496 1029 1564 nuptui
1070 1496 1194 1562 dat;
1236 1497 1558 1567 adimpletur
1589 1498 1888 1570 Scriptura,
1921 1516 2044 1556 cum

488 1585 660 1639 dicit:
702 1585 763 1640 Et
803 1587 1021 1656 accipiet
1056 1586 1227 1656 ﬁliam
1283 1588 1395 1657 ejus
1428 1590 1482 1643 in
1516 1606 1766 1655 uxorem;
1807 1591 1901 1646 sed
1927 1592 2041 1647 ait:

487 1673 559 1731 Et
588 1689 878 1748 corrumpet
902 1697 1035 1746 eum,
1066 1690 1114 1734 et
1143 1659 1244 1734 non
1270 1681 1368 1736 erit
1391 1680 1503 1750 ejus
1530 1698 1684 1737 uxor.
1708 1682 1846 1739 Vere
1867 1697 1920 1740 et
1943 1685 2046 1740 hoc

2147 480 2396 552 τελευτὴν
2411 477 2653 534 Ματθίου
2675 472 2812 548 ἦρχε
2836 474 2929 529 τοῦ
2954 474 3103 539 λαοῦ,
3129 473 3221 528 καὶ
3246 474 3309 528 τὰ
3334 473 3463 546 ἑξῆς,
3487 474 3549 541 ὡς
3565 477 3638 545 γέ.

2145 589 2388 646 γραπται
2410 572 2466 624 ἐν
2487 569 2563 642 τῷ
2578 566 2972 640 Μακκαϐαῖκῷ·
2992 566 3190 620 τούτων
3211 565 3505 638 γενομένων,
3524 569 3642 639 λέγει

2145 665 2306 721 πάλιν
2339 665 2373 736 ή
2403 663 2590 735 Γραφή
2612 679 2625 693 ·
2662 661 2772 716 Kal
2805 658 3276 726 ἐπαναστήσεται
3304 658 3482 726 ἕτερος
3497 662 3644 725 βασι.

2143 757 2309 826 λεὺς,
2338 757 2438 813 καί
2460 752 2636 823 οὗτος
2657 753 3006 822 κατισχύσει
3031 751 3128 806 ἐπὶ
3151 751 3254 821 τῆς
3281 751 3384 822 γῆς
3400 769 3413 782 ⁸
3438 752 3520 808 καί
3538 754 3646 808 ἐπα-

2144 848 2509 916 ναστήσεται
2535 845 2836 913 βασιλεὺς
2863 844 2966 899 τοῦ
2997 845 3211 908 Νότου,
3243 844 3339 897 καί
3364 862 3423 914 γε
3448 844 3544 912 τὴν
3563 851 3643 903 θυ-

2144 941 2360 1012 γατέρα
2384 939 2570 995 αὐτοῦ
2597 937 2856 1008 λήψεται
2880 939 2966 1003 είς
2994 936 3262 1008 γυναῖκα.

2214 1031 2456 1087 XXXVI.
2498 1032 2711 1086 Γίνεται
2743 1031 2850 1104 γάρ
2883 1046 3006 1084 τινα
3047 1027 3378 1099 Ἀλέξανδρον
3407 1029 3650 1100 ἀναστῆναι

2146 1124 2259 1178 υίδν
2285 1123 2550 1178 Φιλίππου
2573 1123 2710 1195 (70),
2741 1117 2894 1186 οὗτος
2926 1120 3066 1176 κατὰ
3091 1120 3178 1173 τὸν
3198 1120 3376 1191 καιρὸν
3396 1123 3650 1202 ἐπαναστή-

2146 1233 2296 1270 σεται
2340 1217 2598 1287 Ἀντιόχῳ
2626 1213 2758 1287 (71),
2794 1215 2887 1268 καὶ
2919 1213 3234 1284 πολεμήσας
3277 1212 3428 1266 αὐτὸν
3465 1213 3651 1284 ἀναιρεῖ,

2145 1311 2336 1384 κρατεῖ
2360 1310 2417 1364 δὲ
2445 1311 2544 1381 τῆς
2577 1308 2850 1379 βασιλείας
2868 1324 2880 1336 ·
2913 1306 3038 1359 τότε
3064 1304 3370 1358 ἀποστέλλει
3402 1306 3521 1376 πρὸς
3548 1309 3654 1361 Πτο-

2145 1401 2368 1474 λεμαῖον
2399 1402 2490 1455 τὸν
2527 1400 2750 1472 βασιλέα
2787 1397 3083 1467 Αἰγύπτου,
3130 1397 3330 1467 λέγων’
3354 1398 3444 1461 Δός
3476 1417 3551 1469 μοι
3577 1399 3654 1470 τὴν

2145 1492 2420 1565 θυρατέρα
2452 1509 2544 1546 σου
2583 1491 2940 1561 Κλεοπάτραν
2969 1490 3051 1552 εἰς
3094 1492 3339 1558 γυναῖκα·
3385 1489 3472 1542 καὶ
3511 1489 3654 1543 δίδωσι

2143 1585 2221 1657 τῷ
2258 1583 2583 1657 Ἀλεξάνδρῳ
2603 1584 2684 1648 εἰς
2708 1583 2941 1652 γυναῖκα
2961 1596 2976 1610 ’
3015 1579 3314 1652 πληροῦται
3349 1580 3381 1650 ή
3415 1580 3580 1650 Γραφῇ
3599 1582 3657 1644 ὡς

2145 1678 2322 1747 λέγει·
2363 1677 2472 1734 Καί
2504 1675 2765 1745 λήψεται
2802 1675 2916 1744 τὴν
2953 1672 3246 1746 θυγατέρα
3281 1670 3452 1725 αὑτοῦ
3479 1673 3553 1737 εὶς
3581 1691 3659 1740 γυ-

488 1767 836 1838 adimpletum
865 1781 978 1839 est;
1024 1788 1148 1827 cum
1183 1773 1329 1828 enim
1373 1774 1474 1844 ipsi
1507 1773 1827 1832 Ptolemaeus
1867 1777 2034 1832 ﬁliam

2145 1757 2545 1838 raisew‘léyst
2577 1768 2667 1821 δέ·
2712 1768 2824 1824 Kal
2866 1765 3180 1837 διαφθερεῖ
3212 1764 3414 1833 αὐτὴν,
3452 1764 3538 1817 καί
3574 1766 3659 1817 οὐκ

487 1875 640 1915 suam
672 1860 928 1930 dedisset,
964 1875 1258 1931 revertens,
1294 1875 1348 1921 et
1375 1883 1599 1936 regnum
1619 1869 1910 1924 Alexandri
1934 1871 2046 1942 glo-

489 1951 693 2007 riosum
733 1961 788 2007 et
823 1954 1177 2011 admiratione
1211 1958 1434 2029 dignum
1485 1960 1849 2031 conspiciens,
1884 1963 2047 2035 hujus

485 2044 754 2100 desiderio
783 2056 992 2116 captus,
1029 2049 1255 2104 subdole
1285 2065 1407 2105 cum
1445 2051 1751 2108 Alexandro
1775 2055 1938 2111 verba
1968 2057 2048 2110 I'a-

485 2136 685 2204 ciebat,
707 2139 1159 2208 quemadmodum
1187 2141 1264 2196 ait
1285 2141 1561 2214 Scriptura
1591 2164 1605 2199 :
1634 2145 1703 2200 Et
1722 2147 1791 2201 ad
1816 2166 2045 2204 mensam

485 2228 815 2282 mendacium
853 2231 1128 2301 loquentur
1172 2236 1277 2289 duo
1321 2253 1484 2307 reges.
1529 2238 1609 2293 Ac
1634 2255 1766 2295 sane
1795 2257 2045 2298 reversus

484 2318 806 2376 Ptolemmus
836 2321 890 2376 in
921 2322 1236 2396 Egyptum,
1285 2344 1408 2384 cum
1443 2329 1711 2400 ingentem
1748 2335 2043 2390 exercitum

484 2420 874 2480 comparasset,
910 2415 1098 2469 urbem
1142 2415 1359 2484 invasit,
1387 2434 1496 2489 quo
1531 2430 1770 2491 tempore
1809 2422 2044 2479 Alexan-

485 2501 580 2558 der
607 2501 883 2574 profectus
912 2505 1086 2562 fuerat
1117 2508 1170 2562 in
1197 2509 1464 2564 Ciliciam.

552 2655 813 2714 XXXVII.
855 2659 1219 2728 Quamobrem
1258 2681 1383 2720 cum
1415 2667 1690 2737 regionem
1721 2667 2042 2726 Ptolemaeus

487 2747 782 2816 invaderet,
812 2752 1061 2820 praesidia
1101 2769 1196 2824 per
1233 2756 1395 2812 urbes
1432 2757 1720 2829 disposuit,
1749 2759 2044 2832 Iudaeaque

485 2849 766 2908 occupata,
806 2841 872 2895 ad
901 2842 1064 2898 ﬁliam
1099 2846 1180 2900 ire
1207 2847 1460 2916 perrexit,
1499 2864 1564 2905 ac
1600 2850 1807 2906 litteras
1841 2853 1907 2907 ad
1935 2851 2042 2908 De-

486 2931 739 2986 metrium
769 2932 824 2986 in
853 2933 1046 2992 insulis
1086 2937 1255 3004 misit,
1293 2937 1514 2996 dicens:
1547 2941 1833 3012 Egredere,
1873 2955 1925 2999 et
1950 2960 2042 3000 ac-

485 3023 615 3078 cede
649 3025 776 3091 huc,
815 3036 869 3082 et
897 3028 1040 3083 dabo
1065 3029 1161 3084 tibi
1200 3032 1366 3088 ﬁliam
1405 3034 1745 3107 Cleopatram
1779 3052 2037 3105 uxorem;

2144 1863 2330 1918 αὺτοῦ
2364 1863 2532 1917 ἔσται
2571 1861 2744 1934 γυνή.
2779 1859 3023 1932 Ἀληθῶς
3055 1859 3150 1912 καὶ
3171 1857 3322 1912 τοῦτο
3337 1857 3657 1930 πεπλήρωται’

2146 1952 2304 2024 ἡνίκα
2335 1952 2442 2025 γὰρ
2475 1953 2622 2024 αύτῷ
2659 1952 2826 2006 ἔδωκε
2868 1951 3206 2022 Πτολεμαῖος
3242 1949 3337 2022 τὴν
3377 1949 3498 2002 ἰδίαν
3530 1949 3662 2017 θυγα-

2145 2044 2299 2118 τέρα,
2349 2046 2692 2117 ἐπιστρέφων
2739 2039 2846 2098 είδε
2887 2043 2986 2115 τὴν
3042 2042 3310 2114 βασιλείαν
3367 2037 3660 2112 Ἀλεξάνδρου

2145 2135 2484 2208 θαυμαστὴν,
2525 2137 2617 2190 καὶ
2655 2135 2896 2204 ἔνδοξον·
2933 2132 3002 2209 ἧς
3036 2135 3399 2205 κατεπίθυμος
3423 2133 3661 2204 γενόμενος

2147 2227 2389 2292 ὑπούλως
2425 2227 2600 2282 ἐλάλει
2635 2227 2712 2300 τῷ
2756 2227 3093 2300 Ἀλεξάνδρῳ
3137 2227 3212 2292 ὡς
3258 2226 3396 2295 λέγει
3424 2229 3454 2297 ἡ
3485 2226 3660 2298 Γραφή-

2143 2318 2253 2373 Καί
2293 2318 2392 2372 ἐπὶ
2425 2315 2710 2386 τραπέζης
2741 2317 2938 2388 ψευδῆ
2969 2316 3356 2384 λαλήσουσιν
3393 2317 3659 2386 ἀμφότεροι

2137 2407 2452 2474 βασιλεῖς-⁸
2485 2408 2580 2461 καὶ
2623 2407 2688 2480 δὴ
2721 2407 3005 2481 πορευθεὶς
3037 2407 3365 2477 Πτολεμαῖος
3412 2408 3485 2470 εἰς
3528 2405 3658 2473 Αἴγυ-

2143 2521 2296 2567 πτον,
2335 2502 2430 2557 καὶ
2456 2502 2890 2574 στρατολογήσας
2914 2500 3148 2572 δύναμιν
3175 2500 3385 2572 πολλὴν,
3411 2498 3582 2568 ἐπῆλθε
3606 2501 3657 2568 τῇ

2142 2592 2293 2646 πόλει
2326 2591 2486 2662 ἡνίκα
2524 2591 2864 2662 Ἀλέξανδρος
2892 2590 3168 2664 ἐπορεύθη
3202 2592 3279 2654 είς
3298 2589 3547 2642 Κιλικίαν.

2211 2681 2474 2738 XXXVII.
2529 2681 2850 2736 Ἐπιϐαίνων
2881 2681 3067 2736 τοίνυν
3099 2685 3127 2737 ὁ
3164 2681 3476 2753 Πτολεμαῖος
3497 2683 3554 2752 τῇ
3575 2678 3660 2749 χὼ-

2145 2791 2234 2848 ρᾳ,
2267 2772 2508 2849 φρουρὰν
2557 2773 2713 2839 ἔταξε
2755 2774 2897 2830 κατὰ
2935 2774 3145 2840 πόλεις,
3180 2775 3445 2848 κρατήσας
3491 2790 3543 2826 τε
3582 2773 3659 2841 τῆς

2155 2863 2432 2929 Ἰουδαίας,
2457 2859 2590 2936 ἦλθε
2623 2864 2758 2937 πρὸς
2782 2863 2879 2936 τὴν
2911 2863 3212 2936 θυγατέρα,
3245 2864 3336 2918 καὶ
3366 2861 3658 2930 ἐξαπέστειλε

2141 2957 2444 3028 γράμματα
2474 2956 2611 3028 πρὸς
2653 2957 2961 3029 Δημήτριον
3001 2957 3065 3008 ἐν
3105 2961 3223 3022 ταῖς
3262 2957 3453 3028 νήσοις,
3489 2955 3655 3023 λέγων·

2141 3045 2321 3113 ἔξελθε
2348 3047 2443 3102 καὶ
2472 3047 2591 3100 ἐλθὲ
2628 3047 2836 3114 ἐνθάδε,
2873 3049 2967 3103 καὶ
2997 3047 3159 3103 δώσω
3199 3067 3280 3103 σοι
3313 3048 3406 3120 τὴν
3429 3046 3658 3118 θυγατέρα

482 3115 786 3171 Alexander
810 3118 955 3173 enim
989 3136 1075 3175 me
1103 3123 1404 3181 interﬁcere
1437 3129 1706 3196 quaesivit.
1742 3128 1900 3186 Venit
1943 3132 2039 3203 igi-

2145 3155 2247 3209 μου
2272 3137 2622 3212 Κλεοπάτραν
2646 3141 2726 3203 εἰς
2746 3142 2999 3208 γυναῖκα,
3029 3141 3117 3194 ὅτι
3150 3115 3477 3210 Ἀλέξανδρος
3501 3115 3656 3208 intr.-

482 3213 576 3257 tur
599 3203 922 3274 Demetrius,
951 3219 1006 3264 et
1046 3226 1170 3266 cum
1199 3213 1522 3274 Ptolemaeus
1551 3234 1674 3273 eum
1715 3222 2036 3290 excepisset,

483 3294 646 3352 (Iliam
676 3313 920 3366 uxorem,
959 3317 1082 3372 quae
1113 3313 1226 3359 erat
1253 3307 1565 3376 Alexandri,
1597 3310 1698 3380 ipsi
1727 3311 1837 3366 dat.
1874 3312 2042 3370 Perﬁ-

482 3389 625 3445 citur
690 3393 834 3461 quod
875 3393 1077 3450 dictum
1115 3406 1236 3452 est:
1274 3397 1343 3452 Et
1371 3411 1664 3472 corrumpet
1693 3420 1830 3469 eam,
1859 3417 1906 3459 et
1938 3423 2040 3461 non

481 3481 645 3553 ipsius
665 3485 784 3538 erit.
815 3483 1008 3543 Occiso
1027 3489 1353 3558 Alexandro,
1379 3489 1701 3551 Ptolemaeus
1722 3496 1830 3552 duo
1853 3514 2037 3569 regum

483 3573 710 3643 insignia
747 3576 910 3646 capiti
943 3593 1044 3633 suo
1079 3579 1329 3650 imponit,
1370 3580 1539 3655 Syria:
1561 3584 1765 3640 scilicet
1788 3596 1843 3641 et
1875 3586 2041 3660 Egy-

481 3663 578 3732 pti,
610 3663 808 3733 quibus
836 3666 1116 3723 redimitus
1147 3669 1234 3724 die
1261 3670 1418 3726 tertia
1447 3686 1478 3726 c
1501 3670 1637 3726 vivis
1663 3673 1893 3728 excedit.
1924 3674 2036 3728 Ad-

481 3753 737 3822 lmpletur
764 3755 909 3826 quod
935 3758 1240 3827 expositum
1272 3768 1355 3815 est
1386 3759 1440 3815 in
1471 3761 1752 3831 Scriptura
1777 3781 1789 3819 :
1827 3761 1897 3816 Et
1936 3781 2039 3818 non

481 3846 676 3902 dabunt
711 3848 760 3901 ei
788 3848 1030 3903 honorent
1069 3852 1244 3924 regni;
1280 3861 1529 3908 mortuus
1556 3861 1640 3909 est
1663 3854 1831 3922 enim,
1862 3870 2038 3927 neque

479 3939 823 3998 ahomnibus
854 3950 914 3998 ut
945 3957 1040 3998 rex
1070 3943 1327 4000 honorem
1357 3945 1580 4016 accepit.

552 4119 835 4177 XXXVIII.
878 4122 1014 4179 Cum
1068 4125 1232 4196 igitur
1272 4138 1579 4184 enarrasset
1625 4131 1884 4199 propheta
1913 4149 2035 4204 quae

473 4210 588 4282 jam
616 4213 930 4268 acciderunt
963 4229 1025 4270 ac
1054 4217 1387 4286 temporibus
1419 4228 1546 4273 sunt
1585 4221 1838 4290 perfecta,
1886 4226 2033 4280 aliud

478 4304 635 4361 nobis
666 4307 980 4378 mysterium
1025 4323 1216 4364 rursus
1266 4310 1526 4380 praedicit,
1568 4315 1863 4371 novissima
1899 4326 2031 4372 tem-

2144 3243 2234 3280 σεν
2273 3228 2587 3284 ἀποκτεῖναί
2620 3246 2719 3301 με·
2750 3229 2968 3303 ἔρχεται
2998 3232 3184 3286 τοίνυν
3208 3234 3237 3286 ὁ
3261 3232 3560 3303 Δημήτριος.
3583 3227 3656 3281 καὶ

2140 3318 2318 3373 λαϐὼν
2349 3321 2378 3372 ὁ
2410 3319 2736 3393 Πτολεμαῖος
2790 3321 3004 3378 δίδωσιν
3068 3324 3220 3396 αύτῷ
3267 3325 3360 3396 τὴν
3409 3322 3656 3392 γενομένην

2153 3409 2522 3482 Ἀλεξάνδρου·
2559 3411 2856 3483 πληροῦται
2883 3412 2944 3466 τὸ
2973 3414 3296 3487 εἰρημένον·
3339 3412 3441 3469 Kal
3465 3412 3658 3480 διαφθε-

2131 3500 2229 3570 ρεῖ
2252 3502 2463 3572 αὐτὴν,
2502 3503 2602 3558 καί
2639 3506 2750 3560 οὐκ
2795 3505 2980 3560 αὐτοῦ
3028 3505 3226 3562 ἔσται.
3302 3507 3594 3576 Ἀναιρεῖται
3635 3503 3657 3554 ὁ

2151 3588 2492 3663 Ἀλέξανδρος
2513 3609 2526 3621 °
2557 3592 2890 3670 περιτίθεται
2921 3593 2988 3648 τὰ
3014 3595 3111 3650 δύο
3133 3596 3423 3670 διαδήματα
3447 3596 3472 3648 ὀ
3498 3591 3659 3647 Πτολε·

2142 3685 2319 3752 μαῖος,
2356 3668 2567 3755 Συρίαςκ
2589 3685 2682 3740 καὶ
2723 3685 3018 3756 Αἰγύπτου,
3056 3687 3218 3743 ἅτινα
3252 3668 3573 3761 περιθέμενος
3605 3686 3654 3754 τῇ

2137 3773 2292 3844 τρίτῃ
2319 3774 2500 3846 ἡμέρᾳ
2529 3776 2752 3848 τελευτᾷ
2769 3793 2784 3807 ’
2821 3777 3121 3850 πληροῦται
3152 3780 3213 3834 τὺ
3241 3779 3508 3853 εἰρημένον
3535 3778 3583 3827 ἐν
3602 3777 3655 3844 τῇ

2137 3864 2328 3938 Γραφῇ
2348 3882 2361 3894 °
2397 3866 2507 3920 Kal
2536 3869 2606 3921 οὺ
2635 3867 2937 3923 δώσουσιν
2963 3871 3127 3937 αὑτῷ
3154 3871 3339 3937 δόξαν
3358 3868 3652 3935 ,Βασιλείαςο

2135 3956 2370 4010 ἀπέθανε
2413 3957 2543 4030 γὰρ,
2587 3960 2680 4014 καὶ
2717 3961 2817 4015 οὐκ
2852 3961 3009 4016 ἔλαϐε
3038 3963 3203 4029 δόξαν
3235 3965 3338 4018 ὑπὸ
3377 3962 3572 4016 πάντων
3597 3961 3656 4024 ὡς

2139 4047 2407 4116 βασιλεύς.

2205 4139 2492 4195 XXXVIII.
2533 4143 2937 4216 Διηγησάμενος
2971 4142 3063 4201 οὖν
3105 4149 3140 4201 ὁ
3175 4151 3450 4222 προφήτης
3487 4146 3548 4200 τὰ
3575 4145 3654 4216 ήδη

2137 4231 2414 4303 συμϐάντα
2440 4234 2533 4286 καὶ
2566 4237 2774 4308 χρόνοις
2806 4238 3144 4307 τελεσθέντα,
3173 4242 3356 4317 ἕτερον
3380 4240 3527 4294 πάλιν
3551 4238 3655 4307 ἡμῖν

2138 4327 2433 4397 μυστήριον
2464 4327 2840 4397 καταγγέλλει,
2881 4332 3121 4402 ἐσχάτων
3151 4335 3353 4406 καιρῶν
3378 4331 3656 4401 ποιούμενος

475 4411 610 4469 pora
661 4398 1069 4466 demonstrans;
1119 4401 1193 4456 ita
1237 4403 1381 4458 enim
1425 4404 1709 4475 loquitur:
1746 4407 1810 4460 Et
1857 4421 2030 4479 surget

2145 4415 2374 4482 ἔνδειξιν,
2406 4418 2554 4487 λέγει
2575 4419 2682 4492 γὰρ
2707 4419 2877 4484 οὕτως
2895 4438 2907 4451 ·
2928 4398 3035 4476 kal
3065 4398 3464 4492 ἀναστήσεται
3487 4398 3655 4487 ἔτερος

477 4489 614 4545 alius
665 4506 758 4546 rex
803 4491 1097 4560 impudens,
1131 4503 1181 4548 et
1205 4493 1495 4550 elevabitur
1539 4497 1784 4552 adversus
1830 4517 2030 4556 omnem

2145 4507 2429 4575 βασιλεὺς
2469 4489 2748 4577 ἀναιδὴς·
2801 4513 2898 4566 καί
2939 4489 3323 4584 ὑψωθήσεται
3362 4515 3456 4569 ἐπὶ
3490 4510 3655 4566 πάντα

475 4579 667 4644 Deum,
698 4590 750 4635 et
785 4584 1232 4653 magni/imbitur,
1277 4600 1324 4642 et
1365 4587 1606 4659 loquetur
1637 4593 1938 4662 magniﬁca,
1981 4605 2031 4650 et

475 4673 754 4744 dirigetur,
801 4675 963 4730 donec
1001 4679 1325 4748 compleatur
1373 4683 1674 4750 iracundia,
1726 4695 1830 4741 etc.
1887 4685 1957 4739 Et
1978 4687 2032 4742 hi

474 4764 816 4820 salvabuntur
835 4767 899 4821 de
929 4784 1086 4823 manu
1119 4771 1230 4840 ejus
1258 4769 1446 4836 Edam,
1471 4782 1521 4826 et
1548 4773 1722 4840 Moab,
1753 4787 1803 4831 et
1836 4779 2034 4847 princi-

471 4856 620 4926 pium
645 4858 878 4926 ﬁliorum
912 4859 1155 4917 Ammon.
1183 4862 1252 4917 Et
1284 4867 1526 4920 extendet
1555 4883 1768 4924 manum
1800 4887 1951 4925 suam
1978 4873 2034 4925 in

543 5012 653 5099 (70)
688 5014 1060 5099 Alexandrum
1091 5021 1112 5073 Ι
1144 5018 1390 5099 intelligit
1413 5022 1580 5099 Syria;
1601 5039 1804 5099 regem,
1825 5028 1897 5099 de
1921 5046 2032 5099 quo

473 5083 652 5169 Iiberl
686 5084 958 5169 lliachabn
989 5104 1108 5169 cap.
1138 5105 1191 5143 x.
1226 5089 1276 5169 Is
1302 5083 1427 5169 licet
1452 5083 1704 5169 Antiochi
1737 5083 2032 5169 Epipha‘nis

471 5154 617 5212 ﬁlius
661 5155 729 5230 ab
752 5168 962 5230 senatu
996 5154 1154 5214 Rom.
1194 5162 1355 5216 etiam
1391 5163 1631 5230 habitus,
1665 5154 1924 5223 incertam
1953 5154 2034 5224 ta;

472 5240 594 5280 men
627 5227 892 5351 originem
921 5231 1003 5285 vel
1035 5231 1147 5298 ipse
1179 5233 1414 5302 agnovit,
1445 5250 1567 5290 cum
1605 5227 1898 5306 Thcopator
1926 5240 2031 5295 dici

470 5297 664 5370 voluit.
764 5298 872 5370 i_v_'io
917 5311 995 5354 est
1033 5302 1187 5358 homo
1216 5304 1446 5370 ignotus,
1487 5317 1538 5361 et
1577 5306 1789 5362 incerta:
1825 5311 2032 5370 stirpis;

477 5327 664 5354 vvluu.
717 5327 872 5354 mnu
917 5327 995 5354 cu
1033 5327 1187 5358 ιιυηιυ
1216 5327 1446 5370 Ignotus,
1487 5327 1537 5361 et
1577 5327 1789 5362 incerta:
1825 5327 2029 5379 Stirpis;

472 5367 718 5445 adeoque
770 5367 1088 5445 Hippolytus
1104 5382 1328 5445 martyr
1348 5376 1640 5445 quemdam
1672 5378 2029 5435 Alexandrum

470 5436 738 5519 scripsitn
759 5448 819 5519 ut
839 5436 915 5493 ex
945 5436 1146 5519 codicis
1190 5436 1704 5519 ma'rginePliilippi
1729 5450 1873 5518 ﬁlius
1896 5451 2032 5507 irre-

468 5503 651 5585 psisse
688 5507 955 5585 videatur.
999 5512 1150 5585 Alios
1175 5503 1394 5584 quoque
1421 5503 2030 5585 t.itulos'adh'ibuit,nve-

469 5571 568 5630 luti
604 5573 891 5653 Euergetis,
912 5596 976 5653 ac
1005 5581 1171 5645 Bala,
1193 5571 1380 5653 quiad
1413 5571 2032 5648 matrem—falso—relatus

469 5653 571 5730 est.
606 5641 811 5729 Nedum
847 5641 1047 5730 quippe
1087 5653 1139 5706 in
1161 5641 1417 5730 rp'riente,
1450 5641 1539 5730 sed
1571 5667 1624 5713 et
1649 5641 1797 5730 apud

470 5727 571 5790 pro
604 5717 753 5790 regio
779 5717 825 5776 is
856 5717 1042 5780 titulus
1069 5731 1152 5780 est
1182 5717 1418 5797 habitus,
1455 5729 1615 5785 veluti
1642 5717 1782 5805 apud
1807 5717 2032 5806 Eschyl

2139 4598 2304 4664 Θεὸν,
2341 4601 2436 4654 καί
2464 4603 3003 4674 μεγαλυνθήσεται,
3038 4606 3138 4661 καί
3165 4607 3415 4675 λαλήσει
3436 4603 3653 4672 ὑπέρογ-

2137 4707 2232 4754 κα,
2261 4691 2357 4744 καὶ
2401 4694 2764 4761 κατευθυνεῖ,
2804 4695 3013 4767 μέχρις
3052 4694 3122 4754 οὗ
3180 4695 3541 4763 συν-τελεσθῇ
3575 4695 3654 4761 ὀρ·

2134 4781 2234 4851 γὴ,
2268 4783 2361 4837 καὶ
2386 4785 2453 4838 τὰ
2486 4786 2611 4857 ἑξῆς
2628 4803 2642 4817 ·
2667 4787 2764 4841 καί
2793 4785 2957 4845 οὗτοι
2981 4789 3445 4860 διασωθήσονται
3471 4789 3532 4842 ἐκ
3555 4803 3652 4856 χει-

2128 4875 2239 4944 ρὸς
2285 4879 2469 4934 αὐτοῦ
2526 4879 2732 4950 Ἐδὼμ,
2790 4882 2888 4937 καί
2942 4883 3134 4950 Μωὰϐ,
3187 4884 3286 4938 καὶ
3340 4881 3484 4953 ἁρχὴ
3532 4876 3652 4933 υἱῶν

2133 5035 2268 5112 luta,
2319 5035 2514 5106 Βαλὴν,
2539 5039 2780 5112 ᾁρχαῖος-
2807 5039 3018 5112 ΔΒαλήν·
3081 5041 3124 5096 0
3171 5056 3282 5106 rex,
3336 5041 3530 5112 antique
3573 5048 3648 5112 rex

2179 5104 2372 5179 Pers._,
2431 5104 2497 5179 \f._
2542 5104 2703 5178 659).
2746 5104 3344 5179 Ibique'Scholiastes:
3391 5104 3579 5174 Βάλὴν
3604 5106 3646 5179 ,ὁ

2179 5111 2326 5159 I’ers.
2356 5145 2372 5170 ,
2431 5123 2483 5158 v.
2542 5111 2703 5178 659).
2746 5111 3344 5179 ιϋίιιιιεδσίιοίίιιειεεε
3391 5111 3579 5174 Boii]?
3623 5111 3645 5155 ο

2137 5111 2676 5260 ἕατιλεὺςιλέγεται.
2726 5180 3006 5260 Eugepth
3049 5182 3107 5236 δέ
3138 5200 3272 5260 ¹ιρησι
3313 5180 3535 5260 Θουρίων
3581 5171 3645 5256 εί-

2135 5263 2221 5300 ναι
2273 5246 2369 5318 τὴν
2397 5246 2688 5318 διάλεκτον.
2738 5246 2926 5314 Balen,
2977 5269 3068 5307 rex
3115 5246 3346 5307 dicitur:
3383 5246 3646 5318 Euphorion

2137 5329 2311 5370 autem
2332 5317 2366 5371 7e
2393 5317 2704 5374 Thuriorum
2738 5323 2920 5390 repetit
2943 5323 3186 5390 dialecto.
3217 5317 3641 5390 Quemadmodum

2133 5411 2264 5472 vero
2297 5395 2423 5472 Baal
2452 5406 2506 5472 e_t
2543 5397 2701 5472 Belus
2736 5384 2802 5454 ex
2829 5401 3016 5472 eodem
3039 5412 3120 5458 est
3279 5403 3385 5457 sive
3407 5384 3488 5472 5;,
3515 5399 3575 5472 ita
3606 5394 3643 5445 is

2135 5465 2430 5520 Alexander
2463 5467 2666 5534 Balles,
2700 5480 2794 5525 aut
2835 5470 2986 5532 Beles
3012 5475 3171 5526 etiam
3188 5465 3406 5529 dicitur.
3430 5466 3644 5524 lustinus

2137 5537 2569 5622 paritﬁr‘Bglam
2609 5543 2909 5622 quemdam,
2942 5553 3001 5597 ut
3128 5543 3456 5614 Hippolytus,
3487 5538 3638 5622 ipsust

2135 5599 2387 5688 appellat.
2417 5599 2635 5664 Nummi
2665 5626 2786 5666 cum
2816 5599 2935 5682 ejus
2959 5623 3014 5668 et
3041 5599 3337 5688 Cleopairze
3359 5599 3526 5665 ﬂxeris
3549 5599 3641 5658 eili-

2135 5682 2220 5747 gie
2245 5678 2541 5733 etiamnum
2574 5690 2806 5738 exstant.

2204 5747 2313 5820 (7i)
2365 5749 2653 5824 Ἀντιόχῳ,
2685 5752 2784 5824 Ιθεο
2815 5755 3127 5829 Δημητρίῳ-
