3814 6198
189 322 273 377 ωε
1103 342 1118 355 υ
1318 322 1741 380 FRAGMENTA
1780 326 1845 380 IN
1882 328 2249 385 DANIELEM.

3276 329 3378 386 666

196 442 428 512 Ἄμμων.
480 443 588 495 Kal
639 441 863 495 ἐκτενεῖ
906 441 1019 509 τὴν
1065 441 1230 511 χεῖρα
1258 444 1443 499 αὑτοῦ
1480 444 1578 498 ἐπὶ
1618 445 1726 514 τὴν

1831 456 2057 513 terram;
2080 460 2129 503 et
2157 460 2296 503 terra
2332 447 2550 519 Egypti
2576 466 2674 502 non
2709 450 2807 503 erit
2836 451 2888 503 in
2918 449 3279 504 saluationem.
3313 449 3377 502 Et

187 534 324 604 τῆν·
352 535 444 587 xal
472 536 508 602 ἡ
536 532 613 602 γῆ
643 535 940 602 Αἰγύπτου
958 536 1068 588 οὐκ
1095 534 1266 588 ἔσται
1295 537 1381 601 εὶς
1407 538 1722 605 σωτηρίανο

185 630 273 681 καὶ
317 627 618 695 κυριεύσει
662 625 731 679 ἐν
772 625 894 691 τοῖς
925 626 1288 695 ἁποκρύφοις
1320 626 1423 680 τοῦ
1451 620 1725 696 χρυσίου,

183 719 267 772 καὶ
298 718 403 773 τοῦ
435 717 744 787 ἁργιῬίου,
778 717 874 770 καὶ
905 715 1052 770 πᾶσι
1085 716 1207 782 τοῖς
1236 717 1614 786 ἐπιθυμητοῖς
1639 723 1730 773 Αι-

178 811 415 877 γύπτου,
446 809 543 864 καὶ
574 808 822 872 Λιϐύων,
861 807 957 861 καὶ
990 808 1284 862 Αἰθιόπων
1322 808 1392 862 ἐν
1431 808 1554 875 τοῖς
1583 810 1726 877 ὀχυ-

168 901 434 970 palpatur
461 901 682 955 αὐτῶν.

233 1013 480 1068 XXXIX.
524 1015 708 1069 Ταῦτα
735 1015 835 1087 μὲν
854 1010 947 1069 οῦν
971 1013 1144 1078 οὕτως
1163 1015 1191 1067 ό
1215 1014 1495 1085 προφήτης
1527 1012 1727 1083 διηγεῖ-

172 1123 252 1158 ται
280 1108 410 1179 περὶ
438 1107 533 1161 τοῦ
571 1106 954 1179 Ἀντιχρίστου,
981 1107 1039 1170 ὃς
1058 1106 1208 1159 ἔσται
1236 1104 1473 1176 ἀναιδὴς,
1500 1104 1728 1175 πολεμο-

174 1200 363 1269 τρόφος
418 1201 514 1252 καὶ
549 1199 829 1272 τύραννος,
864 1200 922 1263 ὃς
958 1200 1096 1271 ὑπὲρ
1118 1199 1321 1262 πάντας
1355 1197 1606 1269 βασιλεῖς,
1633 1198 1727 1251 xal

179 1290 347 1343 πάντα
386 1291 521 1344 θεὸν
560 1290 836 1362 ἐπαρθεὶς,
872 1289 1212 1361 οἰκοδομήσει
1252 1289 1346 1361 τὴν
1380 1288 1727 1362 Ἰερουσαλὴμ

184 1382 345 1447 πόλιν,
376 1383 473 1436 καὶ
500 1383 589 1436 τὸν
615 1384 740 1436 ναὸν
773 1384 1091 1454 ἀναστήσειν
1124 1382 1297 1453 τούτῳ
1329 1382 1729 1453 προσκυνήσου-

192 1492 261 1527 σιν
295 1475 367 1537 ὼς
405 1474 524 1545 Θεῷ
560 1477 608 1527 οἱ
651 1473 909 1537 ἀπειθεῖς,
951 1473 1046 1527 καὶ
1086 1472 1257 1542 τούτῳ
1284 1472 1410 1541 γόνυ
1436 1470 1725 1536 κλινοῦσιν,

196 1564 517 1628 ὑπονοοῦντες
556 1565 716 1619 αὑτὸν
756 1560 891 1617 εἶναι
938 1563 1028 1617 τὸν
1062 1564 1323 1635 Χριστόν
1359 1558 1511 1629 οὗτος
1551 1562 1729 1617 ἀνελεῖ

201 1656 303 1717 τοὺς
321 1654 408 1708 δύο
443 1656 742 1725 μάρτυρας,
782 1653 874 1732 καὶ
901 1653 1235 1725 προδρόμους
1259 1655 1493 1725 Χριστοῦ
1521 1653 1726 1726 κηρύσ-

205 1764 363 1811 σοντας
386 1748 482 1819 τὴν
519 1748 726 1815 ἔνδοξον
754 1747 915 1801 αὐτοῦ
948 1751 1040 1802 ἀπ’
1072 1749 1313 1820 οὐρανῶν
1339 1749 1627 1820 βασιλείαν·
1650 1749 1725 1813 ὼς

205 1842 349 1909 λέγει·
383 1843 489 1896 Kal
518 1842 688 1896 δώσω
709 1843 831 1911 τοῖς
861 1845 1001 1899 δυσὶ
1025 1842 1286 1913 μάρτυσι
1305 1861 1443 1914 μου,
1468 1843 1566 1897 καὶ
1592 1858 1723 1911 προ-

204 1936 576 2001 φητεύσουσιν
602 1936 825 2005 ἡμέρας
852 1936 1050 2006 χιλίας
1080 1936 1389 2001 διακοσίας
1412 1934 1720 2001 ἐξήκοντα,

205 2028 646 2098 περιϐεϐλνυιένοι
705 2029 1009 2096 σάκκους·
1063 2028 1243 2093 καθὼς
1289 2030 1379 2082 καὶ
1420 2027 1497 2099 τῷ
1530 2026 1722 2099 Δανιὴλ

204 2118 383 2191 εἴρηκε·
414 2121 519 2174 Kal
550 2120 819 2190 διαθήσει
855 2121 1145 2188 διαθήκην
1172 2118 1442 2185 πολλοῖς,
1472 2118 1722 2188 ἑϐδομὰς

196 2212 300 2279 μία,
349 2212 439 2265 καὶ
477 2213 648 2266 ἔσται
673 2213 742 2266 ἐν
769 2213 849 2279 τῷ
886 2214 1089 2283 ἡμίσει
1116 2210 1225 2280 τῆς
1248 2210 1588 2280 ἑῦδομάδος,
1621 2212 1724 2280 ἀρι-

200 2303 415 2369 θήσεταί
434 2323 552 2374 μου
577 2306 615 2375 ἠ
648 2307 847 2372 θυσία,
888 2306 983 2360 καὶ
1014 2307 1052 2375 ἠ
1082 2302 1339 2372 σπονδὴ,
1363 2305 1448 2357 ἵνα
1472 2303 1653 2375 δειχθῇ
1687 2305 1721 2373 ή

198 2394 280 2464 μία
313 2396 539 2466 escape;
570 2398 650 2460 εἰς
678 2396 771 2450 δύο
802 2397 1125 2469 μεριζομένη
1145 2413 1158 2427 ·
1195 2396 1300 2449 τῶν
1336 2395 1432 2467 μὲν
1461 2395 1552 2448 δύο
1585 2413 1723 2468 μαρ-

195 2484 347 2556 τύρων
388 2486 516 2558 τρία
567 2489 735 2558 ἥμισυ
775 2487 868 2559 ἔτη
906 2487 1306 2559 κηρυσσόντων,
1333 2484 1424 2539 τοῦ
1457 2485 1515 2539 δὲ
1554 2486 1723 2540 Ἀντι-

191 2579 402 2649 χρίστου,
426 2580 488 2633 τὸ
516 2580 791 2634 ἐπίλοιπον
820 2583 920 2651 τῆς
944 2580 1230 2650 ἑϐδομάδος
1257 2580 1382 2643 τοὺς
1410 2578 1596 2647 ἁγίους
1622 2596 1720 2631 που

187 2673 469 2743 λεμοῦντος,
511 2676 717 2729 καὶτὸν
748 2674 947 2746 κόσμον
974 2676 1070 2745 ὲρη
1081 2674 1324 2744 μοῦντος,
1353 2674 1439 2726 ἵνα
1464 2672 1719 2744 πληρωθῇ

180 2765 233 2817 τὸ
253 2764 534 2836 εἰρημένον
552 2782 565 2795 ·
611 2764 721 2819 Kal
758 2764 1020 2819 δώσουσι
1043 2764 1357 2835 βδέλυγμα
1380 2763 1723 2834 ἐρημώσεως

180 2855 387 2923 ἡμέρας
414 2857 617 2925 χιλίας
641 2856 951 2922 διακοσίας
978 2856 1357 2925 ἐνενήκοντα.

239 2946 343 3001 XL.
382 2949 486 3001 Δύο
527 2945 618 3002 οὖν
667 2948 1005 3021 βδελύγματα
1043 2949 1231 3021 εἴρηκε
1274 2948 1490 3019 Δανιὴλ,
1530 2946 1589 2999 ἓν
1625 2945 1722 3016 μὲν

174 3038 491 3109 ἀφανισμοῦ,
521 3038 579 3091 ἓν
610 3039 665 3092 δὲ
694 3039 1053 3112 ἐρημώσεως·
1084 3041 1135 3093 τί
1166 3040 1227 3092 τὸ
1263 3039 1583 3110 ἀφανισμοῦ,
1608 3039 1719 3093 ἀλλ’

1828 540 2187 594 dominabitur
2215 541 2270 593 in
2293 540 2611 594 absconditis
2640 543 2757 594 auri
2798 551 2846 595 et
2870 543 3091 612 argenti,
3116 551 3163 594 et
3190 542 3243 594 in
3266 557 3377 593 om-

1827 630 1979 684 nibus
2012 632 2251 698 pretiosis
2283 630 2524 701 lEgypti,
2562 640 2610 685 et
2641 631 2879 701 Libyam,
2906 642 2955 687 et
2988 632 3299 702 IEtItiopum
3324 634 3378 685 in

1826 725 2229 794 propugnaculis
2253 740 2451 779 eorum.

1893 1007 2135 1063 XXXIX.
2177 1008 2300 1065 Haec
2329 1010 2490 1080 igitur
2529 1012 2789 1082 propheta
2826 1013 2900 1067 ita
2929 1023 3147 1067 enarrat
3174 1014 3239 1070 de
3264 1014 3374 1069 Ana

1826 1094 2091 1161 tichristo,
2120 1097 2212 1166 qui
2237 1098 2339 1151 erit
2364 1100 2669 1167 impudens,
2700 1100 2824 1155 belli
2863 1102 3075 1167 avidus,
3111 1113 3163 1157 et
3186 1112 3369 1174 tyran-

1826 1203 1948 1253 nus,
1979 1189 2069 1257 qui
2101 1205 2263 1258 super
2291 1206 2481 1246 omnes
2518 1207 2671 1261 reges
2701 1208 3024 1263 omnemque
3056 1194 3221 1249 Deum
3259 1196 3371 1251 ela-

1824 1288 1932 1343 tus,
1968 1281 2150 1333 urbem
2183 1279 2482 1336 Jerusalem
2528 1283 2820 1351 reparabit,
2861 1293 2913 1338 et
2944 1286 3198 1354 templum
3230 1286 3375 1340 exci-

1826 1370 1989 1435 tabit;
2019 1371 2162 1425 hunc
2185 1372 2488 1426 adorabunt
2514 1374 2677 1428 veluti
2701 1374 2867 1429 Deum
2900 1375 3218 1441 refractarii,
3248 1376 3374 1432 huic

1825 1459 2200 1531 genuﬂectent,
2229 1462 2600 1517 existimantes
2622 1464 2796 1532 ipsum
2819 1479 2938 1519 esse
2956 1463 3260 1529 Christum;
3288 1466 3376 1519 hic

1825 1547 1962 1602 duos
1985 1556 2145 1603 testes
2172 1557 2226 1602 et
2252 1548 2451 1604 Christi
2481 1566 2858 1620 prmcursores,
2889 1554 3179 1621 gloriosum
3204 1555 3374 1624 ipsius

1825 1653 1855 1692 e
1886 1638 2039 1694 ccelis
2070 1656 2289 1708 regnum
2322 1641 2692 1710 praedicantes,
2725 1644 2789 1698 de
2816 1645 2992 1699 medio
3032 1646 3205 1709 tollet;
3234 1646 3375 1700 sicut

1825 1731 1939 1786 ait:
1972 1731 2040 1786 Et
2073 1734 2205 1786 dabo
2245 1734 2444 1787 duobus
2479 1734 2692 1788 testibus
2727 1736 2872 1803 meis,
2908 1746 2956 1790 et
2996 1737 3371 1807 propltetabunt

1822 1823 2000 1877 diebus
2054 1825 2196 1879 mille
2254 1826 2491 1879 ducentis
2546 1828 2840 1896 sexaginta,
2904 1829 3084 1881 amicti
3136 1829 3369 1894 saccis’;

1821 1918 2272 1986 quemadmodum
2300 1925 2355 1971 et
2379 1916 2587 1972 Danieli
2623 1919 2757 1973 dixit
2787 1938 2800 1973 :
2830 1918 2899 1973 Et
2928 1921 3259 1989 conﬁrmabit
3278 1938 3373 1990 pa—

1822 2017 1961 2061 ctum
1998 2009 2179 2062 multis
2211 2009 2535 2064 hebdomada
2567 2027 2706 2078 una,
2740 2020 2789 2064 et
2817 2012 2915 2064 erit
2951 2012 3006 2064 in
3037 2012 3255 2066 dimidio
3282 2014 3373 2066 he-

1821 2100 2115 2166 bdomadis,
2145 2102 2411 2172 auferetur
2429 2103 2749 2172 sacrificium
2776 2120 2946 2158 meum
2978 2116 3025 2157 et
3054 2104 3298 2169 libamen,
3318 2114 3375 2158 ut

1822 2193 2135 2247 ostendatur
2172 2209 2278 2248 una
2326 2194 2661 2249 hebdomada
2713 2194 2766 2248 in
2819 2195 2954 2251 duas
2989 2195 3183 2250 divisa.
3238 2194 3371 2249 Nam

1820 2280 1928 2337 duo
1952 2283 2168 2352 quidem
2202 2290 2366 2339 testes
2399 2285 2571 2339 tribus
2598 2301 2722 2340 cum
2750 2285 2973 2340 dimidio
3001 2288 3157 2342 annis
3182 2289 3375 2357 praedi-

1821 2377 2042 2444 cabunt,
2084 2378 2139 2431 in
2189 2378 2399 2447 reliquo
2447 2394 2573 2433 vero
2615 2380 2962 2435 bebdomada:
3008 2381 3375 2439 Antichristus

1822 2479 2040 2525 sanctos
2081 2470 2221 2524 bello
2262 2479 2635 2540 persequetur,
2679 2473 3045 2541 mundumque
3082 2473 3371 2540 desolabit,

1820 2572 1882 2618 ut
1901 2563 2276 2633 adimpleatur,
2310 2563 2452 2631 quod
2475 2563 2676 2617 dictum
2699 2574 2783 2618 est
2809 2583 2821 2618 :
2855 2563 2921 2616 Et
2949 2564 3145 2617 dabunt
3172 2565 3373 2619 abomi-

1821 2657 2084 2710 nationem
2127 2655 2464 2709 desolationis
2518 2655 2697 2709 diebus
2742 2656 2883 2711 mille
2923 2657 3157 2713 ducentis
3203 2675 3372 2713 nona-

1821 2748 1993 2817 ginta.

1889 2944 2002 3000 XL.
2046 2944 2188 3001 Duas
2226 2946 2388 3017 igitur
2429 2947 2857 3003 abominationes
2888 2948 3139 3019 praedixit
3163 2948 3371 3016 Daniel,

1820 3048 1981 3091 unam
1997 3036 2209 3107 quidem
2223 3032 2851 3104 destructionis',alteram
2864 3052 2991 3093 vero
3003 3038 3372 3095 desolationis.

174 3132 201 3203 ή
232 3130 258 3183 ὂ
286 3131 511 3202 ἔστησεν
544 3132 661 3184 ἐκεῖ
697 3132 837 3185 κατά
864 3132 954 3184 τὸν
992 3131 1179 3203 καιρὸν
1215 3131 1510 3201 Ἀντίοχος;
1550 3130 1643 3184 καὶ
1667 3130 1719 3183 τί

1831 3126 2078 3194 Quanam
2092 3136 2173 3183 est
2185 3127 2274 3181 illa
2290 3126 2690 3195 destructionis,
2705 3129 2809 3184 nisi
2825 3145 2985 3199 quam
3003 3129 3074 3184 ibi
3087 3130 3151 3185 ad
3167 3139 3376 3201 tempus

171 3223 340 3293 τὸτῆς
381 3221 736 3294 ἐρημώσεως,
780 3224 951 3296 ἀλλ’ἢ
1006 3223 1229 3277 καθόλου
1276 3224 1350 3287 ὡς
1398 3222 1663 3295 παρέσται
1694 3225 1722 3276 ό

181 3315 573 3386 Ἀντίχριστοςς
630 3314 738 3369 Kal
784 3311 949 3371 οὗτοι
988 3313 1363 3380 σωθήσονται
1390 3315 1477 3367 ’ἐκ
1531 3313 1723 3382 χειρὸς

170 3408 368 3470 αὑτοῦ,
405 3405 616 3474 Ἑδὼμ,
641 3405 738 3461 καὶ
762 3405 957 3467 Μωὰϐ,
981 3404 1080 3457 καὶ
1106 3404 1260 3473 ἀρχὴ
1287 3403 1433 3459 υἱῶν
1471 3402 1720 3473 Ἀμμών.

169 3493 319 3551 Οὗτοι
347 3499 459 3567 γάρ
485 3500 623 3551 εἰσιν
665 3499 715 3551 οἱ
758 3497 1134 3569 συνερχόμενοι
1178 3496 1324 3568 αὑτῷ
1355 3496 1442 3549 διὰ
1472 3497 1569 3568 τὴν
1598 3512 1726 3564 συγ-

168 3590 397 3656 γένειαν,
427 3590 522 3643 καλ⁵
550 3590 771 3660 βασιλέα
794 3591 953 3644 αὐτὸν
980 3588 1185 3661 πρῶτοι
1211 3588 1650 3660 ἀναγορεύοντες
1675 3588 1723 3641 οἱ

166 3680 264 3748 μὲν
312 3680 493 3750 Ἐδὼμ
536 3680 671 3732 εἰσὶν
702 3680 805 3732 υἱοὶ
844 3678 1011 3734 Ἠσαῦ
1037 3680 1086 3731 οἱ
1113 3679 1486 3741 κατοικοῦντες
1516 3678 1575 3730 τὸ
1604 3678 1726 3749 ὅρος

165 3772 354 3844 Σηεξρο
386 3771 562 3826 Μωάϐ
599 3771 654 3824 δὲ
690 3772 784 3825 καὶ
822 3771 1063 3842 Ἀμμὼν,
1092 3772 1141 3825 οἱ
1165 3774 1229 3824 ὲκ
1252 3770 1361 3824 τῶν
1382 3769 1473 3823 δύο
1506 3768 1728 3839 θυγατέ-

168 3882 273 3934 ρων
304 3864 472 3918 αξιτοῦ
502 3863 903 3935 γεγεννημένοι,
930 3865 1005 3929 ὡς
1029 3865 1121 3919 καὶ
1171 3864 1393 3926 Ἡσαΐας
1416 3862 1593 3931 λέγει’
1618 3861 1730 3915 Kal

168 3957 645 4026 πετασθήσονται
681 3956 749 4009 ἐν
772 3957 1004 4023 πλοίοις
1031 3957 1393 4025 ἀλλοφύλων
1417 3953 1731 4008 θάλασσαν

169 4047 283 4116 ἅμα
312 4049 819 4119 προνομεύσουσι,
850 4049 947 4102 καὶ
969 4050 1021 4102 ot
1048 4047 1162 4102 ἀπὸ
1181 4045 1501 4123 ανατολῶν
1530 4046 1727 4114 ἡλίου,

174 4139 264 4191 καὶ
289 4143 343 4193 cl
374 4140 495 4194 ἀπὸ
525 4138 795 4208 δυσμῶν,
836 4139 934 4193 καὶ
966 4137 1179 4208 βορρᾶ,
1217 4140 1480 4194 δώσουσι
1510 4139 1727 4203 δόξαν·

174 4233 222 4283 oi
260 4231 324 4284 δὲ
354 4231 473 4285 υἱοὶ
530 4230 760 4300 Ἀμμὼν
804 4230 1020 4299 πρῶτοι
1059 4233 1521 4286 ὑπακούσονται.
1566 4226 1732 4296 Οὗτος

175 4321 257 4372 ὑπ’
292 4320 468 4374 αὐτῶν
515 4320 769 4391 βασιλεὺς
809 4320 1209 4392 ἀναγορευθεὶς,
1259 4321 1351 4374 καὶ
1382 4322 1486 4374 ὑπὸ
1520 4322 1733 4376 πάντων

177 4412 467 4478 ῖοξασθεὶς,
490 4412 585 4465 καὶ
616 4411 883 4483 βδέλυγμα
910 4410 1235 4483 ἐρημώσεως
1259 4410 1338 4482 τῷ
1367 4412 1554 4484 κόσμῳ
1582 4430 1734 4484 γενη-

178 4502 281 4567 0:1;
318 4506 586 4577 κρατήσει
625 4504 839 4578 ἡμέρας
881 4503 1053 4576 χιλίας
1082 4503 1367 4571 ,διακοσίας
1395 4506 1728 4575 ἐνενήκοντα.

180 4596 473 4666 Μακάριος
504 4600 537 4651 ό
568 4596 916 4665 ὑπομείνας,
965 4596 1064 4652 καὶ
1112 4594 1348 4665 φθάσας
1384 4597 1471 4661 είς
1511 4594 1733 4665 ἡμέρας

179 4690 367 4756 χιλίας
400 4687 746 4757 τριακοσίας
777 4686 1094 4756 τριάκοντα
1131 4686 1337 4739 πέντεο
1365 4685 1459 4738 τοῦ
1486 4684 1593 4757 γὰρ
1618 4685 1735 4756 βδε-

178 4777 440 4849 λύγματος
498 4776 970 4847 παραγενομένου,
1042 4776 1136 4829 καὶ
1198 4774 1553 4846 πολεμοῦντος
1610 4776 1735 4838 τοὺς

181 4870 377 4937 ἁγίους,
412 4870 474 4934 ὃς
505 4868 571 4922 ἂν
602 4869 812 4940 ὑπερϐῇ
843 4867 942 4932 τὰς
970 4868 1177 4941 ἡμέρας
1204 4865 1388 4929 αὑτοῦ,
1421 4867 1511 4919 καὶ
1543 4867 1735 4939 ὲγγίσῃ

180 4962 249 5023 εἰς
283 4960 496 5032 ἡμέρας
532 4960 934 5031 τεσσαράκοντα
977 4959 1155 5024 πέντε,
1195 4958 1385 5027 ἑτέρας
1414 4957 1733 5028 ὲγγιζούσης

180 5052 566 5124 πεντηκοστῆς,
605 5051 836 5122 ἔφθασεν
873 5053 905 5122 ὴ
951 5050 1191 5122 βασιλεία
1215 5051 1322 5104 τῶν
1346 5049 1614 5121 οὐρανῶνο
1645 5050 1734 5120 έρ-

180 5160 320 5213 χεται
365 5147 466 5217 μὲν
496 5146 527 5197 ὁ
576 5145 955 5215 Ἀντίχριστος,
985 5143 1076 5196 καὶ
1107 5144 1186 5206 εὶς
1215 5142 1377 5213 μέρος
1406 5143 1504 5212 τῆς
1533 5159 1729 5214 πεντη-

1823 3219 2011 3274 statuit
2034 3218 2368 3273 Antiochus?
2397 3234 2517 3289 qua:
2542 3234 2670 3274 vero
2705 3219 3073 3284 desolationis,
3115 3220 3221 3275 nisi
3258 3236 3379 3290 quae

1823 3310 1927 3365 erit
1942 3310 2140 3380 ubique
2161 3309 2426 3376 locorum,
2451 3311 2665 3380 quando
2680 3310 2854 3365 aderit
2878 3310 3286 3366 Antichristus?
3308 3311 3376 3364 Et

1823 3405 1876 3459 hi
1890 3404 2231 3458 salvabuntur
2243 3420 2270 3457 e
2282 3419 2439 3456 manu
2451 3404 2636 3469 ipsius,
2659 3402 2844 3467 Edam,
2862 3412 2912 3456 et
2931 3402 3107 3467 Moab,
3126 3411 3173 3456 et
3188 3403 3379 3472 princi-

1822 3497 1966 3566 pium
1978 3496 2207 3564 ﬁtiorum
2224 3497 2466 3557 Ammon;
2482 3493 2685 3557 hienim
2706 3503 2852 3561 sunt,
2870 3495 2961 3564 qui
2976 3509 3093 3549 sese
3110 3494 3211 3564 ipsi
3227 3510 3380 3565 prop-

1824 3594 1905 3641 ter
1932 3584 2414 3653 consanguinitatis
2443 3585 2887 3641 necessitudinem
2907 3587 3244 3650 consociant.
3268 3589 3378 3658 pri-

1824 3676 2006 3745 mique
2032 3676 2204 3743 ipsum
2224 3690 2401 3746 regem
2422 3678 2767 3746 appellantes.
2786 3676 3003 3733 Idumazi
3019 3679 3235 3748 quidem
3252 3690 3379 3734 sunt

1826 3766 1919 3821 lilii
1948 3764 2088 3820 Esau
2113 3766 2165 3818 in
2190 3775 2377 3821 monte
2408 3766 2527 3821 Seir
2554 3768 2886 3836 habitantes;
2911 3771 3154 3825 Moabitae
3174 3788 3299 3826 vero
3325 3783 3380 3827 et

1827 3858 2170 3923 Ammonitaa,
2209 3857 2301 3927 qui
2332 3872 2397 3912 ex
2431 3858 2643 3913 duabus
2672 3861 2843 3930 ipsius
2870 3862 2995 3917 (iliis
3030 3872 3157 3918 sunt
3184 3880 3380 3934 propa-

1828 3951 1957 4021 gati,
1988 3950 2127 4005 sicut
2153 3949 2312 4004 etiam
2348 3950 2518 4005 Isaias
2546 3950 2708 4005 dicit:
2738 3951 2807 4006 Et
2829 3954 3100 4007 extendent
3130 3972 3183 4009 se
3210 3956 3263 4010 in
3285 3973 3377 4008 na-

1827 4040 1976 4096 vibus
2010 4040 2440 4111 alienigenarum,
2484 4040 2642 4093 simul
2668 4058 2811 4095 mare
2840 4042 3296 4113 depraedabantur,
3330 4053 3379 4098 et

1828 4134 1917 4205 qui
1943 4140 2006 4187 ab
2028 4146 2146 4189 ortu
2171 4133 2318 4197 solis,
2342 4132 2431 4204 qui
2463 4133 2527 4186 ab
2549 4134 2811 4189 occidente
2833 4144 2882 4189 et
2911 4134 3151 4205 aquilone
3183 4136 3380 4191 dabunt

1831 4226 2077 4296 gloriam,
2111 4224 2211 4294 ﬁlii
2248 4240 2363 4278 vero
2400 4225 2622 4278 Ammon
2661 4226 2817 4294 primi
2857 4226 3089 4280 obedient
3113 4230 3153 4281 ’.
3186 4226 3285 4283 Hic
3313 4229 3381 4284 ab

1829 4317 1963 4387 ipsis
2002 4332 2095 4371 rex
2132 4317 2421 4381 salutatus,
2468 4325 2522 4370 et
2567 4317 2635 4372 ab
2663 4318 2915 4373 omnibus
2954 4319 3302 4389 glorilicatus,
3330 4331 3382 4376 et

1834 4407 2035 4462 mundo
2056 4407 2381 4462 abominatio
2402 4408 2749 4463 desolationis
2765 4408 3005 4477 effectus,
3027 4410 3216 4467 diebus
3238 4412 3383 4467 mille

1762 4484 1810 4544 υ
1833 4498 2078 4553 ducentis
2110 4498 2400 4569 nonaginta
2429 4499 2812 4556 dominabitur.
2843 4501 3039 4556 Beatus
3085 4505 3173 4574 qui
3219 4506 3382 4558 susti-

1835 4593 2003 4644 nuerit
2038 4607 2196 4661 usque
2217 4591 2283 4644 ad
2306 4591 2415 4645 dies
2444 4592 2585 4646 mille
2612 4602 2861 4648 trecentos
2884 4596 3105 4665 triginta
3127 4598 3383 4668 quinque;

1835 4696 1957 4735 nam
1994 4681 2393 4735 abominatione
2431 4682 2768 4747 adveniente,
2807 4692 2860 4739 et
2890 4695 3107 4741 sanctos
3135 4696 3383 4751 vexante,

1835 4772 2146 4843 quicunque
2168 4772 2315 4827 illius
2331 4772 2446 4828 dies
2468 4776 2823 4844 superaverit.
2843 4777 3198 4868 etpccesserit
3218 4792 3387 4847 prope

1836 4865 1901 4920 ad
1925 4866 2040 4920 dies
2059 4865 2411 4935 quadraginta
2446 4866 2707 4937 quinque,
2737 4868 2860 4923 aliis
2882 4865 3273 4941 quinquaginta
3294 4884 3386 4924 ac-

1837 4957 2173 5022 cedentibus,
2212 4955 2460 5011 adveniet
2496 4973 2717 5028 regnum
2764 4960 3046 5015 cmlorum.
3079 4958 3237 5013 Venit
3265 4960 3386 5030 qui-

1837 5050 1957 5106 dem
1986 5051 2351 5106 Antichristus
2383 5050 2540 5107 etiam
2577 5051 2629 5106 in
2654 5060 2858 5122 partem
2893 5052 3381 5123 quinquagesimae;

1838 5161 2061 5215 regnum
2091 5160 2218 5201 vero
2245 5145 2417 5201 sancti
2444 5161 2566 5201 cum
2596 5144 2821 5216 Christo
2842 5144 3207 5201 haereditaturi
3234 5153 3383 5201 sunt.

179 5238 389 5308 κοστῆς,
420 5236 519 5309 τὴν
548 5236 605 5289 δὲ
632 5236 902 5307 βασιλείαν
929 5236 975 5287 οἱ
1008 5234 1148 5303 ἆγιοι
1189 5236 1304 5305 ἄμα
1345 5233 1563 5306 Χριστῷ
1601 5234 1949 5309 κληρονομεῖν
1980 5238 2245 5308 μέλλουσι.

244 5328 378 5385 XLI.
421 5328 639 5383 Τούτων
682 5328 856 5392 οὕτως
903 5327 1201 5399 εἰρημένων
1222 5367 1236 5392 ,
1265 5328 1412 5396 λέγει
1440 5328 1469 5380 ὁ
1502 5325 1728 5397 Δανιήλ·

1904 5328 2040 5383 XLI.
2082 5329 2178 5385 His
2223 5330 2295 5386 ita
2336 5332 2620 5399 enarratis,
2664 5332 2739 5385 ait
2783 5329 3009 5385 Daniel:
3042 5328 3107 5383 Et
3141 5346 3254 5384 ecce
3282 5331 3387 5384 duo

180 5428 278 5481 Kal
320 5425 449 5481 ἰδοὺ
495 5425 605 5479 δύο
646 5424 859 5493 ἄνδρες
902 5420 1289 5489 εἱστήκασαν,
1336 5415 1423 5486 εἷς
1459 5420 1726 5474 ἐντεῦθεν

1834 5420 1933 5473 viri
1962 5430 2235 5488 steterunt,
2262 5439 2392 5475 unus
2410 5423 2527 5477 hinc
2546 5439 2699 5491 super
2720 5422 2887 5491 ripam
2908 5421 3163 5489 ﬂuminis,
3184 5430 3233 5475 et
3250 5419 3386 5474 alius

180 5519 277 5572 τοῦ
318 5520 566 5589 χείλους
598 5518 703 5573 τοῦ
734 5514 1019 5586 ποταμοῦ,
1068 5515 1163 5569 καὶ
1191 5510 1278 5580 εἷς
1308 5513 1605 5576 ἐντεῦθεν,
1636 5512 1726 5569 xal

1836 5509 1975 5573 inde,
2022 5519 2071 5563 et
2115 5512 2481 5581 responderunt
2532 5512 2640 5564 viro
2711 5510 2803 5580 qui
2841 5512 3015 5563 stabat
3042 5526 3196 5579 super
3223 5526 3388 5580 aquas

180 5608 592 5677 ἀπεκρίθησαν
620 5607 698 5673 τῷ
720 5604 890 5675 ἀνδρὶ
918 5602 996 5670 τῷ
1020 5604 1298 5673 ἑστηκότι
1326 5603 1421 5657 ἐπὶ
1453 5602 1515 5658 τὸ
1538 5601 1726 5672 χεῖλος

1836 5602 2089 5671 ﬂuminis,
2118 5614 2166 5658 et
2198 5604 2439 5658 dixerunt
2463 5603 2544 5658 illi
2574 5617 2591 5657 :
2628 5600 2898 5675 Usquequo
2934 5602 3055 5672 ﬁnis
3092 5617 3388 5675 sermonum
3418 5631 3422 5635 -

244 5793 262 5825 ¹
295 5793 463 5866 Apoc.
495 5804 572 5858 si,
599 5788 652 5845 3.
728 5792 747 5822 ²
776 5787 882 5845 Isa.
908 5804 987 5857 xl,
1023 5791 1104 5846 li.
