3814 6198
433 283 537 343 667

1332 289 1385 344 S.
1425 290 1781 348 IIIPPOLY'I‘I
1815 292 1963 349 OPP.
1999 295 2176 351 PARS
2209 296 2249 352 Ι.
2284 330 2351 339 -
2386 297 2792 357 EXEGETICA.

3529 302 3630 356 668

434 400 780 464 mirabilium,
827 417 954 470 quos
993 399 1196 456 locutus
1237 405 1325 457 es?
1365 403 1429 456 Et
1473 405 1651 458 audivi
1679 407 1865 471 virum,
1891 407 1980 476 qui

2092 408 2183 461 τοῦ
2203 411 2485 479 ποταμοῦ,
2511 413 2606 468 καὶ
2629 409 2806 466 εἶπαν
2832 403 3006 477 αὐτῷ·
3030 412 3173 478 Ἕως
3192 414 3332 467 πότε
3357 415 3418 468 τὸ
3449 418 3635 485 πέρας

433 493 647 544 indutus
676 502 788 544 erat
809 491 1022 559 baddin,
1049 495 1136 562 qui
1171 495 1342 547 stabat
1368 513 1520 563 super
1544 513 1703 566 aquas
1730 498 1984 565 ﬂuminis,

433 594 482 635 et
516 583 733 636 elevavit
762 583 1028 637 dexteram
1055 601 1225 648 suam,
1252 597 1300 640 et
1329 587 1601 639 sinistram
1633 588 1685 640 in
1712 588 1915 655 emtum,
1937 598 1986 642 et

428 672 631 741 juravit
657 689 748 742 per
767 675 1014 728 viventem
1048 677 1100 728 in
1129 687 1380 730 wternum
1407 693 1424 729 :
1455 680 1577 748 quia
1605 679 1658 732 in
1687 689 1904 749 tempus,
1935 691 1985 734 et

439 773 692 833 tempora,
715 773 764 818 et
791 765 1070 817 dimidium
1100 768 1366 835 temporis,
1395 785 1512 820 cum
1543 770 1797 838 completa
1827 772 1984 841 fuerit

435 853 710 922 dispersio,
739 863 1109 923 cognoscentur
1141 856 1376 909 universa
1402 859 1529 912 hwc.

434 945 672 1014 αἰῶνας,
699 945 788 1000 ὅτι
819 949 906 1012 είς
946 948 1172 1016 καιρὸν,
1208 949 1466 1018 καιροὺς,
1489 952 1586 1006 καὶ
1616 951 1801 1020 ἣμισυ
1837 954 2062 1024 καιροῦ,

435 1041 625 1098 ταῦτα
657 1041 869 1096 πάντα.

509 1136 666 1192 XLII.
709 1137 939 1204 Quinam
975 1147 1155 1194 autem
1185 1148 1337 1195 erant
1361 1140 1469 1196 duo
1501 1141 1624 1206 viri,
1652 1143 1746 1213 qui
1768 1145 1984 1200 stabant

437 1229 578 1299 apud
603 1229 772 1298 ripam
807 1228 1066 1296 ﬂuminis,
1102 1229 1206 1285 nisi
1235 1231 1321 1286 lex
1355 1239 1410 1287 et
1439 1233 1746 1302 propheta?
1782 1245 1835 1290 et
1861 1238 1984 1306 quis

438 1330 575 1384 erat,
604 1321 694 1391 qui
722 1322 900 1376 stabat
929 1337 1091 1392 super
1119 1338 1338 1394 aquam,
1364 1324 1470 1378 nisi
1499 1326 1587 1381 hic
1615 1327 1748 1396 ipse,
1779 1329 1846 1384 de
1875 1345 1984 1400 quo

439 1412 538 1482 ipsi
570 1413 696 1467 olim
731 1413 1152 1482 prophetarum;
1181 1416 1273 1485 qui
1316 1416 1624 1473 novissimis
1653 1422 1984 1490 temporibus

437 1505 492 1559 in
522 1503 756 1560 Iordane
795 1505 1080 1561 manifeste
1121 1506 1486 1560 testimonium
1519 1518 1840 1578 accepturus
1867 1520 1983 1566 erat

439 1613 470 1652 a
497 1595 673 1660 Patre,
702 1605 755 1652 et
787 1613 814 1651 a
844 1596 1050 1652 Joanne
1079 1599 1276 1668 populo
1308 1599 1532 1654 ﬁdenter
1555 1609 1670 1654 erat
1697 1601 1981 1656 ostenden-

436 1689 560 1751 dus,
591 1690 680 1759 qui
705 1689 852 1759 kasty
885 1690 1068 1744 scriba:
1102 1691 1420 1756 circa‘renes
1459 1690 1674 1760 ferebat,
1704 1704 1751 1748 et
1787 1693 1981 1746 baddin
2017 1719 2058 1775 Β

441 1783 622 1836 tunica
651 1785 811 1837 variis
836 1784 1095 1838 coloribus
1123 1784 1374 1838 distincta
1405 1795 1517 1839 erat
1545 1786 1776 1840 indutus.
1803 1786 1867 1841 Ili
1889 1788 1988 1857 igi—

436 1881 528 1928 tur
559 1874 893 1942 interrogant
921 1890 1065 1940 eum,
1099 1874 1330 1930 scientes
1350 1876 1492 1945 quod
1521 1876 1620 1944 ipsi
1646 1877 1827 1930 datum
1851 1886 1992 1932 esset

437 1978 596 2018 omne
629 1963 913 2033 imperium
946 1974 998 2018 et
1031 1971 1290 2032 potestas,
1326 1974 1384 2018 ut
1411 1974 1656 2019 accurate
1690 1965 1900 2020 discant
1923 1965 1990 2020 ah

438 2068 526 2116 eo.
574 2055 793 2123 quando
831 2054 1094 2122 judicium
1144 2055 1211 2109 de
1243 2055 1444 2109 mundo
1473 2063 1616 2110 esset
1647 2055 1910 2123 facturus,
1939 2065 1992 2111 et

437 2159 549 2214 quo
577 2153 834 2214 tempore,
860 2161 980 2214 quae
1003 2146 1070 2200 ab
1094 2145 1208 2216 ipso
1227 2146 1431 2201 elocuta
1448 2156 1619 2212 erant,
1649 2147 1986 2217 adimplenda

439 2235 636 2293 forent.
661 2237 753 2294 Ille
783 2255 910 2294 vero
939 2239 1123 2295 volens
1163 2255 1256 2294 eos
1291 2242 1512 2294 omnino
1540 2251 1715 2296 certos
1740 2243 1982 2306 reddere,

437 2329 667 2385 elevavit
693 2331 966 2386 dexteram
997 2347 1174 2398 suam,
1200 2340 1252 2386 et
1281 2332 1556 2386 sinistram
1599 2333 1652 2386 in
1685 2333 1903 2398 coelum,
1931 2341 1986 2388 et

433 2418 638 2489 juravit
669 2435 764 2490 per
795 2421 1060 2476 viventem
1109 2422 1164 2476 in
1197 2430 1474 2477 aeternum.
1516 2422 1667 2488 Quis.
1701 2439 1794 2493 per
1823 2439 1982 2492 quem

432 2512 675 2582 juravit?
713 2512 884 2568 Filius
916 2514 1160 2569 videlicet
1187 2529 1281 2584 per
1311 2514 1545 2579 Patrem,
1586 2516 1808 2570 dicens:
1841 2516 1985 2570 Vivit

439 2601 599 2656 Pater
630 2603 681 2655 in
711 2612 992 2670 aeternum,
1029 2605 1134 2658 nisi
1179 2605 1230 2659 in
1272 2614 1504 2674 tempus,
1539 2615 1591 2660 et
1634 2614 1897 2676 tempora,
1931 2613 1985 2660 et

438 2693 720 2747 dimidium
751 2696 1027 2764 temporis,
1065 2711 1186 2750 cum
1215 2697 1478 2768 completa
1516 2697 1676 2752 fuerit
1699 2698 1982 2768 dispersio,

437 2794 828 2856 cognoscentur
853 2787 966 2842 haec
993 2787 1195 2842 omnia.

2090 497 2206 552 τῶν
2234 503 2426 570 λόγων
2465 501 2583 555 τῶν
2623 502 2976 572 θαυμαστῶν
3020 496 3106 556 ὧν
3148 505 3487 573 ἐ.1άλησας;
3534 513 3634 564 καὶ

2089 595 2324 662 ἤκουσα
2353 596 2457 650 τοῦ
2484 596 2701 664 ἀνδρὸς
2728 597 2832 650 τοῦ
2870 596 3260 665 ἐνδεδυμένον
3294 599 3359 651 τὸ
3389 601 3635 664 βαδδὶν,

2089 684 2157 750 ὃς
2179 681 2256 755 ἦν
2279 684 2476 739 ἐπάνω
2499 687 2604 739 τοῦ
2628 686 2841 753 ὕδατος
2860 688 2964 740 τοῦ
2995 689 3280 757 ποταμοῦ,
3306 690 3404 744 καὶ
3426 692 3640 760 ὔψωσε

2087 775 2200 842 τὴν
2239 775 2442 841 δεξιὰν
2483 778 2688 841 αὐτοῦ,
2735 779 2829 832 καὶ
2862 779 2974 848 τὴν
3003 780 3320 849 ἀριστερὰν
3341 785 3525 837 αὑτοῦ
3548 788 3636 850 εις

2085 865 2192 918 τὸν
2226 867 2503 934 οὐρανὸν,
2546 868 2641 920 καὶ
2679 867 2910 936 ὤμοσεν
2951 869 3022 922 έν
3056 869 3134 935 τῷ
3171 868 3332 930 ζῶντι
3367 875 3454 938 είς
3493 874 3638 938 τοὺς

2091 957 2160 1010 ἐν
2183 956 2263 1023 τῷ
2287 958 2756 1028 συντελεσθῆναι
2786 960 3273 1030 διασκορπισμὸν,
3308 962 3638 1033 γνώσονται

2155 1143 2315 1199 XLII.
2389 1144 2545 1208 Τίνες
2586 1139 2678 1200 οῦν
2718 1140 2853 1215 ἦσαν
2894 1146 2941 1197 οἱ
2981 1144 3079 1198 δύο
3106 1145 3292 1216 ἄνδρες
3331 1148 3378 1200 oi
3403 1147 3641 1212 ἑστῶτες

2088 1234 2237 1307 παρά
2263 1235 2324 1289 τὸ
2353 1236 2524 1306 χεῖλος
2567 1235 2658 1289 τοῦ
2700 1235 2960 1306 ποταμοῦ,
2996 1235 3162 1306 ἀλλ’ἢ
3197 1239 3225 1290 6
3247 1238 3403 1308 νόμος
3447 1239 3545 1292 καὶ
3587 1242 3640 1294 οι

2087 1327 2388 1400 προφῆται;
2428 1329 2522 1380 καὶ
2559 1327 2645 1390 τίς
2675 1323 2742 1398 ἦν
2767 1329 2795 1380 6
2827 1327 2996 1392 ἑστὼς
3023 1330 3203 1382 ἐπάνω
3227 1330 3319 1384 τοῦ
3347 1330 3556 1394 ὓδατος,
3588 1334 3640 1384 εί

2091 1421 2163 1492 μὴ
2188 1419 2347 1483 αὐτὸς
2375 1413 2526 1482 οὗτος
2551 1419 2676 1489 περὶ
2699 1415 2758 1473 οὗ
2783 1419 2930 1472 αὐτοὶ
2955 1419 3115 1473 πάλαι
3144 1422 3547 1493 προεκήρυξαν;
3577 1423 3640 1486 ὃς

2087 1505 2306 1575 ἔμελλεν
2342 1506 2426 1558 ἐπ’
2455 1506 2694 1576 ἐσχάτων
2725 1507 2819 1560 ἐπὶ
2843 1507 2918 1576 τῷ
2963 1508 3194 1581 Ἰορδάνῃ
3241 1511 3485 1582 φανερῶς
3533 1512 3640 1566 Camb

2085 1595 2176 1649 τοῦ
2203 1596 2411 1668 Πατρδς
2452 1598 2855 1669 μαρτυρεῖσθαι,
2890 1600 2980 1652 καὶ
3010 1599 3112 1652 ὑπὸ
3147 1601 3385 1654 Ἰωάννου
3416 1603 3496 1673 τῷ
3522 1603 3642 1675 λαῷ

2087 1687 2362 1759 παρρησίᾳ
2403 1687 2726 1743 δείκνυσθαι·
2755 1692 2788 1743 ό
2811 1689 2875 1743 τὸ
2899 1688 3090 1744 κάστυ
3127 1691 3233 1746 τοῦ
3261 1694 3630 1763 γραμματέως

2085 1779 2216 1846 περὶ
2249 1779 2362 1848 τὴν
2389 1779 2585 1850 ὀσφὺν
2607 1781 2819 1849 φέρων,
2849 1780 2947 1834 καὶ
2978 1780 3044 1833 τὸ
3067 1781 3288 1846 ,βαδδὶν
3313 1783 3419 1836 τὸν
3446 1764 3640 1838 ποικί-

2085 1870 2197 1922 λον
2227 1868 2443 1935 χιτῶνα
2489 1868 2896 1937 ἐνδεδυμένος.
2945 1863 3100 1922 Οὗτοι
3145 1865 3236 1922 οὖν
3281 1871 3638 1925 πυνθάνονται

2086 1959 2270 2024 αὐτοῦ,
2301 1960 2495 2024 εἰδότες
2523 1961 2603 2013 ὃτι
2633 1959 2780 2030 αὐτῷ
2806 1959 2959 2031 ἐδόθη
3002 1962 3150 2014 πᾶσα
3190 1962 3329 2032 ἀρχὴ
3364 1963 3457 2014 καὶ
3484 1961 3642 2028 ἐξου-

2089 2051 2207 2103 σία·
2249 2051 2336 2104 ἵνα
2381 2050 2589 2122 μάθωσι
2634 2052 2758 2122 παρ’
2799 2051 2958 2106 αὐτοῦ
3001 2052 3239 2123 ἀκριϐῶς
3279 2053 3406 2104 πότε
3455 2053 3641 2123 μέλλει

2087 2143 2311 2211 ἐπάγειν
2338 2142 2414 2214 τῷ
2440 2143 2625 2215 κόσμῳ
2654 2144 2749 2215 τὴν
2772 2147 2969 2216 κρίσιν,
3005 2146 3097 2198 καὶ
3121 2145 3248 2198 πότε
3271 2147 3338 2200 τά
3365 2147 3453 2198 ὑπ’
3474 2145 3640 2200 αὐτοῦ

2086 2235 2424 2306 λελαλημένα
2457 2235 2899 2306 πληρωθήσεται·
2937 2240 2964 2290 6
2983 2239 3039 2291 δέ
3073 2239 3210 2292 κατὰ
3237 2239 3413 2290 πάντα
3437 2238 3641 2307 τρόπον

2085 2324 2290 2377 πείθειν
2315 2324 2532 2388 τούτους
2565 2325 2876 2396 βουλόμενος
2907 2328 3077 2398 ἐπῆρε
3118 2327 3213 2397 τὴν
3248 2326 3424 2393 δεξιὰν
3450 2327 3638 2391 αὑτοῦ,

2085 2417 2179 2470 καὶ
2204 2417 2300 2486 τὴν
2322 2417 2612 2487 ἀριστερὰν
2639 2421 2715 2482 είς
2744 2418 2833 2471 τὸν
2871 2421 3112 2489 οὐρανὸν,
3153 2419 3246 2472 καὶ
3284 2418 3461 2488 ὤμοσε
3500 2419 3640 2471 κατά

2084 2508 2175 2561 τοῦ
2203 2507 2398 2572 ζῶντος
2421 2509 2500 2571 είς
2515 2509 2604 2561 τὸν
2619 2510 2808 2564 αἰῶνα·
2831 2510 2909 2574 τίς
2927 2510 3065 2563 κατά
3091 2512 3231 2575 τίνος
3250 2511 3458 2582 ὤμοσεν
3478 2526 3494 2574 ;
3517 2507 3640 2570 Υἱὸς

2087 2601 2321 2670 δηλονότι
2344 2602 2482 2656 κατὰ
2502 2601 2594 2655 τοῦ
2619 2602 2848 2675 Πατρὺς,
2867 2604 3056 2672 λέγων·
3075 2602 3190 2656 Ὅτι
3210 2601 3272 2672 ζῇ
3299 2604 3326 2654 6
3349 2601 3542 2672 Πατὴρ
3561 2602 3642 2663 είς

2086 2693 2176 2746 τὸν
2213 2694 2400 2758 αἰῶνα,
2430 2697 2476 2748 εί
2507 2694 2580 2766 μὴ
2610 2697 2687 2758 εἰς
2718 2696 2923 2767 καιρὸν,
2954 2697 3045 2749 καὶ
3071 2695 3312 2765 καιροὺς,
3345 2693 3437 2747 καὶ
3471 2695 3638 2763 ἧμισδ

2090 2785 2302 2857 καιροῦ,
2331 2787 2388 2838 ἐν
2415 2785 2491 2856 τῷ
2533 2786 2935 2857 συντελεσθῆναι
2963 2787 3386 2859 διασκορπισμὸν
3411 2787 3642 2855 γνώσον-

2089 2894 2181 2931 ται
2202 2879 2372 2933 ταῦτα
2397 2879 2591 2932 πάντα.

508 2967 691 3022 XLIII.
725 2965 878 3032 Quod
924 2983 1050 3022 vero
1087 2969 1200 3038 ipse
1233 2969 1419 3023 ambas
1450 2984 1644 3024 manus
1670 2966 1988 3033 extcnderit,

2161 2967 2341 3023 XLIII.
2391 2970 2461 3021 T6
2507 2965 2597 3022 οὖν
2639 2971 2868 3023 ἐκτεῖναι
2910 2971 3069 3026 αὐτὸν
3091 2971 3188 3034 τὰς
3213 2970 3303 3024 δύο
3334 2973 3541 3040 χεῖρας,
3575 2971 3640 3024 δι’

439 3076 535 3130 ρει·
562 3061 662 3115 hoc
683 3059 991 3128 passionem
1019 3059 1433 3124 demonstravit;
1466 3061 1607 3128 quod
1630 3068 1806 3114 autem
1835 3058 1986 3113 dixe-

439 3153 530 3216 rit,
564 3153 619 3205 in
652 3161 851 3219 tempus
877 3189 891 3214 ,
935 3159 983 3204 et
1014 3162 1264 3220 tempora,
1302 3159 1350 3204 et
1402 3150 1678 3203 dimidium
1723 3151 1985 3218 temporis,

440 3261 556 3296 cum
587 3242 842 3311 completa
861 3241 1018 3310 fuerit
1052 3242 1324 3311 dispersio,
1357 3249 1463 3297 tres
1483 3257 1604 3296 cum
1637 3241 1858 3296 dimidio
1891 3256 1986 3294 an-

442 3351 540 3390 nos
575 3334 891 3389 Antichristi
928 3334 1264 3404 signiﬁcavit.
1305 3332 1539 3403 Tempus
1579 3333 1720 3387 enim
1761 3348 1985 3399 annum,

439 3436 494 3481 ct
523 3437 766 3496 tempora
792 3427 928 3479 duos
958 3439 1148 3489 annos,
1171 3425 1450 3479 dimidium
1477 3438 1604 3478 vero
1633 3423 1885 3492 temporis
1906 3423 1987 3476 di-

442 3518 662 3572 midium
691 3518 818 3572 anni
848 3517 1116 3586 intelligit.
1164 3517 1226 3570 Ili
1263 3527 1389 3570 sunt
1418 3515 1558 3568 mille
1590 3515 1794 3567 ducenti
1821 3531 1985 3567 nona-

440 3609 588 3680 ginta
630 3608 761 3675 dies,
811 3623 949 3678 quos
993 3605 1240 3676 praedixit
1288 3604 1506 3670 Daniel,
1547 3618 1669 3657 cum
1701 3600 1987 3670 adimpleta

443 3699 605 3756 fuerit
628 3701 830 3769 passio,
856 3710 910 3754 et
936 3699 1076 3755 facta
1107 3697 1268 3753 fuerit
1292 3697 1577 3766 dispersio,
1599 3703 1866 3762 praesente
1885 3694 1988 3748 An-

443 3793 688 3850 tichristo
713 3810 727 3859 ;
755 3793 808 3846 in
841 3792 1033 3847 diebus
1055 3791 1161 3845 illis
1182 3797 1571 3860 cognoscentur
1589 3788 1834 3842 universa
1851 3787 1982 3842 haec.

443 3885 508 3938 Et
537 3900 567 3937 a
591 3892 826 3954 tempore
845 3925 861 3951 ,
895 3899 1002 3954 quo
1031 3883 1266 3938 ablatum
1297 3881 1456 3936 fuerit
1479 3881 1605 3952 jugc
1639 3880 1983 3946 sacriﬁcium,

442 3977 608 4030 etiam
658 3976 792 4031 dies.
835 3976 982 4030 mille
1039 3975 1253 4030 ducenti
1302 3973 1590 4039 nonaginta
1643 3970 1987 4040 computandi

444 4077 601 4135 sunt;
654 4067 951 4123 abundabit
1001 4067 1276 4136 iniquitas,
1331 4064 1471 4118 sicut
1512 4064 1672 4117 etiam
1721 4061 1986 4130 Dominus

442 4161 610 4215 dicit:
639 4160 899 4226 Quoniam
926 4157 1207 4212 abundavit
1235 4155 1506 4223 iniquitas,
1548 4152 1839 4222 refrigescet
1860 4151 1986 4204 cha-

445 4251 575 4304 ritas
604 4251 882 4303 multorum
905 4249 946 4300 ³.

2091 3059 2252 3112 αὐτοῦ
2286 3060 2344 3113 τὸ
2377 3060 2542 3124 πάθος
2575 3061 2757 3127 ἔδειξε·
2790 3062 2849 3115 τὸ
2869 3061 2924 3116 δὲ
2963 3065 3132 3116 εἰπεῖν
3162 3064 3247 3128 εὶς
3278 3062 3516 3130 καιρὸν,
3543 3061 3644 3114 καὶ

2090 3151 2348 3218 καιροὺς,
2378 3153 2474 3205 καὶ
2505 3151 2688 3221 ἣμισυ
2727 3153 2932 3220 καιροῦ
2956 3155 3025 3206 ἐν
3057 3153 3136 3219 τῷ
3171 3150 3644 3220 συντελεσθῆναι

2089 3241 2578 3312 διιισκορπισμὸν,
2625 3243 2691 3296 τά
2722 3244 2845 3314 τρία
2895 3246 3064 3315 ἥμισυ
3106 3244 3196 3315 ἔτη
3237 3244 3329 3296 τοῦ
3375 3243 3643 3314 ἰςντιχρί-

2093 3350 2212 3384 στου
2247 3335 2478 3405 ἐσήμανε
2503 3353 2516 3365 ·
2551 3336 2735 3406 καιρὸν
2767 3336 2873 3407 γὰρ
2909 3335 3054 3404 λέγει
3081 3335 3350 3399 ἐνιαυτὸν,
3395 3335 3490 3388 καὶ
3522 3352 3644 3387 και-

2091 3427 2216 3495 ροὺς
2235 3425 2288 3479 δὲ
2325 3426 2416 3480 δύο
2452 3427 2566 3498 ἔτη,
2610 3429 2777 3499 ἥμισυ
2819 3429 2874 3483 δέ
2915 3430 3102 3501 καιροῦ
3147 3431 3313 3500 ἥμισυ
3356 3427 3603 3481 ἐνιαυτοῦ
3628 3443 3645 3457 ·

2089 3512 2246 3570 αὗταί
2262 3519 2395 3570 εἰσιν
2423 3523 2479 3572 αὶ
2504 3521 2689 3587 χίλιαι
2713 3520 3007 3574 διακόσιαι
3031 3521 3390 3586 ἐνενήκοντα
3411 3518 3647 3588 ἡμέραι,

2089 3608 2153 3672 ἃς
2189 3613 2411 3680 προεῖπε
2453 3610 2644 3681 Δανιὴλ
2689 3613 2746 3663 ἐν
2781 3611 2856 3681 τῷ
2905 3610 3307 3680 συντελεσθῆναι
3344 3609 3404 3662 τὸ
3448 3609 3648 3674 πάθος,

2091 3701 2183 3754 καὶ
2202 3700 2457 3769 ’γενέσθαι
2497 3701 2916 3774 διασκορπισμὸν
2953 3703 3214 3773 παρόντος
3249 3699 3339 3753 τοῦ
3383 3701 3654 3770 Ἀντιχρίο

2093 3809 2242 3845 στου·
2291 3795 2347 3846 ἐν
2390 3795 2508 3856 ταῖς
2551 3792 2781 3864 ἡμέραις
2838 3793 3070 3855 ἐκείναις
3121 3791 3414 3860 γνώσονται
3471 3791 3650 3844 ταῦτα

2091 3883 2284 3936 πάντα·
2335 3885 2426 3937 καὶ
2458 3884 2564 3937 ἀπὸ
2603 3884 2789 3954 καιροῦ
2825 3883 3206 3956 παραλλάξεως
3252 3883 3343 3935 τοῦ
3380 3881 3649 3952 ἐνδελεχι-

2094 3975 2248 4046 σμοῦ,
2288 3976 2377 4028 καὶ
2412 3975 2472 4026 τὸ
2499 3974 2704 4043 ἡμέραι
2727 3975 2911 4043 χίλιαι
2949 3973 3242 4026 διακόσιαι
3281 3971 3653 4038 ἐνενήκοντα

2093 4067 2452 4137 ψηφιζόμενόν
2472 4068 2604 4119 ἐστι·
2625 4065 3050 4136 πληθυνθήσεται
3068 4067 3100 4135 ή
3117 4065 3331 4135 ἀνομία,
3349 4061 3533 4127 καθὼς
3553 4071 3653 4123 καὶ

2094 4157 2122 4207 ὀ
2153 4157 2422 4227 Δεσπότης
2462 4156 2636 4224 λέγει·
2679 4155 2778 4208 Διά
2808 4155 2873 4209 τὸ
2915 4153 3327 4223 πληθυνθῆναι
3367 4154 3481 4221 τὴν
3516 4155 3655 4208 ἀνο-

2088 4251 2251 4318 μίαν,
2291 4248 2620 4318 ψυγήσεται
2649 4250 2686 4317 ή
2719 4245 2912 4316 ἀγάπη
2932 4243 3046 4298 τῶν
3070 4242 3328 4298 πολλῶν.

514 4340 698 4394 XLIV.
741 4341 892 4408 Quod
927 4339 1070 4394 enim
1111 4335 1551 4408 praevaricatione
1580 4333 1721 4389 facta
1747 4334 1984 4389 exciten-

2157 4337 2340 4393 XLIV.
2381 4341 2498 4392 Ὅτι
2539 4337 2646 4409 γὰρ
2675 4337 2773 4407 τῆς
2815 4333 3196 4406 παραλλάξεως
3244 4330 3541 4402 γενομένης
3579 4329 3656 4383 τὰ

447 4441 534 4485 tur
555 4431 798 4495 dissidia,
829 4430 1035 4484 nullum
1065 4429 1285 4484 dubium
1319 4436 1421 4492 est,
1446 4427 1536 4482 sed
1569 4424 1809 4480 dissidiis
1838 4439 1997 4478 exor-

447 4525 517 4578 tis
553 4523 852 4593 refrigescit
891 4523 1147 4577 charitas.
1192 4519 1258 4574 Et
1295 4519 1424 4573 illud
1457 4517 1684 4572 :Beatus
1710 4518 1801 4586 qui
1823 4533 1995 4586 perse-

446 4615 717 4678 veraverit,
747 4622 796 4666 et
815 4615 1097 4682 pervenerit
1131 4615 1198 4667 ad
1215 4613 1322 4666 dies
1344 4611 1484 4665 mille
1507 4618 1755 4664 trecentos
1783 4610 1998 4679 triginta

446 4707 689 4776 quinque,
739 4705 1034 4759 notandum
1080 4714 1180 4770 est,
1218 4705 1359 4760 sicut
1383 4703 1519 4758 dixit
1556 4701 1857 4756 Dominus:
1895 4699 2000 4764 Qui

447 4806 623 4850 autem
643 4795 1035 4865 perseveraverit
1075 4811 1234 4866 usque
1253 4796 1305 4848 in
1338 4795 1526 4863 ﬁnem,
1563 4795 1646 4848 hic
1673 4794 1845 4847 salvus
1867 4793 1987 4846 erit.

449 4885 807 4951 Quamobrem
851 4885 1206 4940 univcrsalem
1248 4885 1741 4954 praevaricationem
1772 4883 1992 4938 minime

448 4987 841 5048 exspectemus,
877 4992 942 5030 nc
973 4977 1232 5046 iniquitas
1268 4977 1520 5040 abundet,
1551 4985 1606 5030 et
1643 4983 1870 5044 occupet
1893 4989 1993 5028 nos

451 5071 786 5126 abominatio
827 5069 1204 5132 desolationis,
1258 5069 1461 5124 scilicet
1507 5068 1866 5124 adversarius.
1930 5065 1993 5120 Et

450 5163 585 5216 dixit
630 5161 754 5231 ipsi,
803 5176 962 5231 usque
1003 5161 1070 5213 ad
1112 5175 1374 5229 vesperas,
1412 5159 1555 5230 quod
1601 5168 1684 5214 est
1727 5173 1898 5226 usque
1928 5157 1993 5210 ad

452 5253 1007 5317 consummationem;
1049 5261 1099 5306 et
1150 5267 1302 5305 mane
1340 5267 1359 5304 :
1385 5251 1514 5320 quid
1542 5259 1625 5305 est
1660 5249 1854 5304 mane?
1880 5248 1995 5303 dies

453 5345 887 5402 resurrectionis.
935 5346 1154 5400 Initium
1193 5345 1337 5400 enim
1391 5355 1474 5401 est
1532 5343 1750 5398 alterius
1791 5341 1996 5408 saeculi,

453 5439 902 5508 quemadmodum
941 5439 1152 5494 initium
1194 5438 1296 5492 diei
1328 5445 1411 5492 est
1451 5450 1624 5491 mane.
1664 5434 1784 5489 Dies
1816 5442 1992 5487 autem

457 5533 602 5588 inille
635 5532 1010 5603 quadringenti
1049 5540 1174 5588 sunt
1216 5532 1394 5586 lumen
1429 5527 1648 5595 mundi;
1701 5543 1821 5584 cum
1853 5527 1994 5584 enim

534 5670 553 5701 ³
582 5668 764 5724 Matth.
796 5685 950 5737 XXIV,
981 5669 1064 5724 I2.

2094 4431 2362 4501 σχίσματα
2383 4429 2620 4498 γέγονεν,
2649 4429 2746 4481 οὐκ
2762 4425 3054 4497 ἀμφίϐολον
3073 4442 3087 4455 ο
3115 4424 3219 4477 τῶν
3252 4422 3563 4493 σχισμάτων
3592 4421 3655 4474 δὲ

2093 4519 2392 4590 γενομένων
2419 4517 2687 4587 πέψυκται
2716 4520 2750 4586 ἡ
2781 4516 2965 4585 ἀγάπη
2983 4532 2996 4545 ·
3030 4515 3123 4568 καὶ
3153 4513 3216 4566 τό
3239 4531 3252 4543 ·
3287 4511 3589 4580 Μακάριος
3621 4515 3656 4564 ό

2094 4610 2436 4678 ὑπομείνας,
2471 4607 2567 4660 καὶ
2588 4605 2822 4675 φθάσας
2843 4605 3059 4674 ἡμέρας
3089 4604 3285 4673 χιλίας
3307 4600 3655 4668 τριακοσίας

2095 4701 2404 4769 τριάκοντα
2428 4701 2622 4764 πέντε,
2651 4698 2762 4751 ἐστι
2776 4715 2876 4768 χρη
2886 4695 3109 4758 στὸν,ὼς
3129 4692 3276 4747 εἶπεν
3291 4694 3320 4745 6
3340 4693 3617 4762 Δεσπότης
3631 4707 3646 4721 ⁸

2107 4795 2168 4848 '0
2201 4793 2267 4847 δὲ
2292 4793 2610 4861 ὑπομείνας
2631 4793 2714 4856 είς
2729 4789 2897 4856 τέλος
2925 4784 3100 4854 οὗτος
3124 4785 3473 4853 σωθήσεται.
3509 4783 3652 4837 Καθ’

2095 4886 2212 4939 ὅλου
2248 4886 2422 4938 τοίνυν
2452 4883 2547 4954 τὴν
2587 4880 2914 4953 παράλλαξιν
2953 4881 3024 4951 μὴ
3069 4877 3494 4952 παραδεξώμεθα
3517 4916 3532 4940 ,
3561 4878 3649 4930 ἵνα

2100 4976 2173 5047 μὴ
2193 4979 2226 5047 ὴ
2248 4976 2441 5046 ἀνομία
2469 4973 2764 5045 πληθυνθῇ,
2777 4973 2869 5026 καὶ
2888 4971 3160 5042 καταλάϐῃ
3181 4971 3241 5024 τὸ
3262 4969 3530 5040 βδέλυγμα
3549 4969 3652 5038 τῆς

2101 5065 2445 5138 ἐρημώσεως,
2460 5066 2731 5119 τουτέστιν
2758 5067 2786 5118 6
2803 5064 3184 5135 ἀντικείμενος·
3200 5063 3293 5115 καὶ
3313 5057 3459 5113 εἶπεν
3477 5059 3646 5130 αὐτῷ·

2099 5159 2208 5224 ἕως
2256 5158 2533 5227 ἑσπέρας,
2576 5158 2818 5210 τουτέστι
2851 5157 3007 5228 μέχρι
3053 5157 3150 5227 τῆς
3179 5154 3511 5216 συντελείας·
3550 5154 3648 5205 καὶ

2101 5253 2276 5319 πρωΐ·
2323 5253 2456 5323 ὅπερ
2509 5252 2624 5304 ἐστὶ
2671 5251 2840 5322 πρωῖ;
2876 5253 2908 5319 ὴ
2941 5249 3118 5320 ἡμέρα
3143 5248 3241 5318 τῆς
3272 5247 3645 5308 ἀναστάσεως·

2101 5343 2242 5414 ἀρχὴ
2271 5343 2377 5415 γάρ
2406 5345 2549 5396 ἐστιν
2585 5343 2767 5414 ἐτέρου
2799 5341 2989 5404 αἰῶνος
3011 5380 3026 5404 ,
3069 5340 3143 5403 ὡς
3173 5339 3313 5412 ἀρχὴ
3340 5337 3578 5410 ἡμέρας,
3617 5339 3659 5410 ἡ

2103 5438 2332 5510 πρωῖνή·
2351 5435 2409 5488 τὺ
2435 5436 2490 5488 δέ
2519 5435 2725 5504 ἡμέραι
2761 5435 2944 5504 χίλιαι
2974 5433 3357 5500 τετρακόσιαι,
3392 5430 3508 5483 ἐστι
3538 5430 3667 5499 φῶς

2105 5529 2301 5601 κόσμου
2323 5548 2335 5560 ·
2381 5528 2474 5583 τοῦ
2504 5527 2609 5598 γὰρ
2643 5527 2812 5598 φωτὸς
2841 5527 3093 5596 φανέντος
3123 5526 3180 5578 ἐν
3207 5524 3282 5596 τῷ
3318 5523 3532 5594 κόσμῳ,
3559 5522 3666 5576 τοῦ
