3814 6198
158 328 310 384 ιῦὃθ

1418 339 1702 397 SCHOLIA
1736 341 1799 395 IN
1840 342 2199 398 DANIELEM.

3310 351 3410 405 670

214 441 469 503 εἰπόντος’
516 440 664 511 Ἐγὼ
692 445 806 514 ειμι
837 447 900 499 τὸ
940 446 1063 515 φῶς
1102 448 1208 502 τοῦ
1239 452 1488 520 κόσμου,
1532 457 1765 522 καθαρι-

1866 456 2172 522 apparuerit
2196 457 2283 509 lux
2310 459 2361 511 in
2393 459 2615 526 mundo,
2633 460 2862 530 (dicente
2884 462 2974 517 illo
3005 481 3017 516 :
3057 462 3162 533 Ego
3187 479 3298 514 sum
3321 463 3412 517 lux

215 534 488 600 σθήσεται
525 535 593 587 τὸ
640 536 829 605 ἅγιον,
873 540 949 602 ὡς
989 541 1226 612 εἴρηκεν,
1256 545 1284 595 ὁ
1312 544 1679 614 ἀντικείμενος
1699 549 1715 567 ’
1735 564 1747 575 ·

217 625 446 695 οὐδαμῶς
489 625 597 699 γάρ
632 627 980 699 καθαρίζεται
1011 630 1072 686 τὸ
1099 633 1248 701 ἆγιον
1273 674 1287 697 ,
1330 634 1403 705 μὴ
1432 635 1635 689 ἐκείνου
1668 654 1763 689 κα-

222 714 575 787 ταργηθέντος.

293 856 306 871 ⁶
336 852 551 910 Phrasis
584 866 839 927 corrupta
880 858 1112 915 videtur.

1861 545 2063 614 mundi)
2103 548 2443 601 mandabitur
2462 552 2845 618 sanctaarium,
2865 552 3022 606 sicuti
3051 552 3204 616 dixit,
3228 552 3295 605 ab
3318 552 3410 604 ad-

1865 640 2138 705 versario;
2172 655 2510 712 nequaquam
2536 644 2679 698 enim
2706 644 2998 701 mundatur
3023 646 3409 711 sanctuarium,

1865 733 1968 787 nisi
1999 732 2091 787 illo
2113 747 2319 788 everso.

259 988 3381 1024 _______..___________________________________________

1115 1112 1615 1205 SCHOLIA
1688 1120 1813 1209 IN
1891 1121 2548 1211 DANIELEM.

722 1282 871 1353 (MAI,
904 1284 1231 1354 Scriptorum
1253 1296 1479 1343 veterum
1507 1256 1755 1345 Collectio
1790 1309 1943 1359 nova,
1979 1301 2016 1346 t.
2057 1293 2095 1357 Ι,
2121 1310 2173 1363 p.
2207 1309 2290 1358 ιιι,
2322 1310 2374 1363 p.
2406 1255 2593 1361 29-56,
2622 1296 2861 1365 passim.)

835 1555 990 1608 ΚΕΦ.
1026 1557 1102 1607 A'.

280 1653 339 1699 α’.
388 1646 481 1697 Ἐν
522 1646 639 1698 ἔτει
683 1646 854 1712 τρίτῳ
890 1646 1210 1712 βασιλείας
1258 1647 1531 1717 Ἰωακείμ.
1573 1649 1753 1702 Ἱππο-

220 1738 358 1791 λύτου
384 1736 516 1807 (71).
550 1735 733 1789 Ταῦτα
771 1736 866 1806 μὲν
918 1732 1010 1790 οὖν
1042 1740 1074 1808 ή
1103 1737 1291 1808 Γραφὴ
1335 1737 1632 1808 διηγεῖται,
1667 1739 1753 1792 ἵνα

218 1833 300 1898 τὴν
346 1827 711 1898 γεγενημένην
752 1828 1009 1898 δευτέραν
1058 1828 1431 1899 αἰχμαλωσίαν
1478 1830 1571 1883 τοῦ
1623 1829 1749 1883 λαοῦ

217 1921 441 1992 σημάνῃ,
476 1918 639 1989 ἡνίκα
671 1918 977 1990 μετῳκίσθη
1010 1920 1037 1971 ὃ
1066 1937 1124 1972 τε
1159 1920 1414 1991 Ἰωακεὶμ
1457 1920 1551 1973 καὶ
1583 1923 1629 1974 οἱ
1656 1923 1751 1974 σὺν

216 2012 346 2081 αὑτῷ
376 2015 517 2083 τρεῖς
552 2010 735 2075 παῖδες
769 2011 884 2081 ἅμα
912 2010 990 2081 τῷ
1021 2012 1214 2082 Δανιὴλ
1240 2013 1574 2084 εἰλημμένοι.

274 2104 333 2172 β’.
368 2104 475 2158 Kal
519 2104 701 2157 ἔδωκε
738 2105 973 2171 Κύριος,
997 2122 1051 2157 κ.
1093 2122 1143 2157 τ.
1187 2105 1237 2160 λ.
1286 2107 1402 2159 Ἵνα
1443 2107 1516 2176 μή
1563 2123 1644 2168 τις
1688 2106 1752 2158 ἐκ

210 2195 490 2264 προοιμίων
529 2195 867 2265 ἐντυγχάνων
904 2199 967 2267 τῇ
1005 2195 1195 2268 βίϐλῳ,
1238 2197 1381 2266 ίσχύῖ
1411 2197 1517 2250 τῶν
1558 2197 1748 2250 λαϐόν-

207 2302 305 2338 των
334 2284 597 2357 ἐπιτρέψῃ
630 2285 725 2356 τὴν
757 2285 917 2357 λῆψιν
956 2288 1046 2340 καὶ
1082 2288 1266 2360 ἀτονία
1294 2288 1386 2341 τοῦ
1421 2289 1751 2360 προϊσταμέ-

204 2393 320 2436 you,
356 2375 416 2427 τὸ
444 2374 629 2429 ἔδωκε
656 2376 871 2446 τίθησι·
909 2376 1086 2441 καλῶς
1128 2378 1184 2432 δὲ
1225 2378 1317 2431 καὶ
1338 2378 1456 2433 ἀπὸ
1488 2379 1709 2448 μέρους
1731 2397 1744 2408 ·

203 2468 651 2537 σωφρονιστήριον
682 2468 791 2538 γὰρ
816 2464 884 2538 ἦν
915 2470 948 2537 ή
980 2469 1244 2541 ἀπαγωγὴ
1264 2510 1277 2534 ,
1309 2471 1407 2524 οὐκ
1439 2471 1749 2533 άπὸπτωσις

198 2558 391 2621 παντὸς
434 2558 531 2611 τοῦ
573 2557 789 2621 ἔθνους,
836 2558 921 2613 ἵνα
966 2560 1039 2631 μὴ
1088 2561 1374 2631 μετάθεσις
1424 2562 1522 2632 τῆς
1574 2562 1749 2625 αἰτίας

198 2648 433 2719 γένηται.

271 2746 337 2807 η’.
400 2740 511 2793 Καὶ
555 2739 719 2793 ἔθετο
778 2740 997 2809 Δανιὴλ
1042 2742 1111 2795 ἐν
1151 2742 1225 2811 τῇ
1277 2743 1486 2811 καρδίᾳ
1542 2742 1744 2799 αὑτοῦ,

209 2829 539 2882 Ἱππολύτου.
586 2826 655 2882 ’Ὦ
703 2834 983 2904 μακαρίων
1016 2833 1111 2904 τὴν
1154 2834 1415 2906 διαθήκην
1447 2835 1553 2889 τῶν
1586 2836 1749 2889 πατέ-

204 2938 305 2989 ρων
334 2896 714 2989 φυλαξάντων,
748 2896 961 2977 καὶ-τὸν
998 2896 1083 2978 διά
1111 2896 1388 2990 Μωῦσέως
1414 2927 1632 2981 δοθέντα
1662 2928 1748 2981 νό-
1774 2896 1818 2957 c

207 3030 296 3080 μον
324 3013 395 3083 μή
430 3014 821 3086 παραϐάντων,
852 3015 983 3069 ἀλλὰ
1006 3018 1095 3070 τὸν
1126 3017 1190 3070 δι’
1221 3018 1382 3071 αὑτοῦ
1416 3020 1748 3091 κυρυττόμε-

204 3119 283 3153 νον
297 3101 424 3154 Θεὸν
445 3103 767 3173 φοϐηθέντες
780 3105 916 3175 (δὶε)’
933 3101 1075 3159 οὗτοι
1088 3106 1415 3177 αἰχμάλωτοι
1438 3108 1493 3158 ἐν
1508 3110 1575 3179 γῇ
1596 3107 1749 3160 ἀλλο-

206 3193 318 3263 τρία
334 3194 688 3265 ὑπάρχοντες,
723 3197 782 3248 οὑ
810 3196 1056 3268 βρώμασι
1084 3199 1342 3263 ποικίλοις
1368 3199 1744 3271 ἠπατήθησαν,

204 3282 311 3333 οὐδὲ
344 3282 487 3336 οἴνου
517 3284 729 3354 ήδοναῖς
760 3285 1124 3356 ἐδουλώθησαν
1144 3327 1158 3351 ,
1195 3288 1313 3341 οὐδὲ
1344 3288 1467 3361 δόξῃ
1499 3288 1744 3359 βασιλικῇ

204 3370 582 3442 ἑδελεάσθησαν
619 3375 989 3445 ἁρπαγέντες
1034 3377 1299 3446 ἐτήρησαν
1344 3376 1397 3429 δὲ
1440 3378 1498 3429 τὸ
1546 3376 1746 3430 ἑαυτῶν

202 3462 350 3529 ἁγνὸν
396 3466 492 3517 καὶ
534 3465 768 3538 καθαρὸν
804 3468 999 3538 στόμα,
1048 3470 1194 3531 ὅπως
1234 3468 1467 3540 καθαρὸς
1499 3469 1652 3537 λόγος
1685 3471 1747 3522 ὲκ

203 3554 475 3622 στομάτων
507 3556 759 3627 καθαρῶν
793 3558 1024 3629 προέλθῃ
1046 3599 1060 3623 ,
1107 3562 1198 3613 καὶ
1229 3562 1434 3631 άνυμνῇ
1470 3561 1536 3613 δι’
1571 3560 1747 3616 αὐτῶν

200 3646 282 3698 τὸν
311 3650 629 3719 ἐπουράνιον
654 3652 891 3723 Πατέρα.

268 3738 351 3807 ιβ’.
392 3741 693 3808 Πείρασον
721 3743 789 3796 δὲ
819 3745 959 3810 τοὺς
992 3745 1205 3811 παῖδάς
1234 3762 1368 3800 σου.
1416 3747 1743 3801 Ἱππολύτου.

202 3828 545 3884 Διδάσκουσιν
585 3832 666 3884 ὅτι
709 3832 783 3903 μὴ
823 3832 1083 3904 βρώματα
1119 3835 1331 3903 ἐπίγεια
1374 3835 1455 3905 εἴη
1500 3836 1568 3888 τὰ
1613 3854 1748 3907 παρ-

201 3924 381 3989 έχοντα
436 3921 741 3993 ἀνθρώποις
791 3926 983 3989 κάλλος
1034 3927 1126 3981 καὶ
1179 3928 1359 3998 ἰσχὺν,
1412 3928 1545 3982 ἀλλὰ
1594 3929 1747 4001 χάρις

202 4012 327 4064 Θεοῦ
372 4013 462 4067 διὰ
486 4016 658 4084 Λόγου
699 4016 1031 4089 δωρουμένη.
1076 4020 1183 4071 Kal
1204 4021 1330 4087 μετ’
1364 4020 1557 4088 ὀλίγαο
1599 4016 1747 4084 Εἶδες

205 4103 373 4158 πίστιν
406 4105 608 4158 παίδων
633 4106 979 4176 ἀπαράϐατον
1020 4108 1114 4160 καὶ
1147 4108 1307 4177 φόϐον
1332 4108 1462 4162 Θεοῦ
1494 4110 1749 4179 ἀμετάθε-

203 4212 309 4247 τονο
335 4196 471 4249 δέκα
498 4196 716 4268 ἡμερῶν
746 4199 935 4270 χρόνου
961 4198 1230 4271 διάστημα
1258 4201 1549 4271 ᾐτήσαντο,
1576 4201 1662 4254 ἵνα
1692 4203 1748 4255 ὲν
1779 4238 1822 4293 D

201 4287 362 4358 τούτῳ
416 4288 719 4355 ἐπιδείξωσι
770 4290 843 4361 μὴ
887 4289 1141 4344 δύνασθαι
1201 4290 1403 4362 ἑτέρως
1465 4292 1749 4362 ἄνθρωπον

201 4380 344 4450 παρὰ
374 4380 511 4434 Θεοῦ
546 4381 846 4452 κτήσασθαι
873 4385 1049 4455 χάριν,
1090 4387 1137 4437 εί
1174 4386 1246 4457 μὴ
1280 4385 1355 4456 τῷ
1385 4384 1472 4438 διὰ
1508 4384 1604 4438 τοῦ
1636 4387 1750 4439 Κυ-

205 4470 308 4541 ρίου
333 4490 405 4543 κη
416 4474 729 4544 ρυσσομένῳ
755 4474 895 4545 λόγῳ
926 4476 1301 4528 πιστεύσωσιν.

265 4562 349 4616 ιθ¹.
373 4563 485 4616 Καὶ
509 4566 621 4631 οὐχ
644 4564 976 4632 εὑρέθησαν
995 4566 1063 4617 ἐκ
1092 4564 1329 4618 πάντων·
1352 4564 1545 4619 αὐτῶν
1570 4565 1753 4633 ὅμοιοι

200 4653 434 4720 Δανιὴλ.
496 4656 826 4708 Ἱππολύτου.
877 4656 1109 4719 Τούτους
1154 4656 1249 4726 μὲν
1304 4657 1361 4709 ἐν
1407 4658 1553 4727 πάσῃ
1596 4656 1754 4728 σοφίᾳ

200 4744 225 4793 ὀ
257 4745 429 4813 Λόγος
476 4746 715 4815 προῆγε,
770 4745 1050 4817 μάρτυρας
1101 4746 1320 4808 πιστοὺς
1374 4747 1430 4797 ὲν
1469 4745 1742 4800 Βαϐυλῶνι

199 4832 569 4904 δεικνυμένους
594 4852 606 4864 ·
642 4836 729 4887 ἴνα
756 4835 822 4887 δι’
851 4834 1025 4887 αὐτῶν
1047 4834 1153 4887 τῶν
1184 4833 1533 4888 Βαϐυλωνίων
1561 4834 1628 4888 τά
1658 4853 1746 4887 σε-

202 4926 446 4997 ϐάσματα
513 4927 909 4999 καταισχυνθῇ,
968 4926 1061 4979 καί¹
1121 4926 1580 5000 Ναϐουχοδονόσορ
1642 4928 1744 4981 ὑπὸ

267 5065 378 5135 (Ἡ)
408 5064 467 5119 S.
499 5063 767 5137 Hippolyti
797 5067 852 5119 in
886 5066 1157 5137 Danielem
1190 5067 1393 5122 scholia
1423 5082 1530 5121 non
1565 5068 1747 5123 omnia

205 5151 230 5188 a
262 5151 343 5205 nte
362 5134 644 5194 eduntur.
674 5134 793 5205 qua:
826 5136 881 5189 in
926 5134 1181 5191 Vaticano
1209 5138 1391 5192 codice
1418 5150 1746 5204 occurrunt,

207 5204 290 5258 sal
338 5220 401 5259 ea
448 5205 653 5276 delecta
690 5204 1076 5260 tantummodo
1105 5221 1226 5275 quae
1265 5208 1501 5260 nondum
1532 5206 1745 5276 vulgata

207 5276 438 5328 fuerunt.
481 5274 687 5343 Quippe
734 5285 858 5330 ante
904 5291 989 5344 me
1023 5286 1231 5344 partem
1273 5276 1438 5329 edidit
1480 5274 1745 5344 insignem

205 5342 808 5414 Combefisius,inempe
836 5344 901 5398 ad
932 5342 1195 5399 Susanna:
1237 5344 1539 5402 historiam.
1575 5342 1747 5399 Parti-

204 5414 317 5466 cula
346 5414 475 5467 item
506 5414 749 5482 quaedam
784 5414 1004 5468 recitata
1033 5414 1208 5467 fuerat
1235 5414 1303 5467 ab
1334 5416 1619 5469 Anastasio
1657 5415 1744 5467 Si-

207 5484 345 5537 naita
395 5492 586 5552 quzest.
638 5499 833 5548 XLVIII;
885 5483 989 5537 alia
1038 5498 1231 5537 rursus
1277 5499 1307 5537 a
1362 5485 1607 5555 Syncello
1652 5485 1737 5537 ed.

205 5565 341 5626 Pan,
372 5577 430 5630 p.
455 5561 586 5630 218.
609 5560 913 5630 QuinAadeo
937 5558 1163 5630 frustum
1189 5558 1452 5630 quoddam
1481 5556 1752 5630 profertur

207 5634 359 5686 etiam
376 5626 416 5684 'a
454 5629 708 5684 Corderio
738 5626 923 5682 Calen.
966 5627 1019 5680 in
1053 5628 1136 5679 Ps.
1168 5637 1275 5681 tom
1339 5627 1424 5686 Ill,
1456 5643 1577 5696 pag.
1614 5627 1707 5681 951
1735 5643 1747 5690 ;

211 5718 320 5768 qua:
347 5699 525 5753 omnia
570 5699 860 5769 fragmenta
891 5697 1087 5765 colligit
1116 5698 1169 5750 in
1212 5711 1304 5769 sua
1340 5696 1602 5769 Hippolyti
1628 5696 1751 5769 edi-

216 5765 348 5828 tione
376 5765 675 5826 Fabricius:
697 5769 893 5823 Praeter
920 5783 1075 5835 quant
1114 5768 1253 5834 quod
1289 5767 1549 5820 nonnulla
1572 5765 1749 5828 etiam,

2506 1556 2656 1612 CAP.
2710 1557 2748 1611 Ι.

1925 1650 1986 1703 ν.
2046 1652 2096 1705 1.
2150 1680 2216 1689 -
2266 1652 2416 1703 Anno
2465 1651 2615 1704 tertio
2659 1651 2801 1720 regni
2842 1648 3067 1704 Joacim.
3114 1651 3403 1723 Hippolyti.

1853 1738 1977 1794 Hazc
2005 1740 2145 1794 enim
2181 1739 2455 1810 Scriptura
2500 1748 2712 1807 narrat,
2756 1750 2815 1795 ut
2844 1743 3132 1796 secundam
3177 1745 3403 1813 captivi-

1853 1839 2015 1885 tatem
2038 1832 2221 1900 pOpuli
2244 1832 2527 1895 indicaret,
2547 1848 2669 1887 cum
2689 1833 2741 1885 in
2761 1843 2955 1887 terram
2973 1835 3201 1888 alienam
3226 1844 3405 1889 trans-

1852 1922 1950 1978 iret
1996 1922 2200 1977 .Ioaeim
2243 1932 2297 1977 et
2342 1938 2463 1977 cum
2505 1939 2570 1977 eo
2626 1932 2734 1979 tres
2772 1924 2950 1993 pueri,
2997 1925 3264 1995 simulque
3304 1926 3375 1978 lla

1850 2016 1977 2081 niel,
2014 2015 2082 2069 ab
2115 2015 2362 2069 hostibus
2392 2015 2554 2083 capti.

1923 2108 1987 2163 V.
2025 2108 2079 2164 2.
2103 2138 2171 2147 —
2198 2107 2266 2161 Et
2299 2108 2518 2160 tradidit
2566 2107 2839 2172 Dominus,
2883 2116 2986 2162 etc.
3036 2106 3106 2161 Ut
3144 2122 3305 2163 nemo
3340 2124 3404 2161 ex

1849 2199 2072 2254 exordio
2103 2199 2246 2269 quod
2291 2200 2419 2269 legit
2459 2199 2513 2253 in
2553 2199 2710 2264 libro,
2752 2200 2804 2252 vi
2850 2210 3309 2269 Oppugnatoruni,
3354 2210 3408 2254 et

1847 2292 2018 2345 fracto
2040 2291 2222 2344 animo
2244 2300 2701 2360 propugnatorum
2717 2290 3165 2359 expugnationem
3182 2291 3403 2356 tribuat,

1850 2382 1965 2436 haec
2008 2382 2171 2436 verba
2215 2390 2263 2434 et
2319 2380 2539 2435 tradidit
2587 2380 2863 2449 subiunxit
2897 2378 3171 2449 Scriptura
3208 2399 3220 2434 :
3270 2380 3404 2435 bene

1849 2483 2025 2527 autem
2048 2482 2101 2527 et
2124 2489 2187 2526 ea:
2216 2482 2364 2541 parte
2404 2487 2421 2524 :
2457 2472 2809 2526 correctionis
2834 2473 2977 2525 enim
2999 2487 3161 2526 causa
3192 2471 3404 2526 decreta

1848 2562 1953 2618 fuit
1981 2564 2403 2635 transmigratio,
2438 2579 2544 2616 non
2586 2571 2764 2617 autem
2811 2562 2967 2616 ruina
3004 2563 3167 2617 totius
3208 2563 3401 2631 gentis,

1853 2661 1911 2706 ut
1944 2668 2048 2707 non
2074 2668 2251 2707 causa:
2272 2651 2498 2705 mutatio
2525 2653 2690 2704 ﬁeret.

1918 2743 1984 2797 V.
2032 2745 2085 2797 8.
2113 2742 2491 2812 -Ρνοροδιιὶι
2543 2753 2713 2795 autem
2764 2742 2949 2795 Daniel
2994 2743 3047 2793 in
3095 2743 3247 2795 corde
3285 2759 3400 2795 suo.

1849 2833 2137 2904 Hippolyti.
2171 2834 2215 2890 Ο
2247 2835 2387 2889 beati
2422 2835 2514 2904 qui
2554 2843 2931 2889 testamentum
2967 2842 3176 2902 patrum
3219 2846 3401 2889 custo-

1848 2927 2103 2993 dierunt,
2150 2927 2319 2997 legem
2368 2941 2399 2981 a
2460 2924 2640 2996 Moyse
2685 2927 2866 2979 datam
2905 2939 3010 2978 non
3052 2927 3395 2994 transgressi.

1849 3021 1943 3073 sed
1981 3020 2049 3074 ab
2084 3035 2149 3074 eo
2169 3020 2545 3073 annuntiatum
2581 3018 2749 3073 Deum
2791 3019 3079 3073 timentes:
3112 3018 3168 3072 bi
3204 3018 3399 3087 captivi

1850 3113 1904 3167 in
1936 3122 2075 3167 terra
2101 3112 2274 3166 aliena
2306 3126 2412 3166 non
2444 3112 2580 3166 cibis
2610 3112 2773 3166 variis
2799 3111 3003 3166 seducti
3034 3109 3270 3177 fuerunt,
3304 3128 3398 3164 ne-

1848 3220 1952 3274 que
1972 3204 2080 3257 vini
2105 3204 2469 3273 voluptatibus
2493 3202 2814 3269 servierunt,
2845 3218 3017 3273 neque
3045 3202 3209 3256 etiam
3233 3203 3400 3272 gloria

1850 3298 1993 3368 regia
2021 3297 2216 3363 allecti,
2248 3298 2301 3349 in
2333 3296 2527 3365 laqueo
2562 3295 2863 3350 inciderunt
2890 3314 2901 3348 :
2928 3304 3274 3349 servaverunt
3303 3311 3398 3348 au-

1850 3398 1955 3444 tem
1989 3405 2050 3445 OS
2072 3406 2229 3444 suum
2268 3398 2474 3443 ρειδῑιιιιι
2501 3398 2551 3441 ιιι
2583 3404 2798 3456 purum,
2838 3397 2896 3443 ut
2926 3404 3093 3457 purus
3125 3402 3301 3442 sermo
3334 3402 3397 3438 CX

1849 3498 1942 3536 ore
1974 3496 2110 3552 puro
2143 3492 2326 3546 exeat,
2359 3490 2411 3535 et
2453 3479 2683 3534 celebret
2710 3495 2807 3550 per
2850 3481 2953 3535 hoc
2981 3478 3251 3534 caelestem
3295 3477 3399 3531 Pa-

1849 3583 2005 3627 trem.

1926 3726 1986 3779 V.
2026 3726 2111 3779 12.
2140 3756 2208 3765 —
2234 3723 2396 3779 Tenta
2430 3742 2543 3790 nos,
2574 3726 2800 3789 obsecro,
2829 3742 2997 3779 servos
3034 3736 3169 3776 tuos.
3202 3722 3400 3791 Hippo-

1850 3819 1962 3891 lyti.
1991 3817 2192 3872 Docent
2233 3818 2375 3887 quod
2410 3832 2516 3871 non
2550 3818 2657 3871 cibi
2696 3825 2974 3872 terrestres
3000 3817 3127 3869 dant
3167 3813 3400 3866 homini-

1848 3913 1950 3966 bus
1979 3907 2432 3981 pulchritudinem
2464 3922 2527 3961 ac
2574 3909 2760 3972 robur,
2805 3907 2897 3962 sed
2940 3906 3109 3973 gratia
3152 3902 3266 3967 Dei,
3304 3917 3400 3971 per

1851 4002 2083 4057 Verbum
2114 4002 2268 4057 nobis
2296 4016 2574 4057 concessa.
2620 3999 2689 4053 Et
2719 3999 2876 4069 paulo
2907 4006 3020 4067 post
3048 4011 3066 4048 :
3096 3994 3286 4049 Vidisti
3336 3997 3399 4048 ti-

1850 4096 1970 4151 dem
1998 4110 2289 4166 puerorum
2316 4096 2589 4159 invictam,
2618 4102 2673 4147 et
2696 4093 2941 4146 timorem
2973 4088 3066 4143 Dei
3093 4087 3401 4141 immutabi-

1852 4189 1976 4244 lem.
2004 4188 2282 4258 Temporis
2311 4202 2516 4242 moram
2553 4187 2736 4240 decem
2773 4183 2980 4238 dierum
3019 4180 3312 4251 petierunt,
3341 4192 3398 4232 ut

1851 4281 1905 4333 in
1945 4281 2047 4333 hoc
2086 4288 2456 4333 monstrarent
2495 4291 2601 4330 non
2649 4290 2807 4344 posse
2850 4274 3003 4327 aliter
3054 4270 3324 4325 hominem
3367 4286 3396 4323 ιι

1853 4373 1962 4425 Deo
1990 4371 2232 4425 obtinere
2262 4370 2488 4439 gratiam
2510 4408 2524 4434 ,
2556 4368 2663 4421 nisi
2688 4367 2849 4421 verbo
2880 4381 2972 4434 per
2999 4363 3283 4416 Dominum
3309 4378 3399 4415 an-

1852 4465 2095 4519 nuntiato
2127 4463 2331 4518 credat.

1925 4554 1989 4607 V.
2014 4556 2101 4610 19.
2127 4586 2194 4596 --
2224 4553 2347 4607 Non
2389 4561 2509 4606 sunt
2548 4552 2738 4605 inventi
2775 4550 2904 4603 tales
2939 4550 3002 4603 de
3036 4548 3307 4608 universis,
3339 4554 3396 4597 ut

1853 4647 2062 4702 Daniel.
2090 4646 2381 4716 Hippolyti.
2412 4645 2585 4699 Hosce
2616 4644 2834 4713 quidem
2869 4643 2919 4695 in
2956 4642 3103 4695 omni
3138 4637 3395 4707 sapientia

1854 4741 2081 4796 Verbum
2114 4740 2351 4804 deduxit,
2388 4747 2552 4793 testes
2582 4738 2764 4792 tideles
2790 4736 2842 4789 in
2884 4734 3151 4805 Babylone
3187 4730 3398 4798 exposi-

1847 4842 1953 4898 tos,
1981 4843 2039 4887 ut
2071 4847 2163 4901 per
2193 4847 2287 4887 eos
2314 4830 2728 4901 Babyloniorum
2745 4830 2883 4883 idola
2906 4829 3195 4882 induantur
3218 4826 3400 4882 confu-

1847 4929 2029 4991 sione;
2050 4934 2108 4979 ut
2121 4922 2615 4979 Nabuchodonosor
2634 4938 2665 4977 a
2685 4922 2855 4978 tribus
2869 4921 3049 4991 pueris
3067 4921 3332 4985 vincatur,
3346 4932 3397 4973 ct

1849 5082 1969 5137 qua:
2002 5065 2053 5118 in
2083 5063 2348 5134 Hippolyti
2373 5076 2533 5137 opere
2560 5061 2636 5116 De
2664 5062 2986 5137 Antichristo
3015 5070 3062 5137 et
3083 5061 3185 5137 ﬁne
3213 5062 3397 5137 mundi

1850 5129 2201 5201 scribuntur,
2237 5129 2363 5187 cum
2411 5129 2531 5200 ejus
2570 5134 2971 5187 commentariis
3016 5133 3069 5185 in
3118 5129 3391 5201 Danielent

1849 5200 2185 5274 congruunt.
2250 5203 2368 5274 A_lia
2436 5202 2564 5254 olim
2649 5203 2988 5274 fragmenta_
3025 5200 3394 5274 divulgayerat

1848 5268 2245 5343 Broughtonus.
2281 5268 2767 5343 Locum_praaterea
2795 5269 3082 5343 quemdam
3111 5285 3175 5343 es
3200 5268 3393 5338 Hippo-

1847 5346 1954 5414 lyto
1982 5340 2033 5397 in
2068 5343 2202 5397 Dan.
2235 5340 2764 5414 reeitat_Eustratius
2793 5342 2929 5409 apud
2966 5341 3128 5394 Allat.
3155 5341 3205 5414 in
3233 5353 3394 5414 opere

1848 5410 1922 5467 De
1951 5422 2157 5481 purgat.
2189 5429 2241 5481 p.
2275 5412 2398 5466 492.
2433 5410 2672 5479 Denique
2704 5420 2856 5481 aetate
2899 5420 3099 5481 nostra
3120 5410 3199 5461 vir
3225 5410 3302 5481 cl.
3326 5412 3391 5462 de

1848 5478 2377 5551 Magistrispartem
2429 5478 2621 5533 novam
2675 5480 3001 5551 scholiorum
3041 5478 3315 5551 Hippolyti
3362 5496 3393 5533 e

1846 5548 2099 5605 Chisiano
2126 5548 2439 5620 famigerato
2470 5551 2654 5604 codice
2704 5565 2825 5604 cum
2873 5548 3252 5605 LXXvirorum
3286 5548 3392 5603 Da—

1846 5620 2002 5674 nielis
2064 5620 2505 5690 interpretatione
2559 5620 2833 5675 excitavit.
2894 5620 3229 5676 Novissimus
3290 5638 3388 5688 ego

1846 5691 1983 5762 tanti
2040 5691 2271 5762 doctoris
2318 5698 2370 5742 et
2420 5690 3050 5762 lllﬂl’lyl‘iSUSUlpiOlum
3098 5692 3387 5762 particulas

1845 5760 2112 5815 vindicare
2145 5762 2194 5814 in
2231 5760 2399 5814 lucem
2434 5762 2657 5829 gaudeo.
2692 5760 2816 5813 MM.
