3796 6194
479 313 577 368 671

1348 308 1406 365 8.
1447 307 1810 366 HIPPOLYTI
1847 310 1997 367 OPP.
2036 309 2214 368 PARS
2249 308 2289 364 Ι.
2329 341 2396 350 -
2422 305 2825 365 EXEGETICA.
3519 315 3595 370 673

480 450 574 504 per
600 431 813 486 illorum
847 430 1003 485 fidem
1036 429 1176 499 ignis
1205 429 1260 484 in
1289 427 1514 486 fornace
1544 442 1813 500 arceatur,
1839 440 1893 488 et
1913 446 2026 488 cor-

2137 429 2304 503 τριῶν
2336 429 2538 484 παίδων
2569 427 2773 499 ἡττηθῇ
2794 465 2808 490 ,
2855 425 2944 480 καὶ
2987 425 3072 481 διὰ
3111 426 3296 483 τούτων
3333 429 3523 498 πίστεως
3554 438 3598 490 τὸ

480 537 761 595 ruptorum
793 523 1067 578 seniorum
1098 522 1238 576 victa
1269 519 1436 576 libido
1463 533 1741 594 arguatur.

1133 695 1284 751 CAP.
1315 694 1377 750 ll.

550 793 612 848 Υ.
643 793 695 847 3.
720 822 790 832 —
823 790 943 844 Vidi
967 790 1248 846 somnium.
1276 789 1568 862 Hippolyti.
1600 790 1885 846 Somnium
1911 791 2034 862 qui-

476 887 594 941 dem
617 902 645 938 a
673 901 796 955 rege
823 885 1021 947 visum,
1053 898 1159 937 non
1189 893 1305 960 erat
1333 892 1604 951 terrestre,
1635 892 1697 939 ut
1728 899 1825 956 per
1847 885 2034 940 mundi

476 978 747 1046 sapientes
772 977 1247 1045 interpretaretur;
1294 975 1386 1029 sed
1433 983 1552 1030 erat
1598 975 1844 1042 caeleste,
1879 974 2034 1046 juxta

474 1068 570 1124 Dei
597 1069 930 1123 voluntatem
973 1077 1028 1122 et
1072 1067 1463 1136 providentiam
1512 1082 1752 1136 congruo
1796 1075 2036 1138 tempore

473 1163 774 1231 impletum.
792 1159 1060 1230 -—-ltaque
1093 1159 1195 1215 hoc
1222 1159 1452 1214 celatum
1481 1169 1563 1215 est
1585 1160 1859 1215 terrestria
1887 1160 2036 1230 cogi-

474 1254 716 1309 tantibus
731 1252 1062 1317 liominihus,
1077 1251 1508 1321 utquazrentibus
1519 1251 1782 1314 caelestia.
1795 1251 2032 1308 caalestia

472 1345 728 1416 mysteria
760 1342 1148 1398 revelarentur.
1189 1341 1244 1396 In
1272 1341 1506 1414 Egypto
1544 1343 1689 1397 enim
1731 1341 2034 1398 Pharaonis

469 1447 525 1492 et
551 1435 774 1506 Josephi
807 1443 1049 1504 tempore
1077 1434 1274 1489 similia
1299 1433 1440 1491 facta
1467 1443 1615 1490 sunt.

543 1611 610 1667 ν.
641 1614 696 1669 5.
719 1642 791 1654 -
814 1611 997 1668 Sermo
1027 1613 1235 1667 recessit
1260 1630 1293 1666 a
1326 1630 1424 1667 me.
1455 1613 1746 1688 Hippolyti.
1766 1613 1916 1672 Visio
1943 1633 2032 1674 ce-

467 1705 575 1762 lata
613 1705 715 1761 fuit
761 1705 894 1776 regi,
943 1715 1000 1760 ut
1042 1720 1073 1760 a
1117 1703 1227 1763 Deo
1265 1707 1468 1763 electus
1523 1707 1710 1766 Daniel
1765 1710 2018 1780 propheta

2135 524 2194 575 ἐν
2226 520 2441 592 καμίνῳ
2465 518 2575 591 πῦρ
2601 517 2902 590 φυγαδευθῇ
2919 560 2934 583 ,
2960 517 3051 573 καὶ
3077 517 3178 572 τῶν
3207 519 3399 593 ἀνόμων
3417 525 3599 594 πρεσσυ.

2135 609 2308 683 τέρων
2341 609 2584 680 ματαίως
2615 609 2648 679 ἡ
2682 608 2940 678 ἐπιθυμία
2966 607 3202 681 ἐλεγχθῇ.

2789 697 2924 749 ΚΕΦ
2960 697 3034 756 B’.

2204 795 2274 858 γ’.
2315 788 2767 858 Ἐνυπνιάσθην.
2801 789 3128 846 Ἱππολύτου.
3158 788 3242 846 ’Τὸ
3285 792 3371 865 μὲν
3409 790 3486 849 οὖν
3512 797 3602 851 ἐνύ-

2135 895 2284 932 πνιον
2316 879 2376 932 τὸ
2413 879 2519 932 ὑπὸ
2547 878 2639 932 τοῦ
2674 879 2933 949 βασιλέως
2965 881 3279 953 ἑωραμένον,
3317 884 3404 937 οὐκ
3429 881 3485 957 ἦν
3515 888 3602 941 ἐπί-

2133 987 2311 1040 γειον,
2347 970 2434 1024 ἵνα
2467 970 2572 1024 ὑπὸ
2600 971 2708 1026 τῶν
2743 972 2836 1026 τοῦ
2881 973 3080 1044 κόσμου
3125 975 3291 1044 σοφῶν
3332 976 3605 1052 ἐρμηνευθῇο

2131 1062 2244 1115 ἀλλ’
2273 1057 2340 1133 ἦν
2365 1063 2682 1136 ἐπουράνιον
2701 1104 2715 1129 ,
2743 1063 2883 1118 κατὰ
2915 1064 3047 1118 Θεοῦ
3077 1065 3261 1138 βουλὴν
3291 1068 3375 1122 καὶ
3411 1070 3607 1140 πρόνοιαν

2135 1154 2280 1220 ίδίοις
2306 1159 2513 1226 καιροῖς
2545 1156 2912 1228 πληρούμενον
2931 1174 2944 1187 ·
2984 1157 3078 1210 καὶ
3106 1157 3191 1212 διὰ
3210 1159 3354 1214 τοῦτο
3383 1161 3608 1234 aitexpqu

2135 1247 2232 1318 μὲν
2260 1247 2366 1301 ὰπὸ
2392 1247 2498 1300 τῶν
2532 1248 2599 1302 τὰ
2635 1249 2849 1318 ἐπίγεια
2882 1247 3211 1320 φρονούντων
3241 1249 3527 1322 ἀνθρώπιον,
3547 1254 3612 1307 ἵνα

2129 1343 2241 1404 τοῖς
2275 1340 2340 1394 τὰ
2373 1341 2674 1412 ἐπουράνια
2705 1340 2962 1413 ζητοῦσι,
2993 1340 3064 1394 τὰ
3095 1341 3372 1414 ἐπουράνια
3403 1345 3612 1415 μυστήρια

2130 1432 2482 1504 ἀποκαλυφθῇ
2504 1449 2517 1464 ο
2550 1433 2643 1486 καὶ
2679 1433 2789 1505 γὰρ
2832 1435 2888 1487 ἐν
2923 1433 3180 1505 Αἰγύπτῳ
3214 1434 3301 1487 ἐπὶ
3341 1435 3423 1489 τοῦ
3463 1435 3614 1508 Φαραὼ

2130 1525 2224 1578 καὶ
2253 1525 2345 1578 τοῦ
2385 1525 2580 1597 Ἰωσὴφ
2612 1527 2679 1580 τὰ
2709 1527 2868 1598 ὃμοια
2900 1527 3210 1596 γεγένηται.

2196 1622 2259 1670 ε’.
2317 1617 2370 1670 '0
2404 1617 2584 1688 λόγος
2615 1619 2716 1672 ἀπ’
2750 1619 2896 1688 ἐμοῦ
2936 1618 3188 1689 ἀπέστη.
3227 1621 3517 1675 Ἱππολύτου.
3544 1624 3614 1676 Διὰ

2127 1705 2285 1762 τοῦτο
2321 1707 2606 1781 ἀπεκρύϐη
2648 1709 2708 1763 τὸ
2739 1709 2921 1782 ὅραμα
2954 1709 3064 1763 ἀπὸ
3092 1710 3180 1764 τοῦ
3212 1711 3471 1782 βασιλέως,
3497 1714 3563 1766 ἵνα
3593 1717 3614 1767 ὸ

466 1815 590 1854 eam
609 1775 933 1870 explicaret;
959 1816 1079 1868 qua:
1105 1802 1248 1856 enim
1279 1803 1400 1858 aliis
1421 1803 1611 1866 celata,
1638 1804 1704 1857 ab
1725 1775 1832 1858 alio
1861 1775 2018 1859 reve-

2133 1799 2229 1853 ὑπὸ
2259 1798 2393 1855 Θεοῦ
2423 1775 2661 1869 ἐκλεγεὶς
2707 1775 2907 1874 Δανιήλ
2939 1775 3223 1874 προφήτης
3249 1801 3318 1857 ῶν
3347 1803 3612 1874 ἀποδειχθῇ’

469 1890 668 1956 lantur,
692 1895 1000 1947 necessario
1024 1891 1339 1961 prophetam
1382 1909 1507 1949 eum
1535 1894 1886 1950 manifestam
1928 1895 2020 1966 qui

469 1981 691 2036 revelat.

535 2161 602 2217 ν.
640 2162 724 2217 10.
745 2163 1214 2234 —Respondentes
1246 2181 1366 2235 ergo
1397 2163 1635 2221 Chaldaei
1676 2181 1852 2219 coram
1887 2181 2020 2235 rege,

465 2253 752 2308 dixerunt:
779 2253 900 2308 Non
928 2263 1004 2309 est
1056 2256 1206 2309 homo
1238 2272 1394 2326 super
1424 2266 1640 2320 terram,
1675 2264 1778 2310 etc.
1827 2255 2026 2324 llippo-

465 2345 581 2416 lyti.
607 2344 744 2411 Quia
769 2345 913 2401 enim
946 2347 1283 2416 impossibile
1312 2348 1564 2403 dixerunt
1594 2347 1662 2402 ab
1687 2347 1902 2402 homine
1925 2346 2026 2401 hoc

465 2440 712 2504 narrari,
759 2439 904 2510 quod
946 2455 1043 2496 rex
1095 2442 1493 2501 sciscitabatur.
1546 2441 1864 2495 monstravit
1917 2440 2024 2494 illis

465 2530 628 2599 Deus,
656 2534 800 2604 quod
843 2548 931 2590 res
973 2534 1115 2606 apud
1152 2533 1398 2589 homines
1430 2533 1805 2604 itnpossibilis,
1845 2533 2022 2604 possi-

465 2628 590 2684 bilis
618 2639 702 2686 est
723 2630 864 2701 apud
887 2629 1078 2686 Deum.

535 2720 600 2775 V.
632 2720 718 2775 M.
742 2720 910 2774 —Ab
944 2719 1136 2776 Arioch
1169 2717 1519 2789 archimagiro
1559 2715 1830 2787 (Vulgata,
1877 2715 2022 2786 prin-

462 2812 576 2883 cipe
606 2811 857 2883 militiaz).
887 2811 1179 2884 Hippolyti.
1211 2810 1279 2866 Ut
1304 2811 1446 2866 enim
1477 2825 1688 2879 coquus
1710 2809 1892 2863 omnia
1915 2808 2028 2862 ani-

464 2905 626 2960 malia
658 2905 858 2961 occidit
885 2916 937 2960 et
964 2906 1170 2975 coquit,
1200 2905 1279 2959 sic
1303 2904 1404 2958 iste
1425 2902 1818 2972 archirnagirus
1839 2901 2023 2956 codem

464 2995 628 3050 modo
654 3014 669 3050 :
703 3003 757 3050 ct
792 2994 1064 3064 principes
1093 2994 1277 3049 mundi
1306 2993 1562 3049 occidunt
1592 2994 1859 3061 homines,
1887 2993 2028 3048 sicut

466 3087 858 3141 irrationabilia
887 3086 1142 3140 animalia
1179 3084 1536 3154 coquinantes
1565 3098 1681 3139 cos.

535 3174 599 3229 ν.
632 3175 723 3231 25.
745 3204 816 3214 —
843 3174 982 3239 Quia
1011 3175 1323 3244 sapientiam
1363 3181 1413 3226 et
1444 3170 1810 3242 fortitudinem
1838 3170 2029 3225 dedisti

467 3267 610 3321 milii.
667 3265 959 3336 Hippolyti.
1002 3263 1224 3334 Oportet
1271 3278 1400 3333 ergo
1443 3277 1545 3317 nos
1589 3261 1900 3316 meminisse
1936 3260 2028 3315 Dei

463 3356 881 3422 misericordias,
917 3355 1192 3424 quomodo
1238 3354 1396 3408 bonis
1439 3363 1494 3408 et
1537 3352 1850 3407 timentibus
1903 3367 2027 3405 eum

463 3451 712 3521 protinus
739 3464 858 3504 sese
886 3449 1087 3504 revelat
1105 3455 1158 3503 et
1185 3455 1474 3513 monstrat,
1493 3447 1723 3516 implens
1752 3445 2030 3501 orationes

462 3557 516 3598 et
542 3541 828 3612 petitiones
865 3555 1079 3606 eorum,
1112 3540 1254 3594 sicut
1294 3539 1551 3609 propheta
1570 3539 1738 3593 dicit:
1775 3537 1902 3602 Quis
1941 3555 2030 3591 sa-

462 3629 628 3698 piens,
655 3635 704 3681 et
759 3627 1014 3699 intelliget
1059 3628 1200 3682 ista?
1242 3627 1562 3699 intelligens,
1588 3636 1636 3682 et
1704 3629 1830 3681 sciet
1883 3627 2030 3681 lucc?

465 3717 608 3790 (Ose.
642 3733 756 3786 uv,
792 3717 903 3788 10.)

534 3807 600 3864 V.
618 3809 709 3866 27.
725 3808 1102 3880 —Sapientes,
1121 3804 1283 3881 magi,
1305 3811 1568 3880 aruspices
1585 3819 1858 3882 nequeunt,
1876 3820 2026 3868 etc...

464 3899 752 3974 Hippolyti.
800 3902 967 3960 Docet
1006 3919 1187 3976 regem
1233 3919 1343 3959 non
1391 3903 1535 3974 apud
1581 3904 1827 3960 homines
1858 3914 2028 3960 terre.

463 3999 604 4047 stres
645 3993 888 4049 caelestia
939 3995 1194 4066 mysteria
1229 3993 1563 4066 investigari,
1613 4010 1735 4065 quae
1777 3995 2029 4066 congruis

463 4084 802 4153 temporibus
832 4101 864 4139 a
891 4084 1002 4141 Deo
1027 4085 1393 4156 perﬁcientur.

535 4173 601 4231 V.
633 4175 726 4231 29.
746 4206 816 4216 —
841 4175 940 4241 Tu,
959 4192 1070 4239 rex,
1089 4177 1319 4247 cogitare
1348 4178 1567 4248 cmpisti.
1598 4178 1888 4251 Hippolyti.
1917 4178 2027 4235 Rex

462 4265 574 4331 ille,
606 4267 860 4323 dominus
885 4280 1042 4323 terrae
1079 4267 1318 4340 :Egypti,
1353 4267 1554 4325 Judzea:
1589 4271 1824 4341 regionis
1854 4270 2028 4326 domi-

461 4368 568 4426 tor,
597 4370 652 4416 et
679 4361 866 4432 populi
893 4361 1011 4430 ejus
1039 4362 1360 4430 captivator,
1395 4362 1685 4433 cogitabat,
1714 4363 1842 4418 dum
1884 4373 2028 4419 esset

2127 1892 2226 1946 ὅσα
2251 1892 2358 1965 γὰρ
2393 1892 2499 1948 ἀπὸ
2534 1894 2631 1964 μὲν
2660 1893 2860 1965 ἐτέρων
2892 1894 3331 1965 ἀποκέκρυπται,
3360 1893 3452 1948 ὑπὸ
3475 1895 3617 1965 ἐτέρου

2126 1983 2183 2036 δὲ
2218 1983 2579 2057 φανεροῦται,
2618 1984 2679 2051 ἐξ
2718 1984 2964 2058 ἀνάγκης
2997 1988 3273 2058 προφήτης
3308 1987 3617 2040 ἀποδείκνυται

2127 2075 2156 2127 ὁ
2181 2075 2372 2144 λέγων.

2203 2173 2252 2220 ι’.
2289 2167 2400 2220 Kal
2433 2167 2738 2237 λέγουσιν,
2788 2170 2908 2223 Οὐκ
2944 2168 3120 2224 ἔστιν
3150 2167 3449 2238 ἄνθρωπος.
3483 2167 3619 2220 Ἵππου

2128 2260 2305 2313 λύτου.
2358 2260 2509 2313 Ἐπεὶ
2553 2255 2644 2315 οὖν
2689 2261 2946 2316 ἀδύνατον
3002 2261 3208 2332 ἔφασαν
3249 2261 3346 2314 ὑπὸ
3390 2258 3615 2328 ἀνθρώπου

2128 2348 2286 2404 τοῦτο
2329 2348 2582 2420 λεχθῆναι
2627 2350 2689 2403 τὸ
2739 2350 2844 2403 ὑπὸ
2885 2349 2981 2404 τοῦ
3030 2350 3285 2422 βασιλέως
3323 2347 3616 2420 ζητούμενον,

2129 2441 2397 2508 ἐπέδειξεν
2438 2441 2621 2506 αὐτοῖς
2667 2442 2696 2494 ὁ
2742 2442 2907 2508 Θεὸς,
2953 2443 3040 2496 ὅτι
3083 2441 3150 2495 τὰ
3192 2440 3334 2512 παρὰ
3379 2439 3620 2511 ἀνθρώποις

2130 2533 2393 2598 ἀδύνατα,
2418 2533 2587 2589 ταῦτα
2615 2533 2673 2587 δι.
2690 2533 2813 2588 κατὰ
2839 2529 2981 2588 εἶναι
3017 2533 3168 2606 παρὰ
3191 2533 3318 2604 Θεῷ.

2200 2709 2279 2763 ιδ’.
2328 2707 2536 2778 Ἀριὼχ
2564 2705 2641 2773 τῷ
2668 2708 3087 2778 ἀρχιματείρῳ.
3128 2705 3441 2762 Ἱππολύτου.
3464 2703 3622 2776 Ὥσπερ

2128 2799 2235 2873 γὰρ
2267 2802 2295 2854 ὁ
2326 2799 2586 2872 μάγειρος
2621 2799 2797 2852 πάντα
2837 2799 2906 2853 τὰ
2951 2798 3071 2864 ζῶα
3115 2798 3318 2870 ἀναιρεῖ
3354 2797 3437 2852 καὶ
3480 2814 3622 2868 μαγει-

2131 2891 2295 2966 ρεύει,
2323 2891 2464 2946 οῦτω
2495 2891 2743 2955 κάκεῖνος
2776 2889 2852 2961 τῷ
2881 2889 3033 2962 αύτῷ
3063 2889 3262 2963 τρόπῳ·
3295 2890 3384 2944 καὶ
3405 2890 3449 2942 οἱ
3479 2888 3626 2959 ἄρχον-

2127 3001 2218 3048 τες
2242 2983 2333 3038 τοῦ
2367 2983 2569 3054 κόσμου
2602 2981 2884 3054 ἀναιροῦσι
2909 2983 3043 3049 τοὺς
3065 2983 3392 3056 ἀνθρώπους,
3414 2981 3477 3045 ῶς
3504 2980 3628 3047 ἄλογα

2129 3073 2244 3140 ζῶα
2272 3073 2686 3146 μαγειρεύοντες
2713 3074 2928 3139 αύτούς.

2202 3166 2321 3218 Ὅτι
2363 3163 2586 3232 σοφίαν
2625 3163 2725 3217 καὶ
2754 3163 3010 3235 δύναμιν
3032 3165 3267 3233 ἔδωκάς
3291 3183 3401 3236 μοι.
3435 3158 3630 3216 Ἱππολύ-

2127 3274 2242 3312 του.
2269 3258 2360 3309 Δεῖ
2389 3252 2482 3312 οὖν
2507 3259 2648 3311 νοεῖν
2679 3258 2827 3329 ἡμᾶς
2857 3257 2955 3330 τὴν
2983 3258 3089 3311 τοῦ
3121 3258 3250 3312 Θεοῦ
3283 3253 3628 3324 εύσπλαγχνίαν,

2130 3347 2245 3412 πῶς
2276 3351 2387 3412 τοῖς
2417 3348 2587 3416 ἀξίοις
2614 3350 2708 3403 καὶ
2742 3349 3108 3428 φοϐουμένοις
3138 3351 3293 3405 αὐτὸν
3322 3349 3505 3420 ταχέως
3530 3346 3629 3397 ἀπο-

2128 3439 2390 3493 καλύπτει
2435 3441 2529 3495 καὶ
2573 3444 2825 3513 φανεροῖ,
2873 3440 3213 3514 ἀποπληρῶν
3254 3442 3345 3504 τάς
3380 3455 3431 3493 τε
3468 3437 3629 3506 δεήσεις

2128 3534 2219 3587 καὶ
2253 3533 2319 3588 τὰ
2349 3535 2625 3606 αἰτήματα
2653 3533 2830 3588 αὐτῶν
2854 3573 2869 3598 ,
2895 3533 2970 3597 ὡς
3009 3534 3037 3586 ὁ
3085 3537 3360 3608 προφήτης
3382 3533 3532 3600 λέγει·
3562 3527 3630 3590 Τίς

2127 3623 2351 3694 σοφὸς,
2395 3625 2497 3678 καὶ
2535 3621 2794 3691 συνήσει
2834 3623 3063 3688 ταῦτα;
3097 3625 3194 3679 καί
3220 3625 3499 3692 ἅνθρωπος
3521 3629 3629 3672 συν·

2127 3715 2258 3782 ετὸς
2277 3756 2290 3782 ,
2323 3716 2422 3770 καὶ
2455 3715 2745 3787 γνώσεται
2773 3715 2988 3782 ταῦτα;

2199 3805 2300 3870 κζ’.
2351 3809 2472 3861 Οὐκ
2523 3807 2653 3861 ἐστι
2703 3804 2908 3876 σοφῶν
2940 3805 3174 3877 μάγων.
3223 3803 3524 3861 Ἱππολύτου.
3558 3801 3624 3850 Δι-

2127 3896 2311 3950 δάσκει
2342 3897 2431 3950 τὸν
2459 3895 2683 3968 βασιλέα
2717 3895 2791 3968 μὴ
2827 3897 2980 3968 παρὰ
3012 3898 3311 3971 ἀνθρώπων
3338 3895 3559 3964 ἐπιγείων
3581 3889 3629 3942 τὰ

2128 3985 2420 4058 ἐπουράνια
2455 3987 2726 4057 μυστήρια
2764 3985 3064 4057 ἐπιζητεῖν,
3121 3990 3263 4061 ἆπερ
3302 3985 3473 4060 ἔμελλε
3519 3981 3628 4041 ἰδίοις

2128 4078 2335 4146 καιροῖς
2361 4075 2464 4128 ὑπὸ
2489 4075 2621 4129 Θεοῦ
2644 4075 3023 4131 ἐπιτελεῖσθαι.

2196 4166 2298 4220 κθ’.
2327 4167 2410 4221 Σὺ
2428 4167 2716 4232 βασιλεῦ·
2763 4170 2816 4222 ol
2855 4170 3135 4239 λογισμοί
3172 4184 3302 4224 σου.
3347 4160 3624 4219 Ἱππολύτου.

2128 4257 2234 4312 Τοῦ
2265 4258 2374 4332 γὰρ
2409 4258 2668 4330 βασιλέως
2705 4261 3078 4332 κρατήσαντος
3114 4261 3211 4332 μὲν
3242 4259 3337 4330 τῆς
3379 4256 3471 4326 γῆς
3505 4246 3628 4317 “76'

2127 4368 2282 4417 πτου,
2325 4351 2425 4422 τὴν
2472 4351 2530 4406 δὲ
2574 4351 2834 4406 Ἰουδαίαν
2878 4351 3061 4424 χώραν
3110 4349 3521 4424 παραλαϐόντος,
3559 4337 3628 4392 καὶ

462 4451 518 4505 in
553 4452 691 4506 lecto
717 4467 816 4507 suo
843 4452 973 4522 quid
1005 4464 1295 4507 venturum
1325 4465 1442 4508 erat
1477 4464 1596 4524 post
1631 4455 1745 4510 haec
1769 4473 1784 4509 :
1810 4456 1902 4526 qui
1926 4471 2024 4510 au-

2133 4443 2214 4498 τὸν
2251 4443 2376 4497 λαὸν
2419 4445 2856 4517 μετοικήσαντος,
2897 4444 3222 4514 διελογίζετο
3249 4443 3336 4497 ἐπὶ
3371 4439 3458 4510 τῆς
3485 4433 3628 4500 κοίτης

460 4550 570 4597 tem
608 4543 790 4597 omnia
835 4543 1154 4599 abscondita
1199 4547 1512 4616 cognoscit,
1565 4557 1619 4602 et
1671 4548 2024 4618 cogitationes

459 4635 708 4690 cordium
755 4645 1051 4702 scrutatur,
1086 4638 1458 4696 ntanil'cstavit
1502 4641 1553 4696 ei
1601 4657 1697 4712 per
1739 4643 2024 4714 imaginem

459 4747 584 4802 qua:
609 4730 792 4786 futura
832 4742 996 4788 sunt:
1033 4735 1317 4791 abscondit
1350 4749 1529 4792 autem
1559 4739 1608 4792 ei
1641 4738 1925 4805 visionem,
1957 4753 2026 4794 ne

461 4840 493 4878 a
525 4824 864 4896 sapientibus
891 4824 1183 4897 Babylonis
1212 4825 1307 4883 Dei
1341 4830 1570 4884 consilia
1605 4830 1865 4900 explicari
1897 4845 2024 4901 pos-

461 4927 604 4984 sent,
636 4919 727 4974 sed
769 4928 832 4974 ut
875 4935 905 4974 a
949 4918 1106 4974 beato
1154 4919 1397 4984 Daniele,
1435 4921 1582 4976 velut
1614 4920 2022 4992 prOpbetaDei,

461 5025 582 5081 quae
611 5011 864 5066 omnibus
891 5011 1204 5068 abscondita
1233 5021 1410 5080 erant,
1445 5013 1876 5069 manilestentur.

533 5268 594 5325 ν.
633 5269 1038 5326 51.--Εοεε...
1069 5278 1248 5324 statua
1291 5287 1398 5325 una
1445 5270 1681 5344 grandis.
1729 5271 2019 5343 Hippolyti.

460 5361 744 5430 Quomodo
773 5378 884 5418 non
911 5363 1258 5419 recordemur
1279 5379 1398 5434 quae
1427 5364 1726 5435 antiquitus
1752 5364 2022 5437 Babylone

466 5455 654 5512 Daniel
683 5460 1044 5530 prophetavit,
1070 5467 1125 5514 et
1153 5473 1297 5514 nunc
1317 5457 1371 5512 in
1393 5457 1522 5513 orbe
1543 5457 1818 5528 perfecta?
1841 5459 2022 5530 imago

460 5547 605 5602 enim
639 5549 695 5603 in
724 5549 827 5606 isto
855 5561 1096 5622 tempore
1123 5557 1423 5606 monstrata
1451 5550 1563 5620 regi
1593 5547 2022 5606 Nabuchodono-

389 5642 399 5660 '
464 5653 575 5706 sor,
612 5648 770 5710 typus
817 5651 932 5697 erat
979 5641 1148 5698 totius
1194 5641 1402 5699 mundi.
1450 5640 1506 5696 ln
1541 5641 1874 5712 temporibus
1915 5642 2021 5698 illis

463 5730 760 5804 regnabant
785 5747 945 5801 super
968 5748 1155 5788 omnes
1182 5731 1480 5804 Babylonii,
1499 5733 1590 5804 qui
1618 5741 1776 5804 caput
1795 5747 2016 5790 aureum

2124 4534 2219 4601 ῶν,
2245 4537 2297 4589 τί
2329 4536 2437 4609 ἄρα
2470 4537 2618 4592 ἔσται
2661 4536 2798 4609 μετά
2826 4537 3016 4591 ταῦτα·
3058 4540 3086 4591 ὁ
3122 4536 3180 4590 δέ
3211 4536 3279 4590 τὰ
3310 4529 3502 4606 κρυπτὰ
3527 4523 3629 4577 πᾶν·

2123 4644 2228 4680 των
2256 4628 2616 4700 ἐπιστάμενος
2644 4631 2736 4684 καὶ
2763 4631 2890 4693 τοὺς
2911 4628 3291 4701 διαλογισμοὺς
3315 4623 3414 4680 τῶν
3437 4614 3626 4692 καρδιῶν

2123 4709 2377 4790 ἐρευνῶν,
2412 4722 2756 4792 ἀπεκάλυψεν
2796 4721 2943 4792 αὐτῷ
2974 4721 3063 4776 διὰ
3095 4722 3194 4792 τῆς
3227 4719 3418 4781 εἰκόνος
3443 4715 3502 4768 τὰ
3534 4708 3628 4764 ἐσόο

2126 4829 2282 4884 μενα·
2327 4813 2601 4886 ἐπέκρυψε
2637 4813 2693 4867 δὲ
2741 4816 2869 4886 παρ’
2915 4813 3080 4868 αὑτοῦ
3127 4813 3188 4867 τὸ
3221 4814 3420 4884 ὅραμα,
3460 4808 3532 4860 ἴνα
3569 4801 3625 4874 μὴ

2122 4903 2227 4959 ὑπὸ
2253 4905 2359 4958 τῶν
2385 4904 2563 4975 σοφῶν
2594 4904 2906 4968 Βαϐυλῶνος
2946 4905 3014 4958 τὰ
3051 4903 3143 4958 τοῦ
3173 4903 3304 4957 Θεοῦ
3341 4897 3625 4972 βουλεύματα

2123 4995 2521 5068 ἐρμηνευθῆναι
2539 4997 2760 5068 δυνηθῇ,
2783 4997 2895 5051 ἀλλ’
2923 4999 3026 5051 ὑπὸ
3051 4996 3140 5050 τοῦ
3170 4995 3426 5068 μακαρίου
3447 4985 3622 5058 Δανιὴλ,

2123 5088 2215 5142 ira
2245 5090 2526 5161 προφήτης
2545 5089 2636 5143 τοῦ
2653 5087 2808 5155 Θεοῦ,
2827 5089 2895 5144 τὰ
2916 5091 3078 5144 πᾶσιν
3101 5086 3529 5162 ἀποκεκρυμμένα
3548 5097 3625 5149 φα·

2122 5197 2178 5233 νε
2185 5180 2353 5252 ρωθῇ.

2189 5273 2287 5327 λα’.
2323 5271 2466 5328 Ἰδοὺ
2485 5271 2660 5326 εἰκὼν
2676 5273 2786 5342 μία
2800 5273 3052 5344 μεγάλη.
3081 5273 3403 5328 Ἱππολύτου,
3427 5266 3534 5328 Πῶς
3552 5257 3623 5314 οὖν

2119 5365 2180 5418 οὐ
2213 5363 2287 5437 μὴ
2313 5365 2591 5435 νοήσωμεν
2617 5364 2685 5418 τὰ
2709 5364 2874 5419 πάλαι
2900 5365 3172 5419 Βαϐυλῶνι
3202 5365 3304 5417 ὑπὸ
3325 5357 3500 5431 Δανιὴλ
3518 5366 3622 5423 προ-

2121 5457 2448 5528 φητευμένα,
2478 5457 2571 5510 καὶ
2590 5455 2684 5510 νῦν
2714 5457 2793 5510 ἐτι
2814 5459 2872 5511 ἐν
2903 5458 3087 5529 κόσμῳ
3117 5454 3465 5528 πληρούμενας
3488 5449 3514 5517 ἦ
3535 5445 3618 5514 γὰρ

2120 5548 2280 5604 εἰκὼν
2309 5549 2343 5619 ἡ
2374 5547 2493 5602 κατ’
2526 5549 2729 5601 ἐκεῖνον
2752 5547 2842 5604 τὸν
2872 5549 3056 5621 καιρὸν
3076 5547 3334 5619 δειχθεῖσα
3362 5542 3430 5612 τῷ
3447 5536 3619 5594 M600-

2122 5639 2428 5712 χοδονόσορ,
2472 5639 2640 5694 τύπον
2689 5643 2926 5713 περιεῖχε
2967 5639 3061 5696 τοῦ
3102 5638 3293 5702 παντὸς
3333 5634 3531 5703 κόσμου’
3570 5627 3618 5676 ἐν

2118 5727 2200 5803 οἷς
2245 5735 2449 5806 καιροῖς
2489 5731 2798 5788 ἐϐασίλευον
2849 5734 2968 5791 τότε
3005 5733 3209 5788 πάντων
3241 5733 3284 5782 oi
3313 5720 3608 5780 Βαϐυλώνιοι»
