3814 6198
160 284 246 338 6ῗό
1349 277 1638 335 SCHOLIA
1673 277 1737 332 IN
1772 276 2139 333 DANIELEM.

3278 278 3380 335 67!

160 406 225 466 ὼς
256 401 453 472 κεφαλὴ
475 400 649 472 χρυσῆ
684 400 780 472 τῆς
812 398 1017 463 εἰκόνος
1046 398 1397 470 ὑπάρχοντες·
1436 398 1557 451 ἐπεὶ
1595 398 1711 469 μετ’

1816 405 2009 452 statuae
2042 404 2197 449 erant
2226 412 2238 447 :
2267 392 2462 449 deinde
2491 401 2610 463 post
2641 392 2763 449 illos
2801 392 3063 449 dominati
3095 405 3221 450 sunt
3250 394 3382 451 Per-

164 498 349 559 αὐτοὺς
391 494 696 566 ἐκράτησαν
726 493 933 565 Πέρσαι
971 493 1063 545 ἐπὶ
1098 493 1191 563 ἔτη
1234 498 1373 561 σμεν,
1401 493 1475 555 ὡς
1506 490 1719 545 δεικνύ-

162 608 242 642 ναι
272 589 479 653 τούτους
510 588 601 640 τὸν
642 588 896 658 ἄργυρον·
924 587 1233 657 ἐκράτησαν
1258 585 1313 637 δὲ
1347 585 1440 637 καὶ
1462 582 1718 652 Ἕλληνες

160 683 437 755 ἀρξάμενοι
487 680 594 734 ἀπὸ
647 678 991 748 Ἀλεξάνδρου
1037 676 1131 729 τοῦ
1166 676 1472 739 Μακεδόνος
1503 675 1595 728 ἐπὶ
1623 675 1716 746 ἐτη

154 776 445 846 τμακόσια·
486 773 561 836 ὡς
597 768 733 825 εἶναι
766 770 990 833 τούτους
1037 769 1127 822 τὸν
1160 768 1355 839 χαλκόν
1376 785 1389 798 ·
1436 767 1573 839 μετὰ
1601 766 1720 819 τού-

152 882 267 929 τους
306 867 582 934 Ῥωμαῖοι,
609 863 814 933 κνῆμαι
846 861 1059 932 σιδηραῖ
1088 860 1186 929 τῆς
1219 859 1422 923 εἰκόνος
1451 859 1718 930 ὑράρχον-

148 974 253 1019 τες,
288 957 495 1026 ἰσχυροὶ
528 956 701 1018 ὄντες,
730 953 805 1017 ὡς
837 953 1073 1025 σίδηρος·
1106 952 1294 1005 ἔπειτα
1332 951 1577 1005 δάκτυλοι
1617 969 1715 1005 πο-

151 1045 248 1098 δῶν
281 1046 544 1117 ὄστρακον
588 1043 683 1097 καὶ
737 1043 972 1114 σίδηρος,
1008 1043 1093 1094 ἵνα
1135 1040 1416 1111 δειχθῶσιν
1463 1041 1519 1092 αἰ
1545 1039 1716 1111 δημο-

156 1136 363 1208 κρατίαι
386 1138 442 1189 αἰ
466 1134 755 1207 μέλλουσαι
786 1132 1066 1202 γίγνεσθαι
1094 1130 1464 1202 διαιρούμεναι
1494 1133 1572 1194 εἰς
1592 1131 1719 1193 τοὺς

164 1238 191 1283 ι’
214 1228 494 1291 δακτύλους
524 1228 626 1297 τῆς
649 1227 877 1291 εἰκόνος,
908 1228 966 1279 ἐν
998 1219 1080 1288 οἷς
1102 1223 1249 1277 ἔσται
1274 1222 1487 1295 σίδηρος
1514 1224 1717 1295 ἀναμε-

173 1321 407 1394 μιγμένκ
437 1319 514 1391 τῷ
544 1320 817 1393 ὀστράκῳ.

227 1414 627 1481 λα’.Ὲθεώρεις,
654 1433 705 1467 κ.
732 1432 782 1467 τ.
808 1414 858 1467 λ.
875 1410 1588 1481 Ἀπολλιναρίου.”Εϐλεπεν,
1608 1410 1702 1465 καὶ

176 1504 285 1559 ὡσεὶ
310 1506 517 1575 ἀνδριάς
540 1501 639 1569 εἷς·
660 1501 726 1574 ἦν
759 1504 870 1576 γάρ
902 1504 1075 1575 τούτῳ
1111 1503 1185 1567 ὡς
1224 1502 1357 1574 πρὸς
1384 1502 1471 1554 τὸν
1494 1502 1702 1573 ὁρῶντα

178 1598 256 1666 οὐχ
268 1595 603 1666 ὑποκείμενόν
622 1612 697 1659 τι,
711 1594 823 1647 ἀλλ’
844 1593 1097 1665 ὁμοίωσις
1114 1592 1425 1663 φαινομένη·
1448 1593 1495 1644 εἰ
1516 1591 1570 1644 δὲ
1584 1590 1700 1662 (κίε)

181 1688 257 1741 καὶ
288 1686 481 1739 πολλῶν
528 1686 639 1756 ἔχει
684 1686 876 1738 ἕνωσιν
923 1686 981 1738 ὲν
1017 1684 1194 1755 ἐαυτῷ
1229 1684 1367 1737 ὥστε
1402 1683 1502 1736 οὐκ
1536 1683 1703 1747 ὅντως

1824 504 1898 543 θαι
1923 489 2079 544 annis
2112 487 2360 543 ducentis
2377 486 2731 556 quadraginta
2755 484 3027 558 quinque;
3058 488 3261 542 indicat
3290 504 3386 545 eos

1822 590 2103 652 argentum
2146 599 2159 636 :
2202 589 2519 652 potestatem
2573 594 2702 635 vero
2754 581 3058 636 habuerunt
3100 582 3271 637 Graeci
3318 585 3387 639 ab

1822 674 2134 728 Alexandro
2166 674 2455 728 Macedone
2484 674 2642 727 annis
2666 672 2955 739 trecentis;
2985 672 3085 743 ipsi
3113 690 3187 729 res
3211 682 3384 731 erant.

1820 763 1951 820 Post
1983 766 2084 820 hos
2111 766 2362 830 Romani,
2387 781 2543 820 crura
2590 764 2762 827 terrea
2794 774 3005 830 statuae,
3034 767 3241 823 robusti
3284 768 3387 824 viri

1822 869 1880 913 ut
1916 858 2159 915 ferrum:
2194 859 2386 913 deinde
2417 859 2567 929 digiti
2606 859 2833 928 pedum,
2879 867 3013 915 testa
3044 868 3097 915 et
3138 860 3383 917 ferrum:

1825 959 1881 1004 nt
1914 960 2347 1006 monstrarentur
2371 950 2713 1005 democratiaa
2736 950 2930 1006 futura:
2949 991 2963 1016 ,
3002 952 3189 1006 divisae
3210 953 3263 1006 in
3289 954 3384 1007 de-

1819 1062 1933 1100 cem
1970 1046 2167 1117 digitos
2210 1053 2420 1108 statuze,
2468 1043 2522 1097 in
2565 1043 2767 1113 quibus
2795 1044 2899 1098 erit
2929 1042 3131 1099 ferrum
3162 1044 3382 1101 mistum

1818 1147 1988 1193 testze.

1892 1412 1951 1467 V.
1981 1412 2066 1467 3|.
2114 1412 2369 1478 Videbas,
2410 1426 2513 1471 etc.
2547 1414 2886 1485 Apollinarii.
2924 1412 3071 1486 (Non
3106 1433 3223 1471 vero
3250 1416 3383 1489 Hip-

1815 1503 2000 1574 polyti.
2043 1502 2148 1557 llic
2184 1504 2247 1557 de
2282 1504 2375 1558 illo
2422 1506 2613 1558 mentio
2656 1514 2858 1558 tantum
2899 1506 3012 1577 ﬁt.)
3051 1508 3381 1576 Aspiciehat,

1813 1602 1866 1647 et
1913 1609 2037 1649 ecce
2075 1595 2229 1664 quasi
2270 1604 2445 1650 statua
2490 1610 2636 1649 una:
2679 1604 2794 1650 erat
2843 1598 2987 1651 enim
3022 1612 3202 1652 coram
3246 1599 3381 1667 illo,

1814 1701 1921 1739 non
1950 1695 2009 1740 ut
2037 1688 2208 1742 cuivis
2231 1687 2517 1757 spectatori
2550 1686 2751 1755 aliquid
2782 1688 3108 1756 expositum,
3147 1688 3237 1743 sed
3269 1698 3386 1745 erat

172 1768 255 1836 εἷς,
286 1774 437 1837 πολὺς
470 1774 501 1827 6
534 1774 755 1846 ἀνδριὰς
788 1776 1013 1837 ἐκεῖνος·
1049 1772 1156 1827 τῶν
1190 1774 1296 1843 γάρ
1330 1772 1515 1825 πασῶν
1556 1772 1710 1842 βασι-

1816 1792 2080 1845 apparens
2130 1778 2335 1847 imago:
2383 1788 2436 1831 et
2484 1777 2778 1832 multorum
2828 1778 2988 1833 habet
3026 1779 3285 1833 unitatem
3326 1779 3383 1833 in

172 1863 305 1915 λειῶν
332 1861 467 1934 εἶχεν
501 1863 1000 1933 ἀνακεφαλαίωσιν·
1032 1863 1125 1915 καὶ
1156 1861 1382 1914 εὑείδεια
1418 1860 1580 1914 αὑτοῦ
1611 1877 1709 1913 πε·-

173 1956 308 2025 ρισσὴ
326 1954 407 2007 διὰ
438 1955 539 2026 τὴν
568 1955 725 2021 δόξαν
756 1953 865 2007 τῶν
896 1952 1176 2024 βασιλέων·
1209 1953 1300 2007 καὶ
1331 1955 1362 2024 ἡ
1399 1952 1579 2024 μορφὴ
1612 1954 1709 2007 αὐ-

170 2046 246 2098 τοῦ
281 2046 473 2117 φοϐερά
502 2046 591 2099 διά
635 2046 731 2117 τὴν
768 2045 1030 2110 ἐξουσίαν.
1064 2043 1319 2109 Εὐσέϐιος
1356 2046 1384 2097 ό
1427 2045 1709 2116 Παμφίλου

173 2138 249 2190 καὶ
286 2139 587 2202 Ἱππόλυτος
608 2141 637 2192 6
657 2136 957 2207 άγιώτατος
981 2137 1275 2200 ἐπίσκοπος
1315 2135 1529 2207 Ῥώμης
1558 2138 1712 2190 ἀπει-

172 2228 369 2291 κάζουσι
414 2230 512 2300 τὴν
544 2230 911 2301 προκειμένην
949 2228 1043 2281 τοῦ
1076 2227 1538 2299 Ναϐουχοδονόσορ
1578 2230 1708 2300 δρα-

175 2338 242 2372 σιν
282 2324 341 2392 τῇ
376 2320 467 2374 τοῦ
517 2323 796 2393 προφήτου
828 2320 1024 2392 Δανιὴλ
1065 2320 1316 2391 ὀπτασίᾳ·
1369 2320 1553 2390 ἐπειδὴ
1598 2321 1713 2373 δια-

170 2412 327 2483 φόρως
354 2415 450 2485 τὴν
485 2414 857 2486 προκειμένην
894 2413 1125 2485 Θεωρίαν
1157 2412 1405 2480 ἐξέλαϐον
1433 2415 1481 2467 οἰ
1508 2414 1711 2485 ταύτην

169 2507 600 2577 ἑρμηνεύσαντες,
644 2508 940 2575 ἀναγκαῖον
975 2506 1303 2578 ἐλογισάμην
1336 2506 1591 2559 Εὑσεϐίου
1618 2506 1710 2561 τοῦ

169 2596 474 2667 Καισαρείας
507 2596 600 2648 τοῦ
645 2596 873 2667 ἐπίκλην
914 2596 1197 2666 Παμφίλου
1232 2595 1570 2668 παραθέσθαι
1601 2614 1712 2666 φω-

167 2688 247 2751 νὰς
275 2688 559 2757 εἰρημένας
587 2687 645 2739 ἐν
671 2687 1137 2758 πεντεκαιδεκάτῳ
1180 2686 1329 2758 τόμῳ
1352 2688 1449 2758 τῆς
1475 2690 1711 2759 εὐαγγε-

161 2778 319 2845 λικῆς
348 2777 720 2844 Ἀποδείξεως
743 2778 881 2850 (72);
903 2773 1053 2843 οὗτος
1080 2779 1186 2850 γὰρ
1218 2780 1397 2832 πᾶσαν
1427 2779 1712 2851 ἐκθέμενος

161 2870 252 2937 τὴν
268 2871 443 2943 δρασιν
466 2869 637 2934 οὕτως
666 2870 1182 2942 φησί’-Ἡγοῦμαι
1200 2872 1372 2925 ταῦτα
1408 2872 1571 2943 μηδὲν
1600 2873 1712 2925 δια-

162 2961 333 3031 φέρειν
360 2961 456 3031 τῆς
487 2962 583 3015 τοῦ
611 2964 887 3035 προφήτου
920 2964 1170 3034 θεωρίας·
1197 2964 1272 3028 ὡς
1299 2964 1406 3037 γάρ
1437 2967 1464 3018 6
1502 2966 1707 3038 προφή-

162 3068 253 3116 της
295 3051 562 3107 θάλασσαν
617 3051 764 3125 ἐώρα
818 3054 1092 3126 μεγάλην,
1156 3054 1327 3119 οὕτως
1376 3057 1404 3109 6
1459 3055 1707 3127 βασιλεὺς

162 3112 326 3193 εἰκόνα
370 3143 599 3215 πολλήν·
653 3112 746 3198 καὶ
785 3112 942 3199 πάλίν
972 3112 1048 3209 ὡς
1078 3112 1120 3201 ’ὁ
1163 3112 1469 3220 προφητης.
1489 3148 1632 3219 ἐώρα
1733 3112 1774 3167 C

162 3234 322 3305 θηρία,
354 3236 499 3306 άπερ
544 3235 859 3307 ἑρμηνεύων
895 3237 1187 3307 μετέϐαλεν
1218 3242 1298 3302 εἰς
1338 3240 1378 3293 δ’
1413 3239 1708 3310 βασιλείας,

164 3325 317 3389 οὕτως
356 3328 384 3379 6
433 3327 686 3397 βασιλεὺς
727 3328 826 3393 τάς
856 3328 943 3382 διὰ
972 3329 1066 3383 τοῦ
1110 3330 1310 3402 χρυσοῦ
1338 3332 1431 3385 καί⁵
1468 3333 1708 3405 ἀργύρου

162 3419 243 3469 καὶ
278 3419 480 3489 χαλκοῦ
524 3422 617 3473 καὶ
662 3421 905 3493 σιδήρου,
941 3421 1211 3494 τέσσαρας
1257 3422 1529 3493 βασιλείας
1564 3425 1712 3495 ᾐνίτ-

158 3526 283 3561 τετο·
319 3511 409 3563 καὶ
460 3508 615 3576 αὖθις
659 3512 735 3577 ὠς
777 3516 806 3567 6
851 3514 1132 3585 προφήτης
1178 3514 1285 3567 τῶν
1335 3513 1428 3567 τοῦ
1480 3516 1709 3570 ὑστάτου

156 3599 329 3672 θηρίου
360 3603 607 3675 κεράτων
638 3604 774 3659 δέκα
804 3605 1066 3677 διαίρεσιν
1106 3604 1252 3677 ἐώρα
1276 3645 1290 3669 ,
1337 3605 1431 3659 καὶ
1462 3607 1586 3679 τρία
1618 3608 1709 3660 κέ-

158 3711 279 3761 ρατα
305 3696 395 3764 ὑφ’
420 3696 539 3759 ἐνὸς
572 3696 985 3768 συντριϐόμενα,
1011 3699 1105 3750 καὶ
1132 3699 1161 3750 6
1183 3697 1431 3767 βασιλεὺς
1453 3698 1711 3765 ὡσαύτως

155 3788 237 3838 ἐπὶ
275 3788 382 3841 τῶν
412 3786 738 3841 τελευταίων
769 3789 869 3859 τῆς
908 3789 1110 3853 εἰκόνος
1162 3789 1326 3861 μέρος
1364 3805 1415 3842 τι
1460 3789 1713 3861 σιδηροῦν

156 3882 239 3932 καὶ
268 3881 435 3951 μέρος
467 3882 779 3952 ὀπράκινον
817 3880 1055 3953 ἐθεώρει·
1100 3881 1194 3935 καὶ
1226 3882 1318 3935 ἐπὶ
1350 3880 1555 3947 τούτοις
1582 3882 1656 3947 ὡς
1683 3883 1711 3936 6

158 3974 427 4043 προφήτης
462 3972 599 4043 μετὰ
629 3974 727 4045 τὴν
759 3972 865 4027 τῶν
894 3973 1170 4044 τεσσάρων
1204 3973 1489 4044 βασιλειῶν
1524 3975 1710 4046 ὅρασιν

159 4062 289 4133 ἑώρα
318 4064 447 4116 Υἱδν
498 4063 782 4136 ἀνθρώπου
828 4064 929 4137 τὴν
968 4064 1108 4119 κατά
1155 4066 1369 4119 πάντων
1415 4065 1585 4138 ἀρχὴν
1618 4065 1712 4119 καὶ
1753 4129 1779 4159 .

160 4154 391 4217 ἐξουσίαν
442 4155 537 4208 καὶ
580 4154 849 4225 βασιλείαν
896 4156 1294 4228 παρειληφότα,
1339 4156 1509 4221 οὕτως
1560 4159 1653 4212 καὶ
1682 4160 1713 4214 6

162 4242 395 4310 βασιλεὺς
442 4245 588 4298 λίθον
632 4245 976 4313 συντρίϐοντα
1022 4247 1120 4318 τὴν
1174 4247 1355 4299 εἰκόνα
1396 4249 1573 4301 πᾶσαν
1618 4248 1713 4302 καὶ

160 4336 425 4407 γινόμενον
466 4338 547 4400 εἰς
572 4337 694 4408 ὅρος
735 4338 874 4408 μέγα
902 4338 997 4390 καὶ
1034 4336 1273 4409 πληροῦν
1312 4337 1579 4391 θάλασσαν
1603 4339 1714 4392 €66-

159 4443 232 4478 κει
271 4429 427 4499 όρᾷν·
464 4426 559 4479 καὶ
608 4428 848 4492 εἰκότως·
880 4428 1083 4500 ἔπρεπε
1112 4428 1221 4501 γὰρ
1258 4428 1335 4499 τῷ
1370 4429 1467 4499 μὲν
1496 4431 1709 4503 ἠπατη-

162 4518 291 4589 μένῳ
324 4520 455 4590 περὶ
486 4520 588 4590 τὴν
613 4519 706 4572 τοῦ
743 4520 858 4590 βίου
897 4522 1191 4591 φαντασίαν
1225 4521 1452 4592 βασιλεῖ,
1493 4523 1587 4575 καὶ
1612 4524 1711 4594 τὴν

158 4612 253 4665 τῶν
292 4614 567 4685 αἰσθητῶν
600 4608 685 4667 οἷα
718 4615 1021 4687 χρωμάτων
1058 4614 1364 4687 ὡραιότητα
1406 4617 1713 4687 ἐπιγραφῆς

156 4705 508 4777 ἀνακειμένης
537 4704 885 4777 θαυμάζοντι,
919 4706 1086 4760 εἰκόνι
1134 4706 1343 4779 μεγάλῃ
1383 4706 1472 4760 τὸν
1501 4708 1716 4761 πάντων

156 4796 447 4868 ἀνθρώπων
470 4797 784 4861 ἀπεικάζειν
811 4798 941 4869 βίον·
968 4796 1059 4851 τὸν
1084 4798 1446 4870 δὲςπροφήτην
1475 4798 1595 4870 (διε)
1623 4801 1715 4854 τὸν

156 4890 311 4943 πολὺν
354 4892 451 4944 καὶ
500 4891 671 4961 μέγαν
720 4890 876 4944 σάλον
923 4889 1015 4943 τοῦ
1065 4890 1179 4959 βίου
1229 4888 1435 4961 μεγάλῃ
1470 4888 1715 4965 θαλάσσῃ

154 4981 537 5053 παραϐάλλειν·
573 4981 665 5035 καὶ
695 4980 773 5052 τῷ
807 4980 907 5051 μὲν
942 4979 1149 5050 βασιλεῖ
1187 4979 1286 5043 τὰς
1326 4978 1475 5051 παρά
1506 4979 1714 5054 ἀνθρὼο

156 5090 281 5137 ποις.
301 5073 616 5139 πολυτελεῖς
637 5073 932 5144 γενομένας
960 5071 1091 5135 ὔλας
1118 5069 1315 5145 χρυσοῦ
1340 5072 1430 5125 καὶ
1449 5074 1707 5146 ἀργύρου,

152 5165 352 5233 χαλκοῦ
400 5183 461 5218 τε
517 5166 609 5219 καὶ
654 5165 868 5236 σιδήρου
900 5161 1244 5235 θαυμάζοντι,
1278 5161 1375 5225 τάς
1406 5164 1544 5216 κατὰ
1585 5163 1714 5234 χρό-

149 5275 271 5323 νους
305 5259 364 5311 ἐν
395 5256 473 5327 τῷ
503 5255 601 5327 βίῳ
632 5255 740 5309 τῶν
775 5253 1073 5327 ἀνθρώπων
1100 5255 1413 5327 ἐπικρατεῖς
1440 5252 1715 5324 βασιλείας

214 5392 331 5465 (72)
358 5391 457 5448 Est
486 5392 539 5446 in
574 5389 867 5460 deperditis
898 5389 984 5465 hic
1012 5387 1228 5465 Eusebii
1269 5389 1421 5444 liber.
1453 5388 1715 5465 E_vigin_ti

145 5459 311 5527 enim,
348 5465 536 5517 decem
585 5459 960 5515 tantummodo
991 5461 1198 5530 priores
1228 5469 1457 5515 exstant.
1493 5459 1613 5527 Quo
1658 5462 1718 5515 tit

148 5536 439 5601 pretiosius
468 5534 572 5586 hoc
609 5532 810 5601 decimi
837 5529 1011 5601 quinti
1045 5529 1436 5601 fragmentum;
1468 5534 1533 5585 ad
1569 5532 1715 5600 quod

149 5598 267 5658 sine
296 5605 467 5657 dubio
502 5601 738 5658 respexit
767 5598 1141 5655 Theodoretus
1174 5600 1227 5652 in
1268 5615 1365 5655 sua
1412 5615 1518 5654 non
1551 5598 1714 5655 dissi-

154 5675 265 5727 mili
289 5672 549 5727 Danielici
586 5669 749 5741 hujus
774 5670 876 5725 loci
907 5670 1366 5741 interpretatione.
1390 5669 1575 5741 Neque
1606 5670 1717 5725 fere

149 5745 357 5799 abludit
385 5740 772 5813 Hieronymus,
805 5755 967 5811 quem
999 5740 1205 5813 alioqui
1251 5755 1358 5796 non
1397 5740 1713 5810 infrequen-

1810 1868 2010 1937 seipsa,
2038 1868 2109 1922 ita
2146 1879 2201 1922 ut
2225 1885 2330 1922 non
2358 1868 2573 1923 realiter
2601 1884 2728 1935 una,
2760 1867 2855 1923 sed
2890 1870 3166 1940 multiplex
3204 1878 3384 1926 statua

1810 1957 1934 2013 ista.
1984 1956 2238 2013 Omnium
2269 1960 2413 2014 enim
2458 1974 2749 2029 regnorum
2781 1975 3052 2015 summam
3090 1962 3321 2018 habebat
3366 1980 3381 2017 :

1809 2049 2153 2119 pulchritudo
2192 2052 2310 2119 ejus
2336 2051 2533 2105 decora
2568 2050 2731 2105 nimis
2776 2064 2998 2122 propter
3040 2053 3265 2123 gloriam
3305 2070 3388 2108 re-

1809 2155 1935 2209 gum
1960 2157 1973 2203 ;
2009 2148 2063 2193 et
2093 2149 2344 2209 aspectus
2370 2140 2490 2209 ejus
2519 2139 2774 2194 terribilis
2793 2181 2808 2206 ,
2826 2152 3044 2209 propter
3064 2142 3379 2211 potentiam.

1809 2229 2075 2285 Eusebius
2102 2229 2390 2300 Pamphili,
2430 2238 2483 2285 et
2512 2229 2847 2284 HIPPOLYTUS
2869 2231 3247 2288 sanctissimus
3277 2232 3392 2305 epi-

1808 2336 2004 2390 sc0pus
2024 2320 2207 2377 Roma:
2234 2332 2684 2392 comparaverunt
2713 2321 3211 2379 Nabuchodonosor
3243 2342 3392 2381 som-

1809 2412 1962 2467 nium
1996 2415 2269 2483 prophetae
2315 2413 2551 2469 Danielis
2580 2415 2799 2469 visioni.
2846 2415 3113 2482 Quoniam
3165 2417 3384 2471 diverso

1808 2502 1953 2559 hanc
1997 2506 2262 2560 visionem
2312 2506 2803 2575 interpretaverunt
2854 2507 2907 2561 in
2958 2507 3381 2563 Commentariis

1809 2596 1946 2662 suis,
1978 2598 2343 2652 necessarium
2366 2597 2603 2667 judicavi
2630 2597 2845 2653 Eusebii
2871 2599 3149 2661 Cassareze.
3179 2616 3383 2671 cogno-

1810 2686 1957 2742 mine
1994 2685 2260 2757 Pamphili
2293 2688 2656 2743 transcribere
2696 2688 2858 2742 verba
2900 2705 3023 2759 qua:
3051 2699 3178 2744 sunt
3205 2691 3259 2743 in
3289 2691 3384 2744 de-

1810 2778 1952 2834 cimo
1990 2779 2179 2848 quinto
2215 2779 2351 2833 libro
2385 2778 2714 2850 Evangelia:
2756 2781 3243 2837 demonstrationis.
3288 2781 3384 2837 Hic

1809 2869 1952 2925 enim
1985 2880 2149 2923 totam
2175 2870 2448 2941 explicans
2477 2872 2738 2927 visionem
2766 2873 2844 2926 sic
2870 2873 3142 2943 loquitur:

1884 2978 1903 3013 ‹
1954 2962 2213 3017 Existimo
2250 2964 2361 3018 haec
2392 2964 2532 3028 (scil.
2564 2965 2827 3020 visionem
2858 2963 3381 3037 Nabuchodonosor)

1812 3067 1920 3106 non
1950 3054 2162 3108 diﬂ‘erre
2192 3070 2222 3109 a
2260 3055 2468 3111 visione
2518 3057 2791 3127 propheta:
2837 3056 3084 3129 (Daniel).
3132 3058 3201 3112 Ut
3237 3060 3383 3113 enim

1812 3144 2064 3215 propheta
2091 3160 2239 3200 mare
2268 3147 2397 3202 vidit
2421 3164 2697 3219 magnum,
2724 3149 2803 3204 sic
2844 3163 2940 3203 rex
2974 3159 3207 3204 statuam
3248 3152 3385 3205 mul‘

1811 3236 2083 3306 tiplicem:
2138 3247 2191 3291 et
2229 3238 2423 3294 iterum
2474 3244 2613 3296 sicut
2657 3240 2919 3311 propheta
2963 3242 3096 3297 vidit
3148 3254 3383 3313 quatuor

1809 3327 2032 3394 bestias,
2064 3345 2203 3400 quas
2244 3334 2605 3403 interpretans
2644 3333 3050 3388 transformavit
3077 3334 3129 3387 in
3154 3344 3386 3404 quatuor

1808 3433 2009 3488 regna;
2036 3421 2114 3475 sic
2139 3437 2231 3475 rex
2266 3438 2359 3492 per
2386 3439 2600 3489 aurum,
2630 3432 2681 3478 et
2709 3433 3069 3494 argentum,ct
3096 3435 3253 3486 :es,et
3278 3424 3386 3480 fer—

1808 3524 1964 3577 rum,
1996 3522 2230 3581 quatuor
2276 3528 2439 3583 regna
2484 3514 2772 3585 allegorice
2818 3515 3103 3585 signiﬁcat.
3148 3513 3214 3569 Et
3261 3532 3383 3570 rur-

1810 3618 1930 3657 sum
1959 3611 2018 3656 ut
2043 3604 2302 3673 propheta
2332 3606 2531 3659 ultimae
2562 3606 2751 3660 bestiae
2786 3607 2971 3661 decem
3006 3622 3271 3661 cornuum
3303 3608 3385 3661 di—

1809 3695 2074 3751 visionem
2114 3697 2264 3763 vidit,
2312 3705 2366 3751 et
2414 3697 2516 3750 tria
2573 3712 2779 3752 cornua
2834 3699 2902 3753 ab
2948 3713 3057 3753 uno
3116 3699 3381 3763 contrita;

1811 3787 1885 3841 ita
1926 3802 2019 3840 rex
2064 3787 2252 3840 eodem
2298 3787 2458 3842 modo
2500 3788 2554 3840 in
2586 3789 2847 3843 membris
2887 3788 3238 3843 inferioribus
3273 3802 3383 3843 Sta-

1812 3888 1917 3932 tuze
1947 3885 2153 3946 partem
2193 3875 2443 3940 ferream,
2471 3887 2522 3932 ct
2554 3887 2759 3948 partem
2800 3888 3089 3934 testaceam
3120 3880 3273 3934 vidit.
3320 3878 3384 3933 Et

1811 3976 1999 4038 postea
2030 3980 2087 4022 ut
2120 3968 2379 4037 prOpheta
2424 3977 2548 4038 post
2592 3978 2827 4038 quatuor
2876 3984 3167 4040 regnorum
3216 3970 3384 4024 visio-

1812 4075 1955 4126 nem,
1982 4058 2114 4114 vidit
2133 4054 2323 4113 Filium
2360 4058 2593 4113 hominis
2625 4074 2787 4129 super
2819 4061 2998 4114 omnia
3022 4060 3303 4131 imperium
3330 4069 3385 4115 et

1817 4160 2129 4226 potestatem
2161 4164 2215 4208 et
2246 4167 2471 4224 regnum
2504 4151 2904 4219 possidentem;
2930 4153 3007 4207 sic
3033 4161 3086 4207 et
3110 4154 3215 4223 regi
3248 4154 3383 4224 lapi-

1811 4243 1932 4296 dem
1958 4244 2407 4299 comminuentem
2431 4250 2665 4298 statuam
2697 4251 2861 4297 totam
2890 4241 3195 4312 factumque
3224 4258 3382 4296 mon-

1812 4339 1918 4384 tem
1974 4347 2253 4401 magnum,
2306 4332 2615 4402 implentem
2650 4348 2799 4387 mare
2845 4332 3023 4386 videre
3067 4332 3242 4386 visum
3276 4342 3379 4386 est.

1812 4418 1879 4473 Et
1900 4421 2024 4491 jure
2056 4422 2270 4491 quidem
2308 4441 2321 4476 :
2347 4423 2571 4477 decebat
2595 4422 2741 4477 enim
2771 4437 2948 4495 regem
2980 4421 3121 4476 male
3148 4422 3385 4475 sentien-

1816 4523 1920 4567 tem
1947 4514 2013 4568 de
2037 4514 2153 4569 vita:
2181 4516 2512 4584 spectaculo,
2537 4524 2589 4569 et
2618 4514 2980 4577 sensibilium,
3007 4513 3236 4584 exempli
3261 4530 3383 4585 gra-

1812 4607 1906 4673 tia,
1955 4607 2194 4662 colorum
2236 4607 2655 4677 pulchritudinis
2694 4608 2748 4663 in
2790 4608 3024 4679 pictura,
3065 4609 3166 4663 sub
3210 4608 3382 4665 oculis

1812 4702 2130 4770 spectatoris
2160 4702 2434 4771 exposita,
2478 4702 2894 4769 admiratorem,
2942 4711 3134 4757 statuae
3172 4718 3381 4773 magnae

1813 4793 2055 4846 omnium
2105 4792 2385 4848 hominum
2442 4794 2745 4850 assimilare
2792 4796 3004 4864 vitam;
3057 4796 3376 4866 pr0phetam

1812 4898 1940 4937 vero
1962 4883 2185 4939 decebat
2214 4884 2410 4940 multos
2442 4900 2777 4958 magnosque
2803 4888 3067 4942 tumultus
3092 4888 3215 4942 vita:
3240 4888 3377 4942 mari

1814 4990 2009 5046 magno
2037 4976 2391 5046 aequiparare.
2434 4975 2548 5032 Rex
2575 4979 2814 5048 quidem,
2843 4979 3022 5050 magni
3049 4978 3204 5049 pretii
3236 4980 3377 5049 apud

1812 5067 2088 5121 hominem
2145 5068 2360 5123 metalla
2404 5083 2628 5137 aurum,
2663 5080 2944 5141 argentum
2968 5111 2983 5137 ,
3020 5087 3128 5138 aes,
3176 5070 3376 5126 ferrum

1814 5160 2111 5226 admirans,
2149 5175 2312 5231 regna
2362 5161 2636 5216 variorum
2675 5170 2978 5233 temporum
3030 5163 3083 5216 in
3130 5162 3240 5217 vita
3277 5162 3377 5216 ho-

1814 5251 2023 5306 minum
2052 5252 2426 5323 potentissima
2465 5253 2549 5309 his
2586 5252 2814 5309 debebat
2842 5251 3144 5308 assimilare
3184 5252 3377 5307 metal-

1816 5400 1923 5444 tem
1976 5388 2195 5446 Eusebii
2246 5391 2511 5445 asseclam
2564 5405 2686 5445 esse
2739 5390 2965 5445 scimus.
3016 5386 3255 5458 Denique
3309 5404 3378 5443 ne

1814 5458 2232 5530 Chrysostomus
2273 5461 2489 5530 quidem
2536 5458 2753 5530 Eusebii
2790 5460 2935 5530 hunc
2976 5458 3155 5530 locum
3197 5461 3377 5512 nesci-

1815 5528 1959 5584 visse
1999 5531 2228 5585 videtur.
2277 5528 2541 5584 (laterum
2579 5544 2644 5583 ex
2672 5528 2897 5601 Eusebii
2918 5529 3155 5601 scholiis
3186 5530 3237 5581 in
3277 5531 3377 5601 hac

1815 5609 2003 5654 catena
2053 5601 2495 5663 occurrentibus,
2545 5613 2609 5653 ea
2664 5596 2776 5653 fere
2819 5600 3117 5656 omittenda
3148 5596 3375 5667 curavi,

1816 5685 1936 5740 quae
1965 5671 2019 5724 in
2049 5670 2208 5726 editis
2229 5670 2342 5741 jam
2365 5668 2673 5725 exstabant.
2710 5668 2835 5724 Mn.
