3814 6198
478 226 582 282 6Ἱῦ

1387 224 1446 278 S.
1483 219 1837 276 HIPPOLYTI
1877 217 2022 274 OPP.
2056 214 2234 270 PARS
2270 213 2312 268 ι.
2346 244 2414 254 —
2445 212 2852 270 EXEGETICA.

3545 223 3630 280 676

479 348 580 413 lis;
620 346 882 416 propheta
927 359 1055 400 vero
1098 345 1151 399 in
1188 343 1374 399 formis
1419 344 1715 399 bestiarum
1761 344 1876 397 hzec
1922 342 2036 410 ipsa

2148 335 2356 400 ταύταις
2402 335 2692 406 ἀφομοιοῦν
2736 338 2852 398 ταῖς
2894 335 3064 399 ὖλαις·
3123 334 3199 404 τῷ
3240 336 3294 388 δὲ
3339 341 3560 414 προφήτῃ
3591 348 3638 397 ἐν

483 462 644 517 regna
673 445 813 500 haud
852 444 1009 498 aliter
1047 458 1110 497 ac
1157 443 1485 497 narrationis
1535 441 1814 496 exordium
1851 439 2042 502 depin-

481 555 605 608 gere
629 538 925 592 tenebatur.
962 535 1027 590 Et
1047 550 1236 590 rursus
1263 535 1394 604 regi,
1420 543 1478 588 ut
1509 534 1740 594 videtur,
1772 530 1838 584 dc
1867 531 2042 598 seipso

482 643 677 698 magna
723 626 1002 696 cogitanti,
1046 636 1098 680 ct
1128 625 1458 695 jactabundo
1499 624 1564 678 de
1610 622 1878 690 majorum
1915 635 2044 674 suo-

480 735 598 773 rum
631 717 877 786 imperio,
908 730 1088 770 rerum
1129 715 1488 768 humanarum
1537 714 1766 767 mutatio
1801 720 2040 781 apparet,

479 823 532 867 et
573 810 908 866 terrestrium
953 822 1239 877 regnorum
1272 807 1414 872 ﬁnis,
1447 816 1507 861 ut
1548 821 1702 861 suam
1735 804 2040 874 superbiam

479 906 711 973 deponat
750 911 803 957 et
837 901 971 955 nihil
997 901 1218 954 humani
1251 899 1495 954 durabile
1533 899 1745 962 credat,
1792 899 1884 952 sed
1922 905 2042 951 tau-

483 1007 594 1050 tum
618 1037 632 1060 ,
682 995 827 1064 quod
867 1004 949 1048 est
979 993 1218 1048 omnium
1252 993 1394 1058 linis,
1420 1007 1642 1062 regnum
1675 990 1788 1044 Dei.
1826 1021 1895 1029 —
1928 989 2044 1042 Erit

485 1090 627 1143 enim
660 1097 779 1158 post
808 1085 1091 1156 imperium
1122 1086 1466 1155 Assyriorum
1497 1083 1640 1154 quod
1673 1083 1902 1152 primum
1938 1091 2040 1147 est,

486 1196 727 1250 auroque
761 1179 1115 1250 signiﬁcatum
1141 1218 1154 1241 ,
1192 1175 1476 1231 Persarum
1526 1175 1813 1245 imperium
1839 1216 1854 1240 ,
1898 1173 2042 1244 quod

484 1271 779 1326 secundum
811 1278 912 1333 est,
940 1277 994 1323 et
1021 1281 1243 1338 argento
1266 1277 1646 1334 monstratum,
1675 1267 1762 1321 cui
1798 1267 1852 1321 in
1885 1267 2043 1321 tertio

483 1365 602 1418 loco
635 1363 986 1418 Macedonum
1031 1361 1346 1430 imperium,
1391 1376 1497 1416 aere
1531 1360 1822 1415 indicatum
1852 1374 2041 1412 succe-

482 1457 589 1510 det.
617 1485 700 1508 .~
733 1455 862 1510 Post
893 1451 995 1509 hoc
1017 1465 1207 1524 quarta
1233 1453 1553 1518 mutatione,
1584 1453 1867 1522 imperium
1898 1451 2040 1507 acci-

479 1552 626 1620 pient
649 1548 896 1614 Romani,
923 1547 1184 1610 omnium,
1215 1547 1308 1616 qui
1339 1554 1462 1600 ante
1490 1561 1585 1601 eos
1612 1545 1830 1600 fuerunt
1859 1554 2045 1614 poten-

480 1641 673 1707 tiores;
707 1639 1060 1709 quamobrcm
1098 1636 1243 1692 ferro
1273 1636 1666 1706 intelliguntur.
1710 1635 1919 1689 Dictum
1962 1642 2044 1688 est

2145 429 2374 496 μορφαῖς
2405 428 2606 498 θηρίων
2633 427 2729 490 τὰς
2753 426 2918 490 αὐτὰς
2949 425 3224 496 βασιλείας
3253 428 3560 500 καταλλήλως
3579 435 3640 505 τῷ

2142 517 2240 586 τῆς
2273 519 2444 589 ἀρχῆς
2489 518 2673 590 τρόπῳ
2717 517 3130 589 διαγράφεσθαι·
3175 518 3268 570 καὶ
3307 520 3452 573 πάλιν
3477 523 3542 592 τῷ
3566 527 3641 594 μὲν

2144 605 2367 674 βασιλεῖ,
2398 607 2536 678 μέγα
2569 607 2643 670 ὼς
2671 606 2815 666 εἰκὸς
2837 607 2919 675 ἐφ’
2941 606 3119 676 ἑαυτῷ
3145 607 3413 678 φρονοῦντι
3438 611 3520 663 καὶ
3541 614 3645 666 ἀλα-

2143 694 2472 768 ζονευομένῳ
2510 697 2602 750 ἐπὶ
2643 701 2709 768 τῇ
2740 697 2845 750 τῶν
2892 697 3174 768 προγόνων
3213 697 3462 772 βασιλείᾳ,
3495 705 3524 774 ἡ
3561 707 3646 759 τῶν

2141 791 2476 860 πραγμάτων
2526 789 2791 860 μεταϐολὴ
2833 790 3138 853 δείκνυται,
3184 792 3276 844 καὶ
3320 792 3421 844 τῶν
3455 796 3532 846 ἐπὶ
3565 798 3647 866 γῆς

2145 882 2427 952 βασιλειῶν
2460 883 2519 935 τὸ
2560 883 2708 946 τέλος
2726 923 2740 948 ,
2773 885 2850 946 εἰς
2883 882 3197 954 καθαίρεσιν
3226 882 3318 936 τοῦ
3345 887 3398 937 ὲν
3427 887 3554 957 αύτῷ
3576 890 3648 942 τύ-

2143 992 2261 1044 φου,
2297 974 2390 1027 καὶ
2435 976 2513 1037 εἰς
2558 975 2617 1026 τὸ
2663 975 2826 1046 μηδὲν
2866 975 3120 1046 ἡγεῖσθαι
3169 976 3372 1044 βέϐαιον
3407 976 3462 1028 τὸ
3498 979 3546 1029 ὲν
3580 981 3652 1032 ἀνι

2142 1065 2398 1137 θρώποις,
2427 1065 2459 1136 ἢ
2502 1067 2658 1136 μόνον
2701 1066 2761 1119 τὸ
2791 1068 2880 1120 ἐπὶ
2907 1068 3127 1120 πάντων
3154 1065 3302 1130 τέλος
3323 1067 3416 1137 τῆς
3444 1068 3524 1121 τού
3547 1069 3652 1124 Θεοῦ

2144 1155 2428 1226 βασιλείας·
2467 1157 2681 1211 ἔσεσθαι
2715 1158 2821 1229 γὰρ
2856 1157 2994 1228 μετὰ
3019 1157 3120 1228 τὴν
3150 1157 3366 1228 πρώτην
3407 1161 3654 1231 Ἀσσυρίων

2142 1245 2332 1316 ἀρχὴν,
2365 1247 2431 1316 ἢν
2461 1246 2489 1296 6
2518 1246 2713 1316 χρυσὸς
2751 1246 2989 1317 ᾐνίξατο,
3018 1248 3275 1319 δευτέραν
3307 1247 3399 1319 τὴν
3427 1247 3522 1301 τῶν
3545 1251 3655 1322 Περ-

2143 1334 2285 1401 σῶν,
2335 1336 2432 1406 τὴν
2479 1335 2566 1389 διὰ
2622 1336 2716 1388 τοῦ
2769 1337 3012 1407 ἀργύρου
3065 1337 3457 1408 δεδηλωμένην·
3504 1341 3656 1395 ἔπειτα

2140 1427 2328 1497 τρίτην
2354 1427 2448 1497 τὴν
2475 1428 2815 1491 Μακεδόνων,
2834 1430 2898 1500 ἢν
2929 1431 2959 1482 6
2989 1429 3190 1500 χαλκὸς
3223 1431 3467 1501 ὲσήμανε·
3493 1433 3588 1502 μεθ’
3605 1435 3656 1504 ήν

2141 1517 2405 1587 τετάρτην
2437 1518 2775 1582 διαδέξασθαι
2803 1519 2908 1574 τῶν
2951 1521 3262 1591 Ῥωμαίων,
3305 1525 3656 1594 κραταιωτέραν

2141 1600 2307 1659 οὖσαν
2335 1607 2442 1660 τῶν
2485 1608 2588 1680 πρὸ
2630 1609 2818 1680 αὐτῆς·
2852 1611 2932 1664 διὸ
2958 1611 3058 1664 καὶ
3093 1613 3294 1684 σιδήρῳ
3325 1614 3653 1683 παρεϐάλλετο·

480 1733 625 1786 enim
659 1732 724 1787 de
750 1733 854 1787 isto
879 1729 1131 1800 imperio:
1165 1727 1232 1782 Et
1264 1745 1476 1798 regnum
1501 1737 1748 1797 quartum
1775 1727 1873 1779 erit
1901 1725 2036 1779 velut

2148 1697 2325 1770 εἴρητο
2356 1699 2482 1768 γοῦν
2510 1701 2603 1754 καὶ
2635 1703 2763 1773 περὶ
2793 1703 2988 1773 αὐτῆς,
3020 1705 3120 1759 καὶ
3147 1707 3429 1770 ,βασιλεία
3456 1708 3657 1775 τετάρτη

481 1825 708 1893 ferrum:
735 1824 990 1894 quomodo
1011 1823 1207 1892 ferrum
1239 1821 1541 1874 comminuit
1571 1829 1620 1874 et
1643 1820 1819 1872 domat
1840 1820 2037 1882 omnia,

480 1919 555 1970 sic
585 1919 897 1971 comminuet
925 1924 974 1969 et
1003 1923 1228 1967 conteret
1275 1915 1450 1967 omnia
1497 1917 1604 1968 lucc
1628 1913 1791 1984 (Dan.
1837 1931 1897 1980 ιι,
1927 1913 2037 1984 40).

481 2010 546 2064 Ει
575 2019 694 2080 post
715 2011 829 2064 hzec
853 2009 1034 2062 omnia
1056 2007 1301 2076 imperia,
1330 2023 1554 2078 regnum
1574 2007 1667 2062 Dei
1691 2023 1786 2077 per
1808 2006 2040 2078 lapidem

480 2101 572 2169 qui
616 2110 780 2154 totam
833 2106 1067 2152 statuam
1129 2097 1452 2168 confringit,
1497 2107 1928 2168 rcpraesenlatur.
1977 2099 2043 2154 Et

479 2190 738 2258 propheta
774 2188 988 2242 illarum
1023 2204 1225 2255 rerum,
1265 2189 1452 2243 eodem
1491 2189 1671 2255 modo,
1703 2190 1758 2244 in
1786 2189 1891 2244 ﬁne
1924 2205 2042 2245 om-

487 2281 659 2346 nium,
709 2280 800 2334 Dei
847 2295 1070 2350 regnum
1138 2296 1246 2334 non
1295 2281 1446 2350 prius
1503 2281 1646 2336 videt
1701 2297 1862 2351 quam
1909 2283 2041 2336 istas

480 2382 713 2440 quatuor
746 2373 1022 2444 dynastias
1049 2373 1414 2442 descripserit,
1446 2373 1601 2443 juxta
1645 2374 1912 2440 ordinem,
1946 2391 2042 2444 per

479 2473 713 2534 quatuor
740 2465 972 2532 bestias;
1005 2476 1236 2536 quatuor
1267 2476 1445 2520 autem
1469 2467 1660 2520 horum
1687 2467 2039 2536 imperiorum

435 2591 440 2598 ς
479 2566 688 2611 tantum
739 2565 792 2612 et
839 2573 948 2612 non
992 2559 1256 2625 aliorum,
1298 2567 1427 2627 puto
1476 2558 1707 2614 visiones
1741 2567 1796 2613 et
1830 2559 1939 2628 regi
1988 2568 2042 2613 et

479 2650 753 2720 prophetae
796 2650 1170 2706 manifestatas
1222 2649 1427 2715 fuisse,
1479 2651 1605 2721 quia
1669 2651 1752 2706 his
1809 2660 2041 2722 quatuor

481 2741 722 2810 imperiis
750 2742 898 2796 natio
933 2741 1263 2809 Iudaeorum,
1297 2757 1329 2797 a
1363 2742 1639 2814 prophetae
1685 2743 2037 2812 temporibus,

485 2842 601 2888 erat
632 2834 918 2889 servitura.

553 2990 616 3044 V.
661 2993 748 3046 5'5.
777 3021 846 3032 —
871 2991 1072 3046 Pedum
1109 2994 1372 3062 quwdam,
1404 3002 1507 3048 etc.
1555 2993 1842 3066 Hippolyti.
1881 3023 1950 3034 —
1979 2993 2037 3048 In

2139 1791 2308 1844 ἔσται
2351 1795 2568 1862 ισχυρὰ
2612 1795 2693 1861 ὡς
2732 1795 3004 1864 σίδηρος·
3055 1797 3128 1850 ὃν
3154 1801 3371 1866 τρόπον
3395 1802 3424 1852 ό
3457 1799 3660 1866 σίδηρος

2138 1883 2418 1938 λεπτύνει
2466 1885 2563 1938 καὶ
2611 1885 2846 1956 δαμάζει
2897 1887 3120 1954 πάντα,
3156 1891 3341 1956 οὕτως
3375 1889 3551 1944 πάντα
3583 1895 3658 1944 λε-

2141 1974 2355 2027 πτυνεῐ
2377 1975 2475 2028 καὶ
2501 1975 2767 2047 δαμάσει·
2797 1979 2890 2032 καὶ
2936 1981 3079 2050 μετὰ
3110 1981 3210 2043 τὰς
3241 1981 3515 2052 εἰρημένας
3541 1980 3658 2034 άπά-

2143 2081 2240 2128 σας
2265 2067 2361 2138 τὴν
2381 2067 2474 2120 τοῦ
2496 2064 2631 2120 Θεοῦ
2662 2069 2930 2139 βασιλείαν
2962 2072 3056 2125 διὰ
3093 2072 3184 2125 τοῦ
3223 2073 3565 2143 συντρίϐοντος
3586 2073 3659 2142 τήν

2142 2157 2320 2210 πᾶσαν
2355 2159 2536 2212 εἰκόνα
2581 2157 2729 2212 λίθου
2770 2162 3209 2234 παρισταμένην·
3248 2163 3340 2217 καὶ
3369 2164 3396 2215 6
3423 2165 3659 2233 προφήτης

2145 2246 2348 2299 τούτων
2394 2248 2697 2314 ἀκολούθως
2726 2251 2822 2322 τὴν
2864 2254 2955 2306 ἐπὶ
2982 2255 3130 2306 τέλει
3160 2253 3251 2306 τοῦ
3280 2253 3383 2306 τῶν
3406 2253 3526 2306 ὅλων
3551 2252 3660 2305 Θεοῦ

2142 2337 2414 2408 βασιλείαν
2442 2341 2501 2393 ού
2532 2342 2790 2414 πρότερον
2817 2343 3042 2414 θεωρεῖ,
3075 2346 3108 2415 ἦ
3141 2347 3240 2409 τὰς
3267 2346 3536 2418 εἰρημένας
3565 2346 3661 2396 τέσ-

2143 2443 2313 2500 σαρας
2362 2429 2674 2494 δυναστείας
2705 2431 2999 2504 διαγράψαι
3037 2435 3129 2487 τὸν
3161 2435 3316 2503 λόγον
3340 2435 3422 2488 διὰ
3447 2435 3542 2487 τῶν
3560 2451 3657 2486 τεσ-

2142 2519 2320 2590 σάρων
2354 2519 2555 2591 θηρίων
2577 2538 2589 2550 ·
2631 2522 2832 2576 τούτων
2864 2524 2920 2576 δὲ
2963 2525 3078 2578 τῶν
3119 2526 3394 2596 τεσσάρων
3427 2525 3663 2596 βασιλειῶν

2143 2611 2317 2678 μόνων
2361 2612 2455 2664 καὶ
2496 2612 2614 2665 οὐδὲ
2656 2614 2853 2686 ἑτέρων
2881 2618 3132 2687 ἡγοῦμαι
3156 2617 3255 2679 τὰς
3279 2619 3482 2688 ὁράσεις
3506 2617 3584 2672 καὶ
3602 2618 3662 2688 τῷ

2141 2705 2344 2776 βασιλεί
2389 2706 2480 2760 κα)⁸
2531 2706 2609 2777 τῷ
2653 2710 2902 2782 προφήτῃ
2948 2711 3248 2781 δεδεῖχθαι,
3279 2711 3362 2765 διά
3394 2711 3451 2764 τὸ
3481 2710 3663 2773 ταύταις

2138 2797 2606 2868 καταδουλωθῆναι
2639 2799 2698 2852 τὸ
2734 2799 2995 2854 Ἰουδαίων
3019 2791 3180 2865 ἕθνὸς
3201 2801 3307 2854 ἀπὸ
3329 2801 3432 2854 τῶν
3452 2802 3533 2854 τοῦ
3557 2818 3660 2873 προ-

2141 2892 2308 2960 φήτου
2337 2889 2562 2962 χρόνων.

2211 2981 2312 3051 λγ’.
2349 2985 2411 3036 Οἱ
2453 2981 2652 3048 πόδες.
2695 2982 3030 3037 Ἱππολύτου.
3071 2985 3153 3038 Τὰ
3200 2987 3257 3039 ἐν
3301 2987 3363 3056 τῇ
3399 2985 3561 3055 ὁράσει
3586 2981 3660 3036 τοῦ

575 3043 613 3044 η
667 3043 747 3046 ---
872 3043 893 3045 -
1114 3043 1372 3062 ,ηπ
1409 3043 1507 3048 ----
1555 3043 1841 3066 --ττν-,η-

482 3083 689 3140 visione
717 3087 990 3156 propheta:
1017 3086 1199 3140 decem
1225 3100 1428 3140 cornua
1453 3086 1761 3157 signiﬁcant
1786 3087 1930 3156 quod
1960 3086 2043 3140 l'u-

2148 3043 2418 3146 προίρήτου
2447 3079 2476 3126 ι’
2501 3043 2707 3144 κέρατα
2739 3073 2806 3128 τά
2830 3075 3092 3146 μέλλοντα
3131 3043 3360 3132 ἔσεσθαί

483 3185 661 3231 turum
695 3186 795 3232 est.

557 3271 622 3324 ν.
657 3269 744 3323 54.
790 3298 861 3308 --
918 3265 1138 3320 Videbas
1173 3266 1249 3318 ita
1288 3264 1450 3318 donec
1491 3262 1750 3317 abscissus
1779 3272 1854 3316 est
1887 3263 2040 3332 lapis.

485 3360 772 3432 llippolyti.
827 3357 1058 3413 V’idebas
1107 3356 1262 3426 quasi
1308 3354 1538 3425 lapidem
1584 3354 1883 3408 abscissum
1930 3354 2046 3407 sine

485 3455 775 3519 manibus,
825 3460 878 3506 ct
939 3449 1327 3520 percutientem
1389 3455 1620 3502 statuam
1676 3461 1837 3516 super
1885 3446 2046 3514 pedes

483 3547 640 3616 ejus;
689 3540 1116 3612 inseparabiliter
1158 3538 1302 3592 enim
1343 3537 1637 3593 discretum
1671 3547 1755 3591 est
1794 3550 1824 3588 a
1865 3535 2046 3588 divino

485 3649 648 3704 regno
694 3647 916 3703 regnum
940 3632 1259 3693 humanum,
1288 3629 1640 3698 quamobrem
1673 3628 1870 3683 dicitur
1894 3626 2046 3695 quasi

485 3727 814 3780 abscissum:
845 3724 984 3779 ictus
1023 3737 1152 3776 vero
1190 3721 1244 3774 in
1291 3719 1638 3774 inferioribus
1681 3720 1739 3772 lit
1784 3717 2043 3786 partibus,

482 3828 537 3873 ct
574 3819 627 3870 in
683 3817 788 3870 illis
829 3829 991 3869 omne
1035 3828 1261 3884 regnum
1297 3811 1528 3866 conterit
1564 3810 1708 3880 quod
1761 3819 1843 3864 est
1885 3823 2046 3877 super

485 3921 708 3963 terram.

560 4000 620 4054 V.
655 3999 742 4054 45.
774 4027 844 4037 —-—
871 3995 940 4049 Et
975 4013 1148 4050 verum
1191 4005 1266 4049 est
1319 3995 1599 4048 somnium.
1654 3991 1944 4062 Hippolyti.
1981 3990 2048 4045 Ut

484 4107 614 4162 ergo
644 4106 801 4145 nemo
829 4089 1033 4144 dubitet
1065 4103 1132 4141 an
1161 4088 1278 4156 ejus
1310 4088 1452 4142 dicta
1482 4102 1606 4142 vera
1637 4088 1780 4152 sint,
1813 4102 1878 4140 an
1915 4101 2045 4152 non,

487 4186 774 4238 conﬁrmat
810 4198 870 4236 ea
905 4180 1160 4251 propheta
1202 4179 1419 4234 dicens:
1469 4177 1538 4232 Et
1583 4194 1757 4232 verum
1795 4187 1870 4232 est
1909 4193 2048 4232 som-

487 4277 635 4329 nium
671 4285 719 4328 et
753 4274 924 4343 ﬁdelis
958 4269 1316 4340 interpretatio
1344 4269 1458 4339 ejus
1491 4268 1653 4338 (Dan.
1691 4270 1860 4339 ",45)
1893 4287 1906 4324 :
1939 4285 2044 4325 non

489 4366 663 4420 erravi
687 4366 739 4419 in
771 4363 1206 4432 interpretatione
1230 4360 1477 4416 visionis.

563 4455 623 4510 V.
656 4455 742 4509 46.
795 4453 936 4508 Tunc
976 4469 1065 4506 rex
1101 4451 1584 4505 Nabuchodonosor
1633 4450 1815 4504 cecidit
1858 4451 1914 4503 in
1963 4450 2045 4518 fa-

489 4549 615 4602 ciem
644 4562 814 4598 suam.
847 4541 1355 4615 llippolyti.—ll;ec
1383 4541 1608 4597 audiens
1627 4539 2048 4597 Nabuchodono-

490 4653 604 4703 sor,
633 4652 755 4691 cum
781 4637 974 4690 somnii
1000 4636 1353 4699 meminisset,
1375 4635 1593 4704 agnovit
1614 4651 1734 4705 qua:
1761 4635 1902 4691 dicta
1932 4634 2046 4690 fue—

490 4737 612 4782 rant
637 4743 667 4781 a
701 4725 936 4789 Daniele,
965 4726 1241 4780 veritatem
1275 4741 1413 4781 esse.
1453 4754 1522 4765 —
1561 4723 1830 4791 Quantum
1874 4732 2047 4795 potest

492 4820 663 4889 gratia
704 4817 839 4881 Dei,
880 4816 1184 4871 charissimi
1213 4857 1227 4883 ,
1258 4825 1318 4871 ut
1366 4817 1544 4882 hunc,
1586 4816 1678 4886 qui
1723 4817 1882 4886 paulo
1921 4825 2045 4870 ante

454 4975 461 4990 ι
493 4913 764 4982 periturus
797 4920 931 4975 erat,
961 4927 1081 4966 cum
1114 4909 1324 4964 caneris
1381 4909 1714 4978 sapientibus
1760 4907 2047 4978 Babylonis

455 4993 459 5008 ’
493 5006 658 5067 hunc,
690 5005 932 5072 inquam,
964 5019 1058 5057 rex
1091 5018 1197 5056 non
1233 5011 1291 5055 ut
1315 5001 1584 5056 hominem
1611 5042 1626 5067 ,
1661 5001 1753 5055 sed
1787 5010 1846 5054 ut
1878 4999 2046 5054 Deum

497 5098 711 5152 adoret!
747 5095 941 5149 Manaa
977 5095 1100 5166 (hoc
1126 5104 1207 5149 est
1232 5095 1286 5148 in
1317 5093 1506 5148 Chald.
1541 5092 1762 5162 hostias)
1797 5101 1846 5145 et
1873 5093 2048 5145 incen-

495 5205 609 5241 sum
643 5188 886 5257 praecepit
922 5195 978 5240 ut
1019 5185 1376 5254 sacriﬁcarent
1414 5187 1460 5240 ei
1512 5186 1609 5255 (ιι,
1651 5185 1764 5255 46).
1813 5183 1878 5238 Ει
1920 5185 2046 5238 olim

497 5278 663 5348 Moysi
693 5279 868 5332 simile
905 5277 1318 5332 annuntiaverat
1355 5275 1614 5331 Dominus
1657 5275 1871 5330 dicens:
1916 5273 2048 5328 Ecce

496 5372 740 5425 constitui
771 5380 816 5424 te
843 5370 994 5424 deum
1024 5368 1316 5422 Pharaonis
1348 5367 1543 5439 (Exod.
1575 5384 1649 5422 vn
1671 5409 1686 5433 ,
1730 5368 1783 5436 1)
1802 5410 1816 5433 ,
1869 5378 1926 5420 ιιι
1957 5383 2050 5436 per

499 5463 649 5531 signa
672 5463 738 5516 ab
759 5477 823 5517 eo
851 5463 988 5516 facta
1018 5462 1070 5515 in
1091 5471 1234 5515 terra
1255 5458 1488 5531 Egypti,
1518 5459 1728 5531 Moyses
1758 5474 1863 5513 non
1892 5459 2050 5514 homo

500 5565 792 5621 putaretur,
817 5562 909 5610 sed
938 5566 997 5610 ut
1023 5557 1154 5611 deus
1183 5556 1251 5610 ab
1282 5555 1541 5626 Egyptiis
1565 5554 1895 5610 adoraretur.

501 5665 600 5712 πος
645 5651 900 5722 νομισθῇ,
967 5651 1078 5704 ἀλλ’
1136 5651 1211 5714 ὡς
1253 5651 1368 5713 θεὸς
1433 5651 1534 5703 ὑπὸ
1577 5649 1681 5704 τῶν
1745 5648 2050 5717 Αἰγυπτίων

2215 3266 2303 3318 λδν.
2343 3267 2630 3336 Ἑθεὼρεις
2653 3267 2763 3336 ἕως
2789 3265 2862 3325 οὗ
2889 3271 3117 3343 ἐτμήθη
3145 3275 3332 3340 λίθος.
3375 3270 3656 3326 Ἱππολύτου.

2159 3358 2440 3430 Ἑθεὼρεις
2461 3359 2658 3414 ὡσανεὶ
2683 3361 2955 3434 τμηθέντα
2983 3364 3134 3418 λίθον
3164 3367 3225 3418 οὑ
3254 3364 3340 3418 διὰ
3373 3363 3566 3435 χειρῶν,
3589 3361 3659 3413 καὶ

2146 3449 2420 3522 πλήξαντα
2448 3452 2538 3505 τὸν
2563 3454 2850 3524 ἀνδριάντα
2875 3456 2968 3508 ἐπὶ
3005 3459 3139 3521 τοὺς
3167 3457 3331 3520 πόδας
3356 3456 3522 3510 αὐτοῦ·
3550 3456 3658 3526 άμεο

2151 3542 2342 3613 ρίστως
2372 3543 2476 3616 γὰρ
2500 3543 2761 3617 ἐμερίσθη
2793 3545 2898 3598 ἀπὸ
2923 3546 3020 3616 τῆς
3055 3547 3212 3612 θείας
3256 3547 3511 3618 βασιλείας
3538 3547 3567 3615 ἡ
3590 3546 3662 3598 ὰνο

2147 3631 2412 3704 θρωπίνη·
2445 3633 2579 3704 πρὸς
2603 3634 2758 3687 τοῦτο
2791 3631 2881 3688 οὖν
2913 3635 2972 3688 τὸ
2995 3637 3222 3692 ὡσανεὶ
3252 3637 3540 3707 τμηθέντα·
3568 3635 3660 3704 ήδὲ

2149 3723 2326 3795 πληγὴ
2370 3725 2509 3778 κατὰ
2551 3724 2658 3778 τῶν
2701 3727 3016 3780 τελευταίων
3043 3729 3148 3798 μὲν
3183 3730 3415 3799 γίνεται,
3443 3731 3495 3782 ἐν
3517 3726 3661 3785 αὐτοῖς

2146 3815 2201 3868 δὲ
2235 3815 2330 3887 τὴν
2355 3816 2478 3888 ὅλην
2501 3815 2774 3886 βασιλείαν
2807 3819 3084 3890 συνέτριϐε
3111 3821 3210 3894 τὴν
3241 3821 3329 3876 ἐπὶ
3353 3821 3464 3891 γῆς.

2221 3996 2320 4062 με’.
2351 3991 2459 4044 Καὶ
2489 3991 2777 4058 ἀληθινὸν
2800 3995 2866 4047 τὸ
2891 3995 3197 4053 ἐνύπνιον.
3234 3996 3546 4052 Ἱππολύτου.
3572 3993 3661 4044 Ἰνο.

2149 4078 2241 4137 οὖν
2284 4083 2356 4154 μή
2391 4099 2473 4145 τις
2519 4082 2852 4156 δυσπιστήσῃ
2895 4088 2987 4140 ἐπὶ
3033 4093 3146 4154 τοῖς
3193 4089 3488 4162 εἰρημένοις
3511 4087 3552 4138 εί
3579 4084 3662 4151 ἄρα

2148 4175 2299 4230 ἔσται
2331 4175 2364 4248 ἢ
2411 4174 2496 4240 οὒ,
2537 4176 2934 4248 ὲπεσφράγισεν
2973 4180 3002 4232 6
3035 4184 3322 4253 προφήτης
3362 4179 3547 4248 λέγων·
3578 4171 3664 4228 Καὶ

2145 4267 2432 4336 ἀληθινὸν
2480 4265 2546 4319 τὸ
2589 4267 2893 4332 ἐνύπνιον,
2940 4271 3036 4324 καὶ
3088 4273 3276 4342 πιστὴ
3314 4273 3351 4340 ἠ
3395 4271 3664 4338 comm

2071 4380 2119 4439 ι)
2145 4357 2348 4412 αὑτοῦ·
2376 4358 2436 4410 οὐ
2464 4357 2758 4430 διήμαρτον
2784 4362 2840 4413 ὲν
2860 4363 2924 4433 τῇ
2953 4361 3046 4414 τοῦ
3078 4363 3331 4431 ὀφθέντος
3355 4359 3604 4434 ἑρμηνείᾳ.

2216 4456 2330 4520 μετ’.
2369 4450 2503 4504 Τότε
2535 4452 2566 4503 ό
2599 4451 2898 4518 ,βασιλεὺς
2930 4454 3453 4522 Ναϐουχοδονόσορ
3479 4451 3663 4503 ἔπεσεν

2141 4541 2238 4595 ἐπὶ
2281 4542 2620 4610 πρόσωπον.
2679 4543 3015 4598 Ἱππολύτου.
3058 4545 3273 4599 Τούτων
3311 4542 3531 4603 ἀκούσας
3569 4537 3663 4590 Να-

2142 4633 2548 4705 ϐουχοδονόσορ,
2588 4634 2952 4706 ὑπομνησθεὶς
3003 4636 3093 4690 τοῦ
3153 4636 3433 4698 ἐνυπνίου,
3485 4630 3662 4696 ἐπέγνω

2142 4729 2220 4780 ὅτι
2261 4729 2354 4781 καὶ
2391 4727 2457 4781 τά
2492 4727 2821 4798 λελαλημένα
2844 4727 2948 4780 ὑπὸ
2975 4727 3069 4781 τοῦ
3105 4729 3299 4800 Δανιὴλ
3331 4725 3470 4779 ἐστὶν
3497 4716 3657 4789 ἀληθῆ·

2141 4849 2210 4859 --
2231 4819 2400 4873 Πόσον
2448 4819 2619 4890 ἰσχύει
2643 4819 2800 4891 χάρις
2841 4819 2998 4883 Θεοῦ,
3035 4821 3324 4892 ἀγαπητοὶ,
3358 4820 3440 4872 ἶνα
3476 4815 3554 4866 τὸν
3577 4808 3660 4880 πρὸ

2146 4911 2340 4983 μικροῦ
2385 4910 2642 4980 μέλλοντα
2687 4911 3020 4982 ἀναιρεῖσθαι
3081 4911 3216 4982 μετὰ
3255 4910 3361 4964 τῶν
3410 4903 3659 4966 ἐπιλοίπων

2146 5001 2326 5071 σοφῶν
2351 5003 2687 5065 Βαϐυλῶνος,
2713 5001 2898 5055 τοῦτον
2931 5004 2961 5054 6
2995 5002 3243 5072 βασιλεὺς
3285 4999 3468 5073 μηκέτι
3496 4991 3658 5061 ὠς.ἄν·

2144 5093 2380 5165 θρωπον,
2404 5092 2516 5145 ἀλλ’
2545 5093 2620 5155 ὼς
2643 5092 2773 5144 Θεὸν
2799 5095 3164 5167 προσκυνήσῃ.
3195 5126 3256 5134 -
3287 5087 3486 5146 Μαγαὰ
3514 5079 3659 5153 (Chal-

2145 5186 2319 5246 daice,
2368 5184 2420 5237 lt.
2459 5198 2510 5236 e.
2549 5182 2848 5254 θυσίασμα)
2885 5185 2983 5236 καὶ
3025 5185 3270 5250 εὐωδίας
3297 5179 3419 5236 εἶπε
3451 5173 3656 5231 σπεῖσαι

2151 5275 2330 5340 αὐτῷ’
2361 5276 2452 5328 καὶ
2481 5275 2588 5345 γὰρ
2619 5276 2784 5330 πάλαι
2819 5276 2895 5346 τῷ
2919 5279 3121 5348 Μωῦσῇ
3158 5277 3215 5330 τὸ
3252 5275 3425 5346 ὅμοιον
3448 5259 3658 5335 ein-mti-

2153 5368 2278 5420 λατο
2313 5371 2340 5421 6
2380 5367 2578 5439 Κύριος
2600 5367 2790 5437 λέγων·
2831 5369 2976 5423 Ἰδοὺ
3009 5368 3232 5423 δέδωκά
3255 5383 3323 5421 σε
3347 5367 3425 5430 εἰς
3453 5359 3571 5415 θεὸν
3593 5350 3653 5416 τῷ

2153 5459 2374 5527 Φαραὼ·
2405 5459 2489 5512 ἵνα
2525 5459 2611 5514 διὰ
2654 5460 2760 5513 τῶν
2803 5461 3042 5532 σημείων
3088 5462 3194 5515 τῶν
3236 5460 3322 5514 ὑπ’
3354 5452 3502 5510 αὑτοῦ
3534 5461 3644 5517 Υινο⁸

2157 5552 2329 5622 μένων
2383 5555 2438 5604 ὲν
2509 5555 2576 5624 γῇ
2648 5553 2920 5622 Αἰγύπτου
2967 5553 3160 5624 μηκέτι
3216 5548 3444 5615 Μωῦσῆς
3481 5538 3629 5608 ἄνϐρω

2111 5665 2212 5718 προ
2221 5647 2474 5718 σκυνηθῇ.
