3796 6194
119 197 124 212 Ι
158 244 240 299 677
1298 241 1593 299 SCHOLIA
1634 244 1700 299 IN
1741 247 2100 305 DANIELEM.

3217 263 3318 318 678

231 363 320 428 μη.
357 357 447 408 Kac
481 352 851 423 ’ἐμεγάλυνεν
896 357 928 408 ό
967 354 1258 423 βασιλεὺς
1285 358 1389 411 τὸν
1424 360 1638 427 Δανιήλ

1844 362 1902 416 V.
1944 365 2030 417 48.
2066 394 2133 402 -
2171 363 2311 416 Tunc
2348 381 2437 419 rex
2471 363 2736 420 Danielem
2773 367 2825 422 in
2865 367 3082 424 sublime
3107 377 3312 430 extulit.

187 447 465 502 Ἱππολύτου.
505 445 714 516 Ἐπειδὴ
755 447 861 518 γὰρ
917 447 1073 510 αὐτὸς
1126 449 1312 502 ἐαυτὸν
1349 451 1660 523 ἐσμίκρυνε,

178 543 255 594 καὶ
289 539 526 608 ἐλάχιστον
568 538 710 606 παρά
766 539 965 602 πάντας
1005 539 1317 611 ἀνθρώπους
1355 537 1490 596 εἶναι
1530 544 1661 598 ἀπε,

175 633 353 701 φήνατο,
377 627 594 699 ηὔξησεν
614 628 768 681 αὑτὸν
795 629 824 680 ὁ
853 630 1002 694 Θεὸς,
1032 631 1129 684 καὶ
1156 633 1526 701 κατέστησεν
1553 637 1660 688 αὐ-

171 723 254 774 τὸν
280 719 554 789 όβασιλεὺς
590 719 845 786 ἄρχοντα
883 720 1084 788 πάσης
1120 719 1226 789 τῆς
1250 722 1444 791 χώρας
1473 727 1659 777 Baga-

165 810 333 877 λῶνος’
359 811 411 862 ὃν
432 811 622 880 τρόπον
653 811 867 879 ἐποίησε
899 811 992 864 καὶ
1031 815 1058 865 ὁ
1087 813 1282 882 Φαραὼ
1313 815 1400 869 τὸν
1444 814 1656 885 Ἰωσὴφ,

165 905 256 956 τότε
287 904 606 974 καταστήσας
653 901 811 955 αὐτὸν
854 903 1084 974 ἄρχοντα
1129 907 1306 977 πάσης
1349 908 1445 978 τῆς
1495 910 1657 977 Αἰγύ-

165 1010 286 1046 πτου.

215 1084 300 1153 μθ’.
327 1084 421 1136 Kal
466 1083 685 1151 Δανιὴλ
734 1084 1012 1152 ᾐτήσατο.
1062 1088 1394 1142 Ἱππολύτου.
1441 1092 1656 1163 Ἐπειδὴ

161 1176 241 1246 γὰρ
284 1176 418 1228 αὐτοὶ
457 1177 512 1228 ἐν
560 1180 626 1246 τῇ
668 1181 930 1248 προσευχῇ
971 1180 1423 1250 συνηγορεύσαντο
1445 1183 1518 1253 τῷ
1556 1187 1657 1237 Δα-

156 1268 245 1336 νιὴλ
279 1267 396 1337 πρὸς
431 1267 518 1319 τὸν
551 1267 684 1320 Θεὸν
705 1269 788 1321 ἵνα
814 1269 871 1321 τὸ
901 1272 1079 1341 ὅραμα
1104 1272 1249 1341 αύτῷ
1279 1274 1649 1345 ἀποκαλυφθῇ,

155 1357 225 1408 καὶ
245 1357 383 1418 αὐτὸς
407 1358 598 1427 Δανιὴλ
622 1357 773 1422 ἀξίαν
799 1359 958 1430 τιμὴν
991 1359 1166 1413 λαϐὼν
1199 1362 1345 1433 παρά
1375 1363 1467 1415 τοῦ
1497 1365 1648 1434 βασι-

154 1448 256 1509 λέως
283 1449 508 1518 ἐμνήσθη
535 1449 760 1512 τούτων,
787 1451 1109 1521 ἀναθέμενος
1138 1453 1216 1523 τῷ
1242 1454 1444 1524 βασιλεῖ
1473 1456 1531 1508 τὸ
1563 1457 1652 1528 ἔρ-

153 1556 223 1607 γον
247 1540 296 1592 τὸ
319 1541 400 1592 ὑπ’
444 1541 623 1594 αὐτῶν
653 1543 1030 1613 γεγενημένον,
1065 1545 1150 1597 ἴνα
1182 1547 1275 1600 καὶ
1314 1547 1466 1599 αὐτοὶ
1490 1550 1649 1618 τιμῆς

151 1632 258 1693 τινος
280 1631 561 1695 ἀξιωθῶσιν
585 1633 660 1696 ὡς
694 1634 1003 1704 συμμύσται
1032 1638 1122 1689 καὶ
1153 1637 1418 1700 θεοσεϐεῖς
1441 1639 1645 1711 ἄνδρες⁹

1766 451 2054 525 Hippolyti.
2105 454 2368 519 Quoniam
2404 471 2520 511 sese
2557 458 2925 524 humiliasset,
2971 469 3024 514 et
3062 464 3317 520 minimus

1761 546 1898 613 apud
1928 561 2115 600 omnes
2150 547 2394 601 homines
2419 548 2773 616 apparuisset,
2806 551 3167 620 magniﬁcavit
3192 570 3314 608 eum

1763 633 1936 698 Deus,
1965 645 2012 687 et
2037 637 2305 688 constituit
2333 654 2445 689 eum
2488 653 2578 691 rex
2625 639 2906 706 principem
2946 657 3100 710 super
3144 660 3318 696 omnes

1757 727 2047 794 provincias
2082 726 2363 796 Babylonis
2387 727 2543 797 (Dan.
2589 745 2662 793 ιι,
2704 729 2816 798 48).
2851 730 3315 796 Quemadmodum

1756 815 1968 870 Pharao
2043 818 2392 872 constituerat
2474 817 2670 889 Joseph
2754 823 3052 893 principem
3135 825 3314 878 omnis

1760 907 1994 978 Egypti.

1847 1092 1896 1148 ι,
1944 1085 2032 1138 49.
2081 1114 2147 1124 -
2190 1085 2374 1138 Daniel
2431 1094 2605 1139 autem
2661 1087 2966 1161 postulavit.
3020 1087 3307 1161 Hippolyti.

1756 1176 2018 1242 Quoniam
2046 1177 2257 1245 quidem
2289 1178 2388 1246 ipsi
2419 1177 2493 1244 (h.
2529 1193 2578 1231 e.
2613 1175 2856 1243 Sidrach,
2881 1178 3105 1242 ll-lisach,
3135 1181 3311 1235 Abde-

1754 1268 1923 1337 nago)
1957 1267 2008 1320 in
2037 1267 2371 1320 orationibus
2397 1268 2933 1335 postulaverantcum
2955 1269 3140 1324 Daniel
3168 1271 3309 1339 apud

1753 1357 1950 1420 Deum,
1983 1367 2041 1411 ut
2067 1357 2324 1411 visionem
2366 1358 2440 1410 illi
2476 1358 2940 1426 manifestaretur,
2984 1370 3036 1414 et
3064 1361 3176 1428 ipse
3207 1360 3309 1413 Da-

1750 1447 1858 1500 niel
1893 1447 2098 1514 justum
2132 1447 2386 1501 honorem
2421 1449 2686 1517 accipiens
2717 1468 2745 1503 a
2777 1466 2897 1519 rege
2919 1492 2934 1516 ,
2977 1466 3161 1505 eorum
3190 1468 3306 1506 me-

1750 1539 1924 1603 minit,
1969 1552 2194 1590 narrans
2229 1537 2338 1605 regi
2380 1553 2515 1606 Opus
2541 1541 2608 1592 ab
2643 1541 2721 1594 eis
2760 1541 2982 1603 factum,
3023 1550 3081 1595 ut
3115 1553 3165 1596 et
3199 1543 3303 1614 ipsi

1751 1628 1955 1682 honore
1975 1628 2120 1696 digni
2145 1625 2488 1694 haberentur,
2531 1631 2676 1683 velut
2703 1641 3008 1702 symmystie
3035 1642 3087 1687 et
3133 1633 3300 1688 Deum

150 1723 439 1792 αἰτησάμενοι
482 1724 594 1795 γὰρ
623 1725 692 1777 τὰ
725 1727 1014 1797 ἐπουράνια
1042 1727 1189 1799 παρά
1216 1729 1439 1800 Κυρίου,
1461 1731 1638 1802 ἔτυχον

1748 1719 1984 1773 colentes
2019 1719 2136 1771 viri.
2182 1717 2285 1784 Qui
2316 1735 2437 1773 cum
2468 1721 2830 1789 postulassent
2864 1739 2895 1776 a
2931 1722 3159 1778 Domino
3193 1739 3303 1780 cm—

149 1815 215 1867 xz‘:
239 1815 328 1867 τῶν
351 1816 602 1884 ἐπιγείων
627 1817 774 1888 παρὰ
800 1818 892 1871 τοῦ
924 1819 1202 1889 βασιλέως.

738 1911 891 1963 ΚΕΦ.
933 1913 1003 1963 Γ’.

199 1996 248 2050 α’.
281 1999 478 2064 Ἔτους
517 2001 1037 2056 ὀκτωκαιδεκάτου.
1085 2004 1411 2059 Ἱππολύτου.
1441 2008 1642 2079 Χρόνου

147 2090 218 2157 μὲν
241 2085 317 2142 οῦν
348 2091 522 2144 ἱκανοῦ
547 2093 930 2165 διαδραμόντπ
958 2097 1048 2148 καὶ
1073 2099 1451 2170 ἐπιγενομένου
1477 2101 1644 2154 ὀκτω-

145 2180 402 2234 καιδεκάτου
437 2183 615 2248 ἔτους,
665 2186 1025 2256 ὑπομνησθεὶς
1054 2190 1081 2240 ὁ
1116 2188 1362 2258 βασιλεὺς
1392 2190 1482 2244 τοῦ
1523 2193 1642 2244 ἐνυ-

145 2273 257 2324 πνίου
299 2273 482 2336 αὐτοῦ,
531 2276 822 2344 ἐποίησεν
868 2280 1067 2331 εἰκόνα
1113 2280 1369 2349 χρυσῆν,
1415 2283 1479 2336 τὸ
1527 2285 1642 2352 μὲν

144 2363 261 2429 ὕψος
298 2366 525 2434 πήχεων
571 2366 640 2431 ξ’,
672 2369 736 2420 τὸ
774 2369 840 2421 δὲ
872 2367 1046 2437 εὖρος
1075 2372 1310 2441 πήχεων
1338 2373 1424 2437 ἓξ·
1457 2376 1638 2448 ἐπειδὴ

143 2453 261 2522 γάρὸ
288 2458 542 2528 μακάριος
585 2457 779 2528 Δανιὴλ
819 2461 875 2512 ἐν
911 2459 986 2530 τῷ
1015 2466 1208 2514 συνιεῖν
1240 2463 1397 2516 αὐτὸν
1427 2465 1486 2516 τὸ
1519 2465 1638 2518 ἐνύ-

142 2559 253 2596 πνιον
272 2547 527 2616 ἀπεκρίθη
568 2546 644 2616 τῷ
677 2547 882 2616 βασιλεῖ
914 2549 1105 2616 λέγων,
1140 2551 1221 2604 Σὺ
1251 2549 1309 2605 εἷ
1341 2555 1378 2620 ἡ
1409 2554 1637 2622 κεφαλὴ

142 2634 169 2699 il
189 2633 351 2702 χρυσῆ
382 2636 478 2705 τῆς
502 2636 734 2700 εἰκόνος,
763 2639 818 2689 ἐν
851 2637 1018 2708 τούτῳ
1059 2639 1136 2709 τῷ
1170 2639 1309 2710 λόγῳ
1354 2642 1637 2710 φυσιωθεὶς

141 2723 382 2792 ὁβασιλεὺς
408 2726 500 2779 καὶ
550 2728 620 2796 τῇ
655 2725 846 2798 καρδίᾳ
877 2725 1151 2796 ἐπαρθεὶς,
1185 2727 1470 2782 ἀντίτυπον
1512 2729 1638 2782 ταύ-

139 2832 210 2885 της
235 2818 392 2870 εἰκόνα
416 2819 697 2890 ἐποίησεν,
731 2819 815 2872 ἵνα
841 2819 914 2882 ὡς
941 2819 1058 2882 θεὸς
1097 2820 1199 2874 ὑπὸ
1225 2821 1437 2874 πάντων
1475 2839 1640 2894 προσ-

141 2908 352 2978 τννῆταιη

187 2999 238 3062 ζ’.
264 3003 573 3066 Πίπτοντες
605 3003 658 3054 ol
679 3002 834 3054 λαοί.
872 3001 1202 3056 Ἱππολύτου.
1237 3005 1389 3068 Τινὲς
1419 3005 1512 3076 μὲν
1538 3006 1636 3060 αύ-

135 3090 200 3144 τὶν
226 3092 299 3145 τὸν
337 3093 558 3162 βασιλέα
601 3092 917 3163 φοϐούμενοι
939 3110 950 3121 ·
987 3097 1034 3147 οἱ
1071 3095 1127 3148 δέ
1168 3097 1365 3160 πάντες
1394 3097 1637 3153 ίδωλολά-

135 3199 226 3255 spat
265 3185 553 3255 γενόμενοι,
590 3184 856 3255 ὑπήκουον
899 3183 975 3254 τῷ
1019 3187 1219 3256 ῥήματι
1252 3185 1329 3255 τῷ
1355 3186 1460 3238 ὑπὸ
1491 3186 1640 3256 βασι-

133 3272 231 3338 lito;
248 3294 531 3347 προστεταγ
539 3277 704 3348 μένῳ.

185 3375 256 3430 ις’.
282 3370 378 3422 Kal
419 3369 836 3436 ἀπεκρίθησαν
883 3367 1130 3438 Σεδρὰχ,
1175 3369 1398 3439 Μισὰχ,
1454 3369 1638 3424 Ἀϐδε-

135 3459 266 3526 ναγώ.
319 3461 658 3514 Ἱππολύτου.
712 3461 773 3512 Ul
813 3460 868 3513 δὲ
917 3462 1064 3530 τρεῖς
1105 3462 1289 3525 παῖδες
1336 3463 1636 3533 ὑπόδειγμα

135 3553 256 3604 πᾶσιν
300 3552 606 3624 ἀνθρώποις
668 3555 876 3614 πιστοῖς
933 3553 1222 3623 γινόμενοι,
1285 3555 1477 3618 οἵτινες
1537 3556 1637 3608 οὐκ

130 3642 244 3710 ὀχλον
279 3644 568 3716 σατραπῶν
612 3644 972 3714 ἐφοϐήθησαν,
1000 3645 1116 3697 οὐδὲ
1147 3645 1214 3698 τά
1238 3643 1330 3698 τοῦ
1367 3645 1633 3715 βασιλέως

131 3736 299 3804 ῥήματα
324 3737 656 3798 ἀκούσαντες
685 3735 1002 3800 ἐδειλίασαν,
1029 3736 1145 3789 οὑδέ
1181 3738 1240 3789 τὸ
1277 3738 1383 3808 πῦρ
1410 3738 1507 3808 τῆς
1533 3755 1632 3790 κα-

133 3825 247 3892 μενον
285 3829 578 3900 καιομένης
620 3828 816 3891 εἰδότες
857 3827 1111 3899 ἔπτηξαν,
1143 3829 1277 3882 ἀλλά
1307 3830 1519 3882 πάντων
1543 3832 1634 3884 ἀν-

128 3912 309 3984 θρώπων
351 3921 442 3972 καὶ
488 3919 616 3972 ὅλου
664 3917 758 3972 τοῦ
806 3919 1005 3990 κόσμου
1057 3921 1462 3991 κατεφρόνησαν
1482 3959 1497 3986 ,
1543 3920 1631 3973 τὸν

129 4008 253 4073 ςόὸον
297 4012 379 4064 τοῦ
431 4010 573 4065 Θεοῦ
627 4011 783 4080 μόνον
829 4011 932 4082 πρὸ
980 4010 1266 4082 ὀφθαλμῶν
1320 4013 1625 4082 ἐσχηκότες·

126 4098 298 4164 micon;
341 4103 541 4172 Δανιὴλ
594 4100 861 4172 μακρόθεν
909 4101 1078 4166 ἐστὼς
1118 4105 1212 4155 καὶ
1249 4103 1464 4156 σιωπῶν
1497 4103 1629 4175 θαρ-

129 4192 211 4258 ῥεῖν
232 4193 453 4248 ἐδίδασκε
491 4193 714 4265 μειδιῶν
747 4194 880 4265 πρὸς
921 4193 1151 4257 αὐτούς·
1193 4196 1393 4267 χαίρων
1436 4196 1492 4249 δὲ
1538 4198 1629 4250 καὶ⁵

124 4281 246 4346 αὐτὸς
271 4286 354 4337 ἐπὶ
389 4290 456 4357 τῇ
488 4286 693 4338 τούτων
721 4287 1012 4357 μαρτυρίᾳ,
1033 4286 1228 4358 ἐνορῶν
1259 4288 1404 4358 τρεῖς
1437 4287 1627 4352 παῖδας

127 4371 363 4438 μέλλοντας
383 4375 530 4429 κατά
564 4374 808 4428 διαὸόλου
837 4375 1243 4444 στεφανοῦσθαι.

174 4462 240 4516 ιϐ’.
271 4467 371 4520 Kal
399 4462 575 4520 εἷπεν
600 4465 886 4518 ἐκκαῦσαι
914 4464 1026 4533 τὴν
1054 4465 1302 4534 κάμινον
1326 4467 1627 4520 ἑπταπλα-

122 4554 251 4621 σίως.
292 4557 628 4612 Ἱππολύτου.
659 4558 900 4628 Κάμινόν
930 4574 992 4626 γε
1019 4557 1147 4610 εῖδει
1177 4559 1516 4629 παμμεγέθει
1544 4559 1630 4612 λέ-

122 4659 197 4716 γειι
221 4647 476 4703 ἐκκαῦσαι
548 4647 958 4711 ἐπταπλασίως,
1004 4648 1218 4710 πάντως
1271 4648 1345 4712 ὡς
1391 4649 1490 4720 ἢδη
1539 4650 1626 4702 ὑπ’

120 4737 262 4790 αὐτῶν
301 4740 629 4812 ἡττώμενος·
672 4742 728 4793 ἐν
765 4740 865 4810 μὲν
895 4735 987 4792 οὖν
1017 4743 1126 4803 τοῖς
1172 4739 1429 4807 ἐπιγείοις
1459 4741 1627 4812 ὑπερ-

121 4827 294 4897 ίσχυσεν
334 4834 362 4884 ὁ
401 4831 651 4902 βασιλεύς
673 4845 689 4863 ·
733 4833 790 4884 ἐν
821 4830 875 4883 δὲ
917 4833 981 4903 τῇ
1013 4831 1188 4883 πίστει
1220 4833 1284 4901 τῇ
1318 4830 1452 4902 πρὸς
1499 4831 1628 4884 Θεὸν

119 4918 444 4992 ὑπερίσχυσαν
474 4924 525 4976 οἱ
552 4924 698 4993 τρεῖς
728 4923 932 4986 παῖδες.
953 4923 1171 4976 -Είπέ
1209 4940 1317 4993 μοι,
1350 4921 1626 4992 Ναϐουχο-

116 5007 315 5086 δονόσορ,
337 5017 441 5068 τίνι
475 5015 617 5087 λόγῳ
656 5015 965 5087 δεδεμένους
990 5014 1230 5079 κελεύεις
1259 5014 1515 5087 βληθῆναι
1548 5018 1626 5080 είς

115 5101 161 5153 τὸ
187 5104 313 5175 πῦρ;
344 5109 540 5178 μήπως
571 5107 835 5177 φύγωσιν,
865 5110 913 5160 εἰ
938 5107 1212 5178 λελυμένοι
1244 5110 1354 5171 τοῖς
1381 5108 1535 5161 ποσὶν
1566 5107 1627 5160 τὸ

117 5191 203 5262 πῦρ
232 5198 669 5263 κατασϐέσουσιν;
702 5199 813 5252 ἀλλ’
860 5201 919 5252 ού
964 5201 1026 5252 σὺ
1068 5195 1146 5264 εἷς
1195 5202 1223 5252 ὁ
1259 5200 1432 5254 ταῦτα
1465 5203 1627 5271 ἐργα-

116 5279 326 5352 ζόμενος,
365 5289 479 5342 ἀλλ’
509 5289 691 5358 ἕτερος
713 5293 769 5344 ἐν
796 5291 878 5343 σοὶ
896 5290 1066 5345 ταῦτα
1095 5292 1348 5362 ἐνεργῶν.

170 5376 262 5444 μαῖ’.
295 5381 400 5432 Kal
438 5379 682 5449 διεχεῖτο
708 5383 746 5449 ἠ
775 5384 948 5451 φλόξ.
999 5384 1328 5438 Ἱππολύτου.
1377 5383 1626 5438 Ἐλασθὲν

111 5467 214 5537 γὰρ,
246 5475 396 5542 φησὶ,
425 5475 481 5526 τὸ
524 5474 635 5545 πῦρ
678 5474 877 5528 ἔσωθεν
924 5476 1027 5528 ὑπὸ
1071 5475 1162 5528 τοῦ
1206 5475 1472 5544 ἀγγέλου,
1523 5476 1626 5541 ἔξω

113 5557 363 5620 ἐξέϐλυσεν
383 5581 396 5593 ’
430 5566 584 5635 ὁρᾶτε
630 5566 744 5630 πῶς
773 5567 900 5620 αὐτὸ
926 5568 986 5620 τὸ
1018 5567 1128 5639 πῦρ
1160 5569 1416 5638 φρόνιμον
1454 5569 1625 5640 ὑπάρ-

111 5663 195 5713 χει,
225 5653 571 5720 ἐπιγινῶσκον
605 5659 695 5710 καὶ
724 5656 946 5721 κολάζον
978 5658 1103 5722 τοὺς
1130 5658 1330 5722 αἰτίους
1349 5676 1362 5689 ο
1392 5658 1497 5713 τῶν
1527 5660 1623 5729 μὲν

1748 1811 1920 1874 lestia,
1949 1811 2268 1868 invenerunt
2294 1829 2324 1866 a
2356 1829 2477 1883 rege
2503 1818 2797 1869 terrestria.

2404 1904 2532 1959 CAP
2572 1905 2658 1959 Ill.

1812 1994 1878 2048 V.
1907 1996 1958 2051 l.
1976 1999 2198 2050 -Αηηο
2227 1999 2425 2051 decimo
2453 2009 2653 2053 octavo.
2676 1998 2985 2072 {Haecverba
3004 1999 3058 2053 in
3076 1998 3302 2070 Vulgata

1742 2086 1977 2158 desunt.)
2023 2089 2309 2160 Hippolyti.
2343 2119 2413 2131 ——
2449 2089 2708 2159 Tempore
2751 2091 2963 2159 quidem
3012 2091 3302 2146 sulliciente

1743 2179 1944 2248 elapso,
1971 2189 2024 2234 et
2049 2195 2191 2234 anno
2219 2180 2427 2234 decimo
2456 2189 2643 2234 octavo
2665 2192 2932 2245 currente,
2970 2197 3177 2236 memor
3207 2198 3301 2238 rex

1742 2271 1938 2323 somnii
1994 2272 2112 2336 sui,
2169 2273 2293 2341 fecit
2341 2282 2573 2326 statuam
2625 2290 2838 2326 auream
2888 2272 3165 2326 altitudine
3210 2290 3302 2326 cu-

1741 2361 1965 2414 bitorum
2012 2365 2318 2432 sexaginta,
2369 2364 2648 2418 latitudine
2693 2366 2982 2418 cubitorum
3014 2381 3103 2418 sex
3137 2365 3298 2432 (Dan.

1741 2467 1824 2515 ιιι,
1867 2455 1889 2506 1
1936 2453 1977 2523 ).
2036 2453 2302 2520 Quoniam
2351 2457 2538 2512 beatus
2581 2457 2766 2510 Daniel
2839 2473 2960 2512 cum
3011 2459 3300 2526 explicaret

1739 2540 2046 2603 somnium,
2095 2543 2441 2611 responderat
2491 2546 2600 2616 regi
2627 2547 2842 2601 dicens:
2879 2546 2954 2598 Tu
2989 2563 3042 2598 es
3073 2558 3293 2615 caput...

1739 2647 1949 2684 aureum
1985 2633 2144 2704 (Dan.
2179 2651 2252 2696 ιι,
2287 2635 2376 2704 58)
2404 2645 2627 2703 statuae;
2665 2638 2808 2691 hunc
2834 2653 3137 2692 sermonem
3172 2655 3294 2693 cum

1738 2723 1995 2788 audisset,
2027 2727 2279 2795 superbia
2311 2737 2526 2782 tumens
2556 2745 2648 2782 rex
2672 2770 2687 2794 ,
2727 2740 2780 2781 et
2826 2730 2879 2782 in
2908 2731 3067 2783 corde
3098 2731 3291 2795 elatus,

1739 2815 1863 2870 huic
1891 2817 2118 2871 similem
2150 2827 2382 2873 statuam
2423 2819 2548 2874 fecit
2572 2859 2587 2884 ,
2628 2831 2686 2873 ut
2724 2821 2878 2889 quasi
2916 2821 3049 2875 deus
3077 2821 3144 2875 ab
3173 2837 3293 2876 om-

1737 2905 1898 2960 nibus
1927 2907 2259 2962 adoraretur.

1812 2998 1876 3052 V.
1904 2998 1953 3051 7.
1983 3027 2054 3040 —
2083 2998 2337 3054 Cadentes
2390 3018 2564 3054 onmes
2594 3002 2792 3071 populi.
2826 3000 3113 3074 Hippolyti.
3161 3003 3292 3070 Qui-

1740 3089 1862 3143 dam
1893 3106 2002 3159 prze
2028 3092 2218 3146 timore
2259 3093 2418 3162 regis,
2463 3093 2705 3162 plerique
2739 3104 2917 3148 autem
2975 3095 3292 3150 idololatria:

1741 3180 1954 3246 aﬂ‘ectu,
1981 3183 2299 3238 obedierunt
2330 3184 2476 3253 regio
2501 3183 2740 3238 decreto.

1809 3378 1872 3435 V.
1910 3381 1994 3434 16.
2020 3411 2088 3419 -
2110 3379 2484 3450 Respondentes
2527 3380 2772 3446 Sidrach,
2807 3382 3027 3450 Misaclt,
3057 3395 3106 3438 et
3127 3385 3291 3440 Abde-

1737 3487 1888 3542 nago.
1925 3472 2210 3543 Hippolyti.
2247 3472 2378 3528 Tres
2407 3474 2559 3544 pueri
2583 3475 2884 3544 exemplum
2913 3477 3164 3532 omnibus
3191 3479 3291 3532 ho-

1736 3563 1970 3617 minibus
2003 3565 2246 3618 ﬁdelibus
2274 3575 2418 3628 sunt,
2449 3566 2543 3634 qui
2580 3583 2685 3619 non
2711 3567 2921 3619 turbam
2950 3577 3287 3640 satraparum

1737 3654 2069 3718 timuerunt,
2107 3670 2280 3723 neque
2317 3656 2456 3725 regis
2497 3655 2671 3709 edicta
2725 3657 3004 3712 audientes
3050 3671 3286 3714 tremue—

1731 3752 1896 3807 runt,
1962 3759 2136 3813 neque
2198 3747 2373 3814 ignem
2435 3745 2671 3800 fornacis
2743 3747 2979 3802 ardentis
3043 3749 3289 3804 videntes

1730 3835 2015 3891 formidine
2035 3836 2188 3906 Icapti
2229 3845 2391 3898 sunt,
2439 3837 2528 3890 sed
2555 3853 2742 3892 omnes
2775 3839 3018 3894 homines
3060 3848 3114 3894 et
3166 3841 3287 3894 uni-

1728 3942 1943 3983 versum
1981 3927 2237 3980 mundum
2267 3936 2737 3996 contempserunt,
2770 3930 3013 3983 timorem
3056 3929 3148 3984 Dei
3190 3944 3282 3982 so-

1730 4020 2007 4075 lummodo
2035 4036 2144 4090 pne
2171 4021 2341 4074 oculis
2367 4021 2625 4075 habentes
2653 4039 2666 4074 ε
2698 4023 2796 4077 hos
2827 4023 3050 4091 juvenes
3101 4021 3285 4076 Daniel

1730 4131 1759 4170 a
1791 4116 1943 4184 longe
1967 4123 2114 4169 stans
2143 4124 2196 4168 et
2229 4113 2501 4168 silentium
2529 4114 3008 4179 servans,'bonum
3041 4113 3282 4168 animum

1730 4206 1927 4260 habere
1975 4205 2216 4270 monuit,
2253 4204 2534 4259 subridens
2569 4204 2693 4258 illis.
2724 4203 2956 4258 Laetatus
2989 4215 3072 4258 est
3101 4213 3281 4258 autem

1728 4307 1782 4352 et
1809 4298 1922 4367 ipse
1953 4313 2114 4366 super
2146 4297 2362 4350 illorum
2389 4295 2682 4366 martyrio,
2723 4295 2907 4349 videns
2932 4302 3038 4350 tres
3062 4310 3278 4364 pueros,

1659 4389 1702 4443 D
1731 4389 1988 4442 adversus
2013 4388 2286 4442 diabolum
2313 4401 2565 4442 coronam
2598 4398 2930 4455 accepturos.

1803 4479 1867 4534 V.
1895 4480 1980 4534 l9.
2009 4508 2078 4518 —
2111 4478 2180 4532 Et
2212 4480 2454 4548 prwcepit
2484 4487 2539 4530 ut
2572 4480 2968 4532 succenderetur
2992 4479 3183 4547 fornax
3212 4495 3282 4533 se-

1729 4572 1987 4641 ptuplum.
2026 4570 2317 4642 Hippolyti.
2353 4571 2650 4626 Fornacem
2681 4571 2898 4641 quidem
2943 4573 3059 4624 visu
3093 4573 3282 4626 imma-

1729 4677 1852 4716 nem
1893 4663 2056 4733 jussit
2091 4663 2308 4718 accendi
2349 4664 2672 4732 septuplum,
2710 4672 2768 4717 ut
2794 4663 2905 4732 jam
2944 4664 3166 4717 omnino
3213 4663 3282 4716 ab

1729 4751 1834 4806 illis
1883 4753 2156 4819 devictus;
2218 4755 2273 4809 in
2341 4755 2684 4810 terrestribus
2737 4755 2954 4825 quidem
3013 4755 3281 4825 potentior

1727 4855 1862 4908 erat,
1884 4845 1935 4899 in
1967 4845 2068 4899 [ide
2096 4861 2222 4900 vero
2251 4847 2426 4901 divina
2452 4847 2708 4916 majorem
2739 4848 2846 4900 vim
2877 4847 3142 4900 habebant
3169 4855 3280 4902 tres

1727 4934 1899 5002 pueri.
1937 4933 2032 4989 Dic
2068 4935 2224 4997 mihi,
2252 4933 2769 5000 Nabuchodonosor,
2792 4950 2900 5004 quo
2933 4934 3160 4989 consilio
3213 4935 3279 4988 li-

1728 5035 1880 5094 gatos
1905 5026 2063 5096 jubes
2093 5028 2281 5097 projici
2325 5029 2379 5083 in
2429 5029 2641 5100 ignem?
2672 5027 2750 5082 Ne
2786 5026 3023 5096 fugiant,
3080 5028 3125 5081 si
3183 5041 3277 5081 so.

1727 5119 1824 5174 luti
1865 5121 2089 5190 pedibus
2127 5122 2302 5190 ignem
2341 5121 2728 5176 exstinxerint?
2776 5119 2878 5174 Sed
2914 5135 3020 5174 non
3067 5129 3124 5174 tu
3164 5120 3278 5174 hac

1727 5211 1881 5280 lacis,
1912 5213 2004 5269 sed
2031 5215 2169 5268 alius
2193 5216 2245 5268 in
2275 5225 2346 5280 te,
2383 5215 2496 5268 haec
2521 5223 2696 5268 tecum
2725 5211 2945 5266 faciens.

1797 5382 1861 5437 ν.
1889 5383 1977 5438 47.
2004 5415 2075 5424 -
2103 5383 2172 5437 Et
2198 5385 2559 5454 eﬁundebatur
2587 5385 2822 5454 ﬂamma.
2854 5381 3142 5454 Hippolyti.
3172 5382 3276 5438 Ex-

1725 5475 1938 5544 pulsum
1990 5477 2133 5530 enim
2185 5487 2370 5532 narrat
2411 5478 2584 5548 ignem
2627 5492 2694 5532 ex
2738 5476 2990 5530 interiore
3020 5485 3170 5545 parte
3207 5477 3276 5533 ab

1727 5566 1936 5635 angelo,
1964 5566 2016 5619 in
2040 5567 2266 5622 circuitu
2297 5577 2596 5624 eructasse:
2628 5567 2802 5622 videte
2832 5568 3104 5637 quomodo
3137 5570 3274 5638 ignis

1728 5659 1840 5727 ipse
1874 5657 2173 5729 intelligens
2213 5668 2324 5722 est;
2375 5659 2650 5730 cognoscit
2688 5666 2740 5714 et
2786 5658 2940 5729 punit
2979 5669 3270 5715 nocentes:
