  <div class='ocr_page' id='page_1' title='image "/cluster/home/n/w/nwhite01/storage/ocr_20150623/10/hvd.32044073501330/359.png"; bbox 0 0 3814 6198; ppageno 0'>
   <div class='ocr_carea' id='block_1_1' title="bbox 530 277 633 336">
    <p class='ocr_par' dir='ltr' id='par_1_1' title="bbox 530 277 633 336">
     <span class='ocr_line' id='line_1_1' title="bbox 530 277 633 336; baseline -0.049 0"><span class='ocrx_word' id='word_1_1' title='bbox 530 277 633 336; x_wconf 82' lang='lat'><strong>679</strong></span> 
     </span>
    </p>
   </div>
   <div class='ocr_carea' id='block_1_2' title="bbox 1463 265 3658 335">
    <p class='ocr_par' dir='ltr' id='par_1_2' title="bbox 1463 265 3658 335">
     <span class='ocr_line' id='line_1_2' title="bbox 1463 265 3658 335; baseline -0.002 -7"><span class='ocrx_word' id='word_1_2' title='bbox 1463 273 1521 328; x_wconf 90' lang='lat' dir='ltr'><strong>S.</strong></span> <span class='ocrx_word' id='word_1_3' title='bbox 1569 268 1922 326; x_wconf 73' lang='lat' dir='ltr'><strong>HIPPOLYTI</strong></span> <span class='ocrx_word' id='word_1_4' title='bbox 1956 267 2105 325; x_wconf 80' lang='lat' dir='ltr'><strong>OPP.</strong></span> <span class='ocrx_word' id='word_1_5' title='bbox 2143 266 2320 322; x_wconf 78' lang='lat' dir='ltr'><strong>PARS</strong></span> <span class='ocrx_word' id='word_1_6' title='bbox 2348 267 2386 320; x_wconf 89' lang='lat' dir='ltr'><strong>l.</strong></span> <span class='ocrx_word' id='word_1_7' title='bbox 2421 299 2485 308; x_wconf 90' lang='lat'><strong>——</strong></span> <span class='ocrx_word' id='word_1_8' title='bbox 2513 265 2914 322; x_wconf 73' lang='lat' dir='ltr'><strong>EXEGETlCA.</strong></span> <span class='ocrx_word' id='word_1_9' title='bbox 3574 278 3658 335; x_wconf 69' lang='lat' dir='ltr'><strong>ego</strong></span> 
     </span>
    </p>
   </div>
   <div class='ocr_carea' id='block_1_3' title="bbox 529 382 2081 466">
    <p class='ocr_par' dir='ltr' id='par_1_3' title="bbox 529 389 2081 466">
     <span class='ocr_line' id='line_1_3' title="bbox 529 389 2081 466; baseline -0.007 -14"><span class='ocrx_word' id='word_1_10' title='bbox 529 413 717 452; x_wconf 86' lang='lat' dir='ltr'><strong>servos</strong></span> <span class='ocrx_word' id='word_1_11' title='bbox 744 395 956 466; x_wconf 80' lang='lat' dir='ltr'><strong>quidem</strong></span> <span class='ocrx_word' id='word_1_12' title='bbox 987 393 1078 450; x_wconf 87' lang='lat' dir='ltr'><strong>Dei</strong></span> <span class='ocrx_word' id='word_1_13' title='bbox 1107 408 1214 448; x_wconf 92' lang='lat' dir='ltr'><strong>non</strong></span> <span class='ocrx_word' id='word_1_14' title='bbox 1250 390 1441 463; x_wconf 86' lang='lat' dir='ltr'><strong>tangit,</strong></span> <span class='ocrx_word' id='word_1_15' title='bbox 1475 391 1716 445; x_wconf 84' lang='lat' dir='ltr'><strong>infideles</strong></span> <span class='ocrx_word' id='word_1_16' title='bbox 1741 405 1870 446; x_wconf 91' lang='lat' dir='ltr'><strong>vero</strong></span> <span class='ocrx_word' id='word_1_17' title='bbox 1896 400 1949 444; x_wconf 89' lang='lat' dir='ltr'><strong>et</strong></span> <span class='ocrx_word' id='word_1_18' title='bbox 1979 389 2081 442; x_wconf 88' lang='lat' dir='ltr'><strong>im-</strong></span> 
     </span>
    </p>
   </div>
   <div class='ocr_carea' id='block_1_4' title="bbox 2185 382 3658 466">
    <p class='ocr_par' dir='ltr' id='par_1_4' title="bbox 2185 382 3658 458">
     <span class='ocr_line' id='line_1_4' title="bbox 2185 382 3658 458; baseline 0.001 -19"><span class='ocrx_word' id='word_1_19' title='bbox 2185 385 2291 458; x_wconf 85' lang='grc' dir='ltr'><strong>γὰρ</strong></span> <span class='ocrx_word' id='word_1_20' title='bbox 2317 384 2515 439; x_wconf 89' lang='grc' dir='ltr'>δούλων</span> <span class='ocrx_word' id='word_1_21' title='bbox 2541 383 2636 437; x_wconf 88' lang='grc' dir='ltr'><strong>τοῦ</strong></span> <span class='ocrx_word' id='word_1_22' title='bbox 2671 383 2804 437; x_wconf 89' lang='grc' dir='ltr'>Θεοῦ</span> <span class='ocrx_word' id='word_1_23' title='bbox 2852 383 2963 454; x_wconf 75' lang='grc' dir='ltr'>οὐχ’</span> <span class='ocrx_word' id='word_1_24' title='bbox 3005 382 3196 453; x_wconf 68' lang='grc' dir='ltr'>ἥψατο,</span> <span class='ocrx_word' id='word_1_25' title='bbox 3229 385 3344 448; x_wconf 79' lang='grc' dir='ltr'>τοὺς</span> <span class='ocrx_word' id='word_1_26' title='bbox 3366 383 3417 438; x_wconf 75' lang='grc' dir='ltr'>δὲ</span> <span class='ocrx_word' id='word_1_27' title='bbox 3451 386 3658 455; x_wconf 68' lang='grc' dir='ltr'>ἀπίστοις</span> 
     </span>
    </p>
   </div>
   <div class='ocr_carea' id='block_1_5' title="bbox 530 477 2085 559">
    <p class='ocr_par' dir='ltr' id='par_1_5' title="bbox 530 477 2085 559">
     <span class='ocr_line' id='line_1_5' title="bbox 530 477 2085 559; baseline -0.007 -17"><span class='ocrx_word' id='word_1_28' title='bbox 530 491 647 559; x_wconf 88' lang='lat' dir='ltr'><strong>pios</strong></span> <span class='ocrx_word' id='word_1_29' title='bbox 662 506 727 544; x_wconf 83' lang='lat' dir='ltr'><strong>ex</strong></span> <span class='ocrx_word' id='word_1_30' title='bbox 747 487 1012 543; x_wconf 54' lang='lat' dir='ltr'><strong>Chaldaeis</strong></span> <span class='ocrx_word' id='word_1_31' title='bbox 1040 484 1354 540; x_wconf 75' lang='lat' dir='ltr'><strong>combussit.</strong></span> <span class='ocrx_word' id='word_1_32' title='bbox 1383 482 1486 548; x_wconf 85' lang='lat' dir='ltr'><strong>Qui</strong></span> <span class='ocrx_word' id='word_1_33' title='bbox 1517 489 1673 537; x_wconf 91' lang='lat' dir='ltr'><strong>erant</strong></span> <span class='ocrx_word' id='word_1_34' title='bbox 1697 481 1862 543; x_wconf 89' lang='lat' dir='ltr'><strong>intus,</strong></span> <span class='ocrx_word' id='word_1_35' title='bbox 1895 480 1948 534; x_wconf 92' lang='lat' dir='ltr'><strong>in</strong></span> <span class='ocrx_word' id='word_1_36' title='bbox 1977 477 2085 532; x_wconf 88' lang='lat' dir='ltr'><strong>for-</strong></span> 
     </span>
    </p>
   </div>
   <div class='ocr_carea' id='block_1_6' title="bbox 531 572 2081 652">
    <p class='ocr_par' dir='ltr' id='par_1_6' title="bbox 531 572 2081 652">
     <span class='ocr_line' id='line_1_6' title="bbox 531 572 2081 652; baseline -0.007 -16"><span class='ocrx_word' id='word_1_37' title='bbox 531 598 682 648; x_wconf 80' lang='lat' dir='ltr'><strong>nace,</strong></span> <span class='ocrx_word' id='word_1_38' title='bbox 715 581 783 635; x_wconf 93' lang='lat' dir='ltr'><strong>ab</strong></span> <span class='ocrx_word' id='word_1_39' title='bbox 818 580 1006 652; x_wconf 80' lang='lat' dir='ltr'><strong>angelo</strong></span> <span class='ocrx_word' id='word_1_40' title='bbox 1026 579 1168 634; x_wconf 90' lang='lat' dir='ltr'><strong>dulci</strong></span> <span class='ocrx_word' id='word_1_41' title='bbox 1197 593 1317 634; x_wconf 88' lang='lat' dir='ltr'><strong>rore</strong></span> <span class='ocrx_word' id='word_1_42' title='bbox 1342 574 1638 644; x_wconf 90' lang='lat' dir='ltr'><strong>refrigerati</strong></span> <span class='ocrx_word' id='word_1_43' title='bbox 1665 583 1811 628; x_wconf 90' lang='lat' dir='ltr'><strong>sunt.</strong></span> <span class='ocrx_word' id='word_1_44' title='bbox 1845 572 1949 640; x_wconf 85' lang='lat' dir='ltr'><strong>Qui</strong></span> <span class='ocrx_word' id='word_1_45' title='bbox 1979 588 2081 626; x_wconf 86' lang='lat' dir='ltr'><strong>au-</strong></span> 
     </span>
    </p>
   </div>
   <div class='ocr_carea' id='block_1_7' title="bbox 529 666 2085 734">
    <p class='ocr_par' dir='ltr' id='par_1_7' title="bbox 529 666 2085 734">
     <span class='ocr_line' id='line_1_7' title="bbox 529 666 2085 734; baseline -0.005 -6"><span class='ocrx_word' id='word_1_46' title='bbox 529 685 636 729; x_wconf 89' lang='lat' dir='ltr'><strong>tem</strong></span> <span class='ocrx_word' id='word_1_47' title='bbox 694 673 1012 728; x_wconf 77' lang='lat' dir='ltr'><strong>videbantur</strong></span> <span class='ocrx_word' id='word_1_48' title='bbox 1059 680 1210 726; x_wconf 77' lang='lat' dir='ltr'><strong>extra</strong></span> <span class='ocrx_word' id='word_1_49' title='bbox 1261 672 1536 727; x_wconf 85' lang='lat' dir='ltr'><strong>caminum</strong></span> <span class='ocrx_word' id='word_1_50' title='bbox 1580 670 1757 726; x_wconf 88' lang='lat' dir='ltr'><strong>securi</strong></span> <span class='ocrx_word' id='word_1_51' title='bbox 1801 678 1982 734; x_wconf 83' lang='lat' dir='ltr'><strong>stare,</strong></span> <span class='ocrx_word' id='word_1_52' title='bbox 2030 666 2085 720; x_wconf 89' lang='lat' dir='ltr'><strong>hi</strong></span> 
     </span>
    </p>
   </div>
   <div class='ocr_carea' id='block_1_8' title="bbox 530 762 2084 833">
    <p class='ocr_par' dir='ltr' id='par_1_8' title="bbox 530 762 2084 833">
     <span class='ocr_line' id='line_1_8' title="bbox 530 762 2084 833; baseline -0.004 -11"><span class='ocrx_word' id='word_1_53' title='bbox 530 769 745 824; x_wconf 82' lang='lat' dir='ltr'><strong>ﬂamma</strong></span> <span class='ocrx_word' id='word_1_54' title='bbox 774 766 1014 822; x_wconf 87' lang='lat' dir='ltr'><strong>devorati</strong></span> <span class='ocrx_word' id='word_1_55' title='bbox 1040 775 1202 821; x_wconf 89' lang='lat' dir='ltr'><strong>sunt:</strong></span> <span class='ocrx_word' id='word_1_56' title='bbox 1227 764 1373 819; x_wconf 88' lang='lat' dir='ltr'><strong>viros</strong></span> <span class='ocrx_word' id='word_1_57' title='bbox 1402 763 1494 833; x_wconf 91' lang='lat' dir='ltr'><strong>qui</strong></span> <span class='ocrx_word' id='word_1_58' title='bbox 1523 762 1864 833; x_wconf 86' lang='lat' dir='ltr'><strong>projecerant</strong></span> <span class='ocrx_word' id='word_1_59' title='bbox 1889 776 2084 832; x_wconf 88' lang='lat' dir='ltr'><strong>pueros</strong></span> 
     </span>
    </p>
   </div>
   <div class='ocr_carea' id='block_1_9' title="bbox 529 839 2083 927">
    <p class='ocr_par' dir='ltr' id='par_1_9' title="bbox 529 839 2083 927">
     <span class='ocr_line' id='line_1_9' title="bbox 529 839 2083 927; baseline -0.005 -13"><span class='ocrx_word' id='word_1_60' title='bbox 529 859 893 914; x_wconf 82' lang='lat' dir='ltr'><strong>concremavit</strong></span> <span class='ocrx_word' id='word_1_61' title='bbox 922 858 1094 925; x_wconf 82' lang='lat' dir='ltr'><strong>ignis,</strong></span> <span class='ocrx_word' id='word_1_62' title='bbox 1132 857 1272 922; x_wconf 93' lang='lat' dir='ltr'><strong>illos,</strong></span> <span class='ocrx_word' id='word_1_63' title='bbox 1309 839 1491 921; x_wconf 73' lang='lat' dir='ltr'><strong>credo,</strong></span> <span class='ocrx_word' id='word_1_64' title='bbox 1520 854 2083 927; x_wconf 10' lang='lat' dir='ltr'><strong>apprehendensqdum</strong></span> 
     </span>
    </p>
   </div>
   <div class='ocr_carea' id='block_1_10' title="bbox 529 947 2084 1020">
    <p class='ocr_par' dir='ltr' id='par_1_10' title="bbox 529 947 2084 1020">
     <span class='ocr_line' id='line_1_10' title="bbox 529 947 2084 1020; baseline -0.001 -15"><span class='ocrx_word' id='word_1_65' title='bbox 529 951 802 1006; x_wconf 79' lang='lat' dir='ltr'><strong>caminum</strong></span> <span class='ocrx_word' id='word_1_66' title='bbox 849 947 1284 1014; x_wconf 87' lang='lat' dir='ltr'><strong>circumdarent,</strong></span> <span class='ocrx_word' id='word_1_67' title='bbox 1329 964 1438 1018; x_wconf 93' lang='lat' dir='ltr'><strong>quo</strong></span> <span class='ocrx_word' id='word_1_68' title='bbox 1482 960 1847 1004; x_wconf 81' lang='lat' dir='ltr'><strong>convenerant</strong></span> <span class='ocrx_word' id='word_1_69' title='bbox 1886 963 2084 1020; x_wconf 90' lang='lat' dir='ltr'><strong>pueros</strong></span> 
     </span>
    </p>
   </div>
   <div class='ocr_carea' id='block_1_11' title="bbox 528 1040 780 1096">
    <p class='ocr_par' dir='ltr' id='par_1_11' title="bbox 528 1040 780 1096">
     <span class='ocr_line' id='line_1_11' title="bbox 528 1040 780 1096; baseline -0.004 -1"><span class='ocrx_word' id='word_1_70' title='bbox 528 1040 780 1096; x_wconf 83' lang='lat' dir='ltr'><strong>vincturi.</strong></span> 
     </span>
    </p>
   </div>
   <div class='ocr_carea' id='block_1_12' title="bbox 596 1128 2084 1201">
    <p class='ocr_par' dir='ltr' id='par_1_12' title="bbox 596 1128 2084 1201">
     <span class='ocr_line' id='line_1_12' title="bbox 596 1128 2084 1201; baseline -0.002 -15"><span class='ocrx_word' id='word_1_71' title='bbox 596 1131 662 1187; x_wconf 77' lang='grc' dir='ltr'><strong>ν.</strong></span> <span class='ocrx_word' id='word_1_72' title='bbox 694 1132 782 1188; x_wconf 73' lang='lat'><strong>92.</strong></span> <span class='ocrx_word' id='word_1_73' title='bbox 804 1159 873 1172; x_wconf 80' lang='lat'><strong>——</strong></span> <span class='ocrx_word' id='word_1_74' title='bbox 891 1129 960 1185; x_wconf 82' lang='lat' dir='ltr'><strong>Et</strong></span> <span class='ocrx_word' id='word_1_75' title='bbox 984 1131 1173 1201; x_wconf 79' lang='lat' dir='ltr'><strong>species</strong></span> <span class='ocrx_word' id='word_1_76' title='bbox 1198 1133 1376 1201; x_wconf 78' lang='lat' dir='ltr'><strong>quarti</strong></span> <span class='ocrx_word' id='word_1_77' title='bbox 1410 1130 1598 1185; x_wconf 79' lang='lat' dir='ltr'><strong>similis</strong></span> <span class='ocrx_word' id='word_1_78' title='bbox 1626 1129 1770 1184; x_wconf 82' lang='lat' dir='ltr'><strong>Filio</strong></span> <span class='ocrx_word' id='word_1_79' title='bbox 1796 1129 1913 1184; x_wconf 89' lang='lat' dir='ltr'><strong>Dei.</strong></span> <span class='ocrx_word' id='word_1_80' title='bbox 1949 1128 2084 1200; x_wconf 71' lang='lat' dir='ltr'><strong>Ilip-</strong></span> 
     </span>
    </p>
   </div>
   <div class='ocr_carea' id='block_1_13' title="bbox 529 1219 2086 1294">
    <p class='ocr_par' dir='ltr' id='par_1_13' title="bbox 529 1219 2086 1294">
     <span class='ocr_line' id='line_1_13' title="bbox 529 1219 2086 1294; baseline -0.003 -17"><span class='ocrx_word' id='word_1_81' title='bbox 529 1223 717 1294; x_wconf 89' lang='lat' dir='ltr'><strong>polyti.</strong></span> <span class='ocrx_word' id='word_1_82' title='bbox 767 1221 863 1277; x_wconf 91' lang='lat' dir='ltr'><strong>Dic</strong></span> <span class='ocrx_word' id='word_1_83' title='bbox 896 1221 1051 1284; x_wconf 92' lang='lat' dir='ltr'><strong>mihi,</strong></span> <span class='ocrx_word' id='word_1_84' title='bbox 1114 1219 1631 1288; x_wconf 82' lang='lat' dir='ltr'><strong>Nabuchodonosor,</strong></span> <span class='ocrx_word' id='word_1_85' title='bbox 1673 1235 1981 1291; x_wconf 89' lang='lat' dir='ltr'><strong>unquamne</strong></span> <span class='ocrx_word' id='word_1_86' title='bbox 2006 1221 2086 1274; x_wconf 88' lang='lat' dir='ltr'><strong>vi-</strong></span> 
     </span>
    </p>
   </div>
   <div class='ocr_carea' id='block_1_14' title="bbox 532 1312 2087 1381">
    <p class='ocr_par' dir='ltr' id='par_1_14' title="bbox 532 1312 2087 1381">
     <span class='ocr_line' id='line_1_14' title="bbox 532 1312 2087 1381; baseline -0.003 -9"><span class='ocrx_word' id='word_1_87' title='bbox 532 1317 661 1372; x_wconf 89' lang='lat' dir='ltr'><strong>disti</strong></span> <span class='ocrx_word' id='word_1_88' title='bbox 712 1315 907 1370; x_wconf 89' lang='lat' dir='ltr'><strong>Filium</strong></span> <span class='ocrx_word' id='word_1_89' title='bbox 966 1313 1083 1381; x_wconf 92' lang='lat' dir='ltr'><strong>Dei,</strong></span> <span class='ocrx_word' id='word_1_90' title='bbox 1114 1322 1175 1369; x_wconf 88' lang='lat' dir='ltr'><strong>ut</strong></span> <span class='ocrx_word' id='word_1_91' title='bbox 1204 1312 1397 1368; x_wconf 86' lang='lat' dir='ltr'><strong>Filium</strong></span> <span class='ocrx_word' id='word_1_92' title='bbox 1431 1313 1526 1368; x_wconf 87' lang='lat' dir='ltr'><strong>Dei</strong></span> <span class='ocrx_word' id='word_1_93' title='bbox 1568 1313 1711 1368; x_wconf 92' lang='lat' dir='ltr'><strong>hunc</strong></span> <span class='ocrx_word' id='word_1_94' title='bbox 1749 1313 2087 1368; x_wconf 82' lang='lat' dir='ltr'><strong>conﬁtearis?</strong></span> 
     </span>
    </p>
   </div>
   <div class='ocr_carea' id='block_1_15' title="bbox 528 1403 2084 1474">
    <p class='ocr_par' dir='ltr' id='par_1_15' title="bbox 528 1403 2084 1474">
     <span class='ocr_line' id='line_1_15' title="bbox 528 1403 2084 1474; baseline -0.003 -12"><span class='ocrx_word' id='word_1_95' title='bbox 528 1407 663 1474; x_wconf 85' lang='lat' dir='ltr'><strong>Quis</strong></span> <span class='ocrx_word' id='word_1_96' title='bbox 703 1417 880 1461; x_wconf 89' lang='lat' dir='ltr'><strong>autem</strong></span> <span class='ocrx_word' id='word_1_97' title='bbox 927 1419 1022 1460; x_wconf 90' lang='lat' dir='ltr'><strong>cor</strong></span> <span class='ocrx_word' id='word_1_98' title='bbox 1063 1413 1218 1459; x_wconf 92' lang='lat' dir='ltr'><strong>tuum</strong></span> <span class='ocrx_word' id='word_1_99' title='bbox 1265 1403 1609 1472; x_wconf 81' lang='lat' dir='ltr'><strong>eompunxit,</strong></span> <span class='ocrx_word' id='word_1_100' title='bbox 1637 1411 1696 1458; x_wconf 92' lang='lat' dir='ltr'><strong>ut</strong></span> <span class='ocrx_word' id='word_1_101' title='bbox 1730 1403 1834 1458; x_wconf 88' lang='lat' dir='ltr'><strong>tale</strong></span> <span class='ocrx_word' id='word_1_102' title='bbox 1859 1403 2084 1458; x_wconf 89' lang='lat' dir='ltr'><strong>verbum</strong></span> 
     </span>
    </p>
   </div>
   <div class='ocr_carea' id='block_1_16' title="bbox 534 1493 2084 1567">
    <p class='ocr_par' dir='ltr' id='par_1_16' title="bbox 534 1493 2084 1567">
     <span class='ocr_line' id='line_1_16' title="bbox 534 1493 2084 1567; baseline -0.002 -15"><span class='ocrx_word' id='word_1_103' title='bbox 534 1495 906 1567; x_wconf 80' lang='lat' dir='ltr'><strong>exprimeres?</strong></span> <span class='ocrx_word' id='word_1_104' title='bbox 968 1495 1180 1561; x_wconf 84' lang='lat' dir='ltr'><strong>Quibus</strong></span> <span class='ocrx_word' id='word_1_105' title='bbox 1247 1493 1419 1548; x_wconf 90' lang='lat' dir='ltr'><strong>oculis</strong></span> <span class='ocrx_word' id='word_1_106' title='bbox 1482 1493 1702 1562; x_wconf 91' lang='lat' dir='ltr'><strong>potuisti</strong></span> <span class='ocrx_word' id='word_1_107' title='bbox 1748 1493 1852 1549; x_wconf 93' lang='lat' dir='ltr'><strong>hoc</strong></span> <span class='ocrx_word' id='word_1_108' title='bbox 1903 1494 2084 1550; x_wconf 89' lang='lat' dir='ltr'><strong>lumen</strong></span> 
     </span>
    </p>
   </div>
   <div class='ocr_carea' id='block_1_17' title="bbox 529 1585 2085 1660">
    <p class='ocr_par' dir='ltr' id='par_1_17' title="bbox 529 1585 2085 1660">
     <span class='ocr_line' id='line_1_17' title="bbox 529 1585 2085 1660; baseline -0.003 -15"><span class='ocrx_word' id='word_1_109' title='bbox 529 1588 805 1660; x_wconf 83' lang='lat' dir='ltr'><strong>aspicere?</strong></span> <span class='ocrx_word' id='word_1_110' title='bbox 837 1603 937 1643; x_wconf 92' lang='lat' dir='ltr'><strong>cur</strong></span> <span class='ocrx_word' id='word_1_111' title='bbox 966 1586 1063 1641; x_wconf 88' lang='lat' dir='ltr'><strong>tibi</strong></span> <span class='ocrx_word' id='word_1_112' title='bbox 1102 1585 1225 1651; x_wconf 92' lang='lat' dir='ltr'><strong>soli,</strong></span> <span class='ocrx_word' id='word_1_113' title='bbox 1248 1593 1301 1640; x_wconf 86' lang='lat' dir='ltr'><strong>et</strong></span> <span class='ocrx_word' id='word_1_114' title='bbox 1330 1585 1462 1640; x_wconf 90' lang='lat' dir='ltr'><strong>nulli</strong></span> <span class='ocrx_word' id='word_1_115' title='bbox 1492 1594 1807 1640; x_wconf 77' lang='lat' dir='ltr'><strong>eaeterorum</strong></span> <span class='ocrx_word' id='word_1_116' title='bbox 1844 1593 2085 1656; x_wconf 86' lang='lat' dir='ltr'><strong>satrapa-</strong></span> 
     </span>
    </p>
   </div>
   <div class='ocr_carea' id='block_1_18' title="bbox 531 1674 2077 1748">
    <p class='ocr_par' dir='ltr' id='par_1_18' title="bbox 531 1674 2077 1748">
     <span class='ocr_line' id='line_1_18' title="bbox 531 1674 2077 1748; baseline -0.001 -12"><span class='ocrx_word' id='word_1_117' title='bbox 531 1698 651 1736; x_wconf 92' lang='lat' dir='ltr'><strong>rum</strong></span> <span class='ocrx_word' id='word_1_118' title='bbox 685 1679 1084 1736; x_wconf 78' lang='lat' dir='ltr'><strong>manifestatum</strong></span> <span class='ocrx_word' id='word_1_119' title='bbox 1107 1679 1227 1734; x_wconf 85' lang='lat' dir='ltr'><strong>est?</strong></span> <span class='ocrx_word' id='word_1_120' title='bbox 1252 1674 1356 1733; x_wconf 92' lang='lat' dir='ltr'><strong>Sed</strong></span> <span class='ocrx_word' id='word_1_121' title='bbox 1386 1678 1640 1748; x_wconf 88' lang='lat' dir='ltr'><strong>quoniam</strong></span> <span class='ocrx_word' id='word_1_122' title='bbox 1673 1677 1932 1748; x_wconf 88' lang='lat' dir='ltr'><strong>scriptum</strong></span> <span class='ocrx_word' id='word_1_123' title='bbox 1967 1687 2077 1734; x_wconf 88' lang='lat' dir='ltr'><strong>est:</strong></span> 
     </span>
    </p>
   </div>
   <div class='ocr_carea' id='block_1_19' title="bbox 2186 473 3662 551">
    <p class='ocr_par' dir='ltr' id='par_1_19' title="bbox 2186 473 3662 551">
     <span class='ocr_line' id='line_1_19' title="bbox 2186 473 3662 551; baseline 0.002 -23"><span class='ocrx_word' id='word_1_124' title='bbox 2186 475 2278 528; x_wconf 81' lang='grc' dir='ltr'><strong>καὶ</strong></span> <span class='ocrx_word' id='word_1_125' title='bbox 2307 476 2498 538; x_wconf 84' lang='grc' dir='ltr'><strong>ἀθέους</strong></span> <span class='ocrx_word' id='word_1_126' title='bbox 2535 476 2643 529; x_wconf 84' lang='grc' dir='ltr'><strong>τῶν</strong></span> <span class='ocrx_word' id='word_1_127' title='bbox 2671 473 2950 530; x_wconf 85' lang='grc' dir='ltr'>Χαλδαίων</span> <span class='ocrx_word' id='word_1_128' title='bbox 2975 473 3390 545; x_wconf 77' lang='grc' dir='ltr'>κατεφλόγησεν·</span> <span class='ocrx_word' id='word_1_129' title='bbox 3412 475 3496 529; x_wconf 79' lang='grc' dir='ltr'>καὶ</span> <span class='ocrx_word' id='word_1_130' title='bbox 3518 479 3560 531; x_wconf 84' lang='lat' dir='ltr'><strong>oi</strong></span> <span class='ocrx_word' id='word_1_131' title='bbox 3589 482 3662 551; x_wconf 76' lang='grc' dir='ltr'>μὲν</span> 
     </span>
    </p>
   </div>
   <div class='ocr_carea' id='block_1_20' title="bbox 2183 557 3664 640">
    <p class='ocr_par' dir='ltr' id='par_1_20' title="bbox 2183 557 3664 640">
     <span class='ocr_line' id='line_1_20' title="bbox 2183 557 3664 640; baseline -0.007 -18"><span class='ocrx_word' id='word_1_132' title='bbox 2183 568 2291 622; x_wconf 75' lang='grc' dir='ltr'>ἔσω</span> <span class='ocrx_word' id='word_1_133' title='bbox 2325 566 2476 631; x_wconf 75' lang='grc' dir='ltr'>ὄντες</span> <span class='ocrx_word' id='word_1_134' title='bbox 2516 568 2573 618; x_wconf 88' lang='grc' dir='ltr'>ἐν</span> <span class='ocrx_word' id='word_1_135' title='bbox 2604 568 2670 637; x_wconf 79' lang='grc' dir='ltr'>τῇ</span> <span class='ocrx_word' id='word_1_136' title='bbox 2717 557 2930 635; x_wconf 84' lang='grc' dir='ltr'>καμίν⁶ῳ</span> <span class='ocrx_word' id='word_1_137' title='bbox 2973 564 3079 617; x_wconf 82' lang='grc' dir='ltr'><strong>ὑπὸ</strong></span> <span class='ocrx_word' id='word_1_138' title='bbox 3120 564 3212 617; x_wconf 91' lang='grc' dir='ltr'><strong>τοῦ</strong></span> <span class='ocrx_word' id='word_1_139' title='bbox 3251 565 3463 633; x_wconf 77' lang='grc' dir='ltr'><strong>ἀγγέλου</strong></span> <span class='ocrx_word' id='word_1_140' title='bbox 3501 567 3664 640; x_wconf 75' lang='grc' dir='ltr'>ἐδροσξ-</span> 
     </span>
    </p>
   </div>
   <div class='ocr_carea' id='block_1_21' title="bbox 2182 655 3664 732">
    <p class='ocr_par' dir='ltr' id='par_1_21' title="bbox 2182 655 3664 732">
     <span class='ocr_line' id='line_1_21' title="bbox 2182 655 3664 732; baseline -0.011 -18"><span class='ocrx_word' id='word_1_141' title='bbox 2182 660 2366 724; x_wconf 81' lang='grc' dir='ltr'>ζοντο·</span> <span class='ocrx_word' id='word_1_142' title='bbox 2405 659 2453 711; x_wconf 81' lang='lat' dir='ltr'><strong>oi</strong></span> <span class='ocrx_word' id='word_1_143' title='bbox 2494 658 2552 711; x_wconf 80' lang='grc' dir='ltr'>δὲ</span> <span class='ocrx_word' id='word_1_144' title='bbox 2594 656 2873 719; x_wconf 86' lang='grc' dir='ltr'>δοκοῦντες</span> <span class='ocrx_word' id='word_1_145' title='bbox 2909 655 3010 722; x_wconf 77' lang='grc' dir='ltr'>ἔξω</span> <span class='ocrx_word' id='word_1_146' title='bbox 3051 656 3147 726; x_wconf 80' lang='grc' dir='ltr'>τῆς</span> <span class='ocrx_word' id='word_1_147' title='bbox 3179 657 3394 726; x_wconf 79' lang='grc' dir='ltr'>καμίνου</span> <span class='ocrx_word' id='word_1_148' title='bbox 3430 659 3664 732; x_wconf 67' lang='grc' dir='ltr'><strong>ἀμέριμνα</strong></span> 
     </span>
    </p>
   </div>
   <div class='ocr_carea' id='block_1_22' title="bbox 2186 743 3665 820">
    <p class='ocr_par' dir='ltr' id='par_1_22' title="bbox 2186 743 3665 820">
     <span class='ocr_line' id='line_1_22' title="bbox 2186 743 3665 820; baseline -0.001 -14"><span class='ocrx_word' id='word_1_149' title='bbox 2186 753 2417 816; x_wconf 77' lang='grc' dir='ltr'>ἱστάναι,</span> <span class='ocrx_word' id='word_1_150' title='bbox 2451 749 2556 804; x_wconf 82' lang='grc' dir='ltr'><strong>ὑπὸ</strong></span> <span class='ocrx_word' id='word_1_151' title='bbox 2583 749 2675 802; x_wconf 86' lang='grc' dir='ltr'><strong>τοῦ</strong></span> <span class='ocrx_word' id='word_1_152' title='bbox 2708 748 2876 820; x_wconf 84' lang='grc' dir='ltr'>πυρὸς</span> <span class='ocrx_word' id='word_1_153' title='bbox 2903 743 3046 802; x_wconf 77' lang='grc' dir='ltr'>οῦτοι</span> <span class='ocrx_word' id='word_1_154' title='bbox 3068 746 3447 820; x_wconf 73' lang='grc' dir='ltr'>διεφθάρησανο</span> <span class='ocrx_word' id='word_1_155' title='bbox 3474 753 3578 814; x_wconf 73' lang='grc' dir='ltr'>τοὺς</span> <span class='ocrx_word' id='word_1_156' title='bbox 3599 755 3665 806; x_wconf 76' lang='grc' dir='ltr'><strong>ἇν-</strong></span> 
     </span>
    </p>
   </div>
   <div class='ocr_carea' id='block_1_23' title="bbox 2181 835 3666 913">
    <p class='ocr_par' dir='ltr' id='par_1_23' title="bbox 2181 835 3666 913">
     <span class='ocr_line' id='line_1_23' title="bbox 2181 835 3666 913; baseline -0.003 -19"><span class='ocrx_word' id='word_1_157' title='bbox 2181 840 2312 912; x_wconf 86' lang='grc' dir='ltr'>δρας</span> <span class='ocrx_word' id='word_1_158' title='bbox 2339 841 2463 904; x_wconf 80' lang='grc' dir='ltr'>τοὺς</span> <span class='ocrx_word' id='word_1_159' title='bbox 2485 837 2921 900; x_wconf 75' lang='grc' dir='ltr'>ἐνδιαϐάλλοντας</span> <span class='ocrx_word' id='word_1_160' title='bbox 2952 837 3076 900; x_wconf 82' lang='grc' dir='ltr'>τοὺς</span> <span class='ocrx_word' id='word_1_161' title='bbox 3109 835 3298 899; x_wconf 89' lang='grc' dir='ltr'>παῖδας</span> <span class='ocrx_word' id='word_1_162' title='bbox 3334 838 3615 909; x_wconf 87' lang='grc' dir='ltr'>ἐνεπύρησεν</span> <span class='ocrx_word' id='word_1_163' title='bbox 3640 845 3666 913; x_wconf 79' lang='grc' dir='ltr'><strong>ἡ</strong></span> 
     </span>
    </p>
   </div>
   <div class='ocr_carea' id='block_1_24' title="bbox 2183 913 3670 1002">
    <p class='ocr_par' dir='ltr' id='par_1_24' title="bbox 2183 913 3670 1002">
     <span class='ocr_line' id='line_1_24' title="bbox 2183 913 3670 1002; baseline -0.007 -17"><span class='ocrx_word' id='word_1_164' title='bbox 2183 931 2330 1002; x_wconf 79' lang='grc' dir='ltr'>φλὸξ,</span> <span class='ocrx_word' id='word_1_165' title='bbox 2364 929 2640 984; x_wconf 89' lang='grc' dir='ltr'>κύκλωθεν</span> <span class='ocrx_word' id='word_1_166' title='bbox 2667 924 2818 999; x_wconf 77' lang='grc' dir='ltr'>οἶμαι</span> <span class='ocrx_word' id='word_1_167' title='bbox 2845 926 3080 999; x_wconf 79' lang='grc' dir='ltr'>εὑροῦσα</span> <span class='ocrx_word' id='word_1_168' title='bbox 3109 913 3252 996; x_wconf 66' lang='grc' dir='ltr'>πρὸς</span> <span class='ocrx_word' id='word_1_169' title='bbox 3285 925 3372 981; x_wconf 83' lang='grc' dir='ltr'><strong>τὸν</strong></span> <span class='ocrx_word' id='word_1_170' title='bbox 3405 927 3573 998; x_wconf 83' lang='grc' dir='ltr'>δεσμὸν</span> <span class='ocrx_word' id='word_1_171' title='bbox 3596 933 3670 984; x_wconf 65' lang='grc' dir='ltr'>αὖ.</span> 
     </span>
    </p>
   </div>
   <div class='ocr_carea' id='block_1_25' title="bbox 2181 1019 3060 1092">
    <p class='ocr_par' dir='ltr' id='par_1_25' title="bbox 2181 1019 3060 1092">
     <span class='ocr_line' id='line_1_25' title="bbox 2181 1019 3060 1092; baseline -0.009 -15"><span class='ocrx_word' id='word_1_172' title='bbox 2181 1023 2289 1077; x_wconf 85' lang='grc' dir='ltr'><strong>τῶν</strong></span> <span class='ocrx_word' id='word_1_173' title='bbox 2315 1022 2422 1076; x_wconf 87' lang='grc' dir='ltr'>τῶν</span> <span class='ocrx_word' id='word_1_174' title='bbox 2455 1021 2657 1074; x_wconf 83' lang='grc' dir='ltr'>παίδων</span> <span class='ocrx_word' id='word_1_175' title='bbox 2689 1019 3060 1092; x_wconf 72' lang='grc' dir='ltr'><strong>χωρήσαντας.</strong></span> 
     </span>
    </p>
   </div>
   <div class='ocr_carea' id='block_1_26' title="bbox 2251 1107 3669 1188">
    <p class='ocr_par' dir='ltr' id='par_1_26' title="bbox 2251 1107 3669 1188">
     <span class='ocr_line' id='line_1_26' title="bbox 2251 1107 3669 1188; baseline -0.001 -22"><span class='ocrx_word' id='word_1_176' title='bbox 2251 1117 2357 1188; x_wconf 64' lang='grc' dir='ltr'>[ιβ’.</span> <span class='ocrx_word' id='word_1_177' title='bbox 2379 1112 2488 1166; x_wconf 81' lang='grc' dir='ltr'><strong>Καὶ</strong></span> <span class='ocrx_word' id='word_1_178' title='bbox 2513 1114 2552 1182; x_wconf 74' lang='grc' dir='ltr'><em>ἠ</em></span> <span class='ocrx_word' id='word_1_179' title='bbox 2574 1111 2781 1181; x_wconf 84' lang='grc' dir='ltr'>ὅρασις</span> <span class='ocrx_word' id='word_1_180' title='bbox 2801 1109 2905 1164; x_wconf 85' lang='grc' dir='ltr'><strong>τοῦ</strong></span> <span class='ocrx_word' id='word_1_181' title='bbox 2930 1107 3208 1177; x_wconf 81' lang='grc' dir='ltr'><strong>τετάρτου</strong></span> <span class='ocrx_word' id='word_1_182' title='bbox 3231 1107 3394 1178; x_wconf 81' lang='grc' dir='ltr'>ὁμοία</span> <span class='ocrx_word' id='word_1_183' title='bbox 3422 1107 3518 1176; x_wconf 82' lang='grc' dir='ltr'><strong>Υίῷ</strong></span> <span class='ocrx_word' id='word_1_184' title='bbox 3537 1112 3669 1166; x_wconf 85' lang='grc' dir='ltr'><strong>Θεοῦ.</strong></span> 
     </span>
    </p>
   </div>
   <div class='ocr_carea' id='block_1_27' title="bbox 2192 1200 3673 1274">
    <p class='ocr_par' dir='ltr' id='par_1_27' title="bbox 2192 1200 3673 1274">
     <span class='ocr_line' id='line_1_27' title="bbox 2192 1200 3673 1274; baseline -0.002 -17"><span class='ocrx_word' id='word_1_185' title='bbox 2192 1203 2527 1258; x_wconf 85' lang='grc' dir='ltr'><strong>Ἱππολύτου.</strong></span> <span class='ocrx_word' id='word_1_186' title='bbox 2565 1202 2699 1256; x_wconf 77' lang='grc' dir='ltr'>Εἰπέ</span> <span class='ocrx_word' id='word_1_187' title='bbox 2749 1219 2857 1274; x_wconf 89' lang='grc' dir='ltr'>μοι,</span> <span class='ocrx_word' id='word_1_188' title='bbox 2887 1200 3378 1272; x_wconf 76' lang='grc' dir='ltr'>Ναϐουχοδονόσορ,</span> <span class='ocrx_word' id='word_1_189' title='bbox 3420 1201 3534 1253; x_wconf 78' lang='grc' dir='ltr'>πότε</span> <span class='ocrx_word' id='word_1_190' title='bbox 3567 1200 3673 1266; x_wconf 78' lang='grc' dir='ltr'>εἶδες</span> 
     </span>
    </p>
   </div>
   <div class='ocr_carea' id='block_1_28' title="bbox 2184 1289 3673 1362">
    <p class='ocr_par' dir='ltr' id='par_1_28' title="bbox 2184 1289 3673 1362">
     <span class='ocr_line' id='line_1_28' title="bbox 2184 1289 3673 1362; baseline -0.002 -15"><span class='ocrx_word' id='word_1_191' title='bbox 2184 1292 2307 1347; x_wconf 84' lang='grc' dir='ltr'>Υἱὸν</span> <span class='ocrx_word' id='word_1_192' title='bbox 2333 1291 2487 1358; x_wconf 86' lang='grc' dir='ltr'>Θεοῦ,</span> <span class='ocrx_word' id='word_1_193' title='bbox 2520 1292 2605 1346; x_wconf 81' lang='grc' dir='ltr'>ἵνα</span> <span class='ocrx_word' id='word_1_194' title='bbox 2628 1291 2754 1345; x_wconf 82' lang='grc' dir='ltr'>Υίὸν</span> <span class='ocrx_word' id='word_1_195' title='bbox 2774 1289 2919 1354; x_wconf 46' lang='grc' dir='ltr'>,Θεοῦ</span> <span class='ocrx_word' id='word_1_196' title='bbox 2945 1290 3132 1342; x_wconf 87' lang='grc' dir='ltr'>τοῦτον</span> <span class='ocrx_word' id='word_1_197' title='bbox 3158 1289 3507 1362; x_wconf 55' lang='grc' dir='ltr'>ὁμολογήσῃς</span> <span class='ocrx_word' id='word_1_198' title='bbox 3536 1290 3604 1352; x_wconf 82' lang='grc' dir='ltr'><strong>τίς</strong></span> <span class='ocrx_word' id='word_1_199' title='bbox 3629 1291 3673 1344; x_wconf 78' lang='grc' dir='ltr'>δὲ</span> 
     </span>
    </p>
   </div>
   <div class='ocr_carea' id='block_1_29' title="bbox 2180 1378 3676 1457">
    <p class='ocr_par' dir='ltr' id='par_1_29' title="bbox 2180 1378 3676 1457">
     <span class='ocr_line' id='line_1_29' title="bbox 2180 1378 3676 1457; baseline -0.004 -18"><span class='ocrx_word' id='word_1_200' title='bbox 2180 1387 2210 1439; x_wconf 83' lang='grc' dir='ltr'><strong>ό</strong></span> <span class='ocrx_word' id='word_1_201' title='bbox 2255 1386 2351 1456; x_wconf 79' lang='grc' dir='ltr'><strong>τὴν</strong></span> <span class='ocrx_word' id='word_1_202' title='bbox 2391 1384 2610 1457; x_wconf 81' lang='grc' dir='ltr'>καρδίαν</span> <span class='ocrx_word' id='word_1_203' title='bbox 2661 1401 2751 1437; x_wconf 87' lang='grc' dir='ltr'><strong>σου</strong></span> <span class='ocrx_word' id='word_1_204' title='bbox 2798 1381 3124 1448; x_wconf 81' lang='grc' dir='ltr'>κατανύξας,</span> <span class='ocrx_word' id='word_1_205' title='bbox 3165 1381 3251 1434; x_wconf 82' lang='grc' dir='ltr'>ἵνα</span> <span class='ocrx_word' id='word_1_206' title='bbox 3295 1378 3514 1434; x_wconf 86' lang='grc' dir='ltr'>τοιοῦτον</span> <span class='ocrx_word' id='word_1_207' title='bbox 3558 1381 3676 1451; x_wconf 76' lang='grc' dir='ltr'>ῥῆμα</span> 
     </span>
    </p>
   </div>
   <div class='ocr_carea' id='block_1_30' title="bbox 2181 1470 3677 1548">
    <p class='ocr_par' dir='ltr' id='par_1_30' title="bbox 2181 1470 3677 1548">
     <span class='ocr_line' id='line_1_30' title="bbox 2181 1470 3677 1548; baseline -0.003 -17"><span class='ocrx_word' id='word_1_208' title='bbox 2181 1475 2525 1548; x_wconf 63' lang='grc' dir='ltr'>ἁποφθέγξῃ;</span> <span class='ocrx_word' id='word_1_209' title='bbox 2569 1476 2741 1540; x_wconf 87' lang='grc' dir='ltr'>ποίοις</span> <span class='ocrx_word' id='word_1_210' title='bbox 2786 1474 2842 1528; x_wconf 83' lang='grc' dir='ltr'><strong>δὲ</strong></span> <span class='ocrx_word' id='word_1_211' title='bbox 2871 1473 3168 1544; x_wconf 70' lang='grc' dir='ltr'>ὀφθαλμοῖς</span> <span class='ocrx_word' id='word_1_212' title='bbox 3203 1471 3447 1543; x_wconf 75' lang='grc' dir='ltr'><strong>ἐδυνήθης</strong></span> <span class='ocrx_word' id='word_1_213' title='bbox 3475 1470 3604 1525; x_wconf 84' lang='grc' dir='ltr'>τοῦτο</span> <span class='ocrx_word' id='word_1_214' title='bbox 3631 1474 3677 1527; x_wconf 84' lang='grc' dir='ltr'><strong>τὸ</strong></span> 
     </span>
    </p>
   </div>
   <div class='ocr_carea' id='block_1_31' title="bbox 2182 1562 3679 1640">
    <p class='ocr_par' dir='ltr' id='par_1_31' title="bbox 2182 1562 3679 1640">
     <span class='ocr_line' id='line_1_31' title="bbox 2182 1562 3679 1640; baseline -0.004 -20"><span class='ocrx_word' id='word_1_215' title='bbox 2182 1567 2298 1638; x_wconf 84' lang='grc' dir='ltr'>φῶς</span> <span class='ocrx_word' id='word_1_216' title='bbox 2326 1566 2776 1640; x_wconf 87' lang='grc' dir='ltr'>ἐνοπτρίσασθαι;</span> <span class='ocrx_word' id='word_1_217' title='bbox 2808 1564 2895 1618; x_wconf 82' lang='grc' dir='ltr'><strong>διὰ</strong></span> <span class='ocrx_word' id='word_1_218' title='bbox 2937 1564 2990 1618; x_wconf 86' lang='grc' dir='ltr'><strong>τί</strong></span> <span class='ocrx_word' id='word_1_219' title='bbox 3031 1565 3090 1617; x_wconf 85' lang='grc' dir='ltr'><strong>δέ</strong></span> <span class='ocrx_word' id='word_1_220' title='bbox 3119 1563 3202 1616; x_wconf 73' lang='grc' dir='ltr'><strong>σοὶ</strong></span> <span class='ocrx_word' id='word_1_221' title='bbox 3252 1563 3388 1634; x_wconf 81' lang='grc' dir='ltr'>μόνῳ</span> <span class='ocrx_word' id='word_1_222' title='bbox 3427 1563 3511 1615; x_wconf 78' lang='grc' dir='ltr'>καὶ</span> <span class='ocrx_word' id='word_1_223' title='bbox 3542 1562 3679 1616; x_wconf 77' lang='grc' dir='ltr'>οὐδενὶ</span> 
     </span>
    </p>
   </div>
   <div class='ocr_carea' id='block_1_32' title="bbox 2181 1653 3679 1730">
    <p class='ocr_par' dir='ltr' id='par_1_32' title="bbox 2181 1653 3679 1730">
     <span class='ocr_line' id='line_1_32' title="bbox 2181 1653 3679 1730; baseline -0.006 -17"><span class='ocrx_word' id='word_1_224' title='bbox 2181 1659 2287 1713; x_wconf 81' lang='grc' dir='ltr'>τῶν</span> <span class='ocrx_word' id='word_1_225' title='bbox 2307 1659 2476 1714; x_wconf 80' lang='grc' dir='ltr'>ἄλλων</span> <span class='ocrx_word' id='word_1_226' title='bbox 2502 1657 2793 1730; x_wconf 78' lang='grc' dir='ltr'>σατραπῶν</span> <span class='ocrx_word' id='word_1_227' title='bbox 2816 1655 3103 1727; x_wconf 78' lang='grc' dir='ltr'>ἐπεδείχθη</span> <span class='ocrx_word' id='word_1_228' title='bbox 3123 1672 3137 1720; x_wconf 88' lang='grc'>;</span> <span class='ocrx_word' id='word_1_229' title='bbox 3161 1653 3273 1708; x_wconf 83' lang='grc' dir='ltr'>ἀλλ’</span> <span class='ocrx_word' id='word_1_230' title='bbox 3295 1653 3469 1723; x_wconf 79' lang='grc' dir='ltr'>ἐπειδὴ</span> <span class='ocrx_word' id='word_1_231' title='bbox 3489 1670 3679 1724; x_wconf 80' lang='grc' dir='ltr'>γεγραμ-</span> 
     </span>
    </p>
   </div>
   <div class='ocr_carea' id='block_1_33' title="bbox 531 1739 2081 1844">
    <p class='ocr_par' dir='ltr' id='par_1_33' title="bbox 531 1769 2080 1844">
     <span class='ocr_line' id='line_1_33' title="bbox 531 1769 2080 1844; baseline -0.003 -15"><span class='ocrx_word' id='word_1_232' title='bbox 531 1773 636 1830; x_wconf 89' lang='lat' dir='ltr'><strong>Cor</strong></span> <span class='ocrx_word' id='word_1_233' title='bbox 659 1773 790 1844; x_wconf 86' lang='lat' dir='ltr'><strong>regis</strong></span> <span class='ocrx_word' id='word_1_234' title='bbox 818 1773 872 1826; x_wconf 87' lang='lat' dir='ltr'><strong>in</strong></span> <span class='ocrx_word' id='word_1_235' title='bbox 899 1787 1059 1825; x_wconf 86' lang='lat' dir='ltr'><strong>manu</strong></span> <span class='ocrx_word' id='word_1_236' title='bbox 1076 1770 1331 1841; x_wconf 87' lang='lat' dir='ltr'><strong>Dei:ipsa</strong></span> <span class='ocrx_word' id='word_1_237' title='bbox 1356 1777 1438 1825; x_wconf 87' lang='lat' dir='ltr'><strong>est</strong></span> <span class='ocrx_word' id='word_1_238' title='bbox 1465 1769 1557 1824; x_wconf 90' lang='lat' dir='ltr'><strong>Dei</strong></span> <span class='ocrx_word' id='word_1_239' title='bbox 1573 1785 1786 1834; x_wconf 89' lang='lat' dir='ltr'><strong>manus,</strong></span> <span class='ocrx_word' id='word_1_240' title='bbox 1805 1785 1897 1840; x_wconf 90' lang='lat' dir='ltr'><strong>per</strong></span> <span class='ocrx_word' id='word_1_241' title='bbox 1919 1786 2080 1841; x_wconf 90' lang='lat' dir='ltr'><strong>quam</strong></span> 
     </span>
    </p>
   </div>
   <div class='ocr_carea' id='block_1_34' title="bbox 2185 1739 3679 1844">
    <p class='ocr_par' dir='ltr' id='par_1_34' title="bbox 2185 1744 3679 1822">
     <span class='ocr_line' id='line_1_34' title="bbox 2185 1744 3679 1822; baseline -0.005 -19"><span class='ocrx_word' id='word_1_242' title='bbox 2185 1751 2339 1822; x_wconf 88' lang='grc' dir='ltr'>μένον</span> <span class='ocrx_word' id='word_1_243' title='bbox 2367 1750 2502 1815; x_wconf 81' lang='grc' dir='ltr'>ἐστὶ,</span> <span class='ocrx_word' id='word_1_244' title='bbox 2531 1750 2751 1817; x_wconf 81' lang='grc' dir='ltr'>Καρδία</span> <span class='ocrx_word' id='word_1_245' title='bbox 2771 1747 3080 1813; x_wconf 75' lang='grc' dir='ltr'>,βασιλέως</span> <span class='ocrx_word' id='word_1_246' title='bbox 3113 1747 3183 1800; x_wconf 83' lang='grc' dir='ltr'>ἐν</span> <span class='ocrx_word' id='word_1_247' title='bbox 3223 1747 3365 1814; x_wconf 80' lang='grc' dir='ltr'>χειρὶ</span> <span class='ocrx_word' id='word_1_248' title='bbox 3396 1745 3545 1808; x_wconf 86' lang='grc' dir='ltr'>Θεοῦ,</span> <span class='ocrx_word' id='word_1_249' title='bbox 3573 1744 3679 1812; x_wconf 70' lang='grc' dir='ltr'>αὕτη</span> 
     </span>
    </p>
   </div>
   <div class='ocr_carea' id='block_1_35' title="bbox 538 1864 2081 1933">
    <p class='ocr_par' dir='ltr' id='par_1_35' title="bbox 538 1864 2081 1933">
     <span class='ocr_line' id='line_1_35' title="bbox 538 1864 2081 1933; baseline -0.003 -12"><span class='ocrx_word' id='word_1_250' title='bbox 538 1864 772 1921; x_wconf 84' lang='lat' dir='ltr'><strong>Verbum</strong></span> <span class='ocrx_word' id='word_1_251' title='bbox 820 1880 915 1921; x_wconf 91' lang='lat' dir='ltr'><strong>cor</strong></span> <span class='ocrx_word' id='word_1_252' title='bbox 941 1864 1103 1933; x_wconf 87' lang='lat' dir='ltr'><strong>hujus</strong></span> <span class='ocrx_word' id='word_1_253' title='bbox 1137 1864 1488 1932; x_wconf 76' lang='lat' dir='ltr'><strong>compunxit;</strong></span> <span class='ocrx_word' id='word_1_254' title='bbox 1535 1872 1594 1917; x_wconf 91' lang='lat' dir='ltr'><strong>ut</strong></span> <span class='ocrx_word' id='word_1_255' title='bbox 1619 1877 1920 1931; x_wconf 75' lang='lat' dir='ltr'><strong>agnoscens</strong></span> <span class='ocrx_word' id='word_1_256' title='bbox 1956 1878 2081 1918; x_wconf 90' lang='lat' dir='ltr'><strong>eum</strong></span> 
     </span>
    </p>
   </div>
   <div class='ocr_carea' id='block_1_36' title="bbox 529 1955 2082 2027">
    <p class='ocr_par' dir='ltr' id='par_1_36' title="bbox 529 1955 2082 2027">
     <span class='ocr_line' id='line_1_36' title="bbox 529 1955 2082 2027; baseline -0.003 -14"><span class='ocrx_word' id='word_1_257' title='bbox 529 1959 586 2013; x_wconf 91' lang='lat' dir='ltr'><strong>in</strong></span> <span class='ocrx_word' id='word_1_258' title='bbox 630 1957 850 2013; x_wconf 85' lang='lat' dir='ltr'><strong>fornace</strong></span> <span class='ocrx_word' id='word_1_259' title='bbox 893 1956 1215 2027; x_wconf 77' lang='lat' dir='ltr'><strong>glorificaret</strong></span> <span class='ocrx_word' id='word_1_260' title='bbox 1257 1969 1417 2019; x_wconf 89' lang='lat' dir='ltr'><strong>eum;</strong></span> <span class='ocrx_word' id='word_1_261' title='bbox 1474 1968 1574 2009; x_wconf 92' lang='lat' dir='ltr'><strong>nec</strong></span> <span class='ocrx_word' id='word_1_262' title='bbox 1597 1955 1805 2008; x_wconf 89' lang='lat' dir='ltr'><strong>ratione</strong></span> <span class='ocrx_word' id='word_1_263' title='bbox 1829 1962 1975 2008; x_wconf 88' lang='lat' dir='ltr'><strong>caret</strong></span> <span class='ocrx_word' id='word_1_264' title='bbox 2002 1955 2082 2008; x_wconf 88' lang='lat' dir='ltr'><strong>in-</strong></span> 
     </span>
    </p>
   </div>
   <div class='ocr_carea' id='block_1_37' title="bbox 529 2044 2082 2118">
    <p class='ocr_par' dir='ltr' id='par_1_37' title="bbox 529 2044 2082 2118">
     <span class='ocr_line' id='line_1_37' title="bbox 529 2044 2082 2118; baseline -0.003 -15"><span class='ocrx_word' id='word_1_265' title='bbox 529 2047 839 2118; x_wconf 87' lang='lat' dir='ltr'><strong>terpretatio</strong></span> <span class='ocrx_word' id='word_1_266' title='bbox 879 2056 1094 2112; x_wconf 90' lang='lat' dir='ltr'><strong>nostra;</strong></span> <span class='ocrx_word' id='word_1_267' title='bbox 1133 2062 1257 2101; x_wconf 87' lang='lat' dir='ltr'><strong>nam</strong></span> <span class='ocrx_word' id='word_1_268' title='bbox 1287 2047 1545 2116; x_wconf 89' lang='lat' dir='ltr'><strong>quoniam</strong></span> <span class='ocrx_word' id='word_1_269' title='bbox 1591 2044 1832 2100; x_wconf 90' lang='lat' dir='ltr'><strong>futurum</strong></span> <span class='ocrx_word' id='word_1_270' title='bbox 1879 2053 2082 2100; x_wconf 85' lang='lat' dir='ltr'><strong>eratut</strong></span> 
     </span>
    </p>
   </div>
   <div class='ocr_carea' id='block_1_38' title="bbox 528 2138 2082 2205">
    <p class='ocr_par' dir='ltr' id='par_1_38' title="bbox 528 2138 2082 2205">
     <span class='ocr_line' id='line_1_38' title="bbox 528 2138 2082 2205; baseline -0.002 -11"><span class='ocrx_word' id='word_1_271' title='bbox 528 2141 623 2195; x_wconf 85' lang='lat' dir='ltr'><strong>filii</strong></span> <span class='ocrx_word' id='word_1_272' title='bbox 663 2139 826 2196; x_wconf 88' lang='lat' dir='ltr'><strong>Israel</strong></span> <span class='ocrx_word' id='word_1_273' title='bbox 854 2139 1049 2196; x_wconf 88' lang='lat' dir='ltr'><strong>Filium</strong></span> <span class='ocrx_word' id='word_1_274' title='bbox 1079 2138 1170 2193; x_wconf 91' lang='lat' dir='ltr'><strong>Dei</strong></span> <span class='ocrx_word' id='word_1_275' title='bbox 1196 2138 1437 2194; x_wconf 90' lang='lat' dir='ltr'><strong>videntes</strong></span> <span class='ocrx_word' id='word_1_276' title='bbox 1464 2139 1516 2193; x_wconf 92' lang='lat' dir='ltr'><strong>in</strong></span> <span class='ocrx_word' id='word_1_277' title='bbox 1551 2138 1774 2205; x_wconf 91' lang='lat' dir='ltr'><strong>mundo,</strong></span> <span class='ocrx_word' id='word_1_278' title='bbox 1811 2153 1920 2192; x_wconf 91' lang='lat' dir='ltr'><strong>non</strong></span> <span class='ocrx_word' id='word_1_279' title='bbox 1964 2152 2082 2192; x_wconf 91' lang='lat' dir='ltr'><strong>cre-</strong></span> 
     </span>
    </p>
   </div>
   <div class='ocr_carea' id='block_1_39' title="bbox 526 2229 2081 2301">
    <p class='ocr_par' dir='ltr' id='par_1_39' title="bbox 526 2229 2081 2301">
     <span class='ocr_line' id='line_1_39' title="bbox 526 2229 2081 2301; baseline -0.001 -16"><span class='ocrx_word' id='word_1_280' title='bbox 526 2231 753 2296; x_wconf 88' lang='lat' dir='ltr'><strong>derent,</strong></span> <span class='ocrx_word' id='word_1_281' title='bbox 805 2230 1059 2285; x_wconf 86' lang='lat' dir='ltr'><strong>revelavit</strong></span> <span class='ocrx_word' id='word_1_282' title='bbox 1103 2229 1382 2300; x_wconf 89' lang='lat' dir='ltr'><strong>Scriptura</strong></span> <span class='ocrx_word' id='word_1_283' title='bbox 1424 2231 1568 2301; x_wconf 90' lang='lat' dir='ltr'><strong>quod</strong></span> <span class='ocrx_word' id='word_1_284' title='bbox 1612 2245 1829 2300; x_wconf 88' lang='lat' dir='ltr'><strong>operam</strong></span> <span class='ocrx_word' id='word_1_285' title='bbox 1877 2230 2081 2285; x_wconf 89' lang='lat' dir='ltr'><strong>dabunt</strong></span> 
     </span>
    </p>
   </div>
   <div class='ocr_carea' id='block_1_40' title="bbox 526 2320 2078 2391">
    <p class='ocr_par' dir='ltr' id='par_1_40' title="bbox 526 2320 2078 2391">
     <span class='ocr_line' id='line_1_40' title="bbox 526 2320 2078 2391; baseline -0.001 -16"><span class='ocrx_word' id='word_1_286' title='bbox 526 2328 712 2391; x_wconf 84' lang='lat' dir='ltr'><strong>gentes</strong></span> <span class='ocrx_word' id='word_1_287' title='bbox 737 2328 797 2376; x_wconf 90' lang='lat' dir='ltr'><strong>ut</strong></span> <span class='ocrx_word' id='word_1_288' title='bbox 833 2321 978 2376; x_wconf 88' lang='lat' dir='ltr'><strong>hunc</strong></span> <span class='ocrx_word' id='word_1_289' title='bbox 1005 2323 1345 2376; x_wconf 89' lang='lat' dir='ltr'><strong>inearnatum</strong></span> <span class='ocrx_word' id='word_1_290' title='bbox 1382 2329 1728 2391; x_wconf 81' lang='lat' dir='ltr'><strong>cognoscant,</strong></span> <span class='ocrx_word' id='word_1_291' title='bbox 1755 2335 1914 2390; x_wconf 88' lang='lat' dir='ltr'><strong>quem</strong></span> <span class='ocrx_word' id='word_1_292' title='bbox 1948 2320 2078 2375; x_wconf 92' lang='lat' dir='ltr'><strong>olim</strong></span> 
     </span>
    </p>
   </div>
   <div class='ocr_carea' id='block_1_41' title="bbox 526 2411 2079 2483">
    <p class='ocr_par' dir='ltr' id='par_1_41' title="bbox 526 2411 2079 2483">
     <span class='ocr_line' id='line_1_41' title="bbox 526 2411 2079 2483; baseline 0.001 -17"><span class='ocrx_word' id='word_1_293' title='bbox 526 2414 905 2482; x_wconf 89' lang='lat' dir='ltr'><strong>incorporeum</strong></span> <span class='ocrx_word' id='word_1_294' title='bbox 929 2412 1139 2477; x_wconf 87' lang='lat' dir='ltr'><strong>videns,</strong></span> <span class='ocrx_word' id='word_1_295' title='bbox 1169 2414 1384 2483; x_wconf 82' lang='lat' dir='ltr'><strong>agnovit</strong></span> <span class='ocrx_word' id='word_1_296' title='bbox 1413 2413 1466 2467; x_wconf 90' lang='lat' dir='ltr'><strong>in</strong></span> <span class='ocrx_word' id='word_1_297' title='bbox 1495 2411 1710 2468; x_wconf 89' lang='lat' dir='ltr'><strong>fornace</strong></span> <span class='ocrx_word' id='word_1_298' title='bbox 1724 2411 2079 2467; x_wconf 86' lang='lat' dir='ltr'><strong>Nabuchodo-</strong></span> 
     </span>
    </p>
   </div>
   <div class='ocr_carea' id='block_1_42' title="bbox 527 2503 1903 2570">
    <p class='ocr_par' dir='ltr' id='par_1_42' title="bbox 527 2503 1903 2570">
     <span class='ocr_line' id='line_1_42' title="bbox 527 2503 1903 2570; baseline 0 -12"><span class='ocrx_word' id='word_1_299' title='bbox 527 2519 712 2570; x_wconf 89' lang='lat' dir='ltr'><strong>nosor,</strong></span> <span class='ocrx_word' id='word_1_300' title='bbox 739 2513 793 2558; x_wconf 91' lang='lat' dir='ltr'><strong>et</strong></span> <span class='ocrx_word' id='word_1_301' title='bbox 814 2504 1010 2560; x_wconf 84' lang='lat' dir='ltr'><strong>Filium</strong></span> <span class='ocrx_word' id='word_1_302' title='bbox 1036 2503 1132 2560; x_wconf 89' lang='lat' dir='ltr'><strong>Dei</strong></span> <span class='ocrx_word' id='word_1_303' title='bbox 1175 2520 1296 2561; x_wconf 89' lang='lat' dir='ltr'><strong>esse</strong></span> <span class='ocrx_word' id='word_1_304' title='bbox 1321 2505 1464 2559; x_wconf 92' lang='lat' dir='ltr'><strong>hunc</strong></span> <span class='ocrx_word' id='word_1_305' title='bbox 1496 2503 1779 2559; x_wconf 89' lang='lat' dir='ltr'><strong>confessus</strong></span> <span class='ocrx_word' id='word_1_306' title='bbox 1800 2512 1903 2558; x_wconf 87' lang='lat' dir='ltr'><strong>est.</strong></span> 
     </span>
    </p>
   </div>
   <div class='ocr_carea' id='block_1_43' title="bbox 597 2682 2076 2755">
    <p class='ocr_par' dir='ltr' id='par_1_43' title="bbox 597 2682 2076 2755">
     <span class='ocr_line' id='line_1_43' title="bbox 597 2682 2076 2755; baseline 0.003 -19"><span class='ocrx_word' id='word_1_307' title='bbox 597 2682 663 2738; x_wconf 77' lang='grc' dir='ltr'><strong>ν.</strong></span> <span class='ocrx_word' id='word_1_308' title='bbox 695 2684 786 2741; x_wconf 75' lang='lat'><strong>9&#39;5.</strong></span> <span class='ocrx_word' id='word_1_309' title='bbox 810 2713 879 2724; x_wconf 97' lang='lat'><strong>—</strong></span> <span class='ocrx_word' id='word_1_310' title='bbox 901 2683 970 2737; x_wconf 88' lang='lat' dir='ltr'><strong>Et</strong></span> <span class='ocrx_word' id='word_1_311' title='bbox 1014 2685 1134 2740; x_wconf 91' lang='lat' dir='ltr'><strong>ait:</strong></span> <span class='ocrx_word' id='word_1_312' title='bbox 1176 2682 1401 2740; x_wconf 85' lang='lat' dir='ltr'><strong>Sidrach</strong></span> <span class='ocrx_word' id='word_1_313' title='bbox 1427 2723 1443 2750; x_wconf 90' lang='lat'><strong>,</strong></span> <span class='ocrx_word' id='word_1_314' title='bbox 1492 2684 1693 2739; x_wconf 83' lang='lat' dir='ltr'><strong>Misach</strong></span> <span class='ocrx_word' id='word_1_315' title='bbox 1717 2724 1732 2748; x_wconf 98' lang='lat'><strong>,</strong></span> <span class='ocrx_word' id='word_1_316' title='bbox 1778 2684 2076 2755; x_wconf 82' lang='lat' dir='ltr'><strong>Abdenago.</strong></span> 
     </span>
    </p>
   </div>
   <div class='ocr_carea' id='block_1_44' title="bbox 526 2775 2077 2849">
    <p class='ocr_par' dir='ltr' id='par_1_44' title="bbox 526 2775 2077 2849">
     <span class='ocr_line' id='line_1_44' title="bbox 526 2775 2077 2849; baseline 0.001 -19"><span class='ocrx_word' id='word_1_317' title='bbox 526 2775 820 2849; x_wconf 83' lang='lat' dir='ltr'><strong>Hippolyti.</strong></span> <span class='ocrx_word' id='word_1_318' title='bbox 890 2775 957 2832; x_wconf 86' lang='lat' dir='ltr'><strong>Et</strong></span> <span class='ocrx_word' id='word_1_319' title='bbox 1015 2777 1180 2832; x_wconf 89' lang='lat' dir='ltr'><strong>trium</strong></span> <span class='ocrx_word' id='word_1_320' title='bbox 1229 2793 1519 2848; x_wconf 91' lang='lat' dir='ltr'><strong>puerorum</strong></span> <span class='ocrx_word' id='word_1_321' title='bbox 1575 2777 1794 2833; x_wconf 90' lang='lat' dir='ltr'><strong>nomina</strong></span> <span class='ocrx_word' id='word_1_322' title='bbox 1847 2777 2077 2844; x_wconf 85' lang='lat' dir='ltr'><strong>vocavit,</strong></span> 
     </span>
    </p>
   </div>
   <div class='ocr_carea' id='block_1_45' title="bbox 524 2869 2078 2938">
    <p class='ocr_par' dir='ltr' id='par_1_45' title="bbox 524 2869 2078 2938">
     <span class='ocr_line' id='line_1_45' title="bbox 524 2869 2078 2938; baseline 0.002 -16"><span class='ocrx_word' id='word_1_323' title='bbox 524 2869 705 2938; x_wconf 91' lang='lat' dir='ltr'><strong>quarti</strong></span> <span class='ocrx_word' id='word_1_324' title='bbox 727 2884 854 2924; x_wconf 92' lang='lat' dir='ltr'><strong>vero</strong></span> <span class='ocrx_word' id='word_1_325' title='bbox 884 2884 1080 2924; x_wconf 90' lang='lat' dir='ltr'><strong>nomen</strong></span> <span class='ocrx_word' id='word_1_326' title='bbox 1128 2884 1234 2924; x_wconf 87' lang='lat' dir='ltr'><strong>non</strong></span> <span class='ocrx_word' id='word_1_327' title='bbox 1267 2869 1472 2924; x_wconf 82' lang='lat' dir='ltr'><strong>invenit</strong></span> <span class='ocrx_word' id='word_1_328' title='bbox 1497 2870 1640 2925; x_wconf 91' lang='lat' dir='ltr'><strong>unde</strong></span> <span class='ocrx_word' id='word_1_329' title='bbox 1667 2869 1901 2936; x_wconf 88' lang='lat' dir='ltr'><strong>diceret;</strong></span> <span class='ocrx_word' id='word_1_330' title='bbox 1940 2886 2078 2925; x_wconf 90' lang='lat' dir='ltr'><strong>non-</strong></span> 
     </span>
    </p>
   </div>
   <div class='ocr_carea' id='block_1_46' title="bbox 525 2960 1694 3031">
    <p class='ocr_par' dir='ltr' id='par_1_46' title="bbox 525 2960 1694 3031">
     <span class='ocr_line' id='line_1_46' title="bbox 525 2960 1694 3031; baseline 0.002 -15"><span class='ocrx_word' id='word_1_331' title='bbox 525 2960 653 3016; x_wconf 92' lang='lat' dir='ltr'><strong>dum</strong></span> <span class='ocrx_word' id='word_1_332' title='bbox 685 2962 828 3016; x_wconf 91' lang='lat' dir='ltr'><strong>enim</strong></span> <span class='ocrx_word' id='word_1_333' title='bbox 851 2970 967 3016; x_wconf 91' lang='lat' dir='ltr'><strong>erat</strong></span> <span class='ocrx_word' id='word_1_334' title='bbox 994 2960 1292 3031; x_wconf 74' lang='lat' dir='ltr'><strong>exVirgine</strong></span> <span class='ocrx_word' id='word_1_335' title='bbox 1328 2970 1488 3017; x_wconf 89' lang='lat' dir='ltr'><strong>natus</strong></span> <span class='ocrx_word' id='word_1_336' title='bbox 1515 2961 1694 3019; x_wconf 84' lang='lat' dir='ltr'><strong>Jesus.</strong></span> 
     </span>
    </p>
   </div>
   <div class='ocr_carea' id='block_1_47' title="bbox 2180 1835 3680 1917">
    <p class='ocr_par' dir='ltr' id='par_1_47' title="bbox 2180 1835 3680 1917">
     <span class='ocr_line' id='line_1_47' title="bbox 2180 1835 3680 1917; baseline -0.008 -18"><span class='ocrx_word' id='word_1_337' title='bbox 2180 1847 2214 1917; x_wconf 85' lang='grc' dir='ltr'>ὴ</span> <span class='ocrx_word' id='word_1_338' title='bbox 2246 1843 2338 1899; x_wconf 91' lang='grc' dir='ltr'><strong>τοῦ</strong></span> <span class='ocrx_word' id='word_1_339' title='bbox 2363 1843 2495 1897; x_wconf 91' lang='grc' dir='ltr'>Θεοῦ</span> <span class='ocrx_word' id='word_1_340' title='bbox 2518 1843 2656 1915; x_wconf 75' lang='grc' dir='ltr'>χεὶρ,</span> <span class='ocrx_word' id='word_1_341' title='bbox 2684 1860 2751 1896; x_wconf 86' lang='grc' dir='ltr'><strong>πε</strong></span> <span class='ocrx_word' id='word_1_342' title='bbox 2760 1843 2813 1915; x_wconf 76' lang='lat' dir='ltr'><strong>pi.</strong></span> <span class='ocrx_word' id='word_1_343' title='bbox 2835 1837 2902 1913; x_wconf 81' lang='grc' dir='ltr'>ἧς</span> <span class='ocrx_word' id='word_1_344' title='bbox 2931 1842 2960 1895; x_wconf 84' lang='grc' dir='ltr'>ὁ</span> <span class='ocrx_word' id='word_1_345' title='bbox 2982 1839 3156 1910; x_wconf 85' lang='grc' dir='ltr'><strong>Λόγος</strong></span> <span class='ocrx_word' id='word_1_346' title='bbox 3178 1840 3277 1911; x_wconf 82' lang='grc' dir='ltr'><strong>τὴν</strong></span> <span class='ocrx_word' id='word_1_347' title='bbox 3300 1837 3508 1911; x_wconf 82' lang='grc' dir='ltr'>καρδίαν</span> <span class='ocrx_word' id='word_1_348' title='bbox 3531 1835 3680 1888; x_wconf 86' lang='grc' dir='ltr'>τούτου</span> 
     </span>
    </p>
   </div>
   <div class='ocr_carea' id='block_1_48' title="bbox 2180 1927 3681 2009">
    <p class='ocr_par' dir='ltr' id='par_1_48' title="bbox 2180 1927 3681 2009">
     <span class='ocr_line' id='line_1_48' title="bbox 2180 1927 3681 2009; baseline -0.008 -20"><span class='ocrx_word' id='word_1_349' title='bbox 2180 1935 2492 2009; x_wconf 77' lang='grc' dir='ltr'>κατήνυξεν,</span> <span class='ocrx_word' id='word_1_350' title='bbox 2542 1935 2628 1988; x_wconf 84' lang='grc' dir='ltr'>ἵνα</span> <span class='ocrx_word' id='word_1_351' title='bbox 2666 1935 2917 2003; x_wconf 80' lang='grc' dir='ltr'>ἐπιγνοὺς</span> <span class='ocrx_word' id='word_1_352' title='bbox 2956 1930 3148 2007; x_wconf 83' lang='grc' dir='ltr'>τοῦτον</span> <span class='ocrx_word' id='word_1_353' title='bbox 3192 1932 3248 1984; x_wconf 91' lang='grc' dir='ltr'><strong>ἐν</strong></span> <span class='ocrx_word' id='word_1_354' title='bbox 3295 1932 3360 2000; x_wconf 81' lang='grc' dir='ltr'>τῇ</span> <span class='ocrx_word' id='word_1_355' title='bbox 3405 1927 3592 1997; x_wconf 82' lang='grc' dir='ltr'>καμίνῳ</span> <span class='ocrx_word' id='word_1_356' title='bbox 3616 1927 3681 1978; x_wconf 81' lang='grc' dir='ltr'><strong>δο-</strong></span> 
     </span>
    </p>
   </div>
   <div class='ocr_carea' id='block_1_49' title="bbox 2180 2018 3686 2100">
    <p class='ocr_par' dir='ltr' id='par_1_49' title="bbox 2180 2018 3686 2100">
     <span class='ocr_line' id='line_1_49' title="bbox 2180 2018 3686 2100; baseline -0.009 -18"><span class='ocrx_word' id='word_1_357' title='bbox 2180 2026 2315 2100; x_wconf 77' lang='grc' dir='ltr'>ξάσῃ</span> <span class='ocrx_word' id='word_1_358' title='bbox 2335 2043 2348 2058; x_wconf 90' lang='grc'><strong>·</strong></span> <span class='ocrx_word' id='word_1_359' title='bbox 2395 2026 2490 2080; x_wconf 71' lang='grc' dir='ltr'><strong>καὶ</strong></span> <span class='ocrx_word' id='word_1_360' title='bbox 2527 2024 2681 2079; x_wconf 89' lang='grc' dir='ltr'>τοῦτο</span> <span class='ocrx_word' id='word_1_361' title='bbox 2720 2025 2778 2078; x_wconf 85' lang='grc' dir='ltr'><strong>δέ</strong></span> <span class='ocrx_word' id='word_1_362' title='bbox 2813 2025 2914 2078; x_wconf 85' lang='grc' dir='ltr'>οὐκ</span> <span class='ocrx_word' id='word_1_363' title='bbox 2946 2022 3120 2095; x_wconf 86' lang='grc' dir='ltr'>ἀργὸν</span> <span class='ocrx_word' id='word_1_364' title='bbox 3152 2021 3216 2074; x_wconf 88' lang='grc' dir='ltr'><strong>τὸ</strong></span> <span class='ocrx_word' id='word_1_365' title='bbox 3255 2020 3341 2089; x_wconf 77' lang='grc' dir='ltr'><strong>ὑφ’</strong></span> <span class='ocrx_word' id='word_1_366' title='bbox 3371 2018 3512 2090; x_wconf 78' lang='grc' dir='ltr'>ἡμῶν</span> <span class='ocrx_word' id='word_1_367' title='bbox 3541 2035 3686 2088; x_wconf 87' lang='grc' dir='ltr'>νενοη-</span> 
     </span>
    </p>
   </div>
   <div class='ocr_carea' id='block_1_50' title="bbox 2183 2108 3686 2192">
    <p class='ocr_par' dir='ltr' id='par_1_50' title="bbox 2183 2108 3686 2192">
     <span class='ocr_line' id='line_1_50' title="bbox 2183 2108 3686 2192; baseline -0.007 -19"><span class='ocrx_word' id='word_1_368' title='bbox 2183 2120 2342 2192; x_wconf 80' lang='grc' dir='ltr'>μένον</span> <span class='ocrx_word' id='word_1_369' title='bbox 2363 2135 2377 2150; x_wconf 90' lang='grc'><strong>·</strong></span> <span class='ocrx_word' id='word_1_370' title='bbox 2411 2117 2594 2189; x_wconf 81' lang='grc' dir='ltr'>ἐπειδὴ</span> <span class='ocrx_word' id='word_1_371' title='bbox 2636 2115 2744 2189; x_wconf 77' lang='grc' dir='ltr'>γὰρ</span> <span class='ocrx_word' id='word_1_372' title='bbox 2776 2114 2996 2186; x_wconf 75' lang='grc' dir='ltr'>ἔμελλον</span> <span class='ocrx_word' id='word_1_373' title='bbox 3030 2115 3088 2167; x_wconf 77' lang='grc' dir='ltr'>οἱ</span> <span class='ocrx_word' id='word_1_374' title='bbox 3124 2112 3230 2165; x_wconf 73' lang='grc' dir='ltr'><strong>υἱοὶ</strong></span> <span class='ocrx_word' id='word_1_375' title='bbox 3271 2109 3472 2183; x_wconf 80' lang='grc' dir='ltr'>Ἰσραὴλ</span> <span class='ocrx_word' id='word_1_376' title='bbox 3494 2110 3572 2163; x_wconf 82' lang='grc' dir='ltr'><strong>τὸν</strong></span> <span class='ocrx_word' id='word_1_377' title='bbox 3589 2108 3686 2163; x_wconf 85' lang='grc' dir='ltr'>Υἱὸν</span> 
     </span>
    </p>
   </div>
   <div class='ocr_carea' id='block_1_51' title="bbox 2178 2198 3686 2275">
    <p class='ocr_par' dir='ltr' id='par_1_51' title="bbox 2178 2198 3686 2275">
     <span class='ocr_line' id='line_1_51' title="bbox 2178 2198 3686 2275; baseline -0.009 -12"><span class='ocrx_word' id='word_1_378' title='bbox 2178 2207 2272 2263; x_wconf 87' lang='grc' dir='ltr'><strong>τοῦ</strong></span> <span class='ocrx_word' id='word_1_379' title='bbox 2304 2206 2438 2262; x_wconf 89' lang='grc' dir='ltr'>Θεοῦ</span> <span class='ocrx_word' id='word_1_380' title='bbox 2477 2207 2674 2270; x_wconf 80' lang='grc' dir='ltr'>ἰδόντες</span> <span class='ocrx_word' id='word_1_381' title='bbox 2707 2207 2765 2259; x_wconf 91' lang='grc' dir='ltr'><strong>ἐν</strong></span> <span class='ocrx_word' id='word_1_382' title='bbox 2807 2205 3016 2275; x_wconf 88' lang='grc' dir='ltr'>κόσμῳ,</span> <span class='ocrx_word' id='word_1_383' title='bbox 3066 2202 3140 2274; x_wconf 78' lang='grc' dir='ltr'>μὴ</span> <span class='ocrx_word' id='word_1_384' title='bbox 3179 2199 3460 2263; x_wconf 79' lang='grc' dir='ltr'>πιστεύειν,</span> <span class='ocrx_word' id='word_1_385' title='bbox 3490 2198 3686 2270; x_wconf 82' lang='grc' dir='ltr'>προαπέ-</span> 
     </span>
    </p>
   </div>
   <div class='ocr_carea' id='block_1_52' title="bbox 2178 2289 3686 2371">
    <p class='ocr_par' dir='ltr' id='par_1_52' title="bbox 2178 2289 3686 2371">
     <span class='ocr_line' id='line_1_52' title="bbox 2178 2289 3686 2371; baseline -0.008 -18"><span class='ocrx_word' id='word_1_386' title='bbox 2178 2299 2347 2367; x_wconf 82' lang='grc' dir='ltr'>δειξεν</span> <span class='ocrx_word' id='word_1_387' title='bbox 2368 2301 2402 2371; x_wconf 84' lang='grc' dir='ltr'>ἡ</span> <span class='ocrx_word' id='word_1_388' title='bbox 2431 2298 2620 2370; x_wconf 78' lang='grc' dir='ltr'>Γραφὴ</span> <span class='ocrx_word' id='word_1_389' title='bbox 2646 2298 2729 2350; x_wconf 82' lang='grc' dir='ltr'><strong>ὅτι</strong></span> <span class='ocrx_word' id='word_1_390' title='bbox 2754 2295 3088 2367; x_wconf 83' lang='grc' dir='ltr'>μελλήσουσι</span> <span class='ocrx_word' id='word_1_391' title='bbox 3110 2292 3178 2347; x_wconf 77' lang='grc' dir='ltr'>τὰ</span> <span class='ocrx_word' id='word_1_392' title='bbox 3201 2292 3323 2364; x_wconf 77' lang='grc' dir='ltr'>ἔθνη</span> <span class='ocrx_word' id='word_1_393' title='bbox 3348 2291 3518 2344; x_wconf 85' lang='grc' dir='ltr'>τοῦτον</span> <span class='ocrx_word' id='word_1_394' title='bbox 3536 2289 3686 2361; x_wconf 83' lang='grc' dir='ltr'>ἕνσαρ-</span> 
     </span>
    </p>
   </div>
   <div class='ocr_carea' id='block_1_53' title="bbox 2180 2381 3684 2460">
    <p class='ocr_par' dir='ltr' id='par_1_53' title="bbox 2180 2381 3684 2460">
     <span class='ocr_line' id='line_1_53' title="bbox 2180 2381 3684 2460; baseline -0.009 -15"><span class='ocrx_word' id='word_1_395' title='bbox 2180 2408 2275 2445; x_wconf 88' lang='grc' dir='ltr'><strong>κον</strong></span> <span class='ocrx_word' id='word_1_396' title='bbox 2304 2389 2704 2460; x_wconf 84' lang='grc' dir='ltr'>ἐπιγινώσκειν,</span> <span class='ocrx_word' id='word_1_397' title='bbox 2737 2389 2796 2442; x_wconf 83' lang='grc' dir='ltr'>ὃν</span> <span class='ocrx_word' id='word_1_398' title='bbox 2835 2387 3002 2441; x_wconf 85' lang='grc' dir='ltr'>πάλαι</span> <span class='ocrx_word' id='word_1_399' title='bbox 3031 2387 3276 2456; x_wconf 76' lang='grc' dir='ltr'>ἄσαρκον</span> <span class='ocrx_word' id='word_1_400' title='bbox 3311 2382 3424 2436; x_wconf 90' lang='grc' dir='ltr'>ίδὼν</span> <span class='ocrx_word' id='word_1_401' title='bbox 3445 2381 3623 2450; x_wconf 82' lang='grc' dir='ltr'>ἐπέγνω</span> <span class='ocrx_word' id='word_1_402' title='bbox 3643 2382 3684 2432; x_wconf 85' lang='grc' dir='ltr'>ὲν</span> 
     </span>
    </p>
   </div>
   <div class='ocr_carea' id='block_1_54' title="bbox 2181 2471 3685 2554">
    <p class='ocr_par' dir='ltr' id='par_1_54' title="bbox 2181 2471 3685 2554">
     <span class='ocr_line' id='line_1_54' title="bbox 2181 2471 3685 2554; baseline -0.007 -18"><span class='ocrx_word' id='word_1_403' title='bbox 2181 2483 2392 2554; x_wconf 86' lang='grc' dir='ltr'>καμίνῳ</span> <span class='ocrx_word' id='word_1_404' title='bbox 2418 2483 2446 2534; x_wconf 89' lang='grc' dir='ltr'>ὁ</span> <span class='ocrx_word' id='word_1_405' title='bbox 2476 2479 2960 2554; x_wconf 78' lang='grc' dir='ltr'>Ναϐουχοδονόσορ,</span> <span class='ocrx_word' id='word_1_406' title='bbox 2993 2480 3094 2533; x_wconf 75' lang='grc' dir='ltr'>καὶ</span> <span class='ocrx_word' id='word_1_407' title='bbox 3127 2478 3254 2532; x_wconf 84' lang='grc' dir='ltr'>Υἱὸν</span> <span class='ocrx_word' id='word_1_408' title='bbox 3293 2474 3420 2530; x_wconf 91' lang='grc' dir='ltr'>Θεοῦ</span> <span class='ocrx_word' id='word_1_409' title='bbox 3451 2471 3571 2528; x_wconf 82' lang='grc' dir='ltr'>εἶναι</span> <span class='ocrx_word' id='word_1_410' title='bbox 3592 2472 3685 2526; x_wconf 82' lang='grc' dir='ltr'>τοῦ·</span> 
     </span>
    </p>
   </div>
   <div class='ocr_carea' id='block_1_55' title="bbox 2180 2573 2676 2646">
    <p class='ocr_par' dir='ltr' id='par_1_55' title="bbox 2180 2573 2676 2646">
     <span class='ocr_line' id='line_1_55' title="bbox 2180 2573 2676 2646; baseline 0 -19"><span class='ocrx_word' id='word_1_411' title='bbox 2180 2592 2272 2628; x_wconf 80' lang='grc' dir='ltr'><strong>τον</strong></span> <span class='ocrx_word' id='word_1_412' title='bbox 2305 2573 2676 2646; x_wconf 82' lang='grc' dir='ltr'>ὡμολόγησεν.</span> 
     </span>
    </p>
   </div>
   <div class='ocr_carea' id='block_1_56' title="bbox 2249 2649 3682 2738">
    <p class='ocr_par' dir='ltr' id='par_1_56' title="bbox 2249 2649 3682 2738">
     <span class='ocr_line' id='line_1_56' title="bbox 2249 2649 3682 2738; baseline -0.009 -15"><span class='ocrx_word' id='word_1_413' title='bbox 2249 2671 2354 2738; x_wconf 48' lang='grc' dir='ltr'>ἥγ’.</span> <span class='ocrx_word' id='word_1_414' title='bbox 2404 2666 2515 2722; x_wconf 76' lang='grc' dir='ltr'><strong>Καὶ</strong></span> <span class='ocrx_word' id='word_1_415' title='bbox 2567 2661 2755 2730; x_wconf 74' lang='grc' dir='ltr'>εἶπεν,</span> <span class='ocrx_word' id='word_1_416' title='bbox 2810 2663 3059 2734; x_wconf 79' lang='grc' dir='ltr'>Σεδρὰχ,</span> <span class='ocrx_word' id='word_1_417' title='bbox 3123 2649 3368 2732; x_wconf 47' lang='grc' dir='ltr'>Μισὰχξ</span> <span class='ocrx_word' id='word_1_418' title='bbox 3405 2657 3682 2728; x_wconf 73' lang='grc' dir='ltr'>Ἀϐδεναγώ.</span> 
     </span>
    </p>
   </div>
   <div class='ocr_carea' id='block_1_57' title="bbox 2191 2752 3683 2830">
    <p class='ocr_par' dir='ltr' id='par_1_57' title="bbox 2191 2752 3683 2830">
     <span class='ocr_line' id='line_1_57' title="bbox 2191 2752 3683 2830; baseline -0.008 -14"><span class='ocrx_word' id='word_1_419' title='bbox 2191 2757 2522 2816; x_wconf 87' lang='grc' dir='ltr'>Ἱππολύτου.</span> <span class='ocrx_word' id='word_1_420' title='bbox 2541 2761 2651 2815; x_wconf 76' lang='grc' dir='ltr'><strong>Καὶ</strong></span> <span class='ocrx_word' id='word_1_421' title='bbox 2671 2759 2778 2812; x_wconf 85' lang='grc' dir='ltr'><strong>τῶν</strong></span> <span class='ocrx_word' id='word_1_422' title='bbox 2805 2759 2902 2830; x_wconf 84' lang='grc' dir='ltr'><strong>μὲν</strong></span> <span class='ocrx_word' id='word_1_423' title='bbox 2921 2756 3095 2829; x_wconf 85' lang='grc' dir='ltr'>τριῶν</span> <span class='ocrx_word' id='word_1_424' title='bbox 3116 2757 3186 2810; x_wconf 77' lang='grc' dir='ltr'>τὰ</span> <span class='ocrx_word' id='word_1_425' title='bbox 3201 2756 3429 2827; x_wconf 78' lang='grc' dir='ltr'>ὀνόματα</span> <span class='ocrx_word' id='word_1_426' title='bbox 3447 2752 3659 2807; x_wconf 74' lang='grc' dir='ltr'>ἐκάλεσεν</span> <span class='ocrx_word' id='word_1_427' title='bbox 3671 2767 3683 2780; x_wconf 84' lang='lat'><strong><em>°</em></strong></span> 
     </span>
    </p>
   </div>
   <div class='ocr_carea' id='block_1_58' title="bbox 2178 2835 3684 2922">
    <p class='ocr_par' dir='ltr' id='par_1_58' title="bbox 2178 2835 3684 2922">
     <span class='ocr_line' id='line_1_58' title="bbox 2178 2835 3684 2922; baseline -0.008 -18"><span class='ocrx_word' id='word_1_428' title='bbox 2178 2849 2275 2904; x_wconf 78' lang='grc' dir='ltr'><strong>τοῦ</strong></span> <span class='ocrx_word' id='word_1_429' title='bbox 2309 2850 2366 2904; x_wconf 82' lang='grc' dir='ltr'><strong>δέ</strong></span> <span class='ocrx_word' id='word_1_430' title='bbox 2391 2851 2646 2922; x_wconf 83' lang='grc' dir='ltr'><strong>τετάρτου</strong></span> <span class='ocrx_word' id='word_1_431' title='bbox 2669 2849 2766 2919; x_wconf 87' lang='grc' dir='ltr'><strong>ούχ</strong></span> <span class='ocrx_word' id='word_1_432' title='bbox 2802 2841 2959 2920; x_wconf 75' lang='grc' dir='ltr'>εὗρεν</span> <span class='ocrx_word' id='word_1_433' title='bbox 2984 2846 3228 2913; x_wconf 76' lang='grc' dir='ltr'>ἐξειπεῖν</span> <span class='ocrx_word' id='word_1_434' title='bbox 3251 2861 3265 2876; x_wconf 78' lang='grc'><strong>⁸</strong></span> <span class='ocrx_word' id='word_1_435' title='bbox 3296 2845 3494 2898; x_wconf 76' lang='grc' dir='ltr'>οὐδέπω</span> <span class='ocrx_word' id='word_1_436' title='bbox 3529 2843 3617 2914; x_wconf 79' lang='grc' dir='ltr'>γὰρ</span> <span class='ocrx_word' id='word_1_437' title='bbox 3633 2835 3684 2912; x_wconf 73' lang='grc' dir='ltr'>ἦν</span> 
     </span>
    </p>
   </div>
   <div class='ocr_carea' id='block_1_59' title="bbox 2181 2937 3387 3016">
    <p class='ocr_par' dir='ltr' id='par_1_59' title="bbox 2181 2937 3387 3016">
     <span class='ocr_line' id='line_1_59' title="bbox 2181 2937 3387 3016; baseline -0.004 -20"><span class='ocrx_word' id='word_1_438' title='bbox 2181 2943 2246 2996; x_wconf 86' lang='grc' dir='ltr'><strong>ἐκ</strong></span> <span class='ocrx_word' id='word_1_439' title='bbox 2271 2942 2371 3014; x_wconf 78' lang='grc' dir='ltr'>τῆς</span> <span class='ocrx_word' id='word_1_440' title='bbox 2390 2943 2658 3016; x_wconf 79' lang='grc' dir='ltr'>Παρθένου</span> <span class='ocrx_word' id='word_1_441' title='bbox 2693 2939 3055 3012; x_wconf 84' lang='grc' dir='ltr'>γεγενημένος</span> <span class='ocrx_word' id='word_1_442' title='bbox 3096 2941 3126 2993; x_wconf 87' lang='grc' dir='ltr'>ὁ</span> <span class='ocrx_word' id='word_1_443' title='bbox 3167 2937 3387 3010; x_wconf 86' lang='grc' dir='ltr'>Ἰησοῦς.</span> 
     </span>
    </p>
   </div>
   <div class='ocr_carea' id='block_1_60' title="bbox 596 3026 2081 3128">
    <p class='ocr_par' dir='ltr' id='par_1_60' title="bbox 596 3026 2075 3128">
     <span class='ocr_line' id='line_1_60' title="bbox 596 3026 2075 3128; baseline 0.002 -23"><span class='ocrx_word' id='word_1_444' title='bbox 596 3052 660 3107; x_wconf 80' lang='grc' dir='ltr'><strong>ν.</strong></span> <span class='ocrx_word' id='word_1_445' title='bbox 695 3054 870 3109; x_wconf 90' lang='lat'><strong>97.—</strong></span> <span class='ocrx_word' id='word_1_446' title='bbox 894 3054 1036 3108; x_wconf 86' lang='lat' dir='ltr'><strong>Tunc</strong></span> <span class='ocrx_word' id='word_1_447' title='bbox 1077 3026 1478 3124; x_wconf 49' lang='lat' dir='ltr'><strong>rem-promovit.</strong></span> <span class='ocrx_word' id='word_1_448' title='bbox 1515 3054 1803 3128; x_wconf 84' lang='lat' dir='ltr'><strong>Hippolyti.</strong></span> <span class='ocrx_word' id='word_1_449' title='bbox 1840 3054 1908 3110; x_wconf 93' lang='lat' dir='ltr'><strong>Ut</strong></span> <span class='ocrx_word' id='word_1_450' title='bbox 1933 3055 2075 3110; x_wconf 90' lang='lat' dir='ltr'><strong>enim</strong></span> 
     </span>
    </p>
   </div>
   <div class='ocr_carea' id='block_1_61' title="bbox 2185 3026 3683 3128">
    <p class='ocr_par' dir='ltr' id='par_1_61' title="bbox 2250 3026 3683 3103">
     <span class='ocr_line' id='line_1_61' title="bbox 2250 3026 3683 3103; baseline -0.008 -14"><span class='ocrx_word' id='word_1_451' title='bbox 2250 3035 2353 3103; x_wconf 64' lang='grc' dir='ltr'>ιις.</span> <span class='ocrx_word' id='word_1_452' title='bbox 2399 3035 2535 3089; x_wconf 78' lang='grc' dir='ltr'>Τότε</span> <span class='ocrx_word' id='word_1_453' title='bbox 2559 3036 2592 3088; x_wconf 85' lang='grc' dir='ltr'><strong>ό</strong></span> <span class='ocrx_word' id='word_1_454' title='bbox 2630 3033 2928 3100; x_wconf 83' lang='grc' dir='ltr'>,ϐασιλεὺς</span> <span class='ocrx_word' id='word_1_455' title='bbox 2974 3033 3372 3101; x_wconf 80' lang='grc' dir='ltr'>κατηύθυνεν.</span> <span class='ocrx_word' id='word_1_456' title='bbox 3404 3026 3683 3084; x_wconf 83' lang='grc' dir='ltr'>Ἱππολύτου.</span> 
     </span>
    </p>
   </div>
   <div class='ocr_carea' id='block_1_62' title="bbox 527 3141 2076 3214">
    <p class='ocr_par' dir='ltr' id='par_1_62' title="bbox 527 3141 2076 3214">
     <span class='ocr_line' id='line_1_62' title="bbox 527 3141 2076 3214; baseline 0.002 -18"><span class='ocrx_word' id='word_1_457' title='bbox 527 3141 695 3197; x_wconf 89' lang='lat' dir='ltr'><strong>Deum</strong></span> <span class='ocrx_word' id='word_1_458' title='bbox 725 3144 900 3213; x_wconf 91' lang='lat' dir='ltr'><strong>ipsum</strong></span> <span class='ocrx_word' id='word_1_459' title='bbox 933 3144 1368 3214; x_wconf 83' lang='lat' dir='ltr'><strong>gloriﬁcaverunt</strong></span> <span class='ocrx_word' id='word_1_460' title='bbox 1391 3145 1520 3200; x_wconf 92' lang='lat' dir='ltr'><strong>dum</strong></span> <span class='ocrx_word' id='word_1_461' title='bbox 1563 3160 1683 3200; x_wconf 87' lang='lat' dir='ltr'><strong>sese</strong></span> <span class='ocrx_word' id='word_1_462' title='bbox 1709 3147 1867 3200; x_wconf 90' lang='lat' dir='ltr'><strong>morti</strong></span> <span class='ocrx_word' id='word_1_463' title='bbox 1897 3145 2076 3199; x_wconf 87' lang='lat' dir='ltr'><strong>trade-</strong></span> 
     </span>
    </p>
   </div>
   <div class='ocr_carea' id='block_1_63' title="bbox 524 3234 2076 3306">
    <p class='ocr_par' dir='ltr' id='par_1_63' title="bbox 524 3234 2076 3306">
     <span class='ocr_line' id='line_1_63' title="bbox 524 3234 2076 3306; baseline 0.001 -18"><span class='ocrx_word' id='word_1_464' title='bbox 524 3244 664 3298; x_wconf 88' lang='lat' dir='ltr'><strong>rent,</strong></span> <span class='ocrx_word' id='word_1_465' title='bbox 704 3235 783 3290; x_wconf 92' lang='lat' dir='ltr'><strong>sie</strong></span> <span class='ocrx_word' id='word_1_466' title='bbox 818 3234 1060 3290; x_wconf 91' lang='lat' dir='ltr'><strong>vicissim</strong></span> <span class='ocrx_word' id='word_1_467' title='bbox 1110 3235 1329 3306; x_wconf 91' lang='lat' dir='ltr'><strong>ipsimet</strong></span> <span class='ocrx_word' id='word_1_468' title='bbox 1374 3251 1480 3290; x_wconf 91' lang='lat' dir='ltr'><strong>non</strong></span> <span class='ocrx_word' id='word_1_469' title='bbox 1520 3243 1730 3290; x_wconf 90' lang='lat' dir='ltr'><strong>tantum</strong></span> <span class='ocrx_word' id='word_1_470' title='bbox 1773 3253 1803 3291; x_wconf 92' lang='lat' dir='ltr'><strong>a</strong></span> <span class='ocrx_word' id='word_1_471' title='bbox 1832 3235 1962 3301; x_wconf 90' lang='lat' dir='ltr'><strong>Deo,</strong></span> <span class='ocrx_word' id='word_1_472' title='bbox 1981 3235 2076 3290; x_wconf 91' lang='lat' dir='ltr'><strong>sed</strong></span> 
     </span>
    </p>
   </div>
   <div class='ocr_carea' id='block_1_64' title="bbox 523 3324 2078 3396">
    <p class='ocr_par' dir='ltr' id='par_1_64' title="bbox 523 3324 2078 3396">
     <span class='ocr_line' id='line_1_64' title="bbox 523 3324 2078 3396; baseline 0.001 -15"><span class='ocrx_word' id='word_1_473' title='bbox 523 3327 687 3391; x_wconf 85' lang='lat' dir='ltr'><strong>etiam</strong></span> <span class='ocrx_word' id='word_1_474' title='bbox 718 3341 748 3381; x_wconf 89' lang='lat' dir='ltr'><strong>a</strong></span> <span class='ocrx_word' id='word_1_475' title='bbox 775 3340 899 3396; x_wconf 88' lang='lat' dir='ltr'><strong>rege</strong></span> <span class='ocrx_word' id='word_1_476' title='bbox 931 3324 1212 3396; x_wconf 84' lang='lat' dir='ltr'><strong>glorificati</strong></span> <span class='ocrx_word' id='word_1_477' title='bbox 1241 3331 1468 3392; x_wconf 68' lang='lat' dir='ltr'><strong>sunt,et</strong></span> <span class='ocrx_word' id='word_1_478' title='bbox 1495 3326 1683 3380; x_wconf 68' lang='lat' dir='ltr'><strong>alienae</strong></span> <span class='ocrx_word' id='word_1_479' title='bbox 1729 3326 2078 3396; x_wconf 71' lang='lat' dir='ltr'><strong>barbamque</strong></span> 
     </span>
    </p>
   </div>
   <div class='ocr_carea' id='block_1_65' title="bbox 525 3417 1466 3491">
    <p class='ocr_par' dir='ltr' id='par_1_65' title="bbox 525 3417 1466 3491">
     <span class='ocr_line' id='line_1_65' title="bbox 525 3417 1466 3491; baseline -0.003 -17"><span class='ocrx_word' id='word_1_480' title='bbox 525 3427 711 3491; x_wconf 82' lang='lat' dir='ltr'><strong>gentes</strong></span> <span class='ocrx_word' id='word_1_481' title='bbox 743 3419 910 3475; x_wconf 90' lang='lat' dir='ltr'><strong>Deum</strong></span> <span class='ocrx_word' id='word_1_482' title='bbox 942 3419 1119 3474; x_wconf 89' lang='lat' dir='ltr'><strong>colere</strong></span> <span class='ocrx_word' id='word_1_483' title='bbox 1141 3417 1466 3473; x_wconf 90' lang='lat' dir='ltr'><strong>didicerunt.</strong></span> 
     </span>
    </p>
   </div>
   <div class='ocr_carea' id='block_1_66' title="bbox 1147 3589 1451 3646">
    <p class='ocr_par' dir='ltr' id='par_1_66' title="bbox 1147 3589 1451 3646">
     <span class='ocr_line' id='line_1_66' title="bbox 1147 3589 1451 3646; baseline 0 0"><span class='ocrx_word' id='word_1_484' title='bbox 1147 3589 1299 3646; x_wconf 69' lang='lat' dir='ltr'><strong>CAP.</strong></span> <span class='ocrx_word' id='word_1_485' title='bbox 1342 3589 1451 3646; x_wconf 80' lang='lat' dir='ltr'><strong>Vll.</strong></span> 
     </span>
    </p>
   </div>
   <div class='ocr_carea' id='block_1_67' title="bbox 596 3680 2077 3756">
    <p class='ocr_par' dir='ltr' id='par_1_67' title="bbox 596 3680 2077 3756">
     <span class='ocr_line' id='line_1_67' title="bbox 596 3680 2077 3756; baseline 0.001 -18"><span class='ocrx_word' id='word_1_486' title='bbox 596 3680 662 3738; x_wconf 73' lang='grc' dir='ltr'><strong>ν.</strong></span> <span class='ocrx_word' id='word_1_487' title='bbox 698 3683 826 3736; x_wconf 83' lang='grc'><strong>1.-</strong></span> <span class='ocrx_word' id='word_1_488' title='bbox 867 3681 930 3736; x_wconf 81' lang='lat' dir='ltr'><strong>Et</strong></span> <span class='ocrx_word' id='word_1_489' title='bbox 976 3682 1234 3736; x_wconf 81' lang='lat' dir='ltr'><strong>somnium</strong></span> <span class='ocrx_word' id='word_1_490' title='bbox 1276 3683 1525 3736; x_wconf 83' lang='lat' dir='ltr'><strong>scribens.</strong></span> <span class='ocrx_word' id='word_1_491' title='bbox 1570 3681 1865 3756; x_wconf 81' lang='lat' dir='ltr'><strong>Hippolyti.</strong></span> <span class='ocrx_word' id='word_1_492' title='bbox 1915 3684 2077 3752; x_wconf 66' lang='lat' dir='ltr'><strong>Qum-</strong></span> 
     </span>
    </p>
   </div>
   <div class='ocr_carea' id='block_1_68' title="bbox 528 3773 2081 3848">
    <p class='ocr_par' dir='ltr' id='par_1_68' title="bbox 528 3773 2081 3848">
     <span class='ocr_line' id='line_1_68' title="bbox 528 3773 2081 3848; baseline 0 -16"><span class='ocrx_word' id='word_1_493' title='bbox 528 3791 740 3848; x_wconf 89' lang='lat' dir='ltr'><strong>cunque</strong></span> <span class='ocrx_word' id='word_1_494' title='bbox 793 3790 922 3844; x_wconf 81' lang='lat' dir='ltr'><strong>ergo</strong></span> <span class='ocrx_word' id='word_1_495' title='bbox 966 3775 1150 3828; x_wconf 90' lang='lat' dir='ltr'><strong>omnia</strong></span> <span class='ocrx_word' id='word_1_496' title='bbox 1195 3789 1289 3845; x_wconf 88' lang='lat' dir='ltr'><strong>per</strong></span> <span class='ocrx_word' id='word_1_497' title='bbox 1319 3773 1574 3844; x_wconf 88' lang='lat' dir='ltr'><strong>Spiritum</strong></span> <span class='ocrx_word' id='word_1_498' title='bbox 1623 3777 1678 3830; x_wconf 91' lang='lat' dir='ltr'><strong>in</strong></span> <span class='ocrx_word' id='word_1_499' title='bbox 1721 3777 1946 3832; x_wconf 91' lang='lat' dir='ltr'><strong>somniis</strong></span> <span class='ocrx_word' id='word_1_500' title='bbox 1993 3792 2081 3833; x_wconf 87' lang='lat' dir='ltr'><strong>re-</strong></span> 
     </span>
    </p>
   </div>
   <div class='ocr_carea' id='block_1_69' title="bbox 529 3866 2080 3936">
    <p class='ocr_par' dir='ltr' id='par_1_69' title="bbox 529 3866 2080 3936">
     <span class='ocr_line' id='line_1_69' title="bbox 529 3866 2080 3936; baseline 0.002 -14"><span class='ocrx_word' id='word_1_501' title='bbox 529 3869 702 3922; x_wconf 89' lang='lat' dir='ltr'><strong>velata</strong></span> <span class='ocrx_word' id='word_1_502' title='bbox 735 3875 862 3922; x_wconf 92' lang='lat' dir='ltr'><strong>sunt</strong></span> <span class='ocrx_word' id='word_1_503' title='bbox 891 3866 1048 3921; x_wconf 89' lang='lat' dir='ltr'><strong>beato</strong></span> <span class='ocrx_word' id='word_1_504' title='bbox 1092 3867 1385 3936; x_wconf 73' lang='lat' dir='ltr'><strong>prophetas,</strong></span> <span class='ocrx_word' id='word_1_505' title='bbox 1433 3867 1548 3922; x_wconf 68' lang='lat' dir='ltr'><strong>haae</strong></span> <span class='ocrx_word' id='word_1_506' title='bbox 1585 3876 1638 3922; x_wconf 92' lang='lat' dir='ltr'><strong>et</strong></span> <span class='ocrx_word' id='word_1_507' title='bbox 1679 3868 1800 3924; x_wconf 89' lang='lat' dir='ltr'><strong>aliis</strong></span> <span class='ocrx_word' id='word_1_508' title='bbox 1828 3870 2080 3925; x_wconf 83' lang='lat' dir='ltr'><strong>munifice</strong></span> 
     </span>
    </p>
   </div>
   <div class='ocr_carea' id='block_1_70' title="bbox 525 3961 2081 4034">
    <p class='ocr_par' dir='ltr' id='par_1_70' title="bbox 525 3961 2081 4034">
     <span class='ocr_line' id='line_1_70' title="bbox 525 3961 2081 4034; baseline 0.003 -20"><span class='ocrx_word' id='word_1_509' title='bbox 525 3961 858 4030; x_wconf 82' lang='lat' dir='ltr'><strong>explicabat,</strong></span> <span class='ocrx_word' id='word_1_510' title='bbox 900 3968 962 4015; x_wconf 85' lang='lat' dir='ltr'><strong>ut</strong></span> <span class='ocrx_word' id='word_1_511' title='bbox 999 3974 1107 4015; x_wconf 88' lang='lat' dir='ltr'><strong>non</strong></span> <span class='ocrx_word' id='word_1_512' title='bbox 1146 3968 1353 4015; x_wconf 89' lang='lat' dir='ltr'><strong>tantum</strong></span> <span class='ocrx_word' id='word_1_513' title='bbox 1395 3961 1510 4030; x_wconf 92' lang='lat' dir='ltr'><strong>ipse</strong></span> <span class='ocrx_word' id='word_1_514' title='bbox 1553 3962 1770 4018; x_wconf 86' lang='lat' dir='ltr'><strong>sibimet</strong></span> <span class='ocrx_word' id='word_1_515' title='bbox 1810 3965 2081 4034; x_wconf 90' lang='lat' dir='ltr'><strong>propheti-</strong></span> 
     </span>
    </p>
   </div>
   <div class='ocr_carea' id='block_1_71' title="bbox 534 4051 2079 4118">
    <p class='ocr_par' dir='ltr' id='par_1_71' title="bbox 534 4051 2079 4118">
     <span class='ocr_line' id='line_1_71' title="bbox 534 4051 2079 4118; baseline 0.003 -12"><span class='ocrx_word' id='word_1_516' title='bbox 534 4067 656 4108; x_wconf 82' lang='lat' dir='ltr'><strong>zare</strong></span> <span class='ocrx_word' id='word_1_517' title='bbox 697 4051 878 4107; x_wconf 84' lang='lat' dir='ltr'><strong>futura</strong></span> <span class='ocrx_word' id='word_1_518' title='bbox 909 4052 1200 4118; x_wconf 88' lang='lat' dir='ltr'><strong>videretur,</strong></span> <span class='ocrx_word' id='word_1_519' title='bbox 1232 4054 1325 4108; x_wconf 84' lang='lat' dir='ltr'><strong>sed</strong></span> <span class='ocrx_word' id='word_1_520' title='bbox 1362 4060 1415 4107; x_wconf 90' lang='lat' dir='ltr'><strong>et</strong></span> <span class='ocrx_word' id='word_1_521' title='bbox 1449 4053 1569 4108; x_wconf 88' lang='lat' dir='ltr'><strong>aliis</strong></span> <span class='ocrx_word' id='word_1_522' title='bbox 1596 4054 1900 4110; x_wconf 88' lang='lat' dir='ltr'><strong>volentibus</strong></span> <span class='ocrx_word' id='word_1_523' title='bbox 1928 4071 2079 4112; x_wconf 89' lang='lat' dir='ltr'><strong>scru-</strong></span> 
     </span>
    </p>
   </div>
   <div class='ocr_carea' id='block_1_72' title="bbox 529 4143 1870 4219">
    <p class='ocr_par' dir='ltr' id='par_1_72' title="bbox 529 4143 1870 4219">
     <span class='ocr_line' id='line_1_72' title="bbox 529 4143 1870 4219; baseline 0.004 -22"><span class='ocrx_word' id='word_1_524' title='bbox 529 4144 632 4198; x_wconf 90' lang='lat' dir='ltr'><strong>tari</strong></span> <span class='ocrx_word' id='word_1_525' title='bbox 657 4144 868 4200; x_wconf 87' lang='lat' dir='ltr'><strong>divinas</strong></span> <span class='ocrx_word' id='word_1_526' title='bbox 889 4143 1196 4214; x_wconf 88' lang='lat' dir='ltr'><strong>Seripluras</strong></span> <span class='ocrx_word' id='word_1_527' title='bbox 1225 4145 1480 4219; x_wconf 83' lang='lat' dir='ltr'><strong>propheta</strong></span> <span class='ocrx_word' id='word_1_528' title='bbox 1511 4145 1870 4202; x_wconf 71' lang='lat' dir='ltr'><strong>exhiberetur.</strong></span> 
     </span>
    </p>
   </div>
   <div class='ocr_carea' id='block_1_73' title="bbox 596 4232 2080 4307">
    <p class='ocr_par' dir='ltr' id='par_1_73' title="bbox 596 4232 2080 4307">
     <span class='ocr_line' id='line_1_73' title="bbox 596 4232 2080 4307; baseline 0.003 -17"><span class='ocrx_word' id='word_1_529' title='bbox 596 4232 662 4290; x_wconf 84' lang='lat' dir='ltr'><strong>V.</strong></span> <span class='ocrx_word' id='word_1_530' title='bbox 680 4234 879 4290; x_wconf 77' lang='grc' dir='ltr'><strong>2.-Εε</strong></span> <span class='ocrx_word' id='word_1_531' title='bbox 897 4252 1010 4289; x_wconf 85' lang='lat' dir='ltr'><strong>ecce</strong></span> <span class='ocrx_word' id='word_1_532' title='bbox 1024 4247 1248 4306; x_wconf 87' lang='lat' dir='ltr'><strong>quatuor</strong></span> <span class='ocrx_word' id='word_1_533' title='bbox 1262 4238 1413 4291; x_wconf 85' lang='lat' dir='ltr'><strong>venti.</strong></span> <span class='ocrx_word' id='word_1_534' title='bbox 1435 4235 1722 4307; x_wconf 91' lang='lat' dir='ltr'><strong>llippolyti.</strong></span> <span class='ocrx_word' id='word_1_535' title='bbox 1741 4237 2080 4295; x_wconf 86' lang='lat' dir='ltr'><strong>Creationem</strong></span> 
     </span>
    </p>
   </div>
   <div class='ocr_carea' id='block_1_74' title="bbox 529 4329 2078 4398">
    <p class='ocr_par' dir='ltr' id='par_1_74' title="bbox 529 4329 2078 4398">
     <span class='ocr_line' id='line_1_74' title="bbox 529 4329 2078 4398; baseline 0.003 -16"><span class='ocrx_word' id='word_1_536' title='bbox 529 4329 632 4383; x_wconf 91' lang='lat' dir='ltr'><strong>sub</strong></span> <span class='ocrx_word' id='word_1_537' title='bbox 665 4337 896 4398; x_wconf 86' lang='lat' dir='ltr'><strong>quatuor</strong></span> <span class='ocrx_word' id='word_1_538' title='bbox 919 4330 1040 4384; x_wconf 66' lang='grc' dir='ltr'>εαξιί</span> <span class='ocrx_word' id='word_1_539' title='bbox 1063 4329 1370 4384; x_wconf 90' lang='lat' dir='ltr'><strong>climatibus</strong></span> <span class='ocrx_word' id='word_1_540' title='bbox 1393 4330 1833 4398; x_wconf 87' lang='lat' dir='ltr'><strong>comprehensam</strong></span> <span class='ocrx_word' id='word_1_541' title='bbox 1859 4331 2078 4388; x_wconf 88' lang='lat' dir='ltr'><strong>indicat.</strong></span> 
     </span>
    </p>
   </div>
   <div class='ocr_carea' id='block_1_75' title="bbox 2181 3117 3688 3198">
    <p class='ocr_par' dir='ltr' id='par_1_75' title="bbox 2181 3117 3688 3198">
     <span class='ocr_line' id='line_1_75' title="bbox 2181 3117 3688 3198; baseline -0.006 -19"><span class='ocrx_word' id='word_1_542' title='bbox 2181 3127 2388 3198; x_wconf 84' lang='grc' dir='ltr'>Ὥσπερ</span> <span class='ocrx_word' id='word_1_543' title='bbox 2416 3125 2522 3198; x_wconf 84' lang='grc' dir='ltr'>γὰρ</span> <span class='ocrx_word' id='word_1_544' title='bbox 2545 3125 2704 3178; x_wconf 82' lang='grc' dir='ltr'>αὐτὸν</span> <span class='ocrx_word' id='word_1_545' title='bbox 2724 3123 2814 3178; x_wconf 90' lang='grc' dir='ltr'><strong>τὸν</strong></span> <span class='ocrx_word' id='word_1_546' title='bbox 2847 3124 2976 3178; x_wconf 90' lang='grc' dir='ltr'>Θεὸν</span> <span class='ocrx_word' id='word_1_547' title='bbox 3007 3124 3286 3193; x_wconf 84' lang='grc' dir='ltr'>ἐδόξασαν,</span> <span class='ocrx_word' id='word_1_548' title='bbox 3305 3123 3512 3184; x_wconf 81' lang='grc' dir='ltr'>ἑαυτοὺς</span> <span class='ocrx_word' id='word_1_549' title='bbox 3533 3119 3598 3189; x_wconf 81' lang='grc' dir='ltr'>τῷ</span> <span class='ocrx_word' id='word_1_550' title='bbox 3616 3117 3688 3170; x_wconf 69' lang='grc' dir='ltr'>θαι</span> 
     </span>
    </p>
   </div>
   <div class='ocr_carea' id='block_1_76' title="bbox 2181 3211 3686 3291">
    <p class='ocr_par' dir='ltr' id='par_1_76' title="bbox 2181 3211 3686 3291">
     <span class='ocr_line' id='line_1_76' title="bbox 2181 3211 3686 3291; baseline -0.009 -17"><span class='ocrx_word' id='word_1_551' title='bbox 2181 3219 2324 3291; x_wconf 84' lang='grc' dir='ltr'>νάτῳ</span> <span class='ocrx_word' id='word_1_552' title='bbox 2357 3218 2704 3290; x_wconf 85' lang='grc' dir='ltr'>παραδόντες,</span> <span class='ocrx_word' id='word_1_553' title='bbox 2742 3216 2884 3271; x_wconf 85' lang='grc' dir='ltr'>οῦτω</span> <span class='ocrx_word' id='word_1_554' title='bbox 2927 3216 3092 3272; x_wconf 81' lang='grc' dir='ltr'>πάλιν</span> <span class='ocrx_word' id='word_1_555' title='bbox 3142 3218 3238 3272; x_wconf 73' lang='grc' dir='ltr'>καὶ</span> <span class='ocrx_word' id='word_1_556' title='bbox 3285 3215 3431 3270; x_wconf 73' lang='grc' dir='ltr'>αὐτοὶ</span> <span class='ocrx_word' id='word_1_557' title='bbox 3468 3214 3522 3267; x_wconf 81' lang='grc' dir='ltr'>οὐ</span> <span class='ocrx_word' id='word_1_558' title='bbox 3564 3211 3686 3283; x_wconf 85' lang='grc' dir='ltr'>μόνον</span> 
     </span>
    </p>
   </div>
   <div class='ocr_carea' id='block_1_77' title="bbox 2181 3305 3682 3382">
    <p class='ocr_par' dir='ltr' id='par_1_77' title="bbox 2181 3305 3682 3382">
     <span class='ocr_line' id='line_1_77' title="bbox 2181 3305 3682 3382; baseline -0.009 -15"><span class='ocrx_word' id='word_1_559' title='bbox 2181 3312 2285 3367; x_wconf 84' lang='grc' dir='ltr'><strong>ὑπὸ</strong></span> <span class='ocrx_word' id='word_1_560' title='bbox 2314 3310 2469 3377; x_wconf 89' lang='grc' dir='ltr'>Θεοῦ,</span> <span class='ocrx_word' id='word_1_561' title='bbox 2495 3310 2631 3365; x_wconf 80' lang='grc' dir='ltr'>ἀλλὰ</span> <span class='ocrx_word' id='word_1_562' title='bbox 2659 3310 2753 3365; x_wconf 76' lang='grc' dir='ltr'><strong>καὶ</strong></span> <span class='ocrx_word' id='word_1_563' title='bbox 2782 3309 2886 3365; x_wconf 83' lang='grc' dir='ltr'><strong>ὑπὸ</strong></span> <span class='ocrx_word' id='word_1_564' title='bbox 2915 3310 3008 3364; x_wconf 88' lang='grc' dir='ltr'><strong>τοῦ</strong></span> <span class='ocrx_word' id='word_1_565' title='bbox 3052 3310 3319 3382; x_wconf 89' lang='grc' dir='ltr'>βασιλέως</span> <span class='ocrx_word' id='word_1_566' title='bbox 3346 3305 3682 3374; x_wconf 79' lang='grc' dir='ltr'>ἐδοξάσθησαν·</span> 
     </span>
    </p>
   </div>
   <div class='ocr_carea' id='block_1_78' title="bbox 2178 3396 3688 3476">
    <p class='ocr_par' dir='ltr' id='par_1_78' title="bbox 2178 3396 3688 3476">
     <span class='ocr_line' id='line_1_78' title="bbox 2178 3396 3688 3476; baseline -0.007 -18"><span class='ocrx_word' id='word_1_567' title='bbox 2178 3405 2274 3458; x_wconf 75' lang='grc' dir='ltr'><strong>καὶ</strong></span> <span class='ocrx_word' id='word_1_568' title='bbox 2297 3403 2365 3457; x_wconf 75' lang='grc' dir='ltr'>τὰ</span> <span class='ocrx_word' id='word_1_569' title='bbox 2389 3402 2658 3474; x_wconf 81' lang='grc' dir='ltr'>ἀλλόφυλα</span> <span class='ocrx_word' id='word_1_570' title='bbox 2690 3403 2784 3458; x_wconf 76' lang='grc' dir='ltr'><strong>καὶ</strong></span> <span class='ocrx_word' id='word_1_571' title='bbox 2825 3402 3076 3476; x_wconf 78' lang='grc' dir='ltr'>βάρϐαρα</span> <span class='ocrx_word' id='word_1_572' title='bbox 3123 3403 3253 3475; x_wconf 79' lang='grc' dir='ltr'>ἔθνη</span> <span class='ocrx_word' id='word_1_573' title='bbox 3280 3402 3370 3456; x_wconf 88' lang='grc' dir='ltr'><strong>τὸν</strong></span> <span class='ocrx_word' id='word_1_574' title='bbox 3393 3401 3514 3454; x_wconf 88' lang='grc' dir='ltr'>Θεὸν</span> <span class='ocrx_word' id='word_1_575' title='bbox 3548 3396 3688 3450; x_wconf 76' lang='grc' dir='ltr'>σέϐειν</span> 
     </span>
    </p>
   </div>
   <div class='ocr_carea' id='block_1_79' title="bbox 2179 3494 2440 3562">
    <p class='ocr_par' dir='ltr' id='par_1_79' title="bbox 2179 3494 2440 3562">
     <span class='ocr_line' id='line_1_79' title="bbox 2179 3494 2440 3562; baseline -0.008 -10"><span class='ocrx_word' id='word_1_576' title='bbox 2179 3494 2440 3562; x_wconf 79' lang='grc' dir='ltr'>ἐδίδαξαν.</span> 
     </span>
    </p>
   </div>
   <div class='ocr_carea' id='block_1_80' title="bbox 2840 3589 3115 3644">
    <p class='ocr_par' dir='ltr' id='par_1_80' title="bbox 2840 3589 3115 3644">
     <span class='ocr_line' id='line_1_80' title="bbox 2840 3589 3115 3644; baseline 0.007 -2"><span class='ocrx_word' id='word_1_577' title='bbox 2840 3589 2996 3642; x_wconf 82' lang='grc' dir='ltr'><strong>ΚΕΦ.</strong></span> <span class='ocrx_word' id='word_1_578' title='bbox 3038 3589 3115 3644; x_wconf 91' lang='lat' dir='ltr'><strong>Z&#39;.</strong></span> 
     </span>
    </p>
   </div>
   <div class='ocr_carea' id='block_1_81' title="bbox 2249 3672 3690 3748">
    <p class='ocr_par' dir='ltr' id='par_1_81' title="bbox 2249 3672 3690 3748">
     <span class='ocr_line' id='line_1_81' title="bbox 2249 3672 3690 3748; baseline -0.006 -16"><span class='ocrx_word' id='word_1_579' title='bbox 2249 3678 2305 3738; x_wconf 84' lang='lat' dir='ltr'><strong>a&#39;.</strong></span> <span class='ocrx_word' id='word_1_580' title='bbox 2317 3679 2424 3734; x_wconf 78' lang='grc' dir='ltr'><strong>Καὶ</strong></span> <span class='ocrx_word' id='word_1_581' title='bbox 2437 3678 2502 3733; x_wconf 81' lang='grc' dir='ltr'><strong>τὸ</strong></span> <span class='ocrx_word' id='word_1_582' title='bbox 2525 3679 2808 3734; x_wconf 78' lang='grc' dir='ltr'>ἐνύπνιον</span> <span class='ocrx_word' id='word_1_583' title='bbox 2833 3679 3114 3748; x_wconf 78' lang='grc' dir='ltr'>ἔγραψεν.</span> <span class='ocrx_word' id='word_1_584' title='bbox 3134 3679 3461 3734; x_wconf 83' lang='grc' dir='ltr'>Ἱππολύτου.</span> <span class='ocrx_word' id='word_1_585' title='bbox 3481 3677 3600 3729; x_wconf 84' lang='grc' dir='ltr'><strong>Ὅσα</strong></span> <span class='ocrx_word' id='word_1_586' title='bbox 3615 3672 3690 3743; x_wconf 82' lang='grc' dir='ltr'>μὲν</span> 
     </span>
    </p>
   </div>
   <div class='ocr_carea' id='block_1_82' title="bbox 2180 3763 3691 3844">
    <p class='ocr_par' dir='ltr' id='par_1_82' title="bbox 2180 3763 3691 3844">
     <span class='ocr_line' id='line_1_82' title="bbox 2180 3763 3691 3844; baseline -0.007 -18"><span class='ocrx_word' id='word_1_587' title='bbox 2180 3769 2272 3826; x_wconf 82' lang='grc' dir='ltr'><strong>οῦν</strong></span> <span class='ocrx_word' id='word_1_588' title='bbox 2313 3771 2418 3826; x_wconf 84' lang='grc' dir='ltr'><strong>ὑπὸ</strong></span> <span class='ocrx_word' id='word_1_589' title='bbox 2447 3770 2541 3825; x_wconf 83' lang='grc' dir='ltr'><strong>τοῦ</strong></span> <span class='ocrx_word' id='word_1_590' title='bbox 2587 3771 2900 3842; x_wconf 85' lang='grc' dir='ltr'>Πνεύματος</span> <span class='ocrx_word' id='word_1_591' title='bbox 2939 3771 3006 3824; x_wconf 77' lang='grc' dir='ltr'>δι’</span> <span class='ocrx_word' id='word_1_592' title='bbox 3057 3772 3354 3844; x_wconf 80' lang='grc' dir='ltr'>ὁραμάτων</span> <span class='ocrx_word' id='word_1_593' title='bbox 3387 3763 3691 3833; x_wconf 70' lang='grc' dir='ltr'>ἀπεκαλύφθη</span> 
     </span>
    </p>
   </div>
   <div class='ocr_carea' id='block_1_83' title="bbox 2179 3860 3692 3939">
    <p class='ocr_par' dir='ltr' id='par_1_83' title="bbox 2179 3860 3692 3939">
     <span class='ocr_line' id='line_1_83' title="bbox 2179 3860 3692 3939; baseline -0.001 -21"><span class='ocrx_word' id='word_1_594' title='bbox 2179 3866 2257 3939; x_wconf 81' lang='grc' dir='ltr'>τῷ</span> <span class='ocrx_word' id='word_1_595' title='bbox 2299 3864 2549 3937; x_wconf 85' lang='grc' dir='ltr'>μακαρίῳ</span> <span class='ocrx_word' id='word_1_596' title='bbox 2593 3865 2866 3938; x_wconf 78' lang='grc' dir='ltr'>προφήτῃ,</span> <span class='ocrx_word' id='word_1_597' title='bbox 2909 3862 3080 3918; x_wconf 87' lang='grc' dir='ltr'>ταῦτα</span> <span class='ocrx_word' id='word_1_598' title='bbox 3118 3866 3224 3920; x_wconf 75' lang='grc' dir='ltr'><strong>καὶ</strong></span> <span class='ocrx_word' id='word_1_599' title='bbox 3271 3865 3467 3934; x_wconf 79' lang='grc' dir='ltr'>ἑτέροις</span> <span class='ocrx_word' id='word_1_600' title='bbox 3491 3860 3692 3930; x_wconf 74' lang='grc' dir='ltr'>ἀφθόνως</span> 
     </span>
    </p>
   </div>
   <div class='ocr_carea' id='block_1_84' title="bbox 2179 3951 3691 4032">
    <p class='ocr_par' dir='ltr' id='par_1_84' title="bbox 2179 3951 3691 4032">
     <span class='ocr_line' id='line_1_84' title="bbox 2179 3951 3691 4032; baseline -0.009 -19"><span class='ocrx_word' id='word_1_601' title='bbox 2179 3961 2491 4032; x_wconf 82' lang='grc' dir='ltr'>διηγήσατο,</span> <span class='ocrx_word' id='word_1_602' title='bbox 2528 3959 2615 4012; x_wconf 83' lang='grc' dir='ltr'><strong>ἵνα</strong></span> <span class='ocrx_word' id='word_1_603' title='bbox 2655 3959 2727 4030; x_wconf 82' lang='grc' dir='ltr'>μὴ</span> <span class='ocrx_word' id='word_1_604' title='bbox 2759 3958 2914 4028; x_wconf 88' lang='grc' dir='ltr'>μόνον</span> <span class='ocrx_word' id='word_1_605' title='bbox 2956 3958 3117 4022; x_wconf 78' lang='grc' dir='ltr'>αὐτὸς</span> <span class='ocrx_word' id='word_1_606' title='bbox 3170 3957 3344 4029; x_wconf 81' lang='grc' dir='ltr'>ἐαυτῷ</span> <span class='ocrx_word' id='word_1_607' title='bbox 3385 3951 3691 4028; x_wconf 79' lang='grc' dir='ltr'>προφητεύων</span> 
     </span>
    </p>
   </div>
   <div class='ocr_carea' id='block_1_85' title="bbox 2179 4044 3688 4123">
    <p class='ocr_par' dir='ltr' id='par_1_85' title="bbox 2179 4044 3688 4123">
     <span class='ocr_line' id='line_1_85' title="bbox 2179 4044 3688 4123; baseline -0.001 -19"><span class='ocrx_word' id='word_1_608' title='bbox 2179 4050 2245 4104; x_wconf 76' lang='grc' dir='ltr'>τὰ</span> <span class='ocrx_word' id='word_1_609' title='bbox 2275 4050 2532 4122; x_wconf 84' lang='grc' dir='ltr'>μέλλοντα</span> <span class='ocrx_word' id='word_1_610' title='bbox 2555 4052 2716 4120; x_wconf 83' lang='grc' dir='ltr'>φανῇ,</span> <span class='ocrx_word' id='word_1_611' title='bbox 2746 4049 2879 4103; x_wconf 78' lang='grc' dir='ltr'>ἀλλὰ</span> <span class='ocrx_word' id='word_1_612' title='bbox 2907 4051 3000 4103; x_wconf 81' lang='grc' dir='ltr'><strong>καὶ</strong></span> <span class='ocrx_word' id='word_1_613' title='bbox 3030 4050 3240 4123; x_wconf 87' lang='grc' dir='ltr'>ἐτέροις</span> <span class='ocrx_word' id='word_1_614' title='bbox 3262 4055 3370 4113; x_wconf 87' lang='grc' dir='ltr'>τοῖς</span> <span class='ocrx_word' id='word_1_615' title='bbox 3396 4044 3688 4119; x_wconf 78' lang='grc' dir='ltr'>βουλομένοις</span> 
     </span>
    </p>
   </div>
   <div class='ocr_carea' id='block_1_86' title="bbox 2179 4137 3606 4217">
    <p class='ocr_par' dir='ltr' id='par_1_86' title="bbox 2179 4137 3606 4217">
     <span class='ocr_line' id='line_1_86' title="bbox 2179 4137 3606 4217; baseline -0.006 -21"><span class='ocrx_word' id='word_1_616' title='bbox 2179 4145 2402 4217; x_wconf 83' lang='grc' dir='ltr'>ἐρευνᾷν</span> <span class='ocrx_word' id='word_1_617' title='bbox 2432 4141 2530 4206; x_wconf 82' lang='grc' dir='ltr'>τὰς</span> <span class='ocrx_word' id='word_1_618' title='bbox 2563 4141 2710 4205; x_wconf 87' lang='grc' dir='ltr'>θείας</span> <span class='ocrx_word' id='word_1_619' title='bbox 2733 4141 2972 4214; x_wconf 71' lang='grc' dir='ltr'>Γραφὰς,</span> <span class='ocrx_word' id='word_1_620' title='bbox 3005 4144 3291 4214; x_wconf 77' lang='grc' dir='ltr'>προφήτης</span> <span class='ocrx_word' id='word_1_621' title='bbox 3319 4137 3606 4209; x_wconf 84' lang='grc' dir='ltr'>ἀποδειχθῇ.</span> 
     </span>
    </p>
   </div>
   <div class='ocr_carea' id='block_1_87' title="bbox 2251 4227 3686 4305">
    <p class='ocr_par' dir='ltr' id='par_1_87' title="bbox 2251 4227 3686 4305">
     <span class='ocr_line' id='line_1_87' title="bbox 2251 4227 3686 4305; baseline -0.01 -16"><span class='ocrx_word' id='word_1_622' title='bbox 2251 4233 2317 4305; x_wconf 84' lang='grc' dir='ltr'>β’.</span> <span class='ocrx_word' id='word_1_623' title='bbox 2361 4233 2471 4288; x_wconf 81' lang='grc' dir='ltr'><strong>Καὶ</strong></span> <span class='ocrx_word' id='word_1_624' title='bbox 2514 4232 2640 4286; x_wconf 85' lang='grc' dir='ltr'><strong>ὶδοὺ</strong></span> <span class='ocrx_word' id='word_1_625' title='bbox 2681 4235 2736 4286; x_wconf 82' lang='grc' dir='ltr'><strong>οὶ</strong></span> <span class='ocrx_word' id='word_1_626' title='bbox 2780 4231 3069 4301; x_wconf 83' lang='grc' dir='ltr'>τέσσαρες</span> <span class='ocrx_word' id='word_1_627' title='bbox 3109 4233 3336 4303; x_wconf 78' lang='grc' dir='ltr'>ἄνεμοι.</span> <span class='ocrx_word' id='word_1_628' title='bbox 3400 4227 3686 4283; x_wconf 83' lang='grc' dir='ltr'>Ἱππολύτου.</span> 
     </span>
    </p>
   </div>
   <div class='ocr_carea' id='block_1_88' title="bbox 2183 4323 3212 4397">
    <p class='ocr_par' dir='ltr' id='par_1_88' title="bbox 2183 4323 3212 4397">
     <span class='ocr_line' id='line_1_88' title="bbox 2183 4323 3212 4397; baseline 0 -19"><span class='ocrx_word' id='word_1_629' title='bbox 2183 4325 2292 4397; x_wconf 84' lang='grc' dir='ltr'><strong>Τὴν</strong></span> <span class='ocrx_word' id='word_1_630' title='bbox 2311 4324 2710 4397; x_wconf 87' lang='grc' dir='ltr'>τετραπέρατον</span> <span class='ocrx_word' id='word_1_631' title='bbox 2736 4323 2910 4377; x_wconf 83' lang='grc' dir='ltr'>κτίσιν</span> <span class='ocrx_word' id='word_1_632' title='bbox 2938 4324 3212 4396; x_wconf 84' lang='grc' dir='ltr'>σημαίνει.</span> 
     </span>
    </p>
   </div>
   <div class='ocr_carea' id='block_1_89' title="bbox 598 4395 2081 4497">
    <p class='ocr_par' dir='ltr' id='par_1_89' title="bbox 598 4395 2074 4497">
     <span class='ocr_line' id='line_1_89' title="bbox 598 4395 2074 4497; baseline 0.004 -23"><span class='ocrx_word' id='word_1_633' title='bbox 598 4395 764 4475; x_wconf 55' lang='grc' dir='ltr'><strong>γξδ.</strong></span> <span class='ocrx_word' id='word_1_634' title='bbox 795 4449 868 4460; x_wconf 90' lang='grc'><strong><em>--</em></strong></span> <span class='ocrx_word' id='word_1_635' title='bbox 906 4419 974 4474; x_wconf 84' lang='grc' dir='ltr'>Ει</span> <span class='ocrx_word' id='word_1_636' title='bbox 1017 4431 1244 4492; x_wconf 87' lang='lat' dir='ltr'><strong>quatuor</strong></span> <span class='ocrx_word' id='word_1_637' title='bbox 1291 4422 1465 4475; x_wconf 74' lang='lat' dir='ltr'><strong>bestia</strong></span> <span class='ocrx_word' id='word_1_638' title='bbox 1508 4395 1750 4491; x_wconf 51' lang='lat' dir='ltr'><strong>grandes.</strong></span> <span class='ocrx_word' id='word_1_639' title='bbox 1785 4423 2074 4497; x_wconf 87' lang='lat' dir='ltr'><strong>Hippolyti.</strong></span> 
     </span>
    </p>
   </div>
   <div class='ocr_carea' id='block_1_90' title="bbox 2185 4395 3691 4497">
    <p class='ocr_par' dir='ltr' id='par_1_90' title="bbox 2250 4395 3691 4486">
     <span class='ocr_line' id='line_1_90' title="bbox 2250 4395 3691 4486; baseline -0.009 -15"><span class='ocrx_word' id='word_1_640' title='bbox 2250 4395 2318 4486; x_wconf 85' lang='grc' dir='ltr'>γ’.</span> <span class='ocrx_word' id='word_1_641' title='bbox 2334 4395 2443 4472; x_wconf 74' lang='lat' dir='ltr'><strong>Kal</strong></span> <span class='ocrx_word' id='word_1_642' title='bbox 2463 4395 2726 4485; x_wconf 74' lang='grc' dir='ltr'>τέσσαρα</span> <span class='ocrx_word' id='word_1_643' title='bbox 2752 4417 2921 4486; x_wconf 79' lang='grc' dir='ltr'>θηρία</span> <span class='ocrx_word' id='word_1_644' title='bbox 2936 4415 3187 4486; x_wconf 77' lang='grc' dir='ltr'>μεγάλα.</span> <span class='ocrx_word' id='word_1_645' title='bbox 3223 4415 3541 4471; x_wconf 88' lang='grc' dir='ltr'>Ἱππολύτου.</span> <span class='ocrx_word' id='word_1_646' title='bbox 3570 4406 3691 4463; x_wconf 72' lang='grc' dir='ltr'>Ἐπεὶ</span> 
     </span>
    </p>
   </div>
   <div class='ocr_carea' id='block_1_91' title="bbox 529 4511 2078 4581">
    <p class='ocr_par' dir='ltr' id='par_1_91' title="bbox 529 4511 2078 4581">
     <span class='ocr_line' id='line_1_91' title="bbox 529 4511 2078 4581; baseline 0.008 -17"><span class='ocrx_word' id='word_1_647' title='bbox 529 4511 796 4579; x_wconf 89' lang='lat' dir='ltr'><strong>Quoniam</strong></span> <span class='ocrx_word' id='word_1_648' title='bbox 832 4526 960 4581; x_wconf 89' lang='lat' dir='ltr'><strong>ergo</strong></span> <span class='ocrx_word' id='word_1_649' title='bbox 984 4514 1146 4568; x_wconf 69' lang='lat' dir='ltr'><strong>variae</strong></span> <span class='ocrx_word' id='word_1_650' title='bbox 1174 4514 1358 4568; x_wconf 66' lang='lat' dir='ltr'><strong>bestiae</strong></span> <span class='ocrx_word' id='word_1_651' title='bbox 1411 4523 1721 4571; x_wconf 83' lang='lat' dir='ltr'><strong>monstratae</strong></span> <span class='ocrx_word' id='word_1_652' title='bbox 1758 4530 1885 4573; x_wconf 91' lang='lat' dir='ltr'><strong>sunt</strong></span> <span class='ocrx_word' id='word_1_653' title='bbox 1921 4519 2078 4576; x_wconf 88' lang='lat' dir='ltr'><strong>beato</strong></span> 
     </span>
    </p>
   </div>
   <div class='ocr_carea' id='block_1_92' title="bbox 531 4601 2078 4675">
    <p class='ocr_par' dir='ltr' id='par_1_92' title="bbox 531 4601 2078 4675">
     <span class='ocr_line' id='line_1_92' title="bbox 531 4601 2078 4675; baseline 0.006 -20"><span class='ocrx_word' id='word_1_654' title='bbox 531 4601 742 4665; x_wconf 85' lang='lat' dir='ltr'><strong>Daniel,</strong></span> <span class='ocrx_word' id='word_1_655' title='bbox 775 4610 831 4656; x_wconf 90' lang='lat' dir='ltr'><strong>et</strong></span> <span class='ocrx_word' id='word_1_656' title='bbox 854 4601 935 4656; x_wconf 68' lang='lat' dir='ltr'><strong>hae</strong></span> <span class='ocrx_word' id='word_1_657' title='bbox 967 4603 1108 4658; x_wconf 85' lang='lat' dir='ltr'><strong>inter</strong></span> <span class='ocrx_word' id='word_1_658' title='bbox 1138 4619 1196 4658; x_wconf 90' lang='lat' dir='ltr'><strong>se</strong></span> <span class='ocrx_word' id='word_1_659' title='bbox 1227 4603 1472 4671; x_wconf 75' lang='lat' dir='ltr'><strong>diversze,</strong></span> <span class='ocrx_word' id='word_1_660' title='bbox 1501 4614 1712 4675; x_wconf 88' lang='lat' dir='ltr'><strong>oportet</strong></span> <span class='ocrx_word' id='word_1_661' title='bbox 1745 4623 1846 4664; x_wconf 93' lang='lat' dir='ltr'><strong>nos</strong></span> <span class='ocrx_word' id='word_1_662' title='bbox 1881 4609 2078 4665; x_wconf 82' lang='lat' dir='ltr'><strong>intelli-</strong></span> 
     </span>
    </p>
   </div>
   <div class='ocr_carea' id='block_1_93' title="bbox 530 4695 2080 4770">
    <p class='ocr_par' dir='ltr' id='par_1_93' title="bbox 530 4695 2080 4770">
     <span class='ocr_line' id='line_1_93' title="bbox 530 4695 2080 4770; baseline 0.008 -22"><span class='ocrx_word' id='word_1_663' title='bbox 530 4709 656 4767; x_wconf 84' lang='lat' dir='ltr'><strong>gere</strong></span> <span class='ocrx_word' id='word_1_664' title='bbox 695 4711 804 4750; x_wconf 91' lang='lat' dir='ltr'><strong>non</strong></span> <span class='ocrx_word' id='word_1_665' title='bbox 843 4695 989 4751; x_wconf 88' lang='lat' dir='ltr'><strong>circa</strong></span> <span class='ocrx_word' id='word_1_666' title='bbox 1017 4696 1219 4752; x_wconf 89' lang='lat' dir='ltr'><strong>bestias</strong></span> <span class='ocrx_word' id='word_1_667' title='bbox 1256 4699 1517 4767; x_wconf 88' lang='lat' dir='ltr'><strong>quasdam</strong></span> <span class='ocrx_word' id='word_1_668' title='bbox 1553 4701 1729 4770; x_wconf 88' lang='lat' dir='ltr'><strong>reipsa</strong></span> <span class='ocrx_word' id='word_1_669' title='bbox 1751 4704 1956 4758; x_wconf 88' lang='lat' dir='ltr'><strong>versari</strong></span> <span class='ocrx_word' id='word_1_670' title='bbox 1986 4720 2080 4760; x_wconf 89' lang='lat' dir='ltr'><strong>ve-</strong></span> 
     </span>
    </p>
   </div>
   <div class='ocr_carea' id='block_1_94' title="bbox 530 4785 2082 4864">
    <p class='ocr_par' dir='ltr' id='par_1_94' title="bbox 530 4785 2082 4864">
     <span class='ocr_line' id='line_1_94' title="bbox 530 4785 2082 4864; baseline 0.007 -24"><span class='ocrx_word' id='word_1_671' title='bbox 530 4787 746 4842; x_wconf 83' lang='lat' dir='ltr'><strong>ritatem</strong></span> <span class='ocrx_word' id='word_1_672' title='bbox 780 4785 1066 4855; x_wconf 86' lang='lat' dir='ltr'><strong>sermonis,</strong></span> <span class='ocrx_word' id='word_1_673' title='bbox 1098 4787 1193 4843; x_wconf 90' lang='lat' dir='ltr'><strong>sed</strong></span> <span class='ocrx_word' id='word_1_674' title='bbox 1227 4788 1329 4844; x_wconf 84' lang='lat' dir='ltr'><strong>sub</strong></span> <span class='ocrx_word' id='word_1_675' title='bbox 1363 4798 1486 4860; x_wconf 86' lang='lat' dir='ltr'><strong>typo</strong></span> <span class='ocrx_word' id='word_1_676' title='bbox 1533 4801 1587 4845; x_wconf 90' lang='lat' dir='ltr'><strong>et</strong></span> <span class='ocrx_word' id='word_1_677' title='bbox 1622 4793 1852 4864; x_wconf 84' lang='lat' dir='ltr'><strong>imagine</strong></span> <span class='ocrx_word' id='word_1_678' title='bbox 1900 4794 2082 4851; x_wconf 89' lang='lat' dir='ltr'><strong>diver-</strong></span> 
     </span>
    </p>
   </div>
   <div class='ocr_carea' id='block_1_95' title="bbox 532 4879 2080 4957">
    <p class='ocr_par' dir='ltr' id='par_1_95' title="bbox 532 4879 2080 4957">
     <span class='ocr_line' id='line_1_95' title="bbox 532 4879 2080 4957; baseline 0.007 -24"><span class='ocrx_word' id='word_1_679' title='bbox 532 4893 714 4933; x_wconf 88' lang='lat' dir='ltr'><strong>sarum</strong></span> <span class='ocrx_word' id='word_1_680' title='bbox 767 4879 1058 4934; x_wconf 86' lang='lat' dir='ltr'><strong>bestiarum</strong></span> <span class='ocrx_word' id='word_1_681' title='bbox 1107 4879 1320 4935; x_wconf 90' lang='lat' dir='ltr'><strong>diversa</strong></span> <span class='ocrx_word' id='word_1_682' title='bbox 1367 4881 1702 4939; x_wconf 88' lang='lat' dir='ltr'><strong>manifestari</strong></span> <span class='ocrx_word' id='word_1_683' title='bbox 1756 4902 1920 4957; x_wconf 82' lang='lat' dir='ltr'><strong>regna</strong></span> <span class='ocrx_word' id='word_1_684' title='bbox 1959 4904 2080 4957; x_wconf 74' lang='lat' dir='ltr'><strong>quae</strong></span> 
     </span>
    </p>
   </div>
   <div class='ocr_carea' id='block_1_96' title="bbox 531 4964 2084 5042">
    <p class='ocr_par' dir='ltr' id='par_1_96' title="bbox 531 4964 2084 5042">
     <span class='ocr_line' id='line_1_96' title="bbox 531 4964 2084 5042; baseline 0.004 -23"><span class='ocrx_word' id='word_1_685' title='bbox 531 4964 766 5020; x_wconf 89' lang='lat' dir='ltr'><strong>humano</strong></span> <span class='ocrx_word' id='word_1_686' title='bbox 796 4967 978 5038; x_wconf 88' lang='lat' dir='ltr'><strong>generi</strong></span> <span class='ocrx_word' id='word_1_687' title='bbox 1005 4965 1275 5022; x_wconf 89' lang='lat' dir='ltr'><strong>dominata</strong></span> <span class='ocrx_word' id='word_1_688' title='bbox 1308 4977 1452 5022; x_wconf 86' lang='lat' dir='ltr'><strong>sunt.</strong></span> <span class='ocrx_word' id='word_1_689' title='bbox 1485 4967 1627 5023; x_wconf 82' lang='lat' dir='ltr'><strong>Mare</strong></span> <span class='ocrx_word' id='word_1_690' title='bbox 1658 4969 1802 5024; x_wconf 91' lang='lat' dir='ltr'><strong>enim</strong></span> <span class='ocrx_word' id='word_1_691' title='bbox 1829 4986 2084 5042; x_wconf 90' lang='lat' dir='ltr'><strong>magnum</strong></span> 
     </span>
    </p>
   </div>
   <div class='ocr_carea' id='block_1_97' title="bbox 531 5057 1268 5114">
    <p class='ocr_par' dir='ltr' id='par_1_97' title="bbox 531 5057 1268 5114">
     <span class='ocr_line' id='line_1_97' title="bbox 531 5057 1268 5114; baseline 0.001 -3"><span class='ocrx_word' id='word_1_692' title='bbox 531 5057 846 5112; x_wconf 87' lang='lat' dir='ltr'><strong>universum</strong></span> <span class='ocrx_word' id='word_1_693' title='bbox 872 5058 1057 5114; x_wconf 88' lang='lat' dir='ltr'><strong>orbem</strong></span> <span class='ocrx_word' id='word_1_694' title='bbox 1093 5067 1268 5114; x_wconf 90' lang='lat' dir='ltr'><strong>vocat.</strong></span> 
     </span>
    </p>
   </div>
   <div class='ocr_carea' id='block_1_98' title="bbox 600 5149 2082 5221">
    <p class='ocr_par' dir='ltr' id='par_1_98' title="bbox 600 5149 2082 5221">
     <span class='ocr_line' id='line_1_98' title="bbox 600 5149 2082 5221; baseline 0.001 -19"><span class='ocrx_word' id='word_1_695' title='bbox 600 5149 665 5204; x_wconf 79' lang='grc' dir='ltr'><strong>ν.</strong></span> <span class='ocrx_word' id='word_1_696' title='bbox 706 5149 759 5202; x_wconf 78' lang='grc'>4.</span> <span class='ocrx_word' id='word_1_697' title='bbox 787 5180 860 5190; x_wconf 92' lang='grc'><strong><em>--</em></strong></span> <span class='ocrx_word' id='word_1_698' title='bbox 893 5149 1065 5204; x_wconf 86' lang='lat' dir='ltr'><strong>Donec</strong></span> <span class='ocrx_word' id='word_1_699' title='bbox 1103 5149 1290 5205; x_wconf 77' lang='lat' dir='ltr'><strong>evulsa:</strong></span> <span class='ocrx_word' id='word_1_700' title='bbox 1323 5159 1442 5204; x_wconf 82' lang='lat' dir='ltr'><strong>sunt</strong></span> <span class='ocrx_word' id='word_1_701' title='bbox 1481 5150 1582 5203; x_wconf 68' lang='lat' dir='ltr'><strong>alte</strong></span> <span class='ocrx_word' id='word_1_702' title='bbox 1623 5151 1754 5219; x_wconf 86' lang='lat' dir='ltr'><strong>ejus.</strong></span> <span class='ocrx_word' id='word_1_703' title='bbox 1795 5149 2082 5221; x_wconf 81' lang='lat' dir='ltr'><strong>llippolyti.</strong></span> 
     </span>
    </p>
   </div>
   <div class='ocr_carea' id='block_1_99' title="bbox 532 5239 2084 5309">
    <p class='ocr_par' dir='ltr' id='par_1_99' title="bbox 532 5239 2084 5309">
     <span class='ocr_line' id='line_1_99' title="bbox 532 5239 2084 5309; baseline -0.001 -14"><span class='ocrx_word' id='word_1_704' title='bbox 532 5240 646 5296; x_wconf 84' lang='lat' dir='ltr'><strong>Hoc</strong></span> <span class='ocrx_word' id='word_1_705' title='bbox 666 5241 808 5296; x_wconf 91' lang='lat' dir='ltr'><strong>enim</strong></span> <span class='ocrx_word' id='word_1_706' title='bbox 825 5241 1037 5296; x_wconf 90' lang='lat' dir='ltr'><strong>realiter</strong></span> <span class='ocrx_word' id='word_1_707' title='bbox 1053 5241 1544 5296; x_wconf 89' lang='lat' dir='ltr'><strong>Nabuchodonosor</strong></span> <span class='ocrx_word' id='word_1_708' title='bbox 1559 5239 1756 5303; x_wconf 89' lang='lat' dir='ltr'><strong>evenit,</strong></span> <span class='ocrx_word' id='word_1_709' title='bbox 1773 5239 1922 5308; x_wconf 83' lang='lat' dir='ltr'><strong>juxta</strong></span> <span class='ocrx_word' id='word_1_710' title='bbox 1943 5240 2084 5309; x_wconf 89' lang='lat' dir='ltr'><strong>quod</strong></span> 
     </span>
    </p>
   </div>
   <div class='ocr_carea' id='block_1_100' title="bbox 533 5329 2086 5402">
    <p class='ocr_par' dir='ltr' id='par_1_100' title="bbox 533 5329 2086 5402">
     <span class='ocr_line' id='line_1_100' title="bbox 533 5329 2086 5402; baseline 0 -16"><span class='ocrx_word' id='word_1_711' title='bbox 533 5331 588 5386; x_wconf 91' lang='lat' dir='ltr'><strong>in</strong></span> <span class='ocrx_word' id='word_1_712' title='bbox 612 5329 936 5402; x_wconf 69' lang='lat' dir='ltr'><strong>praecedenti</strong></span> <span class='ocrx_word' id='word_1_713' title='bbox 961 5333 1096 5389; x_wconf 89' lang='lat' dir='ltr'><strong>libro</strong></span> <span class='ocrx_word' id='word_1_714' title='bbox 1122 5333 1426 5387; x_wconf 88' lang='lat' dir='ltr'><strong>nuntiatum</strong></span> <span class='ocrx_word' id='word_1_715' title='bbox 1455 5340 1565 5395; x_wconf 90' lang='lat' dir='ltr'><strong>est;</strong></span> <span class='ocrx_word' id='word_1_716' title='bbox 1593 5340 1648 5386; x_wconf 89' lang='lat' dir='ltr'><strong>et</strong></span> <span class='ocrx_word' id='word_1_717' title='bbox 1675 5331 1776 5386; x_wconf 90' lang='lat' dir='ltr'><strong>hoc</strong></span> <span class='ocrx_word' id='word_1_718' title='bbox 1803 5330 1980 5385; x_wconf 91' lang='lat' dir='ltr'><strong>statim</strong></span> <span class='ocrx_word' id='word_1_719' title='bbox 2010 5332 2086 5386; x_wconf 90' lang='lat' dir='ltr'><strong>sic</strong></span> 
     </span>
    </p>
   </div>
   <div class='ocr_carea' id='block_1_101' title="bbox 534 5425 2084 5498">
    <p class='ocr_par' dir='ltr' id='par_1_101' title="bbox 534 5425 2084 5498">
     <span class='ocr_line' id='line_1_101' title="bbox 534 5425 2084 5498; baseline 0 -20"><span class='ocrx_word' id='word_1_720' title='bbox 534 5425 590 5480; x_wconf 92' lang='lat' dir='ltr'><strong>in</strong></span> <span class='ocrx_word' id='word_1_721' title='bbox 627 5427 916 5498; x_wconf 87' lang='lat' dir='ltr'><strong>semetipso</strong></span> <span class='ocrx_word' id='word_1_722' title='bbox 943 5427 1229 5498; x_wconf 90' lang='lat' dir='ltr'><strong>contigisse</strong></span> <span class='ocrx_word' id='word_1_723' title='bbox 1269 5433 1516 5488; x_wconf 89' lang='lat' dir='ltr'><strong>testatur,</strong></span> <span class='ocrx_word' id='word_1_724' title='bbox 1547 5425 1747 5479; x_wconf 90' lang='lat' dir='ltr'><strong>scilicet</strong></span> <span class='ocrx_word' id='word_1_725' title='bbox 1775 5439 1936 5496; x_wconf 89' lang='lat' dir='ltr'><strong>regno</strong></span> <span class='ocrx_word' id='word_1_726' title='bbox 1964 5425 2084 5494; x_wconf 90' lang='lat' dir='ltr'><strong>pul-</strong></span> 
     </span>
    </p>
   </div>
   <div class='ocr_carea' id='block_1_102' title="bbox 535 5515 2082 5591">
    <p class='ocr_par' dir='ltr' id='par_1_102' title="bbox 535 5515 2082 5591">
     <span class='ocr_line' id='line_1_102' title="bbox 535 5515 2082 5591; baseline 0.001 -21"><span class='ocrx_word' id='word_1_727' title='bbox 535 5532 655 5571; x_wconf 88' lang='lat' dir='ltr'><strong>sum</strong></span> <span class='ocrx_word' id='word_1_728' title='bbox 693 5517 861 5574; x_wconf 89' lang='lat' dir='ltr'><strong>fuisse</strong></span> <span class='ocrx_word' id='word_1_729' title='bbox 904 5527 961 5574; x_wconf 89' lang='lat' dir='ltr'><strong>et</strong></span> <span class='ocrx_word' id='word_1_730' title='bbox 1007 5517 1225 5591; x_wconf 86' lang='lat' dir='ltr'><strong>gloriam</strong></span> <span class='ocrx_word' id='word_1_731' title='bbox 1265 5533 1417 5576; x_wconf 88' lang='lat' dir='ltr'><strong>suam</strong></span> <span class='ocrx_word' id='word_1_732' title='bbox 1455 5515 1557 5571; x_wconf 90' lang='lat' dir='ltr'><strong>sibi</strong></span> <span class='ocrx_word' id='word_1_733' title='bbox 1595 5517 1856 5578; x_wconf 87' lang='lat' dir='ltr'><strong>sublatam</strong></span> <span class='ocrx_word' id='word_1_734' title='bbox 1884 5517 2082 5584; x_wconf 88' lang='lat' dir='ltr'><strong>fuisse,</strong></span> 
     </span>
    </p>
   </div>
   <div class='ocr_carea' id='block_1_103' title="bbox 535 5608 2079 5681">
    <p class='ocr_par' dir='ltr' id='par_1_103' title="bbox 535 5608 2079 5681">
     <span class='ocr_line' id='line_1_103' title="bbox 535 5608 2079 5681; baseline 0.003 -22"><span class='ocrx_word' id='word_1_735' title='bbox 535 5620 640 5660; x_wconf 85' lang='lat' dir='ltr'><strong>nec</strong></span> <span class='ocrx_word' id='word_1_736' title='bbox 667 5622 776 5661; x_wconf 90' lang='lat' dir='ltr'><strong>non</strong></span> <span class='ocrx_word' id='word_1_737' title='bbox 803 5617 859 5664; x_wconf 87' lang='lat' dir='ltr'><strong>et</strong></span> <span class='ocrx_word' id='word_1_738' title='bbox 881 5610 1136 5679; x_wconf 69' lang='lat' dir='ltr'><strong>potentiae</strong></span> <span class='ocrx_word' id='word_1_739' title='bbox 1164 5609 1433 5681; x_wconf 88' lang='lat' dir='ltr'><strong>fastigium</strong></span> <span class='ocrx_word' id='word_1_740' title='bbox 1452 5649 1468 5673; x_wconf 90' lang='lat'><strong>,</strong></span> <span class='ocrx_word' id='word_1_741' title='bbox 1493 5609 1635 5679; x_wconf 91' lang='lat' dir='ltr'><strong>quod</strong></span> <span class='ocrx_word' id='word_1_742' title='bbox 1663 5617 1818 5663; x_wconf 90' lang='lat' dir='ltr'><strong>antea</strong></span> <span class='ocrx_word' id='word_1_743' title='bbox 1845 5608 2079 5663; x_wconf 88' lang='lat' dir='ltr'><strong>tenebat.</strong></span> 
     </span>
    </p>
   </div>
   <div class='ocr_carea' id='block_1_104' title="bbox 539 5695 2083 5771">
    <p class='ocr_par' dir='ltr' id='par_1_104' title="bbox 539 5695 2083 5771">
     <span class='ocr_line' id='line_1_104' title="bbox 539 5695 2083 5771; baseline 0.003 -21"><span class='ocrx_word' id='word_1_744' title='bbox 539 5695 606 5750; x_wconf 88' lang='lat' dir='ltr'><strong>Et</strong></span> <span class='ocrx_word' id='word_1_745' title='bbox 638 5698 797 5770; x_wconf 79' lang='lat' dir='ltr'><strong>paulo</strong></span> <span class='ocrx_word' id='word_1_746' title='bbox 825 5709 936 5767; x_wconf 82' lang='lat' dir='ltr'><strong>post</strong></span> <span class='ocrx_word' id='word_1_747' title='bbox 965 5716 982 5753; x_wconf 93' lang='lat'><strong><em>:</em></strong></span> <span class='ocrx_word' id='word_1_748' title='bbox 1014 5699 1139 5756; x_wconf 67' lang='lat' dir='ltr'><strong>Haec</strong></span> <span class='ocrx_word' id='word_1_749' title='bbox 1171 5702 1350 5769; x_wconf 86' lang='lat' dir='ltr'><strong>verba,</strong></span> <span class='ocrx_word' id='word_1_750' title='bbox 1391 5717 1544 5771; x_wconf 79' lang='lat' dir='ltr'><strong>super</strong></span> <span class='ocrx_word' id='word_1_751' title='bbox 1581 5703 1731 5771; x_wconf 81' lang='lat' dir='ltr'><strong>pedes</strong></span> <span class='ocrx_word' id='word_1_752' title='bbox 1760 5702 1911 5771; x_wconf 86' lang='lat' dir='ltr'><strong>quasi</strong></span> <span class='ocrx_word' id='word_1_753' title='bbox 1936 5701 2083 5755; x_wconf 82' lang='lat' dir='ltr'><strong>homo</strong></span> 
     </span>
    </p>
   </div>
   <div class='ocr_carea' id='block_1_105' title="bbox 2181 4498 3686 4581">
    <p class='ocr_par' dir='ltr' id='par_1_105' title="bbox 2181 4498 3686 4581">
     <span class='ocr_line' id='line_1_105' title="bbox 2181 4498 3686 4581; baseline -0.003 -17"><span class='ocrx_word' id='word_1_754' title='bbox 2181 4506 2272 4564; x_wconf 84' lang='grc' dir='ltr'><strong>οὖν</strong></span> <span class='ocrx_word' id='word_1_755' title='bbox 2305 4509 2536 4581; x_wconf 77' lang='grc' dir='ltr'>διάφορα</span> <span class='ocrx_word' id='word_1_756' title='bbox 2569 4508 2730 4581; x_wconf 88' lang='grc' dir='ltr'>θηρία</span> <span class='ocrx_word' id='word_1_757' title='bbox 2771 4509 3052 4581; x_wconf 79' lang='grc' dir='ltr'>ἐπεδείχθη</span> <span class='ocrx_word' id='word_1_758' title='bbox 3094 4509 3172 4580; x_wconf 81' lang='grc' dir='ltr'>τῷ</span> <span class='ocrx_word' id='word_1_759' title='bbox 3220 4509 3466 4580; x_wconf 83' lang='grc' dir='ltr'>μακαρίῳ</span> <span class='ocrx_word' id='word_1_760' title='bbox 3506 4498 3686 4570; x_wconf 68' lang='grc' dir='ltr'>Δανιὴλ,</span> 
     </span>
    </p>
   </div>
   <div class='ocr_carea' id='block_1_106' title="bbox 2181 4592 3688 4672">
    <p class='ocr_par' dir='ltr' id='par_1_106' title="bbox 2181 4592 3688 4672">
     <span class='ocr_line' id='line_1_106' title="bbox 2181 4592 3688 4672; baseline 0.001 -18"><span class='ocrx_word' id='word_1_761' title='bbox 2181 4603 2274 4656; x_wconf 80' lang='grc' dir='ltr'><strong>καὶ</strong></span> <span class='ocrx_word' id='word_1_762' title='bbox 2305 4601 2476 4655; x_wconf 88' lang='grc' dir='ltr'>ταῦτα</span> <span class='ocrx_word' id='word_1_763' title='bbox 2501 4600 2742 4672; x_wconf 82' lang='grc' dir='ltr'>ἀλλήλων</span> <span class='ocrx_word' id='word_1_764' title='bbox 2771 4600 3113 4672; x_wconf 75' lang='grc' dir='ltr'>διαφέροντα,</span> <span class='ocrx_word' id='word_1_765' title='bbox 3140 4600 3222 4654; x_wconf 86' lang='grc' dir='ltr'>δεῖ</span> <span class='ocrx_word' id='word_1_766' title='bbox 3248 4601 3429 4670; x_wconf 76' lang='grc' dir='ltr'>νοῆσαι</span> <span class='ocrx_word' id='word_1_767' title='bbox 3454 4595 3602 4668; x_wconf 68' lang='grc' dir='ltr'><strong>ἡμᾶς.</strong></span> <span class='ocrx_word' id='word_1_768' title='bbox 3625 4592 3688 4643; x_wconf 76' lang='grc' dir='ltr'><strong>δτι</strong></span> 
     </span>
    </p>
   </div>
   <div class='ocr_carea' id='block_1_107' title="bbox 2179 4682 3688 4764">
    <p class='ocr_par' dir='ltr' id='par_1_107' title="bbox 2179 4682 3688 4764">
     <span class='ocr_line' id='line_1_107' title="bbox 2179 4682 3688 4764; baseline -0.011 -18"><span class='ocrx_word' id='word_1_769' title='bbox 2179 4694 2241 4746; x_wconf 87' lang='grc' dir='ltr'><strong>ού</strong></span> <span class='ocrx_word' id='word_1_770' title='bbox 2284 4693 2410 4764; x_wconf 78' lang='grc' dir='ltr'>περὶ</span> <span class='ocrx_word' id='word_1_771' title='bbox 2452 4692 2652 4764; x_wconf 82' lang='grc' dir='ltr'>θηρίων</span> <span class='ocrx_word' id='word_1_772' title='bbox 2679 4692 2840 4745; x_wconf 81' lang='grc' dir='ltr'>τινῶν</span> <span class='ocrx_word' id='word_1_773' title='bbox 2864 4695 2897 4763; x_wconf 82' lang='grc' dir='ltr'><strong>ή</strong></span> <span class='ocrx_word' id='word_1_774' title='bbox 2927 4691 3150 4764; x_wconf 82' lang='grc' dir='ltr'>ἀλήθεια</span> <span class='ocrx_word' id='word_1_775' title='bbox 3185 4690 3500 4760; x_wconf 85' lang='grc' dir='ltr'>διαλέγεται,</span> <span class='ocrx_word' id='word_1_776' title='bbox 3525 4683 3622 4738; x_wconf 81' lang='grc' dir='ltr'>ἀλλ’</span> <span class='ocrx_word' id='word_1_777' title='bbox 3645 4682 3688 4731; x_wconf 79' lang='grc' dir='ltr'><strong>ἐν</strong></span> 
     </span>
    </p>
   </div>
   <div class='ocr_carea' id='block_1_108' title="bbox 2179 4774 3687 4856">
    <p class='ocr_par' dir='ltr' id='par_1_108' title="bbox 2179 4774 3687 4856">
     <span class='ocr_line' id='line_1_108' title="bbox 2179 4774 3687 4856; baseline -0.009 -18"><span class='ocrx_word' id='word_1_778' title='bbox 2179 4785 2333 4856; x_wconf 84' lang='grc' dir='ltr'>τύπῳ</span> <span class='ocrx_word' id='word_1_779' title='bbox 2366 4786 2460 4840; x_wconf 73' lang='grc' dir='ltr'><strong>καὶ</strong></span> <span class='ocrx_word' id='word_1_780' title='bbox 2487 4785 2546 4838; x_wconf 89' lang='grc' dir='ltr'>ἐν</span> <span class='ocrx_word' id='word_1_781' title='bbox 2576 4784 2742 4838; x_wconf 88' lang='grc' dir='ltr'>εἰκόνι</span> <span class='ocrx_word' id='word_1_782' title='bbox 2773 4784 3011 4837; x_wconf 86' lang='grc' dir='ltr'>δείκνυσι</span> <span class='ocrx_word' id='word_1_783' title='bbox 3037 4783 3134 4846; x_wconf 84' lang='grc' dir='ltr'><strong>τὰς</strong></span> <span class='ocrx_word' id='word_1_784' title='bbox 3161 4786 3218 4838; x_wconf 85' lang='grc' dir='ltr'>ἐν</span> <span class='ocrx_word' id='word_1_785' title='bbox 3246 4783 3324 4853; x_wconf 84' lang='grc' dir='ltr'>τῷ</span> <span class='ocrx_word' id='word_1_786' title='bbox 3344 4782 3520 4851; x_wconf 86' lang='grc' dir='ltr'>κόσμῳ</span> <span class='ocrx_word' id='word_1_787' title='bbox 3546 4774 3687 4839; x_wconf 84' lang='grc' dir='ltr'>τούτῳ</span> 
     </span>
    </p>
   </div>
   <div class='ocr_carea' id='block_1_109' title="bbox 2179 4865 3686 4948">
    <p class='ocr_par' dir='ltr' id='par_1_109' title="bbox 2179 4865 3686 4948">
     <span class='ocr_line' id='line_1_109' title="bbox 2179 4865 3686 4948; baseline -0.006 -18"><span class='ocrx_word' id='word_1_788' title='bbox 2179 4877 2555 4940; x_wconf 76' lang='grc' dir='ltr'>ἐπαναστάσας</span> <span class='ocrx_word' id='word_1_789' title='bbox 2589 4875 2859 4947; x_wconf 87' lang='grc' dir='ltr'>βασιλείας</span> <span class='ocrx_word' id='word_1_790' title='bbox 2887 4875 3072 4948; x_wconf 84' lang='grc' dir='ltr'>ὥσπερ</span> <span class='ocrx_word' id='word_1_791' title='bbox 3098 4876 3259 4948; x_wconf 89' lang='grc' dir='ltr'>θηρία</span> <span class='ocrx_word' id='word_1_792' title='bbox 3285 4873 3584 4944; x_wconf 70' lang='grc' dir='ltr'>διαφέροντα</span> <span class='ocrx_word' id='word_1_793' title='bbox 3608 4865 3686 4934; x_wconf 77' lang='grc' dir='ltr'><strong>τὴν</strong></span> 
     </span>
    </p>
   </div>
   <div class='ocr_carea' id='block_1_110' title="bbox 2178 4955 3686 5039">
    <p class='ocr_par' dir='ltr' id='par_1_110' title="bbox 2178 4955 3686 5039">
     <span class='ocr_line' id='line_1_110' title="bbox 2178 4955 3686 5039; baseline -0.011 -17"><span class='ocrx_word' id='word_1_794' title='bbox 2178 4968 2596 5039; x_wconf 85' lang='grc' dir='ltr'>ἀνθρωπότητα’</span> <span class='ocrx_word' id='word_1_795' title='bbox 2642 4968 2743 5038; x_wconf 80' lang='grc' dir='ltr'>τὴν</span> <span class='ocrx_word' id='word_1_796' title='bbox 2779 4967 2887 5039; x_wconf 83' lang='grc' dir='ltr'><strong>γὰρ</strong></span> <span class='ocrx_word' id='word_1_797' title='bbox 2923 4966 3188 5022; x_wconf 82' lang='grc' dir='ltr'>θάλασσαν</span> <span class='ocrx_word' id='word_1_798' title='bbox 3229 4968 3326 5038; x_wconf 84' lang='grc' dir='ltr'>τὴν</span> <span class='ocrx_word' id='word_1_799' title='bbox 3371 4963 3590 5038; x_wconf 73' lang='grc' dir='ltr'>μεγάλην</span> <span class='ocrx_word' id='word_1_800' title='bbox 3617 4955 3686 5009; x_wconf 80' lang='grc' dir='ltr'><strong>τὸν</strong></span> 
     </span>
    </p>
   </div>
   <div class='ocr_carea' id='block_1_111' title="bbox 2180 5059 2891 5132">
    <p class='ocr_par' dir='ltr' id='par_1_111' title="bbox 2180 5059 2891 5132">
     <span class='ocr_line' id='line_1_111' title="bbox 2180 5059 2891 5132; baseline 0 -18"><span class='ocrx_word' id='word_1_801' title='bbox 2180 5061 2468 5132; x_wconf 87' lang='grc' dir='ltr'>σύμπαντα</span> <span class='ocrx_word' id='word_1_802' title='bbox 2493 5060 2692 5131; x_wconf 85' lang='grc' dir='ltr'>κόσμον</span> <span class='ocrx_word' id='word_1_803' title='bbox 2717 5059 2891 5129; x_wconf 81' lang='grc' dir='ltr'>λέγει.</span> 
     </span>
    </p>
   </div>
   <div class='ocr_carea' id='block_1_112' title="bbox 2209 5144 3682 5223">
    <p class='ocr_par' dir='ltr' id='par_1_112' title="bbox 2209 5144 3682 5223">
     <span class='ocr_line' id='line_1_112' title="bbox 2209 5144 3682 5223; baseline -0.012 -13"><span class='ocrx_word' id='word_1_804' title='bbox 2209 5212 2217 5220; x_wconf 87' lang='lat'><strong>_</strong></span> <span class='ocrx_word' id='word_1_805' title='bbox 2247 5152 2287 5206; x_wconf 87' lang='grc' dir='ltr'>δ’</span> <span class='ocrx_word' id='word_1_806' title='bbox 2289 5154 2460 5219; x_wconf 81' lang='grc' dir='ltr'>,Ἕως</span> <span class='ocrx_word' id='word_1_807' title='bbox 2503 5149 2575 5208; x_wconf 85' lang='grc' dir='ltr'><strong>οὗ</strong></span> <span class='ocrx_word' id='word_1_808' title='bbox 2604 5153 2838 5223; x_wconf 55' lang='lat' dir='ltr'><strong>sanun</strong></span> <span class='ocrx_word' id='word_1_809' title='bbox 2867 5153 2938 5206; x_wconf 85' lang='grc' dir='ltr'>τὰ</span> <span class='ocrx_word' id='word_1_810' title='bbox 2965 5153 3146 5222; x_wconf 82' lang='grc' dir='ltr'>πτερὰ</span> <span class='ocrx_word' id='word_1_811' title='bbox 3174 5151 3377 5220; x_wconf 81' lang='grc' dir='ltr'>αὐτῆς.</span> <span class='ocrx_word' id='word_1_812' title='bbox 3393 5144 3682 5202; x_wconf 86' lang='grc' dir='ltr'>Ἱππολύτου.</span> 
     </span>
    </p>
   </div>
   <div class='ocr_carea' id='block_1_113' title="bbox 2179 5231 3685 5314">
    <p class='ocr_par' dir='ltr' id='par_1_113' title="bbox 2179 5231 3685 5314">
     <span class='ocr_line' id='line_1_113' title="bbox 2179 5231 3685 5314; baseline -0.005 -17"><span class='ocrx_word' id='word_1_813' title='bbox 2179 5243 2348 5298; x_wconf 90' lang='grc' dir='ltr'>Τοῦτο</span> <span class='ocrx_word' id='word_1_814' title='bbox 2391 5243 2500 5314; x_wconf 84' lang='grc' dir='ltr'><strong>γὰρ</strong></span> <span class='ocrx_word' id='word_1_815' title='bbox 2548 5242 2713 5306; x_wconf 79' lang='grc' dir='ltr'>ὅντως</span> <span class='ocrx_word' id='word_1_816' title='bbox 2757 5244 2848 5296; x_wconf 73' lang='grc' dir='ltr'><strong>ἐπὶ</strong></span> <span class='ocrx_word' id='word_1_817' title='bbox 2882 5243 2975 5296; x_wconf 90' lang='grc' dir='ltr'><strong>τοῦ</strong></span> <span class='ocrx_word' id='word_1_818' title='bbox 3016 5241 3468 5314; x_wconf 80' lang='grc' dir='ltr'>Ναϐουχοδονόσορ</span> <span class='ocrx_word' id='word_1_819' title='bbox 3498 5231 3685 5298; x_wconf 73' lang='grc' dir='ltr'>συνέδην</span> 
     </span>
    </p>
   </div>
   <div class='ocr_carea' id='block_1_114' title="bbox 2179 5321 3686 5407">
    <p class='ocr_par' dir='ltr' id='par_1_114' title="bbox 2179 5321 3686 5407">
     <span class='ocr_line' id='line_1_114' title="bbox 2179 5321 3686 5407; baseline -0.013 -9"><span class='ocrx_word' id='word_1_820' title='bbox 2179 5334 2358 5399; x_wconf 78' lang='grc' dir='ltr'>καθὼς</span> <span class='ocrx_word' id='word_1_821' title='bbox 2404 5336 2462 5388; x_wconf 80' lang='grc' dir='ltr'>ὲν</span> <span class='ocrx_word' id='word_1_822' title='bbox 2510 5337 2576 5406; x_wconf 80' lang='grc' dir='ltr'>τῇ</span> <span class='ocrx_word' id='word_1_823' title='bbox 2626 5337 2732 5407; x_wconf 85' lang='grc' dir='ltr'><strong>πρὸ</strong></span> <span class='ocrx_word' id='word_1_824' title='bbox 2778 5334 2980 5406; x_wconf 89' lang='grc' dir='ltr'>ταύτης</span> <span class='ocrx_word' id='word_1_825' title='bbox 3025 5335 3187 5406; x_wconf 74' lang='grc' dir='ltr'>βίϐλῳ</span> <span class='ocrx_word' id='word_1_826' title='bbox 3221 5335 3573 5404; x_wconf 73' lang='grc' dir='ltr'>σεσήμανται*</span> <span class='ocrx_word' id='word_1_827' title='bbox 3612 5321 3686 5377; x_wconf 73' lang='grc' dir='ltr'><strong>καὶ</strong></span> 
     </span>
    </p>
   </div>
   <div class='ocr_carea' id='block_1_115' title="bbox 2177 5421 3682 5498">
    <p class='ocr_par' dir='ltr' id='par_1_115' title="bbox 2177 5421 3682 5498">
     <span class='ocr_line' id='line_1_115' title="bbox 2177 5421 3682 5498; baseline 0.003 -19"><span class='ocrx_word' id='word_1_828' title='bbox 2177 5427 2307 5480; x_wconf 79' lang='grc' dir='ltr'>αὐτὸ</span> <span class='ocrx_word' id='word_1_829' title='bbox 2353 5425 2514 5490; x_wconf 81' lang='grc' dir='ltr'>εὐθὺς</span> <span class='ocrx_word' id='word_1_830' title='bbox 2549 5426 2704 5480; x_wconf 82' lang='grc' dir='ltr'>τοῦτο</span> <span class='ocrx_word' id='word_1_831' title='bbox 2734 5427 2906 5491; x_wconf 77' lang='grc' dir='ltr'>οὕτως</span> <span class='ocrx_word' id='word_1_832' title='bbox 2936 5428 3020 5480; x_wconf 80' lang='grc' dir='ltr'>ἐπ’</span> <span class='ocrx_word' id='word_1_833' title='bbox 3047 5427 3192 5498; x_wconf 84' lang='grc' dir='ltr'>αύτῷ</span> <span class='ocrx_word' id='word_1_834' title='bbox 3217 5421 3523 5496; x_wconf 81' lang='grc' dir='ltr'>γεγενῆσθαι</span> <span class='ocrx_word' id='word_1_835' title='bbox 3565 5430 3682 5487; x_wconf 80' lang='grc' dir='ltr'>μαρ·</span> 
     </span>
    </p>
   </div>
   <div class='ocr_carea' id='block_1_116' title="bbox 2177 5503 3678 5589">
    <p class='ocr_par' dir='ltr' id='par_1_116' title="bbox 2177 5503 3678 5589">
     <span class='ocr_line' id='line_1_116' title="bbox 2177 5503 3678 5589; baseline 0.001 -21"><span class='ocrx_word' id='word_1_836' title='bbox 2177 5519 2348 5588; x_wconf 89' lang='grc' dir='ltr'>τυρεῖ,</span> <span class='ocrx_word' id='word_1_837' title='bbox 2377 5515 2452 5580; x_wconf 81' lang='grc' dir='ltr'>ὡς</span> <span class='ocrx_word' id='word_1_838' title='bbox 2483 5515 2768 5589; x_wconf 80' lang='grc' dir='ltr'>ἐξεδιώχθη</span> <span class='ocrx_word' id='word_1_839' title='bbox 2811 5519 2874 5572; x_wconf 87' lang='grc' dir='ltr'><strong>ἐκ</strong></span> <span class='ocrx_word' id='word_1_840' title='bbox 2900 5517 3000 5588; x_wconf 82' lang='grc' dir='ltr'>τῆς</span> <span class='ocrx_word' id='word_1_841' title='bbox 3033 5516 3315 5588; x_wconf 87' lang='grc' dir='ltr'>βασιλείας,</span> <span class='ocrx_word' id='word_1_842' title='bbox 3348 5514 3436 5567; x_wconf 73' lang='grc' dir='ltr'><strong>καὶ</strong></span> <span class='ocrx_word' id='word_1_843' title='bbox 3471 5503 3678 5578; x_wconf 73' lang='grc' dir='ltr'>ἀφῃρέθη</span> 
     </span>
    </p>
   </div>
   <div class='ocr_carea' id='block_1_117' title="bbox 2178 5596 3685 5680">
    <p class='ocr_par' dir='ltr' id='par_1_117' title="bbox 2178 5596 3685 5680">
     <span class='ocr_line' id='line_1_117' title="bbox 2178 5596 3685 5680; baseline -0.011 -19"><span class='ocrx_word' id='word_1_844' title='bbox 2178 5609 2269 5661; x_wconf 86' lang='grc' dir='ltr'><strong>ἀπ’</strong></span> <span class='ocrx_word' id='word_1_845' title='bbox 2297 5606 2458 5662; x_wconf 85' lang='grc' dir='ltr'>αὐτοῦ</span> <span class='ocrx_word' id='word_1_846' title='bbox 2485 5610 2518 5680; x_wconf 80' lang='grc' dir='ltr'>ἡ</span> <span class='ocrx_word' id='word_1_847' title='bbox 2545 5609 2671 5675; x_wconf 77' lang='grc' dir='ltr'>δόξα</span> <span class='ocrx_word' id='word_1_848' title='bbox 2694 5608 2878 5673; x_wconf 83' lang='grc' dir='ltr'>αὐτοῦ,</span> <span class='ocrx_word' id='word_1_849' title='bbox 2909 5611 3053 5678; x_wconf 82' lang='grc' dir='ltr'>καὶὴ</span> <span class='ocrx_word' id='word_1_850' title='bbox 3091 5603 3438 5680; x_wconf 82' lang='grc' dir='ltr'>μεγαλωσύνη</span> <span class='ocrx_word' id='word_1_851' title='bbox 3467 5603 3527 5672; x_wconf 69' lang='grc' dir='ltr'>ἣν</span> <span class='ocrx_word' id='word_1_852' title='bbox 3554 5596 3685 5650; x_wconf 75' lang='grc' dir='ltr'>ἐκέκ-</span> 
     </span>
    </p>
   </div>
   <div class='ocr_carea' id='block_1_118' title="bbox 2179 5683 3690 5773">
    <p class='ocr_par' dir='ltr' id='par_1_118' title="bbox 2179 5683 3690 5773">
     <span class='ocr_line' id='line_1_118' title="bbox 2179 5683 3690 5773; baseline -0.012 -21"><span class='ocrx_word' id='word_1_853' title='bbox 2179 5715 2305 5769; x_wconf 85' lang='grc' dir='ltr'>τητο</span> <span class='ocrx_word' id='word_1_854' title='bbox 2325 5699 2386 5752; x_wconf 88' lang='grc' dir='ltr'><strong>τὸ</strong></span> <span class='ocrx_word' id='word_1_855' title='bbox 2411 5699 2694 5773; x_wconf 78' lang='grc' dir='ltr'>πρότερον.</span> <span class='ocrx_word' id='word_1_856' title='bbox 2723 5700 2830 5754; x_wconf 74' lang='grc' dir='ltr'><strong>Καὶ</strong></span> <span class='ocrx_word' id='word_1_857' title='bbox 2852 5702 2978 5770; x_wconf 80' lang='grc' dir='ltr'>μετ’</span> <span class='ocrx_word' id='word_1_858' title='bbox 3005 5702 3191 5773; x_wconf 72' lang='grc' dir='ltr'>ὀλίγα·</span> <span class='ocrx_word' id='word_1_859' title='bbox 3217 5698 3298 5753; x_wconf 82' lang='grc' dir='ltr'>Τὸ</span> <span class='ocrx_word' id='word_1_860' title='bbox 3319 5691 3408 5748; x_wconf 78' lang='grc' dir='ltr'>οὖν</span> <span class='ocrx_word' id='word_1_861' title='bbox 3422 5691 3594 5752; x_wconf 69' lang='grc' dir='ltr'>εἰπεῖν,</span> <span class='ocrx_word' id='word_1_862' title='bbox 3611 5683 3690 5737; x_wconf 64' lang='grc' dir='ltr'><strong>ἐπι</strong></span> 
     </span>
    </p>
   </div>
  </div>
