3796 6194
155 261 226 315 ςει
1180 243 1605 300 FRAGMENTA

1744 245 2096 301 DANIELEM.

3188 251 3295 309 882

159 372 308 430 ποδῶν
328 363 602 434 ἀνθρώπου
635 361 886 432 ἐστάθη,
925 362 1024 418 καὶ
1066 362 1282 432 καρδία
1321 362 1632 432 ἀνθρώπου

1744 367 1878 420 stetit
1917 376 1964 419 et
2000 383 2090 418 cor
2125 365 2349 420 hominis
2388 367 2574 420 datum
2625 377 2702 421 est
2737 369 2807 435 ei,
2858 367 3161 438 significant
3193 382 3296 423 nu-

159 469 289 531 ἐδόθη
320 459 466 524 αὐτῷ,
492 455 643 509 τοῦτο
681 456 831 528 δηλοῖ
876 457 958 509 ὅτι
989 456 1486 527 ταπεινοφρονήσας
1516 457 1628 509 Να-

160 552 449 627 ϐουχοὼνὸεορ
469 549 553 601 καὶ
574 547 827 617 ἐπιγνοὺς
848 546 1036 601 ἑαυτὸν
1059 547 1142 601 ὅτι
1170 546 1454 618 ἄνθρωπός
1483 549 1629 602 ἐστιν

159 646 235 700 ὑπὸ
250 638 410 712 τήντού
436 635 558 690 Θεοῦ
587 635 834 703 ἐξουσίαν
868 635 1138 707 κείμενος,
1164 636 1373 707 δεηθεὶς
1398 636 1490 690 τοῦ
1513 640 1627 691 Κυ-

160 737 257 807 ρίου,
283 732 404 800 ἔτυχε
429 727 520 797 τῆς
540 729 668 799 παρ’
690 724 852 779 αὑτοῦ
896 726 1314 796 εὐσπλαγχνίας,
1345 728 1436 780 καὶ
1465 727 1629 781 πάλιν

152 830 210 890 εἰς
226 825 298 895 τήν
319 819 482 874 ἑαυτοῦ
513 818 786 888 βασιλείαν
811 818 906 872 καὶ
929 819 1086 883 δόξαν
1118 818 1614 881 ἀποκατασταθείς.

199 922 245 968 ε’.
285 912 467 978 θηρίον
489 908 766 978 δεύτερον
818 907 1020 976 ὅμοιον
1069 907 1248 975 ἄρκῳ.
1290 907 1625 961 Ἱππολύτου.

151 1007 232 1061 Ἵνα
258 1003 472 1073 ἐντούτῳ
492 1000 639 1071 δείξῃ
666 1001 763 1071 τὴν
786 999 896 1053 τῶν
928 999 1151 1070 Περσῶν
1193 999 1485 1070 βασιλείαν.

195 1101 276 1155 Kal
312 1099 421 1166 τριά
465 1093 710 1162 πλευρά.
756 1093 1088 1147 Ἱππολύτου.
1132 1094 1273 1164 Τρία
1317 1093 1374 1145 δὲ
1423 1092 1631 1164 πλευρὰ

198 1193 210 1206 κ
242 1195 258 1208 υ
310 1193 319 1206 ι
420 1189 431 1204 ρ
480 1189 500 1204 υ
869 1181 895 1201 τι
971 1174 998 1199 τ’
1241 1185 1254 1199 ι
1535 1187 1546 1202 ,

146 1210 254 1246 καλει
275 1207 330 1243 τα
354 1207 464 1258 τρια
478 1188 604 1260 εθνη
624 1205 637 1217 ·
667 1187 814 1255 λέγει
839 1204 932 1240 ουν
951 1203 964 1216 ·
1000 1189 1176 1260 Ηρχεν
1191 1187 1320 1241 αυτὸ
1340 1185 1399 1239 τὸ
1422 1186 1627 1257 θηριον,

144 1285 178 1337 οἰ
200 1281 305 1354 ἦσαν
323 1281 493 1350 Μῆδοι,
530 1279 821 1349 Ἀσσύριοι,
851 1277 943 1330 καὶ
965 1278 1314 1332 Βαϐυλώνιοι.

190 1377 271 1429 Kal
289 1375 418 1427 οὕτω
437 1373 648 1441 ἔλεγον
675 1370 828 1438 αὐτῇ
848 1387 861 1400 ·
900 1370 1226 1437 Ἀνάστηθι,
1448 1371 1631 1426 Ἱππο-

141 1467 272 1519 λύτου.
301 1467 353 1520 ΟΞ
391 1464 490 1537 γὰρ
538 1464 744 1535 Πέρσαι
795 1465 1196 1527 ἐπαναστάντες
1243 1465 1300 1517 ἐν
1347 1468 1461 1529 τοῖς
1510 1466 1631 1519 τότε

141 1561 297 1630 καιροῖς
330 1557 413 1629 τήν
458 1559 638 1610 πᾶσαν
681 1555 863 1628 χώραν
911 1558 1234 1628 ήρήμωσαν,
1278 1558 1370 1610 καὶ
1408 1558 1633 1621 πολλοὺς

137 1650 214 1702 τῶν
247 1649 511 1720 ἀνθρώπων
561 1648 888 1712 ὕποδούλους
926 1650 1137 1712 ἑαυτοῖς
1170 1649 1490 1720 ποιήσαντες
1520 1649 1631 1703 διέ-

1730 461 1928 514 militer
1961 462 2200 516 sensisse
2225 458 2749 528 Nabuchodonosor,
2778 463 3063 531 agnovisse
3105 478 3164 518 se
3193 465 3294 516 bo-

1729 551 1930 604 minem
1977 565 2132 615 esse,
2197 566 2261 607 ac
2301 551 2395 605 Dei
2452 551 2707 620 potentiae
2764 551 3108 620 subjectum;
3170 567 3294 605 cum

1727 638 1873 693 enim
1905 639 2262 710 supplicasset
2287 639 2600 707 Dominum,
2623 641 2827 696 invenit
2848 641 3296 706 misericordiam,

1729 738 1783 785 et
1815 731 2006 785 iterum
2055 733 2112 786 in
2154 747 2381 804 regnum
2433 748 2592 788 suum
2643 742 2695 788 et
2739 733 2966 805 gloriam
3015 733 3298 790 restitutus

1729 829 1830 875 est.

1802 911 1865 965 ν.
1900 911 1951 965 5.
1979 940 2050 952 —
2072 910 2252 966 Bestia
2285 913 2394 966 alia
2422 913 2613 967 similis
2641 930 2784 968 urso.
2813 911 3104 985 Hippolyti.
3141 912 3211 968 Ut
3243 914 3297 968 in

1731 1004 1833 1056 hoc
1867 1002 2198 1072 signiﬁcaret
2226 1004 2513 1059 Persarum
2553 1006 2863 1076 imperium.

1802 1094 2034 1150 lbid.———
2059 1095 2125 1149 Et
2166 1106 2267 1150 tres
2293 1098 2521 1152 ordines.
2565 1097 2856 1170 Hippolyti.
2903 1098 3036 1155 Tres
3082 1099 3300 1156 ordines

1730 1197 1889 1241 vocat
1910 1197 2020 1242 tres
2042 1198 2256 1258 gentes;
2290 1188 2421 1243 dicit
2450 1205 2601 1260 ergo:
2637 1191 2930 1260 imperavit
2963 1192 3076 1246 haec
3102 1192 3297 1247 bestia.

1731 1277 1902 1331 Erant
1928 1279 2142 1348 quidem
2175 1279 2336 1343 Medi,
2368 1280 2598 1352 Assyrii,
2629 1292 2681 1335 et
2704 1281 3001 1352 Babylonii.

1806 1370 1949 1425 Ibid.
1968 1403 2037 1411 —
2058 1371 2125 1424 Et
2153 1372 2228 1424 sic
2249 1372 2492 1427 dicebant
2539 1374 2622 1427 ei:
2648 1373 2838 1442 Surge,
2856 1374 3082 1428 comede.
3099 1371 3299 1444 Hippo-

1731 1464 1846 1535 lyti.
1892 1463 2068 1518 Persa:
2108 1463 2252 1518 enim
2295 1475 2577 1534 surgentes
2609 1466 2662 1519 in
2705 1466 2812 1519 illis
2839 1466 3048 1526 diebus,
3077 1481 3296 1520 omnem

1732 1565 1928 1611 terram
1963 1565 2310 1610 vastaverunt
2340 1565 2392 1610 et
2424 1558 2623 1611 multos
2664 1557 2944 1612 hominum
2983 1558 3036 1610 in
3065 1560 3300 1613 servitu.

1732 1656 1838 1702 tem
1871 1648 2610 1718 redigentesinterfecerunt;
2650 1649 3101 1718 quemadmodum
3148 1650 3296 1704 enim

138 1741 328 1811 φθειραν’
355 1741 532 1812 ὥσπερ
559 1740 669 1812 γὰρ
694 1739 753 1792 τὸ
783 1739 969 1812 θηρίον
993 1742 1027 1810 ἡ
1051 1739 1217 1811 ἄρκος
1244 1740 1483 1812 ῥυπαρόν
1511 1743 1628 1795 ἐστι

1744 1755 1894 1793 Jl‘StlS
1958 1740 2133 1793 bellua
2156 1748 2238 1794 est
2263 1740 2540 1794 sordidum
2597 1740 2818 1806 animal,
2846 1750 2898 1794 et
2930 1741 3295 1806 carnivorum,

136 1833 233 1904 ζῷον
251 1836 329 1888 καὶ
355 1834 700 1908 σαρκοϐόρον,
727 1835 1042 1905 σπαρασσον
1067 1833 1244 1900 ὄνυξιν
1273 1835 1368 1888 καὶ
1396 1835 1628 1900 ὀδοῦσιν,

134 1927 258 1991 οὕτως
289 1927 498 1999 ἐγενήθη
551 1928 646 1980 καὶ
676 1929 707 1997 ἡ
737 1926 846 1980 τῶν
879 1925 1101 1998 Περσῶν
1133 1926 1398 1998 βασιλεία,
1435 1927 1630 1990 οἵτινες

131 2017 420 2089 διεκράτηταν
448 2018 544 2069 ἐπὶ
571 2015 666 2086 ἔτη
688 2016 786 2068 σλ⁹.

181 2118 234 2174 ς’.
258 2112 348 2164 Kal
379 2109 500 2164 ἰδοὺ
541 2110 750 2178 θηρίον
777 2108 980 2176 ἕτερον
1006 2107 1146 2162 ὡσεὶ
1173 2107 1485 2176 πάρδαλις.
1521 2109 1631 2162 ἰπ-

129 2199 320 2255 πολύτου.
354 2199 623 2272 Πάρδαλιν
672 2195 762 2251 οὖν
792 2199 1062 2270 ὀνομάσας
1097 2200 1197 2270 τὴν
1229 2197 1336 2251 τῶν
1369 2198 1630 2268 Ἑλλήνων

132 2289 344 2358 βασιλείαν
371 2292 648 2362 σημαίνει,
678 2284 752 2344 ὧν
790 2287 954 2361 ἦρξεν
1006 2289 1348 2362 Ἀλέξανδρος
1390 2292 1417 2342 6
1443 2291 1628 2343 Μακε-

128 2381 223 2432 δὼνο
248 2383 556 2452 ἁφωμοίωσε
596 2383 653 2436 δὲ
683 2383 879 2446 αὐτοὺς
907 2381 1169 2453 παρδάλει
1196 2381 1284 2435 διὰ
1311 2381 1372 2433 τὸ
1407 2380 1632 2450 γεγενῆ-

131 2472 215 2524 601:
254 2476 427 2538 αὐτοὺς
461 2475 613 2542 ὀξεῖς
654 2476 748 2527 καὶ⁵
787 2473 1201 2544 πολυμηχάνους
1237 2474 1294 2526 ὲν
1326 2475 1438 2537 τοῖς
1483 2473 1629 2542 λογι-

129 2566 241 2630 σμοῖς
276 2569 357 2623 uel
389 2566 624 2637 πικροὺς
661 2565 719 2616 ὲν
745 2567 811 2634 τῇ
837 2564 1032 2635 καρδίᾳ
1058 2582 1070 2594 ·
1103 2563 1162 2616 ὃν
1192 2564 1389 2635 τρόπον
1437 2565 1528 2617 καὶ
1571 2565 1632 2617 τὸ

126 2651 224 2715 ζῶον
256 2657 474 2710 ποικίλον
500 2659 628 2710 ἐστὶ
658 2659 724 2728 τῇ
759 2657 894 2727 ἰδέα,
928 2657 1020 2722 ὀξὺ
1048 2656 1104 2709 δὲ
1129 2657 1210 2721 εἰς
1246 2656 1309 2710 τὸ
1333 2657 1632 2729 κακοποιῆ-

124 2745 278 2796 σαικαὶ
312 2739 440 2817 αἷμα
470 2745 767 2817 ἀνθρώπου
803 2747 1034 2802 ἐκπιεῖν.

175 2834 427 2905 Τέσσαρες
454 2836 717 2907 κεφαλαὶ
745 2835 824 2903 τῷ
855 2837 1053 2905 θηρίῳ.
1100 2835 1436 2892 Ἱππολύτου.
1478 2838 1633 2891 Μετὰ

123 2925 200 3000 γὰρ
233 2927 281 2983 τὸ
320 2929 599 3002 ὑψωθῆναι
656 2928 753 3000 τὴν
812 2927 1084 2999 βασιλείαν
1146 2927 1486 3001 Ἀλεξάνδρου
1540 2929 1634 2982 καὶ

123 3017 356 3090 αὐξηθῆναι
384 3023 475 3076 καὶ
534 3021 618 3084 εἰς
659 3020 835 3074 πάντα
878 3019 968 3073 τὸν
1007 3019 1206 3090 κόσμον
1250 3021 1632 3093 ὀνομασθῆναι,

121 3108 370 3187 διεμερίσθη
416 3117 447 3187 ή
502 3113 756 3186 βασιλεία
798 3112 961 3165 αὐτοῦ
1006 3113 1085 3176 είς
1127 3111 1396 3182 τέσσαρας
1441 3113 1632 3186 ἁρχάςο

120 3199 326 3257 τελευτῶν
342 3205 447 3277 γὰρ
476 3207 508 3259 6
554 3202 900 3273 Ἀλέξανδρος
925 3201 1116 3253 διεῖλεν
1144 3203 1325 3264 αὐτοῖς
1353 3207 1466 3266 τοῖς
1515 3221 1640 3256 συν-

119 3293 288 3362 τρόφοις
321 3301 426 3361 τοῖς
467 3300 540 3352 ἐκ
579 3297 674 3350 τοῦ
702 3295 890 3365 γένους
921 3296 1018 3366 τὴν
1053 3296 1324 3366 βασιλείαν
1350 3297 1640 3369 τέσσαρσιν

119 3384 362 3455 ἀνθρώποις
390 3388 668 3460 Σελεύκῳ,
701 3387 1015 3460 Δημητρίῳ,
1040 3388 1383 3462 Πτολεμαίῳ,
1419 3392 1514 3445 καὶ
1550 3393 1641 3446 Φι-

119 3473 271 3549 λίππῳ·
299 3482 385 3534 καὶ
419 3483 684 3535 ἐπέθεντο
711 3481 910 3544 πάντες
934 3475 1077 3535 οὗτοι
1101 3481 1424 3552 διαδήματα,
1458 3482 1640 3548 καθὼς

117 3568 266 3639 Δανιὴλ
289 3571 438 3626 τούτο
465 3571 801 3645 προμηνύει,
823 3573 916 3627 καὶ
946 3573 1005 3625 ὲν
1030 3574 1100 3645 τῇ
1126 3571 1320 3645 πρώτῃ
1342 3575 1450 3627 τῶν
1485 3577 1641 3629 Μακ-

116 3657 308 3715 nascitur
365 3664 804 3735 ἀναγέγραπται.

163 3749 213 3814 ζ’.
241 3756 334 3808 Kal
373 3756 503 3810 ἰδοὺ
551 3756 756 3825 θηρίον
787 3757 1085 3826 τέταρτον.
1134 3757 1470 3812 Ἱππολύτου.
1520 3759 1640 3813 ’Ότι

117 3840 189 3908 μὲν
207 3840 283 3896 οὖν
311 3849 442 3916 μετὰ
460 3849 569 3919 τὴν
591 3847 696 3900 τῶν
728 3847 992 3920 Ἑλλήνων
1025 3847 1320 3919 βασιλείαν,
1351 3848 1511 3920 ἑτέρα
1541 3851 1640 3904 οὐκ

111 3931 352 4007 ἐγήγερται
395 3940 537 4009 ἄλλη
593 3939 869 4010 βασιλεία,
929 3941 977 3993 εί
1029 3941 1103 4014 μὴ
1132 3943 1183 4013 ,ὴ
1226 3942 1504 4014 κρατοῦσα
1543 3942 1640 3996 νῦν

111 4020 283 4096 ἒπηκε,
307 4031 586 4084 καὶτοῦτο
612 4033 745 4084 πᾶσι
777 4032 1040 4103 πρόδηλόν
1064 4035 1229 4088 ἐστιν·
1269 4035 1391 4105 ἥτις
1422 4034 1640 4099 ὀδόντας

111 4114 300 4188 μὲνέχει
336 4122 616 4192 σιδηροῦς,
659 4121 748 4175 διὰ
785 4123 845 4176 τὺ
884 4122 1090 4187 πάντας
1126 4123 1385 4196 δαμάζειν
1421 4125 1514 4178 καὶ
1549 4124 1638 4177 λε-

110 4207 283 4264 ττίνειν
317 4216 381 4285 τῇ
439 4216 556 4287 ἰδίᾳ
593 4214 785 4286 ἰσχύει,
826 4215 1013 4288 ὥσπερ
1050 4233 1114 4286 γε
1155 4219 1184 4271 6
1225 4218 1457 4290 σίδηρος·
1485 4220 1554 4273 τὰ
1581 4219 1638 4272 δὲ

106 4299 316 4359 ἐπίλοιπα
359 4311 478 4372 τοῖς
528 4308 656 4360 ποσὶ
695 4309 1003 4376 συνεπάτει,
1056 4309 1146 4362 διὰ
1183 4309 1245 4364 τὸ
1279 4311 1352 4382 μὴ
1385 4311 1637 4365 καταλεί-

109 4395 260 4449 πεσθαι
285 4400 475 4471 ἑτέραν
504 4401 777 4470 βασιλείαν
805 4401 883 4455 ἐτι
913 4403 1050 4473 μετὰ
1070 4403 1292 4475 ταύτην,
1322 4405 1435 4460 ἀλλ’
1458 4407 1518 4471 ἐξ
1545 4407 1640 4460 αύ-
1670 4423 1714 4476 ν)

101 4481 176 4552 τῆς
194 4489 382 4561 ταύτης
405 4491 619 4563 κέρατα
642 4491 772 4545 δέκα
793 4493 1144 4562 ἀναφύεσθαι.

154 4578 244 4630 Kal
280 4583 502 4649 κέρατα
553 4581 701 4638 δέκα
754 4583 934 4650 αὐτῷ.
989 4584 1198 4656 ’Ὠσπερ
1240 4586 1348 4658 γὰρ
1401 4588 1494 4641 ἐπὶ
1539 4588 1635 4660 τῆς

395 4676 663 4746 προεῖπεν
681 4677 709 4728 6
732 4676 1010 4747 προφήτης
1038 4677 1119 4729 ὅτι
1155 4677 1417 4749 τέσσαρες
1460 4695 1632 4748 κεφα-

99 4762 248 4832 λαὶτῷ
267 4765 461 4837 θηρίῳ·
492 4766 586 4820 καὶ
613 4767 848 4836 ἐγένετο,
885 4770 980 4822 καὶ
1024 4770 1286 4842 ἐμερίσθη
1320 4773 1354 4841 ἡ
1393 4771 1633 4842 βασιλεία

105 4849 417 4930 Ἀλεξάνδρου
441 4861 526 4925 εἰς
553 4861 822 4933 τέσσαρας
846 4861 1039 4934 ἀρχάς*
1075 4863 1215 4916 οὕτω
1239 4864 1330 4917 καὶ
1352 4864 1445 4918 νῦν
1475 4881 1636 4936 προσ.

95 4942 224 5017 ὣκᾷν
259 4950 359 5015 δεῖ,
411 4953 522 5016 ἕως
569 4954 899 5026 ἀναϐήσεται
938 4956 1069 5010 δέκα
1113 4956 1315 5028 κέρατα
1357 4956 1417 5022 ἐξ
1462 4960 1632 5029 αὐτῆς

88 5035 277 5109 ταύτης.
310 5043 444 5096 ὅταν
481 5046 510 5097 ὁ
542 5045 736 5116 χρόνος
777 5046 871 5100 τοῦ
905 5047 1093 5117 θηρίου
1132 5048 1407 5121 πληρωθῇ,
1453 5052 1548 5104 καὶ
1572 5051 1632 5105 τὸ

93 5132 256 5199 μικρὸν
282 5133 478 5203 κέρας,
503 5135 638 5208 ὅπερ
658 5137 803 5190 ἐστὶν
821 5139 850 5191 6
874 5136 1250 5208 ’ᾼντίχριστος,
1270 5140 1329 5192 ἐν
1348 5141 1529 5205 αὐτοῖς
1550 5144 1634 5195 αἰ-

85 5219 257 5287 ςνίδιος
290 5227 571 5298 ἀναφανῇ,
600 5228 744 5300 καὶὴ
779 5228 1089 5300 δικαιοσύνη
1112 5231 1185 5284 ἐκ·
1203 5231 1303 5301 τῆς
1332 5233 1437 5302 γῆς
1465 5233 1626 5306 ἀρθῇ,

89 5315 160 5365 ca".
181 5319 207 5368 6
225 5320 332 5382 πᾶς
365 5320 578 5390 κόσμος
612 5321 692 5385 εἰς
716 5321 1023 5377 συντέλειαν
1045 5327 1210 5396 παρῇ’
1236 5325 1375 5379 ὥστε
1401 5325 1463 5378 οὐ
1495 5342 1629 5398 προ-

82 5405 354 5477 λαμϐάνειν
385 5414 542 5483 ἡμᾶς
579 5413 661 5466 δεῖ
695 5413 791 5485 τήν
815 5413 909 5468 τοῦ
927 5414 1059 5468 Θεοῦ
1099 5415 1314 5486 βουλὴν,
1352 5415 1487 5470 ἀλλὰ
1521 5433 1626 5486 μα-

82 5500 352 5572 κφθυμεῖν
395 5507 502 5560 καὶ
535 5506 761 5572 δεῖσθαι,
798 5507 887 5560 ἵνα
923 5507 996 5578 μὴ
1018 5509 1096 5570 είς
1115 5507 1383 5571 τοιούτους
1404 5508 1628 5579 χρόνους

80 5586 410 5664 ἐμήσωμεν·
454 5594 577 5648 οὗτε
613 5595 716 5667 μὴν
757 5597 1005 5650 ἀπιστεῖν
1043 5596 1117 5660 ὡς
1153 5596 1226 5668 μὴ
1262 5597 1517 5668 μέλλοντα
1540 5598 1626 5665 γί-

80 5681 256 5737 νετθ-ιι·
292 5688 342 5738 εἰ
377 5684 498 5756 γὰρ
527 5685 592 5738 τὰ
618 5685 805 5756 πρῶτα
828 5686 926 5739 ὅσα
964 5687 1217 5745 προεῖπον
1245 5688 1291 5739 οἱ
1329 5685 1622 5756 προφῆται,

377 5803 650 5866 Ρλτιιοι..
697 5803 810 5864 (in.
845 5804 928 5864 Χ.

1730 1828 2032 1884 dilacerans
2073 1830 2292 1899 ungulis
2333 1845 2398 1884 ac
2438 1831 2722 1896 dentibus,
2763 1831 2842 1885 sic
2879 1830 2980 1884 fuit
3008 1829 3298 1886 Persarum

1730 1937 1987 1991 regnum,
2035 1922 2127 1992 qui
2172 1923 2334 1978 rebus
2366 1923 2522 1994 potiti
2563 1934 2688 1978 sunt
2738 1923 2898 1979 annis
2937 1924 3158 1995 triginta
3196 1925 3298 1980 du-

1732 2013 2028 2083 contisque.

1805 2099 1868 2158 V.
1897 2105 1949 2159 6.
1977 2135 2046 2143 —
2069 2104 2135 2158 Et
2192 2121 2305 2159 ecce
2335 2105 2445 2159 alia
2480 2105 2692 2176 (bestia)
2718 2106 2870 2169 quasi
2903 2112 3119 2176 pardus.
3171 2105 3301 2178 Hip-

1731 2197 1918 2266 polyti,
1970 2196 2206 2253 Pardum
2237 2197 2445 2262 dicens,
2483 2215 2708 2268 regnum
2749 2199 2952 2254 indicat
2984 2198 3297 2253 Graecorum

1731 2287 1930 2356 quibus
1964 2287 2249 2358 imperavit
2272 2289 2577 2343 Alexander
2602 2289 2853 2356 Macedo;
2897 2291 3162 2345 assimilat
3199 2306 3293 2344 au-

1733 2388 1840 2432 tem
1875 2395 1968 2436 eos
2018 2381 2222 2450 pardo.
2256 2381 2379 2450 quia
2435 2379 2652 2434 veloces
2697 2391 2750 2437 et
2788 2383 3118 2437 dolosissimi
3172 2390 3299 2436 sunt

1734 2479 1931 2532 mente,
1964 2478 2018 2524 ct
2045 2486 2139 2524 cor
2167 2471 2428 2527 habentes
2477 2472 2840 2527 amaritudine
2873 2472 3112 2540 plenum,
3155 2471 3300 2525 haud

1733 2574 1894 2614 secus
1932 2575 1996 2613 ac
2040 2560 2169 2614 illud
2202 2562 2424 2626 ammal,
2464 2561 2773 2616 multicolor
2795 2570 2878 2616 est
2929 2566 3300 2630 aspectu,'ve-

1734 2650 1824 2704 lox
1878 2666 2005 2704 vero
2055 2652 2110 2705 in
2152 2654 2291 2708 male
2340 2653 2569 2725 agendo,
2603 2662 2659 2708 et
2691 2669 2940 2708 cruorem
2999 2654 3298 2708 humanum

1733 2742 1989 2797 bibendo.

1813 2832 2300 2902 ’θῆλυ-ρωπίαν
2322 2838 2499 2907 capita
2555 2849 2706 2892 erant
2756 2837 2953 2894 bestia.
3006 2837 3296 2911 Hippolyti.

1734 2924 2032 2996 Postquam
2086 2929 2140 2982 in
2184 2929 2352 2982 altum
2401 2929 2660 2985 crevisset
2693 2929 2976 2999 imperium
3010 2931 3300 2985 Alexandri

1738 3030 2194 3091 augmentumque
2233 3021 2490 3092 cepisset,
2537 3037 2601 3076 ac
2631 3038 2724 3092 per
2763 3023 3077 3077 universum
3112 3027 3300 3077 orbem

1739 3127 1936 3166 nomen
1969 3113 2314 3176 obtinuisset,
2363 3113 2597 3168 divisum
2627 3124 2710 3168 est
2742 3113 2795 3168 in
2825 3124 3058 3184 quatuor
3102 3131 3298 3185 regna;

1743 3203 1986 3258 moriens
2041 3205 2188 3258 enim
2255 3205 2560 3260 Alexander
2607 3205 2791 3260 divisit
2837 3206 3302 3261 commilitonibus

1739 3295 1875 3360 suis,
1905 3297 2125 3350 natione
2154 3295 2378 3364 Graecis,
2418 3313 2637 3368 regnum
2683 3313 2866 3362 suum,
2898 3308 3130 3368 quatuor
3169 3299 3302 3352 vilis

1739 3387 1946 3442 scilicet
1994 3386 2244 3452 Seleuco,
2293 3387 2588 3452 Demetrio,
2613 3387 2906 3444 Ptolemaeo
2951 3388 3299 3458 etPhilippo,

1739 3488 1791 3533 et
1815 3479 1918 3533 sibi
1944 3479 2290 3534 vindicarunt
2325 3495 2516 3535 omnes
2543 3469 2634 3535 isti
2662 3481 2988 3546 diademata,
3025 3488 3084 3534 ut
3115 3478 3302 3533 Daniel

1740 3571 1872 3626 illud
1912 3571 2233 3640 praedixerat
2267 3581 2320 3627 ct
2362 3573 2416 3626 in
2454 3573 2630 3642 primo
2653 3573 3115 3629 Macchabaeorum
3163 3574 3303 3628 lil'ro

1740 3656 2004 3725 scriptum
2035 3665 2139 3712 est.

1809 3743 1875 3797 ν.
1906 3745 1961 3800 7.
1985 3776 2059 3785 —
2081 3744 2153 3800 Et
2177 3763 2291 3802 ecce
2323 3749 2488 3804 bestia
2529 3761 2741 3820 quarta.
2799 3750 3088 3824 Hippolyti.
3155 3749 3304 3818 Quo-

1737 3838 1886 3894 niam
1918 3839 2136 3909 quidem
2173 3850 2296 3911 post
2321 3841 2630 3898 Graecorum
2683 3845 2970 3915 imperium
3011 3846 3158 3901 aliud
3192 3863 3299 3900 non

1740 3931 1976 3984 surrexit
2033 3930 2343 4002 imperium,
2379 3933 2500 3994 ,nisi
2552 3945 2746 4005 potens
2794 3938 2902 3992 hoc
2954 3939 3098 4008 quod
3157 3955 3304 3994 nunc

1739 4028 1869 4085 stat,
1899 4029 1953 4075 et
1982 4021 2086 4075 hoc
2111 4022 2329 4091 quidem
2358 4025 2612 4081 omnibus
2635 4027 2990 4098 conspicuum
3027 4042 3144 4097 est;
3198 4031 3304 4085 hoc

1740 4111 1929 4166 dentes
1955 4114 2173 4183 quidem
2190 4116 2350 4172 habet
2382 4118 2610 4184 ferreos,
2633 4121 2760 4190 quia
2793 4121 2974 4175 omnia
3017 4124 3220 4186 domat,
3250 4134 3304 4178 et

1739 4204 2061 4260 comminuit
2091 4208 2304 4276 proprio
2337 4210 2550 4275 robore,
2577 4221 2636 4264 ut
2663 4211 2902 4278 ferrum;
2934 4213 3137 4284 reliqua
3171 4230 3300 4268 vero

1739 4295 1968 4364 pedibus
1990 4299 2296 4365 conculcat,
2322 4301 2448 4370 quia
2465 4316 2575 4355 non
2593 4303 2698 4356 erit
2720 4303 2862 4356 aliud
2878 4303 3164 4374 imperium
3180 4314 3305 4376 post

1737 4385 1892 4456 illud,
1912 4387 2007 4444 sed
2036 4406 2103 4444 ex
2132 4390 2226 4445 illo
2250 4407 2455 4447 cornua
2475 4392 2657 4449 decem
2682 4405 2945 4451 crescent.

1809 4585 1953 4640 Ibid.
1991 4617 2061 4627 —
2101 4587 2170 4643 Et
2220 4591 2440 4645 habebat
2485 4609 2680 4649 cornua
2757 4597 2952 4651 decem.
3004 4596 3298 4671 Hippolyti.

1735 4675 2202 4743 Quemadmodum
2220 4681 2364 4735 enim
2383 4683 2448 4737 de
2473 4683 2639 4752 pardo
2667 4688 2928 4756 propheta
2959 4689 3118 4758 dixit,
3146 4691 3288 4743 hanc

1735 4768 1964 4822 bestiam
1993 4779 2228 4839 quatuor
2258 4773 2436 4844 capita
2482 4774 2702 4842 habere,
2732 4780 2877 4846 quod
2910 4779 3085 4849 reipsa
3123 4783 3298 4836 conti-

1735 4859 1832 4929 git,
1869 4875 1996 4913 nam
2049 4861 2284 4916 divisum
2314 4875 2399 4917 est
2426 4864 2711 4934 imperium
2741 4869 3031 4924 Alexandri
3075 4872 3128 4924 in
3156 4888 3294 4940 qua-

1735 4959 1860 5004 tuor
1888 4967 2052 5022 regna
2078 4970 2093 5017 ;
2128 4954 2207 5008 sic
2238 4963 2289 5009 et
2327 4971 2473 5011 nunc
2517 4968 2828 5028 exspectare
2854 4970 3065 5030 oportet
3125 4978 3298 5032 usque

1735 5043 1865 5098 dum
1913 5054 2140 5116 surgant
2193 5047 2379 5103 decem
2429 5065 2635 5106 cornua
2685 5067 2752 5106 ex
2798 5053 2900 5107 ista
2949 5053 3142 5116 bestia,
3171 5070 3297 5110 eum

1735 5144 1948 5204 tempus
2017 5136 2136 5205 ejus
2178 5142 2502 5210 completum
2558 5143 2695 5204 erit,
2749 5151 2803 5198 et
2852 5159 3076 5212 parvum
3105 5161 3295 5211 cornu,

1733 5225 1880 5295 quod
1925 5235 2009 5281 est
2053 5227 2442 5296 Antichristus,
2487 5233 2627 5287 inter
2675 5235 2765 5287 illa
2816 5249 3021 5289 cornua
3074 5248 3295 5305 repente

1738 5330 2014 5388 appareat,
2059 5331 2112 5376 et
2155 5323 2366 5392 iustitia
2398 5327 2464 5381 de
2509 5335 2648 5380 terra
2692 5326 2990 5391 auferatur,
3017 5328 3296 5398 totiusque

1733 5409 1881 5465 orbis
1907 5415 2306 5470 consummatio
2333 5417 2758 5488 appropinquet;
2790 5421 2862 5472 ita
2903 5427 2962 5472 ut
3002 5435 3111 5475 non
3154 5421 3295 5476 anti-

1733 5500 1914 5568 cipare
1965 5515 2212 5573 oporteat
2240 5506 2332 5563 Dei
2378 5510 2793 5578 providentiam,
2843 5511 2935 5566 sed
2982 5511 3293 5580 patientiam

1735 5591 1953 5656 habere.
1985 5607 2035 5650 et
2080 5599 2268 5655 timere
2308 5615 2376 5654 ne
2423 5601 2541 5656 istis
2590 5603 2925 5670 temporibus
2958 5604 3294 5667 incidamus,

1735 5698 1844 5740 non
1864 5701 1990 5743 vero
2025 5687 2335 5746 incredulos
2366 5705 2488 5748 esse
2517 5693 2670 5764 quasi
2699 5693 2810 5747 haec
2824 5709 2930 5747 non
2962 5693 3140 5750 futura
3163 5695 3290 5750 sint.

2829 5811 2908 5870 22
