3796 6194
536 246 641 302 683

1412 249 1471 303 S.
1510 248 1867 304 HIPPOLYTI
1900 248 2049 304 OPP.
2087 247 2264 303 PARS
2308 247 2347 302 Ι.
2389 272 2458 286 —
2493 246 2906 304 EXEGETICA.
3563 258 3637 316 es;

539 364 595 419 Si
628 365 769 420 cnim
829 381 1166 439 quaecunque
1222 371 1493 425 anteriora
1539 385 1572 426 a
1620 371 1901 442 prophetis
1959 386 2067 441 pra:

2170 421 2174 431 _
2200 370 2299 423 ούκ
2357 371 2590 438 ἐγένετο,
2656 371 2790 440 μήτε
2849 367 3024 422 ταῦτα
3053 370 3340 442 προοδοκᾷν·
3370 375 3410 426 εί
3433 374 3478 428 δὲ
3507 377 3637 432 ἐκεῖνα

533 457 679 511 dicta
748 473 858 512 non
916 471 1246 526 evenerunt,
1294 478 1470 532 neque
1525 463 1641 518 haec
1690 473 2098 534 exspectemus;

2201 461 2445 529 ἐγένοντο
2484 461 2623 515 κατά
2690 461 2916 532 καιροὺς
2962 459 3148 525 ιδίους,
3183 460 3340 525 καθὼς
3382 466 3640 538 προείρηται,

532 551 626 608 sed
670 554 716 613 si
752 565 942 611 contra
982 557 1072 610 illa
1101 559 1283 611 omnia
1319 559 1594 629 contigere
1622 559 1921 615 secundum
1964 565 2067 611 tem

2200 551 2417 615 πάντως
2452 551 2737 605 καὶταῦτα
2767 549 3158 620 τελεσθήσεται.

527 659 631 716 pus
683 646 790 702 illis
810 649 1170 719 assignatum,
1206 659 1266 706 ut
1313 650 1628 722 praedictum
1665 660 1768 720 est,
1796 650 1912 707 haec
1943 665 2097 721 pror-

527 754 623 796 sus
653 739 1038 810 implebuntur.

601 830 664 886 ν.
693 831 749 886 8.
770 864 840 874 -—
861 833 1271 889 Considerabam
1294 850 1512 889 cornua.
1541 831 1834 904 Hippolyti.
1869 830 1986 888 Hoc
2011 841 2096 888 est

523 929 726 977 attente
758 923 1110 980 considerans
1141 924 1392 990 bestiam,
1427 931 1482 979 et
1523 924 1800 978 admirans
1833 938 1956 979 cum
1987 923 2092 978 alia

525 1011 730 1078 omnia,
777 1022 888 1067 tum
923 1029 1187 1069 cornuum
1235 1029 1523 1069 numerum
1563 1031 1577 1068 :
1621 1013 1900 1069 differebat
1945 1015 2090 1069 enim

525 1117 557 1156 a
582 1114 901 1158 camerarum
931 1105 1229 1161 bestiarum
1254 1114 1450 1161 natura
1481 1104 1646 1174 huius
1669 1105 1830 1162 visio.

592 1277 661 1334 ν.
695 1279 782 1334 15.
823 1309 893 1318 -
917 1277 988 1333 Et
1014 1296 1174 1349 usque
1200 1279 1270 1333 ad
1299 1279 1582 1351 Antiquum
1608 1281 1810 1335 dierum
1837 1283 2087 1351 pervenit.

525 1367 815 1441 Hippolyti.
882 1370 1181 1434 Antiquum
1225 1371 1444 1441 quidem
1491 1372 1701 1427 dierum
1760 1389 1870 1426 non
1920 1373 2086 1428 alium

535 1462 667 1516 dicit
697 1463 798 1516 nisi
822 1461 1104 1516 Dominum
1122 1461 1400 1533 Deumque
1429 1463 1799 1534 arbitrumque
1819 1464 2084 1528 omnium,

522 1553 832 1622 Christique
872 1553 1062 1623 ipsius,
1104 1554 1196 1623 qui
1235 1569 1518 1610 senescere
1559 1554 1686 1610 facit
1719 1555 1854 1622 dies,
1893 1565 1947 1610 et
1975 1570 2083 1610 non

522 1653 825 1717 temporum
857 1645 1048 1700 diebus
1086 1647 1201 1717 ipse
1231 1662 1542 1704 senescens.

595 1736 659 1790 V.
685 1738 770 1793 14.
793 1771 862 1782 η-
883 1739 1125 1794 Potestas
1150 1740 1284 1810 ejus,
1321 1750 1552 1810 potestas
1606 1750 1822 1796 (eterna.
1879 1739 2081 1812 ﬂippo-
2110 1724 2152 1780 Β

520 1829 635 1900 lyti.
657 1829 882 1901 Proprio
909 1831 1047 1886 Filio
1079 1831 1238 1887 Pater
1265 1833 1447 1888 omnia
1474 1833 1786 1903 subiiciens,
1809 1843 1856 1889 et
1876 1850 1937 1889 ea
1963 1850 2082 1905 quae

521 1931 649 1977 sunt
704 1923 759 1976 in
803 1924 976 1988 caelis,
1020 1931 1074 1977 et
1114 1938 1236 1992 quae
1283 1939 1447 1994 super
1495 1933 1728 1989 terram,
1777 1940 1872 1995 per
1900 1926 2081 1980 omnia

517 2013 890 2068 manifestavit
945 2030 1071 2068 eum
1119 2014 1536 2084 primogenitum
1584 2030 1649 2070 ex
1689 2015 1818 2081 Deo,
1864 2025 1924 2070 ut
1957 2031 2081 2070 eum

513 2101 674 2158 Patre
729 2103 898 2160 Filius
925 2104 1016 2160 Dei
1052 2120 1172 2159 esse
1200 2105 1639 2160 manifestaretur
1670 2116 1794 2160 ante
1837 2106 2077 2175 angelos,

516 2203 576 2249 ut
637 2195 949 2264 angelorum
1027 2194 1288 2252 Dominus
1349 2205 1665 2265 appareret;
1754 2196 2079 2267 primogeni-

514 2295 628 2340 tum
687 2301 753 2340 εχ
806 2285 1032 2356 virgine,
1105 2296 1165 2341 ut
1204 2288 1598 2355 protoplastum
1651 2284 1822 2339 Adam
1888 2285 1942 2340 in
1991 2301 2078 2340 se-

515 2377 634 2446 ipso
700 2375 1004 2432 reformans
1057 2377 1472 2443 ostenderetur;
1527 2377 1945 2446 primogenitum
2005 2393 2075 2432 ex

515 2467 764 2534 mortuis,
799 2477 860 2522 ut
895 2467 1219 2538 principium
1264 2479 1464 2522 nostra:
1509 2468 1922 2524 resurrectionis
1958 2452 2075 2537 ipse

513 2561 689 2615 ﬁeret.

582 2653 714 2718 Quae
765 2669 865 2708 non
915 2652 1206 2716 auferetur.
1268 2648 1561 2721 Hippolyti.
1605 2649 1930 2707 Potestatcm
1959 2666 2072 2705 om-

510 2760 633 2799 nem
695 2744 928 2821 a.Patre
984 2742 1120 2797 Filio
1175 2741 1358 2797 datam
1421 2742 1676 2808 ostendit,
1721 2743 1815 2812 qui
1871 2743 2068 2798 emles—

509 2835 644 2890 tium
665 2874 681 2900 ,
717 2834 1051 2890 terrestrium
1082 2841 1135 2890 et
1173 2832 1507 2888 infernorum
1556 2849 1652 2888 rex
1680 2843 1734 2888 et
1759 2834 1919 2904 iudex
1952 2849 2070 2889 om-

508 2928 660 2982 nium
720 2925 1099 2981 manifestatus
1147 2933 1270 2978 est:
1306 2923 1608 2978 cmlestium
1652 2925 1890 2994 quidem,
1938 2924 2066 2995 quia

508 3017 744 3071 Verbum
779 3030 844 3069 ex
885 3015 1047 3070 corde
1092 3012 1269 3068 Patris
1313 3022 1440 3067 ante
1491 3014 1674 3068 omnia
1725 3026 1907 3070 natum
1947 3024 2062 3081 est;
2096 3055 2137 3112 ϐ

505 3105 840 3160 terrestrium
877 3115 1076 3168 autem,
1103 3103 1229 3172 quia
1254 3103 1418 3156 homo
1450 3102 1588 3156 inter
1614 3104 1862 3159 homines
1893 3103 2067 3160 factus

503 3206 610 3261 est,
646 3212 739 3266 per
759 3196 1007 3264 seipsum
1041 3193 1340 3248 reformans
1355 3193 1552 3259 Adam;
1586 3193 1919 3249 infernorum
1951 3205 2071 3248 tau-

503 3290 648 3355 dem,
681 3288 808 3358 quia
859 3287 998 3340 inter
1049 3293 1291 3339 mortuos
1337 3293 1684 3354 eomputatus
1720 3295 1824 3353 est,
1852 3302 2066 3340 annun-

497 3379 646 3434 tians
715 3376 1024 3431 felicitatem
1077 3384 1392 3430 sanctorum
1460 3376 1688 3444 animis,
1720 3377 1837 3448 ipse
1889 3387 2066 3433 morte

503 3471 696 3525 mortis
722 3470 914 3524 victor.
1280 3459 1283 3462 ’

577 3556 640 3615 V.
670 3560 756 3614 Π.
783 3589 852 3598 -
882 3558 1012 3624 Qua:
1051 3569 1381 3631 consurgent.
1417 3559 1706 3632 Hippolyti.
1749 3560 1882 3616 Cum
1918 3561 2062 3616 enim

505 3659 612 3708 tres
652 3652 839 3707 bestia:
884 3667 1104 3707 cursum
1150 3651 1517 3722 impleverint,
1557 3661 1611 3707 et
1635 3653 1906 3708 translatae
1946 3653 2061 3708 lue-

501 3746 629 3812 rint,
661 3745 707 3801 si
746 3744 932 3799 ultima
950 3760 1071 3815 qua:
1096 3743 1436 3799 nuneadhuc
1472 3746 1636 3815 viget,
1686 3744 1803 3814 ipsa
1848 3745 2055 3800 sublata

499 3837 686 3905 fuerit,
716 3837 1015 3893 cessabunt
1048 3835 1267 3891 tandem
1293 3835 1592 3903 terrestria,
1624 3835 1883 3906 incipient
1909 3837 2058 3891 deni-

499 3946 605 4001 que
618 3930 878 3998 coelestia,
897 3938 953 3985 ut
969 3939 1279 3986 sanctorum
1303 3930 1676 3986 indisSolubile
1687 3939 2057 3999 aeternumque

498 4039 726 4094 regnum
761 4022 1097 4088 ostendatur,
1127 4032 1180 4078 et
1207 4037 1304 4077 rex
1332 4023 1570 4078 caelestis
1599 4022 1775 4092 palam
1799 4023 2054 4077 omnibus

497 4114 893 4182 manifestetur,
925 4131 1034 4170 non
1061 4115 1174 4184 jam
1203 4129 1298 4184 per
1334 4114 1554 4184 ﬁguras,
1586 4114 1742 4184 quasi
1758 4114 1814 4168 iu
1847 4115 2056 4170 visione

494 4219 785 4280 aspectus,
836 4223 1011 4279 neque
1078 4208 1132 4262 in
1181 4208 1432 4262 columna
1481 4207 1640 4262 nubis
1688 4223 1849 4279 super
1892 4223 2055 4264 cacu-

493 4302 640 4355 mine
679 4301 880 4356 montis
924 4300 1190 4367 occultus,
1238 4301 1331 4356 sed
1378 4303 1520 4356 inter
1562 4311 1856 4373 potestates
1899 4318 2053 4359 exer-

2261 844 2330 908 ην,
2354 839 2734 906 Προσενόουν
2762 835 2885 902 τοῖς
2907 834 3162 904 κέρασιν.
3197 835 3486 893 Ἱππολύτου.
3507 841 3650 897 Tauri-

2194 945 2309 982 στιν
2333 929 2520 992 ἀτενὲς
2556 927 2741 999 ἐώρων
2788 927 2925 998 πρὸς
2973 928 3032 982 τὸ
3072 928 3261 1001 θηρίον,
3309 931 3390 982 καὶ
3421 929 3651 1002 ἐθαύμαζον

2195 1019 2332 1091 μετά
2357 1019 2462 1074 τῶν
2496 1019 2697 1074 λοιπῶν
2723 1020 2973 1075 ἁπάντων
2996 1020 3207 1074 καὶτῶν
3230 1020 3443 1092 κεράτων
3459 1021 3531 1075 τὸν
3549 1022 3656 1088 ἀριθ-

2194 1113 2310 1183 μόν’
2337 1111 2708 1184 ἐξηλλαγμένη
2750 1112 2856 1185 γάρ
2896 1111 3046 1184 παρά
3076 1111 3168 1182 τὴν
3189 1110 3286 1164 τῶν
3309 1111 3478 1165 λοιπῶν
3499 1113 3652 1182 Θηρίων

2187 1207 2350 1278 φύσιν
2374 1203 2440 1278 ἦν
2469 1208 2502 1279 ἡ
2527 1206 2714 1260 τούτου
2741 1205 2962 1278 Θεωρία.

2259 1307 2328 1368 γ’.
2356 1301 2504 1364 Ἕως
2522 1298 2628 1352 τοῦ
2641 1297 2910 1354 Παλαιοῦ
2928 1295 3046 1351 τῶν
3073 1297 3289 1366 ἡμερῶν
3298 1296 3503 1366 ἔφθασε.
3526 1298 3659 1352 Ἱππο-

2188 1393 2364 1448 λύτου.
2418 1393 2651 1447 Παλαιὸν
2690 1393 2785 1462 μὲν
2829 1387 2921 1446 οὖν
2969 1392 3186 1464 ἡμερῶν
3232 1392 3322 1463 οὐχ
3357 1393 3513 1463 ἕτερον
3534 1392 3660 1460 λέγει,

2185 1485 2298 1538 ἀλλ’
2327 1486 2360 1556 ἦ
2385 1485 2474 1538 τὸν
2517 1485 2770 1538 ἁπάντων
2801 1483 3000 1556 Κύριον
3047 1485 3139 1538 καὶ
3161 1483 3284 1537 Θεὸν
3315 1485 3398 1538 καὶ
3433 1485 3659 1555 Δεσπότην,

2184 1579 2274 1631 τὸν
2295 1577 2387 1631 καὶ
2411 1577 2576 1630 αὑτοῦ
2606 1575 2865 1648 Χριστοῦ,
2900 1575 2993 1628 τὸν
3035 1573 3352 1629 παλαιοῦντα
3381 1574 3468 1639 τὰς
3489 1575 3663 1647 ἡμέρας,

2182 1668 2276 1722 καὶ
2299 1667 2388 1720 τὸν
2416 1666 2518 1720 ὑπὸ
2548 1665 2752 1738 χρόνων
2777 1663 2999 1735 ἡμερῶν
3039 1666 3112 1737 μὴ
3137 1663 3512 1736 παλαιούμενον.

2264 1761 2327 1816 Ἠ
2350 1759 2597 1823 ἐξουσία
2618 1758 2802 1812 αὐτοῦ
2827 1758 3085 1823 ἐξουσία
3115 1756 3352 1823 αἰώνιος.
3399 1755 3663 1810 Ἱππολύτου.

2185 1851 2275 1922 Τῷ
2300 1847 2392 1904 οὖν
2436 1849 2548 1920 ἰδίῳ
2583 1848 2696 1920 Υίῷ
2729 1852 2758 1902 ό
2797 1849 2987 1920 Πατὴρ
3017 1849 3192 1903 πάντα
3218 1847 3464 1912 ὑποτάξας
3484 1846 3540 1900 τά
3561 1862 3606 1898 τε
3625 1847 3668 1898 ἐν

2181 1941 2563 2010 τοῖς-οὐρανοῖς
2589 1940 2682 1992 καὶ
2719 1937 2787 1991 τὰ
2815 1937 2906 1991 ἐπὶ
2941 1937 3044 2008 τῆς
3065 1936 3186 2008 γῆς,
3232 1938 3315 1992 διά
3351 1937 3539 1991 πάντων
3571 1937 3669 1988 ἁπι-

2179 2029 2348 2095 δειξεν
2378 2029 2540 2083 αὐτὸν
2571 2029 2907 2102 πρωτότοκον
2928 2029 2993 2082 ὲκ
3013 2027 3172 2094 Θεοῦ,
3199 2029 3280 2083 ἵνα
3309 2027 3432 2099 μετά
3448 2026 3524 2081 τοῦ
3542 2026 3671 2079 Πατέ‹

2182 2140 2272 2195 ρος
2297 2123 2423 2187 Υἱός
2452 2122 2586 2176 Θεοῦ
2635 2121 2710 2176 ὢν
2751 2122 3047 2195 ἀποδειχθῇ
3084 2125 3189 2196 πρὸ
3235 2122 3474 2192 ἀγγέλων,
3503 2120 3573 2172 ἵνα
3602 2118 3670 2170 καὶ

2177 2212 2420 2281 ἀγγέλων
2449 2212 2634 2284 κύριος
2667 2217 2823 2286 φανῇ·
2850 2215 3195 2285 πρωτότοκον
3216 2214 3278 2266 ὲκ
3316 2208 3569 2280 παρθένου,
3609 2207 3669 2257 ἵνα

2174 2304 2265 2357 τὸν
2287 2305 2709 2374 πρωτόπλαστον
2763 2305 2933 2377 Ἀδὰμ
2973 2308 3034 2360 ὲν
3077 2303 3223 2375 αὐτῷ
3262 2301 3572 2356 ἀναπλάσσων
3592 2297 3670 2350 δει-

2175 2393 2297 2465 χθῇ·
2331 2393 2671 2464 πρωτότοκον
2707 2396 2772 2448 ὲκ
2801 2393 3034 2467 νεκρῶν,
3070 2395 3160 2449 ἵνα
3187 2391 3397 2465 ἀπαρχὴ
3419 2389 3506 2461 τῆς
3523 2384 3671 2458 ἡμετέ-

2175 2501 2275 2554 ρας
2310 2483 2657 2547 ἀναστάσεως
2685 2484 2847 2549 αύτὸς
2883 2483 3117 2556 γενηθῇ.

2245 2657 2386 2712 Ibid.
2421 2659 2580 2724 Ἤτις
2625 2660 2697 2714 οὐ
2740 2659 3173 2727 παρελεύσεται
3192 2699 3206 2711 .
3247 2654 3547 2711 Ἱππολύτου.
3591 2651 3671 2720 Τὴν

2172 2749 2292 2818 ὲξου
2301 2752 2419 2806 σίαν
2435 2754 2613 2805 πᾶσαν
2625 2751 2721 2823 τὴν
2739 2768 2812 2804 πα
2821 2751 2886 2823 ρά
2901 2750 2992 2805 τοῦ
3015 2753 3230 2823 Πατρός
3244 2750 3505 2820 δεδομένην
3516 2743 3579 2814 τῷ
3591 2741 3672 2810 Υίῷ

2170 2842 2464 2909 ὑπέδειξεν,
2496 2843 2556 2907 ὃς
2583 2843 2914 2914 ἐπουρανίων
2943 2845 3041 2898 καὶ
3077 2842 3329 2910 ἐπιγείων
3357 2839 3442 2893 καὶ
3464 2833 3670 2904 καταχθο-

2168 2934 2294 2988 νίων
2325 2933 2581 3004 βασιλεὺς
2605 2935 2699 2988 καὶ
2714 2933 2903 3005 κριτὴς
2932 2933 3154 2986 πάντων
3173 2930 3673 2986 ἀποδέδεικταισέπου·

2174 3026 2370 3098 ρανίων
2402 3027 2520 3097 μὲν,
2551 3028 2633 3079 ὅτι
2665 3027 2836 3095 Λόγος
2867 3028 2931 3079 ἐκ
2961 3027 3198 3100 καρδίας
3229 3025 3430 3097 Πατρὸς
3457 3021 3545 3094 πρὸ
3569 3019 3669 3071 πάν-

2168 3135 2276 3171 των
2303 3118 2661 3189 γεγενημένος
2688 3114 2755 3190 ἦν
2774 3118 3064 3187 ’ἐπιγείων
3093 3121 3170 3184 δὲ,
3196 3114 3542 3188 ὃτιᾶνθρωπος
3563 3113 3674 3178 ἐγεν-

2169 3209 2324 3280 νήθη,
2357 3209 2711 3264 ἀναπλάσσων
2733 3199 2798 3263 δι’
2826 3210 2989 3264 αὐτοῦ
3021 3211 3114 3264 τὸν
3157 3209 3344 3279 Ἀδάμ·
3376 3201 3672 3273 καταχθονίων

2165 3299 2241 3363 δὲ,
2277 3301 2357 3353 ὅτι
2386 3300 2478 3353 xa-l.
2509 3301 2566 3354 ὲν
2596 3304 2808 3372 νεκροῖς
2837 3301 3220 3373 κατελογίσθη,
3263 3294 3672 3367 εὐαγγελιζόμενος

2164 3393 2283 3455 ταῖς
2310 3390 2418 3446 τῶν
2440 3391 2607 3467 ἁγίων
2638 3391 2855 3462 ψυχαῖς,
2891 3392 2978 3444 διά
3019 3393 3254 3446 θανάτου
3287 3391 3495 3444 θάνατον
3530 3380 3669 3435 νικῶν·

2233 3571 2319 3637 ιζ’.
2344 3572 2417 3626 AZ
2431 3572 2826 3641 dpﬂrio’ortat.‘
2845 3571 3189 3625 Ἱππολύτου.
3209 3568 3326 3623 Τῶν
3342 3567 3442 3638 γάρ
3457 3561 3595 3635 τριῶν
3604 3559 3672 3627 θη-

2161 3663 2292 3735 ρίων
2338 3663 2437 3736 ἤδη
2490 3663 2887 3735 διαδραμόντων
2918 3663 3013 3716 καλ⁵
3063 3662 3459 3734 μεταστάντων,
3499 3655 3577 3710 καὶ
3603 3651 3672 3704 τοῦ

2159 3753 2276 3817 ἐνὸς
2320 3754 2504 3824 ἀκμὴν
2535 3753 2612 3805 ἔτι
2653 3751 2966 3814 ἐνεστῶτος,
3003 3753 3102 3806 ἐάν
3149 3753 3243 3805 καὶ
3277 3749 3426 3804 τοῦτο
3465 3741 3674 3818 μεταρθῄ

2158 3841 2388 3896 παύεται
2419 3841 2601 3894 λοιπὸν
2622 3840 2691 3893 τά
2729 3839 2964 3908 ἐπίγεια,
3000 3841 3234 3912 ἄρχεται
3265 3837 3442 3892 λοιπὸν
3468 3835 3529 3889 τά
3552 3835 3678 3886 ὲπου·

2158 3936 2336 4007 ράνια,
2372 3934 2458 3988 ἵνα
2490 3935 2550 3986 τὸ
2582 3933 2691 3986 τῶν
2721 3932 2888 4000 ἁγίων
2915 3933 3260 3988 ἀκατάλυτον
3282 3932 3373 3986 καὶ
3402 3927 3591 3984 αἰώνιον
3609 3921 3678 3990 βα-

2157 4025 2350 4078 σίλειον
2393 4024 2598 4095 δειχθῇο
2648 4016 2740 4077 καὶ
2788 4024 2817 4076 ὁ
2857 4021 3114 4091 βασιλεὺς
3158 4023 3402 4095 οὐράνιος
3437 4007 3676 4089 προφανῶς

2154 4118 2317 4170 πᾶσιν
2358 4116 2684 4188 ἐπιδειχθῇ,
2719 4115 2913 4187 μηκέτι
2959 4114 3050 4168 διά
3091 4116 3292 4179 εἴδους,
3331 4114 3405 4176 ὡς
3444 4113 3497 4163 ὲν
3535 4104 3679 4176 όράσει

2155 4209 2503 4280 βλεπόμενος,
2554 4209 2691 4279 μήτε
2733 4209 2791 4260 ὲν
2843 4205 3018 4276 στύλῳ
3061 4206 3296 4278 νεφέλης
3350 4203 3439 4258 ἐπὶ
3482 4192 3678 4270 κορυφῆς

2151 4302 2310 4373 ὅρους
2361 4298 2893 4369 ἀποκαλυπτόμενος,
2941 4297 3080 4351 ἀλλά
3136 4297 3278 4368 μετά
3322 4293 3575 4363 δυνάμεων
3610 4283 3681 4339 καὶ

492 4393 738 4462 εἰιιιεξηε
763 4392 1036 4462 angelieas
1069 4393 1382 4448 incarnatus
1415 4392 1554 4448 Deus
1583 4402 1637 4449 et
1662 4393 1846 4460 homo,
1879 4393 2048 4449 Filius

2170 4391 2417 4462 ττρατιῶν
2461 4390 2762 4461 ἀγγελικῶν
2802 4389 3066 4461 ἕνσαρκος
3119 4390 3258 4453 Θεὸς
3303 4388 3394 4441 καὶ
3424 4383 3678 4454 ἄνθρωπος,

490 4482 585 4538 Dei
626 4490 681 4536 ct
727 4480 899 4537 Filius
939 4483 1196 4549 hominis,
1237 4499 1266 4538 a
1306 4483 1462 4539 curiis
1502 4483 1674 4554 judcx
1732 4485 1925 4540 mundi
1955 4485 2053 4541 ad-

2170 4483 2283 4546 Υἱὸς
2313 4482 2447 4537 Θεοῦ
2494 4483 2588 4536 καὶ
2619 4481 2733 4544 υίὸς
2770 4479 3080 4552 ἀνθρώπου,
3131 4483 3232 4542 ἀπ’
3273 4477 3504 4552 οὐρανῶν
3531 4469 3681 4543 κριτὴς

557 4575 731 4628 niens.

557 4590 731 4628 mens.

488 4590 747 4720 vev.19.
786 4662 1012 4717 -Ροει
1075 4663 1168 4716 hoc
1223 4664 1362 4719 colui
1415 4664 1691 4735 diligenter
1745 4665 1944 4720 discere
1987 4666 2054 4721 de

489 4758 655 4810 bestia
713 4764 924 4824 quarta.
985 4751 1273 4824 Hippolyti.
1331 4753 1407 4810 De
1447 4763 1643 4826 quarto
1684 4755 1946 4826 imperio,
1989 4764 2048 4811 ut

486 4863 650 4920 supra
683 4847 920 4902 diximus
941 4887 958 4913 ,
992 4847 1251 4916 loquitur,
1288 4846 1418 4902 illud
1439 4847 1648 4902 scilicet
1670 4847 1914 4904 indicans
1939 4863 2048 4918 quo

486 4939 840 5014 majus’aliud
895 4955 1003 4993 non
1068 4939 1345 4998 surrexit;
1387 4954 1453 4994 ex
1498 4954 1609 5009 quo
1657 4939 1865 4994 oritura
1916 4949 2042 4994 sunt

481 5035 666 5087 decem
701 5045 939 5096 cornua,
974 5039 1028 5084 et
1069 5027 1373 5082 dividentur
1402 5028 1455 5082 in
1488 5028 1673 5084 decem
1713 5027 2041 5083 diademata.

478 5123 621 5179 inter
679 5125 768 5180 illa
845 5137 1046 5180 cornua
1101 5121 1245 5176 aliud
1284 5135 1509 5190 parvum
1590 5135 1760 5176 cornu
1813 5131 1996 5191 surget
2028 5161 2043 5186 ,

481 5217 626 5288 quod
691 5225 774 5273 est
830 5231 1000 5271 cornu
1065 5211 1408 5276 Antichristi,
1465 5221 1521 5267 et
1589 5212 1886 5267 eradicabit
1942 5213 2044 5268 tria

472 5324 688 5364 cornua
741 5324 770 5363 a
835 5307 972 5364 facie
1036 5306 1191 5376 ejus,
1255 5304 1355 5358 hoc
1414 5313 1499 5358 est
1561 5304 1667 5356 tria
1725 5318 1891 5374 regna
1950 5304 2046 5358 de-

485 5411 658 5457 struet
681 5401 900 5474 Egypti
928 5441 943 5467 ,
979 5401 1161 5473 Libya:
1180 5441 1195 5467 ,
1231 5397 1520 5467 [Ethiopiaa
1544 5439 1559 5465 ,
1604 5396 1792 5452 volens
1821 5397 1922 5452 sibi
1952 5413 2042 5451 ar-

484 5506 676 5560 rogare
743 5507 957 5548 omnem
1049 5491 1496 5547 dominationem.
1578 5489 1716 5543 Cum
1779 5489 2040 5545 devicerit

478 5582 688 5651 reliqua
742 5599 944 5640 cornua
1002 5595 1206 5655 septem
1236 5627 1251 5651 ,
1296 5584 1518 5655 incipiet
1574 5584 1815 5649 demum,
1863 5583 2041 5637 alieno

474 5687 531 5732 ct
570 5675 712 5731 malo
760 5676 951 5745 spiritu
980 5685 1216 5749 tumens,
1247 5680 1512 5735 suscitare
1543 5677 1740 5734 bellum
1779 5675 2037 5732 adversus

2151 4576 2228 4648 τῷ
2253 4575 2439 4647 κόσμῳ
2459 4573 2906 4645 παραγινόμενος.

2220 4667 2304 4722 ιϐ’.
2332 4666 2441 4722 Καὶ
2472 4664 2714 4732 ἐζήτουν
2737 4664 2870 4733 περὶ
2904 4661 3010 4718 τοῦ
3040 4664 3260 4732 θηρίου
3291 4660 3397 4716 τοῦ
3430 4655 3680 4724 τετάρτωί

2160 4758 2494 4812 Ἱππολύτου.
2540 4755 2738 4821 Καθὼς
2783 4755 3091 4826 φθάσαντες
3127 4753 3232 4824 τὴν
3270 4750 3528 4822 τετάρτην
3569 4743 3683 4796 εἷποσ

2151 4867 2246 4922 μεν
2270 4849 2560 4920 βασιλείαν,
2589 4848 2790 4919 ταύτην
2813 4847 2988 4920 δηλῶν
3007 4850 3148 4919 παρ’
3183 4849 3251 4920 ἢν
3277 4845 3439 4917 ἑτέρα
3458 4838 3577 4906 ἄλλη
3603 4830 3686 4904 μεέ-

2146 4943 2380 5008 ζωνκαὶ
2409 4941 2628 5012 τοιαύτη
2664 4940 2907 5011 βασιλεία
2935 4941 3025 4993 ἐπὶ
3055 4941 3162 5012 τῆς
3206 4940 3316 5009 γῆς
3369 4937 3465 4989 ούκ
3498 4928 3685 4999 ἐγήγερ-

2143 5046 2254 5092 ται,
2290 5028 2350 5093 ὲξ
2378 5024 2447 5101 ἧς
2473 5027 2655 5098 μέλλει
2686 5027 3017 5096 ἀναφύεσθαι
3053 5028 3199 5082 δέκα
3235 5028 3459 5097 κέρατα,
3497 5018 3581 5074 καὶ
3618 5024 3686 5083 με’

2145 5122 2460 5196 ρισθήσεται
2491 5123 2570 5184 είς
2595 5122 2724 5175 δέκα
2750 5121 3071 5193 διαδήματα⁶
3108 5121 3210 5174 καὶ
3239 5123 3299 5173 ἐν
3328 5118 3501 5176 αὐτοῖς
3533 5109 3682 5176 ἕτερον

2147 5214 2336 5287 μικρὸν
2356 5215 2525 5284 κέρας
2549 5213 2900 5285 ἀναϐήσεται,
2925 5213 3063 5283 ὅπερ
3099 5213 3226 5266 ἐστὶ
3262 5211 3324 5265 τὸ
3367 5207 3451 5262 τοῦ
3487 5196 3684 5270 ἀντιχρί-

2147 5323 2289 5359 στου·
2315 5307 2410 5359 και
2430 5304 2715 5375 ὲκριζώσει
2739 5305 2865 5370 τρία
2879 5305 2985 5358 τῶν
3010 5303 3333 5376 ἔμπροσθεν
3364 5295 3538 5355 αὐτοῦ·
3557 5304 3682 5344 τουτ-

2142 5399 2256 5452 έστι
2311 5399 2434 5460 τοὺς
2463 5400 2609 5467 τρεῖς
2655 5397 2893 5467 βασιλεῖς
2927 5396 3128 5460 ἀνελεῖ,
3175 5395 3474 5464 Αἰγύπτου,
3505 5380 3682 5440 Λιϐύων

2141 5507 2220 5554 τε,
2267 5489 2359 5543 καὶ
2412 5488 2702 5551 Αἰθιόπων,
2738 5486 3055 5557 βουλόμενος
3084 5484 3271 5555 ἑαυτῷ
3322 5469 3678 5552 περιποιεῖσθαι

2140 5582 2236 5653 τὴν
2281 5582 2463 5634 πᾶσαν
2516 5580 2805 5650 βασιλείανσ
2856 5580 3025 5650 ὅσπερ
3070 5579 3363 5649 κρατήσας
3384 5571 3488 5628 τῶν
3509 5560 3678 5621 λοιπῶν

2141 5674 2384 5747 κεράτων
2418 5672 2574 5739 ἑπτά,
2608 5673 2830 5745 ἄρχεται
2862 5671 3065 5734 λοιπὸν,
3104 5671 3216 5726 ὑπὸ
3261 5667 3354 5722 τοῦ
3390 5660 3529 5732 αύτῷ
3551 5654 3678 5712 ἁλλο-
