  <div class='ocr_page' id='page_1' title='image "/cluster/home/n/w/nwhite01/storage/ocr_20150623/10/hvd.32044073501330/362.png"; bbox 0 0 3814 6198; ppageno 0'>
   <div class='ocr_carea' id='block_1_1' title="bbox 202 299 302 354">
    <p class='ocr_par' dir='ltr' id='par_1_1' title="bbox 202 299 302 354">
     <span class='ocr_line' id='line_1_1' title="bbox 202 299 302 354; baseline 0 0"><span class='ocrx_word' id='word_1_1' title='bbox 202 299 302 354; x_wconf 78' lang='grc'><strong>685</strong></span> 
     </span>
    </p>
   </div>
   <div class='ocr_carea' id='block_1_2' title="bbox 1353 295 2270 354">
    <p class='ocr_par' dir='ltr' id='par_1_2' title="bbox 1353 295 2270 354">
     <span class='ocr_line' id='line_1_2' title="bbox 1353 295 2270 354; baseline -0.002 0"><span class='ocrx_word' id='word_1_2' title='bbox 1353 297 1773 354; x_wconf 78' lang='lat' dir='ltr'><strong>FRAGMENTA</strong></span> <span class='ocrx_word' id='word_1_3' title='bbox 1801 295 1867 349; x_wconf 87' lang='lat' dir='ltr'><strong>IN</strong></span> <span class='ocrx_word' id='word_1_4' title='bbox 1907 295 2270 354; x_wconf 75' lang='lat' dir='ltr'><strong>DANlELEM.</strong></span> 
     </span>
    </p>
   </div>
   <div class='ocr_carea' id='block_1_3' title="bbox 3323 291 3428 347">
    <p class='ocr_par' dir='ltr' id='par_1_3' title="bbox 3323 291 3428 347">
     <span class='ocr_line' id='line_1_3' title="bbox 3323 291 3428 347; baseline 0 -1"><span class='ocrx_word' id='word_1_5' title='bbox 3323 291 3428 347; x_wconf 79' lang='lat'><strong>686</strong></span> 
     </span>
    </p>
   </div>
   <div class='ocr_carea' id='block_1_4' title="bbox 202 416 1782 493">
    <p class='ocr_par' dir='ltr' id='par_1_4' title="bbox 202 419 1768 493">
     <span class='ocr_line' id='line_1_4' title="bbox 202 419 1768 493; baseline 0.001 -23"><span class='ocrx_word' id='word_1_6' title='bbox 202 419 346 488; x_wconf 83' lang='grc' dir='ltr'>τρίου</span> <span class='ocrx_word' id='word_1_7' title='bbox 401 421 494 472; x_wconf 73' lang='grc' dir='ltr'>καὶ</span> <span class='ocrx_word' id='word_1_8' title='bbox 547 420 781 493; x_wconf 74' lang='grc' dir='ltr'>πονηροῦ</span> <span class='ocrx_word' id='word_1_9' title='bbox 825 420 1128 491; x_wconf 85' lang='grc' dir='ltr'>πνεύματος</span> <span class='ocrx_word' id='word_1_10' title='bbox 1180 421 1487 492; x_wconf 76' lang='grc' dir='ltr'>φυσιωθεὶς,</span> <span class='ocrx_word' id='word_1_11' title='bbox 1536 421 1768 490; x_wconf 85' lang='grc' dir='ltr'>πόλεμον</span> 
     </span>
    </p>
   </div>
   <div class='ocr_carea' id='block_1_5' title="bbox 1903 416 3430 493">
    <p class='ocr_par' dir='ltr' id='par_1_5' title="bbox 1903 416 3430 489">
     <span class='ocr_line' id='line_1_5' title="bbox 1903 416 3430 489; baseline -0.001 -17"><span class='ocrx_word' id='word_1_12' title='bbox 1903 431 2087 474; x_wconf 85' lang='lat' dir='ltr'><strong>auctos</strong></span> <span class='ocrx_word' id='word_1_13' title='bbox 2111 461 2125 486; x_wconf 93' lang='lat'><strong>,</strong></span> <span class='ocrx_word' id='word_1_14' title='bbox 2176 430 2232 474; x_wconf 77' lang='lat' dir='ltr'><strong>et</strong></span> <span class='ocrx_word' id='word_1_15' title='bbox 2270 435 2457 475; x_wconf 88' lang='lat' dir='ltr'><strong>omnes</strong></span> <span class='ocrx_word' id='word_1_16' title='bbox 2490 419 2692 489; x_wconf 86' lang='lat' dir='ltr'><strong>ubique</strong></span> <span class='ocrx_word' id='word_1_17' title='bbox 2734 426 3114 488; x_wconf 77' lang='lat' dir='ltr'><strong>persequetur,</strong></span> <span class='ocrx_word' id='word_1_18' title='bbox 3143 416 3331 471; x_wconf 79' lang='lat' dir='ltr'><strong>volens</strong></span> <span class='ocrx_word' id='word_1_19' title='bbox 3362 417 3430 470; x_wconf 88' lang='lat' dir='ltr'><strong>ab</strong></span> 
     </span>
    </p>
   </div>
   <div class='ocr_carea' id='block_1_6' title="bbox 204 512 1770 588">
    <p class='ocr_par' dir='ltr' id='par_1_6' title="bbox 204 512 1770 588">
     <span class='ocr_line' id='line_1_6' title="bbox 204 512 1770 588; baseline 0.004 -26"><span class='ocrx_word' id='word_1_20' title='bbox 204 512 433 583; x_wconf 74' lang='grc' dir='ltr'><strong>ἐγείρειν</strong></span> <span class='ocrx_word' id='word_1_21' title='bbox 465 512 606 566; x_wconf 78' lang='grc' dir='ltr'>κατὰ</span> <span class='ocrx_word' id='word_1_22' title='bbox 629 513 740 567; x_wconf 88' lang='grc' dir='ltr'><strong>τῶν</strong></span> <span class='ocrx_word' id='word_1_23' title='bbox 767 515 955 583; x_wconf 81' lang='grc' dir='ltr'><strong>ἁγίων,</strong></span> <span class='ocrx_word' id='word_1_24' title='bbox 991 517 1083 568; x_wconf 70' lang='grc' dir='ltr'><strong>καὶ</strong></span> <span class='ocrx_word' id='word_1_25' title='bbox 1113 515 1319 580; x_wconf 84' lang='grc' dir='ltr'><strong>πάντας</strong></span> <span class='ocrx_word' id='word_1_26' title='bbox 1343 517 1616 588; x_wconf 78' lang='grc' dir='ltr'><strong>πανταχοῦ</strong></span> <span class='ocrx_word' id='word_1_27' title='bbox 1647 515 1770 570; x_wconf 82' lang='grc' dir='ltr'>διώ-</span> 
     </span>
    </p>
   </div>
   <div class='ocr_carea' id='block_1_7' title="bbox 204 602 1768 680">
    <p class='ocr_par' dir='ltr' id='par_1_7' title="bbox 204 602 1768 680">
     <span class='ocr_line' id='line_1_7' title="bbox 204 602 1768 680; baseline 0.002 -23"><span class='ocrx_word' id='word_1_28' title='bbox 204 620 334 665; x_wconf 75' lang='grc' dir='ltr'>κειν,</span> <span class='ocrx_word' id='word_1_29' title='bbox 373 602 696 675; x_wconf 85' lang='grc' dir='ltr'>βουλόμενος</span> <span class='ocrx_word' id='word_1_30' title='bbox 732 605 835 659; x_wconf 84' lang='grc' dir='ltr'>ὑπὸ</span> <span class='ocrx_word' id='word_1_31' title='bbox 866 605 1082 660; x_wconf 86' lang='grc' dir='ltr'>πάντων</span> <span class='ocrx_word' id='word_1_32' title='bbox 1108 605 1423 673; x_wconf 78' lang='grc' dir='ltr'><strong>δοξάζεσθαι</strong></span> <span class='ocrx_word' id='word_1_33' title='bbox 1472 610 1563 662; x_wconf 68' lang='grc' dir='ltr'><strong>καὶ</strong></span> <span class='ocrx_word' id='word_1_34' title='bbox 1602 626 1768 680; x_wconf 89' lang='grc' dir='ltr'>προσ-</span> 
     </span>
    </p>
   </div>
   <div class='ocr_carea' id='block_1_8' title="bbox 200 694 760 761">
    <p class='ocr_par' dir='ltr' id='par_1_8' title="bbox 200 694 760 761">
     <span class='ocr_line' id='line_1_8' title="bbox 200 694 760 761; baseline 0.007 -14"><span class='ocrx_word' id='word_1_35' title='bbox 200 694 479 748; x_wconf 78' lang='grc' dir='ltr'>κυνείσθαι</span> <span class='ocrx_word' id='word_1_36' title='bbox 508 695 584 761; x_wconf 84' lang='grc' dir='ltr'>ὼς</span> <span class='ocrx_word' id='word_1_37' title='bbox 609 697 760 761; x_wconf 84' lang='grc' dir='ltr'>Θεός.</span> 
     </span>
    </p>
   </div>
   <div class='ocr_carea' id='block_1_9' title="bbox 262 781 1770 864">
    <p class='ocr_par' dir='ltr' id='par_1_9' title="bbox 262 781 1770 864">
     <span class='ocr_line' id='line_1_9' title="bbox 262 781 1770 864; baseline -0.006 -14"><span class='ocrx_word' id='word_1_38' title='bbox 262 781 370 850; x_wconf 74' lang='grc' dir='ltr'><strong>κβὀ</strong></span> <span class='ocrx_word' id='word_1_39' title='bbox 399 787 547 856; x_wconf 80' lang='grc' dir='ltr'><strong>Ἕως</strong></span> <span class='ocrx_word' id='word_1_40' title='bbox 574 787 772 861; x_wconf 75' lang='grc' dir='ltr'>ἦλθεν.</span> <span class='ocrx_word' id='word_1_41' title='bbox 803 787 1135 845; x_wconf 86' lang='grc' dir='ltr'>Ἱππολύτου.</span> <span class='ocrx_word' id='word_1_42' title='bbox 1193 793 1635 864; x_wconf 82' lang='grc' dir='ltr'>Παραγινομένου</span> <span class='ocrx_word' id='word_1_43' title='bbox 1663 791 1770 844; x_wconf 78' lang='grc' dir='ltr'>λοι-</span> 
     </span>
    </p>
   </div>
   <div class='ocr_carea' id='block_1_10' title="bbox 200 882 1770 956">
    <p class='ocr_par' dir='ltr' id='par_1_10' title="bbox 200 882 1770 956">
     <span class='ocr_line' id='line_1_10' title="bbox 200 882 1770 956; baseline 0.002 -24"><span class='ocrx_word' id='word_1_44' title='bbox 200 882 293 932; x_wconf 60' lang='grc' dir='ltr'><strong>τὸν</strong></span> <span class='ocrx_word' id='word_1_45' title='bbox 318 882 428 935; x_wconf 80' lang='grc' dir='ltr'>ἀπὸ</span> <span class='ocrx_word' id='word_1_46' title='bbox 457 883 683 954; x_wconf 83' lang='grc' dir='ltr'>ούρανοῦ</span> <span class='ocrx_word' id='word_1_47' title='bbox 704 883 898 955; x_wconf 85' lang='grc' dir='ltr'>Κριτοῦ</span> <span class='ocrx_word' id='word_1_48' title='bbox 923 884 1030 938; x_wconf 88' lang='grc' dir='ltr'><strong>τῶν</strong></span> <span class='ocrx_word' id='word_1_49' title='bbox 1059 884 1258 956; x_wconf 84' lang='grc' dir='ltr'><strong>κριτῶν</strong></span> <span class='ocrx_word' id='word_1_50' title='bbox 1280 883 1372 938; x_wconf 77' lang='grc' dir='ltr'><strong>καὶ</strong></span> <span class='ocrx_word' id='word_1_51' title='bbox 1393 883 1485 938; x_wconf 87' lang='grc' dir='ltr'><strong>τοῦ</strong></span> <span class='ocrx_word' id='word_1_52' title='bbox 1500 883 1770 947; x_wconf 77' lang='grc' dir='ltr'><strong>Βασιλέως</strong></span> 
     </span>
    </p>
   </div>
   <div class='ocr_carea' id='block_1_11' title="bbox 199 971 1771 1045">
    <p class='ocr_par' dir='ltr' id='par_1_11' title="bbox 199 971 1771 1045">
     <span class='ocr_line' id='line_1_11' title="bbox 199 971 1771 1045; baseline -0.002 -19"><span class='ocrx_word' id='word_1_53' title='bbox 199 974 302 1026; x_wconf 83' lang='grc' dir='ltr'><strong>τῶν</strong></span> <span class='ocrx_word' id='word_1_54' title='bbox 341 973 626 1045; x_wconf 85' lang='grc' dir='ltr'>βασιλέων,</span> <span class='ocrx_word' id='word_1_55' title='bbox 660 972 718 1035; x_wconf 76' lang='grc' dir='ltr'>ὃς</span> <span class='ocrx_word' id='word_1_56' title='bbox 747 975 1072 1044; x_wconf 76' lang='grc' dir='ltr'>μεταστήσει</span> <span class='ocrx_word' id='word_1_57' title='bbox 1095 974 1270 1026; x_wconf 82' lang='grc' dir='ltr'>πᾶσαν</span> <span class='ocrx_word' id='word_1_58' title='bbox 1294 972 1391 1043; x_wconf 82' lang='grc' dir='ltr'>τὴν</span> <span class='ocrx_word' id='word_1_59' title='bbox 1419 971 1512 1025; x_wconf 91' lang='grc' dir='ltr'><strong>τοῦ</strong></span> <span class='ocrx_word' id='word_1_60' title='bbox 1535 972 1771 1024; x_wconf 86' lang='grc' dir='ltr'>ἀντικει-</span> 
     </span>
    </p>
   </div>
   <div class='ocr_carea' id='block_1_12' title="bbox 1867 507 3144 581">
    <p class='ocr_par' dir='ltr' id='par_1_12' title="bbox 1867 507 3144 581">
     <span class='ocr_line' id='line_1_12' title="bbox 1867 507 3144 581; baseline -0.001 -18"><span class='ocrx_word' id='word_1_61' title='bbox 1867 510 2122 566; x_wconf 90' lang='lat' dir='ltr'><strong>omnibus</strong></span> <span class='ocrx_word' id='word_1_62' title='bbox 2158 511 2445 581; x_wconf 84' lang='lat' dir='ltr'><strong>glorilicari</strong></span> <span class='ocrx_word' id='word_1_63' title='bbox 2483 521 2536 565; x_wconf 90' lang='lat' dir='ltr'><strong>et</strong></span> <span class='ocrx_word' id='word_1_64' title='bbox 2567 510 2781 564; x_wconf 85' lang='lat' dir='ltr'><strong>adorari</strong></span> <span class='ocrx_word' id='word_1_65' title='bbox 2811 510 2951 564; x_wconf 85' lang='lat' dir='ltr'><strong>velut</strong></span> <span class='ocrx_word' id='word_1_66' title='bbox 2983 507 3144 563; x_wconf 87' lang='lat' dir='ltr'><strong>Deus.</strong></span> 
     </span>
    </p>
   </div>
   <div class='ocr_carea' id='block_1_13' title="bbox 1940 790 3433 864">
    <p class='ocr_par' dir='ltr' id='par_1_13' title="bbox 1940 790 3433 864">
     <span class='ocr_line' id='line_1_13' title="bbox 1940 790 3433 864; baseline -0.002 -17"><span class='ocrx_word' id='word_1_67' title='bbox 1940 793 2003 847; x_wconf 88' lang='lat' dir='ltr'><strong>V.</strong></span> <span class='ocrx_word' id='word_1_68' title='bbox 2034 794 2123 848; x_wconf 73' lang='grc'><strong>22.</strong></span> <span class='ocrx_word' id='word_1_69' title='bbox 2154 823 2223 833; x_wconf 90' lang='grc'><strong>-</strong></span> <span class='ocrx_word' id='word_1_70' title='bbox 2253 794 2421 849; x_wconf 83' lang='lat' dir='ltr'><strong>Donec</strong></span> <span class='ocrx_word' id='word_1_71' title='bbox 2475 795 2612 848; x_wconf 80' lang='lat' dir='ltr'><strong>venit</strong></span> <span class='ocrx_word' id='word_1_72' title='bbox 2645 790 2910 864; x_wconf 83' lang='lat' dir='ltr'><strong>Antiquus</strong></span> <span class='ocrx_word' id='word_1_73' title='bbox 2957 794 3180 847; x_wconf 82' lang='lat' dir='ltr'><strong>dierum.</strong></span> <span class='ocrx_word' id='word_1_74' title='bbox 3231 791 3433 861; x_wconf 84' lang='lat' dir='ltr'><strong>Hippo-</strong></span> 
     </span>
    </p>
   </div>
   <div class='ocr_carea' id='block_1_14' title="bbox 1868 882 3432 957">
    <p class='ocr_par' dir='ltr' id='par_1_14' title="bbox 1868 882 3432 957">
     <span class='ocr_line' id='line_1_14' title="bbox 1868 882 3432 957; baseline -0.003 -16"><span class='ocrx_word' id='word_1_75' title='bbox 1868 885 1982 957; x_wconf 86' lang='lat' dir='ltr'><strong>lyti.</strong></span> <span class='ocrx_word' id='word_1_76' title='bbox 2023 885 2178 940; x_wconf 83' lang='lat' dir='ltr'><strong>Venit</strong></span> <span class='ocrx_word' id='word_1_77' title='bbox 2210 887 2423 940; x_wconf 84' lang='lat' dir='ltr'><strong>tandem</strong></span> <span class='ocrx_word' id='word_1_78' title='bbox 2453 901 2482 941; x_wconf 90' lang='lat' dir='ltr'><strong>e</strong></span> <span class='ocrx_word' id='word_1_79' title='bbox 2521 887 2659 942; x_wconf 72' lang='lat' dir='ltr'><strong>cmlo</strong></span> <span class='ocrx_word' id='word_1_80' title='bbox 2707 885 2879 941; x_wconf 83' lang='lat' dir='ltr'><strong>Judex</strong></span> <span class='ocrx_word' id='word_1_81' title='bbox 2918 884 3188 954; x_wconf 83' lang='lat' dir='ltr'><strong>judicum,</strong></span> <span class='ocrx_word' id='word_1_82' title='bbox 3234 893 3287 938; x_wconf 91' lang='lat' dir='ltr'><strong>et</strong></span> <span class='ocrx_word' id='word_1_83' title='bbox 3318 882 3432 938; x_wconf 75' lang='lat' dir='ltr'><strong>Rex</strong></span> 
     </span>
    </p>
   </div>
   <div class='ocr_carea' id='block_1_15' title="bbox 1869 973 3437 1048">
    <p class='ocr_par' dir='ltr' id='par_1_15' title="bbox 1869 973 3437 1048">
     <span class='ocr_line' id='line_1_15' title="bbox 1869 973 3437 1048; baseline -0.004 -15"><span class='ocrx_word' id='word_1_84' title='bbox 1869 992 2078 1045; x_wconf 86' lang='lat' dir='ltr'><strong>regum,</strong></span> <span class='ocrx_word' id='word_1_85' title='bbox 2123 975 2216 1048; x_wconf 88' lang='lat' dir='ltr'><strong>qui</strong></span> <span class='ocrx_word' id='word_1_86' title='bbox 2263 977 2503 1031; x_wconf 74' lang='lat' dir='ltr'><strong>destruet</strong></span> <span class='ocrx_word' id='word_1_87' title='bbox 2543 991 2760 1032; x_wconf 90' lang='lat' dir='ltr'><strong>omnem</strong></span> <span class='ocrx_word' id='word_1_88' title='bbox 2809 975 3020 1029; x_wconf 81' lang='lat' dir='ltr'><strong>Inimici</strong></span> <span class='ocrx_word' id='word_1_89' title='bbox 3060 973 3345 1044; x_wconf 85' lang='lat' dir='ltr'><strong>imperium</strong></span> <span class='ocrx_word' id='word_1_90' title='bbox 3382 983 3437 1028; x_wconf 89' lang='lat' dir='ltr'><strong>et</strong></span> 
     </span>
    </p>
   </div>
   <div class='ocr_carea' id='block_1_16' title="bbox 207 1061 1782 1138">
    <p class='ocr_par' dir='ltr' id='par_1_16' title="bbox 207 1061 1770 1138">
     <span class='ocr_line' id='line_1_16' title="bbox 207 1061 1770 1138; baseline -0.002 -20"><span class='ocrx_word' id='word_1_91' title='bbox 207 1066 366 1133; x_wconf 78' lang='grc' dir='ltr'>μένου</span> <span class='ocrx_word' id='word_1_92' title='bbox 422 1066 598 1138; x_wconf 80' lang='grc' dir='ltr'>ἀρχὴν</span> <span class='ocrx_word' id='word_1_93' title='bbox 642 1067 736 1119; x_wconf 74' lang='grc' dir='ltr'><strong>καὶ</strong></span> <span class='ocrx_word' id='word_1_94' title='bbox 767 1065 1016 1136; x_wconf 87' lang='grc' dir='ltr'>δύναμιν,</span> <span class='ocrx_word' id='word_1_95' title='bbox 1055 1066 1147 1117; x_wconf 73' lang='grc' dir='ltr'><strong>καὶ</strong></span> <span class='ocrx_word' id='word_1_96' title='bbox 1192 1061 1520 1132; x_wconf 82' lang='grc' dir='ltr'>καταφλέξει</span> <span class='ocrx_word' id='word_1_97' title='bbox 1562 1063 1770 1126; x_wconf 83' lang='grc' dir='ltr'>πάντας</span> 
     </span>
    </p>
   </div>
   <div class='ocr_carea' id='block_1_17' title="bbox 1903 1061 3434 1138">
    <p class='ocr_par' dir='ltr' id='par_1_17' title="bbox 1903 1065 3434 1135">
     <span class='ocr_line' id='line_1_17' title="bbox 1903 1065 3434 1135; baseline -0.002 -15"><span class='ocrx_word' id='word_1_98' title='bbox 1903 1076 2210 1131; x_wconf 87' lang='lat' dir='ltr'><strong>otestatem,</strong></span> <span class='ocrx_word' id='word_1_99' title='bbox 2244 1074 2294 1120; x_wconf 88' lang='lat' dir='ltr'><strong>et</strong></span> <span class='ocrx_word' id='word_1_100' title='bbox 2332 1067 2613 1121; x_wconf 88' lang='lat' dir='ltr'><strong>comburet</strong></span> <span class='ocrx_word' id='word_1_101' title='bbox 2661 1081 2851 1121; x_wconf 88' lang='lat' dir='ltr'><strong>omnes</strong></span> <span class='ocrx_word' id='word_1_102' title='bbox 2899 1074 3102 1119; x_wconf 66' lang='lat' dir='ltr'><strong>mlerno</strong></span> <span class='ocrx_word' id='word_1_103' title='bbox 3151 1065 3274 1135; x_wconf 84' lang='lat' dir='ltr'><strong>igne</strong></span> <span class='ocrx_word' id='word_1_104' title='bbox 3330 1079 3434 1134; x_wconf 89' lang='lat' dir='ltr'><strong>pu-</strong></span> 
     </span>
    </p>
   </div>
   <div class='ocr_carea' id='block_1_18' title="bbox 207 1153 1771 1227">
    <p class='ocr_par' dir='ltr' id='par_1_18' title="bbox 207 1153 1771 1227">
     <span class='ocr_line' id='line_1_18' title="bbox 207 1153 1771 1227; baseline -0.001 -19"><span class='ocrx_word' id='word_1_105' title='bbox 207 1158 405 1226; x_wconf 83' lang='grc' dir='ltr'>ιιίωνίῳ</span> <span class='ocrx_word' id='word_1_106' title='bbox 436 1158 568 1227; x_wconf 81' lang='grc' dir='ltr'><strong>πυρὶ</strong></span> <span class='ocrx_word' id='word_1_107' title='bbox 594 1155 853 1220; x_wconf 75' lang='grc' dir='ltr'>κολάζων·</span> <span class='ocrx_word' id='word_1_108' title='bbox 879 1159 993 1219; x_wconf 84' lang='grc' dir='ltr'>τοῖς</span> <span class='ocrx_word' id='word_1_109' title='bbox 1025 1155 1081 1208; x_wconf 83' lang='grc' dir='ltr'>δὲ</span> <span class='ocrx_word' id='word_1_110' title='bbox 1111 1153 1313 1218; x_wconf 88' lang='grc' dir='ltr'>δούλοις</span> <span class='ocrx_word' id='word_1_111' title='bbox 1340 1154 1503 1208; x_wconf 78' lang='grc' dir='ltr'>αὐτοῦ</span> <span class='ocrx_word' id='word_1_112' title='bbox 1532 1155 1626 1208; x_wconf 81' lang='grc' dir='ltr'><strong>καὶ</strong></span> <span class='ocrx_word' id='word_1_113' title='bbox 1659 1157 1771 1218; x_wconf 87' lang='grc' dir='ltr'>τοῖς</span> 
     </span>
    </p>
   </div>
   <div class='ocr_carea' id='block_1_19' title="bbox 208 1245 1771 1321">
    <p class='ocr_par' dir='ltr' id='par_1_19' title="bbox 208 1245 1771 1321">
     <span class='ocr_line' id='line_1_19' title="bbox 208 1245 1771 1321; baseline 0.001 -23"><span class='ocrx_word' id='word_1_114' title='bbox 208 1249 508 1318; x_wconf 70' lang='grc' dir='ltr'>προφήταις</span> <span class='ocrx_word' id='word_1_115' title='bbox 536 1248 629 1301; x_wconf 75' lang='grc' dir='ltr'><strong>καὶ</strong></span> <span class='ocrx_word' id='word_1_116' title='bbox 664 1248 932 1321; x_wconf 85' lang='grc' dir='ltr'>μάρτυρσι</span> <span class='ocrx_word' id='word_1_117' title='bbox 967 1247 1061 1300; x_wconf 78' lang='grc' dir='ltr'><strong>καὶ</strong></span> <span class='ocrx_word' id='word_1_118' title='bbox 1102 1249 1234 1300; x_wconf 75' lang='grc' dir='ltr'>πᾶσι</span> <span class='ocrx_word' id='word_1_119' title='bbox 1258 1249 1370 1311; x_wconf 87' lang='grc' dir='ltr'>τοῖς</span> <span class='ocrx_word' id='word_1_120' title='bbox 1423 1245 1771 1318; x_wconf 75' lang='grc' dir='ltr'>φοϐουμένοις</span> 
     </span>
    </p>
   </div>
   <div class='ocr_carea' id='block_1_20' title="bbox 209 1337 1773 1408">
    <p class='ocr_par' dir='ltr' id='par_1_20' title="bbox 209 1337 1773 1408">
     <span class='ocr_line' id='line_1_20' title="bbox 209 1337 1773 1408; baseline 0 -17"><span class='ocrx_word' id='word_1_121' title='bbox 209 1340 363 1391; x_wconf 67' lang='grc' dir='ltr'>αὐτὸν</span> <span class='ocrx_word' id='word_1_122' title='bbox 392 1337 552 1391; x_wconf 83' lang='grc' dir='ltr'>δώσει</span> <span class='ocrx_word' id='word_1_123' title='bbox 585 1340 647 1392; x_wconf 88' lang='grc' dir='ltr'><strong>τὸ</strong></span> <span class='ocrx_word' id='word_1_124' title='bbox 687 1339 899 1392; x_wconf 78' lang='grc' dir='ltr'>αἰώνιον</span> <span class='ocrx_word' id='word_1_125' title='bbox 934 1339 1221 1408; x_wconf 83' lang='grc' dir='ltr'>βασίλειον.</span> <span class='ocrx_word' id='word_1_126' title='bbox 1253 1371 1323 1380; x_wconf 90' lang='lat'><strong><em>—</em></strong></span> <span class='ocrx_word' id='word_1_127' title='bbox 1352 1339 1608 1392; x_wconf 82' lang='grc' dir='ltr'>Τουτὲστι</span> <span class='ocrx_word' id='word_1_128' title='bbox 1650 1339 1773 1391; x_wconf 84' lang='grc' dir='ltr'>ἅτε-</span> 
     </span>
    </p>
   </div>
   <div class='ocr_carea' id='block_1_21' title="bbox 211 1426 1516 1500">
    <p class='ocr_par' dir='ltr' id='par_1_21' title="bbox 211 1426 1516 1500">
     <span class='ocr_line' id='line_1_21' title="bbox 211 1426 1516 1500; baseline 0.002 -22"><span class='ocrx_word' id='word_1_129' title='bbox 211 1426 458 1496; x_wconf 55' lang='lat' dir='ltr'><strong>lsz&#39;mﬁov</strong></span> <span class='ocrx_word' id='word_1_130' title='bbox 488 1427 666 1494; x_wconf 74' lang='grc' dir='ltr'>ἕξουσι</span> <span class='ocrx_word' id='word_1_131' title='bbox 693 1428 802 1481; x_wconf 89' lang='grc' dir='ltr'><strong>τῶν</strong></span> <span class='ocrx_word' id='word_1_132' title='bbox 834 1428 1055 1496; x_wconf 81' lang='grc' dir='ltr'>ἀγαθῶν</span> <span class='ocrx_word' id='word_1_133' title='bbox 1074 1429 1173 1500; x_wconf 84' lang='grc' dir='ltr'><strong>τὴν</strong></span> <span class='ocrx_word' id='word_1_134' title='bbox 1199 1429 1516 1483; x_wconf 77' lang='grc' dir='ltr'>ἀπόλαυσιν.</span> 
     </span>
    </p>
   </div>
   <div class='ocr_carea' id='block_1_22' title="bbox 279 1518 1770 1590">
    <p class='ocr_par' dir='ltr' id='par_1_22' title="bbox 279 1518 1770 1590">
     <span class='ocr_line' id='line_1_22' title="bbox 279 1518 1770 1590; baseline 0.001 -20"><span class='ocrx_word' id='word_1_135' title='bbox 279 1524 373 1571; x_wconf 79' lang='grc' dir='ltr'>κε’.</span> <span class='ocrx_word' id='word_1_136' title='bbox 403 1519 550 1584; x_wconf 80' lang='grc' dir='ltr'>Ἕως</span> <span class='ocrx_word' id='word_1_137' title='bbox 573 1519 800 1588; x_wconf 83' lang='grc' dir='ltr'>καιροῦ,</span> <span class='ocrx_word' id='word_1_138' title='bbox 825 1520 920 1576; x_wconf 79' lang='grc' dir='ltr'>καὶ</span> <span class='ocrx_word' id='word_1_139' title='bbox 945 1519 1184 1589; x_wconf 82' lang='grc' dir='ltr'>καιρῶν,</span> <span class='ocrx_word' id='word_1_140' title='bbox 1211 1520 1311 1573; x_wconf 76' lang='grc' dir='ltr'><strong>καί</strong></span> <span class='ocrx_word' id='word_1_141' title='bbox 1334 1520 1521 1590; x_wconf 84' lang='grc' dir='ltr'>ἥμισυ</span> <span class='ocrx_word' id='word_1_142' title='bbox 1546 1518 1770 1587; x_wconf 76' lang='grc' dir='ltr'>καιροῦ.</span> 
     </span>
    </p>
   </div>
   <div class='ocr_carea' id='block_1_23' title="bbox 225 1610 1644 1685">
    <p class='ocr_par' dir='ltr' id='par_1_23' title="bbox 225 1610 1644 1685">
     <span class='ocr_line' id='line_1_23' title="bbox 225 1610 1644 1685; baseline 0.002 -23"><span class='ocrx_word' id='word_1_143' title='bbox 225 1610 552 1666; x_wconf 74' lang='grc' dir='ltr'>Ἱππολύτου.</span> <span class='ocrx_word' id='word_1_144' title='bbox 585 1613 760 1684; x_wconf 87' lang='grc' dir='ltr'>Ὅπερ</span> <span class='ocrx_word' id='word_1_145' title='bbox 790 1614 1043 1685; x_wconf 72' lang='grc' dir='ltr'>σημαίνει</span> <span class='ocrx_word' id='word_1_146' title='bbox 1062 1613 1185 1684; x_wconf 85' lang='grc' dir='ltr'>τρία</span> <span class='ocrx_word' id='word_1_147' title='bbox 1216 1613 1312 1684; x_wconf 77' lang='grc' dir='ltr'><strong>ἔτη</strong></span> <span class='ocrx_word' id='word_1_148' title='bbox 1335 1614 1432 1666; x_wconf 75' lang='grc' dir='ltr'>καὶ</span> <span class='ocrx_word' id='word_1_149' title='bbox 1456 1613 1644 1684; x_wconf 72' lang='grc' dir='ltr'>ἥμισυ.</span> 
     </span>
    </p>
   </div>
   <div class='ocr_carea' id='block_1_24' title="bbox 842 1792 1116 1848">
    <p class='ocr_par' dir='ltr' id='par_1_24' title="bbox 842 1792 1116 1848">
     <span class='ocr_line' id='line_1_24' title="bbox 842 1792 1116 1848; baseline 0.007 -2"><span class='ocrx_word' id='word_1_150' title='bbox 842 1793 1001 1848; x_wconf 81' lang='grc' dir='ltr'>ΚΕΦ.</span> <span class='ocrx_word' id='word_1_151' title='bbox 1038 1792 1116 1848; x_wconf 76' lang='lat'><strong>8&#39;.</strong></span> 
     </span>
    </p>
   </div>
   <div class='ocr_carea' id='block_1_25' title="bbox 278 1885 1773 1956">
    <p class='ocr_par' dir='ltr' id='par_1_25' title="bbox 278 1885 1773 1956">
     <span class='ocr_line' id='line_1_25' title="bbox 278 1885 1773 1956; baseline 0.003 -19"><span class='ocrx_word' id='word_1_152' title='bbox 278 1892 383 1940; x_wconf 63' lang='grc' dir='ltr'>αι’.</span> <span class='ocrx_word' id='word_1_153' title='bbox 416 1886 526 1940; x_wconf 77' lang='grc' dir='ltr'><strong>Καὶ</strong></span> <span class='ocrx_word' id='word_1_154' title='bbox 543 1885 668 1939; x_wconf 70' lang='grc' dir='ltr'>ἰδοὺ</span> <span class='ocrx_word' id='word_1_155' title='bbox 686 1885 838 1954; x_wconf 76' lang='grc' dir='ltr'>ἀνὴρ</span> <span class='ocrx_word' id='word_1_156' title='bbox 871 1885 1199 1955; x_wconf 78' lang='grc' dir='ltr'>Γαϐριὴλ...</span> <span class='ocrx_word' id='word_1_157' title='bbox 1225 1887 1566 1956; x_wconf 78' lang='grc' dir='ltr'><strong>πετόμενος.</strong></span> <span class='ocrx_word' id='word_1_158' title='bbox 1590 1889 1773 1941; x_wconf 89' lang='grc' dir='ltr'>Ἱππο-</span> 
     </span>
    </p>
   </div>
   <div class='ocr_carea' id='block_1_26' title="bbox 210 1973 1778 2051">
    <p class='ocr_par' dir='ltr' id='par_1_26' title="bbox 210 1973 1778 2051">
     <span class='ocr_line' id='line_1_26' title="bbox 210 1973 1778 2051; baseline 0.004 -24"><span class='ocrx_word' id='word_1_159' title='bbox 210 1973 387 2031; x_wconf 68' lang='grc' dir='ltr'>λύτου.</span> <span class='ocrx_word' id='word_1_160' title='bbox 425 1978 592 2048; x_wconf 78' lang='grc' dir='ltr'>Ὁρᾷς</span> <span class='ocrx_word' id='word_1_161' title='bbox 618 1977 780 2042; x_wconf 87' lang='grc' dir='ltr'>πῶςὸ</span> <span class='ocrx_word' id='word_1_162' title='bbox 815 1981 1093 2050; x_wconf 74' lang='grc' dir='ltr'>προφήτης</span> <span class='ocrx_word' id='word_1_163' title='bbox 1132 1981 1229 2051; x_wconf 86' lang='grc' dir='ltr'>τὴν</span> <span class='ocrx_word' id='word_1_164' title='bbox 1259 1979 1492 2051; x_wconf 80' lang='grc' dir='ltr'>ὀξύτητα</span> <span class='ocrx_word' id='word_1_165' title='bbox 1525 1981 1631 2034; x_wconf 85' lang='grc' dir='ltr'><strong>τῶν</strong></span> <span class='ocrx_word' id='word_1_166' title='bbox 1681 1981 1778 2049; x_wconf 90' lang='grc' dir='ltr'><strong>ἀγ-</strong></span> 
     </span>
    </p>
   </div>
   <div class='ocr_carea' id='block_1_27' title="bbox 206 2069 1778 2144">
    <p class='ocr_par' dir='ltr' id='par_1_27' title="bbox 206 2069 1778 2144">
     <span class='ocr_line' id='line_1_27' title="bbox 206 2069 1778 2144; baseline 0.005 -24"><span class='ocrx_word' id='word_1_167' title='bbox 206 2069 380 2136; x_wconf 79' lang='grc' dir='ltr'>γέλων</span> <span class='ocrx_word' id='word_1_168' title='bbox 407 2069 638 2140; x_wconf 87' lang='grc' dir='ltr'>πετεινῷ</span> <span class='ocrx_word' id='word_1_169' title='bbox 690 2074 950 2143; x_wconf 83' lang='grc' dir='ltr'>πτερωτῷ</span> <span class='ocrx_word' id='word_1_170' title='bbox 1003 2075 1178 2144; x_wconf 86' lang='grc' dir='ltr'>ὁμοιοῖ</span> <span class='ocrx_word' id='word_1_171' title='bbox 1207 2072 1294 2126; x_wconf 86' lang='grc' dir='ltr'>διὰ</span> <span class='ocrx_word' id='word_1_172' title='bbox 1340 2072 1401 2126; x_wconf 80' lang='grc' dir='ltr'><strong>τὸ</strong></span> <span class='ocrx_word' id='word_1_173' title='bbox 1445 2075 1640 2142; x_wconf 78' lang='grc' dir='ltr'>κουφὸν</span> <span class='ocrx_word' id='word_1_174' title='bbox 1685 2075 1778 2128; x_wconf 72' lang='grc' dir='ltr'><strong>καὶ</strong></span> 
     </span>
    </p>
   </div>
   <div class='ocr_carea' id='block_1_28' title="bbox 206 2160 1777 2237">
    <p class='ocr_par' dir='ltr' id='par_1_28' title="bbox 206 2160 1777 2237">
     <span class='ocr_line' id='line_1_28' title="bbox 206 2160 1777 2237; baseline 0.005 -24"><span class='ocrx_word' id='word_1_175' title='bbox 206 2160 465 2232; x_wconf 69' lang='grc' dir='ltr'>ὲλαφρδν,</span> <span class='ocrx_word' id='word_1_176' title='bbox 495 2161 650 2214; x_wconf 76' lang='grc' dir='ltr'>ἅτινα</span> <span class='ocrx_word' id='word_1_177' title='bbox 680 2163 967 2233; x_wconf 85' lang='grc' dir='ltr'>πνεύματα</span> <span class='ocrx_word' id='word_1_178' title='bbox 994 2167 1267 2236; x_wconf 84' lang='grc' dir='ltr'>πετόμενα</span> <span class='ocrx_word' id='word_1_179' title='bbox 1292 2165 1501 2236; x_wconf 80' lang='grc' dir='ltr'>ταχέως</span> <span class='ocrx_word' id='word_1_180' title='bbox 1535 2166 1670 2237; x_wconf 84' lang='grc' dir='ltr'>πρὸς</span> <span class='ocrx_word' id='word_1_181' title='bbox 1708 2167 1777 2221; x_wconf 80' lang='grc' dir='ltr'><strong>τά</strong></span> 
     </span>
    </p>
   </div>
   <div class='ocr_carea' id='block_1_29' title="bbox 207 2255 914 2328">
    <p class='ocr_par' dir='ltr' id='par_1_29' title="bbox 207 2255 914 2328">
     <span class='ocr_line' id='line_1_29' title="bbox 207 2255 914 2328; baseline 0.003 -20"><span class='ocrx_word' id='word_1_182' title='bbox 207 2255 540 2328; x_wconf 75' lang='grc' dir='ltr'>κελευόμενα</span> <span class='ocrx_word' id='word_1_183' title='bbox 567 2255 914 2310; x_wconf 76' lang='grc' dir='ltr'>ὑπακούουσι.</span> 
     </span>
    </p>
   </div>
   <div class='ocr_carea' id='block_1_30' title="bbox 875 2351 1122 2404">
    <p class='ocr_par' dir='ltr' id='par_1_30' title="bbox 875 2351 1122 2404">
     <span class='ocr_line' id='line_1_30' title="bbox 875 2351 1122 2404; baseline 0 0"><span class='ocrx_word' id='word_1_184' title='bbox 875 2351 1030 2404; x_wconf 83' lang='grc' dir='ltr'><strong>ΚΕΦ.</strong></span> <span class='ocrx_word' id='word_1_185' title='bbox 1068 2353 1122 2404; x_wconf 87' lang='lat'><strong>1&#39;.</strong></span> 
     </span>
    </p>
   </div>
   <div class='ocr_carea' id='block_1_31' title="bbox 279 2441 1781 2518">
    <p class='ocr_par' dir='ltr' id='par_1_31' title="bbox 279 2441 1781 2518">
     <span class='ocr_line' id='line_1_31' title="bbox 279 2441 1781 2518; baseline 0.003 -23"><span class='ocrx_word' id='word_1_186' title='bbox 279 2441 476 2506; x_wconf 49' lang='lat' dir='ltr'><strong>{.Kal</strong></span> <span class='ocrx_word' id='word_1_187' title='bbox 491 2442 528 2508; x_wconf 80' lang='grc' dir='ltr'><strong><em>ἡ</em></strong></span> <span class='ocrx_word' id='word_1_188' title='bbox 543 2441 708 2511; x_wconf 66' lang='grc' dir='ltr'><strong>φωνὴ</strong></span> <span class='ocrx_word' id='word_1_189' title='bbox 728 2441 846 2495; x_wconf 73' lang='grc' dir='ltr'>τῶν</span> <span class='ocrx_word' id='word_1_190' title='bbox 861 2444 1076 2512; x_wconf 74' lang='grc' dir='ltr'>λόγων.</span> <span class='ocrx_word' id='word_1_191' title='bbox 1101 2442 1430 2497; x_wconf 85' lang='grc' dir='ltr'>Ἱππολύτου.</span> <span class='ocrx_word' id='word_1_192' title='bbox 1448 2445 1654 2508; x_wconf 83' lang='grc' dir='ltr'>Πάντες</span> <span class='ocrx_word' id='word_1_193' title='bbox 1673 2445 1781 2518; x_wconf 86' lang='grc' dir='ltr'><strong>γάρ</strong></span> 
     </span>
    </p>
   </div>
   <div class='ocr_carea' id='block_1_32' title="bbox 208 2534 1779 2608">
    <p class='ocr_par' dir='ltr' id='par_1_32' title="bbox 208 2534 1779 2608">
     <span class='ocr_line' id='line_1_32' title="bbox 208 2534 1779 2608; baseline 0.003 -22"><span class='ocrx_word' id='word_1_194' title='bbox 208 2535 462 2604; x_wconf 76' lang='grc' dir='ltr'>σήμερον</span> <span class='ocrx_word' id='word_1_195' title='bbox 487 2535 537 2586; x_wconf 86' lang='grc' dir='ltr'>οἱ</span> <span class='ocrx_word' id='word_1_196' title='bbox 579 2535 658 2598; x_wconf 81' lang='grc' dir='ltr'><strong>είς</strong></span> <span class='ocrx_word' id='word_1_197' title='bbox 701 2534 861 2588; x_wconf 79' lang='grc' dir='ltr'>αὑτὸν</span> <span class='ocrx_word' id='word_1_198' title='bbox 891 2535 1234 2600; x_wconf 86' lang='grc' dir='ltr'>πιστεύοντες</span> <span class='ocrx_word' id='word_1_199' title='bbox 1262 2535 1332 2588; x_wconf 82' lang='grc' dir='ltr'><strong>τά</strong></span> <span class='ocrx_word' id='word_1_200' title='bbox 1357 2535 1513 2604; x_wconf 80' lang='grc' dir='ltr'>λόγια</span> <span class='ocrx_word' id='word_1_201' title='bbox 1544 2536 1779 2608; x_wconf 76' lang='grc' dir='ltr'>Χριστοῦ</span> 
     </span>
    </p>
   </div>
   <div class='ocr_carea' id='block_1_33' title="bbox 211 2625 1780 2697">
    <p class='ocr_par' dir='ltr' id='par_1_33' title="bbox 211 2625 1780 2697">
     <span class='ocr_line' id='line_1_33' title="bbox 211 2625 1780 2697; baseline 0.002 -20"><span class='ocrx_word' id='word_1_202' title='bbox 211 2625 584 2696; x_wconf 67' lang='grc' dir='ltr'><strong>φθεγγόμεθα,</strong></span> <span class='ocrx_word' id='word_1_203' title='bbox 609 2626 682 2690; x_wconf 82' lang='grc' dir='ltr'><strong>ὡς</strong></span> <span class='ocrx_word' id='word_1_204' title='bbox 703 2625 789 2679; x_wconf 84' lang='grc' dir='ltr'><strong>διὰ</strong></span> <span class='ocrx_word' id='word_1_205' title='bbox 819 2625 1078 2697; x_wconf 77' lang='grc' dir='ltr'>πόματος</span> <span class='ocrx_word' id='word_1_206' title='bbox 1101 2625 1264 2681; x_wconf 80' lang='grc' dir='ltr'>αὑτοῦ</span> <span class='ocrx_word' id='word_1_207' title='bbox 1283 2625 1569 2691; x_wconf 79' lang='grc' dir='ltr'>λαλοῦντες</span> <span class='ocrx_word' id='word_1_208' title='bbox 1599 2628 1667 2681; x_wconf 80' lang='grc' dir='ltr'>τὰ</span> <span class='ocrx_word' id='word_1_209' title='bbox 1690 2627 1780 2680; x_wconf 84' lang='grc' dir='ltr'>ὑπ’</span> 
     </span>
    </p>
   </div>
   <div class='ocr_carea' id='block_1_34' title="bbox 212 2716 868 2788">
    <p class='ocr_par' dir='ltr' id='par_1_34' title="bbox 212 2716 868 2788">
     <span class='ocr_line' id='line_1_34' title="bbox 212 2716 868 2788; baseline 0.006 -20"><span class='ocrx_word' id='word_1_210' title='bbox 212 2716 380 2769; x_wconf 76' lang='grc' dir='ltr'>αὐτοῦ</span> <span class='ocrx_word' id='word_1_211' title='bbox 404 2718 868 2788; x_wconf 85' lang='grc' dir='ltr'>προστεταγμένα.</span> 
     </span>
    </p>
   </div>
   <div class='ocr_carea' id='block_1_35' title="bbox 284 2804 1782 2882">
    <p class='ocr_par' dir='ltr' id='par_1_35' title="bbox 284 2804 1782 2882">
     <span class='ocr_line' id='line_1_35' title="bbox 284 2804 1782 2882; baseline 0.005 -27"><span class='ocrx_word' id='word_1_212' title='bbox 284 2804 353 2868; x_wconf 81' lang='grc' dir='ltr'><strong>ζ’.</strong></span> <span class='ocrx_word' id='word_1_213' title='bbox 387 2806 496 2860; x_wconf 80' lang='grc' dir='ltr'><strong>Καὶ</strong></span> <span class='ocrx_word' id='word_1_214' title='bbox 542 2806 672 2860; x_wconf 80' lang='grc' dir='ltr'>ῑδον</span> <span class='ocrx_word' id='word_1_215' title='bbox 718 2806 846 2878; x_wconf 70' lang='grc' dir='ltr'>ἐγώ.</span> <span class='ocrx_word' id='word_1_216' title='bbox 907 2806 1238 2862; x_wconf 87' lang='grc' dir='ltr'>Ἱππολύτου.</span> <span class='ocrx_word' id='word_1_217' title='bbox 1274 2809 1400 2874; x_wconf 89' lang='grc' dir='ltr'>Τοῖς</span> <span class='ocrx_word' id='word_1_218' title='bbox 1449 2809 1558 2882; x_wconf 79' lang='grc' dir='ltr'><strong>γάρ</strong></span> <span class='ocrx_word' id='word_1_219' title='bbox 1608 2808 1782 2878; x_wconf 78' lang='grc' dir='ltr'>ἁγίοις</span> 
     </span>
    </p>
   </div>
   <div class='ocr_carea' id='block_1_36' title="bbox 218 2889 1781 2966">
    <p class='ocr_par' dir='ltr' id='par_1_36' title="bbox 218 2889 1781 2966">
     <span class='ocr_line' id='line_1_36' title="bbox 218 2889 1781 2966; baseline 0.008 -26"><span class='ocrx_word' id='word_1_220' title='bbox 218 2889 577 2960; x_wconf 73' lang='grc' dir='ltr'>φοϐουμένοις</span> <span class='ocrx_word' id='word_1_221' title='bbox 605 2893 784 2957; x_wconf 65' lang='grc' dir='ltr'>αὐτὸν,</span> <span class='ocrx_word' id='word_1_222' title='bbox 820 2897 1002 2959; x_wconf 81' lang='grc' dir='ltr'>αὐτοῖς</span> <span class='ocrx_word' id='word_1_223' title='bbox 1047 2895 1225 2966; x_wconf 84' lang='grc' dir='ltr'>μόνοις</span> <span class='ocrx_word' id='word_1_224' title='bbox 1268 2898 1459 2950; x_wconf 74' lang='grc' dir='ltr'>ἑαυτὸν</span> <span class='ocrx_word' id='word_1_225' title='bbox 1503 2898 1781 2952; x_wconf 80' lang='grc' dir='ltr'>ἀποκαλύ-</span> 
     </span>
    </p>
   </div>
   <div class='ocr_carea' id='block_1_37' title="bbox 218 2981 1782 3060">
    <p class='ocr_par' dir='ltr' id='par_1_37' title="bbox 218 2981 1782 3060">
     <span class='ocr_line' id='line_1_37' title="bbox 218 2981 1782 3060; baseline 0.007 -26"><span class='ocrx_word' id='word_1_226' title='bbox 218 2994 362 3034; x_wconf 58' lang='grc' dir='ltr'>πτεγ</span> <span class='ocrx_word' id='word_1_227' title='bbox 385 2983 436 3035; x_wconf 81' lang='grc' dir='ltr'><strong>εί</strong></span> <span class='ocrx_word' id='word_1_228' title='bbox 465 2981 572 3055; x_wconf 85' lang='grc' dir='ltr'><strong>γάρ</strong></span> <span class='ocrx_word' id='word_1_229' title='bbox 591 3001 674 3048; x_wconf 89' lang='grc' dir='ltr'><strong>τις</strong></span> <span class='ocrx_word' id='word_1_230' title='bbox 700 2984 956 3040; x_wconf 76' lang='grc' dir='ltr'>δοκεῖκαὶ</span> <span class='ocrx_word' id='word_1_231' title='bbox 977 2989 1034 3040; x_wconf 82' lang='grc' dir='ltr'>ὲν</span> <span class='ocrx_word' id='word_1_232' title='bbox 1072 2987 1364 3060; x_wconf 72' lang='grc' dir='ltr'>Ἐκκλησία</span> <span class='ocrx_word' id='word_1_233' title='bbox 1383 2988 1476 3043; x_wconf 90' lang='grc' dir='ltr'><strong>νῦν</strong></span> <span class='ocrx_word' id='word_1_234' title='bbox 1506 2989 1782 3044; x_wconf 82' lang='grc' dir='ltr'>πολιτεύε-</span> 
     </span>
    </p>
   </div>
   <div class='ocr_carea' id='block_1_38' title="bbox 224 3069 1781 3153">
    <p class='ocr_par' dir='ltr' id='par_1_38' title="bbox 224 3069 1781 3153">
     <span class='ocr_line' id='line_1_38' title="bbox 224 3069 1781 3153; baseline 0.009 -31"><span class='ocrx_word' id='word_1_235' title='bbox 224 3069 363 3136; x_wconf 85' lang='grc' dir='ltr'>σθαι,</span> <span class='ocrx_word' id='word_1_236' title='bbox 394 3070 558 3140; x_wconf 71' lang='grc' dir='ltr'>φόϐον</span> <span class='ocrx_word' id='word_1_237' title='bbox 578 3071 635 3126; x_wconf 81' lang='grc' dir='ltr'>δὲ</span> <span class='ocrx_word' id='word_1_238' title='bbox 655 3072 788 3126; x_wconf 84' lang='grc' dir='ltr'>Θεοῦ</span> <span class='ocrx_word' id='word_1_239' title='bbox 817 3075 889 3146; x_wconf 82' lang='grc' dir='ltr'>μὴ</span> <span class='ocrx_word' id='word_1_240' title='bbox 935 3075 1066 3142; x_wconf 76' lang='grc' dir='ltr'>ἔξει,</span> <span class='ocrx_word' id='word_1_241' title='bbox 1111 3076 1260 3130; x_wconf 73' lang='grc' dir='ltr'>οὐδὲν</span> <span class='ocrx_word' id='word_1_242' title='bbox 1293 3078 1480 3132; x_wconf 82' lang='grc' dir='ltr'>τοῦτον</span> <span class='ocrx_word' id='word_1_243' title='bbox 1527 3080 1706 3153; x_wconf 77' lang='grc' dir='ltr'>ὠφελῇ</span> <span class='ocrx_word' id='word_1_244' title='bbox 1747 3083 1781 3153; x_wconf 75' lang='grc' dir='ltr'><strong>ἡ</strong></span> 
     </span>
    </p>
   </div>
   <div class='ocr_carea' id='block_1_39' title="bbox 224 3163 1005 3233">
    <p class='ocr_par' dir='ltr' id='par_1_39' title="bbox 224 3163 1005 3233">
     <span class='ocr_line' id='line_1_39' title="bbox 224 3163 1005 3233; baseline 0.009 -20"><span class='ocrx_word' id='word_1_245' title='bbox 224 3163 354 3233; x_wconf 70' lang='grc' dir='ltr'>πρὸς</span> <span class='ocrx_word' id='word_1_246' title='bbox 387 3163 515 3225; x_wconf 73' lang='grc' dir='ltr'>τοὺς</span> <span class='ocrx_word' id='word_1_247' title='bbox 554 3163 739 3232; x_wconf 79' lang='grc' dir='ltr'>ἁγίους</span> <span class='ocrx_word' id='word_1_248' title='bbox 772 3164 1005 3229; x_wconf 80' lang='grc' dir='ltr'>σύνοδος.</span> 
     </span>
    </p>
   </div>
   <div class='ocr_carea' id='block_1_40' title="bbox 274 3253 1785 3331">
    <p class='ocr_par' dir='ltr' id='par_1_40' title="bbox 274 3253 1785 3331">
     <span class='ocr_line' id='line_1_40' title="bbox 274 3253 1785 3331; baseline 0.004 -25"><span class='ocrx_word' id='word_1_249' title='bbox 274 3255 379 3323; x_wconf 78' lang='grc' dir='ltr'>κβ’.</span> <span class='ocrx_word' id='word_1_250' title='bbox 420 3253 835 3320; x_wconf 78' lang='grc' dir='ltr'>Ἠκούσθησαν</span> <span class='ocrx_word' id='word_1_251' title='bbox 862 3259 915 3309; x_wconf 76' lang='grc' dir='ltr'>οἱ</span> <span class='ocrx_word' id='word_1_252' title='bbox 939 3258 1106 3326; x_wconf 58' lang='grc' dir='ltr'>λόγοι</span> <span class='ocrx_word' id='word_1_253' title='bbox 1133 3274 1266 3312; x_wconf 85' lang='grc' dir='ltr'>σου.</span> <span class='ocrx_word' id='word_1_254' title='bbox 1287 3257 1616 3312; x_wconf 82' lang='grc' dir='ltr'>Ἱππολύτου.</span> <span class='ocrx_word' id='word_1_255' title='bbox 1645 3258 1785 3331; x_wconf 86' lang='grc' dir='ltr'>Ὅρα</span> 
     </span>
    </p>
   </div>
   <div class='ocr_carea' id='block_1_41' title="bbox 222 3344 1788 3420">
    <p class='ocr_par' dir='ltr' id='par_1_41' title="bbox 222 3344 1788 3420">
     <span class='ocr_line' id='line_1_41' title="bbox 222 3344 1788 3420; baseline 0.004 -24"><span class='ocrx_word' id='word_1_256' title='bbox 222 3344 381 3396; x_wconf 72' lang='grc' dir='ltr'>πόσον</span> <span class='ocrx_word' id='word_1_257' title='bbox 416 3344 592 3413; x_wconf 66' lang='grc' dir='ltr'>ισχύει</span> <span class='ocrx_word' id='word_1_258' title='bbox 613 3344 863 3398; x_wconf 77' lang='grc' dir='ltr'>εὐλάϐεια</span> <span class='ocrx_word' id='word_1_259' title='bbox 903 3346 1092 3420; x_wconf 78' lang='grc' dir='ltr'>ἀνδρὸς</span> <span class='ocrx_word' id='word_1_260' title='bbox 1123 3347 1350 3413; x_wconf 87' lang='grc' dir='ltr'>δικαίου,</span> <span class='ocrx_word' id='word_1_261' title='bbox 1402 3348 1488 3402; x_wconf 82' lang='grc' dir='ltr'>ἴνα</span> <span class='ocrx_word' id='word_1_262' title='bbox 1518 3348 1585 3400; x_wconf 79' lang='grc' dir='ltr'><strong>τά</strong></span> <span class='ocrx_word' id='word_1_263' title='bbox 1622 3348 1788 3419; x_wconf 80' lang='grc' dir='ltr'>μήπω</span> 
     </span>
    </p>
   </div>
   <div class='ocr_carea' id='block_1_42' title="bbox 225 3433 1789 3508">
    <p class='ocr_par' dir='ltr' id='par_1_42' title="bbox 225 3433 1789 3508">
     <span class='ocr_line' id='line_1_42' title="bbox 225 3433 1789 3508; baseline 0.004 -24"><span class='ocrx_word' id='word_1_264' title='bbox 225 3433 481 3501; x_wconf 83' lang='grc' dir='ltr'>μέλλοντα</span> <span class='ocrx_word' id='word_1_265' title='bbox 529 3433 891 3504; x_wconf 76' lang='grc' dir='ltr'>φανεροῦσθαι</span> <span class='ocrx_word' id='word_1_266' title='bbox 935 3436 992 3488; x_wconf 80' lang='grc' dir='ltr'>ὲν</span> <span class='ocrx_word' id='word_1_267' title='bbox 1038 3436 1245 3508; x_wconf 84' lang='grc' dir='ltr'>κόσμῳ,</span> <span class='ocrx_word' id='word_1_268' title='bbox 1297 3436 1468 3507; x_wconf 81' lang='grc' dir='ltr'>τούτῳ</span> <span class='ocrx_word' id='word_1_269' title='bbox 1535 3437 1680 3508; x_wconf 85' lang='grc' dir='ltr'>μόνῳ</span> <span class='ocrx_word' id='word_1_270' title='bbox 1712 3437 1789 3502; x_wconf 84' lang='grc' dir='ltr'>ὡς</span> 
     </span>
    </p>
   </div>
   <div class='ocr_carea' id='block_1_43' title="bbox 220 3523 855 3594">
    <p class='ocr_par' dir='ltr' id='par_1_43' title="bbox 220 3523 855 3594">
     <span class='ocr_line' id='line_1_43' title="bbox 220 3523 855 3594; baseline 0.002 -18"><span class='ocrx_word' id='word_1_271' title='bbox 220 3524 350 3593; x_wconf 79' lang='grc' dir='ltr'><strong>ἀξίῳ</strong></span> <span class='ocrx_word' id='word_1_272' title='bbox 382 3523 855 3594; x_wconf 69' lang='grc' dir='ltr'>ἀποκαλυφθῆναι.</span> 
     </span>
    </p>
   </div>
   <div class='ocr_carea' id='block_1_44' title="bbox 287 3615 1792 3686">
    <p class='ocr_par' dir='ltr' id='par_1_44' title="bbox 287 3615 1792 3686">
     <span class='ocr_line' id='line_1_44' title="bbox 287 3615 1792 3686; baseline 0.007 -20"><span class='ocrx_word' id='word_1_273' title='bbox 287 3621 376 3681; x_wconf 76' lang='grc' dir='ltr'>ιγ’.</span> <span class='ocrx_word' id='word_1_274' title='bbox 408 3615 519 3668; x_wconf 72' lang='grc' dir='ltr'><strong>Καὶ</strong></span> <span class='ocrx_word' id='word_1_275' title='bbox 575 3615 701 3668; x_wconf 75' lang='grc' dir='ltr'>ἰδοὺ</span> <span class='ocrx_word' id='word_1_276' title='bbox 728 3616 982 3686; x_wconf 78' lang='grc' dir='ltr'>Μιχαήλ.</span> <span class='ocrx_word' id='word_1_277' title='bbox 1017 3618 1348 3674; x_wconf 85' lang='grc' dir='ltr'>Ἱππολύτου.</span> <span class='ocrx_word' id='word_1_278' title='bbox 1373 3621 1438 3673; x_wconf 88' lang='grc' dir='ltr'>Τί</span> <span class='ocrx_word' id='word_1_279' title='bbox 1471 3620 1527 3673; x_wconf 81' lang='grc' dir='ltr'><em>δέ</em></span> <span class='ocrx_word' id='word_1_280' title='bbox 1560 3623 1674 3674; x_wconf 79' lang='grc' dir='ltr'>ἐστι</span> <span class='ocrx_word' id='word_1_281' title='bbox 1692 3621 1792 3676; x_wconf 80' lang='lat' dir='ltr'><strong>Mt-</strong></span> 
     </span>
    </p>
   </div>
   <div class='ocr_carea' id='block_1_45' title="bbox 217 3706 1794 3784">
    <p class='ocr_par' dir='ltr' id='par_1_45' title="bbox 217 3706 1794 3784">
     <span class='ocr_line' id='line_1_45' title="bbox 217 3706 1794 3784; baseline 0.011 -30"><span class='ocrx_word' id='word_1_282' title='bbox 217 3706 380 3777; x_wconf 54' lang='lat' dir='ltr'><strong>xui-,1,</strong></span> <span class='ocrx_word' id='word_1_283' title='bbox 404 3706 571 3780; x_wconf 83' lang='grc' dir='ltr'>ἀλλ’ἢ</span> <span class='ocrx_word' id='word_1_284' title='bbox 601 3711 630 3761; x_wconf 98' lang='lat'><strong>6</strong></span> <span class='ocrx_word' id='word_1_285' title='bbox 665 3709 892 3778; x_wconf 85' lang='grc' dir='ltr'>ἄγγελος</span> <span class='ocrx_word' id='word_1_286' title='bbox 929 3711 957 3764; x_wconf 90' lang='grc' dir='ltr'><strong>ό</strong></span> <span class='ocrx_word' id='word_1_287' title='bbox 977 3711 1053 3783; x_wconf 81' lang='grc' dir='ltr'>τῷ</span> <span class='ocrx_word' id='word_1_288' title='bbox 1080 3711 1192 3783; x_wconf 83' lang='grc' dir='ltr'><strong>λαῷ</strong></span> <span class='ocrx_word' id='word_1_289' title='bbox 1224 3713 1685 3784; x_wconf 80' lang='grc' dir='ltr'>παραδεδομένος;</span> <span class='ocrx_word' id='word_1_290' title='bbox 1715 3713 1794 3777; x_wconf 84' lang='grc' dir='ltr'>ὡς</span> 
     </span>
    </p>
   </div>
   <div class='ocr_carea' id='block_1_46' title="bbox 217 3798 1791 3879">
    <p class='ocr_par' dir='ltr' id='par_1_46' title="bbox 217 3798 1791 3879">
     <span class='ocr_line' id='line_1_46' title="bbox 217 3798 1791 3879; baseline 0.006 -27"><span class='ocrx_word' id='word_1_291' title='bbox 217 3798 364 3868; x_wconf 83' lang='grc' dir='ltr'>λέγει</span> <span class='ocrx_word' id='word_1_292' title='bbox 405 3801 487 3871; x_wconf 82' lang='grc' dir='ltr'><strong>τῷ</strong></span> <span class='ocrx_word' id='word_1_293' title='bbox 521 3803 744 3856; x_wconf 83' lang='grc' dir='ltr'>Μωῦσεῖ</span> <span class='ocrx_word' id='word_1_294' title='bbox 764 3821 778 3836; x_wconf 80' lang='grc' dir='ltr'><strong>ο</strong></span> <span class='ocrx_word' id='word_1_295' title='bbox 813 3805 886 3857; x_wconf 87' lang='grc' dir='ltr'>Ού</span> <span class='ocrx_word' id='word_1_296' title='bbox 925 3805 998 3876; x_wconf 84' lang='grc' dir='ltr'>μὴ</span> <span class='ocrx_word' id='word_1_297' title='bbox 1031 3806 1278 3875; x_wconf 77' lang='grc' dir='ltr'>πορευθῶ</span> <span class='ocrx_word' id='word_1_298' title='bbox 1313 3807 1430 3876; x_wconf 84' lang='grc' dir='ltr'>μεθ’</span> <span class='ocrx_word' id='word_1_299' title='bbox 1461 3807 1612 3878; x_wconf 81' lang='grc' dir='ltr'>ὑμῶν</span> <span class='ocrx_word' id='word_1_300' title='bbox 1646 3809 1702 3861; x_wconf 82' lang='grc' dir='ltr'>ἐν</span> <span class='ocrx_word' id='word_1_301' title='bbox 1725 3809 1791 3879; x_wconf 77' lang='grc' dir='ltr'>τῇ</span> 
     </span>
    </p>
   </div>
   <div class='ocr_carea' id='block_1_47' title="bbox 217 3894 1797 3971">
    <p class='ocr_par' dir='ltr' id='par_1_47' title="bbox 217 3894 1797 3971">
     <span class='ocr_line' id='line_1_47' title="bbox 217 3894 1797 3971; baseline 0.006 -24"><span class='ocrx_word' id='word_1_302' title='bbox 217 3894 344 3965; x_wconf 71' lang='grc' dir='ltr'>ὁδῷ,</span> <span class='ocrx_word' id='word_1_303' title='bbox 379 3894 471 3948; x_wconf 76' lang='grc' dir='ltr'>διὰ</span> <span class='ocrx_word' id='word_1_304' title='bbox 516 3895 578 3948; x_wconf 78' lang='grc' dir='ltr'><strong>τὸ</strong></span> <span class='ocrx_word' id='word_1_305' title='bbox 630 3897 721 3949; x_wconf 74' lang='grc' dir='ltr'>τὸν</span> <span class='ocrx_word' id='word_1_306' title='bbox 756 3897 881 3951; x_wconf 78' lang='grc' dir='ltr'>λαδν</span> <span class='ocrx_word' id='word_1_307' title='bbox 929 3899 1395 3971; x_wconf 79' lang='grc' dir='ltr'>σκληροτράχηλον</span> <span class='ocrx_word' id='word_1_308' title='bbox 1429 3899 1586 3955; x_wconf 82' lang='grc' dir='ltr'>εἶναι’</span> <span class='ocrx_word' id='word_1_309' title='bbox 1619 3902 1733 3956; x_wconf 85' lang='grc' dir='ltr'>ἀλλ’</span> <span class='ocrx_word' id='word_1_310' title='bbox 1766 3906 1797 3958; x_wconf 90' lang='lat'><strong>6</strong></span> 
     </span>
    </p>
   </div>
   <div class='ocr_carea' id='block_1_48' title="bbox 218 3987 1277 4061">
    <p class='ocr_par' dir='ltr' id='par_1_48' title="bbox 218 3987 1277 4061">
     <span class='ocr_line' id='line_1_48' title="bbox 218 3987 1277 4061; baseline 0.006 -23"><span class='ocrx_word' id='word_1_311' title='bbox 218 3987 453 4054; x_wconf 66' lang='grc' dir='ltr'>ἄγγελός</span> <span class='ocrx_word' id='word_1_312' title='bbox 484 4004 588 4057; x_wconf 88' lang='grc' dir='ltr'><strong>μου</strong></span> <span class='ocrx_word' id='word_1_313' title='bbox 614 3988 936 4059; x_wconf 84' lang='grc' dir='ltr'>πορεύσεται</span> <span class='ocrx_word' id='word_1_314' title='bbox 965 3991 1080 4059; x_wconf 87' lang='grc' dir='ltr'>μεθ’</span> <span class='ocrx_word' id='word_1_315' title='bbox 1104 3991 1277 4061; x_wconf 78' lang='grc' dir='ltr'>ὑμῶν.</span> 
     </span>
    </p>
   </div>
   <div class='ocr_carea' id='block_1_49' title="bbox 295 4079 1794 4160">
    <p class='ocr_par' dir='ltr' id='par_1_49' title="bbox 295 4079 1794 4160">
     <span class='ocr_line' id='line_1_49' title="bbox 295 4079 1794 4160; baseline 0.005 -28"><span class='ocrx_word' id='word_1_316' title='bbox 295 4079 658 4149; x_wconf 60' lang='grc' dir='ltr'>ις’ἰΕτράρη</span> <span class='ocrx_word' id='word_1_317' title='bbox 685 4081 756 4136; x_wconf 83' lang='grc' dir='ltr'>τὰ</span> <span class='ocrx_word' id='word_1_318' title='bbox 782 4083 952 4147; x_wconf 72' lang='grc' dir='ltr'>ἐντός</span> <span class='ocrx_word' id='word_1_319' title='bbox 984 4101 1122 4152; x_wconf 79' lang='grc' dir='ltr'>μου.</span> <span class='ocrx_word' id='word_1_320' title='bbox 1156 4084 1486 4139; x_wconf 86' lang='grc' dir='ltr'>Ἱππολύτου.</span> <span class='ocrx_word' id='word_1_321' title='bbox 1519 4087 1664 4140; x_wconf 84' lang='grc' dir='ltr'>Ἔδει</span> <span class='ocrx_word' id='word_1_322' title='bbox 1686 4086 1794 4160; x_wconf 79' lang='grc' dir='ltr'>γὰρ</span> 
     </span>
    </p>
   </div>
   <div class='ocr_carea' id='block_1_50' title="bbox 224 4173 1792 4245">
    <p class='ocr_par' dir='ltr' id='par_1_50' title="bbox 224 4173 1792 4245">
     <span class='ocr_line' id='line_1_50' title="bbox 224 4173 1792 4245; baseline 0.004 -20"><span class='ocrx_word' id='word_1_323' title='bbox 224 4175 314 4226; x_wconf 76' lang='grc' dir='ltr'>ἐπὶ</span> <span class='ocrx_word' id='word_1_324' title='bbox 340 4176 410 4244; x_wconf 79' lang='grc' dir='ltr'>τῇ</span> <span class='ocrx_word' id='word_1_325' title='bbox 443 4173 716 4244; x_wconf 78' lang='grc' dir='ltr'>παρουσίᾳ</span> <span class='ocrx_word' id='word_1_326' title='bbox 760 4173 850 4226; x_wconf 86' lang='grc' dir='ltr'><strong>τοῦ</strong></span> <span class='ocrx_word' id='word_1_327' title='bbox 886 4173 1088 4245; x_wconf 85' lang='grc' dir='ltr'>Κυρίου</span> <span class='ocrx_word' id='word_1_328' title='bbox 1119 4173 1186 4228; x_wconf 82' lang='grc' dir='ltr'><strong>τά</strong></span> <span class='ocrx_word' id='word_1_329' title='bbox 1209 4177 1321 4229; x_wconf 76' lang='grc' dir='ltr'>ἄνω</span> <span class='ocrx_word' id='word_1_330' title='bbox 1348 4176 1496 4230; x_wconf 89' lang='grc' dir='ltr'>κάτω</span> <span class='ocrx_word' id='word_1_331' title='bbox 1529 4177 1792 4245; x_wconf 81' lang='grc' dir='ltr'>γίνεσθαι⁶</span> 
     </span>
    </p>
   </div>
   <div class='ocr_carea' id='block_1_51' title="bbox 223 4265 1798 4338">
    <p class='ocr_par' dir='ltr' id='par_1_51' title="bbox 223 4265 1798 4338">
     <span class='ocr_line' id='line_1_51' title="bbox 223 4265 1798 4338; baseline 0.004 -22"><span class='ocrx_word' id='word_1_332' title='bbox 223 4265 308 4318; x_wconf 80' lang='grc' dir='ltr'><strong>ἶνα</strong></span> <span class='ocrx_word' id='word_1_333' title='bbox 347 4265 447 4318; x_wconf 76' lang='grc' dir='ltr'><strong>καὶ</strong></span> <span class='ocrx_word' id='word_1_334' title='bbox 474 4265 546 4318; x_wconf 74' lang='grc' dir='ltr'>τὰ</span> <span class='ocrx_word' id='word_1_335' title='bbox 578 4265 727 4318; x_wconf 88' lang='grc' dir='ltr'>κάτω</span> <span class='ocrx_word' id='word_1_336' title='bbox 757 4267 836 4327; x_wconf 83' lang='grc' dir='ltr'><strong>είς</strong></span> <span class='ocrx_word' id='word_1_337' title='bbox 857 4265 923 4319; x_wconf 82' lang='grc' dir='ltr'>τὰ</span> <span class='ocrx_word' id='word_1_338' title='bbox 961 4267 1072 4319; x_wconf 83' lang='grc' dir='ltr'>ἄνω</span> <span class='ocrx_word' id='word_1_339' title='bbox 1104 4266 1275 4320; x_wconf 77' lang='grc' dir='ltr'>ἐλθεῖν</span> <span class='ocrx_word' id='word_1_340' title='bbox 1314 4268 1534 4338; x_wconf 78' lang='grc' dir='ltr'>δυνηθῇ.</span> <span class='ocrx_word' id='word_1_341' title='bbox 1569 4299 1640 4308; x_wconf 93' lang='lat'><strong>—-</strong></span> <span class='ocrx_word' id='word_1_342' title='bbox 1663 4269 1798 4338; x_wconf 85' lang='grc' dir='ltr'>Χρό-</span> 
     </span>
    </p>
   </div>
   <div class='ocr_carea' id='block_1_52' title="bbox 221 4352 1800 4428">
    <p class='ocr_par' dir='ltr' id='par_1_52' title="bbox 221 4352 1800 4428">
     <span class='ocr_line' id='line_1_52' title="bbox 221 4352 1800 4428; baseline 0.006 -24"><span class='ocrx_word' id='word_1_343' title='bbox 221 4370 336 4414; x_wconf 81' lang='grc' dir='ltr'>νου,</span> <span class='ocrx_word' id='word_1_344' title='bbox 371 4353 532 4424; x_wconf 64' lang='grc' dir='ltr'>φησι,</span> <span class='ocrx_word' id='word_1_345' title='bbox 559 4352 747 4423; x_wconf 75' lang='grc' dir='ltr'>δέομαι</span> <span class='ocrx_word' id='word_1_346' title='bbox 769 4354 844 4416; x_wconf 83' lang='grc' dir='ltr'>εἰς</span> <span class='ocrx_word' id='word_1_347' title='bbox 870 4354 930 4406; x_wconf 86' lang='grc' dir='ltr'><strong>τὸ</strong></span> <span class='ocrx_word' id='word_1_348' title='bbox 960 4355 1242 4408; x_wconf 84' lang='grc' dir='ltr'>ἀναλαϐεῖν</span> <span class='ocrx_word' id='word_1_349' title='bbox 1263 4357 1517 4428; x_wconf 76' lang='grc' dir='ltr'>ἐμαυτὸν,</span> <span class='ocrx_word' id='word_1_350' title='bbox 1538 4359 1631 4412; x_wconf 70' lang='grc' dir='ltr'><strong>καὶ</strong></span> <span class='ocrx_word' id='word_1_351' title='bbox 1649 4359 1800 4428; x_wconf 80' lang='grc' dir='ltr'>δυνη-</span> 
     </span>
    </p>
   </div>
   <div class='ocr_carea' id='block_1_53' title="bbox 224 4447 1794 4525">
    <p class='ocr_par' dir='ltr' id='par_1_53' title="bbox 224 4447 1794 4525">
     <span class='ocr_line' id='line_1_53' title="bbox 224 4447 1794 4525; baseline 0.004 -26"><span class='ocrx_word' id='word_1_352' title='bbox 224 4447 386 4515; x_wconf 80' lang='grc' dir='ltr'>θῆναι</span> <span class='ocrx_word' id='word_1_353' title='bbox 421 4447 653 4518; x_wconf 82' lang='grc' dir='ltr'>ἀρκέσαι</span> <span class='ocrx_word' id='word_1_354' title='bbox 696 4461 757 4498; x_wconf 84' lang='grc' dir='ltr'><strong>τε</strong></span> <span class='ocrx_word' id='word_1_355' title='bbox 784 4447 919 4520; x_wconf 76' lang='grc' dir='ltr'>πρὸς</span> <span class='ocrx_word' id='word_1_356' title='bbox 949 4449 1075 4512; x_wconf 78' lang='grc' dir='ltr'>τοὺς</span> <span class='ocrx_word' id='word_1_357' title='bbox 1113 4449 1323 4518; x_wconf 85' lang='grc' dir='ltr'>λόγους,</span> <span class='ocrx_word' id='word_1_358' title='bbox 1370 4453 1464 4505; x_wconf 71' lang='grc' dir='ltr'>καὶ</span> <span class='ocrx_word' id='word_1_359' title='bbox 1495 4452 1794 4525; x_wconf 85' lang='grc' dir='ltr'>ἀποκρίνα-</span> 
     </span>
    </p>
   </div>
   <div class='ocr_carea' id='block_1_54' title="bbox 225 4537 1793 4616">
    <p class='ocr_par' dir='ltr' id='par_1_54' title="bbox 225 4537 1793 4616">
     <span class='ocr_line' id='line_1_54' title="bbox 225 4537 1793 4616; baseline 0.005 -26"><span class='ocrx_word' id='word_1_360' title='bbox 225 4539 350 4591; x_wconf 84' lang='grc' dir='ltr'>σθαι</span> <span class='ocrx_word' id='word_1_361' title='bbox 401 4543 544 4609; x_wconf 85' lang='grc' dir='ltr'>πρὸς</span> <span class='ocrx_word' id='word_1_362' title='bbox 585 4537 655 4591; x_wconf 86' lang='grc' dir='ltr'><strong>τά</strong></span> <span class='ocrx_word' id='word_1_363' title='bbox 685 4539 969 4610; x_wconf 87' lang='grc' dir='ltr'>λεγόμενα.</span> <span class='ocrx_word' id='word_1_364' title='bbox 992 4573 1058 4582; x_wconf 89' lang='grc'><strong><em>-</em></strong></span> <span class='ocrx_word' id='word_1_365' title='bbox 1103 4541 1242 4594; x_wconf 79' lang='grc' dir='ltr'>Ἀλλ’</span> <span class='ocrx_word' id='word_1_366' title='bbox 1288 4545 1346 4595; x_wconf 86' lang='grc' dir='ltr'>ὲν</span> <span class='ocrx_word' id='word_1_367' title='bbox 1375 4542 1602 4610; x_wconf 84' lang='grc' dir='ltr'>τούτοις,</span> <span class='ocrx_word' id='word_1_368' title='bbox 1637 4547 1793 4616; x_wconf 75' lang='grc' dir='ltr'>φησὶ,</span> 
     </span>
    </p>
   </div>
   <div class='ocr_carea' id='block_1_55' title="bbox 222 4629 1796 4708">
    <p class='ocr_par' dir='ltr' id='par_1_55' title="bbox 222 4629 1796 4708">
     <span class='ocr_line' id='line_1_55' title="bbox 222 4629 1796 4708; baseline 0.005 -26"><span class='ocrx_word' id='word_1_369' title='bbox 222 4629 319 4692; x_wconf 75' lang='grc' dir='ltr'>ὢν,</span> <span class='ocrx_word' id='word_1_370' title='bbox 357 4630 492 4701; x_wconf 81' lang='grc' dir='ltr'>παρ’</span> <span class='ocrx_word' id='word_1_371' title='bbox 524 4631 744 4694; x_wconf 80' lang='grc' dir='ltr'>ἐλπίδας</span> <span class='ocrx_word' id='word_1_372' title='bbox 771 4632 1140 4703; x_wconf 80' lang='grc' dir='ltr'>ἐρρωννύμην·</span> <span class='ocrx_word' id='word_1_373' title='bbox 1165 4636 1193 4687; x_wconf 88' lang='lat'><strong>6</strong></span> <span class='ocrx_word' id='word_1_374' title='bbox 1221 4633 1296 4705; x_wconf 82' lang='grc' dir='ltr'>μὴ</span> <span class='ocrx_word' id='word_1_375' title='bbox 1333 4634 1444 4706; x_wconf 87' lang='grc' dir='ltr'>γὰρ</span> <span class='ocrx_word' id='word_1_376' title='bbox 1481 4636 1662 4704; x_wconf 71' lang='grc' dir='ltr'>ὀφθεὶς</span> <span class='ocrx_word' id='word_1_377' title='bbox 1688 4637 1796 4708; x_wconf 80' lang='grc' dir='ltr'><strong>ἦπ-</strong></span> 
     </span>
    </p>
   </div>
   <div class='ocr_carea' id='block_1_56' title="bbox 218 4722 1796 4798">
    <p class='ocr_par' dir='ltr' id='par_1_56' title="bbox 218 4722 1796 4798">
     <span class='ocr_line' id='line_1_56' title="bbox 218 4722 1796 4798; baseline 0.006 -26"><span class='ocrx_word' id='word_1_378' title='bbox 218 4737 365 4774; x_wconf 83' lang='grc' dir='ltr'>τετο·</span> <span class='ocrx_word' id='word_1_379' title='bbox 401 4722 601 4777; x_wconf 76' lang='grc' dir='ltr'>αὐτίκα</span> <span class='ocrx_word' id='word_1_380' title='bbox 639 4722 697 4776; x_wconf 84' lang='grc' dir='ltr'>δὲ</span> <span class='ocrx_word' id='word_1_381' title='bbox 747 4723 890 4792; x_wconf 85' lang='grc' dir='ltr'>μάλα</span> <span class='ocrx_word' id='word_1_382' title='bbox 923 4725 956 4794; x_wconf 82' lang='grc' dir='ltr'>ἡ</span> <span class='ocrx_word' id='word_1_383' title='bbox 1008 4725 1105 4794; x_wconf 84' lang='grc' dir='ltr'>μὲν</span> <span class='ocrx_word' id='word_1_384' title='bbox 1141 4725 1392 4779; x_wconf 81' lang='grc' dir='ltr'>ἀσθένεια</span> <span class='ocrx_word' id='word_1_385' title='bbox 1439 4727 1796 4798; x_wconf 85' lang='grc' dir='ltr'>ὰπηλαύνετο,</span> 
     </span>
    </p>
   </div>
   <div class='ocr_carea' id='block_1_57' title="bbox 220 4813 1798 4887">
    <p class='ocr_par' dir='ltr' id='par_1_57' title="bbox 220 4813 1798 4887">
     <span class='ocr_line' id='line_1_57' title="bbox 220 4813 1798 4887; baseline 0.005 -23"><span class='ocrx_word' id='word_1_386' title='bbox 220 4814 304 4874; x_wconf 76' lang='grc' dir='ltr'><strong>εἰς</strong></span> <span class='ocrx_word' id='word_1_387' title='bbox 349 4813 409 4866; x_wconf 78' lang='grc' dir='ltr'><strong>δὲ</strong></span> <span class='ocrx_word' id='word_1_388' title='bbox 459 4814 560 4882; x_wconf 76' lang='grc' dir='ltr'><strong>τὴν</strong></span> <span class='ocrx_word' id='word_1_389' title='bbox 601 4813 871 4886; x_wconf 85' lang='grc' dir='ltr'>προτέραν</span> <span class='ocrx_word' id='word_1_390' title='bbox 907 4813 1246 4886; x_wconf 86' lang='grc' dir='ltr'>καθιστάμην</span> <span class='ocrx_word' id='word_1_391' title='bbox 1291 4816 1460 4887; x_wconf 81' lang='grc' dir='ltr'>ἰσχύν.</span> <span class='ocrx_word' id='word_1_392' title='bbox 1487 4850 1555 4858; x_wconf 94' lang='grc'><strong>-</strong></span> <span class='ocrx_word' id='word_1_393' title='bbox 1609 4819 1798 4872; x_wconf 83' lang='grc' dir='ltr'>Ὁπότε</span> 
     </span>
    </p>
   </div>
   <div class='ocr_carea' id='block_1_58' title="bbox 219 4901 1795 4977">
    <p class='ocr_par' dir='ltr' id='par_1_58' title="bbox 219 4901 1795 4977">
     <span class='ocr_line' id='line_1_58' title="bbox 219 4901 1795 4977; baseline 0.005 -23"><span class='ocrx_word' id='word_1_394' title='bbox 219 4903 334 4974; x_wconf 69' lang='grc' dir='ltr'>γὰρ</span> <span class='ocrx_word' id='word_1_395' title='bbox 368 4901 614 4973; x_wconf 77' lang='grc' dir='ltr'>παρέλθῃ</span> <span class='ocrx_word' id='word_1_396' title='bbox 646 4905 795 4956; x_wconf 79' lang='grc' dir='ltr'>πᾶσα</span> <span class='ocrx_word' id='word_1_397' title='bbox 825 4905 858 4973; x_wconf 86' lang='grc' dir='ltr'>ἡ</span> <span class='ocrx_word' id='word_1_398' title='bbox 879 4902 972 4956; x_wconf 88' lang='grc' dir='ltr'><strong>τοῦ</strong></span> <span class='ocrx_word' id='word_1_399' title='bbox 1005 4902 1118 4972; x_wconf 89' lang='grc' dir='ltr'>βίου</span> <span class='ocrx_word' id='word_1_400' title='bbox 1149 4905 1305 4976; x_wconf 76' lang='grc' dir='ltr'>ἡμῶν</span> <span class='ocrx_word' id='word_1_401' title='bbox 1340 4906 1490 4977; x_wconf 76' lang='grc' dir='ltr'>ἰσχῦς</span> <span class='ocrx_word' id='word_1_402' title='bbox 1527 4909 1620 4961; x_wconf 81' lang='grc' dir='ltr'><strong>καὶ</strong></span> <span class='ocrx_word' id='word_1_403' title='bbox 1647 4908 1795 4974; x_wconf 81' lang='grc' dir='ltr'>δόξα,</span> 
     </span>
    </p>
   </div>
   <div class='ocr_carea' id='block_1_59' title="bbox 218 4993 1796 5069">
    <p class='ocr_par' dir='ltr' id='par_1_59' title="bbox 218 4993 1796 5069">
     <span class='ocr_line' id='line_1_59' title="bbox 218 4993 1796 5069; baseline 0.003 -23"><span class='ocrx_word' id='word_1_404' title='bbox 218 4995 347 5046; x_wconf 79' lang='grc' dir='ltr'>τότε</span> <span class='ocrx_word' id='word_1_405' title='bbox 376 4993 762 5063; x_wconf 80' lang='grc' dir='ltr'>δυναμούμεθα</span> <span class='ocrx_word' id='word_1_406' title='bbox 789 4993 893 5046; x_wconf 83' lang='grc' dir='ltr'>ὑπὸ</span> <span class='ocrx_word' id='word_1_407' title='bbox 917 4993 1011 5046; x_wconf 89' lang='grc' dir='ltr'><strong>τοῦ</strong></span> <span class='ocrx_word' id='word_1_408' title='bbox 1039 4994 1272 5066; x_wconf 87' lang='grc' dir='ltr'>Χριστοῦ</span> <span class='ocrx_word' id='word_1_409' title='bbox 1307 4997 1586 5067; x_wconf 80' lang='grc' dir='ltr'>ὀρέγοντος</span> <span class='ocrx_word' id='word_1_410' title='bbox 1618 5003 1796 5069; x_wconf 88' lang='grc' dir='ltr'>χεῖρα,</span> 
     </span>
    </p>
   </div>
   <div class='ocr_carea' id='block_1_60' title="bbox 219 5085 1796 5160">
    <p class='ocr_par' dir='ltr' id='par_1_60' title="bbox 219 5085 1796 5160">
     <span class='ocr_line' id='line_1_60' title="bbox 219 5085 1796 5160; baseline 0.003 -24"><span class='ocrx_word' id='word_1_411' title='bbox 219 5086 322 5137; x_wconf 75' lang='grc' dir='ltr'><strong>καὶ</strong></span> <span class='ocrx_word' id='word_1_412' title='bbox 351 5086 656 5154; x_wconf 79' lang='grc' dir='ltr'>ἐγείροντος</span> <span class='ocrx_word' id='word_1_413' title='bbox 689 5087 753 5138; x_wconf 82' lang='grc' dir='ltr'>ἐκ</span> <span class='ocrx_word' id='word_1_414' title='bbox 781 5085 990 5158; x_wconf 83' lang='grc' dir='ltr'>νεκρῶν</span> <span class='ocrx_word' id='word_1_415' title='bbox 1020 5086 1245 5152; x_wconf 81' lang='grc' dir='ltr'>ζῶντας,</span> <span class='ocrx_word' id='word_1_416' title='bbox 1277 5090 1369 5142; x_wconf 79' lang='grc' dir='ltr'>καὶ</span> <span class='ocrx_word' id='word_1_417' title='bbox 1400 5088 1475 5153; x_wconf 83' lang='grc' dir='ltr'><strong>ὡς</strong></span> <span class='ocrx_word' id='word_1_418' title='bbox 1523 5089 1632 5143; x_wconf 82' lang='grc' dir='ltr'><strong>άπὸ</strong></span> <span class='ocrx_word' id='word_1_419' title='bbox 1671 5089 1796 5160; x_wconf 77' lang='grc' dir='ltr'>ᾇδου</span> 
     </span>
    </p>
   </div>
   <div class='ocr_carea' id='block_1_61' title="bbox 218 5174 821 5246">
    <p class='ocr_par' dir='ltr' id='par_1_61' title="bbox 218 5174 821 5246">
     <span class='ocr_line' id='line_1_61' title="bbox 218 5174 821 5246; baseline 0.007 -21"><span class='ocrx_word' id='word_1_420' title='bbox 218 5176 306 5237; x_wconf 73' lang='grc' dir='ltr'><strong>εἰς</strong></span> <span class='ocrx_word' id='word_1_421' title='bbox 338 5175 634 5228; x_wconf 83' lang='grc' dir='ltr'>ἀνάστασιν</span> <span class='ocrx_word' id='word_1_422' title='bbox 658 5174 821 5246; x_wconf 76' lang='grc' dir='ltr'>ζωῆς.</span> 
     </span>
    </p>
   </div>
   <div class='ocr_carea' id='block_1_62' title="bbox 303 5268 1796 5343">
    <p class='ocr_par' dir='ltr' id='par_1_62' title="bbox 303 5268 1796 5343">
     <span class='ocr_line' id='line_1_62' title="bbox 303 5268 1796 5343; baseline 0.001 -23"><span class='ocrx_word' id='word_1_423' title='bbox 303 5274 395 5338; x_wconf 85' lang='grc' dir='ltr'>ιη’.</span> <span class='ocrx_word' id='word_1_424' title='bbox 444 5268 559 5321; x_wconf 79' lang='grc' dir='ltr'><strong>Καὶ</strong></span> <span class='ocrx_word' id='word_1_425' title='bbox 585 5268 876 5336; x_wconf 83' lang='grc' dir='ltr'>ἐνίσχυσέ</span> <span class='ocrx_word' id='word_1_426' title='bbox 909 5285 1005 5336; x_wconf 83' lang='grc' dir='ltr'>με.</span> <span class='ocrx_word' id='word_1_427' title='bbox 1060 5269 1398 5324; x_wconf 83' lang='grc' dir='ltr'>Ἱππολύτου.</span> <span class='ocrx_word' id='word_1_428' title='bbox 1455 5270 1647 5323; x_wconf 84' lang='grc' dir='ltr'>Ὁπότε</span> <span class='ocrx_word' id='word_1_429' title='bbox 1687 5269 1796 5343; x_wconf 76' lang='grc' dir='ltr'>γὰρ</span> 
     </span>
    </p>
   </div>
   <div class='ocr_carea' id='block_1_63' title="bbox 216 5359 1796 5433">
    <p class='ocr_par' dir='ltr' id='par_1_63' title="bbox 216 5359 1796 5433">
     <span class='ocr_line' id='line_1_63' title="bbox 216 5359 1796 5433; baseline 0.001 -20"><span class='ocrx_word' id='word_1_430' title='bbox 216 5359 516 5418; x_wconf 70' lang='grc' dir='ltr'>εὐελπίδας</span> <span class='ocrx_word' id='word_1_431' title='bbox 550 5360 799 5429; x_wconf 76' lang='grc' dir='ltr'>ἐποίησεν</span> <span class='ocrx_word' id='word_1_432' title='bbox 827 5361 973 5430; x_wconf 74' lang='grc' dir='ltr'>ἡμᾶς</span> <span class='ocrx_word' id='word_1_433' title='bbox 995 5361 1024 5413; x_wconf 88' lang='lat'><strong>6</strong></span> <span class='ocrx_word' id='word_1_434' title='bbox 1057 5361 1226 5430; x_wconf 91' lang='grc' dir='ltr'>Λόγος</span> <span class='ocrx_word' id='word_1_435' title='bbox 1251 5361 1386 5431; x_wconf 76' lang='grc' dir='ltr'>πρὸς</span> <span class='ocrx_word' id='word_1_436' title='bbox 1415 5361 1483 5415; x_wconf 78' lang='grc' dir='ltr'>τὰ</span> <span class='ocrx_word' id='word_1_437' title='bbox 1517 5362 1796 5433; x_wconf 85' lang='grc' dir='ltr'>μέλλοντα,</span> 
     </span>
    </p>
   </div>
   <div class='ocr_carea' id='block_1_64' title="bbox 215 5450 1688 5525">
    <p class='ocr_par' dir='ltr' id='par_1_64' title="bbox 215 5450 1688 5525">
     <span class='ocr_line' id='line_1_64' title="bbox 215 5450 1688 5525; baseline 0.003 -22"><span class='ocrx_word' id='word_1_438' title='bbox 215 5450 471 5512; x_wconf 69' lang='grc' dir='ltr'>εὐκόλως</span> <span class='ocrx_word' id='word_1_439' title='bbox 503 5451 597 5503; x_wconf 76' lang='grc' dir='ltr'><strong>καὶ</strong></span> <span class='ocrx_word' id='word_1_440' title='bbox 623 5451 722 5520; x_wconf 79' lang='grc' dir='ltr'><strong>τῆς</strong></span> <span class='ocrx_word' id='word_1_441' title='bbox 748 5450 936 5504; x_wconf 89' lang='grc' dir='ltr'>τούτου</span> <span class='ocrx_word' id='word_1_442' title='bbox 957 5451 1137 5519; x_wconf 82' lang='grc' dir='ltr'>φωνῆς</span> <span class='ocrx_word' id='word_1_443' title='bbox 1160 5452 1376 5505; x_wconf 83' lang='grc' dir='ltr'>ἀκούειν</span> <span class='ocrx_word' id='word_1_444' title='bbox 1395 5453 1688 5525; x_wconf 82' lang='grc' dir='ltr'>δυνάμεθα.</span> 
     </span>
    </p>
   </div>
   <div class='ocr_carea' id='block_1_65' title="bbox 1873 1156 3440 1228">
    <p class='ocr_par' dir='ltr' id='par_1_65' title="bbox 1873 1156 3440 1228">
     <span class='ocr_line' id='line_1_65' title="bbox 1873 1156 3440 1228; baseline -0.001 -17"><span class='ocrx_word' id='word_1_445' title='bbox 1873 1157 2060 1224; x_wconf 88' lang='lat' dir='ltr'><strong>niens;</strong></span> <span class='ocrx_word' id='word_1_446' title='bbox 2095 1160 2264 1213; x_wconf 80' lang='lat' dir='ltr'><strong>servis</strong></span> <span class='ocrx_word' id='word_1_447' title='bbox 2297 1167 2476 1213; x_wconf 91' lang='lat' dir='ltr'><strong>autem</strong></span> <span class='ocrx_word' id='word_1_448' title='bbox 2499 1159 2637 1228; x_wconf 89' lang='lat' dir='ltr'><strong>ejus,</strong></span> <span class='ocrx_word' id='word_1_449' title='bbox 2673 1167 2726 1212; x_wconf 92' lang='lat' dir='ltr'><strong>et</strong></span> <span class='ocrx_word' id='word_1_450' title='bbox 2754 1157 3053 1228; x_wconf 70' lang='lat' dir='ltr'><strong>prophetis,</strong></span> <span class='ocrx_word' id='word_1_451' title='bbox 3097 1165 3152 1211; x_wconf 90' lang='lat' dir='ltr'><strong>et</strong></span> <span class='ocrx_word' id='word_1_452' title='bbox 3185 1156 3440 1228; x_wconf 80' lang='lat' dir='ltr'><strong>martyri-</strong></span> 
     </span>
    </p>
   </div>
   <div class='ocr_carea' id='block_1_66' title="bbox 1878 1247 3437 1312">
    <p class='ocr_par' dir='ltr' id='par_1_66' title="bbox 1878 1247 3437 1312">
     <span class='ocr_line' id='line_1_66' title="bbox 1878 1247 3437 1312; baseline 0.002 -11"><span class='ocrx_word' id='word_1_453' title='bbox 1878 1247 2001 1312; x_wconf 86' lang='lat' dir='ltr'><strong>bus,</strong></span> <span class='ocrx_word' id='word_1_454' title='bbox 2031 1257 2084 1302; x_wconf 91' lang='lat' dir='ltr'><strong>et</strong></span> <span class='ocrx_word' id='word_1_455' title='bbox 2104 1249 2358 1304; x_wconf 89' lang='lat' dir='ltr'><strong>omnibus</strong></span> <span class='ocrx_word' id='word_1_456' title='bbox 2390 1249 2704 1305; x_wconf 75' lang='lat' dir='ltr'><strong>timentibus</strong></span> <span class='ocrx_word' id='word_1_457' title='bbox 2735 1266 2860 1305; x_wconf 89' lang='lat' dir='ltr'><strong>eum</strong></span> <span class='ocrx_word' id='word_1_458' title='bbox 2885 1249 3035 1304; x_wconf 86' lang='lat' dir='ltr'><strong>dabit</strong></span> <span class='ocrx_word' id='word_1_459' title='bbox 3062 1260 3323 1304; x_wconf 65' lang='lat' dir='ltr'><strong>aeternum</strong></span> <span class='ocrx_word' id='word_1_460' title='bbox 3351 1266 3437 1304; x_wconf 82' lang='lat' dir='ltr'><strong>re-</strong></span> 
     </span>
    </p>
   </div>
   <div class='ocr_carea' id='block_1_67' title="bbox 1881 1339 3438 1411">
    <p class='ocr_par' dir='ltr' id='par_1_67' title="bbox 1881 1339 3438 1411">
     <span class='ocr_line' id='line_1_67' title="bbox 1881 1339 3438 1411; baseline 0.003 -19"><span class='ocrx_word' id='word_1_461' title='bbox 1881 1355 2082 1410; x_wconf 90' lang='lat' dir='ltr'><strong>gnum;</strong></span> <span class='ocrx_word' id='word_1_462' title='bbox 2132 1339 2236 1394; x_wconf 92' lang='lat' dir='ltr'><strong>hoc</strong></span> <span class='ocrx_word' id='word_1_463' title='bbox 2269 1349 2352 1394; x_wconf 91' lang='lat' dir='ltr'><strong>est</strong></span> <span class='ocrx_word' id='word_1_464' title='bbox 2393 1348 2654 1395; x_wconf 79' lang='lat' dir='ltr'><strong>aeternam</strong></span> <span class='ocrx_word' id='word_1_465' title='bbox 2694 1340 2971 1396; x_wconf 86' lang='lat' dir='ltr'><strong>habebunt</strong></span> <span class='ocrx_word' id='word_1_466' title='bbox 3006 1340 3274 1395; x_wconf 88' lang='lat' dir='ltr'><strong>bonorum</strong></span> <span class='ocrx_word' id='word_1_467' title='bbox 3311 1357 3438 1411; x_wconf 63' lang='lat' dir='ltr'><strong>pos«</strong></span> 
     </span>
    </p>
   </div>
   <div class='ocr_carea' id='block_1_68' title="bbox 1875 1432 2192 1486">
    <p class='ocr_par' dir='ltr' id='par_1_68' title="bbox 1875 1432 2192 1486">
     <span class='ocr_line' id='line_1_68' title="bbox 1875 1432 2192 1486; baseline -0.009 0"><span class='ocrx_word' id='word_1_468' title='bbox 1875 1432 2192 1486; x_wconf 87' lang='lat' dir='ltr'><strong>sessionem.</strong></span> 
     </span>
    </p>
   </div>
   <div class='ocr_carea' id='block_1_69' title="bbox 1949 1520 3438 1591">
    <p class='ocr_par' dir='ltr' id='par_1_69' title="bbox 1949 1520 3438 1591">
     <span class='ocr_line' id='line_1_69' title="bbox 1949 1520 3438 1591; baseline 0 -15"><span class='ocrx_word' id='word_1_469' title='bbox 1949 1521 2013 1578; x_wconf 87' lang='lat' dir='ltr'><strong>V.</strong></span> <span class='ocrx_word' id='word_1_470' title='bbox 2051 1522 2142 1576; x_wconf 77' lang='grc'><strong>25.</strong></span> <span class='ocrx_word' id='word_1_471' title='bbox 2189 1551 2257 1560; x_wconf 89' lang='grc'><strong><em>-</em></strong></span> <span class='ocrx_word' id='word_1_472' title='bbox 2297 1520 2468 1591; x_wconf 85' lang='lat' dir='ltr'><strong>Usque</strong></span> <span class='ocrx_word' id='word_1_473' title='bbox 2495 1522 2564 1576; x_wconf 85' lang='lat' dir='ltr'><strong>ad</strong></span> <span class='ocrx_word' id='word_1_474' title='bbox 2596 1531 2795 1590; x_wconf 80' lang='lat' dir='ltr'><strong>tempus</strong></span> <span class='ocrx_word' id='word_1_475' title='bbox 2831 1529 2881 1575; x_wconf 86' lang='lat' dir='ltr'><strong>et</strong></span> <span class='ocrx_word' id='word_1_476' title='bbox 2912 1532 3145 1591; x_wconf 86' lang='lat' dir='ltr'><strong>tempora</strong></span> <span class='ocrx_word' id='word_1_477' title='bbox 3189 1533 3240 1576; x_wconf 87' lang='lat' dir='ltr'><strong>et</strong></span> <span class='ocrx_word' id='word_1_478' title='bbox 3276 1522 3438 1576; x_wconf 84' lang='lat' dir='ltr'><strong>dimi-</strong></span> 
     </span>
    </p>
   </div>
   <div class='ocr_carea' id='block_1_70' title="bbox 1875 1613 3439 1686">
    <p class='ocr_par' dir='ltr' id='par_1_70' title="bbox 1875 1613 3439 1686">
     <span class='ocr_line' id='line_1_70' title="bbox 1875 1613 3439 1686; baseline 0.001 -18"><span class='ocrx_word' id='word_1_479' title='bbox 1875 1615 2021 1668; x_wconf 82' lang='lat' dir='ltr'><strong>dium</strong></span> <span class='ocrx_word' id='word_1_480' title='bbox 2046 1619 2307 1685; x_wconf 84' lang='lat' dir='ltr'><strong>temporis.</strong></span> <span class='ocrx_word' id='word_1_481' title='bbox 2340 1613 2629 1685; x_wconf 80' lang='lat' dir='ltr'><strong>Hippolyti.</strong></span> <span class='ocrx_word' id='word_1_482' title='bbox 2673 1614 2828 1682; x_wconf 86' lang='lat' dir='ltr'><strong>Quod</strong></span> <span class='ocrx_word' id='word_1_483' title='bbox 2888 1615 3158 1686; x_wconf 82' lang='lat' dir='ltr'><strong>signiﬁcat</strong></span> <span class='ocrx_word' id='word_1_484' title='bbox 3201 1623 3311 1671; x_wconf 85' lang='lat' dir='ltr'><strong>tres</strong></span> <span class='ocrx_word' id='word_1_485' title='bbox 3339 1631 3439 1670; x_wconf 86' lang='lat' dir='ltr'><strong>an-</strong></span> 
     </span>
    </p>
   </div>
   <div class='ocr_carea' id='block_1_71' title="bbox 1879 1706 2408 1763">
    <p class='ocr_par' dir='ltr' id='par_1_71' title="bbox 1879 1706 2408 1763">
     <span class='ocr_line' id='line_1_71' title="bbox 1879 1706 2408 1763; baseline -0.002 -1"><span class='ocrx_word' id='word_1_486' title='bbox 1879 1723 1981 1762; x_wconf 87' lang='lat' dir='ltr'><strong>nos</strong></span> <span class='ocrx_word' id='word_1_487' title='bbox 2007 1723 2131 1763; x_wconf 90' lang='lat' dir='ltr'><strong>cum</strong></span> <span class='ocrx_word' id='word_1_488' title='bbox 2159 1706 2408 1762; x_wconf 90' lang='lat' dir='ltr'><strong>dimidio.</strong></span> 
     </span>
    </p>
   </div>
   <div class='ocr_carea' id='block_1_72' title="bbox 2519 1795 2787 1852">
    <p class='ocr_par' dir='ltr' id='par_1_72' title="bbox 2519 1795 2787 1852">
     <span class='ocr_line' id='line_1_72' title="bbox 2519 1795 2787 1852; baseline 0.004 -1"><span class='ocrx_word' id='word_1_489' title='bbox 2519 1795 2670 1851; x_wconf 83' lang='lat' dir='ltr'><strong>CAP.</strong></span> <span class='ocrx_word' id='word_1_490' title='bbox 2696 1795 2787 1852; x_wconf 84' lang='lat' dir='ltr'><strong>IX.</strong></span> 
     </span>
    </p>
   </div>
   <div class='ocr_carea' id='block_1_73' title="bbox 1947 1883 3437 1944">
    <p class='ocr_par' dir='ltr' id='par_1_73' title="bbox 1947 1883 3437 1944">
     <span class='ocr_line' id='line_1_73' title="bbox 1947 1883 3437 1944; baseline 0.001 -3"><span class='ocrx_word' id='word_1_491' title='bbox 1947 1887 2013 1943; x_wconf 88' lang='lat' dir='ltr'><strong>V.</strong></span> <span class='ocrx_word' id='word_1_492' title='bbox 2047 1887 2136 1941; x_wconf 75' lang='lat'><strong>21.</strong></span> <span class='ocrx_word' id='word_1_493' title='bbox 2172 1916 2242 1926; x_wconf 93' lang='lat'><strong><em>—</em></strong></span> <span class='ocrx_word' id='word_1_494' title='bbox 2271 1883 2406 1940; x_wconf 86' lang='lat' dir='ltr'><strong>Ecce</strong></span> <span class='ocrx_word' id='word_1_495' title='bbox 2431 1886 2511 1939; x_wconf 82' lang='lat' dir='ltr'><strong>vir</strong></span> <span class='ocrx_word' id='word_1_496' title='bbox 2558 1884 2837 1940; x_wconf 80' lang='lat' dir='ltr'><strong>Gabriel...</strong></span> <span class='ocrx_word' id='word_1_497' title='bbox 2883 1884 2987 1941; x_wconf 80' lang='lat' dir='ltr'><strong>cito</strong></span> <span class='ocrx_word' id='word_1_498' title='bbox 3043 1885 3292 1942; x_wconf 82' lang='lat' dir='ltr'><strong>volans...</strong></span> <span class='ocrx_word' id='word_1_499' title='bbox 3331 1896 3437 1944; x_wconf 88' lang='lat' dir='ltr'><strong>etc.</strong></span> 
     </span>
    </p>
   </div>
   <div class='ocr_carea' id='block_1_74' title="bbox 1881 1976 3438 2056">
    <p class='ocr_par' dir='ltr' id='par_1_74' title="bbox 1881 1976 3438 2056">
     <span class='ocr_line' id='line_1_74' title="bbox 1881 1976 3438 2056; baseline 0.001 -23"><span class='ocrx_word' id='word_1_500' title='bbox 1881 1979 2168 2050; x_wconf 82' lang='lat' dir='ltr'><strong>Hippolyti.</strong></span> <span class='ocrx_word' id='word_1_501' title='bbox 2219 1976 2382 2033; x_wconf 82' lang='lat' dir='ltr'><strong>Vides</strong></span> <span class='ocrx_word' id='word_1_502' title='bbox 2432 1976 2712 2047; x_wconf 88' lang='lat' dir='ltr'><strong>quomodo</strong></span> <span class='ocrx_word' id='word_1_503' title='bbox 2771 1978 3032 2056; x_wconf 80' lang='lat' dir='ltr'><strong>propheta</strong></span> <span class='ocrx_word' id='word_1_504' title='bbox 3097 1979 3438 2035; x_wconf 85' lang='lat' dir='ltr'><strong>velocitatem</strong></span> 
     </span>
    </p>
   </div>
   <div class='ocr_carea' id='block_1_75' title="bbox 1879 2069 3441 2141">
    <p class='ocr_par' dir='ltr' id='par_1_75' title="bbox 1879 2069 3441 2141">
     <span class='ocr_line' id='line_1_75' title="bbox 1879 2069 3441 2141; baseline 0 -15"><span class='ocrx_word' id='word_1_505' title='bbox 1879 2071 2190 2141; x_wconf 87' lang='lat' dir='ltr'><strong>angelorum</strong></span> <span class='ocrx_word' id='word_1_506' title='bbox 2230 2069 2317 2123; x_wconf 88' lang='lat' dir='ltr'><strong>avi</strong></span> <span class='ocrx_word' id='word_1_507' title='bbox 2363 2069 2667 2138; x_wconf 74' lang='lat' dir='ltr'><strong>pennigerse</strong></span> <span class='ocrx_word' id='word_1_508' title='bbox 2689 2069 2973 2137; x_wconf 87' lang='lat' dir='ltr'><strong>assimilat,</strong></span> <span class='ocrx_word' id='word_1_509' title='bbox 3007 2080 3223 2140; x_wconf 85' lang='lat' dir='ltr'><strong>propter</strong></span> <span class='ocrx_word' id='word_1_510' title='bbox 3252 2072 3441 2126; x_wconf 86' lang='lat' dir='ltr'><strong>levita-</strong></span> 
     </span>
    </p>
   </div>
   <div class='ocr_carea' id='block_1_76' title="bbox 1882 2161 3442 2233">
    <p class='ocr_par' dir='ltr' id='par_1_76' title="bbox 1882 2161 3442 2233">
     <span class='ocr_line' id='line_1_76' title="bbox 1882 2161 3442 2233; baseline 0.001 -17"><span class='ocrx_word' id='word_1_511' title='bbox 1882 2173 1985 2217; x_wconf 92' lang='lat' dir='ltr'><strong>tem</strong></span> <span class='ocrx_word' id='word_1_512' title='bbox 2007 2172 2060 2218; x_wconf 90' lang='lat' dir='ltr'><strong>et</strong></span> <span class='ocrx_word' id='word_1_513' title='bbox 2083 2161 2444 2232; x_wconf 85' lang='lat' dir='ltr'><strong>rapiditatem,</strong></span> <span class='ocrx_word' id='word_1_514' title='bbox 2473 2176 2597 2217; x_wconf 90' lang='lat' dir='ltr'><strong>cum</strong></span> <span class='ocrx_word' id='word_1_515' title='bbox 2632 2163 2832 2233; x_wconf 88' lang='lat' dir='ltr'><strong>quibus</strong></span> <span class='ocrx_word' id='word_1_516' title='bbox 2858 2163 2911 2216; x_wconf 87' lang='lat' dir='ltr'><strong>hi</strong></span> <span class='ocrx_word' id='word_1_517' title='bbox 2946 2164 3169 2233; x_wconf 89' lang='lat' dir='ltr'><strong>spiritus</strong></span> <span class='ocrx_word' id='word_1_518' title='bbox 3195 2163 3442 2220; x_wconf 83' lang='lat' dir='ltr'><strong>celeriter</strong></span> 
     </span>
    </p>
   </div>
   <div class='ocr_carea' id='block_1_77' title="bbox 1875 2253 2358 2325">
    <p class='ocr_par' dir='ltr' id='par_1_77' title="bbox 1875 2253 2358 2325">
     <span class='ocr_line' id='line_1_77' title="bbox 1875 2253 2358 2325; baseline -0.004 -17"><span class='ocrx_word' id='word_1_519' title='bbox 1875 2254 2044 2325; x_wconf 86' lang='lat' dir='ltr'><strong>jussis</strong></span> <span class='ocrx_word' id='word_1_520' title='bbox 2080 2253 2358 2308; x_wconf 89' lang='lat' dir='ltr'><strong>obediunt.</strong></span> 
     </span>
    </p>
   </div>
   <div class='ocr_carea' id='block_1_78' title="bbox 2532 2343 2794 2400">
    <p class='ocr_par' dir='ltr' id='par_1_78' title="bbox 2532 2343 2794 2400">
     <span class='ocr_line' id='line_1_78' title="bbox 2532 2343 2794 2400; baseline -0.008 0"><span class='ocrx_word' id='word_1_521' title='bbox 2532 2343 2683 2400; x_wconf 87' lang='lat' dir='ltr'><strong>CAP.</strong></span> <span class='ocrx_word' id='word_1_522' title='bbox 2724 2344 2794 2398; x_wconf 85' lang='lat' dir='ltr'><strong>X.</strong></span> 
     </span>
    </p>
   </div>
   <div class='ocr_carea' id='block_1_79' title="bbox 1950 2432 3444 2509">
    <p class='ocr_par' dir='ltr' id='par_1_79' title="bbox 1950 2432 3444 2509">
     <span class='ocr_line' id='line_1_79' title="bbox 1950 2432 3444 2509; baseline 0.005 -23"><span class='ocrx_word' id='word_1_523' title='bbox 1950 2432 2013 2488; x_wconf 90' lang='lat' dir='ltr'><strong>V.</strong></span> <span class='ocrx_word' id='word_1_524' title='bbox 2066 2435 2118 2491; x_wconf 87' lang='lat'><em>6.</em></span> <span class='ocrx_word' id='word_1_525' title='bbox 2155 2433 2223 2489; x_wconf 83' lang='lat' dir='ltr'><strong>Et</strong></span> <span class='ocrx_word' id='word_1_526' title='bbox 2255 2452 2354 2490; x_wconf 76' lang='lat' dir='ltr'><strong>voa:</strong></span> <span class='ocrx_word' id='word_1_527' title='bbox 2391 2452 2710 2490; x_wconf 83' lang='lat' dir='ltr'><strong>sermonum.</strong></span> <span class='ocrx_word' id='word_1_528' title='bbox 2747 2435 3041 2509; x_wconf 78' lang='lat' dir='ltr'><strong>Hippolyti.</strong></span> <span class='ocrx_word' id='word_1_529' title='bbox 3071 2437 3273 2494; x_wconf 89' lang='lat' dir='ltr'><strong>Omnes</strong></span> <span class='ocrx_word' id='word_1_530' title='bbox 3297 2439 3444 2494; x_wconf 89' lang='lat' dir='ltr'><strong>enim</strong></span> 
     </span>
    </p>
   </div>
   <div class='ocr_carea' id='block_1_80' title="bbox 1883 2524 3447 2596">
    <p class='ocr_par' dir='ltr' id='par_1_80' title="bbox 1883 2524 3447 2596">
     <span class='ocr_line' id='line_1_80' title="bbox 1883 2524 3447 2596; baseline 0.002 -18"><span class='ocrx_word' id='word_1_531' title='bbox 1883 2524 2043 2578; x_wconf 88' lang='lat' dir='ltr'><strong>hodie</strong></span> <span class='ocrx_word' id='word_1_532' title='bbox 2080 2525 2173 2594; x_wconf 89' lang='lat' dir='ltr'><strong>qui</strong></span> <span class='ocrx_word' id='word_1_533' title='bbox 2225 2527 2280 2578; x_wconf 92' lang='lat' dir='ltr'><strong>in</strong></span> <span class='ocrx_word' id='word_1_534' title='bbox 2319 2541 2442 2579; x_wconf 90' lang='lat' dir='ltr'><strong>eum</strong></span> <span class='ocrx_word' id='word_1_535' title='bbox 2484 2524 2786 2592; x_wconf 85' lang='lat' dir='ltr'><strong>credimus,</strong></span> <span class='ocrx_word' id='word_1_536' title='bbox 2821 2526 3038 2580; x_wconf 87' lang='lat' dir='ltr'><strong>oracula</strong></span> <span class='ocrx_word' id='word_1_537' title='bbox 3075 2525 3277 2580; x_wconf 83' lang='lat' dir='ltr'><strong>Christi</strong></span> <span class='ocrx_word' id='word_1_538' title='bbox 3307 2542 3447 2596; x_wconf 61' lang='lat' dir='ltr'><strong>prae-</strong></span> 
     </span>
    </p>
   </div>
   <div class='ocr_carea' id='block_1_81' title="bbox 1881 2615 3440 2689">
    <p class='ocr_par' dir='ltr' id='par_1_81' title="bbox 1881 2615 3440 2689">
     <span class='ocr_line' id='line_1_81' title="bbox 1881 2615 3440 2689; baseline 0.003 -20"><span class='ocrx_word' id='word_1_539' title='bbox 1881 2615 2147 2682; x_wconf 86' lang='lat' dir='ltr'><strong>dicamus,</strong></span> <span class='ocrx_word' id='word_1_540' title='bbox 2177 2617 2334 2686; x_wconf 90' lang='lat' dir='ltr'><strong>quasi</strong></span> <span class='ocrx_word' id='word_1_541' title='bbox 2359 2633 2452 2688; x_wconf 91' lang='lat' dir='ltr'><strong>per</strong></span> <span class='ocrx_word' id='word_1_542' title='bbox 2476 2633 2539 2673; x_wconf 93' lang='lat' dir='ltr'><strong>os</strong></span> <span class='ocrx_word' id='word_1_543' title='bbox 2567 2617 2686 2688; x_wconf 81' lang='lat' dir='ltr'><strong>ejus</strong></span> <span class='ocrx_word' id='word_1_544' title='bbox 2712 2617 2994 2688; x_wconf 84' lang='lat' dir='ltr'><strong>loquentes</strong></span> <span class='ocrx_word' id='word_1_545' title='bbox 3014 2618 3132 2689; x_wconf 87' lang='lat' dir='ltr'><strong>ejus</strong></span> <span class='ocrx_word' id='word_1_546' title='bbox 3152 2628 3440 2689; x_wconf 63' lang='lat' dir='ltr'><strong>praecepta.</strong></span> 
     </span>
    </p>
   </div>
   <div class='ocr_carea' id='block_1_82' title="bbox 1953 2790 3446 2866">
    <p class='ocr_par' dir='ltr' id='par_1_82' title="bbox 1953 2790 3446 2866">
     <span class='ocr_line' id='line_1_82' title="bbox 1953 2790 3446 2866; baseline 0.004 -20"><span class='ocrx_word' id='word_1_547' title='bbox 1953 2790 2017 2846; x_wconf 85' lang='lat' dir='ltr'><strong>V.</strong></span> <span class='ocrx_word' id='word_1_548' title='bbox 2082 2792 2129 2846; x_wconf 91' lang='lat'><strong>7.</strong></span> <span class='ocrx_word' id='word_1_549' title='bbox 2186 2819 2258 2831; x_wconf 90' lang='lat'>—</span> <span class='ocrx_word' id='word_1_550' title='bbox 2308 2790 2428 2846; x_wconf 78' lang='lat' dir='ltr'><strong>Vidi</strong></span> <span class='ocrx_word' id='word_1_551' title='bbox 2486 2803 2660 2846; x_wconf 80' lang='lat' dir='ltr'><strong>autent</strong></span> <span class='ocrx_word' id='word_1_552' title='bbox 2707 2809 2820 2864; x_wconf 81' lang='lat' dir='ltr'><strong>ego.</strong></span> <span class='ocrx_word' id='word_1_553' title='bbox 2877 2790 3166 2866; x_wconf 83' lang='lat' dir='ltr'><strong>Hippolyti.</strong></span> <span class='ocrx_word' id='word_1_554' title='bbox 3231 2795 3446 2852; x_wconf 86' lang='lat' dir='ltr'><strong>Sanctis</strong></span> 
     </span>
    </p>
   </div>
   <div class='ocr_carea' id='block_1_83' title="bbox 1883 2883 3447 2960">
    <p class='ocr_par' dir='ltr' id='par_1_83' title="bbox 1883 2883 3447 2960">
     <span class='ocr_line' id='line_1_83' title="bbox 1883 2883 3447 2960; baseline 0.004 -22"><span class='ocrx_word' id='word_1_555' title='bbox 1883 2885 2026 2939; x_wconf 90' lang='lat' dir='ltr'><strong>enim</strong></span> <span class='ocrx_word' id='word_1_556' title='bbox 2049 2883 2363 2939; x_wconf 87' lang='lat' dir='ltr'><strong>timentibus</strong></span> <span class='ocrx_word' id='word_1_557' title='bbox 2391 2900 2513 2938; x_wconf 89' lang='lat' dir='ltr'><strong>eum</strong></span> <span class='ocrx_word' id='word_1_558' title='bbox 2543 2884 2675 2940; x_wconf 91' lang='lat' dir='ltr'><strong>solis</strong></span> <span class='ocrx_word' id='word_1_559' title='bbox 2693 2900 2810 2940; x_wconf 91' lang='lat' dir='ltr'><strong>sese</strong></span> <span class='ocrx_word' id='word_1_560' title='bbox 2837 2886 3066 2953; x_wconf 85' lang='lat' dir='ltr'><strong>revelat;</strong></span> <span class='ocrx_word' id='word_1_561' title='bbox 3101 2903 3224 2941; x_wconf 89' lang='lat' dir='ltr'><strong>nam</strong></span> <span class='ocrx_word' id='word_1_562' title='bbox 3251 2890 3295 2943; x_wconf 92' lang='lat' dir='ltr'><strong>si</strong></span> <span class='ocrx_word' id='word_1_563' title='bbox 3321 2891 3447 2960; x_wconf 87' lang='lat' dir='ltr'><strong>quis</strong></span> 
     </span>
    </p>
   </div>
   <div class='ocr_carea' id='block_1_84' title="bbox 1885 2975 3445 3047">
    <p class='ocr_par' dir='ltr' id='par_1_84' title="bbox 1885 2975 3445 3047">
     <span class='ocr_line' id='line_1_84' title="bbox 1885 2975 3445 3047; baseline 0.005 -18"><span class='ocrx_word' id='word_1_564' title='bbox 1885 2976 2097 3032; x_wconf 75' lang='lat' dir='ltr'><strong>videtur</strong></span> <span class='ocrx_word' id='word_1_565' title='bbox 2118 2985 2172 3032; x_wconf 89' lang='lat' dir='ltr'><strong>et</strong></span> <span class='ocrx_word' id='word_1_566' title='bbox 2193 2977 2246 3031; x_wconf 93' lang='lat' dir='ltr'><strong>in</strong></span> <span class='ocrx_word' id='word_1_567' title='bbox 2268 2975 2510 3031; x_wconf 83' lang='lat' dir='ltr'><strong>Ecclesia</strong></span> <span class='ocrx_word' id='word_1_568' title='bbox 2531 2975 2639 3047; x_wconf 91' lang='lat' dir='ltr'><strong>jam</strong></span> <span class='ocrx_word' id='word_1_569' title='bbox 2653 2977 2851 3042; x_wconf 88' lang='lat' dir='ltr'><strong>vivere,</strong></span> <span class='ocrx_word' id='word_1_570' title='bbox 2874 2978 3120 3032; x_wconf 89' lang='lat' dir='ltr'><strong>timorem</strong></span> <span class='ocrx_word' id='word_1_571' title='bbox 3145 2987 3323 3034; x_wconf 88' lang='lat' dir='ltr'><strong>autem</strong></span> <span class='ocrx_word' id='word_1_572' title='bbox 3352 2980 3445 3037; x_wconf 85' lang='lat' dir='ltr'><strong>Dei</strong></span> 
     </span>
    </p>
   </div>
   <div class='ocr_carea' id='block_1_85' title="bbox 1886 3066 3446 3138">
    <p class='ocr_par' dir='ltr' id='par_1_85' title="bbox 1886 3066 3446 3138">
     <span class='ocr_line' id='line_1_85' title="bbox 1886 3066 3446 3138; baseline 0.004 -16"><span class='ocrx_word' id='word_1_573' title='bbox 1886 3083 1997 3123; x_wconf 90' lang='lat' dir='ltr'><strong>non</strong></span> <span class='ocrx_word' id='word_1_574' title='bbox 2047 3068 2226 3135; x_wconf 88' lang='lat' dir='ltr'><strong>habet,</strong></span> <span class='ocrx_word' id='word_1_575' title='bbox 2275 3067 2413 3122; x_wconf 83' lang='lat' dir='ltr'><strong>nihil</strong></span> <span class='ocrx_word' id='word_1_576' title='bbox 2470 3066 2521 3121; x_wconf 85' lang='lat' dir='ltr'><strong>ei</strong></span> <span class='ocrx_word' id='word_1_577' title='bbox 2579 3067 2794 3138; x_wconf 80' lang='lat' dir='ltr'><strong>expedit</strong></span> <span class='ocrx_word' id='word_1_578' title='bbox 2831 3080 3143 3125; x_wconf 88' lang='lat' dir='ltr'><strong>sanctorum</strong></span> <span class='ocrx_word' id='word_1_579' title='bbox 3189 3071 3446 3128; x_wconf 86' lang='lat' dir='ltr'><strong>societas.</strong></span> 
     </span>
    </p>
   </div>
   <div class='ocr_carea' id='block_1_86' title="bbox 1957 3244 3448 3324">
    <p class='ocr_par' dir='ltr' id='par_1_86' title="bbox 1957 3244 3448 3324">
     <span class='ocr_line' id='line_1_86' title="bbox 1957 3244 3448 3324; baseline 0.007 -27"><span class='ocrx_word' id='word_1_580' title='bbox 1957 3244 2023 3299; x_wconf 83' lang='lat' dir='ltr'><strong>V.</strong></span> <span class='ocrx_word' id='word_1_581' title='bbox 2082 3245 2169 3301; x_wconf 76' lang='lat'><strong>12.</strong></span> <span class='ocrx_word' id='word_1_582' title='bbox 2200 3276 2271 3286; x_wconf 95' lang='lat'><strong><em>—</em></strong></span> <span class='ocrx_word' id='word_1_583' title='bbox 2300 3245 2573 3302; x_wconf 78' lang='lat' dir='ltr'><strong>Exaudita</strong></span> <span class='ocrx_word' id='word_1_584' title='bbox 2624 3257 2745 3302; x_wconf 86' lang='lat' dir='ltr'><strong>sunt</strong></span> <span class='ocrx_word' id='word_1_585' title='bbox 2791 3251 2945 3303; x_wconf 85' lang='lat' dir='ltr'><strong>verba</strong></span> <span class='ocrx_word' id='word_1_586' title='bbox 2996 3259 3106 3306; x_wconf 86' lang='lat' dir='ltr'><strong>tua.</strong></span> <span class='ocrx_word' id='word_1_587' title='bbox 3155 3250 3448 3324; x_wconf 75' lang='lat' dir='ltr'><strong>Hippolyti.</strong></span> 
     </span>
    </p>
   </div>
   <div class='ocr_carea' id='block_1_87' title="bbox 1888 3335 3454 3415">
    <p class='ocr_par' dir='ltr' id='par_1_87' title="bbox 1888 3335 3454 3415">
     <span class='ocr_line' id='line_1_87' title="bbox 1888 3335 3454 3415; baseline 0.008 -25"><span class='ocrx_word' id='word_1_588' title='bbox 1888 3335 2024 3392; x_wconf 82' lang='lat' dir='ltr'><strong>Vide</strong></span> <span class='ocrx_word' id='word_1_589' title='bbox 2043 3348 2305 3408; x_wconf 89' lang='lat' dir='ltr'><strong>quantum</strong></span> <span class='ocrx_word' id='word_1_590' title='bbox 2335 3348 2510 3409; x_wconf 90' lang='lat' dir='ltr'><strong>potest</strong></span> <span class='ocrx_word' id='word_1_591' title='bbox 2538 3340 2713 3395; x_wconf 86' lang='lat' dir='ltr'><strong>oratio</strong></span> <span class='ocrx_word' id='word_1_592' title='bbox 2740 3342 2838 3396; x_wconf 90' lang='lat' dir='ltr'><strong>viri</strong></span> <span class='ocrx_word' id='word_1_593' title='bbox 2874 3343 3029 3413; x_wconf 91' lang='lat' dir='ltr'><strong>justi,</strong></span> <span class='ocrx_word' id='word_1_594' title='bbox 3067 3353 3127 3398; x_wconf 93' lang='lat' dir='ltr'><strong>ut</strong></span> <span class='ocrx_word' id='word_1_595' title='bbox 3153 3361 3273 3415; x_wconf 72' lang='lat' dir='ltr'><strong>quae</strong></span> <span class='ocrx_word' id='word_1_596' title='bbox 3315 3364 3454 3402; x_wconf 84' lang='lat' dir='ltr'><strong>non-</strong></span> 
     </span>
    </p>
   </div>
   <div class='ocr_carea' id='block_1_88' title="bbox 1889 3428 3453 3498">
    <p class='ocr_par' dir='ltr' id='par_1_88' title="bbox 1889 3428 3453 3498">
     <span class='ocr_line' id='line_1_88' title="bbox 1889 3428 3453 3498; baseline 0.004 -15"><span class='ocrx_word' id='word_1_597' title='bbox 1889 3429 2017 3483; x_wconf 91' lang='lat' dir='ltr'><strong>dum</strong></span> <span class='ocrx_word' id='word_1_598' title='bbox 2055 3428 2452 3486; x_wconf 81' lang='lat' dir='ltr'><strong>manifestanda</strong></span> <span class='ocrx_word' id='word_1_599' title='bbox 2486 3439 2615 3486; x_wconf 89' lang='lat' dir='ltr'><strong>sunt</strong></span> <span class='ocrx_word' id='word_1_600' title='bbox 2653 3432 2707 3486; x_wconf 88' lang='lat' dir='ltr'><strong>in</strong></span> <span class='ocrx_word' id='word_1_601' title='bbox 2762 3433 3002 3498; x_wconf 87' lang='lat' dir='ltr'><strong>mundo,</strong></span> <span class='ocrx_word' id='word_1_602' title='bbox 3043 3433 3169 3488; x_wconf 88' lang='lat' dir='ltr'><strong>huic</strong></span> <span class='ocrx_word' id='word_1_603' title='bbox 3223 3434 3322 3489; x_wconf 86' lang='lat' dir='ltr'><strong>soli</strong></span> <span class='ocrx_word' id='word_1_604' title='bbox 3391 3447 3453 3490; x_wconf 92' lang='lat' dir='ltr'><strong>ut</strong></span> 
     </span>
    </p>
   </div>
   <div class='ocr_carea' id='block_1_89' title="bbox 1895 3523 2449 3578">
    <p class='ocr_par' dir='ltr' id='par_1_89' title="bbox 1895 3523 2449 3578">
     <span class='ocr_line' id='line_1_89' title="bbox 1895 3523 2449 3578; baseline -0.002 0"><span class='ocrx_word' id='word_1_605' title='bbox 1895 3530 2088 3578; x_wconf 84' lang='lat' dir='ltr'><strong>sancto</strong></span> <span class='ocrx_word' id='word_1_606' title='bbox 2122 3523 2449 3578; x_wconf 85' lang='lat' dir='ltr'><strong>revelentur.</strong></span> 
     </span>
    </p>
   </div>
   <div class='ocr_carea' id='block_1_90' title="bbox 1961 3612 3459 3688">
    <p class='ocr_par' dir='ltr' id='par_1_90' title="bbox 1961 3612 3459 3688">
     <span class='ocr_line' id='line_1_90' title="bbox 1961 3612 3459 3688; baseline 0.007 -22"><span class='ocrx_word' id='word_1_607' title='bbox 1961 3613 2027 3668; x_wconf 85' lang='lat' dir='ltr'><strong>V.</strong></span> <span class='ocrx_word' id='word_1_608' title='bbox 2065 3615 2150 3668; x_wconf 74' lang='lat'><strong>15.</strong></span> <span class='ocrx_word' id='word_1_609' title='bbox 2184 3645 2255 3656; x_wconf 91' lang='lat'><strong>-—</strong></span> <span class='ocrx_word' id='word_1_610' title='bbox 2282 3613 2351 3666; x_wconf 84' lang='lat' dir='ltr'><strong>Et</strong></span> <span class='ocrx_word' id='word_1_611' title='bbox 2396 3630 2510 3668; x_wconf 82' lang='lat' dir='ltr'><strong>ecce</strong></span> <span class='ocrx_word' id='word_1_612' title='bbox 2553 3612 2798 3670; x_wconf 77' lang='lat' dir='ltr'><strong>Hic/mel.</strong></span> <span class='ocrx_word' id='word_1_613' title='bbox 2851 3613 3143 3688; x_wconf 82' lang='lat' dir='ltr'><strong>Hippolyti.</strong></span> <span class='ocrx_word' id='word_1_614' title='bbox 3195 3618 3328 3685; x_wconf 88' lang='lat' dir='ltr'><strong>Quis</strong></span> <span class='ocrx_word' id='word_1_615' title='bbox 3374 3631 3459 3676; x_wconf 72' lang='lat' dir='ltr'><strong>est.</strong></span> 
     </span>
    </p>
   </div>
   <div class='ocr_carea' id='block_1_91' title="bbox 1891 3705 3460 3778">
    <p class='ocr_par' dir='ltr' id='par_1_91' title="bbox 1891 3705 3460 3778">
     <span class='ocr_line' id='line_1_91' title="bbox 1891 3705 3460 3778; baseline 0.004 -18"><span class='ocrx_word' id='word_1_616' title='bbox 1891 3705 2118 3760; x_wconf 85' lang='lat' dir='ltr'><strong>Michael</strong></span> <span class='ocrx_word' id='word_1_617' title='bbox 2147 3747 2161 3772; x_wconf 94' lang='lat'><strong>,</strong></span> <span class='ocrx_word' id='word_1_618' title='bbox 2212 3707 2317 3762; x_wconf 91' lang='lat' dir='ltr'><strong>nisi</strong></span> <span class='ocrx_word' id='word_1_619' title='bbox 2350 3707 2573 3778; x_wconf 84' lang='lat' dir='ltr'><strong>angelus</strong></span> <span class='ocrx_word' id='word_1_620' title='bbox 2618 3708 2817 3777; x_wconf 89' lang='lat' dir='ltr'><strong>populo</strong></span> <span class='ocrx_word' id='word_1_621' title='bbox 2851 3709 3010 3764; x_wconf 90' lang='lat' dir='ltr'><strong>datus</strong></span> <span class='ocrx_word' id='word_1_622' title='bbox 3049 3720 3106 3764; x_wconf 89' lang='lat' dir='ltr'><strong>ut</strong></span> <span class='ocrx_word' id='word_1_623' title='bbox 3138 3713 3360 3767; x_wconf 85' lang='lat' dir='ltr'><strong>custos?</strong></span> <span class='ocrx_word' id='word_1_624' title='bbox 3387 3711 3460 3767; x_wconf 91' lang='lat' dir='ltr'><strong>Ut</strong></span> 
     </span>
    </p>
   </div>
   <div class='ocr_carea' id='block_1_92' title="bbox 1892 3795 3456 3866">
    <p class='ocr_par' dir='ltr' id='par_1_92' title="bbox 1892 3795 3456 3866">
     <span class='ocr_line' id='line_1_92' title="bbox 1892 3795 3456 3866; baseline 0.002 -14"><span class='ocrx_word' id='word_1_625' title='bbox 1892 3797 2029 3852; x_wconf 83' lang='lat' dir='ltr'><strong>dixit</strong></span> <span class='ocrx_word' id='word_1_626' title='bbox 2055 3797 2244 3866; x_wconf 86' lang='lat' dir='ltr'><strong>(Deus)</strong></span> <span class='ocrx_word' id='word_1_627' title='bbox 2274 3798 2447 3866; x_wconf 80' lang='lat' dir='ltr'><strong>Moysi</strong></span> <span class='ocrx_word' id='word_1_628' title='bbox 2479 3815 2492 3850; x_wconf 91' lang='lat'>:</span> <span class='ocrx_word' id='word_1_629' title='bbox 2528 3795 2647 3852; x_wconf 83' lang='lat' dir='ltr'><strong>Non</strong></span> <span class='ocrx_word' id='word_1_630' title='bbox 2671 3798 2941 3853; x_wconf 78' lang='lat' dir='ltr'><strong>ambulavi</strong></span> <span class='ocrx_word' id='word_1_631' title='bbox 2980 3800 3119 3854; x_wconf 87' lang='lat' dir='ltr'><strong>inter</strong></span> <span class='ocrx_word' id='word_1_632' title='bbox 3150 3816 3245 3854; x_wconf 87' lang='lat' dir='ltr'><strong>vos</strong></span> <span class='ocrx_word' id='word_1_633' title='bbox 3267 3801 3320 3854; x_wconf 90' lang='lat' dir='ltr'><strong>in</strong></span> <span class='ocrx_word' id='word_1_634' title='bbox 3347 3803 3456 3866; x_wconf 88' lang='lat' dir='ltr'><strong>via,</strong></span> 
     </span>
    </p>
   </div>
   <div class='ocr_carea' id='block_1_93' title="bbox 1892 3886 3457 3959">
    <p class='ocr_par' dir='ltr' id='par_1_93' title="bbox 1892 3886 3457 3959">
     <span class='ocr_line' id='line_1_93' title="bbox 1892 3886 3457 3959; baseline 0.005 -20"><span class='ocrx_word' id='word_1_635' title='bbox 1892 3887 2020 3955; x_wconf 88' lang='lat' dir='ltr'><strong>quia</strong></span> <span class='ocrx_word' id='word_1_636' title='bbox 2051 3887 2284 3955; x_wconf 89' lang='lat' dir='ltr'><strong>populus</strong></span> <span class='ocrx_word' id='word_1_637' title='bbox 2316 3886 2402 3940; x_wconf 87' lang='lat' dir='ltr'><strong>hic</strong></span> <span class='ocrx_word' id='word_1_638' title='bbox 2431 3887 2567 3940; x_wconf 86' lang='lat' dir='ltr'><strong>dura</strong></span> <span class='ocrx_word' id='word_1_639' title='bbox 2588 3886 2796 3941; x_wconf 76' lang='lat' dir='ltr'><strong>cervice</strong></span> <span class='ocrx_word' id='word_1_640' title='bbox 2815 3896 2918 3954; x_wconf 92' lang='lat' dir='ltr'><strong>est,</strong></span> <span class='ocrx_word' id='word_1_641' title='bbox 2941 3889 3273 3959; x_wconf 81' lang='lat' dir='ltr'><strong>sedangelus</strong></span> <span class='ocrx_word' id='word_1_642' title='bbox 3302 3906 3457 3947; x_wconf 82' lang='lat' dir='ltr'><strong>meus</strong></span> 
     </span>
    </p>
   </div>
   <div class='ocr_carea' id='block_1_94' title="bbox 1892 3977 2500 4032">
    <p class='ocr_par' dir='ltr' id='par_1_94' title="bbox 1892 3977 2500 4032">
     <span class='ocr_line' id='line_1_94' title="bbox 1892 3977 2500 4032; baseline 0 0"><span class='ocrx_word' id='word_1_643' title='bbox 1892 3977 2188 4032; x_wconf 86' lang='lat' dir='ltr'><strong>ambulabit</strong></span> <span class='ocrx_word' id='word_1_644' title='bbox 2215 3977 2354 4032; x_wconf 86' lang='lat' dir='ltr'><strong>inter</strong></span> <span class='ocrx_word' id='word_1_645' title='bbox 2382 3993 2500 4032; x_wconf 87' lang='lat' dir='ltr'><strong>vos.</strong></span> 
     </span>
    </p>
   </div>
   <div class='ocr_carea' id='block_1_95' title="bbox 1969 4067 3458 4143">
    <p class='ocr_par' dir='ltr' id='par_1_95' title="bbox 1969 4067 3458 4143">
     <span class='ocr_line' id='line_1_95' title="bbox 1969 4067 3458 4143; baseline 0.004 -22"><span class='ocrx_word' id='word_1_646' title='bbox 1969 4067 2031 4122; x_wconf 90' lang='lat' dir='ltr'><strong>V.</strong></span> <span class='ocrx_word' id='word_1_647' title='bbox 2072 4070 2158 4123; x_wconf 90' lang='lat'><strong>16.</strong></span> <span class='ocrx_word' id='word_1_648' title='bbox 2191 4097 2264 4109; x_wconf 91' lang='lat'><strong><em>—</em></strong></span> <span class='ocrx_word' id='word_1_649' title='bbox 2302 4067 2589 4123; x_wconf 73' lang='lat' dir='ltr'><strong>Dissolutw</strong></span> <span class='ocrx_word' id='word_1_650' title='bbox 2614 4079 2735 4123; x_wconf 86' lang='lat' dir='ltr'><strong>sunt</strong></span> <span class='ocrx_word' id='word_1_651' title='bbox 2769 4087 3040 4141; x_wconf 82' lang='lat' dir='ltr'><strong>compages</strong></span> <span class='ocrx_word' id='word_1_652' title='bbox 3074 4087 3220 4126; x_wconf 67' lang='lat' dir='ltr'><strong>mem.</strong></span> <span class='ocrx_word' id='word_1_653' title='bbox 3251 4069 3458 4143; x_wconf 86' lang='lat' dir='ltr'><strong>Hippo-</strong></span> 
     </span>
    </p>
   </div>
   <div class='ocr_carea' id='block_1_96' title="bbox 1892 4157 3460 4232">
    <p class='ocr_par' dir='ltr' id='par_1_96' title="bbox 1892 4157 3460 4232">
     <span class='ocr_line' id='line_1_96' title="bbox 1892 4157 3460 4232; baseline 0.004 -19"><span class='ocrx_word' id='word_1_654' title='bbox 1892 4159 2014 4231; x_wconf 78' lang='lat' dir='ltr'><strong>lyti.</strong></span> <span class='ocrx_word' id='word_1_655' title='bbox 2047 4157 2274 4229; x_wconf 88' lang='lat' dir='ltr'><strong>Oportet</strong></span> <span class='ocrx_word' id='word_1_656' title='bbox 2325 4160 2559 4216; x_wconf 84' lang='lat' dir='ltr'><strong>adventu</strong></span> <span class='ocrx_word' id='word_1_657' title='bbox 2607 4160 2820 4216; x_wconf 91' lang='lat' dir='ltr'><strong>Domini</strong></span> <span class='ocrx_word' id='word_1_658' title='bbox 2886 4178 3007 4232; x_wconf 63' lang='lat' dir='ltr'><strong>qua:</strong></span> <span class='ocrx_word' id='word_1_659' title='bbox 3053 4177 3270 4218; x_wconf 90' lang='lat' dir='ltr'><strong>sursum</strong></span> <span class='ocrx_word' id='word_1_660' title='bbox 3329 4175 3460 4219; x_wconf 88' lang='lat' dir='ltr'><strong>sunt</strong></span> 
     </span>
    </p>
   </div>
   <div class='ocr_carea' id='block_1_97' title="bbox 1893 4252 3455 4325">
    <p class='ocr_par' dir='ltr' id='par_1_97' title="bbox 1893 4252 3455 4325">
     <span class='ocr_line' id='line_1_97' title="bbox 1893 4252 3455 4325; baseline 0.003 -19"><span class='ocrx_word' id='word_1_661' title='bbox 1893 4252 2149 4308; x_wconf 90' lang='lat' dir='ltr'><strong>deorsum</strong></span> <span class='ocrx_word' id='word_1_662' title='bbox 2178 4253 2316 4318; x_wconf 86' lang='lat' dir='ltr'><strong>ﬁeri,</strong></span> <span class='ocrx_word' id='word_1_663' title='bbox 2340 4262 2400 4307; x_wconf 92' lang='lat' dir='ltr'><strong>ut</strong></span> <span class='ocrx_word' id='word_1_664' title='bbox 2432 4267 2552 4322; x_wconf 72' lang='lat' dir='ltr'><strong>quae</strong></span> <span class='ocrx_word' id='word_1_665' title='bbox 2571 4253 2826 4308; x_wconf 91' lang='lat' dir='ltr'><strong>deorsum</strong></span> <span class='ocrx_word' id='word_1_666' title='bbox 2862 4269 3080 4309; x_wconf 85' lang='lat' dir='ltr'><strong>sursum</strong></span> <span class='ocrx_word' id='word_1_667' title='bbox 3112 4253 3190 4309; x_wconf 88' lang='lat' dir='ltr'><strong>ire</strong></span> <span class='ocrx_word' id='word_1_668' title='bbox 3226 4257 3455 4325; x_wconf 89' lang='lat' dir='ltr'><strong>possint.</strong></span> 
     </span>
    </p>
   </div>
   <div class='ocr_carea' id='block_1_98' title="bbox 1895 4342 3460 4418">
    <p class='ocr_par' dir='ltr' id='par_1_98' title="bbox 1895 4342 3460 4418">
     <span class='ocr_line' id='line_1_98' title="bbox 1895 4342 3460 4418; baseline 0.004 -23"><span class='ocrx_word' id='word_1_669' title='bbox 1895 4373 1967 4384; x_wconf 93' lang='lat'><strong><em>—</em></strong></span> <span class='ocrx_word' id='word_1_670' title='bbox 2008 4342 2296 4413; x_wconf 88' lang='lat' dir='ltr'><strong>Tempore,</strong></span> <span class='ocrx_word' id='word_1_671' title='bbox 2356 4343 2570 4414; x_wconf 90' lang='lat' dir='ltr'><strong>inquit,</strong></span> <span class='ocrx_word' id='word_1_672' title='bbox 2599 4345 2732 4398; x_wconf 90' lang='lat' dir='ltr'><strong>mihi</strong></span> <span class='ocrx_word' id='word_1_673' title='bbox 2782 4360 2920 4415; x_wconf 90' lang='lat' dir='ltr'><strong>opus</strong></span> <span class='ocrx_word' id='word_1_674' title='bbox 2961 4355 3065 4412; x_wconf 89' lang='lat' dir='ltr'><strong>est,</strong></span> <span class='ocrx_word' id='word_1_675' title='bbox 3111 4356 3171 4401; x_wconf 91' lang='lat' dir='ltr'><strong>ut</strong></span> <span class='ocrx_word' id='word_1_676' title='bbox 3209 4348 3460 4418; x_wconf 79' lang='lat' dir='ltr'><strong>colligam</strong></span> 
     </span>
    </p>
   </div>
   <div class='ocr_carea' id='block_1_99' title="bbox 1899 4435 3459 4510">
    <p class='ocr_par' dir='ltr' id='par_1_99' title="bbox 1899 4435 3459 4510">
     <span class='ocr_line' id='line_1_99' title="bbox 1899 4435 3459 4510; baseline 0.005 -22"><span class='ocrx_word' id='word_1_677' title='bbox 1899 4435 2185 4504; x_wconf 89' lang='lat' dir='ltr'><strong>meipsum,</strong></span> <span class='ocrx_word' id='word_1_678' title='bbox 2204 4435 2517 4505; x_wconf 87' lang='lat' dir='ltr'><strong>possimque</strong></span> <span class='ocrx_word' id='word_1_679' title='bbox 2529 4436 2798 4491; x_wconf 85' lang='lat' dir='ltr'><strong>sustinere</strong></span> <span class='ocrx_word' id='word_1_680' title='bbox 2827 4452 3128 4504; x_wconf 91' lang='lat' dir='ltr'><strong>sermones,</strong></span> <span class='ocrx_word' id='word_1_681' title='bbox 3160 4448 3214 4494; x_wconf 90' lang='lat' dir='ltr'><strong>et</strong></span> <span class='ocrx_word' id='word_1_682' title='bbox 3232 4455 3459 4510; x_wconf 87' lang='lat' dir='ltr'><strong>respon-</strong></span> 
     </span>
    </p>
   </div>
   <div class='ocr_carea' id='block_1_100' title="bbox 1899 4526 3557 4602">
    <p class='ocr_par' dir='ltr' id='par_1_100' title="bbox 1899 4526 3557 4602">
     <span class='ocr_line' id='line_1_100' title="bbox 1899 4526 3557 4602; baseline 0.005 -21"><span class='ocrx_word' id='word_1_683' title='bbox 1899 4526 2026 4581; x_wconf 91' lang='lat' dir='ltr'><strong>dere</strong></span> <span class='ocrx_word' id='word_1_684' title='bbox 2048 4527 2134 4582; x_wconf 88' lang='lat' dir='ltr'><strong>bis</strong></span> <span class='ocrx_word' id='word_1_685' title='bbox 2156 4543 2277 4596; x_wconf 79' lang='lat' dir='ltr'><strong>quae</strong></span> <span class='ocrx_word' id='word_1_686' title='bbox 2307 4526 2453 4582; x_wconf 89' lang='lat' dir='ltr'><strong>dicta</strong></span> <span class='ocrx_word' id='word_1_687' title='bbox 2487 4529 2846 4584; x_wconf 86' lang='lat' dir='ltr'><strong>sunt.—Sed</strong></span> <span class='ocrx_word' id='word_1_688' title='bbox 2879 4529 2933 4582; x_wconf 89' lang='lat' dir='ltr'><strong>in</strong></span> <span class='ocrx_word' id='word_1_689' title='bbox 2967 4530 3083 4595; x_wconf 88' lang='lat' dir='ltr'><strong>his,</strong></span> <span class='ocrx_word' id='word_1_690' title='bbox 3115 4531 3310 4602; x_wconf 89' lang='lat' dir='ltr'><strong>inquit,</strong></span> <span class='ocrx_word' id='word_1_691' title='bbox 3335 4550 3460 4589; x_wconf 90' lang='lat' dir='ltr'><strong>cum</strong></span> <span class='ocrx_word' id='word_1_692' title='bbox 3553 4531 3557 4536; x_wconf 36' lang='grc' dir='ltr'><strong>λ</strong></span> 
     </span>
    </p>
   </div>
   <div class='ocr_carea' id='block_1_101' title="bbox 1898 4619 3545 4689">
    <p class='ocr_par' dir='ltr' id='par_1_101' title="bbox 1898 4619 3545 4689">
     <span class='ocr_line' id='line_1_101' title="bbox 1898 4619 3545 4689; baseline 0.003 -15"><span class='ocrx_word' id='word_1_693' title='bbox 1898 4633 2099 4684; x_wconf 83' lang='lat' dir='ltr'><strong>essem,</strong></span> <span class='ocrx_word' id='word_1_694' title='bbox 2117 4627 2312 4688; x_wconf 70' lang='lat' dir='ltr'><strong>praeter</strong></span> <span class='ocrx_word' id='word_1_695' title='bbox 2333 4635 2484 4689; x_wconf 84' lang='lat' dir='ltr'><strong>spem</strong></span> <span class='ocrx_word' id='word_1_696' title='bbox 2504 4621 2793 4676; x_wconf 88' lang='lat' dir='ltr'><strong>roboratus</strong></span> <span class='ocrx_word' id='word_1_697' title='bbox 2808 4637 2927 4676; x_wconf 90' lang='lat' dir='ltr'><strong>sum</strong></span> <span class='ocrx_word' id='word_1_698' title='bbox 2965 4641 2980 4677; x_wconf 89' lang='lat'><strong>:</strong></span> <span class='ocrx_word' id='word_1_699' title='bbox 3006 4623 3295 4679; x_wconf 89' lang='lat' dir='ltr'><strong>invisibilis</strong></span> <span class='ocrx_word' id='word_1_700' title='bbox 3314 4625 3462 4680; x_wconf 91' lang='lat' dir='ltr'><strong>enim</strong></span> <span class='ocrx_word' id='word_1_701' title='bbox 3543 4619 3545 4628; x_wconf 64' lang='grc'>¹</span> 
     </span>
    </p>
   </div>
   <div class='ocr_carea' id='block_1_102' title="bbox 1899 4711 3543 4785">
    <p class='ocr_par' dir='ltr' id='par_1_102' title="bbox 1899 4711 3543 4785">
     <span class='ocr_line' id='line_1_102' title="bbox 1899 4711 3543 4785; baseline 0.004 -21"><span class='ocrx_word' id='word_1_702' title='bbox 1899 4711 2084 4782; x_wconf 88' lang='lat' dir='ltr'><strong>(Deus)</strong></span> <span class='ocrx_word' id='word_1_703' title='bbox 2107 4726 2194 4765; x_wconf 89' lang='lat' dir='ltr'><strong>me</strong></span> <span class='ocrx_word' id='word_1_704' title='bbox 2238 4712 2514 4782; x_wconf 86' lang='lat' dir='ltr'><strong>tangebat,</strong></span> <span class='ocrx_word' id='word_1_705' title='bbox 2568 4722 2623 4768; x_wconf 90' lang='lat' dir='ltr'><strong>et</strong></span> <span class='ocrx_word' id='word_1_706' title='bbox 2671 4714 2922 4784; x_wconf 90' lang='lat' dir='ltr'><strong>protinus</strong></span> <span class='ocrx_word' id='word_1_707' title='bbox 2964 4716 3181 4785; x_wconf 87' lang='lat' dir='ltr'><strong>quidem</strong></span> <span class='ocrx_word' id='word_1_708' title='bbox 3213 4717 3463 4770; x_wconf 89' lang='lat' dir='ltr'><strong>debilitas</strong></span> <span class='ocrx_word' id='word_1_709' title='bbox 3540 4711 3543 4715; x_wconf 73' lang='grc'><em>’</em></span> 
     </span>
    </p>
   </div>
   <div class='ocr_carea' id='block_1_103' title="bbox 1899 4803 3545 4884">
    <p class='ocr_par' dir='ltr' id='par_1_103' title="bbox 1899 4803 3545 4884">
     <span class='ocr_line' id='line_1_103' title="bbox 1899 4803 3545 4884; baseline 0.003 -26"><span class='ocrx_word' id='word_1_710' title='bbox 1899 4819 2018 4858; x_wconf 90' lang='lat' dir='ltr'><strong>mea</strong></span> <span class='ocrx_word' id='word_1_711' title='bbox 2071 4803 2250 4858; x_wconf 88' lang='lat' dir='ltr'><strong>ablata</strong></span> <span class='ocrx_word' id='word_1_712' title='bbox 2298 4813 2411 4871; x_wconf 89' lang='lat' dir='ltr'><strong>est,</strong></span> <span class='ocrx_word' id='word_1_713' title='bbox 2458 4814 2511 4860; x_wconf 90' lang='lat' dir='ltr'><strong>et</strong></span> <span class='ocrx_word' id='word_1_714' title='bbox 2551 4805 2604 4859; x_wconf 90' lang='lat' dir='ltr'><strong>in</strong></span> <span class='ocrx_word' id='word_1_715' title='bbox 2647 4807 2829 4876; x_wconf 90' lang='lat' dir='ltr'><strong>priore</strong></span> <span class='ocrx_word' id='word_1_716' title='bbox 2864 4808 3148 4862; x_wconf 89' lang='lat' dir='ltr'><strong>restitutus</strong></span> <span class='ocrx_word' id='word_1_717' title='bbox 3185 4823 3304 4862; x_wconf 89' lang='lat' dir='ltr'><strong>sum</strong></span> <span class='ocrx_word' id='word_1_718' title='bbox 3367 4823 3462 4862; x_wconf 70' lang='grc' dir='ltr'>το-</span> <span class='ocrx_word' id='word_1_719' title='bbox 3543 4881 3545 4884; x_wconf 7' lang='grc' dir='ltr'><strong>γ</strong></span> 
     </span>
    </p>
   </div>
   <div class='ocr_carea' id='block_1_104' title="bbox 1899 4895 3461 4961">
    <p class='ocr_par' dir='ltr' id='par_1_104' title="bbox 1899 4895 3461 4961">
     <span class='ocr_line' id='line_1_104' title="bbox 1899 4895 3461 4961; baseline 0.003 -11"><span class='ocrx_word' id='word_1_720' title='bbox 1899 4897 2052 4950; x_wconf 89' lang='lat' dir='ltr'><strong>bore.</strong></span> <span class='ocrx_word' id='word_1_721' title='bbox 2084 4895 2310 4961; x_wconf 85' lang='lat' dir='ltr'><strong>Quoties</strong></span> <span class='ocrx_word' id='word_1_722' title='bbox 2341 4896 2484 4950; x_wconf 92' lang='lat' dir='ltr'><strong>enim</strong></span> <span class='ocrx_word' id='word_1_723' title='bbox 2519 4898 2734 4952; x_wconf 90' lang='lat' dir='ltr'><strong>transiit</strong></span> <span class='ocrx_word' id='word_1_724' title='bbox 2762 4913 2923 4952; x_wconf 91' lang='lat' dir='ltr'><strong>omne</strong></span> <span class='ocrx_word' id='word_1_725' title='bbox 2963 4900 3087 4952; x_wconf 77' lang='lat' dir='ltr'><strong>vitze</strong></span> <span class='ocrx_word' id='word_1_726' title='bbox 3127 4909 3326 4954; x_wconf 69' lang='lat' dir='ltr'><strong>nostrte</strong></span> <span class='ocrx_word' id='word_1_727' title='bbox 3366 4915 3461 4954; x_wconf 84' lang='lat' dir='ltr'><strong>ro-</strong></span> 
     </span>
    </p>
   </div>
   <div class='ocr_carea' id='block_1_105' title="bbox 1898 4988 3460 5058">
    <p class='ocr_par' dir='ltr' id='par_1_105' title="bbox 1898 4988 3460 5058">
     <span class='ocr_line' id='line_1_105' title="bbox 1898 4988 3460 5058; baseline 0.001 -15"><span class='ocrx_word' id='word_1_728' title='bbox 1898 4989 2023 5054; x_wconf 89' lang='lat' dir='ltr'><strong>bur,</strong></span> <span class='ocrx_word' id='word_1_729' title='bbox 2072 4997 2203 5042; x_wconf 91' lang='lat' dir='ltr'><strong>tunc</strong></span> <span class='ocrx_word' id='word_1_730' title='bbox 2247 4997 2489 5057; x_wconf 87' lang='lat' dir='ltr'><strong>potentes</strong></span> <span class='ocrx_word' id='word_1_731' title='bbox 2544 5003 2734 5045; x_wconf 89' lang='lat' dir='ltr'><strong>sumus</strong></span> <span class='ocrx_word' id='word_1_732' title='bbox 2767 5003 2863 5058; x_wconf 91' lang='lat' dir='ltr'><strong>per</strong></span> <span class='ocrx_word' id='word_1_733' title='bbox 2907 4988 3184 5043; x_wconf 87' lang='lat' dir='ltr'><strong>Christum</strong></span> <span class='ocrx_word' id='word_1_734' title='bbox 3238 5005 3460 5044; x_wconf 91' lang='lat' dir='ltr'><strong>manum</strong></span> 
     </span>
    </p>
   </div>
   <div class='ocr_carea' id='block_1_106' title="bbox 1898 5079 3464 5150">
    <p class='ocr_par' dir='ltr' id='par_1_106' title="bbox 1898 5079 3464 5150">
     <span class='ocr_line' id='line_1_106' title="bbox 1898 5079 3464 5150; baseline 0.001 -16"><span class='ocrx_word' id='word_1_735' title='bbox 1898 5081 2229 5144; x_wconf 88' lang='lat' dir='ltr'><strong>tendentem,</strong></span> <span class='ocrx_word' id='word_1_736' title='bbox 2273 5089 2328 5135; x_wconf 88' lang='lat' dir='ltr'><strong>et</strong></span> <span class='ocrx_word' id='word_1_737' title='bbox 2360 5079 2701 5150; x_wconf 84' lang='lat' dir='ltr'><strong>evigilantem</strong></span> <span class='ocrx_word' id='word_1_738' title='bbox 2745 5095 2811 5134; x_wconf 78' lang='lat' dir='ltr'><strong>ex</strong></span> <span class='ocrx_word' id='word_1_739' title='bbox 2846 5081 3077 5135; x_wconf 88' lang='lat' dir='ltr'><strong>mortuis</strong></span> <span class='ocrx_word' id='word_1_740' title='bbox 3112 5082 3373 5148; x_wconf 86' lang='lat' dir='ltr'><strong>viventes,</strong></span> <span class='ocrx_word' id='word_1_741' title='bbox 3408 5092 3464 5138; x_wconf 90' lang='lat' dir='ltr'><strong>et</strong></span> 
     </span>
    </p>
   </div>
   <div class='ocr_carea' id='block_1_107' title="bbox 1899 5170 3106 5242">
    <p class='ocr_par' dir='ltr' id='par_1_107' title="bbox 1899 5170 3106 5242">
     <span class='ocr_line' id='line_1_107' title="bbox 1899 5170 3106 5242; baseline -0.004 -15"><span class='ocrx_word' id='word_1_742' title='bbox 1899 5171 2058 5242; x_wconf 92' lang='lat' dir='ltr'><strong>quasi</strong></span> <span class='ocrx_word' id='word_1_743' title='bbox 2086 5171 2154 5226; x_wconf 88' lang='lat' dir='ltr'><strong>ab</strong></span> <span class='ocrx_word' id='word_1_744' title='bbox 2183 5170 2372 5227; x_wconf 84' lang='lat' dir='ltr'><strong>inferis</strong></span> <span class='ocrx_word' id='word_1_745' title='bbox 2404 5171 2456 5224; x_wconf 91' lang='lat' dir='ltr'><strong>in</strong></span> <span class='ocrx_word' id='word_1_746' title='bbox 2486 5171 2932 5225; x_wconf 87' lang='lat' dir='ltr'><strong>resurrectionem</strong></span> <span class='ocrx_word' id='word_1_747' title='bbox 2965 5170 3106 5223; x_wconf 57' lang='lat' dir='ltr'><strong>vitae.</strong></span> 
     </span>
    </p>
   </div>
   <div class='ocr_carea' id='block_1_108' title="bbox 1973 5261 3461 5333">
    <p class='ocr_par' dir='ltr' id='par_1_108' title="bbox 1973 5261 3461 5333">
     <span class='ocr_line' id='line_1_108' title="bbox 1973 5261 3461 5333; baseline 0 -15"><span class='ocrx_word' id='word_1_748' title='bbox 1973 5264 2039 5318; x_wconf 83' lang='lat' dir='ltr'><strong>V.</strong></span> <span class='ocrx_word' id='word_1_749' title='bbox 2069 5265 2155 5318; x_wconf 89' lang='lat'><strong>18.</strong></span> <span class='ocrx_word' id='word_1_750' title='bbox 2193 5265 2259 5318; x_wconf 84' lang='lat' dir='ltr'><strong>Et</strong></span> <span class='ocrx_word' id='word_1_751' title='bbox 2281 5265 2597 5333; x_wconf 75' lang='lat' dir='ltr'><strong>confortavit</strong></span> <span class='ocrx_word' id='word_1_752' title='bbox 2629 5280 2726 5316; x_wconf 90' lang='lat' dir='ltr'><strong>me.</strong></span> <span class='ocrx_word' id='word_1_753' title='bbox 2751 5262 3041 5332; x_wconf 78' lang='lat' dir='ltr'><strong>Hippolyti.</strong></span> <span class='ocrx_word' id='word_1_754' title='bbox 3071 5261 3294 5328; x_wconf 86' lang='lat' dir='ltr'><strong>Quoties</strong></span> <span class='ocrx_word' id='word_1_755' title='bbox 3315 5263 3461 5318; x_wconf 87' lang='lat' dir='ltr'><strong>enim</strong></span> 
     </span>
    </p>
   </div>
   <div class='ocr_carea' id='block_1_109' title="bbox 1903 5353 3465 5428">
    <p class='ocr_par' dir='ltr' id='par_1_109' title="bbox 1903 5353 3465 5428">
     <span class='ocr_line' id='line_1_109' title="bbox 1903 5353 3465 5428; baseline -0.003 -15"><span class='ocrx_word' id='word_1_756' title='bbox 1903 5373 1998 5428; x_wconf 84' lang='lat' dir='ltr'><strong>spe</strong></span> <span class='ocrx_word' id='word_1_757' title='bbox 2034 5373 2136 5412; x_wconf 90' lang='lat' dir='ltr'><strong>nos</strong></span> <span class='ocrx_word' id='word_1_758' title='bbox 2176 5358 2418 5428; x_wconf 84' lang='lat' dir='ltr'><strong>implevit</strong></span> <span class='ocrx_word' id='word_1_759' title='bbox 2447 5357 2683 5411; x_wconf 78' lang='lat' dir='ltr'><strong>Verbum</strong></span> <span class='ocrx_word' id='word_1_760' title='bbox 2714 5369 2814 5423; x_wconf 89' lang='lat' dir='ltr'><strong>pro</strong></span> <span class='ocrx_word' id='word_1_761' title='bbox 2857 5354 3020 5409; x_wconf 89' lang='lat' dir='ltr'><strong>rebus</strong></span> <span class='ocrx_word' id='word_1_762' title='bbox 3054 5353 3278 5421; x_wconf 83' lang='lat' dir='ltr'><strong>futuris,</strong></span> <span class='ocrx_word' id='word_1_763' title='bbox 3305 5353 3465 5410; x_wconf 81' lang='lat' dir='ltr'><strong>lacilo</strong></span> 
     </span>
    </p>
   </div>
   <div class='ocr_carea' id='block_1_110' title="bbox 1823 5448 2898 5518">
    <p class='ocr_par' dir='ltr' id='par_1_110' title="bbox 1823 5448 2898 5518">
     <span class='ocr_line' id='line_1_110' title="bbox 1823 5448 2898 5518; baseline -0.003 -18"><span class='ocrx_word' id='word_1_764' title='bbox 1823 5465 1834 5514; x_wconf 55' lang='grc' dir='ltr'>ξ</span> <span class='ocrx_word' id='word_1_765' title='bbox 1858 5511 1860 5514; x_wconf 26' lang='grc' dir='ltr'>ι</span> <span class='ocrx_word' id='word_1_766' title='bbox 1902 5465 2088 5505; x_wconf 87' lang='lat' dir='ltr'><strong>vocem</strong></span> <span class='ocrx_word' id='word_1_767' title='bbox 2116 5449 2235 5518; x_wconf 89' lang='lat' dir='ltr'><strong>ejus</strong></span> <span class='ocrx_word' id='word_1_768' title='bbox 2260 5448 2566 5504; x_wconf 88' lang='lat' dir='ltr'><strong>auscultare</strong></span> <span class='ocrx_word' id='word_1_769' title='bbox 2588 5459 2898 5515; x_wconf 73' lang='lat' dir='ltr'><strong>possumus.</strong></span> 
     </span>
    </p>
   </div>
   <div class='ocr_carea' id='block_1_111' title="bbox 294 5519 1782 5612">
    <p class='ocr_par' dir='ltr' id='par_1_111' title="bbox 294 5519 1782 5612">
     <span class='ocr_line' id='line_1_111' title="bbox 294 5519 1782 5612; baseline 0.005 -20"><span class='ocrx_word' id='word_1_770' title='bbox 294 5539 364 5597; x_wconf 82' lang='grc' dir='ltr'>κ’.</span> <span class='ocrx_word' id='word_1_771' title='bbox 398 5539 516 5594; x_wconf 83' lang='grc' dir='ltr'>Τοῦ</span> <span class='ocrx_word' id='word_1_772' title='bbox 548 5519 881 5610; x_wconf 74' lang='grc' dir='ltr'>πολεμῆσαι</span> <span class='ocrx_word' id='word_1_773' title='bbox 899 5542 1047 5612; x_wconf 83' lang='grc' dir='ltr'>μετὰ</span> <span class='ocrx_word' id='word_1_774' title='bbox 1069 5544 1357 5610; x_wconf 80' lang='grc' dir='ltr'>ἄρχοντος</span> <span class='ocrx_word' id='word_1_775' title='bbox 1377 5519 1640 5612; x_wconf 62' lang='grc' dir='ltr'>Περσῶν.</span> <span class='ocrx_word' id='word_1_776' title='bbox 1687 5545 1782 5599; x_wconf 77' lang='grc' dir='ltr'>Ἱπ‹</span> 
     </span>
    </p>
   </div>
   <div class='ocr_carea' id='block_1_112' title="bbox 1903 5519 3466 5612">
    <p class='ocr_par' dir='ltr' id='par_1_112' title="bbox 1961 5538 3466 5612">
     <span class='ocr_line' id='line_1_112' title="bbox 1961 5538 3466 5612; baseline -0.001 -17"><span class='ocrx_word' id='word_1_777' title='bbox 1961 5540 2024 5595; x_wconf 73' lang='grc' dir='ltr'><strong>ν.</strong></span> <span class='ocrx_word' id='word_1_778' title='bbox 2061 5540 2152 5596; x_wconf 71' lang='lat'><strong>20.</strong></span> <span class='ocrx_word' id='word_1_779' title='bbox 2179 5572 2249 5582; x_wconf 94' lang='lat'><strong>—-</strong></span> <span class='ocrx_word' id='word_1_780' title='bbox 2280 5541 2340 5594; x_wconf 87' lang='lat' dir='ltr'><strong>Ut</strong></span> <span class='ocrx_word' id='word_1_781' title='bbox 2369 5541 2582 5609; x_wconf 65' lang='lat' dir='ltr'><strong>prelier</strong></span> <span class='ocrx_word' id='word_1_782' title='bbox 2629 5538 2904 5590; x_wconf 83' lang='lat' dir='ltr'><strong>adversum</strong></span> <span class='ocrx_word' id='word_1_783' title='bbox 2939 5540 3226 5612; x_wconf 82' lang='lat' dir='ltr'><strong>principem</strong></span> <span class='ocrx_word' id='word_1_784' title='bbox 3268 5540 3466 5594; x_wconf 73' lang='lat' dir='ltr'><strong>Persa-</strong></span> 
     </span>
    </p>
   </div>
   <div class='ocr_carea' id='block_1_113' title="bbox 218 5629 1782 5707">
    <p class='ocr_par' dir='ltr' id='par_1_113' title="bbox 218 5629 1782 5707">
     <span class='ocr_line' id='line_1_113' title="bbox 218 5629 1782 5707; baseline 0.003 -22"><span class='ocrx_word' id='word_1_785' title='bbox 218 5631 487 5685; x_wconf 74' lang='grc' dir='ltr'>πολύτου.</span> <span class='ocrx_word' id='word_1_786' title='bbox 549 5632 662 5700; x_wconf 73' lang='grc' dir='ltr'><strong>Ἀφ’</strong></span> <span class='ocrx_word' id='word_1_787' title='bbox 695 5629 764 5703; x_wconf 74' lang='grc' dir='ltr'>ἧς</span> <span class='ocrx_word' id='word_1_788' title='bbox 794 5634 901 5706; x_wconf 80' lang='grc' dir='ltr'>γὰρ</span> <span class='ocrx_word' id='word_1_789' title='bbox 929 5635 1142 5707; x_wconf 81' lang='grc' dir='ltr'>ἡμέρας</span> <span class='ocrx_word' id='word_1_790' title='bbox 1174 5635 1379 5700; x_wconf 73' lang='grc' dir='ltr'>ἔδωκας</span> <span class='ocrx_word' id='word_1_791' title='bbox 1410 5637 1470 5689; x_wconf 83' lang='grc' dir='ltr'><strong>τὸ</strong></span> <span class='ocrx_word' id='word_1_792' title='bbox 1513 5637 1782 5707; x_wconf 66' lang='grc' dir='ltr'>πρόσωπόι</span> 
     </span>
    </p>
   </div>
   <div class='ocr_carea' id='block_1_114' title="bbox 1903 5629 3466 5707">
    <p class='ocr_par' dir='ltr' id='par_1_114' title="bbox 1903 5629 3466 5703">
     <span class='ocr_line' id='line_1_114' title="bbox 1903 5629 3466 5703; baseline 0.001 -19"><span class='ocrx_word' id='word_1_793' title='bbox 1903 5651 2027 5688; x_wconf 76' lang='lat' dir='ltr'><strong>rum.</strong></span> <span class='ocrx_word' id='word_1_794' title='bbox 2065 5632 2355 5703; x_wconf 83' lang='lat' dir='ltr'><strong>Hippolyti.</strong></span> <span class='ocrx_word' id='word_1_795' title='bbox 2392 5633 2470 5686; x_wconf 82' lang='lat' dir='ltr'><strong>Ex</strong></span> <span class='ocrx_word' id='word_1_796' title='bbox 2504 5631 2591 5686; x_wconf 90' lang='lat' dir='ltr'><strong>illa</strong></span> <span class='ocrx_word' id='word_1_797' title='bbox 2640 5629 2728 5686; x_wconf 89' lang='lat' dir='ltr'><strong>die</strong></span> <span class='ocrx_word' id='word_1_798' title='bbox 2771 5647 2877 5701; x_wconf 91' lang='lat' dir='ltr'><strong>qua</strong></span> <span class='ocrx_word' id='word_1_799' title='bbox 2925 5631 3217 5688; x_wconf 88' lang='lat' dir='ltr'><strong>humiliasti</strong></span> <span class='ocrx_word' id='word_1_800' title='bbox 3254 5634 3466 5686; x_wconf 83' lang='lat' dir='ltr'><strong>vultum</strong></span> 
     </span>
    </p>
   </div>
   <div class='ocr_carea' id='block_1_115' title="bbox 221 5723 1782 5800">
    <p class='ocr_par' dir='ltr' id='par_1_115' title="bbox 221 5725 1782 5800">
     <span class='ocr_line' id='line_1_115' title="bbox 221 5725 1782 5800; baseline 0.004 -24"><span class='ocrx_word' id='word_1_801' title='bbox 221 5741 332 5777; x_wconf 78' lang='grc' dir='ltr'><strong>σου</strong></span> <span class='ocrx_word' id='word_1_802' title='bbox 357 5725 668 5797; x_wconf 74' lang='grc' dir='ltr'>κακωθῆναι</span> <span class='ocrx_word' id='word_1_803' title='bbox 701 5729 937 5782; x_wconf 80' lang='grc' dir='ltr'>ἐναντίον</span> <span class='ocrx_word' id='word_1_804' title='bbox 967 5729 1166 5798; x_wconf 83' lang='grc' dir='ltr'>Κυρίου</span> <span class='ocrx_word' id='word_1_805' title='bbox 1195 5729 1288 5783; x_wconf 86' lang='grc' dir='ltr'><strong>τοῦ</strong></span> <span class='ocrx_word' id='word_1_806' title='bbox 1322 5729 1455 5784; x_wconf 86' lang='grc' dir='ltr'>Θεοῦ</span> <span class='ocrx_word' id='word_1_807' title='bbox 1495 5747 1609 5799; x_wconf 86' lang='grc' dir='ltr'><strong>σου⁹</strong></span> <span class='ocrx_word' id='word_1_808' title='bbox 1636 5730 1782 5800; x_wconf 73' lang='grc' dir='ltr'>ἡκού-</span> 
     </span>
    </p>
   </div>
   <div class='ocr_carea' id='block_1_116' title="bbox 1903 5723 3462 5800">
    <p class='ocr_par' dir='ltr' id='par_1_116' title="bbox 1903 5723 3462 5791">
     <span class='ocr_line' id='line_1_116' title="bbox 1903 5723 3462 5791; baseline -0.003 -11"><span class='ocrx_word' id='word_1_809' title='bbox 1903 5736 2046 5782; x_wconf 85' lang='lat' dir='ltr'><strong>luum</strong></span> <span class='ocrx_word' id='word_1_810' title='bbox 2079 5740 2108 5778; x_wconf 90' lang='lat' dir='ltr'><strong>a</strong></span> <span class='ocrx_word' id='word_1_811' title='bbox 2140 5723 2276 5780; x_wconf 83' lang='lat' dir='ltr'><strong>facie</strong></span> <span class='ocrx_word' id='word_1_812' title='bbox 2313 5723 2524 5779; x_wconf 89' lang='lat' dir='ltr'><strong>Domini</strong></span> <span class='ocrx_word' id='word_1_813' title='bbox 2560 5723 2656 5780; x_wconf 87' lang='lat' dir='ltr'><strong>Dei</strong></span> <span class='ocrx_word' id='word_1_814' title='bbox 2687 5723 2801 5791; x_wconf 92' lang='lat' dir='ltr'><strong>tui,</strong></span> <span class='ocrx_word' id='word_1_815' title='bbox 2831 5724 3012 5780; x_wconf 86' lang='lat' dir='ltr'><strong>audita</strong></span> <span class='ocrx_word' id='word_1_816' title='bbox 3041 5733 3124 5780; x_wconf 89' lang='lat' dir='ltr'><strong>est</strong></span> <span class='ocrx_word' id='word_1_817' title='bbox 3153 5735 3323 5782; x_wconf 78' lang='lat' dir='ltr'><strong>oratio</strong></span> <span class='ocrx_word' id='word_1_818' title='bbox 3354 5736 3462 5777; x_wconf 87' lang='lat' dir='ltr'><strong>tua.</strong></span> 
     </span>
    </p>
   </div>
  </div>
