3860 6200
443 334 549 389 63?

1322 336 1380 393 S.
1422 335 1779 392 HIPPOLYTI
1818 334 1964 389 OPP.
2008 331 2185 385 PARS
2219 334 2257 387 Ι.
2289 367 2359 375 —
2392 336 2803 394 EXEGETICA.
2912 410 2915 413 ν

3522 350 3607 406 688

442 469 498 512 et
525 458 720 513 missus
755 474 878 517 sum
921 475 1021 533 ego
1068 461 1365 533 ut‘prplier
1407 466 1681 514 adversum
1710 462 2005 529 Iprincipem

2105 455 2203 527 σθη
2226 460 2259 529 ἡ
2301 458 2480 529 δέησίς
2503 477 2618 525 σου,
2649 462 2742 515 καὶ
2768 462 3074 535 ἀπεστάλην
3106 463 3212 534 ἐγὼ
3238 466 3323 522 τοῦ
3349 468 3607 543 πολεμῆσαι

444 551 767 617 Persarum;
792 551 1060 621 quoddam
1105 550 1249 603 enim
1289 549 1572 604 consilium
1617 548 1792 602 fuerat
1824 565 1890 601 ne
1922 540 2008 595 di-

2108 548 2247 619 μετά
2279 550 2537 622 ἄρχοντος
2580 552 2827 625 Περσῶν·
2872 552 3031 625 βουλὴ
3065 556 3169 629 γάρ
3213 575 3289 623 τις
3325 540 3530 626 ἐγένετο-
3548 566 3607 636 μὴ

444 642 756 696 mitteretur
782 640 1014 711 populus
1046 655 1058 691 :
1095 648 1153 693 ut
1176 654 1304 710 ergo
1327 639 1486 694 citius
1506 638 1660 693 ﬁeret
1681 638 1867 708 petitio
1892 652 2004 703 tua,

444 732 620 788 restiti
646 748 745 804 ego
770 733 1029 788 adversus
1055 732 1224 784 illum.

1062 818 1217 875 CAP.
1258 818 1374 875 XII.

503 913 569 969 ν.
597 915 649 969 1.
681 945 753 957 -—
784 914 852 968 Et
875 914 1040 968 veniet
1070 923 1269 986 tempus
1308 915 1462 986 quale
1493 932 1596 971 non
1634 917 1734 987 fuit
1764 917 1841 988 (in
1869 927 2001 976 text.

433 1010 640 1076 Graec.,
681 1019 882 1078 tempus
925 1007 1270 1079 a/ﬂictionis).
1310 1008 1463 1065 Tunc
1503 1012 1604 1066 erit
1626 1011 1844 1067 afﬂictio
1886 1026 2004 1065 ma-

433 1117 559 1174 gna,
614 1100 791 1171 qualis
832 1114 944 1156 non
985 1098 1091 1155 fuit
1132 1101 1257 1157 talis
1298 1117 1330 1157 a
1374 1102 1760 1159 constitutione
1793 1103 1999 1167 mundi,

433 1197 555 1251 aliis
604 1197 711 1252 alio
743 1211 840 1266 per
886 1204 1139 1253 cunctam
1182 1194 1453 1251 civitatem
1491 1202 1548 1250 et
1590 1196 1896 1265 regionem,
1935 1196 2003 1249 ad

433 1287 734 1357 perdendos
778 1287 964 1344 fideles
1003 1286 1256 1354 emissis;
1304 1295 1361 1342 et
1394 1284 1597 1341 sanctis
1628 1300 1696 1341 ex
1724 1284 2004 1341 occidente

432 1378 487 1433 in
538 1380 802 1435 orientem
848 1378 1301 1445 transeuntibus;
1351 1377 1722 1433 habitantibus
1765 1392 1895 1432 vero
1947 1378 2001 1432 in

433 1473 639 1527 oriente
677 1472 1191 1541 transmigrantibus
1240 1472 1295 1526 in
1319 1472 1634 1539 meridiem;
1664 1473 1787 1529 aliis
1820 1482 2001 1529 autem

434 1564 489 1618 in
522 1563 798 1619 montibus
835 1573 890 1619 et
922 1562 1196 1633 speluncis
1229 1562 1604 1632 latitantibus;
1648 1565 1849 1636 ubique
1881 1565 2004 1621 illos

433 1656 836 1712 abominatione
862 1663 1247 1726 persequente;
1271 1671 1367 1725 per
1380 1656 1576 1722 maria,
1598 1672 1694 1729 per
1713 1668 1884 1713 terras
1910 1672 2004 1713 eos

432 1762 529 1816 per
580 1746 797 1802 decreta
845 1744 1084 1801 crudelia
1115 1744 1480 1811 interimente,
1518 1754 1573 1802 et
1603 1747 1917 1803 omnimodo
1936 1764 2003 1804 ex

432 1839 537 1893 hoc
560 1836 765 1893 mundo
795 1851 890 1893 eos
917 1846 1344 1908 conquassante;
1376 1854 1485 1895 non
1517 1839 1822 1896 valentibus
1866 1836 2005 1912 ipsis

431 1929 647 1999 prepria
709 1929 960 1997 vendere,
1002 1944 1179 1999 neque
1233 1944 1412 1985 emere
1451 1934 1595 2002 apud
1634 1933 1860 2001 alienos,
1892 1934 2000 1989 nisi

430 2021 787 2092 quis'nomcn
823 2022 1009 2077 bestia:
1030 2022 1226 2079 habeat
1248 2033 1304 2080 et
1329 2025 1697 2092 circumferat,
1723 2026 1810 2081 vel
1837 2025 2002 2097 hujus

428 2110 643 2180 signum
671 2110 725 2165 in
759 2110 935 2166 fronte
977 2124 1156 2184 gerat;
1202 2129 1393 2172 omnes
1425 2114 1570 2171 enim
1606 2125 1737 2171 tunc
1760 2131 1827 2172 ex
1852 2119 2001 2172 omni

436 2204 559 2258 loco
592 2203 1070 2274 propulsabuntur,
1108 2214 1163 2261 et
1186 2221 1252 2261 ex
1301 2208 1587 2278 penatibus
1641 2209 1998 2275 abducentur,

428 2294 561 2349 etin
590 2295 901 2350 carceribus
924 2295 1225 2364 trahentur,
1250 2306 1304 2353 et
1334 2298 1482 2352 omni
1507 2299 1748 2355 cruciatu
1772 2299 1990 2369 punien-

430 2399 536 2455 tur,
567 2398 622 2444 et
647 2404 714 2444 ex
741 2396 853 2443 toto
889 2388 1091 2444 mundo
1118 2389 1422 2460 ejicientur.

498 2563 569 2620 Υ.
602 2565 653 2623 2.
689 2596 761 2606 —
785 2564 1126 2638 Evigilabunt
1150 2568 1248 2622 alii
1278 2568 1333 2623 in
1363 2568 1528 2622 vitam
1560 2576 1836 2623 aeternam.
1870 2566 2000 2639 Hip-

424 2648 614 2731 polyti.
653 2658 758 2726 Qui
809 2653 951 2716 verte
1017 2661 1145 2717 vitae
1194 2661 1463 2726 credunt,
1516 2669 1569 2716 et
1607 2661 1662 2715 in
1704 2660 1843 2716 libro
1873 2661 2001 2715 vitae

427 2754 613 2825 scripti
660 2764 807 2810 sunt.
853 2752 995 2810 Ibid.
1025 2762 1046 2804 .°
1076 2752 1142 2808 Et
1181 2754 1276 2809 atii
1317 2754 1375 2808 in
1412 2753 1768 2824 opprobrium.
1799 2752 2000 2824 Hippo-

428 2846 543 2918 lyti.
582 2844 685 2913 Qui
717 2860 840 2902 cum
882 2846 1220 2901 Antichristo
1247 2848 1618 2911 consentiunt,
1650 2853 1705 2901 et
1742 2861 1867 2901 cum
1905 2847 1999 2902 illo

426 2940 482 2994 in
510 2939 686 3009 pinnis
711 2939 928 2994 aeternis
950 2938 1202 3009 conjecti.

2102 640 2447 694 ἀποστέλλειν
2472 641 2561 696 τὸν
2586 642 2733 696 λαόν·
2767 643 2855 698 ἵνα
2884 639 2974 699 οὖν
2997 646 3054 699 ἐν
3087 646 3236 719 τάχει
3256 647 3315 702 τὸ
3333 649 3517 723 αἴτημά
3534 669 3607 707 σοι.

2010 770 2017 791 ,
2101 730 2344 801 γένηται,
2374 732 2636 804 ἀντέστην
2671 733 2844 805 τούτῳ
2873 733 3000 804 ἐγώ.

2743 826 2900 878 ΚΕΦ.
2938 826 3036 879 ΙΒ’.

2172 917 2239 964 α’.
2280 912 2486 966 Ἔσται
2512 913 2716 983 καιρὸς
2750 916 3023 984 θλίψεως.
3056 915 3375 974 Ἱππολύτου.
3393 920 3509 975 Τότε
3525 923 3613 995 γὰρ

2101 1001 2253 1055 ἔσται
2281 1001 2457 1072 θλίψις
2484 1005 2715 1077 μεγάλη,
2755 1006 2845 1059 οἶα
2890 1007 2951 1059 ού
2989 1007 3177 1077 γέγονε
3201 1010 3405 1081 τοιαύτη
3424 1013 3518 1066 ἀπὸ
3540 1031 3615 1066 κα.

2100 1092 2331 1166 ταὸολῆς
2373 1095 2599 1168 κόσμου,
2642 1098 2814 1154 ἄλλων
2849 1098 3056 1171 ἀλλαχῆ
3110 1099 3249 1155 κατά
3286 1103 3447 1157 πᾶσαν
3493 1106 3616 1159 πόλιν

2102 1188 2195 1241 καὶ
2224 1186 2405 1260 χώραν
2430 1191 2509 1254 είς
2537 1190 2599 1244 τὸ
2649 1191 2989 1263 ἀναιρεῖσθαι
3032 1193 3156 1259 τοὺς
3197 1195 3407 1258 πιστοὺς
3441 1213 3619 1269 πεμπο-

2105 1278 2299 1348 μένων·
2327 1280 2546 1335 καὶτῶν
2577 1281 2746 1351 ἁγίων
2772 1284 2879 1337 ἀπὸ
2911 1284 3115 1349 δύσεως
3154 1287 3232 1351 είς
3272 1288 3508 1361 ἀνατολὴν
3543 1307 3619 1345 πο-

2105 1370 2429 1441 ρευομένων,
2464 1373 2558 1427 καὶ
2581 1374 2688 1428 τῶν
2719 1374 2777 1428 δὲ
2797 1375 2903 1429 ἀπὸ
2924 1376 3195 1431 ἀνατολῶν
3222 1380 3299 1443 είς
3324 1381 3623 1453 μεσημϐρίαν

2101 1461 2461 1533 διωκομένων,
2510 1464 2681 1520 ἀλλων
2725 1465 2783 1520 δὲ
2814 1468 2873 1520 ἐν
2908 1470 3025 1533 τοῖς
3052 1468 3200 1540 ὄρεσι
3251 1470 3345 1524 καὶ
3382 1471 3623 1543 σπηλαίοις

2102 1554 2509 1625 κρυπτομένων·
2545 1557 2821 1630 πανταχοῦ
2866 1559 2923 1613 δὲ
2964 1561 3162 1625 αὐτοὺς
3189 1560 3279 1616 τοῦ
3310 1561 3623 1635 βδελύγματος

2102 1646 2480 1719 πολεμοῦντος,
2515 1650 2607 1704 καὶ
2626 1650 2713 1706 διὰ
2734 1650 3009 1725 θαλάσσης
3038 1654 3129 1708 καὶ
3149 1653 3237 1708 διὰ
3261 1654 3418 1727 ξηρᾶς
3443 1657 3625 1722 τούτους

2102 1745 2191 1799 διὰ
2220 1745 2314 1800 τοῦ
2356 1747 2775 1821 προστάγματος
2806 1748 3177 1823 ἀναιροῦντος,
3211 1752 3302 1805 καὶ
3325 1750 3455 1805 κατὰ
3481 1753 3627 1806 πάντα

2103 1839 2303 1912 τρόπον
2326 1842 2391 1894 ἐκ
2414 1839 2505 1895 τοῦ
2531 1842 2735 1913 κόσμου
2759 1841 3123 1907 ἐκθλίϐοντος’
3161 1844 3233 1915 μὴ
3253 1843 3532 1915 δυναμένων
3557 1845 3629 1898 αύ-

2101 1932 2210 1986 τῶν
2241 1934 2436 2004 μηκέτι
2457 1933 2565 1989 τῶν
2598 1934 2741 1989 ἰδίων
2770 1935 3047 2006 πωλῆσαι,
3077 1936 3209 2007 μήτε
3237 1937 3483 2009 ἀγοράσαι
3508 1936 3630 2008 παρὰ

2100 2024 2209 2079 τῶν
2237 2025 2549 2100 ἀλλοτρίων,
2574 2027 2743 2099 χωρὶς
2771 2028 2866 2083 ἐὰν
2892 2032 3058 2101 μήτις
3080 2029 3140 2082 τὸ
3162 2029 3325 2101 ὄνομα
3353 2030 3438 2084 τοῦ
3469 2030 3629 2102 θηρίου

2100 2116 2197 2189 ἔχῃ
2224 2118 2319 2171 καὶ
2338 2117 2629 2191 περιφέρῃ,
2652 2117 2687 2190 ἦ
2716 2118 2778 2172 τὸ
2795 2118 2985 2174 τούτου
3016 2120 3278 2193 χάραγμα
3308 2120 3393 2174 ἐπὶ
3418 2119 3629 2192 μετώπου

2103 2206 2365 2281 βαστάσῃ’
2401 2208 2601 2273 πάντες
2626 2208 2736 2281 γὰρ
2771 2209 2893 2264 τότε
2934 2212 3002 2264 ἐκ
3052 2210 3251 2276 παντὸς
3287 2210 3438 2265 τόπου
3470 2211 3630 2265 ἐκδιω-

2101 2299 2409 2371 χθήσονται,
2454 2300 2549 2355 καὶ
2593 2302 2660 2354 ὲκ
2698 2300 2806 2355 τῶν
2849 2302 3069 2356 οἰκείων
3116 2302 3630 2374 κατασπασθήσονται,

2101 2390 2195 2443 καὶ
2243 2393 2302 2444 ἐν
2333 2389 2413 2461 τῷ
2441 2389 2686 2465 δημοσίῳ
2723 2391 3110 2464 συρθήσονται,
3145 2393 3238 2449 καὶ
3270 2392 3410 2464 πάσῃ
3449 2393 3631 2448 κολάσει

2101 2481 2541 2554 κολασθήσονται,
2568 2483 2662 2538 καὶ
2683 2484 2747 2538 ἐκ
2770 2484 2968 2549 παντὸς
2996 2486 3205 2557 κόσμου
3236 2485 3631 2559 ἐκϐληθήσονται.

2173 2573 2240 2643 β’.
2270 2574 2791 2646 Ἐξεγερθήσονται
2810 2572 2973 2633 οὗτοι
3000 2580 3096 2644 είς
3115 2577 3265 2647 ζωὴν
3287 2577 3524 2633 αἰώνιον.
3553 2577 3640 2631 Ἰπ-

2102 2664 2351 2720 πολύτου.
2403 2668 2468 2720 Οἱ
2515 2671 2580 2740 τῇ
2627 2668 2795 2732 ὅντως
2830 2668 2941 2740 ζωῇ
2984 2668 3432 2736 πεπιστευκότες,
3474 2668 3556 2725 καὶ
3592 2669 3639 2722 ὲν

2104 2755 2273 2830 βίϐλῳ
2295 2757 2442 2829 ζωῆς
2467 2758 2927 2831 ἐγγεγραμμένοι.

2167 2849 2279 2904 Καὶ
2328 2845 2495 2905 οὗτοι
2542 2852 2629 2917 εἷς
2684 2849 3045 2921 ὀνειδισμόν.
3129 2853 3451 2908 Ἱππολύτου.
3487 2852 3542 2906 Οί
3575 2849 3637 2921 τῷ

2101 2939 2424 3014 ἀντιχρίστῳ
2445 2941 2806 3013 συνερώμενοι
2827 2947 2867 3008 ⁸,
2887 2943 2979 2996 καὶ
3012 2943 3123 2998 σὺν
3149 2944 3296 3016 αύτῷ
3322 2946 3397 3009 εἰς
3421 2942 3509 3014 τὴν
3532 2939 3639 2995 αἰώ-

2100 3048 2212 3087 νιον
2238 3032 2457 3087 κόλασιν
2483 3032 2820 3105 βαλλόμενοι.

500 3117 562 3172 ν.
593 3118 646 3173 5.
677 3146 748 3159 --
774 3115 884 3183 Qui
907 3124 1083 3170 autem
1109 3116 1258 3171 docti
1286 3115 1515 3186 fuerint,
1546 3115 1837 3187 fulgebunt.
1863 3115 1996 3187 Hip-

2168 3129 2239 3193 γ’.
2270 3123 2379 3179 Καὶ
2432 3126 2487 3178 οἱ
2517 3122 2832 3190 συνιέντες
2855 3123 3305 3195 ἐκλάμψωσιν.
3345 3123 3635 3178 Ἱππολύτου.

421 3211 612 3284 polyti.
656 3209 873 3265 Etenim
915 3209 1181 3265 Dominus
1216 3209 1271 3264 in
1313 3207 1607 3279 Evangelio
1641 3210 1782 3264 idem
1813 3210 1990 3268 dixit:

426 3305 470 3359 Τ
473 3322 572 3360 unc
591 3303 731 3374 justi
769 3303 1042 3375 {algebunt
1068 3303 1208 3358 sicut
1235 3302 1316 3356 sol
1338 3300 1555 3374 (Matth.
1588 3319 1712 3369 xm,
1741 3302 1855 3375 £3).

491 3395 559 3450 ν.
593 3396 645 3451 7.
686 3423 748 3447 —
777 3394 847 3451 In
874 3404 1097 3465 tempus,
1124 3403 1174 3450 et
1202 3403 1457 3463 tempora,
1486 3403 1536 3449 et
1566 3394 1844 3449 dimidium
1866 3403 1995 3450 tem-

420 3490 588 3560 poris.
613 3487 908 3561 Hippolyti.
930 3487 1065 3545 Tres
1086 3503 1260 3545 annos
1283 3494 1347 3544 et‘
1361 3488 1648 3544 dimidium
1675 3490 1993 3548 Antichristi

421 3583 697 3653 praedixit;
750 3592 953 3653 tempus
1010 3581 1216 3638 indicat
1252 3597 1422 3636 unum
1464 3596 1706 3651 annum;
1761 3592 1994 3653 tempora

421 3678 560 3732 duos
604 3688 814 3743 annos;
851 3673 1135 3727 dimidium
1190 3672 1439 3744 temporis
1482 3672 1769 3729 dimidium
1813 3674 1942 3728 anni
1976 3690 1991 3728 :

420 3766 479 3822 hi
511 3774 640 3823 sunt
675 3766 786 3820 dies
830 3764 978 3820 mitte
1001 3764 1211 3819 ducenti
1244 3764 1534 3835 nonaginta
1576 3779 1717 3834 quos
1746 3763 1997 3834 prtedisit

420 3857 610 3914 Daniel
645 3860 744 3928 (xu
759 3899 776 3924 ,
808 3858 921 3929 ll).

491 3949 561 4008 V.
588 3947 644 4006 9.
662 3947 849 4007 Clausi
885 3960 1007 4005 sunt
1048 3949 1346 4020 signatique
1409 3961 1692 4002 sermones.
1720 3945 1991 4014 Quoniam

419 4056 545 4112 qua:
585 4041 910 4111 praeparavit
952 4040 1096 4096 Deus
1122 4040 1329 4095 sanctis
1358 4038 1660 4110 intelligere
1684 4038 1851 4096 homo
1880 4053 1990 4095 non

418 4140 631 4204 potest;
657 4148 833 4204 neque
848 4132 995 4189 enim
1018 4132 1212 4189 oculus
1232 4131 1321 4186 illa
1346 4130 1498 4199 vidit,
1522 4145 1700 4203 neque
1723 4132 1873 4187 auris
1899 4146 1994 4187 au-

419 4226 574 4293 divit,
608 4241 784 4297 neque
814 4227 871 4282 in
893 4241 989 4282 cor
1013 4225 1249 4281 hominis
1267 4224 1625 4281 ascenderunt
1653 4239 1793 4295 quaa,
1826 4225 1991 4280 etiam

420 4326 477 4374 tu
485 4333 553 4373 nc
566 4316 950 4373 desiderabunt
964 4317 1139 4373 sancti
1153 4313 1529 4387 contemplari;
1549 4314 1629 4372 sic
1646 4316 1784 4371 dixit
1801 4314 1989 4385 (Deus)

415 4409 469 4464 ei
504 4407 757 4479 (Daniel),
816 4408 945 4478 quia
970 4408 1140 4463 clausi
1183 4416 1325 4473 sunt,
1381 4406 1675 4478 signatique
1725 4421 1986 4461 sermones

2097 3212 2209 3267 Καὶ
2232 3212 2340 3285 γὰρ
2359 3212 2387 3265 ό
2410 3210 2614 3284 Κύριος
2640 3214 2698 3266 ἐν
2720 3212 2798 3283 τῷ
2816 3213 3143 3287 Εύαγγελίῳ
3161 3215 3223 3270 τὸ
3249 3216 3423 3287 ὅμοιον
3458 3214 3635 3286 εἴρηκε.

2103 3305 2250 3359 Τότε
2282 3305 2337 3357 οί
2369 3302 2582 3358 δίκαιοι
2617 3302 3041 3374 ἐκλάμψουσιν
3071 3307 3156 3374 ὡς
3178 3305 3364 3375 ἥλιος.

2164 3392 2228 3457 ζ’.
2258 3394 2364 3459 Είς
2400 3392 2606 3465 καιρόν
2630 3392 2729 3447 καί
2767 3393 3015 3462 καιροὺς
3049 3395 3158 3450 καὶ
3204 3397 3293 3462 είς
3328 3393 3503 3466 ἥμισυ
3535 3405 3638 3446 και-

2088 3482 2225 3552 ροῦ.
2286 3474 2617 3537 Ἱππολύτου.
2664 3482 2745 3536 Τά
2780 3483 2907 3567 τρία
2952 3485 3047 3557 ἐτη
3083 3486 3182 3541 καὶ
3213 3484 3637 3562 ἧμισυτοῦἈντι-

2096 3574 2319 3646 χρίστου
2356 3576 2620 3648 ἐσήμανεο
2668 3575 2859 3649 καιρὸν
2910 3574 3020 3648 γὰρ
3060 3577 3216 3647 λέγει
3269 3574 3520 3631 ἐνιαυτόνο
3546 3589 3641 3626 και-

2111 3668 2237 3739 ροὺς
2269 3668 2348 3732 δὲ,
2372 3667 2464 3722 δύο
2489 3667 2601 3739 ἐττγ
2626 3667 2798 3739 ἥμισυ
2824 3668 3038 3740 καιροῦ,
3081 3670 3257 3741 ἥμισυ
3284 3666 3531 3723 ἐνιαυτοῦ
3561 3666 3640 3719 αὑ-

2094 3762 2190 3815 ταί
2215 3763 2374 3816 εἰσιν
2399 3763 2459 3818 αι
2481 3766 2614 3833 ,ασίζ
2636 3760 2864 3834 ἡμέραι,
2891 3759 2958 3824 ἀς
2986 3765 3221 3831 προεῖπε
3253 3759 3462 3829 Δανιήλ.

2164 3852 2231 3906 θ’.
2263 3852 2760 3923 Ἐμπεφραγςμένοι
2788 3854 2884 3908 καί
2909 3854 3381 3925 ἐσφραγισμένοι
3405 3856 3456 3907 oi
3480 3852 3639 3922 λόγοι.

2104 3944 2439 4001 Ἱππολύτου.
2514 3945 2732 4016 Ἐπειδὴ
2782 3944 2892 4019 γὰρ
2929 3944 2966 3999 ἃ
2992 3946 3291 4018 ἡτοίμασεν
3325 3948 3354 4001 ό
3384 3945 3508 4009 Θεὸς
3546 3942 3639 4004 τοῖς

2092 4039 2266 4109 ἁγίοις
2288 4037 2711 4110 ἐκδιηγήσασθαι
2731 4038 3013 4111 ἄνθρωπος
3042 4038 3106 4092 οὐ
3127 4039 3370 4094 δύναται·
3395 4036 3511 4092 οὔτε
3550 4034 3645 4105 γὰρ

2090 4128 2365 4201 ὀφθαλμὸς
2384 4130 2523 4185 αὐτὰ
2553 4126 2713 4197 εἶδεν,
2735 4128 2860 4184 οὔτε
2882 4126 2975 4195 οὖς
2994 4131 3251 4202 ἦκουσεν,
3267 4130 3389 4185 οὔτε
3412 4129 3499 4183 ἐπὶ
3530 4140 3644 4195 καρ-

2090 4218 2206 4272 δίαν
2234 4219 2518 4293 ἀνορώπου
2562 4219 2750 4293 ἀνέϐη,
2793 4222 2874 4284 εἰς
2916 4219 2952 4273 ἃ
2998 4220 3093 4274 καὶ
3123 4219 3517 4292 ἐπιθυμήσουσι
3543 4213 3643 4268 τότε

2092 4313 2235 4383 ἆγιοι
2263 4313 2516 4384 ἐγκύψαι·
2546 4313 2717 4377 οὕτως
2737 4312 2840 4384 ἔφη
2877 4311 3013 4383 πρὸς
3039 4310 3226 4378 αὑτὸν,
3267 4311 3357 4365 ὅτι
3388 4310 3646 4380 ἐμπεφρα-

2090 4405 2293 4478 γμένοι
2322 4407 2483 4462 εἰσὶν
2522 4408 2578 4460 οἱ
2610 4406 2777 4475 λόγοι
2820 4399 3007 4468 οὗτοι,
3059 4402 3173 4470 ἕως
3211 4402 3421 4473 καιροῦ
3465 4399 3643 4468 erepat,"

416 4498 511 4554 isti
535 4514 697 4569 usque
728 4499 798 4552 ad
822 4498 1142 4569 pra-ﬁnitum
1170 4508 1370 4569 tempus
1393 4536 1410 4563 ,
1444 4497 1618 4555 donec
1648 4497 1915 4570 eligantur
1934 4506 1992 4553 et

2223 4498 2291 4553 ἂν
2319 4498 2603 4568 ἐκλεγῶσι,
2635 4498 2729 4551 καὶ
2749 4494 3111 4567 ἐκπυρωθιῖωι
3134 4495 3339 4549 πολλοί·
3367 4493 3506 4556 τινὲς
3528 4491 3580 4544 δὲ
3604 4488 3646 4541 oi

416 4589 542 4661 igne
564 4590 864 4661 probentur
893 4591 1084 4658 multi;
1108 4590 1330 4662 quidam
1358 4597 1539 4646 autem
1565 4590 1743 4657 electi,
1768 4590 1862 4646 sed
1892 4591 1989 4661 qui

406 4682 660 4740 veritatis
707 4682 872 4737 verbo
915 4682 1284 4749 crediderunt,
1337 4691 1397 4738 ut
1441 4682 1759 4738 dealbentur
1803 4698 1900 4754 per
1926 4683 1992 4739 il-

406 4774 536 4842 lud,
594 4781 649 4830 et
701 4773 947 4829 mundati
975 4789 1006 4829 a
1051 4775 1306 4831 sordibus
1339 4776 1565 4845 peccati,
1608 4776 1835 4832 induant
1871 4791 1989 4833 cu:-

405 4868 607 4922 lestem
630 4906 647 4934 ,
674 4880 874 4936 purum
903 4874 958 4921 et
982 4864 1276 4936 fulgentem
1304 4876 1554 4922 sanctum
1585 4865 1871 4938 Spiritum,
1905 4878 1985 4938 ut,

405 4959 473 5013 ad
490 4957 744 5013 veniente
770 4971 996 5028 sponso,
1025 4959 1209 5014 statim
1241 4958 1448 5014 intrent
1474 4973 1599 5015 cum
1623 4974 1713 5015 eo.

484 5050 552 5106 ν.
590 5051 678 5106 ll.
700 5053 783 5115 2-
810 5050 1004 5106 Posita
1040 5052 1200 5122 fuerit
1245 5052 1569 5107 abominatio
1608 5054 1665 5107 in
1702 5052 1989 5108 desolatio-

412 5159 551 5197 nem.
590 5140 892 5215 Hippolyti.
935 5141 1083 5199 Duas
1106 5159 1238 5216 ergo
1266 5144 1699 5201 abominationes
1722 5145 1856 5201 dicit
1881 5143 1989 5199 Da-

413 5235 525 5290 niel
556 5253 573 5292 :
603 5250 712 5291 una
733 5236 955 5307 quidem
1005 5234 1112 5292 fuit
1139 5238 1631 5306 exterminatiouis,
1662 5252 1826 5310 quam
1862 5254 1985 5295 sus-

413 5328 605 5384 citavit
658 5329 981 5398 Antiochus,
1033 5341 1088 5387 et
1142 5331 1209 5387 ad
1255 5331 1714 5388 abominationem
1773 5332 1988 5389 desola-

414 5419 581 5475 tionis
605 5419 875 5490 refertur;
914 5423 1019 5480 alia
1048 5440 1176 5480 vero
1195 5426 1467 5491 universa,
1499 5440 1623 5481 cum
1663 5424 1840 5481 veniet
1869 5425 1985 5480 An-

419 5511 736 5581 tichristus;
770 5529 920 5583 nam,
949 5524 1010 5571 ut
1036 5514 1165 5572 dicit
1196 5515 1404 5586 Daniel,
1434 5526 1488 5573 et
1515 5517 1604 5573 ille
1630 5526 1850 5590 propter
1874 5519 1988 5575 rui-

418 5621 544 5663 nam
593 5607 888 5664 multorum
910 5610 1307 5683 constituetur.

2094 4592 2465 4664 ἐκλεγόμενοι,
2498 4590 2615 4646 ἀλλ’
2642 4588 2693 4643 οἰ
2720 4586 2797 4660 τῷ
2826 4587 2925 4659 τῆς
2947 4586 3209 4659 ἀληθείας
3231 4587 3376 4658 λόγῳ
3404 4581 3651 4641 πιστεύον-

2088 4702 2200 4752 τες,
2228 4686 2314 4739 ἶνα
2335 4682 2670 4738 λευκανθῶσι
2691 4681 2759 4736 δι’
2791 4678 2979 4746 αὐτοῦ,
3001 4680 3097 4734 καὶ¹
3135 4680 3527 4741 ἀποϐάλλοντες
3556 4672 3647 4728 τῶν

2087 4777 2188 4849 τῆς
2215 4776 2486 4849 ἁμαρτίας
2517 4774 2725 4849 ρύπων,
2749 4772 3076 4828 ἐνδύσωνται
3103 4772 3166 4826 τὸ
3200 4771 3536 4845 ἐπουράνιον,
3564 4781 3650 4822 κα·

2090 4866 2273 4940 θαρὸν,
2311 4866 2405 4921 καὶ¹
2440 4866 2659 4935 διαυγὲς
2694 4865 2848 4935 ἅγιον
2886 4860 3133 4935 Πνεῦμα,
3165 4863 3256 4918 ἵνα
3289 4862 3548 4935 παρόντος
3568 4854 3647 4910 τοῦ

2088 4959 2347 5029 νυμφίου,
2376 4957 2577 5021 εὐθέως
2605 4955 3018 5011 συνεισέλθωσιν
3042 4953 3214 5024 αὐτῷ.

2164 5043 2257 5098 ια’.
2291 5041 2618 5110 Aoede-etas
2662 5043 2727 5098 τὸ
2778 5043 3096 5115 βδέλυγμα
3136 5041 3254 5110 τῆς
3299 5038 3645 5112 ἐρημώσεως.

2100 5132 2437 5191 Ἱππολύτου.
2470 5134 2572 5189 Δύο
2614 5130 2707 5190 οὖν
2752 5133 3094 5206 βδελύγματα
3129 5132 3324 5205 εἴρηκε
3349 5126 3558 5198 Δανιὴλ·
3598 5127 3649 5179 ἒν

2092 5227 2192 5299 μὲν
2216 5227 2545 5299 ἀφανισμοῦ,
2568 5226 2597 5282 ὃ
2624 5227 2819 5300 ἔστησε
2845 5226 2984 5282 κατὰ
3010 5226 3198 5298 καιρὸν
3236 5224 3501 5295 Ἀντίοχος
3522 5216 3647 5274 κατά

2086 5319 2148 5373 τὸ
2183 5320 2283 5391 τῆς
2308 5318 2659 5392 ἐρημώσεως⁸
2683 5320 2810 5376 ἀλλο
2837 5318 3088 5383 καθόλου,
3111 5318 3186 5381 ὡς
3211 5318 3475 5390 παρέσται
3510 5308 3649 5367 ὁἌν-

2086 5413 2374 5485 τίχριστος’
2404 5413 2479 5477 ὼς
2502 5414 2559 5467 δὲ
2583 5413 2729 5482 λέγει
2756 5412 2952 5485 Δανιὴλ
2978 5412 3070 5467 καὶ
3104 5412 3267 5478 αὐτὸς
3300 5410 3389 5466 ἐπ’
3421 5400 3647 5477 ἀπωλείᾳ

2088 5502 2297 5558 πολλῶν
2328 5506 2671 5576 συστήσεται.
