3860 6200
243 303 332 362 689
1371 295 1801 354 FRAGMENTA
1837 295 1906 350 IN
1938 293 2308 352 DANIELEM.

483 507 3419 536 W

882 671 1554 763 ΙΠΠΟΛΥΤΟΥ
1642 666 2308 758 ΕΠΙΣΚΟΠΟΥ
2391 609 2767 757 ΡΩΜΗΣ

1462 850 1572 904 ΕΙΣ
1622 850 1767 905 ΤΗΝ
1814 847 2199 904 ΣΩΣΑΝΝΑΝ.

965 1171 1636 1266 HIPPOLYTI
1715 1168 2083 1263 ROMjE
2153 1169 2706 1268 EPISCOPI

1574 1362 1645 1419 IN
1684 1363 1770 1421 SU
1779 1361 2078 1419 SANNAM.

1419 1521 1708 1584 (GALLAND.,
1733 1518 1982 1582 Biblioth.,
2006 1519 2070 1581 Π,
2094 1517 2227 1583 442.)

280 1826 413 1899 Αὐτὴ
433 1825 535 1898 μὲν
563 1818 660 1880 οὖν
688 1825 722 1896 ἡ
755 1823 968 1896 ἱστορία
993 1821 1282 1895 γεγένηται
1313 1821 1536 1895 ὕστερον
1554 1863 1569 1888 ,
1618 1839 1780 1894 προε-

1951 1821 2108 1889 Quod
2146 1820 2241 1878 hic
2270 1827 2530 1876 narratur
2567 1821 2585 1852 ³
2609 1859 2624 1886 ,
2656 1816 2929 1890 posterius
2962 1826 3172 1889 gestum
3197 1819 3287 1875 "est
3308 1859 3325 1887 ,
3351 1819 3456 1877 etsi

223 1921 380 1992 γράφη
431 1919 488 1972 δὲ
517 1919 624 1990 τῆς
665 1917 846 1988 βίϐλου
905 1916 1149 1989 πρώτης.
1183 1915 1344 1979 Ἔθος
1394 1913 1504 1986 γὰρ
1553 1909 1622 1986 ἦν
1671 1915 1784 1977 τοῖς

222 2009 620 2086 γραμματεῦσιν
643 2009 1031 2082 ὑστερόπρωτα
1074 2007 1244 2062 πολλὰ
1284 2009 1340 2060 ὲν
1383 2010 1505 2070 ταῖς
1544 2008 1782 2078 γραφαῖς

221 2107 418 2162 τιθέναι.
449 2106 800 2178 Εὑρίσκομεν
829 2102 936 2175 γὰρ
964 2103 1057 2156 καὶ
1085 2103 1144 2155 ὲν
1166 2103 1279 2164 τοῖς
1305 2100 1612 2170 προφήταις
1655 2098 1784 2170 ὁρά-

223 2216 316 2262 σεις
350 2198 498 2262 τινὰς
547 2194 775 2269 πρώτας
810 2193 1229 2266 γεγραμμένας,
1272 2190 1499 2245 καὶ.έπ’
1537 2189 1782 2261 ἐσχάτων

223 2290 638 2362 πεπληρωμένας
662 2305 675 2319 ο
703 2288 796 2341 καὶ
816 2283 881 2340 αὖ
913 2285 1072 2342 πάλιν
1097 2284 1439 2355 ἐπ’ὲσχάτων
1466 2281 1780 2354 εἰρημένας,

222 2385 296 2436 καὶ
343 2382 571 2454 πρώτας
613 2379 1004 2452 γεγενημένας.
1043 2377 1213 2431 Τοῦτο
1251 2376 1309 2430 δὲ
1363 2374 1643 2446 οἰκονομίᾳ
1685 2371 1780 2427 τοῦ

222 2475 509 2546 Πνεῦματος
540 2473 772 2542 ἐγίνετο,
799 2473 887 2525 ἵνα
929 2471 1002 2546 μὴ
1024 2471 1052 2523 ὁ
1095 2467 1335 2532 διάϐολος
1367 2467 1524 2540 συνίῃ
1562 2465 1631 2518 τὰ
1678 2465 1784 2519 ὑπὸ

220 2567 306 2620 τῶν
335 2565 634 2638 προφητῶν
661 2566 719 2618 ὲν
743 2565 1076 2636 παραϐολαῖς
1097 2559 1288 2631 λελαλη
1298 2560 1452 2630 μένα,
1500 2558 1594 2611 καὶ
1621 2574 1785 2626 παγι-

219 2657 384 2724 eam;
416 2661 480 2713 ὲκ
508 2660 772 2732 δευτέρου
803 2656 962 2710 πάλιν
985 2653 1282 2727 ἀποκτείνῃ
1308 2653 1398 2708 τὸν
1437 2651 1743 2724 ἄνθρωπον.

276 2832 372 2886 Kal
399 2833 596 2902 ὄνομα
621 2831 779 2898 αὐτῷ
819 2831 1096 2902 Ἰωακείμ.
1122 2823 1287 2895 Οὗτος
1305 2831 1332 2883 ὁ
1363 2832 1619 2902 Ἰωακεὶμ
1638 2831 1783 2902 πάρ-

223 2937 347 2984 οικος
381 2923 682 2992 γενόμενος
725 2923 784 2974 ἐν
823 2920 1123 2980 Βαϐυλῶνι,
1149 2921 1412 2993 λαμϐάνει
1441 2923 1538 2994 τὴν
1568 2923 1783 2976 Σωσάν-

220 3024 298 3059 ναν
317 3011 390 3072 εἰς
410 3013 672 3078 γυναῖκα.
703 3009 849 3082 Αὕτη
879 3009 934 3063 δὲ
959 3007 1028 3082 ἦν
1051 3009 1295 3083 Θυγάτηρ
1323 3011 1553 3065 Χελκίου
1586 3011 1680 3064 τοῦ
1703 3013 1782 3064 is-

223 3098 358 3168 ρέως,
386 3099 479 3154 τοῦ
516 3101 776 3172 εὑρόντος
798 3102 859 3154 τὸ
882 3100 1082 3172 βιϐλίον
1111 3101 1204 3155 τοῦ
1239 3103 1402 3173 νόμου
1441 3104 1498 3155 ὲν
1526 3102 1604 3174 τῷ
1651 3103 1784 3172 οἴκῳ

219 3190 422 3261 Κυρίου,
451 3191 625 3265 ἡνίκα
675 3193 887 3256 Ἰωσίας
920 3196 949 3247 ὁ
999 3194 1252 3264 βασιλεὺς
1296 3195 1580 3248 ἐκέλευσεν
1619 3195 1780 3249 αὑτὸν

220 3280 486 3352 καθαρίσαι
514 3283 590 3337 τὰ
627 3285 788 3352 Ἅγια
816 3284 924 3336 τῶν
945 3285 1133 3353 ἁγίων.
1179 3285 1424 3354 Ἀδελφὸς
1446 3286 1648 3354 γίνεται
1689 3287 1783 3340 Ἰε-

222 3375 388 3443 ρεμίας
411 3377 438 3428 ὁ
467 3376 782 3447 προφήτης,
810 3376 868 3440 ὃς
897 3377 1013 3447 ἅμα
1044 3380 1157 3442 τοῖς
1179 3377 1498 3442 έπιλοίποις,
1532 3379 1666 3450 μετὰ
1684 3381 1784 3452 τὴν

219 3465 489 3537 γενομένην
524 3465 620 3519 τοῦ
650 3465 781 3520 λαοῦ
811 3467 867 3520 ἐν
892 3468 1168 3521 Βαϐυλῶνι
1217 3472 1492 3540 μετοικίαν
1512 3512 1527 3536 ,
1577 3472 1782 3544 ἀνήχθη

219 3557 285 3618 εἰς
302 3557 600 3626 Αἴγυπτον,
624 3560 718 3612 καὶ
750 3559 1071 3632 παρῴκησεν
1097 3561 1154 3615 ὲν
1178 3560 1417 3632 Τάφναις
1435 3580 1448 3593 ·
1479 3565 1640 3618 κάκεῖ
1655 3582 1786 3636 προ-

219 3647 443 3715 φητεύων
471 3647 849 3720 λιθοϐοληθεὶς
878 3650 969 3702 ὑπ’
994 3649 1170 3704 αὐτῶν
1206 3651 1466 3724 ἀνῃρέθη.

276 3739 436 3808 Καλὴ
473 3738 717 3806 σφόδρα
748 3739 846 3792 καὶ
880 3741 1218 3809 φοϐουμένη
1253 3741 1361 3794 τὸν
1402 3743 1633 3810 Κύριον.
1690 3744 1784 3798 Ἐκ

217 3829 309 3900 γὰρ
335 3829 426 3883 τοῦ
455 3831 682 3902 καρποῦ
719 3829 811 3883 τοῦ
839 3830 897 3896 ἐξ
915 3814 1094 3884 αὐτῶν
1116 3831 1517 3907 προϐλήματος,
1547 3834 1786 3899 εὐκόλως

219 3923 298 3975 καὶ
320 3924 376 3976 τὸ
408 3923 634 3994 δένδρον
656 3921 997 3992 γινώσκεται.
1035 3924 1262 3996 ’Ἄνδρες
1290 3925 1398 3995 γὰρ
1427 3924 1673 3990 εὐλαϐεῖς
1693 3927 1785 3980 καὶ

219 4011 436 4084 ζηλωταὶ
456 4014 560 4069 τοῦ
591 4015 754 4086 νόμου
780 4015 1157 4086 γεγενημένοι,
1200 4016 1327 4081 ἄξια
1355 4017 1489 4070 Θεοῦ
1529 4017 1694 4070 τέκνα
1727 4020 1785 4071 έν

217 4107 389 4178 κόσμῳ
419 4106 824 4180 προηγάγοντο·
853 4107 946 4160 τὸν
978 4107 1078 4178 μὲν
1101 4109 1388 4180 προφήτην
1405 4110 1496 4162 καὶ
1532 4109 1787 4182 μάρτυρα

217 4196 439 4267 Χριστοῦ
470 4197 873 4268 γεγενημένον,
907 4197 1004 4270 τὴν
1045 4197 1101 4251 δὲ
1149 4197 1398 4270 σώφρονα
1446 4199 1540 4252 καὶ
1592 4199 1785 4270 πιστὴν

217 4291 519 4362 εὑρημένην
551 4290 610 4344 ὲν
643 4289 954 4345 Βαϐυλῶνιο
993 4285 1062 4362 ἦς
1086 4291 1148 4344 τὸ
1181 4291 1373 4362 σεμνὸν
1419 4293 1512 4345 καὶ
1552 4292 1782 4362 σῶφρον,

216 4383 294 4435 τὸν
325 4383 600 4454 μακάριον
621 4381 813 4453 Δανιὴλ
845 4383 1127 4454 προφήτην
1170 4381 1466 4446 ἀπέδειξεν.

1883 1925 2011 1973 ante
2037 1913 2276 1987 primum
2307 1913 2507 1970 librum
2524 1913 2786 1984 scriptum
2811 1924 2916 1968 est.
2949 1910 3040 1969 Sic
3059 1913 3204 1968 enim
3225 1914 3458 1984 scripto-

1883 2023 2005 2063 rum
2041 2006 2288 2062 moribus
2314 2015 2688 2077 comparatum
2710 2013 2814 2070 est,
2835 2013 2896 2060 ut
2911 2019 3020 2061 non
3038 2020 3211 2076 pauca
3239 2005 3458 2062 inverso

1883 2103 2093 2171 ordine,
2119 2102 2424 2158 litterarum
2459 2100 2834 2158 monumentis
2877 2100 3195 2171 consignata
3217 2099 3457 2156 tradant.

1883 2194 2018 2253 Nam
2065 2197 2228 2253 etiam
2263 2196 2318 2253 in
2361 2195 2645 2267 prophetis
2674 2194 2940 2266 quasdam
2969 2195 3208 2251 visiones
3230 2193 3461 2250 oll'endi-

1881 2306 2006 2347 mus
2036 2289 2193 2362 prius
2222 2289 2562 2360 conscriptas
2586 2306 2603 2357 ;
2632 2303 2698 2344 ac
2726 2303 2921 2343 rursus
2955 2287 3009 2342 in
3037 2287 3327 2359 postremis
3368 2302 3458 2342 re-

1882 2383 2043 2448 latas,
2070 2396 2191 2452 quae
2219 2382 2397 2452 primo
2419 2380 2785 2450 contigerunt.
2811 2375 2868 2431 Id
2892 2391 3020 2432 vero
3044 2376 3306 2446 peculiari
3335 2374 3459 2446 Spi—

1883 2474 2022 2530 ritus
2053 2471 2278 2529 numine
2310 2487 2375 2526 ac
2405 2471 2636 2526 consilio
2667 2468 2850 2535 ﬁebat,
2880 2481 2950 2522 ne
2974 2467 3225 2524 diabolus
3259 2467 3459 2522 intellio

1883 2573 2032 2638 geret
2077 2580 2200 2636 quae
2247 2563 2524 2636 prophetis
2573 2562 2630 2619 in
2674 2562 2948 2634 parabolis
2993 2559 3138 2616 dicta
3179 2566 3354 2624 erant,
3392 2573 3458 2614 ac

1882 2661 2063 2716 denuo
2095 2659 2164 2715 ad
2197 2657 2534 2730 perdendum
2562 2671 2758 2713 rursus
2784 2655 3060 2712 hominem
3086 2653 3312 2725 laqueos
3338 2660 3460 2707 teu-

1881 2751 2053 2806 deret.

1920 2759 2053 2808 eret.

1953 2842 2018 2896 V.
2060 2843 2083 2897 1
2113 2861 2127 2898 :
2157 2841 2227 2896 Et
2253 2858 2437 2897 nomen
2462 2841 2576 2912 ejus
2603 2841 2836 2896 loacim.
2867 2839 2967 2896 Hic
2993 2838 3203 2896 Joacim
3251 2838 3457 2895 advena

1883 2935 2158 3008 Babylone
2196 2934 2393 3000 factus,
2441 2933 2749 2990 Susannam
2790 2949 3015 2990 uxorem
3068 2933 3236 2989 ducit.
3288 2931 3459 2986 Porro

1886 3025 2136 3081 Susanna
2156 3026 2265 3080 ﬁlia
2297 3033 2415 3080 erat
2442 3023 2642 3082 Hclciae
2659 3024 2984 3092 sacerdotis,
3005 3024 3124 3094 ejus
3149 3023 3242 3094 qui
3256 3022 3457 3077 librum

1885 3119 2019 3189 legis
2053 3118 2108 3172 in
2144 3117 2308 3172 domo
2339 3117 2555 3172 Domini
2603 3117 2839 3182 invenit,
2883 3116 3104 3188 quando
3143 3131 3235 3170 rex
3279 3113 3460 3170 Josias

1887 3208 2138 3265 mundari
2173 3207 2373 3265 Sancta
2400 3218 2714 3267 sanctorum
2747 3209 3002 3280 praecepit
3027 3211 3069 3260 ².
3115 3207 3248 3277 Ejus
3289 3205 3460 3260 frater

1882 3312 1965 3357 est
1985 3300 2247 3357 Jcremias
2277 3301 2562 3372 propheta,
2598 3301 2692 3370 qui
2720 3316 2830 3355 una
2860 3315 2985 3355 cum
3026 3299 3262 3356 residuis
3285 3339 3300 3365 ,
3329 3311 3453 3370 post

1885 3393 2413 3466 transmigrationem
2441 3393 2623 3463 populi
2654 3392 3003 3463 Babylonem,
3047 3390 3244 3447 ductus
3275 3401 3358 3448 est
3400 3392 3456 3445 in

1886 3485 2201 3558 Egyptum,
2237 3495 2292 3542 et
2326 3486 2592 3540 habitarit
2636 3485 2694 3540 in
2725 3483 2970 3554 Taphnis
2998 3483 3053 3552 ³;
3087 3484 3179 3538 ubi
3220 3484 3454 3555 prophee

1885 3588 2007 3634 tans
2030 3577 2300 3648 lapidibus
2323 3577 2554 3632 obrutus
2581 3577 2831 3632 sublatus
2860 3585 2963 3631 est.

1955 3735 2190 3789 Pulchra
2209 3733 2358 3788 valde
2381 3743 2431 3788 et
2461 3735 2644 3789 timens
2667 3733 2964 3787 Dominum.
2990 3730 3066 3785 Ex
3086 3731 3262 3787 fructu
3311 3733 3457 3786 enim

1887 3828 2104 3881 illorum
2139 3826 2421 3896 germinis,
2451 3824 2613 3880 facile
2654 3840 2874 3894 quoque
2903 3824 3065 3878 arbor
3085 3825 3454 3893 cognoscitur.

1887 3917 2002 3972 V’iri
2041 3917 2187 3972 enim
2227 3917 2465 3988 religiosi
2522 3918 2762 3987 legisque
2789 3918 3137 3974 temulatores
3182 3917 3342 3982 facti,
3376 3917 3462 3971 di-

1886 4026 2021 4082 gnos
2049 4010 2158 4066 Deo
2181 4011 2381 4066 liberos
2414 4011 2465 4066 in
2498 4011 2704 4066 mundo
2743 4012 3148 4081 produxerunt:
3199 4011 3455 4072 alterum.

1885 4105 2087 4159 Christi
2116 4104 2431 4174 prophetam
2463 4113 2626 4172 atque
2672 4114 2999 4172 martyrem;
3042 4103 3267 4159 alteram
3295 4143 3309 4165 ,
3361 4119 3452 4158 ca-

1887 4207 2025 4250 stam
2047 4197 2373 4268 intcgraaque
2400 4197 2520 4253 fidei
2548 4197 2821 4268 Babylone
2845 4207 3146 4267 repertam;
3184 4196 3341 4264 cujus
3361 4211 3460 4264 pu-

1887 4289 2073 4344 dicitia
2105 4298 2268 4359 atque
2300 4289 2525 4344 castitas
2553 4290 2693 4342 ratio
2721 4288 2842 4356 fuit,
2869 4299 2926 4343 ut
2957 4288 3316 4342 innotesceret
3356 4285 3460 4340 Da-

1886 4385 1994 4438 niel
2025 4385 2304 4454 propheta.

276 4477 378 4530 Kal
407 4472 496 4546 ἦν
533 4475 790 4544 Ἰωακεὶμ
817 4476 1111 4541 πλούσιος
1140 4473 1392 4544 σφόδρα.
1430 4475 1520 4525 Δεῖ
1551 4468 1643 4526 οὖν
1669 4476 1781 4526 ἐπι-

1965 4477 2022 4530 V.
2073 4477 2136 4530 4:
2200 4477 2267 4529 Et
2319 4486 2433 4531 erat
2487 4474 2697 4530 Joacim
2745 4475 2887 4528 dives
2941 4472 3112 4528 valde.
3156 4471 3456 4540 Quaerenda

218 4565 384 4637 ζητεῖν
409 4567 477 4620 τὸ
519 4565 724 4619 αῖτιοψ
768 4566 886 4631 πῶς
927 4565 1036 4637 γὰρ
1077 4564 1408 4637 αἰχμάλωτοι
1453 4565 1781 4638 ὑπάρχοντες

1892 4584 2050 4623 causa
2077 4578 2194 4624 est:
2231 4568 2505 4639 quomodo
2539 4568 2683 4622 enim
2725 4569 2818 4637 qui
2845 4567 3039 4638 captivi
3071 4575 3249 4623 essent
3277 4576 3329 4620 et
3358 4563 3462 4618 Ba~

221 4661 305 4712 καὶ
342 4656 629 4711 ὑπὸὃουλοι
672 4656 1034 4722 Βαϐυλωνίοις
1089 4656 1469 4727 γεγενημένοι,
1532 4657 1781 4726 ἦδύναντι

1892 4660 2124 4730 liyloniis
2171 4659 2499 4730 mancipati,
2538 4659 2593 4714 in
2634 4675 2802 4714 unum
2839 4659 3131 4714 convenire
3187 4667 3456 4730 poterant,

225 4751 574 4823 συνέρχεσθαι
617 4751 902 4805 ἐπιτοαυτδ
947 4750 1024 4815 ὡς
1062 4749 1428 4814 αὐτεξούσιοις
1485 4751 1573 4803 Ἐν
1615 4750 1781 4821 τούτῳ

1892 4753 2041 4821 quasi
2069 4753 2153 4806 sui
2181 4751 2325 4820 juris
2352 4761 2716 4822 essentatquc
2750 4752 2946 4806 liberi?
2967 4751 3084 4820 Qua
3114 4752 3166 4806 in
3200 4767 3259 4806 re
3281 4751 3459 4805 consi—

220 4843 292 4895 δεῖ
314 4846 477 4906 νοεῖν,
506 4843 590 4897 ὅτι
614 4842 926 4914 μετοικίσας
950 4844 1146 4908 αὐτοὺς
1170 4842 1642 4915 Ναϐουχοδονόσορ
1659 4884 1673 4906 ν
1703 4861 1781 4912 ‘17“

1892 4843 2186 4899 dcrandum
2217 4852 2321 4908 cst,
2346 4841 2939 4900 Nabuchodonosorem
2965 4845 3057 4916 qui
3084 4858 3177 4898 eos
3219 4852 3459 4898 transtu-

217 4933 545 5006 λανϐρὼπως
589 4937 770 5000 αὐτοῖς
796 4936 1083 5008 ἐχρήσατο,
1130 4935 1225 4988 καὶ
1257 4933 1553 5006 ἐπέτρεψεν
1591 4936 1787 4997 αὐτοὺς

214 5027 658 5098 συνερχομένους,
694 5027 871 5082 πάντα
896 5028 963 5080 τὰ
991 5025 1130 5081 κατὰ
1156 5027 1246 5080 τὸν
1273 5028 1434 5098 νόμον
1463 5027 1745 5099 πράσσειν.

280 5117 384 5170 Καὶ
420 5119 738 5186 μεσούσης
769 5116 880 5186 τῆς
931 5115 1158 5186 ’ἡμέρας
1208 5119 1622 5185 εἰσεπορεύετο
1664 5122 1784 5173 Σω-

211 5207 426 5265 σάννα.
474 5210 538 5263 Ἠ
579 5209 833 5264 Σωσάννα
874 5210 1245 5282 προετυποῦτο
1295 5213 1375 5273 εἰς
1413 5210 1508 5281 τὴν
1555 5210 1783 5281 Ἐκκλη-

214 5300 329 5353 σίαν
348 5318 362 5331 ο
405 5301 659 5372 Ἰωακεὶμ
680 5302 734 5355 δὲ
762 5303 790 5355 ὁ
817 5301 956 5373 ἀνὴρ
979 5301 1168 5371 αὐτῆς,
1209 5302 1288 5365 εἰς
1324 5301 1416 5354 τὸν
1444 5301 1676 5374 Χριστόν
1699 5319 1712 5332 ·
1759 5303 1788 5353 ὁ

209 5389 261 5444 δὲ
286 5391 638 5463 παράδεισος,
668 5395 700 5464 ὴ
731 5393 922 5463 κλῆσις
949 5393 1057 5446 τῶν
1081 5392 1274 5461 ἁγίων,
1299 5393 1375 5457 ὡς
1398 5393 1628 5464 δένδρων
1649 5411 1787 5464 καρ-

212 5481 470 5553 ποφὸρων
509 5484 565 5534 ὲν
601 5484 898 5556 Ἐκκλησία
941 5484 1380 5555 πεφυτευμένων.
1432 5483 1688 5538 Βαϐυλὼν
1730 5484 1786 5538 δέ

217 5576 359 5630 ἐστιν
383 5578 414 5629 ὁ
441 5575 640 5647 κόσμος
658 5593 670 5606 ·
696 5579 745 5630 οἱ
771 5578 828 5631 δὲ
854 5578 945 5631 δύο
971 5577 1352 5650 πρεσϐύτεροι,
1380 5579 1459 5642 εἰς
1488 5577 1658 5631 τύπον
1681 5578 1787 5630 δεί-

290 5740 305 5770 ¹
342 5739 484 5798 Dan.
521 5760 638 5799 xm.
715 5748 735 5778 ‘
767 5744 832 5800 IV
870 5747 1001 5816 Reg.
1046 5763 1153 5801 χχιι
1179 5787 1192 5811 ,
1227 5747 1278 5802 8.
1358 5748 1376 5780 ³
1409 5745 1518 5802 Jcr.
1546 5763 1700 5810 mn,
1729 5747 1781 5802 8.

1893 4939 2048 5002 lerat,
2081 4936 2265 4992 mitius
2288 4937 2393 4992 illis
2419 4953 2580 4992 usum
2601 4953 2741 5006 esse,
2770 4953 2834 4994 ac
2860 4937 3172 5008 permisisse
3189 4945 3249 4991 ut
3274 4936 3460 4992 liberis

1893 5029 2271 5092 conventibus,
2293 5039 2489 5084 cuncta
2513 5044 2581 5083 ex
2615 5029 2749 5100 legis
2778 5029 3079 5084 rationibus
3107 5036 3348 5098 agerent.

1965 5118 2029 5175 V.
2058 5119 2123 5173 7:
2159 5119 2224 5173 Et
2257 5123 2474 5175 meridie
2496 5121 2884 5193 ingrediebatur
2908 5118 3172 5175 Susanna.
3206 5118 3458 5173 Susanna

1894 5212 2194 5267 Ecclesiam
2254 5213 2666 5284 praﬂigurabat;
2721 5212 2931 5270 Joacim
2982 5227 3113 5266 vero
3169 5211 3252 5265 vir
3315 5210 3458 5280 ejus,

1891 5305 2190 5359 Christum.
2213 5302 2412 5360 Hortus
2431 5323 2528 5361 seu
2545 5305 3097 5376 pomarium,vocatio
3121 5312 3462 5364 sanctorum.

1893 5394 1984 5463 qui
2009 5403 2266 5464 tanquam
2308 5393 2602 5450 fructifera:
2627 5395 2850 5451 arbores
2878 5394 2932 5448 in
2960 5392 3200 5448 Ecclesia
3234 5393 3461 5463 plantati

1893 5495 2041 5541 sunt.
2080 5487 2343 5560 Babylon,
2377 5489 2614 5543 mundus
2645 5496 2747 5543 est.
2780 5487 2900 5541 Duo
2923 5486 3189 5551 seniores,
3215 5486 3355 5541 duos
3371 5500 3458 5554 po-

1893 5580 2052 5651 pulos
2109 5580 2342 5652 iigurare
2393 5589 2730 5639 noscuntur.
2788 5580 2882 5652 qui
2924 5579 3179 5638 Ecclesiae
3232 5579 3460 5636 insidias
