3860 6200
454 329 553 385 69!

1333 327 1385 383 S.
1428 327 1788 388 HIPPOLYTI
1823 330 1972 387 OPP.
2013 334 2190 391 PARS
2224 335 2264 390 Ι.
2307 369 2376 377 -
2412 336 2814 396 EXEGETICA.
3521 352 3602 409 692

452 450 710 512 struunt;
737 442 964 498 alterum
998 443 1090 514 qui
1115 460 1178 499 ex
1201 445 1639 514 circumcisione,
1673 448 1903 504 alterum
1925 467 1998 521 qu

2128 470 2346 507 κνυνται
2367 455 2475 535 τῶν
2498 456 2590 510 δύο
2632 456 2774 509 λαῶν
2809 456 2915 510 τῶν
2961 455 3380 513 ἐπιϐουλευόντων
3415 464 3470 532 τῇ
3513 466 3607 525 Ἐκ.

451 548 518 588 ex
554 533 824 605 gentibus.
855 530 992 587 Nam
1024 533 1169 603 quod
1201 535 1275 589 ait
1297 536 1393 607 (v.'
1409 536 1465 606 5)
1514 537 1676 605 fuisse
1710 541 2019 596 constitutos

451 623 633 694 pepuli
669 622 920 694 prwsides
960 634 1114 695 atque
1144 627 1390 694 judices;
1429 627 1550 682 ideo
1601 639 1712 692 est,
1745 631 1890 700 quod
1917 632 2020 687 hoc

451 733 579 772 aevo-
614 725 939 787 potestatem
980 728 1236 773 exercent
1261 719 1656 790 praesidemque
1691 721 1892 792 injuste
1931 723 2020 793 ju-

459 811 681 866 iicando
700 809 898 879 justos.

522 900 586 954 V.
613 901 676 956 8:
710 900 777 954 Et
803 902 1045 956 videbant
1069 919 1184 955 eam
1206 903 1310 956 duo
1325 904 1572 959 seniores.
1597 903 1723 960 Hart:
1743 908 2018 962 enimvero

448 991 759 1047 Iudaeorum
784 995 1057 1064 principes
1095 1011 1289 1050 nunce
1321 995 1459 1050 libro
1493 996 1680 1051 volunt
1711 1009 2014 1068 amputare,

450 1083 692 1140 dicentes
720 1100 783 1139 ea
815 1102 920 1138 non
959 1095 1109 1154 gesta
1152 1102 1273 1142 esse
1310 1085 1608 1159 Babylone:
1647 1105 1786 1159 quos
1826 1105 2017 1157 nempe

358 1171 368 1236 ξ
450 1175 650 1244 pudeat
681 1177 815 1231 tanti
864 1178 1008 1232 illius
1039 1193 1134 1248 per
1180 1179 1234 1233 id
1283 1186 1494 1249 tempus
1549 1180 1825 1235 seniorum
1886 1180 2017 1236 faci-

449 1284 618 1323 NOI'IS.

519 1355 584 1413 ν.
617 1359 683 1414 9:
720 1358 786 1412 Et
823 1369 1112 1414 everterunt
1149 1377 1359 1416 sensum
1393 1377 1567 1416 suum.
1599 1360 1702 1428 Qui
1733 1363 1878 1417 enim
1913 1362 2016 1418 Ec-

447 1449 625 1503 clesia':
691 1449 920 1505 insidias
984 1458 1305 1504 struxerunt
1367 1449 1595 1521 ejusque
1665 1461 2013 1522 corruptores

445 1539 687 1605 fuerunt,
715 1556 953 1610 quonam
985 1540 1148 1595 modo
1172 1541 1320 1611 justa
1355 1541 1604 1611 judicare
1640 1544 1888 1612 possint;
1921 1555 2015 1600 aut

443 1630 649 1684 mundo
672 1631 834 1685 corde
860 1631 914 1685 in
937 1632 1136 1686 coelum
1165 1632 1462 1700 suspicere,
1480 1633 1572 1703 qui
1599 1632 1830 1702 principi
1850 1633 2012 1702 hujus

443 1723 627 1776 saeculi
659 1724 768 1778 sint
803 1723 1095 1793 mancipati
1116 1725 1140 1778 ?

514 1812 579 1868 V.
617 1805 718 1868 ἴοι
750 1814 1023 1883 Erantque
1053 1815 1207 1868 ambo
1239 1833 1365 1887 erga
1394 1833 1508 1870 eam
1538 1817 1768 1871 stimulis
1799 1818 2006 1888 agitati.

443 1901 582 1959 Vere
611 1907 753 1960 enim
786 1905 958 1974 accipi
993 1914 1170 1974 potest
1198 1908 1340 1976 quod
1373 1909 1447 1962 ita
1471 1909 1674 1963 dictum
1715 1918 1796 1965 est
1823 1927 1837 1972 ;
1867 1926 2011 1966 sem-

440 2011 538 2065 per
567 1997 710 2050 enim
734 1997 844 2050 duo
868 1997 1076 2066 populi,
1111 1995 1324 2052 Satanae
1343 1999 1500 2069 cujus
1530 1999 1708 2054 alllatu
1751 2011 2005 2071 aguntur,

440 2089 677 2143 stimulis
699 2089 928 2153 incitati,
961 2091 1395 2158 persecutionum
1417 2093 1682 2162 procellas
1704 2109 2007 2150 aerumnas-

438 2194 545 2245 que
571 2179 830 2234 adversus
865 2178 1163 2235 Ecclesiam
1188 2184 1454 2238 suscitare
1480 2185 1730 2251 student;
1763 2200 2007 2253 quaeren-

441 2279 520 2322 tes
555 2285 661 2339 qua
695 2271 911 2325 demum
940 2273 1150 2327 ratione
1177 2289 1297 2328 eam
1340 2286 1714 2345 corrumpant,
1763 2291 1889 2331 cum
1921 2291 2005 2331 se-

437 2377 561 2416 cum
591 2363 689 2432 ipsi
715 2377 823 2416 non
852 2367 1214 2420 consentiant.

509 2455 576 2511 V.
605 2455 673 2509 12
699 2473 712 2508 :
746 2453 816 2509 Et
845 2457 1185 2510 observabant
1213 2456 1461 2511 sollicite.
1505 2456 1559 2512 Id
1588 2473 1716 2512 vero
1755 2459 2004 2514 animad-

436 2558 711 2604 vertamus
739 2563 914 2619 operaa
946 2551 1178 2618 pretium
1207 2560 1325 2605 est:
1354 2551 1614 2605 hactenus
1657 2551 1861 2605 scilicet
1904 2552 2004 2606 ob-

437 2655 655 2696 servare
681 2657 745 2696 ac
771 2643 1039 2697 curiosius
1068 2643 1345 2712 inquirere
1361 2659 1480 2712 qute
1503 2643 1556 2696 in
1579 2642 1816 2698 Ecclesia
1848 2643 1999 2708 ﬁant,

439 2746 555 2788 tum
584 2735 841 2804 gentiles,
894 2744 1007 2790 tum
1040 2751 1106 2788 ex
1147 2737 1563 2791 circumcisione
1609 2736 1857 2804 Judzeos;
1908 2739 2002 2807 qui

434 2826 685 2880 videlicet
699 2825 866 2881 falsos
891 2836 1054 2881 testes
1075 2825 1364 2882 adversum
1385 2842 1486 2882 nos
1503 2828 1998 2897 vclintsubornare,

435 2917 894 2986 quemadmodum
926 2918 1347 2986 aitApostolus:
1396 2917 1620 2986 Propter
1665 2929 1840 2971 autem
1875 2918 2001 2972 sub-

435 3009 761 3063 introductos
791 3010 954 3078 falsos
983 3011 1197 3079 fratres,
1245 3012 1335 3080 qui
1369 3011 1779 3065 subintroierunt
1825 3012 2001 3080 explo-

2124 544 2319 617 κλησία
2344 564 2356 576 ·
2390 543 2470 611 εἷς
2496 549 2614 619 μὲν,
2639 551 2666 601 ὁ
2688 549 2751 601 ἐκ
2773 549 3084 620 περιτομῆς,
3111 551 3201 603 καὶ
3226 545 3317 614 εἷς,
3347 555 3372 604 ὁ
3390 554 3440 618 ἐξ
3455 555 3606 613 ἐθνῶν.

2122 638 2195 691 Τὸ
2226 638 2334 710 γὰρ
2361 638 2535 708 λέγειν
2557 681 2572 704 ,
2603 641 3041 712 ἀπεδείχθησαν
3073 641 3339 711 ἄρχοντες
3367 645 3457 700 τοῦ
3487 652 3610 704 λαοῦ

2121 731 2216 783 καὶ
2245 732 2455 800 κριταί·
2499 734 2578 786 ὅτι
2615 734 2671 786 ἐν
2699 732 2778 803 τῷ
2808 733 2960 787 αίῶνι
2991 733 3159 804 τούτῳ
3183 734 3514 801 ἐξουσιάζούσι
3539 744 3612 796 καὶ

2121 822 2367 893 ἄρχουσι,
2393 824 2669 896 κρίνοντες
2700 825 2898 888 ἀδίκως
2928 825 3179 888 δικαίους.

2191 915 2297 970 Καὶ
2336 915 2629 984 ἐθεώρουν
2654 917 2846 984 αὐτὴν
2866 919 2918 970 ol
2941 915 3046 970 δύο
3061 917 3439 986 πρεσϐύτεροι.
3468 920 3616 975 Ταῦτα

2122 1005 2220 1075 μὲν
2241 1002 2333 1060 οὖν
2361 1011 2410 1060 οί
2441 1007 2549 1060 τῶν
2596 1008 2858 1061 Ἰουδαίων
2884 1009 3135 1079 ἄρχοντες
3159 1008 3416 1078 βούλονται
3433 1010 3513 1064 νῦν
3536 1030 3613 1065 πε-

2119 1098 2396 1169 ρικόπτειν
2429 1099 2529 1169 τῆς
2555 1099 2754 1169 βίϐλου,
2784 1100 3080 1168 φάσκοντες
3119 1100 3190 1170 μὴ
3220 1100 3448 1169 γενέσθαι
3479 1105 3618 1158 ταῦτα

2118 1193 2175 1243 ἐν
2205 1191 2481 1245 Βαϐυλῶνι
2499 1209 2513 1223 ο
2545 1192 2915 1263 αἰσχυνόμενοι
2945 1192 3008 1245 τὸ
3029 1193 3132 1246 ὑπὸ
3159 1193 3264 1246 τῶν
3291 1195 3619 1268 πρεσΰυτέρων

2111 1283 2232 1336 κατ’
2263 1285 2466 1337 ἐκεῖνον
2488 1285 2577 1338 τὸν
2610 1285 2797 1356 καιρὸν
2821 1285 3194 1356 γεγενημένον.

2183 1373 2293 1428 Kal
2321 1372 2685 1444 διέστρεψαν
2702 1376 2810 1428 τὸν
2836 1376 3064 1429 ἑαυτῶν
3102 1376 3266 1429 νοῦν.
3301 1377 3359 1428 Οἱ
3394 1376 3490 1448 γὰρ
3526 1380 3621 1432 ἐπί-

2116 1463 2298 1517 ϐουλοι
2345 1466 2440 1518 καὶ
2481 1465 2696 1537 φθορεῖς
2723 1466 2826 1536 τῆς
2861 1465 3182 1536 Ἑκκλησίας
3200 1465 3458 1535 γενόμενοι
3483 1508 3496 1529 ,
3528 1468 3621 1532 πῶς

2115 1555 2365 1610 δύνανται
2389 1557 2572 1611 δίκαια
2595 1558 2820 1629 κρίνειν,
2844 1559 2876 1630 ἢ
2901 1559 3120 1630 καθαρᾷ
3137 1559 3326 1630 καρδίᾳ
3349 1559 3623 1614 ἀναϐλέπειν

2113 1650 2194 1712 εἰς
2224 1647 2316 1700 τὸν
2341 1648 2586 1720 οὐρανὸν,
2610 1649 2685 1722 τῷ
2715 1651 2934 1723 ἄρχοντι
2967 1651 3063 1704 τοῦ
3086 1650 3272 1714 αἰῶνος
3289 1650 3461 1704 τούτου
3480 1651 3625 1706 δεδου-

2111 1739 2339 1810 λωμένοι
2359 1756 2375 1804 ;

2181 1831 2292 1887 Kal
2322 1827 2486 1901 ἦσαν
2514 1833 2831 1901 ἀμφότεροι
2860 1838 3354 1907 κατανενυγμένοι
3388 1838 3505 1904 περὶ
3542 1839 3626 1892 αὐ-

2109 1921 2238 1990 τῆς.
2271 1923 2382 1976 Καὶ
2405 1922 2512 1994 γάρ
2546 1923 2689 1977 ἔστιν
2735 1924 2950 1995 άληθῶς
2989 1927 3381 1982 καταλαῦέσθαι
3417 1929 3471 1981 τὸ
3501 1931 3627 2001 εἰρη-

2113 2017 2291 2088 μένον,
2326 2018 2408 2071 ὅτι
2441 2017 2670 2071 πάντοτε
2703 2019 2751 2072 oi
2785 2018 2877 2073 δύο
2908 2019 3029 2072 λαοὶ
3082 2020 3511 2091 κατανυσσόμενοι
3543 2021 3628 2076 ὑπὸ

2107 2110 2199 2164 τοῦ
2240 2112 2297 2164 ἐν
2330 2111 2514 2175 αὐτοῖς
2553 2111 2902 2182 ἐνεργοῦντος
2931 2115 3184 2178 Σατανᾶ,
3235 2113 3490 2184 βούλονται
3525 2115 3627 2168 διω-

2107 2202 2282 2272 γμοὺς
2332 2203 2428 2256 καὶ
2471 2202 2676 2272 θλίψεις
2717 2204 2950 2276 ἐγείρειν
2995 2205 3138 2259 κατὰ
3179 2207 3276 2276 τῆς
3329 2205 3624 2276 Ἐκκλησίας,

2106 2292 2393 2364 ζητοῦντες
2416 2295 2563 2360 ὅπως
2583 2295 2960 2369 διαφθείρωσιν
2983 2299 3176 2370 αὐτὴν,
3202 2299 3401 2362 ἑαυτοῖς
3426 2299 3494 2369 μὴ
3515 2315 3626 2369 συμ-

2105 2384 2426 2454 φωνοῦντες.

2173 2477 2285 2532 Kal
2341 2479 2781 2548 παρετηροῦντο
2837 2484 3179 2552 φιλοτίμως.
3231 2482 3542 2554 Σημειωι-έον
3580 2481 3627 2536 δὲ

2102 2569 2260 2624 τοῦτο
2284 2587 2298 2600 ο
2325 2570 2406 2624 δτι
2434 2570 2538 2634 ἓως
2565 2571 2659 2626 νῦν
2681 2573 3126 2646 παρατηροῦνται
3168 2575 3258 2630 καὶ
3284 2576 3626 2647 περιεργάζον-

2101 2678 2192 2715 ται
2215 2664 2282 2718 τὰ
2305 2666 2364 2717 ἐν
2389 2667 2458 2737 τῇ
2506 2665 2801 2739 Ἐκκλησία
2829 2668 3180 2740 πραττόμενα
3197 2709 3212 2734 ,
3241 2668 3293 2722 οἴ
3328 2686 3385 2722 τε
3410 2668 3464 2733 ἐξ
3491 2667 3630 2721 ἐθνῶν

2103 2754 2197 2806 καὶ
2219 2754 2270 2806 οἱ
2323 2755 2389 2809 ἐκ
2431 2758 2734 2830 περιτομῆς
2784 2759 3071 2824 Ἰουδαῖοι,
3116 2759 3418 2831 βουλόμενοι
3451 2758 3629 2829 ψευδεῖς

2104 2847 2388 2921 μάρτυρας
2415 2850 2741 2923 καταφέρειν
2770 2851 2891 2905 καθ’
2923 2852 3081 2924 ήμῶν
3104 2894 3120 2918 ,
3165 2854 3242 2918 ὡς
3282 2855 3310 2908 ὁ
3357 2850 3630 2913 Ἀπόστολος

2100 2937 2279 3008 λέγει’
2319 2940 2422 2995 Διὰ
2465 2940 2534 2995 δὲ
2575 2941 2716 3008 τοὺς
2755 2944 3270 3011 παρεισαχθέντας
3308 2939 3631 3011 ψευδοαδέλ-

2100 3049 2272 3101 φους,
2301 3033 2517 3099 οἵτινες
2544 3033 2833 3102 εἰσῆλθον
2861 3036 3328 3105 κατασκοπῆσαι
3357 3036 3463 3104 τὴν
3499 3035 3632 3089 ἐλευ-

436 3117 554 3154 rare
575 3100 867 3155 libertatem
890 3111 1146 3168 nostram,
1175 3118 1332 3171 quam
1363 3100 1608 3154 habemus
1646 3103 1700 3154 in
1720 3101 1929 3156 Christo
1951 3104 1994 3158 ⁵.

2111 3125 2303 3192 θερίαν
2326 3123 2512 3193 ἡμῶν,
2538 3124 2617 3193 ἦν
2642 3100 2861 3196 ἔχομεν
2888 3127 2958 3181 ἐν
2979 3100 3218 3197 Χριστῷ
3256 3100 3456 3197 Ἰησοῦ.

508 3191 717 3247 Peccati
765 3208 937 3264 genus
983 3202 1095 3258 est,
1132 3207 1373 3262 quaerere
1398 3200 1458 3246 ut
1503 3192 1718 3248 feminis
1753 3195 1999 3250 attendas

433 3301 697 3340 animum.

505 3398 569 3454 γ.
607 3399 703 3454 15:
737 3398 810 3453 Et
848 3401 1039 3469 egressi
1078 3409 1395 3454 recesserunt
1438 3418 1470 3453 α
1497 3417 1551 3454 se
1590 3411 1793 3454 mutuo.
1844 3399 2000 3467 Quod

427 3507 559 3560 ergo
588 3507 620 3545 a
662 3505 720 3546 se
747 3501 934 3546 mutuo
957 3499 1300 3547 recesserunt
1343 3491 1476 3548 hora
1505 3492 1739 3562 prandii,
1771 3492 1875 3547 hoc
1925 3494 2000 3546 si-

430 3584 650 3654 gnilieat
676 3584 730 3638 in
757 3583 988 3639 terrenis
1005 3584 1223 3654 quidem
1249 3584 1387 3639 cibis
1416 3600 1524 3639 non
1552 3586 1864 3640 consentire
1896 3584 1996 3640 Ju-

428 3674 578 3731 dteos
605 3689 729 3729 cum
751 3673 1036 3746 gentibus;
1066 3675 1122 3729 in
1157 3689 1320 3730 sensu
1343 3690 1472 3730 vero
1492 3675 1811 3745 cunctisque
1835 3677 1998 3731 rebus

430 3767 497 3821 ad
528 3767 710 3823 saeculi
744 3783 904 3823 usum
939 3767 1330 3837 spectantibus,
1353 3767 1641 3822 convenire
1665 3782 1730 3821 ac
1753 3781 1998 3822 commu-

430 3859 633 3914 nicare.

500 3949 565 4006 ν.
599 3950 700 4004 Νι
733 3951 803 4006 Et
831 3952 1157 4007 sciscitantes
1177 3952 1246 4005 ad
1271 3950 1491 4005 invicem
1511 3967 1749 4016 causam,
1771 3953 1995 4017 confessi

429 4051 552 4096 sunt
587 4061 736 4098 suam
769 4046 1268 4115 concupiscentiam.
1319 4043 1424 4114 Ipsi
1474 4044 1579 4099 sibi
1606 4045 1991 4110 vaticinantur,

429 4135 836 4192 sciscitantibus
885 4136 1309 4208 cogitationibus
1358 4134 1666 4191 reddituros
1715 4151 1837 4192 esse
1879 4136 1992 4191 Deo

425 4225 692 4280 rationem
724 4226 746 4256 ⁵
772 4241 870 4296 pro
891 4226 1143 4281 omnibus
1185 4240 1306 4296 quae
1337 4225 1698 4296 peccaverint,
1724 4226 1990 4295 quemad—

424 4317 650 4371 modum
685 4314 943 4371 Salomon
966 4317 1072 4371 ait:
1105 4315 1409 4371 Sciscitatio
1448 4313 1576 4386 (seu
1593 4317 1992 4387 examen)per-

426 4410 514 4463 det
551 4409 740 4474 impios
777 4409 818 4463 ⁸.
853 4409 1158 4479 Capiuntur
1181 4410 1326 4465 enim
1358 4409 1414 4464 lii
1445 4408 1832 4466 sciscitatione.

501 4499 560 4554 V.
604 4499 701 4554 15:
732 4499 873 4554 Dum
903 4499 1230 4556 observarent
1252 4501 1389 4555 diem
1409 4511 1610 4572 aptum.
1634 4500 1808 4568 Quem
1825 4517 1988 4572 porro
2021 4492 2064 4547 ῐ)

426 4592 532 4646 nisi
562 4591 706 4646 diem
736 4590 978 4657 Pasclne,
1027 4607 1123 4662 per
1148 4608 1306 4662 quem
1336 4593 1614 4648 lavacrum
1653 4595 1708 4648 in
1746 4594 1991 4664 pomario

421 4684 779 4740 :estuantibus
826 4694 1070 4754 paratur,
1120 4694 1173 4740 et
1215 4685 1465 4742 Susanna
1518 4689 1739 4755 lavans,
1785 4688 1986 4742 munda

423 4778 533 4833 Deo
558 4793 757 4848 sponsa
783 4779 1023 4834 sistitur?

491 4871 625 4926 Cum
651 4872 855 4927 duabus
876 4873 1002 4928 solis
1030 4874 1240 4943 puellis.
1291 4872 1519 4941 Quando
1562 4876 1705 4930 enim
1749 4874 1988 4931 Ecclesia

418 4981 486 5020 ex
523 4980 676 5020 more
699 4966 848 5034 cupit
888 4966 1160 5020 lavacrum
1190 4966 1487 5035 suscipere,
1521 4968 1657 5022 duas
1683 4968 1988 5023 necessario

415 5059 645 5112 ancillas
687 5057 912 5113 comites
952 5056 1132 5111 habet.
1176 5055 1386 5112 Etenim
1437 5057 1672 5112 Ecclesia
1701 5073 1794 5128 per
1826 5060 1987 5113 tidem

418 5151 470 5202 in
498 5143 780 5205 Christum
811 5158 865 5204 et
881 5163 977 5221 per
1003 5147 1322 5204 cliaritatem
1353 5149 1409 5203 in
1434 5148 1604 5204 Deum
1627 5147 1874 5204 confessa
1899 5165 1985 5204 re-

416 5241 550 5312 cipit
578 5241 878 5298 lavacrum.

493 5416 562 5473 V.
609 5419 705 5474 18:
770 5421 1020 5493 Dixitque
1071 5423 1290 5494 puellis:
1345 5423 1543 5494 Aﬁ’erte
1595 5421 1725 5474 milii
1789 5422 1980 5475 oleum.

414 5511 650 5568 Proinde
671 5515 802 5570 ﬁdes
831 5525 885 5570 et
913 5517 1171 5584 Charitas,
1190 5517 1370 5572 oleum
1395 5525 1448 5570 et
1475 5524 1771 5586 smegmata
1794 5515 1982 5570 lavano

420 5607 566 5661 tibus
597 5615 808 5672 parant.
850 5606 1110 5672 Quaenam
1143 5625 1274 5664 vero
1306 5620 1601 5682 smegmata
1621 5651 1635 5676 ,
1675 5611 1781 5666 nisi
1820 5611 1983 5670 Verbi

361 5769 392 5796 -ο
473 5757 507 5828 εδ
533 5755 652 5813 Gal.
682 5768 742 5822 ιι,
775 5753 825 5806 4.
903 5756 923 5787 ³
965 5755 1123 5812 Rom.
1169 5776 1240 5830 ιι,
1272 5761 1356 5816 15.
1436 5767 1456 5796 ι’
1483 5761 1647 5818 Prov.
1683 5779 1738 5834 ι,
1768 5763 1855 5819 32.

2171 3210 2323 3278 Εἶδος
2339 3214 2631 3287 ἁμαρτίας,
2659 3214 2721 3269 τὸ
2747 3217 2926 3288 ζητεῖν
2952 3217 3243 3289 προσέχειν
3267 3217 3512 3288 γυναιξίν.

2171 3397 2278 3452 Kal
2295 3397 2650 3466 ἐξελθόντες
2662 3397 3148 3468 διεχωρίσθησαν
3158 3398 3258 3453 ἀπ’
3275 3395 3555 3466 ἀλλήλων.
3570 3390 3632 3446 Th

2097 3487 2210 3553 οὖν,
2258 3489 2738 3561 διεχωρίσθησαν
2760 3491 2862 3546 ἀπ’
2879 3489 3172 3558 ἀλλήλων
3198 3490 3274 3560 τῇ
3291 3487 3406 3558 ὥρᾳ
3427 3485 3520 3542 τοῦ
3530 3486 3633 3553 ἀρί-

2097 3600 2272 3650 στου,
2299 3581 2457 3637 τοῦτο
2481 3582 2765 3654 σημαίνει·
2791 3582 2874 3636 ὅτι
2904 3582 2962 3635 ὲν
3002 3582 3102 3652 μὲν
3131 3585 3244 3645 τοῖς
3269 3579 3502 3652 βρώμασι
3540 3579 3630 3636 τοῖς

2097 3673 2362 3744 ἐπιγείοις
2383 3674 2434 3727 οἱ
2479 3673 2722 3728 Ἰουδαῖοι
2751 3672 2860 3728 τῶν
2884 3672 3053 3728 ἐθνῶν
3085 3675 3149 3728 οὐ
3169 3671 3528 3745 συμφωνοῦσιν
3547 3686 3558 3698 ·
3584 3670 3632 3720 ὲν

2095 3766 2151 3820 δὲ
2188 3768 2307 3830 ταῖς
2329 3765 2581 3837 θεωρίαις
2609 3765 2705 3819 καὶ
2736 3764 2899 3819 παντὶ
2922 3764 3172 3836 κοσμικῷ
3207 3764 3498 3838 πράγματι,
3528 3757 3631 3813 τοὺ-

2093 3875 2208 3922 τοις
2239 3858 2616 3931 συνερχόμενοι
2640 3857 3002 3913 κοινωνοῦσιν.

2165 3949 2274 4004 Καὶ
2302 3948 2682 4016 ἁνετάζοντες
2702 3948 3016 4016 ἀλλήλους
3044 3948 3164 4017 τὴν
3199 3947 3419 4011 αἰτίαν,
3443 3941 3634 4014 ὡμολό-

2094 4055 2295 4113 γησαν
2325 4040 2440 4111 τὴν
2465 4041 2804 4110 ἐπιθυμίαν.
2826 4041 2990 4094 Αὐτοὶ
3031 4040 3251 4105 ἑαυτοῖς
3305 4034 3634 4111 προφητεύον-

2091 4149 2202 4197 ται,
2233 4131 2309 4196 ὡς
2337 4131 2689 4204 μελλήσουσιν
2713 4131 2818 4185 ὑπὸ
2837 4130 3113 4203 λογισμῶν
3153 4130 3462 4202 ἐταζόμενοι
3503 4126 3632 4193 λόγον

2092 4223 2276 4278 δοῦναι
2303 4222 2383 4295 τῷ
2405 4221 2524 4294 Θεῷ
2577 4223 2717 4296 ὑπὲρ
2747 4223 2927 4294 πάσης
2972 4223 3248 4295 ἁμαρτίας
3293 4220 3361 4296 ἧς
3402 4219 3630 4293 ἔπραξαν,

2091 4315 2168 4380 ὡς
2196 4313 2445 4386 Σολομὼν
2470 4314 2618 4385 λέγει
2642 4332 2655 4346 ·
2687 4314 2970 4385 Ἐτασμὸς
2998 4314 3066 4368 δὲ
3079 4316 3320 4382 ἀσεϐεῖς
3342 4313 3478 4369 ὀλεῖ.
3516 4309 3631 4364 Ἀλί-

2097 4424 2314 4462 σκονται
2343 4406 2449 4480 γὰρ
2474 4400 2619 4461 οὗτοι
2639 4406 2744 4461 ὑπὸ
2774 4407 3031 4471 ἐτάσεως.

2175 4502 2270 4554 Ἐν
2336 4499 2416 4566 τῷ
2454 4499 2813 4569 παρατηρεῖν
2861 4500 3082 4566 αὐτοὺς
3123 4500 3353 4570 ἡμέραν
3397 4499 3628 4552 εὔθετον.

2093 4595 2257 4650 Ποίαν
2289 4594 2527 4660 εὔθετον,
2553 4593 2714 4664 ἀλλ’ἢ
2747 4593 2846 4665 τὴν
2873 4593 2966 4646 τοῦ
2997 4593 3208 4663 Πάσχα,
3233 4586 3420 4669 ἐνῇτδ
3439 4587 3632 4658 λουτρὸν

2093 4693 2153 4744 ἐν
2181 4689 2491 4761 παραδείσῳ
2519 4691 2632 4751 τοῖς
2677 4687 2982 4758 καιομένοις
3001 4685 3341 4757 ἐτοιμάζεται
3362 4724 3378 4748 ,
3413 4682 3503 4737 καὶ⁷
3538 4681 3632 4732 Σω-

2097 4782 2262 4836 σάννα
2287 4780 2677 4851 ἁπολουομένη,
2699 4777 2914 4849 καθαρά
2932 4777 3116 4849 νύμφη
3150 4777 3270 4848 Θεῷ
3295 4775 3629 4848 παρίσταταις

2162 4875 2325 4927 Μετά
2366 4873 2474 4927 δύο
2498 4872 2690 4941 μόνον
2726 4871 3043 4939 κορασίων.
3100 4870 3296 4923 Ἠνίκα
3347 4868 3452 4938 γὰρ
3484 4866 3544 4919 ἂν
3581 4862 3630 4913 τὺ

2091 4965 2232 5020 κατὰ
2263 4964 2488 5036 σύνηθες
2512 4964 2748 5037 ἐπιθυμῇ
2775 4963 2992 5034 λουτρὸν
3023 4961 3204 5014 λαϐεῖν
3242 4963 3278 5033 ἡ
3342 4954 3627 5025 Ἐκκλησία,

2089 5059 2148 5125 ἐξ
2179 5057 2422 5128 ἀνάγκης
2447 5056 2621 5130 ταύτῃ
2645 5056 2738 5110 δύο
2775 5051 3063 5118 παιδίσκας
3101 5054 3177 5108 δεῖ
3210 5049 3625 5125 παρακολουθεῖν·

2087 5149 2174 5204 διὰ
2200 5150 2304 5222 γὰρ
2324 5150 2422 5220 τῆς
2444 5149 2680 5212 πίστεως
2701 5150 2781 5212 είς
2801 5147 3054 5219 Χριστὸν,
3073 5148 3166 5200 καὶ
3197 5146 3289 5200 διὰ
3315 5146 3414 5216 τῆς
3435 5143 3628 5212 ἀγάπης

2087 5243 2184 5312 τῆς
2217 5241 2352 5312 πρὸς
2370 5241 2461 5294 τὸν
2486 5241 2618 5294 Θεὸν
2635 5239 2900 5311 λαμϐάνει
2923 5238 2985 5292 τὺ
3003 5238 3221 5310 λουτρὸν
3259 5235 3576 5309 ὁμολογοῦσα
3598 5231 3626 5301 ἡ

2101 5335 2409 5406 Ἐκκλησία.

2159 5428 2268 5483 Kal
2317 5425 2447 5483 εἷπε
2499 5427 2630 5495 τοῖς
2678 5429 3012 5497 κορασίοις·
3081 5425 3387 5497 Ἐνέγκατε
3437 5420 3507 5488 δή
3540 5434 3628 5489 μοι

2085 5523 2309 5579 ἔλαιον.
2355 5523 2444 5588 Ὠς
2469 5521 2648 5586 πίστις
2671 5523 2762 5576 καὶ
2782 5523 2967 5591 ἀγάπη
2997 5521 3058 5575 τὸ
3078 5520 3251 5575 ἔλαιον
3294 5519 3387 5572 καὶ
3419 5515 3486 5571 τὰ
3508 5512 3628 5585 σμή-

2087 5634 2273 5690 γματα
2302 5618 2414 5680 τοῖς
2444 5615 2748 5688 λουομένοις
2787 5613 3150 5685 ἑτοιμάζουσι.
3198 5612 3331 5668 Τίνα
3370 5611 3426 5664 δέ
3472 5605 3533 5680 ἦν
3569 5601 3626 5658 τὰ
