3852 6208
188 345 268 402 595
1260 324 1680 382 FRAGMENTA
1718 322 1786 376 IN
1823 324 2184 382 DANIELEM.
2296 363 2300 368 -

3220 324 3324 383 σοι

198 465 449 537 σμῆγματα,
472 454 573 509 ἀλλ’
597 453 628 524 ἢ
657 450 749 505 τοῦ
783 451 935 519 ἁγίου
964 449 1135 518 Λόγου
1161 448 1401 513 ἐντολαῖς
1450 447 1501 500 τί
1533 447 1587 501 δὲ
1612 446 1664 537 τὲ

1774 449 2069 504 mandata?
2102 448 2372 518 quodnam
2400 456 2577 503 autem
2598 447 2798 512 oleum,
2824 446 2930 503 nisi
2950 445 3121 502 virtus
3150 443 3322 515 Spiri-

198 533 347 616 ελαιον,
381 549 479 603 ἀλλ’
518 547 549 617 ἢ
594 543 699 613 τοῦι
726 543 883 611 ἁγίου
926 541 1237 611 Πνεύματος
1282 538 1536 609 δύναμις;
1584 533 1672 600 αἷς

188 646 301 721 μετὰ
329 641 379 696 τὸ
411 637 610 710 λουτρὸν
645 636 721 699 ὡς
756 636 928 705 μύρου
971 633 1209 704 χρίονται
1237 633 1285 685 οἱ
1311 630 1666 693 πιστεύοντες.

186 736 329 791 Ταῦτα
349 732 498 785 πάντα
517 725 825 781 διετυποῦτο
845 724 932 777 διὰ
951 725 1053 794 τῆς
1082 723 1356 794 μακαρίας
1387 721 1669 791 Σωσάννης

182 830 231 882 δι’
253 825 393 897 ἡμᾶς’
417 822 494 875 ἴνα
514 818 604 874 νῦν
623 820 805 889 ἡμεῖς,
830 818 878 870 οἱ
901 815 979 887 τῷ
1015 815 1134 885 Θεῷ
1178 814 1538 879 πιστεύοντες,
1593 814 1668 884 μὴ

180 920 235 981 ὡς
263 916 361 983 ξένα
384 912 441 967 τὰ
464 911 551 966 νῦν
576 910 837 981 γενόμενα
858 910 914 961 ἐν
941 911 1009 979 τῇ
1045 906 1337 978 Ἐκκλησία
1369 908 1666 977 νοήσωμεν,

180 1010 263 1063 ἀλλ’
289 1009 314 1078 ῆ
342 1005 495 1059 πάντα
530 1001 703 1056 ταῦτα
746 1000 835 1053 διὰ
880 998 986 1052 τῶν
1030 996 1374 1068 πατριαρχῶν
1412 1013 1669 1066 προτετύ-

180 1099 360 1168 πωμένα
384 1092 764 1162 πιστεύσωμεν,
791 1088 931 1143 καθὰ
956 1089 1049 1143 καὶ
1074 1091 1103 1142 ὁ
1146 1087 1459 1152 ’Δπόστολος
1489 1088 1663 1155 λέγει’

185 1192 329 1246 Ταῦτα
350 1188 409 1242 δὲ
432 1184 685 1251 τυπικῶς
722 1182 1074 1239 συνέϐαινεν
1118 1182 1395 1247 ἐκεινοις·
1444 1179 1667 1249 ἐγράφη

180 1283 228 1335 δὲ
254 1281 375 1349 πρὸς
408 1276 724 1332 νουθεσίαν
767 1273 969 1344 ἡμῶν,
996 1276 1083 1341 εἰς
1112 1273 1221 1341 οὓς
1259 1273 1333 1327 τὰ
1372 1272 1514 1340 τέλη
1552 1270 1668 1327 τῶν

176 1370 350 1423 αἰώνων
374 1367 764 1435 κατήντησαν.

223 1460 307 1515 Καὶ
334 1459 575 1528 ἐξῆλθον
600 1460 749 1514 κατὰ
774 1460 878 1527 τὰς
902 1460 1159 1530 πλαγίας
1202 1458 1402 1527 θύρας.
1443 1459 1665 1529 Προμη-

175 1550 361 1615 vicerat,
391 1553 463 1604 ὅτι
486 1553 513 1604 ό
537 1551 863 1622 βουλόμενος
889 1551 981 1605 τοῦ
1007 1554 1064 1604 ἐν
1086 1550 1163 1621 τῷ
1193 1550 1504 1621 παραδείσῳ
1538 1548 1665 1602 ὕδα-

162 1643 237 1703 ’τος
262 1641 570 1711 μπαλαὸεἶν,
602 1641 971 1708 ἀποτάξασθαι
997 1642 1093 1713 μὲν
1118 1640 1317 1711 ὀφείλει
1348 1644 1414 1712 τῇ
1440 1640 1667 1711 πλατείᾳ

173 1732 300 1803 θύρςυ
323 1732 397 1785 διὰ
416 1732 467 1784 δὲ
498 1733 602 1803 τῆς
633 1734 829 1803 στενῆς
855 1734 950 1786 καὶ
980 1731 1342 1802 τεθλιμμένης
1386 1730 1661 1785 εἰσελθεῖν.

216 1825 299 1878 Kal
323 1826 419 1878 οὐκ
451 1824 618 1879 εἶδον
635 1824 777 1890 τοὺς
808 1824 1263 1893 πρεσϐυτέρους.
1312 1826 1518 1893 ’Ὠσπερ
1559 1823 1666 1894 γὰρ

168 1916 253 1968 τότε
273 1915 407 1986 ἐντῷ
437 1916 753 1988 παραδείσῳ
799 1916 1101 1987 συνεκρύϐη
1134 1920 1161 1971 ό
1209 1916 1448 1980 διάϐολος
1486 1919 1543 1970 ἐν
1588 1917 1667 1988 τῷ

166 2005 268 2073 ὖφει,
288 2005 518 2059 οὕτωκαὶ
562 2004 656 2059 νῦν
687 2008 744 2059 ἐν
778 2010 890 2070 τοῖς
937 2007 1325 2078 πρεσϐυτέροις
1358 2006 1663 2078 ἐγκρυὸεὶς,

166 2097 412 2167 τὴνέαυτοῦ
436 2097 788 2169 ἐνεκίσσησεν
817 2097 1129 2168 ἐπιθυμίαν,
1161 2099 1249 2153 ἵνα
1278 2098 1435 2153 πάλιν
1464 2099 1529 2151 ἐκ
1550 2098 1667 2152 δευ-

163 2186 279 2256 τέρου
303 2186 577 2260 διαφθείρῃ
608 2187 707 2259 τὴν
740 2185 904 2241 Εὕαν.

222 2278 337 2332 Ἰδοὺ
373 2282 429 2333 al
462 2281 639 2347 θύραι
678 2278 783 2332 τοῦ
826 2279 1188 2347 παραδείσου
1212 2279 1563 2336 κέκλεινται.
1591 2275 1663 2333 Ὦ

163 2370 426 2441 παρανόμων
439 2371 722 2442 ἀρχόντων
752 2372 845 2424 καὶ
873 2371 1179 2443 διαϐολικῆς
1192 2372 1469 2443 ἐνεργείας
1495 2389 1664 2443 μεμε-

164 2463 420 2532 στωμένων·
445 2463 626 2517 ταῦτα
658 2463 785 2533 ὑμῖν
806 2464 1089 2536 παρέδωκε
1125 2464 1399 2535 Μωῡσῆς;
1439 2464 1579 2519 οὕτω
1607 2465 1665 2519 δὲ

161 2552 223 2604 τὸν
254 2554 393 2624 νόμον
411 2554 879 2624 ἀναγινώσκοντες
901 2555 1120 2628 ἐτέρους
1142 2555 1417 2609 διδάσκετε
1438 2573 1453 2622 ;
1498 2556 1554 2611 '0
1575 2556 1665 2609 λέ-

160 2665 238 2714 γων
266 2650 326 2719 μὴ
343 2648 607 2718 φονεύειν,
640 2649 802 2712 αὐτὸς
827 2647 1101 2719 φονεύεις;
1144 2648 1201 2703 '0
1230 2649 1402 2718 λέγων
1438 2649 1512 2720 μὴ
1543 2651 1664 2703 ἐπι-

160 2731 316 2809 Θυμείν,
341 2741 494 2804 αὐτὸς
520 2740 629 2811 τὴν
656 2743 888 2808 γυναῖκα
931 2738 1025 2793 τοῦ
1071 2738 1294 2810 πλησίον
1335 2738 1664 2811 διαφθείρειν

158 2828 286 2893 θέλεις
303 2848 316 2896 ;

204 2924 289 2979 Καὶ
302 2924 654 2995 «ὲν-ἐπιθυμίᾳ
676 2937 791 2978 σσυ
808 2922 1081 2993 ὲσμέν.Τί
1100 2922 1437 2989 ἀναπείθετε,
1454 2922 1661 2993 ἄνομοι,

156 3016 348 3087 σώφρονα
370 3018 459 3071 καὶ
481 3018 750 3087 ἀκέραιον
776 3014 950 3087 ψυχὴν
969 3014 1147 3083 λόγοις
1163 3013 1434 3083 ψευδέσιν,
1457 3013 1544 3067 ἵνα
1564 3013 1663 3083 τὴν

152 3110 307 3163 οἰκείαν
331 3109 627 3181 ἐπιθυμίαν
663 3110 893 3180 στήσητε
914 3125 928 3173 i
1164 3108 1175 3120 ’

200 3204 254 3254 Et
273 3202 329 3255 δὲ
348 3202 449 3271 μὴ,
478 3198 1097 3269 καταμαρτυρήσομέν
1124 3213 1258 3253 σου.
1291 3197 1495 3265 Ταῦτα,
1512 3198 1664 3269 ὑμῶν

154 3289 199 3343 τὰ
220 3292 293 3345 ἀπ’
310 3295 473 3366 ἀρχῆς
491 3293 650 3347 δεινὰ
672 3292 1010 3363 τολμήματα,
1042 3291 1131 3345 διὰ
1152 3291 1245 3345 τὸν
1275 3292 1369 3345 ἀπ’
1410 3291 1583 3363 ἀρχῆς
1609 3292 1667 3345 ἐν

152 3382 242 3450 Qui»:
274 3385 693 3455 ἐμφωλεύσαντα
735 3384 953 3438 πλάνον.
977 3385 1085 3437 Ἤν
1143 3382 1251 3454 γὰρ
1308 3383 1476 3446 ὅντως
1530 3381 1665 3453 μετὰ

151 3479 300 3547 τειύτης
320 3480 602 3541 νεανίσκος
627 3477 717 3531 ἀπ’
748 3476 990 3547 οὐρανῶν
1018 3476 1279 3546 ὑμέτερος
1305 3474 1402 3545 (1),
1433 3474 1493 3526 ού
1530 3491 1662 3543 συγ-

149 3565 370 3636 γινόμενος
392 3568 557 3639 αύτῇ,
588 3566 723 3620 ἀλλὰ
756 3564 1156 3637 συμμαρτυρῶν
1185 3566 1250 3631 τῇ
1278 3563 1523 3634 ἀληθείᾳ.

194 3741 283 3793 Kal
311 3740 720 3805 ἀνεστέναξεν
748 3738 1053 3794 Σωσάννα.
1083 3737 1297 3792 Τούτων
1317 3732 1408 3791 οὖν
1435 3734 1547 3790 τῶν.
1573 3738 1667 3807 ρη-

149 3830 287 3899 natm
316 3834 601 3888 ἀκούσασα
630 3836 664 3904 ὴ
704 3831 945 3904 μακαρία
976 3831 1251 3893 Σωσάννα,
1285 3827 1553 3899 κατενύγη
1569 3827 1665 3899 τὴν

142 3924 344 3991 καρδίαν,
380 3928 476 3982 καὶ
530 3924 743 3996 ἕφραξε
775 3924 835 3977 τὸ
861 3923 1031 3994 στόμα
1057 3963 1072 3989 ,
1122 3922 1195 3994 μὴ
1235 3919 1527 3991 βουλομένη
1561 3919 1667 3973 ὑπὸ

142 4012 309 4083 ἀνόμων
335 4018 727 4089 πρεσϐυτέρων
759 4018 1059 4090 μιανθῆναι.
1098 4020 1252 4073 Ἔστι
1273 4021 1330 4074 δὲ
1366 4022 1463 4076 καὶ
1500 4038 1667 4076 κατα-

140 4100 345 4161 λαϐέσθαι
366 4109 594 4182 ἀληθῶς
620 4111 681 4162 τὸ
706 4109 916 4180 συμϐὰν
939 4112 1031 4164 ἐπὶ
1057 4114 1121 4182 τῇ
1168 4112 1443 4185 Σωσὰννῃ.
1496 4113 1666 4167 Τοῦτο

140 4194 220 4264 γὰρ
243 4199 325 4251 νῦν
350 4203 443 4255 καὶ
475 4202 580 4254 ἐπὶ
598 4203 664 4272 τῇ
716 4201 1008 4273 Ἐκκλησία
1048 4203 1422 4275 πληρούμενον
1462 4204 1661 4277 εὕροις.

147 4282 292 4341 Ἡνίκα
314 4290 418 4363 γὰρ
443 4293 495 4345 oi
524 4290 624 4345 δύο
654 4292 773 4345 λαοὶ
798 4293 1213 4365 συμφωνήσουσι
1244 4294 1546 4366 διαφθεῖραί
1578 4313 1663 4348 τι-

137 4380 313 4439 ναςτῶν
336 4383 529 4451 ἁγίων,
581 4384 1019 4455 παρατηρούνται
1049 4384 1264 4456 ἡμέραν
1294 4384 1530 4451 εὕθετον,
1569 4386 1663 4440 καὶ

1774 552 1858 596 tus
1889 542 2095 596 sancti?
2122 543 2319 612 quibus
2335 551 2455 613 post
2482 543 2756 597 lavacrum
2774 552 3031 612 tanquam
3051 547 3328 610 unguento

1772 634 1955 691 ﬁdeles
1978 646 2370 708 perunguntur.
2400 637 2603 692 Cuncta
2626 636 2738 690 haec
2766 650 2860 706 per
2878 636 3091 689 beatam
3114 632 3325 687 Susan-

1772 742 1897 781 nam
1924 729 2098 783 nostri
2143 743 2308 784 causa
2348 729 2754 799 ﬁgurabantur:
2804 741 2872 781 ne
2904 726 3067 781 modo
3096 725 3325 789 scilicet,

1770 820 1862 889 qui
1892 817 2002 874 Deo
2030 820 2323 886 credimus,
2349 834 2413 874 ea
2442 834 2562 889 quae
2603 817 3086 887 impraesentiarum
3135 816 3188 870 in
3225 813 3329 869 Ec-

1770 910 1933 966 clesia
1959 902 2114 975 ﬁunt,
2152 919 2408 981 tanquam
2448 926 2584 966 nova
2628 926 2691 965 ac
2730 909 3013 980 peregrina
3048 906 3328 962 existime-

1771 1018 1923 1065 mus;
1954 1003 2047 1058 sed
2079 1011 2273 1059 cuncta
2299 1003 2413 1057 haec
2443 1002 2569 1058 olim
2596 1016 2691 1075 per
2718 1000 3057 1071 patriarchas
3099 998 3325 1069 ﬁgurata

1772 1094 2091 1158 credamus,
2162 1094 2620 1164 quemadmodum
2659 1093 2821 1147 etiam
2875 1090 3166 1160 Apostolus
3215 1089 3324 1143 ait:

1776 1183 1905 1240 Haec
1934 1184 2297 1255 contingebant
2327 1184 2435 1238 illis
2462 1185 2515 1238 in
2536 1185 2756 1255 ﬁguris;
2784 1183 2980 1253 scripta
2998 1191 3174 1235 autem
3203 1190 3328 1233 sunt

1772 1275 1841 1328 ad
1874 1284 2110 1329 nostram
2137 1275 2572 1343 exhortationem,
2593 1275 2650 1330 in
2667 1292 2795 1346 quos
2817 1276 2944 1345 lines
2967 1273 3147 1328 saeculi
3178 1271 3326 1325 deve-

1768 1377 1953 1423 nerunt
1990 1366 2032 1420 '.

1842 1459 1908 1514 ν.
1939 1461 2033 1515 18ε
2076 1459 2147 1514 Et
2175 1460 2413 1515 exierunt
2456 1476 2548 1530 per
2572 1459 2852 1529 posticum.
2893 1457 3098 1527 Nempe
3138 1457 3325 1527 praesi-

1770 1562 2020 1622 gnantes,
2053 1554 2145 1624 qui
2184 1553 2312 1608 velit
2340 1553 2395 1608 in
2417 1554 2663 1623 pomario
2702 1568 2841 1623 aqua
2880 1552 3102 1622 intingi,
3131 1552 3327 1606 debere

1772 1643 2022 1696 nuntium
2046 1642 2325 1697 remittere
2355 1652 2524 1712 portae
2564 1643 2686 1698 lata:
2709 1643 2759 1711 ³,
2797 1651 2851 1698 et
2892 1658 2989 1712 per
3026 1652 3229 1697 arctam
3272 1649 3327 1696 et

1768 1744 2170 1806 eoangustatam
2206 1735 2435 1805 ingredi.

1838 1826 1907 1881 Et
1954 1844 2058 1881 non
2096 1828 2336 1882 viderunt
2385 1828 2630 1881 seniores.
2672 1823 3137 1892 Quemadmodum
3178 1825 3326 1880 enim

1767 1928 1897 1974 tunc
1922 1919 1976 1972 in
2002 1920 2249 1989 pomario
2276 1918 2592 1990 (paradiso)
2628 1917 2840 1972 delituit
2862 1917 3105 1972 diabolus
3132 1917 3184 1969 in
3213 1932 3328 1971 ser-

1765 2018 1926 2083 pente
1949 2012 2001 2077 ⁹;
2028 2012 2108 2066 sic
2139 2026 2284 2066 nunc
2312 2025 2529 2080 quoque
2556 2010 2609 2064 in
2636 2009 2941 2066 senioribus
2969 2009 3205 2071 latitans,
3225 2025 3326 2064 sua

1765 2103 1891 2158 illos
1920 2102 2359 2173 concupiscentia
2389 2101 2656 2169 accendit,
2688 2108 2747 2155 ut
2780 2116 2973 2156 rursus
3001 2100 3178 2156 denuo
3206 2116 3327 2156 cor-

1764 2203 1979 2264 rumpat
2011 2194 2198 2249 Evam.

1836 2283 1900 2339 V.
1938 2285 2035 2339 i9:
2073 2284 2208 2339 Ecce
2234 2286 2372 2339 ostia
2399 2285 2623 2352 pomarii
2650 2284 2830 2339 clausa
2851 2292 2992 2340 sunt.
3026 2284 3069 2339 Ο
3100 2284 3327 2340 scelera-

1764 2385 1850 2431 tos
1874 2374 2085 2445 judices
2129 2375 2424 2445 plenosque
2464 2374 2731 2429 diabolico
2782 2373 3000 2429 afﬂatu!
3036 2372 3176 2428 Num
3211 2376 3325 2429 haec

1764 2466 1919 2522 vobis
1949 2464 2170 2521 tradidit
2208 2464 2457 2537 Moyses?
2490 2464 2650 2521 Sicne
2699 2465 2935 2534 legentes
2980 2466 3150 2535 legem
3186 2464 3325 2518 alios

1766 2558 2009 2614 docetis?
2041 2557 2145 2623 Qui
2169 2557 2433 2627 przedicas
2461 2572 2570 2612 non
2608 2554 2914 2613 faciendum
2947 2555 3323 2619 homicidium,

1765 2650 2116 2707 homicidium
2147 2649 2319 2705 facis?
2347 2648 2450 2715 Qui
2482 2650 2619 2706 dicis
2657 2666 2764 2705 non
2810 2648 3323 2718 concupiscendum,

1763 2738 1878 2811 ipse
1899 2755 2121 2796 uxorem
2148 2739 2381 2809 proximi
2413 2755 2757 2811 corrumpere
2780 2739 2973 2810 cupis?

1752 2852 1759 2894 ς
1833 2829 1903 2884 Ει
1937 2831 1993 2885 in
2017 2830 2433 2899 concupiscentia
2467 2831 2770 2886 tui-sumus.
2808 2830 3030 2902 thuid,
3084 2830 3322 2899 scelesti,

1763 2929 1967 2977 castam
1992 2920 2228 2976 animam
2260 2928 2422 2991 atque
2440 2922 2737 2992 simplicem
2759 2923 2939 2979 verbis
2956 2923 3325 2988 mendacibus

1762 3026 1795 3067 ι
1825 3011 2022 3069 mentis
2066 3010 2331 3067 sententia
2372 3012 2642 3080 avocatis,
2669 3020 2731 3067 ut
2767 3012 3043 3069 libidinem
3084 3022 3319 3070 vestram

1688 3142 1732 3200 α
1765 3103 2049 3158 statuatis?

1839 3191 1904 3247 Υ.
1940 3194 2036 3247 Ξίε
2071 3192 2224 3258 QuOd
2251 3194 2298 3247 si
2321 3193 2570 3260 nolueris,
2598 3195 2830 3259 dicemus
2862 3205 3045 3250 contra
3088 3207 3135 3251 te
3170 3199 3321 3252 testi-

1768 3286 2020 3339 monium.
2056 3282 2181 3339 Haec
2206 3294 2384 3340 vestra
2410 3286 2477 3341 ab
2498 3286 2652 3341 initio
2678 3287 2932 3356 projectre
2968 3288 3164 3342 mentis
3187 3302 3321 3343 ausa

1768 3377 2052 3447 improba,
2100 3377 2403 3434 seductoris
2446 3378 2617 3449 gratia
2664 3380 2756 3448 qui
2781 3380 2837 3433 in
2862 3380 3018 3435 vobis
3061 3381 3128 3435 ab
3166 3381 3321 3436 initio

1766 3469 2023 3524 latitaret.
2054 3467 2184 3523 Erat
2204 3484 2441 3539 namque
2468 3485 2594 3525 vere
2631 3486 2755 3525 cum
2793 3486 2856 3525 ea
2887 3482 3063 3527 vester
3093 3488 3124 3528 e
3168 3473 3327 3529 caelis

1763 3561 1998 3630 juvenis,
2044 3575 2152 3615 non
2176 3562 2267 3630 qui
2301 3576 2425 3616 cum
2455 3561 2546 3617 illa
2574 3563 3036 3631 commisceretur,
3083 3564 3177 3619 sed
3224 3567 3317 3635 qui

1766 3653 1923 3707 testis
1946 3651 2084 3706 foret
2109 3652 2343 3707 veritati.

1840 3740 1900 3795 V.
1929 3741 2032 3795 22:
2070 3740 2139 3795 Et
2166 3744 2416 3812 ingemuit
2457 3742 2718 3798 Susanna.
2763 3744 2860 3800 His
2904 3746 3085 3816 itaque
3138 3749 3315 3804 verbis

1765 3833 1982 3897 auditis,
2009 3834 2164 3890 beata
2214 3835 2465 3891 Susanna
2491 3836 2695 3891 doloris
2719 3838 2962 3892 aculeum
2988 3840 3169 3892 animo
3193 3855 3320 3894 sen-

1764 3925 1855 3989 sit,
1903 3941 2073 3997 osque
2116 3927 2407 3992 obturavit,
2434 3943 2556 3998 quae
2599 3929 2765 3984 nollet
2811 3930 3315 3987 scelestissimorum

1764 4018 2035 4074 seniorum
2063 4017 2259 4089 injuria
2282 4019 2648 4089 constuprari.
2679 4018 2828 4074 Licet
2852 4035 2981 4075 vero
3002 4021 3163 4075 etiam
3190 4037 3317 4077 vere

1765 4108 2076 4180 intelligere,
2104 4110 2249 4180 quod
2288 4111 2344 4165 in
2405 4109 2653 4166 Susanna
2715 4110 2954 4180 contigit.
3006 4110 3121 4167 l-ioc
3167 4112 3314 4168 enim

1763 4217 1907 4257 nunc
1958 4217 2173 4273 quoque
2220 4203 2276 4258 in
2322 4200 2560 4259 Ecclesia
2615 4203 2823 4273 impleri
2867 4205 3128 4259 invenias.
3177 4205 3313 4260 Cum

1762 4295 1905 4348 enim
1944 4294 2051 4349 duo
2079 4296 2260 4365 populi
2293 4294 2688 4359 consenserint,
2719 4303 2778 4350 ut
2805 4297 3069 4366 quosdam
3108 4298 3174 4354 de
3211 4297 3317 4355 Ec-

1763 4384 1923 4438 clesia
1950 4383 2198 4454 perdant,
2226 4383 2367 4438 diem
2395 4393 2579 4453 aptum
2607 4382 2929 4447 observant;
2976 4384 3315 4456 ingressique

132 4465 417 4538 είσελθόντες
442 4476 526 4538 είς
565 4474 656 4526 τὸν
685 4470 830 4527 οἶκον
859 4475 953 4528 τοῦ
996 4475 1163 4540 Θεοῦ,
1214 4478 1661 4549 προσευχομένων

1774 4481 1817 4557 in
1842 4479 2062 4531 domum
2089 4475 2205 4543 Dei,
2235 4478 2443 4532 cunctis
2466 4478 2539 4532 ibi
2576 4479 2861 4534 orantibus
2891 4478 3169 4549 Deumque
3190 4479 3315 4533 lau-

134 4556 220 4610 ἐκεῖ
236 4564 438 4618 πάντων
469 4565 573 4619 καὶ
599 4565 691 4618 τὸν
721 4566 852 4620 Θεὸν
880 4566 1192 4638 ὑμνούντων
1213 4608 1228 4634 ,
1281 4569 1659 4641 ἐπιλαϐόμενοι

130 4648 301 4709 ἒλκουσί
318 4676 469 4723 τινας
492 4660 594 4714 καὶ
618 4660 899 4732 κρατοῦσι,
928 4661 1177 4731 λέγοντες
1197 4679 1211 4693 ·
1257 4663 1432 4719 Δεῦτε
1452 4704 1466 4728 ,
1508 4680 1657 4734 cur

131 4746 413 4804 κατάθεσθε
440 4751 612 4821 ἡμῖν,
637 4752 892 4820 καὶτοὺς
907 4753 1078 4821 θεοὺς
1099 4755 1481 4823 θρησκεύετε·
1516 4758 1567 4809 εί
1590 4754 1658 4808 δὲ

124 4833 205 4900 μὴ,
241 4842 850 4913 καταμαρτυρήσομεν
870 4844 1055 4915 ὑμῶν.
1082 4847 1219 4910 Τοὺς
1253 4846 1309 4899 δέ
1352 4846 1426 4918 μὴ
1469 4846 1654 4918 βουλο-

129 4924 302 4993 μένους,
327 4933 702 5004 προσάγουσιν
725 4933 918 5001 αύτοὺς
941 4936 1076 5008 πρὸς
1092 4936 1160 4991 τὰ
1177 4936 1395 5009 βήματα
1408 4940 1502 4993 καὶ
1522 4956 1655 4993 κατ-

126 5020 393 5089 ηγοροῦσιν,
423 5025 504 5088 ὡς
530 5025 747 5078 ἐναντία
772 5025 865 5079 τοῦ
898 5027 1164 5099 δόγματος
1190 5030 1467 5101 Καίσαρος
1482 5031 1655 5103 πράτ-

123 5120 296 5176 τοντας,
328 5119 422 5169 καὶ
451 5116 839 5188 κατακρίνουσι
866 5118 1097 5191 θανάτῳ.

172 5198 339 5255 Στενὰ
358 5221 466 5274 μοι
503 5204 817 5261 πάντοθεν.
849 5208 1013 5262 Ἴδετε
1039 5211 1254 5282 ῥήματα
1276 5214 1654 5286 σωφρονούσης

119 5291 357 5375 γυναικὸς,
390 5296 491 5349 καὶ
523 5295 640 5367 Θεῷ
670 5296 1067 5371 μεμελημένης.
1101 5303 1287 5357 Στενά
1318 5322 1450 5373 μοι,
1497 5306 1650 5375 φησὶ,

120 5373 377 5436 πάντοθεν
398 5400 412 5413 ο
433 5386 470 5454 ἡ
498 5385 604 5457 γὰρ
648 5387 940 5459 Ἐκκλησία
964 5390 1026 5442 ού
1063 5390 1219 5461 μόνον
1242 5392 1347 5445 ὑπὸ
1387 5373 1652 5449 Ἰουδαίων

1760 4568 2031 4635 dantibus,
2056 4568 2422 4639 apprchensos
2454 4570 2717 4639 quosdam
2755 4572 2997 4639 trahunt,
3021 4580 3314 4640 tenentque

1759 4660 2031 4715 dicentes:
2070 4659 2268 4724 Venite,
2287 4659 2524 4730 idemque
2549 4662 2650 4729 ipsi
2677 4678 2737 4715 ac
2767 4678 2859 4715 nos
2891 4664 3098 4729 sentite,
3125 4679 3186 4716 ac
3207 4662 3311 4716 diis

1759 4751 1959 4806 cultum
1977 4752 2233 4807 adhibete.
2258 4750 2409 4817 Quod
2430 4752 2476 4806 si
2513 4753 2809 4819 nolueritis,
2837 4754 3189 4809 testimonium
3214 4752 3317 4807 ad-

1758 4862 1961 4899 versum
1993 4861 2080 4901 vos
2116 4845 2373 4918 dicemus.
2404 4844 2513 4901 Eos
2544 4856 2725 4901 autem
2764 4847 2859 4917 qui
2902 4847 3202 4911 noluerint,
3241 4845 3313 4900 ad

1757 4935 2048 4990 tribunalia
2092 4936 2403 5003 adducunt,
2446 4945 2500 4991 et
2546 4949 2804 4993 accusant
2838 4938 2981 4993 velut
3013 4938 3107 5008 qui
3149 4948 3313 5008 agant

1759 5035 1945 5081 contra
1972 5028 2245 5083 decretum
2268 5026 2519 5096 Caesaris,
2549 5044 2615 5084 ac
2646 5041 2819 5086 morte
2844 5046 2939 5087 eos
2967 5030 3244 5085 damnant.

1822 5210 2096 5281 Augustiat
2121 5220 2243 5265 sunt
2270 5211 2398 5265 mihi
2437 5212 2680 5282 undique.
2718 5210 2904 5265 Videte
2942 5210 3106 5266 verba
3146 5220 3317 5269 castae

1754 5303 2018 5371 mulieris,
2045 5318 2109 5360 ac
2151 5303 2306 5374 cujus
2354 5302 2464 5359 Deo
2496 5319 2626 5359 cura
2652 5312 2752 5359 est.
2778 5302 3070 5371 Angusliw,
3104 5302 3311 5373 inquit,

1755 5409 1875 5449 sunt
1901 5395 2029 5449 mihi
2062 5394 2306 5464 undique.
2350 5393 2592 5450 Ecclesia
2632 5393 2774 5449 enim
2804 5393 3002 5448 nedum
3031 5409 3063 5449 a
3107 5389 3319 5452 iiudueis

118 5462 319 5524 θλίὸεται
348 5475 447 5527 καὶ
475 5480 906 5548 στενοχωρεῖται,
932 5479 1063 5533 ἀλλὰ
1094 5483 1184 5535 καὶ
1205 5482 1307 5537 ὑπὸ
1338 5484 1525 5550 ἐθνῶν,
1557 5488 1652 5541 καὶ

1774 5485 2009 5557 diligitur
2042 5503 2105 5543 ac
2130 5462 2407 5559 angustias
2436 5489 2657 5557 patitur,
2682 5504 2867 5543 verum
2897 5488 3060 5545 etiam
3086 5503 3103 5545 ι
3137 5504 3205 5563 ιο
3252 5493 3305 5545 ti-

166 5606 184 5637 '
214 5608 379 5671 lCor.
415 5633 475 5685 x,
511 5617 594 5674 ll.
672 5621 693 5653 ⁸
721 5620 908 5677 Matth.
941 5640 1037 5687 vn,
1074 5625 1155 5693 15,
1188 5626 1270 5683 14.
1346 5629 1369 5662 ⁸
1393 5628 1526 5685 Gen.
1559 5646 1640 5698 ιιι,
1684 5630 1734 5684 1.

167 5763 232 5832 (1)
268 5771 604 5843 Νεανίσκσς
634 5775 929 5846 ὑμέτερος.
976 5779 1029 5836 Id
1077 5789 1159 5839 est
1190 5781 1402 5850 Daniel,
1448 5786 1638 5857 spiritu

1777 5786 1977 5858 phetict
2018 5800 2273 5858 inseris.
2303 5783 2533 5839 Cornu.
