3860 6200
551 343 660 405 695

1425 345 1482 400 S.
1525 343 1884 401 HIPPOLYTI
1914 344 2063 401 Ol’P.
2104 344 2283 400 PARS
2315 345 2355 400 Ι.
2398 375 2464 385 -
2497 342 2904 400 EXEGETICA.
3623 345 3706 402 696

554 465 696 531 bus;
724 475 934 517 necnon
974 441 1042 517 ab
1069 461 1136 518 iis
1157 461 1249 532 qui
1275 461 1570 517 Christiani
1597 462 1872 524 dicuntur,
1899 477 1997 517 nec
2030 470 2109 514 ta-

2221 459 2326 514 ὐπδ
2362 460 2468 512 τῶν
2509 447 2810 529 λεγομένων
2857 459 2968 528 μὲν,
3018 457 3117 510 οὐκ
3144 456 3304 510 όντων
3326 456 3378 510 δὲ
3402 459 3704 528 Χριστιανῶν

553 571 678 610 men
708 562 858 608 sunt.
884 550 1016 621 Ejus
1043 553 1187 606 enim
1219 551 1532 622 pudicitiam
1555 568 1617 608 ac
1634 551 1949 607 felicitatem
1970 551 2118 606 velut

552 653 894 710 contuentes,
923 657 1273 713 corrumpere
1302 657 1424 698 eam
1466 643 1734 698 nituntur.

622 733 742 791 Sive
767 735 905 788 enim
929 735 1024 788 hoc
1049 749 1220 803 egero,
1267 750 1406 788 mors
1434 735 1566 788 mihi
1592 744 1690 789 est.
1719 733 1829 789 Deo
1855 734 1998 788 enim
2030 733 2111 786 inv

552 826 898 881 obedientem
931 838 1072 889 esse,
1118 838 1182 879 ac
1225 825 1541 881 hominibus
1579 825 1828 890 obedire,
1859 834 2114 879 aeternam

551 929 778 972 mortem
817 931 882 972 ac
911 917 1238 987 supplicium
1269 918 1430 987 parit.

624 1005 682 1062 Si
712 1018 888 1062 au!em
920 1023 1023 1061 non
1051 1023 1232 1077 egero,
1269 1025 1374 1062 non
1397 1007 1646 1079 e/fugiam
1679 1023 1866 1061 manus
1895 1016 2112 1061 vestras.

553 1096 668 1153 Iloc
700 1113 917 1168 quoque
947 1114 1070 1153 vere
1099 1101 1254 1156 dixit.
1299 1099 1404 1166 Qui
1435 1101 1579 1154 enim
1619 1100 1962 1155 adducuntur
1991 1114 2117 1169 pro-

553 1199 672 1260 pter
710 1205 905 1245 nomen
942 1189 1060 1256 Dei,
1095 1191 1362 1261 siquidcm
1406 1190 1635 1246 fecerint
1678 1191 1818 1260 quod
1856 1191 2118 1260 jubentur

552 1280 623 1334 ab
670 1280 1013 1348 hominibus,
1047 1279 1158 1335 Deo
1201 1281 1544 1348 moriuntur,
1593 1297 1657 1337 ac
1698 1282 1754 1336 in
1794 1282 2003 1336 mundo
2032 1281 2116 1335 vi-

551 1379 718 1438 vunt;
748 1371 793 1426 si
823 1381 1000 1426 autem
1034 1388 1142 1426 non
1173 1373 1382 1443 egerint
1406 1373 1550 1443 quod
1583 1373 1662 1427 illi
1692 1375 1980 1442 imperant,
2005 1385 2114 1425 non

552 1461 815 1532 effugiunt
862 1463 1128 1532 judicium
1181 1479 1396 1531 manus,
1443 1479 1475 1518 a
1519 1465 1722 1534 quibus
1764 1463 1898 1534 ipsis
1943 1472 2116 1518 morte

553 1553 904 1610 damnantur.

625 1642 689 1699 V.
721 1645 793 1699 2'5
826 1663 840 1700 :
882 1644 1074 1699 Melius
1100 1655 1176 1699 est
1214 1646 1344 1700 mihi
1373 1645 1488 1701 sine
1523 1662 1693 1716 opere.
1729 1643 1844 1700 Hoc
1881 1661 2116 1717 namque

551 1737 921 1805 prmstantius,
957 1738 1027 1791 ab
1071 1738 1274 1807 iniquis
1307 1739 1622 1793 hominibus
1669 1739 1842 1802 mori,
1886 1749 1946 1793 ut
1987 1753 2111 1794 cum

2215 549 2377 601 οἱονεὶ
2415 549 2477 602 τὸ
2526 548 2742 620 σῶφρον
2790 548 2884 600 καὶ
2937 545 3170 608 εὐπαθὲς
3210 547 3402 617 ταύτης
3449 550 3708 619 ἐνορῶντες,

2217 641 2457 712 φθείρειν
2480 641 2681 711 ταύτην
2711 640 2999 710 βιάζονται.

2281 726 2414 788 Ἐάν
2458 748 2522 784 τε
2561 732 2670 801 γὰρ
2705 732 2878 785 τοῦτο
2919 727 3144 797 πράξω,
3172 726 3420 793 θάνατός
3444 730 3534 797 μοι
3560 730 3711 788 ἐστιν.

2215 821 2289 874 Τὸ
2327 822 2436 892 γὰρ
2480 821 2821 892 παρακοῦσαι
2869 819 3035 886 Θεοῦ,
3081 818 3174 872 καὶ
3220 817 3509 872 ὑπακοῦσαι
3549 821 3715 892 ἀνθρώ.

2217 929 2358 976 ποις,
2391 913 2617 967 θάνατον
2648 913 2740 966 καὶ
2760 912 2979 966 κόλασιν
3007 909 3222 963 αἰώνιον
3249 909 3537 979 ἐργάζεται.

2296 1002 2436 1057 Ἐὰν
2461 1002 2530 1056 δὲ
2545 1002 2630 1072 μὴ
2646 1002 2866 1071 πράξω,
2889 1003 2998 1056 οὐκ
3033 999 3428 1069 ὲκφευξοῦμαι
3445 1001 3541 1066 τὰς
3560 1001 3718 1070 χεῖρας

2213 1093 2397 1164 ὑμῶν.
2426 1093 2532 1146 Καὶ
2561 1092 2716 1147 τοῦτο
2741 1092 2934 1164 ἀληθὲς
2965 1091 3207 1162 εἴρηκεν.
3226 1091 3288 1141 Οἱ
3311 1090 3416 1160 γὰρ
3432 1092 3719 1162 προσαγόμε.

2214 1204 2296 1240 νοι
2323 1185 2504 1238 ἕνεκεν
2523 1185 2616 1238 τοῦ
2643 1185 2900 1255 ὀνόματος
2915 1182 3006 1236 τοῦ
3039 1180 3200 1244 Θεοῦ,
3233 1181 3327 1234 ὲάν
3341 1183 3434 1252 μὲν
3451 1183 3660 1252 πράξωσι
3675 1187 3722 1238 τὸ

2215 1279 2309 1332 ὐπ’
2341 1275 2638 1348 ἀνθρώπων
2678 1276 3048 1340 κελευόμενον,
3080 1273 3472 1344 ἀποθνήσκουσι
3499 1274 3568 1343 τῷ
3597 1274 3716 1346 eaa-

2215 1369 2436 1440 ζήσουσι
2465 1370 2520 1423 δὲ
2542 1371 2598 1422 ἐν
2627 1370 2834 1440 κόσμῳ·
2881 1368 2974 1422 ἐὰν
3005 1368 3066 1422 δὲ
3095 1367 3169 1439 μὴ
3186 1367 3428 1439 πράξωσι
3455 1369 3511 1422 τὸ
3537 1370 3624 1422 ὐπὸ
3647 1374 3722 1422 ἀν-

2215 1460 2446 1532 θρώπων
2473 1460 2841 1532 κελευόμενον,
2868 1461 2966 1514 οὐκ
2993 1459 3324 1530 ἐκφεύγουσι
3341 1459 3434 1522 τάς
3453 1463 3618 1532 χεῖρας
3639 1465 3722 1517 τῶν

2213 1550 2499 1614 δικαστῶν,
2532 1551 2636 1604 ὐπ’·
2654 1551 2833 1604 αὐτῶν
2864 1551 3090 1604 ἐκείνων
3118 1552 3567 1621 κατακρινόμενοι.

2285 1642 2534 1710 Αἱρετόν
2551 1641 2657 1711 μοι
2683 1641 2816 1695 ἐστι
2843 1641 2929 1710 μὴ
2957 1640 3304 1710 πράξασαν.
3340 1642 3502 1694 Τοῦτο
3523 1643 3616 1714 γὰρ
3637 1640 3727 1696 διας

2215 1733 2544 1806 φορώτερον,
2593 1733 2882 1787 ἀποθανεῖν
2915 1734 3022 1786 ὐπὸ
3066 1733 3369 1806 ἀνθρώπων
3413 1733 3625 1798 ἀδίκων,
3658 1737 3722 1788 ἵνα

551 1826 665 1882 Deo
705 1827 917 1894 vivant;
957 1842 1120 1896 quam
1156 1827 1265 1882 illis
1294 1829 1685 1884 consentiendo
1713 1837 1768 1884 et
1796 1829 1866 1883 ab
1897 1829 1979 1884 eis
2018 1844 2109 1884 so-

2212 1798 2365 1897 παρά
2392 1798 2510 1895 Θεῷ
2539 1823 2807 1897 ζήσωσινο
2839 1824 2873 1896 ἢ
2904 1798 3267 1896 συνθεμένους
3288 1825 3482 1888 αὐτοῖς,
3512 1825 3596 1878 καὶ
3621 1826 3724 1879 ἀπο-

549 1917 720 1982 lutos,
753 1917 990 1973 incidere
1018 1918 1074 1972 in
1108 1934 1305 1974 manus
1329 1918 1446 1975 Dei.

621 2090 684 2146 ν.
711 2092 783 2146 24
813 2111 826 2148 :
863 2091 934 2146 Et
957 2092 1204 2148 clamavit
1227 2109 1343 2148 voce
1364 2111 1582 2165 magna.
1616 2093 1698 2148 Ad
1723 2109 1883 2164 quem
1901 2135 1916 2162 ,
1944 2108 2109 2166 rogo,

548 2185 805 2241 clamavit
848 2185 1120 2253 Susanna,
1163 2187 1267 2240 nisi
1310 2187 1376 2240 ad
1418 2185 2111 2257 Deum?quemadmodum

549 2279 627 2334 ait
649 2278 816 2334 Isaias
843 2298 856 2335 :
905 2279 1048 2333 Tunc
1083 2279 1360 2342 clamabis,
1386 2287 1436 2333 et
1466 2278 1607 2333 Deus
1635 2281 1882 2334 exaudiet
1907 2289 1989 2346 te;
2013 2282 2112 2335 ad-

547 2372 647 2424 huc
669 2372 909 2441 loquente
929 2382 976 2425 te
993 2371 1128 2425 dicet
1151 2387 1170 2425 :
1205 2371 1340 2425 Ecce
1389 2372 1576 2426 adsum
1602 2372 1668 2426 ⁸⁸.

621 2463 993 2519 Clamaverunt
1031 2474 1080 2518 et
1117 2464 1222 2517 duo
1260 2464 1484 2518 seniores
1523 2473 1708 2518 contra
1747 2481 1883 2519 eam.
1935 2465 2110 2536 Iniqui

548 2556 695 2610 enim
740 2564 794 2610 et
839 2556 1071 2625 improbi
1118 2570 1228 2610 non
1281 2565 1502 2611 cessant
1534 2557 1772 2612 clamare
1818 2557 2110 2615 adversum

547 2663 670 2714 nos,
711 2656 766 2703 et
807 2649 1029 2704 dicere:
1067 2647 1212 2702 Tolle
1251 2664 1280 2702 e
1315 2658 1477 2716 terra,
1515 2651 1606 2720 qui
1652 2649 1784 2704 tales
1828 2651 1971 2716 sint;
2005 2665 2110 2706 non

531 2743 683 2794 'enim
705 2741 846 2795 decet
869 2759 954 2795 eos
977 2744 1164 2797 vivere.

616 2832 938 2904 Evangelico
990 2850 1152 2890 sensu
1203 2833 1455 2889 Susanna
1501 2833 1829 2902 contempsit
1877 2848 1973 2889 eos
2013 2833 2109 2903 qui

545 2927 800 2980 occidunt
845 2928 1137 2995 corpus“,
1189 2935 1249 2981 ut
1297 2928 1536 2981 salvaret
1583 2927 1822 2980 animam
1874 2942 2032 2981 suam
2079 2941 2108 2978 a

545 3027 740 3074 morte.
790 3017 923 3072 Nam
948 3028 1225 3088 peccatum
1255 3034 1404 3072 mors
1438 3019 1634 3072 animae
1661 3028 1775 3085 est;
1805 3019 2106 3089 praesertim

2212 1915 2467 1979 λυθέντας
2513 1917 2602 1970 ὐπ’
2641 1914 2840 1981 αὐτῶν,
2885 1916 3152 1987 ἐμπεσεῖν
3190 1917 3272 1980 είς
3314 1913 3411 1979 τάς
3463 1917 3622 1987 χεῖρας
3651 1915 3722 1968 τοῦ

2215 2006 2371 2063 Θεοῦ.

2281 2099 2388 2154 Kal
2419 2097 2708 2166 ἀνεϐόησε
2728 2095 2897 2167 φωνῇ
2913 2097 3177 2168 μεγάλῃ.
3203 2096 3346 2168 Πρὸς
3372 2095 3486 2150 τίνα
3514 2090 3597 2150 οὖν
3623 2098 3721 2149 ἀνευ

2212 2191 2406 2263 ὁόησεν
2458 2192 2490 2262 ή
2528 2191 2804 2254 Σωσάννα,
2835 2192 2950 2245 ἀλλ’
2985 2190 3020 2262 ἢ
3058 2191 3201 2262 πρὸς
3233 2187 3395 2255 Θεόν;
3437 2189 3506 2252 ὼς
3544 2175 3726 2249 ’Ἡσαΐας

2211 2283 2390 2353 λέγει’
2443 2286 2582 2340 Τότε
2619 2284 2895 2352 βοήσεις,
2943 2285 3044 2339 καὶ
3097 2288 3132 2339 ό
3179 2283 3324 2350 Θεὸς
3366 2283 3724 2338 είσακσύσεταί

2210 2390 2346 2430 σου·
2369 2377 2460 2431 ἐτι
2487 2376 2827 2443 λαλοῦντός
2846 2390 2984 2436 σου.
3009 2376 3141 2445 ἐρεῖ
3156 2393 3172 2409 ο
3215 2375 3358 2430 Ἰδοὺ
3385 2375 3614 2444 πάρειμι.

2293 2467 2647 2536 Ἀνεόόησαν
2681 2469 2780 2522 καὶ
2810 2471 2863 2522 ol
2891 2468 3001 2523 δύο
3039 2470 3427 2537 πρεσϐύτεροι
3467 2466 3720 2520 κατέναντι

2209 2558 2418 2628 αὐτῆς.
2469 2560 2534 2613 Οί
2580 2558 2690 2632 γὰρ
2733 2560 2931 2632 ἄνομοι.
2963 2561 3026 2613 οὐ
3066 2561 3337 2615 παύονται
3379 2559 3589 2630 βοῶντες
3628 2557 3720 2609 καθ’

2209 2651 2388 2723 ἡμῶν,
2437 2652 2533 2706 καὶ
2568 2651 2844 2721 ).έγοντες’
2873 2647 3012 2721 Αἶρε
3041 2652 3117 2706 ἐκ
3153 2651 3264 2720 τῆς
3289 2650 3400 2722 γῆς
3423 2651 3548 2717 τοὺς
3570 2650 3718 2704 rorati-

2209 2759 2373 2811 τους,
2399 2745 2472 2798 οὐ
2499 2741 2611 2814 γὰρ
2634 2741 2902 2812 καθῆκον
2925 2744 3154 2811 αὐτοὺς
3184 2743 3309 2812 ζῇν.

2281 2833 2664 2903 Εὐαγγελικῶς
2683 2835 2718 2906 ὴ
2736 2835 2989 2888 Σωσάννα
3004 2835 3378 2906 κατεφρόνησε
3396 2831 3496 2885 τῶν
3518 2833 3720 2885 ἀποκτει·

2208 2926 2406 2980 νόντων
2434 2925 2494 2979 τὸ
2524 2924 2700 2996 σῶμα,
2735 2927 2820 2980 ἵνα
2854 2925 3002 2999 σώσῃ
3033 2925 3137 2998 τὴν
3166 2925 3339 2996 ψυχὴν
3370 2923 3554 2993 ἑαυτῆς
3584 2925 3638 2974 ὲκ
3652 2920 3719 2972 θα-

2210 3017 2389 3071 νάτου.
2423 3015 2660 3080 Θάνατος
2689 3017 2747 3070 δὲ
2774 3017 2972 3088 ψυχῆς,
3019 3019 3051 3089 ἡ
3087 3017 3362 3090 ἁμαρτία,
3398 3013 3716 3086 ἐξαιρέτως

545 3118 726 3164 autem
757 3110 1010 3164 mazcbia.
1043 3109 1181 3173 Quia
1210 3109 1354 3162 enim
1379 3107 1563 3163 anima
1586 3109 1804 3163 Christo
1828 3109 2104 3178 copulata,

2209 3111 2242 3180 ή
2288 3108 2515 3180 μοιχεία.
2579 3110 2794 3182 Ἐπειδὴ
2841 3112 2948 3182 γὰρ
2991 3111 3024 3182 ἡ
3073 3109 3404 3180 συναφθείσα
3441 3108 3510 3178 τῷ
3545 3105 3716 3177 Χριστῷ

543 3199 878 3254 discessione
914 3214 945 3252 a
987 3198 1089 3252 lide
1121 3199 1174 3252 in
1217 3213 1504 3268 perennem
1553 3199 1786 3253 traditur
1836 3211 2100 3264 mortem,

543 3304 760 3360 poenam
790 3289 995 3344 scilicet
1023 3300 1312 3354 mternam;
1344 3289 1412 3345 ad
1435 3291 1554 3359 ejus
1586 3289 1662 3343 rei
1689 3290 1870 3354 fidem,
1903 3291 2104 3347 violato

542 3397 760 3452 quoque
792 3383 1152 3452 corporalium
1198 3385 1510 3452 nuptiarum
1558 3381 1765 3440 fmdere
1804 3387 2105 3455 perversis-

541 3487 650 3544 que
681 3473 955 3539 thalamis,
988 3474 1073 3529 lex
1103 3490 1319 3546 poenam
1351 3477 1543 3532 mortis
1572 3477 1788 3533 indixit.

612 3647 678 3701 ν.
713 3647 784 3701 25
811 3666 824 3702 :
855 3647 922 3702 Et
951 3650 1184 3703 cucurrit
1214 3666 1370 3713 unus,
1407 3660 1457 3705 et
1479 3653 1683 3721 aperuit
1721 3653 1879 3706 ostia.
1903 3649 2106 3722 Nempe

542 3737 707 3792 latam
758 3747 812 3793 et
851 3741 1146 3808 spatiosam
1195 3742 1486 3798 ostendens
1531 3743 1696 3806 viam,
1740 3759 1905 3814 quam
1953 3745 2107 3799 ince.‘

541 3831 738 3898 dendo,
772 3833 866 3901 qui
894 3832 1001 3887 illis
1033 3849 1240 3888 morem
1271 3845 1485 3906 gerunt,
1514 3845 1762 3906 pereunt.

617 3920 679 3976 V.
705 3923 775 3977 '50
816 3941 830 3977 :
864 3923 1034 3978 Porro
1079 3923 1329 3980 Susanna
1368 3937 1483 3981 erat
1517 3929 1751 3982 delicata
1781 3929 1950 3982 valde.
1985 3927 2102 3984 Non
2161 3914 2169 3922 ’

540 4007 686 4076 quod
713 4010 1052 4066 meretricios
1086 4012 1242 4069 fucos
1268 4015 1485 4085 corpori
1525 4016 1817 4086 adspersos
1858 4018 2101 4085 haberet,

541 4097 620 4152 uti
675 4099 908 4155 habebat
943 4100 1178 4167 Jezabel,
1233 4115 1326 4158 aut
1363 4106 1552 4161 oculos
1597 4107 1765 4162 variis
1815 4107 2103 4187 pigmentis

540 4201 872 4258 cerussaque
900 4203 964 4244 ac
999 4189 1168 4243 minio
1211 4191 1440 4255 oblitos;
1476 4192 1572 4248 sed
1603 4194 1725 4248 lidei
1753 4202 1808 4248 et
1833 4197 2103 4252 castitatis

539 4291 605 4331 ac
633 4279 1008 4334 sanctimoniae
1033 4281 1228 4334 decore
1254 4282 1506 4346 pollebat.

615 4367 677 4425 V.
706 4370 775 4424 54
803 4389 816 4424 :
843 4368 911 4424 Et
941 4381 1222 4439 posuerunt
1264 4391 1450 4430 manus
1490 4393 1644 4445 super
1668 4389 1825 4448 caput
1859 4382 1992 4450 ejus.
2034 4379 2103 4437 Ut

539 4460 622 4514 vel
650 4459 770 4529 ejus
795 4469 1071 4529 contactu,
1103 4463 1379 4519 libidinem
1412 4481 1566 4522 suam
1599 4470 1948 4526 exsatiarent.

612 4637 676 4694 ν.
707 4639 776 4696 '55
803 4659 819 4695 :
851 4640 920 4696 At
961 4643 1060 4698 illa
1107 4647 1286 4714 ﬂebat.
1335 4645 1619 4722 Lacrymis
1650 4653 1796 4706 enim
1833 4662 1886 4708 et
1910 4653 2037 4709 fletu
2075 4671 2108 4712 e

539 4729 694 4786 caelis
720 4729 953 4787 Verbum
977 4736 1208 4800 excibat,
1245 4739 1388 4808 quod
1423 4739 1680 4813 lacrymis
1711 4744 2104 4802 suscitaturum

540 4829 660 4874 crat
688 4834 962 4877 mortuum
1008 4824 1276 4881 Lazarum
1305 4829 1364 4880 “.

609 4911 676 4966 Υ.
711 4915 777 4969 41
806 4934 819 4970 :
861 4914 928 4970 Et
956 4919 1179 4972 credidit
1201 4922 1276 4974 eis
1312 4921 1618 4978 multitudo.
1647 4923 1838 4995 Opera:
1870 4929 2102 4997 pretium

537 5001 700 5072 igitur
720 5016 827 5073 est,
855 5016 915 5062 ut
935 5009 990 5063 in
1015 5010 1321 5066 omnitirmi
1346 5017 1956 5082 negotio,-mendacibus
1987 5021 2104 5073 ani-

538 5117 688 5156 mum
720 5117 829 5156 non
855 5102 1235 5170 attendamus;
1273 5121 1372 5160 nec
1398 5106 1558 5161 facile
1573 5107 1821 5177 judieum
1853 5112 2102 5180 personis

535 5205 594 5248 ut
638 5195 1012 5264 obsequamur
1043 5196 1238 5251 adduci
1282 5213 1392 5252 non
1423 5199 1690 5267 sinamus,
1727 5204 1818 5272 qui
1850 5220 1950 5260 nos
1994 5205 2099 5260 Deo

534 5286 803 5343 rationem
844 5287 1155 5345 reddituros
1190 5305 1312 5346 esse
1333 5305 1443 5346 non
1476 5293 1783 5348 nesciamus
1825 5312 1839 5348 :
1882 5295 1976 5350 sed
2015 5311 2098 5352 se-

536 5377 734 5433 ctando
775 5379 1077 5445 veritatem,
1111 5389 1424 5436 accuratam
1455 5381 1578 5439 fidei
1611 5385 1879 5441 rationem
1919 5387 2100 5457 inqui-

538 5469 723 5535 rendo,
755 5468 864 5527 Deo
892 5473 1096 5542 accepti
1123 5474 1348 5530 erimus.

611 5558 677 5614 ν.
711 5561 781 5615 44
807 5580 820 5616 :
849 5561 918 5616 Et
941 5565 1209 5619 exaudivit
1237 5565 1376 5621 Deus
1415 5585 1588 5623 vocem
1622 5573 1755 5640 ejus.
1787 5573 2109 5646 Quicunque

539 5651 680 5705 enim
728 5653 984 5710 invocant
1025 5671 1151 5710 eum
1197 5671 1262 5713 ex
1317 5662 1483 5718 corde
1532 5678 1688 5735 puro,
1741 5665 1842 5722 bos
1885 5671 2106 5724 exaudit

611 5761 656 5795 “
681 5760 787 5818 lsa.
823 5780 898 5830 ιι,
929 5767 981 5821 9.
1058 5771 1099 5801 ¹¹
1124 5770 1325 5842 Μειιὶι.
1370 5794 1424 5846 x,
1451 5779 1539 5837 28.
1625 5785 1666 5816 ¹²
1699 5783 1854 5842 Joan.
1899 5801 1976 5858 xt,
2010 5786 2096 5845 35.

2207 3194 2373 3266 ψυχὴ,
2417 3198 2698 3252 ἀποστᾶσα
2727 3201 2824 3271 τῆς
2857 3199 3092 3264 πίστεως
3124 3201 3205 3264 είς
3235 3197 3326 3252 τὸν
3358 3199 3558 3268 διηνεκῆ
3581 3212 3713 3265 παρα-

2208 3285 2484 3355 πέμπεται
2517 3288 2764 3354 θάνατον,
2787 3291 2886 3362 τὴν
2910 3290 3128 3344 αἰώνιον
3162 3291 3379 3344 κόλασιν
3398 3308 3411 3321 ο
3436 3289 3556 3360 πρὸς
3577 3288 3715 3340 πίστιν

2207 3372 2416 3441 τούτου,
2452 3379 2547 3431 καὶ
2577 3379 2670 3432 ἐπὶ
2699 3379 2807 3433 τῶν
2852 3381 3188 3452 σωματικῶν
3214 3382 3402 3452 γάμων
3440 3377 3718 3449 παραλυομέ-

2209 3480 2314 3518 νων
2341 3468 2434 3522 καὶ
2461 3468 2906 3542 διορυττομένων,
2935 3472 3170 3528 θάνατον
3197 3473 3390 3547 ὥρισεν
3417 3473 3444 3525 ὁ
3468 3471 3606 3541 νόμος
3629 3471 3716 3520 ἑπι-

2207 3555 2407 3627 τίμιον.

2278 3649 2388 3703 Καὶ
2427 3648 2662 3719 δραμὼν
2694 3653 2728 3704 ό
2757 3645 2865 3718 εἷς,
2897 3651 3106 3722 ἤνοιξε
3132 3655 3246 3720 τὰς
3273 3653 3463 3722 θύρας.
3494 3648 3589 3718 Τὴν
3615 3645 3714 3697 πλα-

2209 3747 2358 3798 τεῖαν
2390 3743 2484 3796 καὶ
2513 3740 2820 3815 εὐρύχωρον
2840 3744 2959 3798 όδδν
2987 3744 3362 3811 ἐπιδεικνύων,
3393 3744 3457 3797 δι’
3483 3737 3543 3814 ἧς
3565 3741 3607 3794 οἱ
3627 3738 3715 3792 τοὺ-

2211 3853 2326 3900 τοις
2353 3835 2664 3906 πειθόμενοι
2695 3834 3040 3889 ἀπόλλυνται.

2290 3926 2351 3981 Ἠ
2386 3925 2453 3980 δὲ
2479 3924 2770 3980 Σωσάννα
2793 3922 2873 3998 ἦν
2905 3926 3164 3996 τρυφερὰ
3185 3926 3432 3998 σφόδρα.
3464 3923 3531 3979 υύ
3564 3918 3712 3978 κάλλος

2209 4019 2338 4090 περὶ
2371 4018 2529 4090 σῶμα
2560 4018 2836 4090 πορνικὸν,
2861 4019 2920 4073 ὃν
2949 4020 3149 4092 τρόπον
3180 4019 3548 4095 περιέκειτοτῇ
3585 4011 3710 4074 Ἰεζά-

2209 4111 2324 4177 6ελ,
2357 4111 2478 4164 οὐδὲ
2507 4111 2628 4181 Mat;
2662 4111 2924 4176 ποικίλοις
2955 4110 3212 4183 χρώμασι
3241 4100 3708 4181 πεφυκωμένηοὰλῖ

2209 4200 2322 4274 εἶχε
2369 4204 2562 4268 κάλλος
2607 4203 2844 4267 πίστεως
2887 4207 2980 4258 καὶ
3026 4205 3379 4278 σωφροσύνης
3427 4201 3513 4255 καὶ
3557 4199 3708 4265 ἁγιασ-

2211 4299 2335 4370 μοῦ.

2281 4392 2542 4458 ’Ἑθηκαν
2593 4391 2702 4458 τὰς
2745 4391 2948 4460 χεῖρας
2992 4391 3091 4446 ἐπὶ
3115 4392 3230 4460 τῆς
3268 4387 3521 4460 κεφαλῆς
3544 4379 3704 4446 αὺτῆςι

2211 4482 2326 4535 Ἵνα
2359 4483 2462 4537 κᾶν
2488 4486 2547 4537 ὲν
2584 4484 2660 4555 τῷ
2688 4483 2928 4554 ἅψασθαι
2958 4485 3149 4555 αὐτῆς,
3178 4485 3280 4556 τῆς
3310 4484 3440 4546 ἰδίας
3472 4475 3706 4544 ἐπιθυμίας

2205 4571 2298 4628 τὸν
2332 4575 2492 4646 κόρον
2518 4575 2796 4629 τελέσωσι.

2288 4669 2350 4723 Ἠ
2381 4667 2450 4722 δὲ
2473 4665 2552 4739 ἦν
2577 4669 2894 4723 κλαίουσα.
2925 4668 3024 4722 Διά
3053 4668 3161 4741 γὰρ
3190 4668 3298 4722 τῶν
3323 4665 3552 4737 δακρύων
3571 4655 3703 4727 ἐφεῦ-

2206 4778 2331 4815 κετο
2375 4761 2465 4814 τὸν
2494 4761 2590 4813 ἀπ’
2629 4759 2870 4831 οὐρανῶν
2910 4761 3102 4830 Λόγον,
3137 4761 3228 4814 τὸν
3259 4761 3503 4832 μέλλοντα
3539 4754 3611 4808 διὰ
3640 4751 3702 4802 51-

2206 4852 2386 4923 κρύων
2418 4851 2648 4924 ἐγείρειν
2676 4851 2767 4905 τὸν
2799 4851 3049 4923 Λάζαρον
3079 4851 3387 4922 τεθνηκότα.

2272 4945 2384 4999 Καὶ
2430 4946 2791 5000 ἐπίστευσεν
2833 4945 3038 5012 αὐτοῖς
3078 4946 3118 5014 ἠ
3160 4941 3486 5014 συναγωγή.
3523 4938 3598 4990 Δεῖ
3633 4927 3701 4984 οὖν

2205 5039 2352 5109 ἡμᾶς
2393 5040 2451 5092 ἐν
2483 5041 2645 5092 παντὶ
2687 5039 2970 5112 πράγματι
3007 5037 3252 5109 ἑδραίους
3297 5033 3612 5105 γενομένους,
3645 5021 3697 5092 μὴ

2201 5134 2313 5194 τοῖς
2355 5129 2603 5200 ψευδέσιν
2635 5131 2939 5202 προσέχειν,
2975 5131 3107 5202 μηδὲ
3147 5127 3447 5201 προσώποις
3481 5119 3698 5194 ἀρχόντων

2203 5223 2438 5286 εὐκόλως
2477 5223 2984 5296 συναρπαζομένους
3037 5219 3333 5284 πείθεσθαι,
3364 5216 3695 5296 γινώσκοντας,

2199 5312 2281 5365 ὅτι
2311 5311 2467 5380 λόγον
2510 5312 2704 5384 ἔχομεν
2749 5314 2932 5368 δοῦναι
2977 5313 3055 5385 τῷ
3094 5314 3240 5385 Θεῷο
3271 5311 3401 5366 ἀλλὰ
3428 5312 3486 5380 τῇ
3519 5295 3695 5371 ἀληθείέ

2204 5403 2556 5474 στοιχοῦντες,
2593 5405 2687 5459 καὶ
2718 5407 2778 5460 τὸ
2811 5407 3038 5480 ἀκριϐὲς
3059 5407 3158 5478 τῆς
3182 5409 3408 5467 πίστεως
3436 5389 3692 5466 ἐπιζητοῧψ

2199 5511 2310 5557 τες,
2339 5497 2618 5568 εὐάρεστοι
2649 5499 2883 5570 ἐσόμεθα
2909 5500 2984 5572 τῷ
3010 5499 3147 5572 Θεῷ.

2268 5588 2374 5641 Kal
2400 5588 2762 5654 εὶσήκουσεν
2791 5596 2824 5645 ό
2849 5592 2992 5660 Θεὸς
3008 5591 3116 5661 τῆς
3140 5591 3338 5663 φωνῆς
3353 5584 3538 5652 αὐτῆς.
3574 5579 3688 5628 Ὅσοι

2197 5678 2305 5751 γὰρ
2337 5681 2715 5738 ἐπικαλοῦνται
2747 5685 2908 5739 αὐτὸν
2961 5687 3023 5740 ἐκ
3051 5685 3294 5758 καθαρᾶς
3334 5680 3553 5751 καρδίας,
3595 5664 3688 5721 τού·
