3860 6200
507 209 613 266 699
1371 208 1429 264 S.
1468 208 1834 266 Hl‘PPOLYTl
1876 208 2028 266 OPP.
2075 210 2340 278 PARS].
2368 243 2437 255 -—
2465 209 2872 269 EXEGETICA.
3627 210 3772 265 τοο

504 336 558 382 et
582 342 757 380 omnes
793 326 1010 396 populi,
1041 327 1207 382 tribus
1252 339 1299 383 et
1337 329 1531 400 lingua:
1559 332 1780 385 servient
1809 334 1946 402 ipsi:
1980 349 2028 402 p4

2240 333 2338 401 5τῷ
2364 335 2536 404 ἐδόθη
2568 336 2607 403 ἠ
2637 334 2814 405 ἀρχὴ,
2846 332 2944 387 καί
2973 334 3011 401 ἡ
3041 331 3196 402 τιμὴ,
3226 330 3324 386 καὶ
3349 331 3388 400 ἠ
3414 331 3709 395 ,Βασιλεία
3739 347 3764 361 ο

506 428 668 472 testas
693 418 827 487 ejus,
863 428 1092 487 potestas
1115 431 1308 476 eterna
1338 440 1454 493 qua:
1483 441 1584 477 non
1612 426 1886 494 transibit,
1913 436 1962 480 et
1996 444 2030 479 Tt

2249 426 2281 481 ii
2314 425 2536 494 πάντες
2561 427 2720 493 λαοὶ,
2740 425 2948 496 φυλαὶ,
2970 426 3064 479 καὶ
3088 423 3358 494 γλῶσσαι
3378 422 3773 478 δουλεύσειν-

504 528 665 583 5num
693 510 806 580 ejus
840 527 943 566 non
970 512 1205 567 interibit
1239 514 1301 568 ".

2247 535 2282 570 ν
2304 517 2462 584 αὺτῷ
2480 536 2494 548 ·
2524 520 2563 588 ἠ
2583 518 2834 584 ἐξουσία
2852 517 3038 572 αὑτοῦ
3065 515 3313 581 ἐξουσία
3339 513 3589 579 αιώνιος,
3613 512 3771 579 ἣτις

2170 609 2244 662 οὺ
2276 609 2729 676 παρελεύσεται,
2756 606 2857 662 καὶ
2891 602 3233 675 ήβασιλεία
3268 600 3452 657 αὑτοῦ
3498 600 3572 654 οὐ
3616 597 3773 652 διαρ

2167 698 2556 769 φθαρήσεται.

2090 789 2156 845 ll.

609 883 677 937 In
704 883 983 938 Canticum
1009 885 1169 936 trium
1194 899 1494 953 puerorum.
1520 883 1604 937 Ea:
1629 881 1826 938 Catena
1849 884 2067 939 Patrum
2092 888 2146 939 in
2178 886 2421 943 Psalmos
2437 897 2485 942 et
2515 885 2736 942 Cantica
2755 901 2922 942 sacrm
2940 883 3229 955 Scriptura:
3256 894 3382 938 tom.
3411 878 3477 936 Ill
3504 881 3644 935 edit.

1625 955 1984 1020 Corderiatne,
2032 973 2154 1028 pag.
2197 958 2320 1021 951,
2349 959 2417 1011 ad
2447 961 2502 1028 ᾖ.
2531 957 2622 1015 87.

571 1047 891 1115 Benedicite,
933 1050 1142 1104 Anania
1170 1091 1186 1115 ,
1257 1050 1458 1103 Azariu
1492 1090 1508 1115 ,
1565 1050 1776 1117 Misael,
1813 1051 2038 1106 Domino
2055 1073 2076 1107 .’

2267 1051 2593 1123 Εὐλογεῖτε,
2638 1053 2889 1116 Ἀνανία,
2918 1047 3153 1118 Ἀζαρία,
3182 1043 3425 1112 Μισαὴλ
3445 1084 3460 1107 ,
3491 1043 3609 1096 τὸν
3644 1043 3791 1097 Κύ-

502 1138 785 1194 benedicite
830 1141 1101 1209 apostoli,
1151 1142 1413 1210 prop/leue
1454 1151 1505 1196 et
1555 1153 1810 1212 martyres
1861 1142 2026 1198 Domi:

2265 1161 2340 1198 ’ν’
2372 1144 2693 1214 εὐλογεῖτε,
2730 1145 3075 1206 ἀπόστολοι,
3125 1137 3416 1207 προφῆται
3454 1135 3552 1188 καὶ
3595 1133 3789 1204 {pcip-

502 1230 763 1286 Domino:
791 1233 1003 1287 laudate
1028 1244 1074 1287 et
1106 1234 1491 1303 superexaltate
1509 1251 1626 1288 eum
1650 1236 1704 1288 in
1727 1236 1943 1291 secula.

2267 1253 2354 1303 38c
2369 1237 2589 1305 Κυρίου
2607 1236 2715 1290 τὸν
2731 1240 2968 1304 Κύριον,
2986 1231 3225 1305 ὑμνεῖτε
3244 1231 3550 1298 καὶρὑερυ
3559 1231 3644 1297 ψο
3653 1227 3791 1281 ῦτε

886 1346 1155 1419 Hippolyti
1183 1350 1421 1419 episcopi
1453 1348 1702 1404 Romani.
2175 1327 2361 1385 αὑτὸν
2384 1346 2410 1382 ε

1372 1350 1421 1419 pi
1453 1348 1702 1404 Romani.
2175 1327 2361 1385 αὑτὸν
2384 1331 2472 1396 εἰς
2506 1327 2645 1395 τοὺς
2662 1327 2896 1395 αἰῶνας.

569 1459 900 1516 Admiranda
945 1471 1106 1527 sunt,
1146 1476 1180 1516 ο
1219 1463 1435 1527 dilecti,
1475 1479 1595 1534 quae
1626 1480 1656 1519 a
1689 1463 1863 1519 tribus
1888 1465 2074 1536 pueris

1898 1465 2074 1536 pueris
2497 1439 2811 1496 Ἱππολύτου
2854 1437 3150 1493 ἐπισκόπου
3188 1434 3422 1506 Ῥώμης,

499 1551 553 1605 in
577 1551 792 1607 camino
818 1553 957 1606 diota
985 1560 1143 1607 sunt:
1168 1555 1439 1622 quomodo
1474 1554 1607 1608 nihil
1632 1569 1697 1610 ex
1726 1555 1887 1611 rebus
1916 1572 2023 1612 cret

2257 1551 2529 1626 Θαυμάσαι
2558 1553 2616 1608 δὲ
2639 1554 2807 1618 ἔστιν,
2837 1550 3142 1623 ἀγαπητοὶ,
3170 1548 3241 1601 τὰ
3279 1547 3384 1601 ὑπὸ
3422 1545 3531 1599 τῶν
3574 1543 3781 1617 τριῶν

500 1647 572 1699 tis
636 1645 1030 1714 praeterierunt,
1106 1655 1164 1700 ut
1207 1661 1398 1716 nempe
1439 1647 1574 1700 nihil
1646 1647 1800 1717 quasi
1841 1648 2024 1703 liberm

2259 1647 2376 1701 ίδων
2399 1648 2455 1700 ὲν
2484 1649 2550 1718 τῇ
2575 1647 2788 1717 καμίνῳ
2810 1645 3075 1715 λεγόμενα
3093 1661 3106 1674 ο
3131 1642 3246 1706 πῶς
3265 1641 3415 1695 οὐδὲν
3440 1638 3781 1710 παρέλιπον

2105 1692 2146 1748 Β

501 1738 584 1790 vel
617 1739 700 1792 sui
727 1738 869 1809 juris
903 1753 1022 1794 esse
1051 1747 1361 1808 putaretur:
1392 1740 1483 1793 sed
1509 1756 1676 1809 quum
1714 1741 1893 1795 omnia
1919 1754 2025 1794 con

2252 1754 2279 1790 ν
2303 1739 2634 1808 ὲκτισμένων
2657 1776 2673 1801 ,
2719 1738 2806 1792 ἵνα
2845 1737 2920 1808 μὴ
2958 1737 3033 1800 ὡς
3082 1735 3359 1807 ἐλεύθερον
3395 1731 3776 1796 αὐτεξούσιον

500 1833 914 1901 prehendissent
944 1847 1008 1886 ac
1041 1832 1441 1895 nominassent,
1481 1832 1752 1895 caelestia,
1794 1833 2024 1886 terrestri

2255 1831 2399 1902 ιισθῇ
2419 1847 2434 1860 ο
2461 1829 2595 1884 ἀλλὰ
2617 1829 2793 1884 πάντα
2818 1828 3306 1901 ωμπεριλαὸόντες
3326 1826 3417 1879 καὶ
3441 1824 3779 1894 ὀνομάσαν-

497 1934 552 1977 et
584 1923 971 1986 subterranea,
1008 1923 1189 1977 omnia
1235 1922 1342 1977 Deo
1381 1923 1620 1992 subjecta
1665 1939 1785 1978 esse
1824 1925 2021 1979 ostende

2247 1921 2344 1984 ξτὰ
2370 1922 2667 1993 ἐπουράνια
2697 1920 2884 1975 καὶτὰ
2919 1921 3138 1988 ἐπίγεια
3160 1919 3256 1973 καὶ
3285 1917 3352 1971 τὰ
3385 1915 3771 1986 καταχθόνιοι,

500 2024 646 2077 runt,
679 2022 738 2067 ut
761 2013 852 2084 qui
883 2013 1064 2068 omnia
1096 2029 1192 2083 per
1227 2013 1462 2069 Verbum
1499 2015 1793 2068 creaverit:
1846 2031 1914 2069 ne
1946 2032 2016 2085 qu

2249 2032 2346 2068 vta.
2369 2015 2526 2069 δοῦλα
2545 2013 2747 2082 ἔδειξαν
2771 2010 2910 2068 εἶναι
2939 2012 3035 2067 τοῦ
3061 2011 3193 2066 Θεοῦ
3215 2011 3308 2065 τοῦ
3337 2010 3510 2064 πάντα
3533 2007 3627 2061 διὰ
3644 2007 3773 2060 τοῦ

498 2105 665 2158 ullam
703 2115 1006 2160 creaturam
1049 2105 1134 2162 vel
1173 2105 1468 2162 increatam
1515 2107 1595 2161 vel
1636 2105 1753 2162 sine
1802 2107 2022 2178 principi

2249 2122 2342 2178 του
2369 2106 2670 2172 κτίσαντος,
2701 2105 2787 2158 ἵνα
2816 2105 2889 2175 μή
2913 2120 2998 2168 τις
3019 2105 3355 2174 καυχήσηται
3379 2100 3455 2164 ὡς
3475 2098 3773 2169 ἀγένητόν

496 2212 620 2251 esse
649 2196 991 2266 gloriaretur.
1545 2190 1552 2198 ”

1545 2190 1552 2198 ”
2161 2220 2214 2255 τι
2240 2204 2334 2256 καὶ
2359 2205 2591 2272 ἄιαρχον
2617 2203 2704 2273 εῐη
2732 2196 3068 2270 κτισμάτων.

2735 2405 3698 2433 Μ

1626 2579 1749 2669 ΙΝ
1842 2579 2592 2670 MATTHZEUM.

1431 2769 1536 2832 (De
1577 2768 1857 2829 MAGISTRIS,
1883 2771 2002 2820 Acta
2023 2769 2298 2834 Martyrum
2339 2768 2564 2830 Ostiam,
2587 2781 2636 2831 p.
2662 2767 2797 2831 405.)

635 2915 702 2970 In
734 2914 975 2970 Hau/nvi
1004 2932 1123 2985 cap.
1153 2931 1228 2981 vi,
1261 2915 1348 2970 11.
1381 2945 1448 2956 -
1476 2913 1803 2970 Sententiam
1831 2931 1984 2970 suam
2010 2931 2159 2986 expor

2067 2916 2222 2986 :ponit
2247 2915 2379 2985 ,περὶ
2407 2916 2512 2971 τοῦ
2537 2915 2849 2971 ἐπιουσίου
2869 2917 2946 2971 vel
2968 2918 3032 2972 de
3071 2933 3202 2986 pane
3226 2916 3591 2974 substantia“.

563 3255 687 3311 Ideo
721 3269 964 3324 quaerere
997 3253 1138 3324 jussi
1187 3268 1376 3309 sumus
1407 3254 1553 3324 quod
1586 3254 1652 3309 ad
1694 3255 2063 3312 conservatio-

2231 3261 2329 3316 Διὰ
2367 3259 2522 3316 τοῦτο
2550 3257 2731 3330 ζητεῖν
2775 3257 3114 3332 προσετάχθη
3125 3274 3223 3329 μεν
3249 3256 3309 3310 τὸ
3337 3257 3470 3330 πρὸς
3495 3273 3562 3329 τη
3573 3276 3754 3330 ρης-ιν

491 3364 616 3403 nem
650 3347 946 3417 corporalis
1000 3347 1313 3402 substantiae
1359 3347 1588 3402 subiciat
1620 3363 1763 3402 :non
1806 3348 2015 3418 pulmen

2229 3354 2420 3428 ιρκοῦν
2468 3355 2566 3426 τῆς
2608 3353 2926 3426 σωματικῆς
2969 3350 3181 3414 οὐσίας’
3226 3352 3289 3405 οὑ
3329 3350 3536 3424 τρυφὴν
3592 3352 3753 3404 ἀλλὰ

494 3454 608 3498 tum
637 3485 652 3509 ,
691 3441 784 3497 sed
819 3441 1136 3496 alimentum
1158 3482 1173 3508 ,
1205 3441 1352 3511 quod
1381 3440 1563 3496 deﬁcit
1594 3441 1812 3511 corpori
1849 3451 2018 3496 restau

2225 3450 2378 3520 οφὴν,
2407 3445 2466 3500 τὸ
2495 3446 2736 3500 ἐλλεῖπον
2761 3445 2971 3517 ἁναπλη
2981 3445 3180 3516 ροῦσαν
3209 3442 3301 3497 τοῦ
3329 3441 3599 3515 σώματος,
3632 3446 3749 3497 καὶ

494 3553 654 3601 rans,
687 3545 1025 3605 mortemque
1052 3550 1117 3589 ex
1144 3532 1286 3588 fame
1318 3533 1612 3603 prohibens
1643 3549 1662 3601 ;
1700 3548 1808 3589 non
1842 3547 2018 3589 mensa

2223 3559 2251 3595 ν
2285 3538 2349 3595 ὲκ
2379 3538 2472 3594 τοῦ
2507 3537 2664 3610 λιμοῦ
2703 3537 3014 3592 κωλύουσαν
3047 3536 3303 3590 θάνατον’
3343 3536 3402 3589 οὐ
3442 3535 3746 3606 τραπέζας

491 3633 744 3701 Opiparas
766 3642 820 3686 et
848 3630 901 3684 in
931 3629 1235 3698 voluptates
1259 3626 1459 3682 eﬂ'usas
1477 3667 1491 3691 ,
1518 3641 1693 3697 neque
1718 3641 2015 3697 quaecunqu

2221 3631 2609 3704 εγμαινούσας,
2633 3632 2727 3684 καὶ
2760 3631 2839 3693 εἰς
2868 3627 3060 3702 ἡδονὰς
3085 3626 3466 3698 ὲκμαινούσας,
3492 3626 3604 3678 οὐδ’
3625 3626 3745 3679 ὅσα.

490 3739 688 3794 corpus
737 3723 1000 3778 insultare
1033 3720 1217 3774 animo
1264 3719 1541 3786 efﬁciunt,
1594 3719 1689 3774 sed
1741 3734 2014 3790 panem,¢

2216 3727 2386 3799 ιιρτᾷν
2431 3724 2493 3778 τὸ
2539 3722 2697 3795 σῶμα
2734 3721 2874 3776 κατὰ
2916 3721 3015 3792 τῆς
3058 3719 3234 3791 ψυχῆς
3274 3717 3692 3790 παρασκευάζει
3720 3758 3740 3783 ,

491 3815 635 3869 hunc
683 3829 791 3868 non
836 3813 890 3867 in
934 3813 1227 3867 multorum
1278 3824 1549 3867 annorum
1595 3825 1908 3875 numerum,
1956 3823 2015 3865 se

2215 3819 2271 3871 ,λ’
2304 3819 2490 3891 ἄρτον,
2517 3816 2612 3871 καὶ
2640 3815 2826 3869 τοῦτον
2852 3815 2952 3870 οὐκ
2982 3816 3062 3877 είς
3095 3814 3260 3868 πολὺν
3288 3811 3419 3866 ἐτῶν
3445 3811 3694 3884 ἀριθμὸν
3721 3854 3739 3877 ,

491 3905 651 3962 hodie
682 3906 838 3962 nobis
869 3903 1244 3960 sullicientem.

2154 3911 2292 3967 ἀλλὰ
2315 3911 2405 3965 τὸν
2433 3910 2670 3982 σήμερον
2696 3910 2827 3981 ἡμῖν
2855 3906 3143 3981 ἀρκοῦντα.

496 4121 692 4142 μ-ο

1786 4289 1912 4377 ΙΝ
1986 4287 2425 4379 LUCAM.

1141 4480 1276 4544 (MAI,
1314 4478 1620 4546 Scriptorum
1653 4485 1744 4532 vet.
1787 4476 2017 4531 Collectio
2059 4488 2199 4537 nova,
2224 4480 2343 4527 tom.
2369 4473 2451 4538 IX,
2474 4473 2888 4540 Romae,1837,p.
2913 4475 3047 4541 645.)

1153 4780 1305 4836 CAP.
1357 4782 1424 4837 11.
2075 4787 2121 4844 ι)

2075 4787 2121 4844 D
2793 4776 2951 4830 ΚΕΦ.
2991 4775 3065 4830 B'.

553 4873 707 4931 Vers.
737 4871 1296 4947 7.—Hippolyti.—Si
1329 4875 1411 4930 vis
1443 4883 1621 4930 autem
1642 4916 1657 4941 ,
1684 4873 1921 4929 Verbum
1950 4872 2044 4928 Dei

2231 4869 2569 4924 Ἱππολύτου.
2598 4869 2662 4923 Εἰ
2689 4867 2746 4922 δὲ
2775 4867 2985 4939 βούλει,
3029 4866 3204 4937 Λόγος
3244 4865 3379 4921 Θεοῦ
3406 4862 3474 4940 ἦν
3506 4873 3723 4942 πρωτά.

479 4977 598 5020 erat
648 4966 1101 5037 primogenitum,
1163 4983 1194 5022 e
1247 4967 1386 5022 coelo
1433 4967 1498 5020 ad
1552 4966 1767 5021 beatam
1817 4965 2003 5030 Maria:

2191 4979 2321 5027 tuac,
2347 4961 2442 5015 ἀπ’
2466 4958 2708 5032 οὐρανῶν
2729 4959 2824 5012 ἐπὶ
2842 4957 2938 5030 τὴν
2968 4957 3239 5030 μακαρίαν
3265 4957 3480 5027 Μαρίαν
3506 4977 3715 5032 κατερ-

479 5059 825 5124 descensum,
854 5071 907 5114 et
933 5059 1094 5114 homo
1127 5060 1524 5128 primogenitus
1553 5058 1608 5112 in
1643 5067 1800 5112 utero
1833 5056 2003 5111 forma

2197 5057 2374 5128 εμενος
2392 5094 2407 5118 ,
2438 5055 2529 5108 καὶ
2551 5053 2834 5124 ἄνθρωπος
2863 5053 3201 5124 πρωτότοκος
3233 5053 3290 5104 ὲν
3328 5051 3503 5123 κοιλίᾳ
3530 5053 3721 5107 πλασ-

478 5165 587 5220 tus,
605 5165 663 5209 ut
695 5156 1086 5225 primogenitus
1113 5153 1206 5210 Dei
1239 5155 1596 5226 primogenita
1619 5152 1826 5208 homini
1857 5151 2002 5207 unitu

2197 5149 2391 5220 εμενος,
2407 5147 2494 5201 ἵνα
2515 5149 2544 5199 ὁ
2568 5145 2905 5218 πρωτότοκος
2927 5141 3058 5197 Θεοῦ
3087 5144 3414 5215 πρωτοτόκῳ
3437 5144 3721 5219 ﬁve.“me

479 5247 941 5304 manifestaretur.

2147 5241 2549 5312 συναπτόμενος
2575 5238 2779 5311 δειχθῇ.

554 5340 706 5396 Vcrs.
737 5340 902 5396 εει.-
920 5339 1283 5411 Ilippolyti.—
1303 5337 1440 5394 Cum
1470 5338 1621 5393 illum
1653 5335 1878 5409 (Iesum)
1907 5337 2044 5393 tule-

2219 5333 2553 5392 Ἱππολύτου.
2606 5334 2731 5387 Ὅτε
2775 5333 2936 5386 αὑτὸν
2975 5332 3247 5404 ἀνήγαγον
3297 5333 3377 5396 είς
3420 5331 3480 5386 τὸ
3519 5333 3670 5404 ἱερὸν
3696 5375 3710 5399 ,

477 5443 606 5487 runt
633 5433 687 5487 in
715 5433 974 5503 templum
999 5443 1058 5489 ut
1081 5433 1335 5489 sisterent
1355 5447 1479 5488 eum
1510 5431 1760 5497 Domino,
1789 5430 2001 5503 purilica

2187 5426 2483 5501 αραστῆσαι
2512 5424 2588 5496 τῷ
2615 5423 2828 5495 Κυρίῳ,
2856 5423 2954 5487 τὰς
2985 5425 3310 5497 καθαρσίους
3335 5423 3711 5489 ἐπιτελοῦντες

479 5524 762 5580 solverunt
788 5525 1123 5589 oblationes;
1155 5526 1202 5581 si
1224 5527 1609 5598 enimpurilica
1641 5541 1865 5583 munera
1888 5525 2003 5598 juxt

2187 5521 2446 5594 ναφοράς·
2482 5522 2530 5576 ει
2557 5519 2666 5592 γὰρ
2692 5518 2759 5574 τὰ
2787 5519 3058 5593 καθάρσια
3076 5517 3224 5590 δῶρα
3253 5517 3394 5574 κατά
3421 5516 3514 5572 τὸν
3537 5517 3711 5588 νόμον

584 5639 628 5672 ⁸⁸
649 5638 780 5696 Dan.
814 5643 1014 5711 vn,l3,
1049 5641 1132 5696 M.
