3860 6200
48 292 165 347 ΤΟΙ
1349 283 1775 342 FRAGMENTA
1816 283 2041 339 DUBIA.
3197 280 3304 335 702

42 413 201 481 ὑπὲρ
234 406 402 461 αὑτοῦ
453 406 826 479 προσεφέρετο
845 448 859 472 ,
893 407 1064 479 ταύτῃ
1104 409 1197 461 καὶ
1224 407 1329 461 ὑπὸ
1359 408 1522 477 νόμον
1552 408 1643 476 γέ-

1747 407 1917 478 legem
1965 419 2066 475 pro
2114 420 2180 460 eo
2230 402 2626 466 offerebantur,
2684 401 2784 456 hoc
2837 400 3000 456 modo
3045 401 3145 457 sub
3191 400 3309 469 lege

44 518 215 567 τῡνεν
235 516 248 528 ·
286 498 411 552 οὔτε
442 498 498 550 δὲ
522 499 551 550 6
578 499 749 566 Λόγος
772 498 1029 551 ὑπέκειτο
1070 499 1147 568 τῷ
1175 500 1323 569 νόμῳ
1344 539 1357 563 ,
1390 499 1638 572 καθάπερ

1746 500 1922 554 factus
1965 508 2088 553 est:
2123 511 2300 567 neque
2374 495 2521 550 enim
2558 492 2797 548 Verbum
2847 493 3150 564 subjectum
3190 499 3310 546 erat

36 595 97 645 οἱ
144 590 482 657 τακοφὰνται
506 588 839 655 δοξάζουσιν,
869 590 1032 653 αὐτὸς
1059 589 1134 642 ὣν
1163 592 1192 643 6
1214 590 1394 660 Νόμος
1414 608 1427 619 ·
1461 590 1582 644 οὔτε
1610 594 1639 644 6

1740 590 1883 659 legi,
1933 589 2077 645 sicut
2122 590 2469 660 sycophantae
2518 586 2866 652 existimant,
2912 602 3035 641 cum
3076 587 3193 655 ipse
3238 586 3310 639 sit

39 686 188 746 826.;
227 683 397 734 ἐδεῖτο
428 681 683 751 θυμάτων
722 681 1033 752 καθαρσίων
1052 722 1066 745 ,
1098 681 1270 753 ἀθρόᾳ
1300 685 1437 753 ῥοπῇ
1472 683 1639 737 καθα-

1738 682 1895 737 Lex:
1930 697 2108 752 neque
2149 679 2295 736 Deus
2340 681 2619 752 indigebat
2654 678 2849 733 hostiis
2892 679 3170 748 purificis,
3211 678 3307 747 qui

44 774 225 841 ,πρίζων
260 773 480 825 ἅπαντα
510 772 606 825 καὶ
638 772 877 840 ἁγιάζων
898 790 913 803 ⁸
948 773 1062 827 ἀλλ’
1092 775 1139 825 εἰ
1173 773 1266 826 καὶ
1290 775 1354 826 ὲκ
1380 774 1477 843 τῆς
1503 790 1639 845 παρ-

44 866 207 918 θένου
264 865 326 917 τὸ
374 863 715 935 ἀνθρώπινον
754 864 987 936 ὄργανον
1032 865 1319 918 ἀναλαϐὼν
1364 866 1633 937 ἐφόρησε,

43 958 145 1007 ul.
189 956 298 1008 ὑπὸ
330 956 499 1025 νόμον
534 956 782 1024 ἐγένετο,
812 956 953 1009 κατὰ
994 956 1092 1019 τὰς
1119 955 1225 1009 τῶν
1274 957 1633 1027 πρωτοτόκων

38 1048 205 1110 sita;
236 1045 598 1115 καθαρισθεὶς
620 1086 634 1109 ,
664 1047 764 1101 οὐκ
794 1047 955 1109 αὐτὸς
996 1046 1247 1118 δεόμενος
1292 1049 1392 1118 τῆς
1429 1048 1632 1101 τούτων

44 1139 311 1209 pergin;
339 1140 580 1208 ὑπέμενε
629 1139 726 1201 τὰς
767 1139 1064 1210 θεραπείας
1087 1180 1101 1205 ,
1142 1137 1255 1191 ἀλλ’
1289 1140 1375 1192 ἵνα
1407 1140 1505 1210 τῆς
1537 1139 1629 1192 τοῦ

42 1232 209 1299 νόμου
237 1228 488 1293 δουλείας
517 1227 823 1301 ἐξαγοράσῃ
851 1230 976 1293 τοὺς
998 1229 1381 1301 πεπραμένους
1414 1233 1479 1303 τῇ
1507 1230 1630 1302 δίκῃ

43 1322 145 1389 τῆς
175 1322 339 1390 ἀρᾶς.

676 1413 835 1467 ΚΕΦ.
878 1414 1006 1468 KI".

124 1504 470 1557 Ἱππολύτου.
496 1505 595 1558 Διὰ
620 1505 777 1558 τοῦτο
808 1508 1045 1578 πυλωροὶ
1067 1507 1190 1578 ᾇδου
1220 1507 1418 1569 ἰδόντες
1443 1506 1623 1575 αὐτὸν,

42 1595 278 1664 ἔπτηξαν
298 1612 311 1624 ’
352 1596 449 1648 καὶ
484 1595 649 1647 πύλαι
680 1594 899 1665 χαλκαῖ,
933 1598 1024 1649 καὶ
1054 1597 1240 1668 μοχλοὶ
1264 1596 1469 1667 σιδηροῖ
1496 1614 1622 1648 συν-

44 1685 337 1755 ετρίϐησαν
360 1700 373 1714 ·
412 1685 528 1739 ἰδοὺ
556 1685 665 1755 γὰρ
690 1686 717 1736 ὁ
746 1687 1059 1757 Μονογενὴς
1091 1686 1336 1758 εἰσῆλθεν
1368 1688 1443 1750 ὡς
1475 1688 1619 1758 ψυχὴ

1739 784 1943 846 puncto
1975 773 2238 844 temporis
2264 772 2515 843 puriﬁcat
2543 772 2727 827 omnia
2755 778 2809 825 et
2835 769 3139 825 sanctiﬁcat
3163 786 3177 820 :
3211 770 3306 824 sed

1736 868 1923 922 etsiex
1936 868 2144 937 virgine
2163 868 2464 921 humanum
2490 879 2755 935 organum
2782 863 3086 932 suscipiens
3108 862 3302 925 induit,

1734 967 1788 1015 et
1808 961 1912 1017 sub
1946 958 2061 1029 lege
2118 957 2294 1012 factus
2338 956 2439 1022 sit,
2493 956 2789 1011 secundum
2818 954 3303 1025 primogenitorum

1734 1050 2177 1106 consuetudinem
2195 1048 2534 1120 puriticatus;
2554 1063 2658 1102 non
2680 1048 2795 1117 ipse
2808 1056 2984 1100 tamen
3031 1045 3305 1114 indigebat

1730 1144 1957 1198 istarum
1982 1142 2424 1200 cmrcmoniarum
2449 1148 2707 1211 apparatu
2730 1138 2854 1205 ;sed
2875 1152 2965 1191 eas
2978 1136 3215 1206 pertulit,
3246 1146 3304 1189 ut

1732 1235 2046 1291 ascrvitute
2080 1234 2215 1304 legis
2250 1234 2539 1289 redimeret
2562 1231 2684 1286 illos
2726 1230 2821 1300 qui
2864 1228 3066 1283 vcnditi
3089 1226 3303 1282 fuerant

1727 1327 1852 1396 jure
1879 1324 2299 1381 maledictionis.

2293 1414 2522 1470 CAPUT
2564 1411 2747 1466 XXIII.

1799 1507 2459 1580 liippolyti.—Propterea
2485 1506 2695 1561 ostiarii
2729 1503 3026 1558 inferorum
3056 1504 3300 1561 videntes

1725 1617 1849 1657 eum
1886 1602 2285 1655 intremuerunt
2311 1614 2323 1650 :
2351 1607 2403 1653 et
2433 1607 2615 1667 postes
2644 1611 2815 1661 azreze,
2846 1604 2898 1649 et
2930 1594 3091 1650 ferrei
3119 1605 3300 1652 vectes

1724 1691 1989 1748 confracti
2020 1700 2168 1746 sunt.
2199 1688 2343 1745 Ecce
2368 1694 2513 1744 enim
2542 1687 2865 1759 Unigenitus
2900 1688 3121 1742 intravit
3139 1689 3299 1758 quasi

47 1778 177 1843 μετὰ.
217 1777 443 1847 ψυχῶν,
490 1778 620 1841 Θεὸς
667 1778 837 1846 Λόγος
886 1779 1153 1849 ἔμψυχος
1199 1781 1259 1833 τὸ
1307 1780 1416 1853 γὰρ
1462 1782 1618 1853 σῶμα

1727 1786 1902 1839 anima
1935 1783 2078 1837 inter
2113 1783 2326 1837 animas
2352 1823 2365 1847 ,
2396 1780 2539 1835 Deus
2568 1779 2806 1835 Verbum
2836 1779 2889 1833 in
2922 1780 3108 1834 anima
3141 1780 3300 1834 habi-

44 1870 209 1920 Ξκξετο
235 1871 296 1921 ἐν
332 1868 593 1939 μνημείῳ
611 1909 625 1931 ,
650 1870 768 1939 οὐχ).
795 1871 1030 1924 κενωθὲν
1059 1871 1155 1941 τῆς
1187 1871 1468 1943 θεότητος,
1503 1874 1615 1927 ἀλλ’

47 1960 218 2031 ὥπερ
248 1965 310 2014 ἐν
338 1962 421 2031 τῷ
446 1962 550 2034 ᾄδῃ
576 1959 678 2025 ὢν,
708 1965 773 2033 τῇ
803 1962 960 2033 οὐσία
986 1958 1054 2035 ἦν
1088 1964 1224 2035 πρὸς
1252 1965 1341 2017 τὸν
1374 1967 1613 2039 Πατέρα,

46 2050 201 2115 cites;
231 2048 305 2122 ἦν
339 2055 402 2106 ὲν
446 2053 523 2123 τῷ
560 2052 771 2124 σώματι
815 2055 912 2108 καὶ
947 2057 1004 2107 ὲν
1036 2053 1112 2125 τῷ
1156 2055 1289 2128 ᾇδῃο
1337 2056 1618 2129 ἀχώρητος

47 2144 141 2211 γαρ
171 2144 285 2195 ἐστι
321 2144 422 2195 καὶ
454 2146 481 2197 6
517 2145 678 2209 Υἱὸς,
717 2143 791 2208 ὡς
823 2146 851 2197 6
886 2145 1074 2216 Πατὴρ
1094 2187 1108 2210 ,
1136 2146 1229 2200 καὶ
1262 2146 1441 2201 πάντα
1471 2164 1620 2219 περι-

43 2230 173 2299 ἐῑειο
203 2232 344 2285 ἀλλὰ
390 2233 568 2287 θέλων
610 2234 863 2307 ἐχωρήθη
898 2235 957 2287 ἐν
993 2235 1206 2307 σώματι
1239 2238 1496 2309 ἐμψύχῳ,
1531 2241 1617 2295 ἵνα

48 2320 170 2388 μετὰ
200 2323 300 2393 τῆς
336 2323 483 2387 ἰδίας
521 2323 697 2394 ψυχῆς
730 2324 967 2397 πορευθῇ
998 2328 1077 2390 εἰς
1104 2326 1194 2380 τὸν
1223 2327 1376 2401 ᾅδην,
1408 2331 1502 2383 καὶ
1541 2329 1614 2401 μὴ

44 2416 202 2483 τδμιρῇ
234 2418 301 2485 τῇ
333 2415 580 2486 θεότητι.

1724 1887 1881 1946 tans;
1926 1891 2051 1929 nam
2098 1890 2296 1945 corpus
2349 1874 2566 1945 jacebat
2627 1874 2681 1927 in
2734 1881 3127 1935 monumento,
3187 1887 3297 1926 non

1723 1982 1953 2021 vacuum
2002 1965 2326 2031 divinitatis,
2375 1964 2469 2019 sed
2504 1964 2645 2018 sicut
2675 1964 2728 2017 in
2766 1962 2983 2017 inferno
3020 1962 3210 2030 adest,
3244 1973 3299 2017 et

1718 2059 2151 2115 substantialiter
2186 2058 2327 2127 apud
2358 2055 2608 2123 Patrem,
2647 2055 2726 2110 sic
2756 2064 2871 2109 erat
2905 2056 2960 2109 in
2997 2070 3224 2125 corpore
3245 2064 3300 2109 et

1714 2148 1769 2203 in
1803 2148 2053 2215 inferno,
2089 2163 2214 2202 nam
2268 2147 2559 2203 illocabilis
2604 2157 2687 2201 est
2734 2144 2906 2201 Filius
2955 2145 3097 2200 sicut
3140 2145 3300 2200 Pater

1711 2239 2003 2309 omniaque
2050 2239 2495 2309 comprehendit;
2531 2238 2649 2307 [sed
2697 2236 2874 2292 libens
2929 2238 3193 2293 habitavit
3242 2238 3296 2291 in

1712 2346 1944 2401 corpore
1999 2332 2239 2386 animam
2288 2331 2550 2398 habente,
2576 2331 2652 2399 {ut
2693 2344 2818 2385 eum
2859 2330 3076 2399 propria
3115 2330 3299 2385 anima

1720 2422 2073 2478 descenderet
2108 2424 2161 2477 in
2201 2422 2413 2479 inferna
2442 2429 2497 2477 et
2525 2437 2634 2477 non
2668 2420 2812 2475 nuda
2846 2419 3152 2475 divinitate.

71 2568 3282 2595 Μ

782 2681 865 2740 ΙΝ
891 2679 1227 2742 JOANNIS
1260 2682 1788 2745 EVANGELIUM
1820 2683 1922 2743 ET
1950 2682 2524 2744 APOCALYPSIN.

104 2803 460 2878 Hieronymus
507 2803 692 2878 laudat
736 2803 926 2878 Nostri
965 2805 1199 2878 libellum
1252 2805 1718 2878 DeiApocalypsi;
1750 2807 1803 2860 in
1846 2823 2140 2861 marmoreo
2178 2805 2432 2860 laterculo
2481 2807 2818 2878 nominatur,
2854 2804 2994 2877 ὑπὲρ
3026 2804 3118 2859 1:05
3152 2807 3293 2863 κατὰ

53 2876 173 2926 Ίωάη

266 2874 665 2948 νιιξὺαγγξλίῳ
706 2875 800 2928 καὶ
845 2875 1284 2948 Ἀποκαλυψεως.
1329 2874 1648 2948 Εὸἓάάεδιῖἱ

1727 2895 1773 2930 er
1799 2881 1966 2933 nostri
2007 2880 2204 2947 scripta
2247 2878 2406 2945 refert
2451 2877 2749 2946 apologiam
2780 2894 2874 2945 pro
2902 2874 3217 2948 Apocalypsi
3244 2889 3293 2932 et

46 2942 316 3013 Emngelio
332 2942 589 2997 Joannis.
615 2943 801 3015 Itaque
828 2947 1033 3000 videtur
1053 2942 1373 3017 Hippolytus
1394 2951 1447 3002 in
1465 2942 1650 3003 eodem
1675 2948 1808 3001 libro
1830 2949 2094 3011 docuisse,
2115 2942 2369 3017 'Evangeli
2378 2964 2463 3000 um
2486 2942 2540 3000 et
2568 2942 3076 3017 Α’ροεαιθρδίηζφιω
3092 2942 3292 3001 Joanni

43 3017 266 3095 apostolo
296 3016 660 3095 ascribuntur,
691 3033 803 3069 vere
832 3020 894 3069 ab
925 3034 985 3070 eo
1014 3016 1315 3095 conscripta
1357 3035 1498 3095 esse._
1534 3018 1679 3072 Num
1711 3020 1769 3095 in
1808 3016 2283 3095 illo__disputaverit
2309 3027 2493 3071 contra
2538 3018 2728 3088 Alogos
2753 3016 2837 3095 _an
2858 3027 3049 3095 contra
3079 3034 3165 3071 eos
3201 3021 3293 3089 qui

42 3084 335 3163 {ome‘hos
370 3085 533 3163 libros
564 3086 877 3163 rejecerunt,
906 3084 1229 3163 constituere:
1247 3106 1349 3163 non
1391 3090 1668 3163 audemus.
1702 3088 1835 3163 Cum
1869 3084 2220 3163 Hieronymus
2266 3084 2701 3141 commentarium
2746 3089 2802 3141 in
2835 3087 3187 3157 Apocalypsin
3213 3084 3290 3141 ἀὑ

46 3155 645 3236 ῌίρροζῃιοροζιιεριωη
681 3157 906 3211 laudare
934 3158 1266 3236 videatur,_id
1288 3158 1724 3236 quodSyncellus
1757 3162 1832 3236 (5)
1855 3160 2024 3236 plane
2047 3155 2723 3236 afﬁrmauprarterea‘cum
2745 3155 2927 3236 quanti
2954 3155 3293 3236 testimaperit

42 3228 384 3295 Apocalypsin
420 3228 542 3279 inde
575 3237 832 3299 appareat
866 3229 1004 3297 quod
1048 3231 1100 3281 in
1153 3228 1391 3285 libro-De
1417 3228 1756 3286 Antichristo
1786 3228 1923 3299 (cap.
1958 3231 2027 3283 ‘26
2065 3228 2113 3284 et
2142 3228 2231 3297 48)
2263 3241 2311 3283 et
2340 3230 2445 3297 ipse
2470 3229 2770 3297 confitetur,
2800 3240 2847 3282 et
2878 3229 3111 3299 singulos
3150 3230 3290 3283 locos

44 3312 165 3370 sepe
196 3299 356 3364 aﬁ’ert
386 3306 545 3366 atque
584 3297 863 3369 diligenter
905 3303 1153 3368 exponit,
1185 3317 1363 3355 revera
1408 3317 1527 3355 eum
1564 3300 1712 3356 illius
1753 3297 1879 3356 libri
1923 3302 2407 3370 interpretationem
2454 3301 2727 3369 scripsisse
2758 3316 2863 3353 non
2891 3297 3061 3369 inepte
3096 3300 3290 3370 aliquis

43 3368 331 3435 confecerit.

101 3503 178 3571 (5)
218 3504 513 3575 Chronogr.
548 3522 603 3576 p.
631 3505 764 3561 558.

889 3866 1641 3999 FBAGMEN
1654 3865 1865 3994 TA
1957 3865 2438 3998 DUBIA

1028 4123 1156 4213 IN

46 4319 403 4379 (Pe-mirus
425 4317 663 4370 Arabicus
712 4330 943 4379 ms.rcum
968 4317 1333 4366 commentariis
1358 4314 1448 4379 SS.
1474 4314 1677 4379 Patrum
1700 4310 1769 4375 [Η

1254 4119 2278 4213 PENTATEUCHUM.

1773 4311 1990 4374 untling.
2014 4325 2113 4374 ms:
2130 4309 2419 4374 Stilitter‘is
2443 4307 2657 4374 Syriacis
2681 4314 2735 4359 et
2754 4308 2892 4374 Bodl.
2926 4307 3011 4357 NE
3037 4319 3079 4374 c.
3101 4307 3180 4369 35,
3197 4308 3289 4374 ἰιι-

90 4370 209 4433 teris
228 4370 446 4443 Syriacis
480 4378 884 4443 fol.j.—-Arabice
906 4385 959 4427 et
990 4378 1164 4443 Latine
1187 4379 1342 4443 edidit
1367 4375 1616 4443 Fabricius
1645 4370 1769 4436 opp.
1795 4370 2135 4443 Ilippolytill,
2172 4373 2341 4443 55.71
2365 4372 2733 4443 Spurium‘esse
2759 4372 2850 4443 bop
2876 4371 3163 4443 opusculum
3182 4370 3288 4443 jam

91 4429 362 4493 550606
384 4429 617 4505 agnoscit
639 4480 653 4502 ,
678 4429 729 4491 et
770 4442 885 4505 ideo
911 4441 1043 4505 satis
1081 4443 1148 4489 sit
1188 4440 1412 4489 Latinam
1443 4429 1728 4488 versionem
1756 4429 2019 4486 exhibere.
2044 4433 2170 4485 Vide
2202 4470 2215 4495 ,
2240 4431 2283 4482 si
2328 4429 2472 4482 lubet
2494 4471 2506 4492 ,
2542 4434 2767 4481 notitiam
2805 4432 2868 4482 de
2893 4429 3008 4481 Vita
3027 4438 3071 4482 et
3092 4429 3288 4496 scriptis

94 4511 139 4556 S.
163 4500 449 4570 Hippolyti:
469 4500 648 4566 supra,
672 4505 766 4553 col.
792 4500 929 4564 διδ.)

1470 4653 1628 4709 ΡΚᾹΞ
1638 4648 1866 4707 FATIO.

94 4772 152 4827 In
182 4772 404 4827 nomine
432 4772 612 4827 Patris
642 4780 695 4825 et
726 4769 851 4825 Filii
894 4777 948 4823 et
995 4766 1230 4838 Spiritus
1262 4769 1473 4835 sancti,
1507 4768 1603 4825 Dei
1632 4750 1675 4807 (ἶ-
1712 4761 1981 4834 probitate
2021 4756 2377 4825 conspicuus,
2433 4752 2792 4809 ratiocinandi
2835 4754 3091 4812 facultate
3132 4771 3287 4826 egre-

46 4865 220 4918 unius.
246 4862 362 4918 Hoc
384 4872 469 4918 est
496 4864 773 4933 exemplar
799 4860 933 4931 legis
957 4860 1287 4915 excellentis.

103 4954 301 5009 Verum
336 4970 516 5025 opera!
545 4954 778 5024 pretium
800 4964 905 5017 est,
930 4952 1247 5022 priusquam
1278 4951 1600 5021 incipiamus

44 5045 340 5101 describere
375 5046 652 5116 exemplar
680 5047 803 5100 libri
838 5047 1005 5117 legis,
1047 5056 1108 5101 ut
1134 5046 1427 5101 doceamus
1450 5053 1533 5112 .te,
1566 5059 1599 5099 ο

45 5136 217 5200 frater,
242 5140 315 5194 de
342 5139 656 5193 excellentia
691 5138 810 5207 ejus
846 5147 902 5192 ct
938 5138 1198 5209 dignitate
1226 5135 1598 5207 dispositionis

44 5230 166 5293 ejus.
196 5228 385 5283 Prima
420 5228 541 5298 ejus
573 5230 893 5284 excellentia
937 5240 1044 5294 est,
1090 5229 1235 5300 quod
1282 5228 1504 5283 tradidit
1532 5228 1599 5281 il-

44 5316 131 5371 lam
161 5317 315 5373 Deus
346 5334 443 5387 per
473 5334 698 5373 manum
725 5318 945 5374 Domini
989 5318 1313 5385 beatissimi,
1344 5317 1605 5389 principis

46 5409 450 5479 prophetarum,
482 5420 533 5463 et
579 5410 738 5479 primi
781 5410 1180 5479 apostolorum,
1228 5410 1343 5466 sive
1381 5423 1603 5473 eorum,

49 5501 123 5564 qui
158 5500 319 5557 missi
354 5511 482 5556 sunt
514 5502 579 5555 ad
617 5502 758 5556 filios
787 5501 1024 5569 lsraelis,
1056 5516 1249 5571 nempe
1288 5499 1476 5565 Mosis,
1507 5498 1604 5554 lilii

53 5592 261 5663 Amran,
291 5594 387 5649 filii
412 5593 642 5661 Cahath,
674 5611 704 5650 e
732 5595 858 5649 ﬁliis
886 5593 1035 5649 Levi.

105 5684 218 5753 Ipse
258 5696 438 5740 autem
484 5687 771 5757 omnigena
819 5684 1045 5740 scientia
1093 5693 1316 5740 ornatus
1365 5683 1501 5746 fuit,
1550 5692 1604 5736 et

50 5778 289 5841 peeditus
317 5782 518 5849 optima
566 5779 762 5847 indole;
802 5779 1028 5841 illustris
1061 5777 1344 5850 dignitate,
1384 5789 1601 5832 morum

1712 4856 1857 4924 gius,
1888 4849 2191 4905 collocutus
2220 4844 2325 4899 fuit
2355 4859 2479 4900 cum
2507 4843 2638 4901 Deo.
2673 4845 2952 4917 Elegitque
2986 4848 3137 4901 illum
3164 4856 3288 4901 tan-

1713 4958 1878 5016 quam
1908 4943 2334 4996 instrumentum
2380 4938 2696 5006 pretiosum.
2745 4938 2846 4995 Per
2893 4940 3190 5009 principem
3236 4952 3289 4994 et

1705 5034 2023 5108 prophetam
2061 5046 2223 5088 suum
2264 5029 2593 5087 descendere
2642 5030 2790 5100 fecit,
2835 5032 3096 5104 (tradidit)
3137 5031 3284 5086 illam

1712 5128 1931 5199 (legem)
1956 5124 2102 5182 Deus
2130 5122 2371 5192 optimus
2404 5125 2699 5187 maximus,
2731 5124 3062 5195 glorilicetur
3087 5138 3285 5178 nomen

1708 5225 1851 5294 ejus,
1884 5223 1940 5277 in
1966 5223 2151 5294 lingua
2177 5220 2401 5294 Syriaca
2421 5220 2683 5290 Targum,
2706 5234 2868 5288 quam
2894 5217 3286 5271 transtulerunt

1714 5316 2071 5388 Septuaginta
2089 5316 2143 5369 in
2162 5314 2404 5386 linguam
2434 5313 2735 5379 Ilebrzeam,
2754 5325 2946 5379 nempe
2969 5309 3023 5363 in
3045 5309 3284 5378 linguam

1710 5407 1899 5478 populi
1932 5405 2071 5477 ejus.
2100 5416 2154 5461 et
2182 5405 2383 5461 idioma
2411 5404 2602 5475 plebis.

1785 5497 2035 5565 Suscepit
2058 5497 2243 5567 itaque
2260 5498 2408 5552 illam
2426 5496 2604 5551 Moses
2627 5510 2659 5549 a
2684 5493 2914 5548 Domino
2936 5493 3279 5560 saeculorum,

1710 5598 1764 5644 et
1792 5588 2001 5659 primus
2033 5586 2134 5643 fuit
2155 5589 2245 5643 cui
2275 5588 2585 5645 concredita
2620 5595 2735 5653 est,
2782 5586 2985 5657 quique
3018 5586 3165 5641 illius
3191 5601 3285 5641 ca-

1711 5681 1945 5737 nonibus
1978 5690 2030 5735 et
2059 5683 2263 5751 regulis
2291 5697 2496 5737 morem
2528 5679 2717 5752 gessit.
2760 5678 2962 5734 Deinde
3000 5679 3145 5733 illam
3180 5678 3281 5733 do-

1712 5772 1823 5829 cuit
1864 5772 2000 5829 filios
2042 5771 2277 5843 lsraelis,
2320 5773 2414 5844 qui
2456 5783 2509 5830 et
2554 5772 2698 5829 illam
2746 5771 2977 5844 amplexi
3025 5784 3171 5827 sunt.
3215 5769 3283 5825 Et
