3860 6200
97 385 152 439 πε
775 353 1199 413 FRAGMENTA
1225 349 1453 409 DUBIA.
1493 382 1561 391 -—
1593 343 2074 402 PENTATEUCH.
2114 341 2333 424 ARABa

3064 331 3166 387 706

130 493 170 549 Et
193 491 404 554 amplum
438 478 622 532 librum
657 472 787 543 legis
826 469 1062 551 coniecit
1090 470 1145 522 in
1189 467 1350 521 altam
1392 464 1501 519 fos-
1532 470 1577 526 Α
1669 461 1793 514 llaec
1826 460 2005 529 itaque
2041 456 2307 528 expositio
2338 451 2455 508 libri
2485 448 2670 522 primi.
2705 446 2808 516 Qui
2841 444 3060 519 quidem
3088 451 3173 501 est

93 602 172 645 gn,
193 592 230 634 et
246 572 423 631 immisit
447 583 599 639 super
627 566 770 619 illam
807 575 987 633 ignem
1020 570 1075 616 et
1100 561 1310 614 cineres
1336 555 1501 610 fervi-

93 684 159 737 tos,
185 687 251 743 per
267 675 429 736 septem
454 662 584 716 dies.
611 657 745 712 Tum
774 665 965 726 postea
992 651 1263 723 praecepit,
1286 661 1345 704 ut
1373 662 1501 704 cono

92 775 229 844 ﬁcerent
249 762 381 815 lutum
406 752 624 810 civitatis
658 751 712 805 in
738 751 884 804 illam
916 746 1144 810 fossam,
1172 745 1225 798 in
1248 758 1354 813 qua
1389 749 1506 796 erat

94 834 172 917 iber
197 855 307 924 legis.
347 848 402 904 Et
433 846 643 918 impleta
689 841 792 897 luit
835 839 980 897 fossa
1029 851 1203 907 usque
1246 834 1314 889 ad
1356 848 1507 888 sum-

134 1039 351 1099 llansitlex
376 1033 467 1090 sub
496 1040 732 1087 stercore
764 1027 819 1081 in
854 1024 945 1079 illa
983 1022 1127 1078 fossa
1167 1035 1262 1091 per
1291 1027 1509 1088 septua—

95 1144 179 1208 ginta
206 1147 348 1191 annos,
390 1134 437 1179 et
468 1137 573 1177 non
619 1119 801 1191 periit,
838 1132 1015 1187 neque
1053 1120 1369 1183 corruptum
1408 1108 1512 1164 luit

96 1252 131 1290 et
149 1248 186 1285 ea
204 1227 260 1281 rei
285 1236 425 1277 unum
452 1218 662 1272 folium.

134 1323 229 1376 Atina
255 1312 473 1385 vigesimo
502 1307 676 1378 primo
709 1301 862 1375 regni
899 1297 1155 1371 Apianuti
1198 1294 1340 1362 regis
1379 1292 1513 1348 edn-

58 1389 65 1435 ⁵
99 1423 211 1471 xerunt
238 1411 398 1464 ﬁbram
433 1402 560 1472 legis
600 1416 631 1455 e
670 1398 843 1462 fossa,
882 1404 938 1452 et
979 1410 1049 1450 ne
1091 1408 1256 1449 unum
1293 1389 1509 1461 quidem

56 1502 57 1509 “
99 1507 207 1562 hlium
227 1518 272 1556 ex
296 1514 347 1554 ea
372 1505 476 1552 erat
498 1502 838 1562 corruptum.

138 1599 287 1667 Et.post
305 1592 646 1648 ascensionem
676 1584 878 1641 Christi
918 1582 971 1636 in
995 1579 1217 1640 coelum,
1241 1575 1390 1630 venit
1419 1590 1516 1629 rex

100 1690 203 1754 Titus,
222 1688 331 1742 illius
356 1679 653 1752 Aspasiani,
683 1677 829 1748 regis
856 1674 1060 1735 Romae,
1098 1672 1149 1724 in
1189 1666 1516 1729 Jerusalem,

102 1785 296 1850 deditque
330 1788 374 1833 et
415 1775 550 1845 cepit
600 1772 771 1827 illam.
821 1768 887 1823 Et
930 1765 1194 1821 destruxit
1232 1762 1516 1817 aedilicium

105 1881 215 1932 domus
245 1871 484 1933 secundae,
531 1882 696 1937 quam
747 1860 1146 1917 aediﬁcaverant
1191 1855 1284 1909 lilii
1335 1852 1518 1908 Israel.

105 1966 268 2022 Destrutil
303 1962 437 2016 Titus
475 1976 571 2014 rex
612 1957 839 2011 domum
885 1948 1223 2014 sanctuarii;
1256 1943 1526 2000 interiecit

105 2076 208 2114 mnes
235 2057 308 2124 qui
334 2064 474 2109 erant
504 2053 558 2108 in
579 2068 644 2106 ea
662 2066 729 2105 ex
761 2045 983 2111 Judteis,
1005 2052 1059 2098 et
1078 2039 1530 2097 miliﬁcavithio-

107 2152 316 2220 maritima
344 2145 591 2216 sanguine
621 2157 834 2197 eorum.
855 2137 924 2192 Et
950 2146 1071 2209 post
1103 2136 1248 2191 illam
1276 2135 1527 2204 deporta-

107 2244 222 2297 tiomn
243 2238 608 2311 (captivitatem)
640 2234 872 2304 dispersi
903 2242 1029 2286 sunt
1064 2229 1237 2285 Judaei
1268 2227 1321 2282 in
1360 2226 1530 2282 servi—

108 2346 212 2388 tutem.
242 2334 386 2402 Neque
414 2329 641 2399 amplius
678 2324 988 2395 congregati
1020 2332 1147 2379 sunt
1172 2324 1227 2376 in
1258 2320 1531 2376 civitatem

108 2425 307 2486 Jerusalem,
333 2438 491 2491 neque
519 2435 752 2491 usquam
780 2414 1080 2472 revertendi
1104 2429 1228 2484 spes
1249 2421 1352 2467 est.

144 2517 343 2586 Postquam
377 2515 533 2585 igitur
553 2520 770 2567 vastata
815 2509 913 2564 fuit
944 2506 1278 2567 Jerusalem,
1311 2502 1532 2558 tradidit

108 2607 361 2680 (astiterunt)
389 2609 525 2662 illam
557 2608 780 2678 (legem)
813 2602 1066 2657 Shemaia
1090 2608 1142 2655 et
1168 2597 1380 2652 Antalia
1403 2596 1535 2666 (Ab-

110 2704 219 2769 uliou)
247 2716 363 2768 reges
390 2698 654 2753 Baalbach
693 2696 768 2765 t7)
810 2693 1064 2758 civitatis,
1101 2706 1260 2760 quam
1298 2688 1534 2743 aediﬁca-

110 2802 194 2845 rem
213 2792 306 2845 olim
333 2790 556 2846 Soliman
591 2785 883 2859 (Salonio),
926 2784 1071 2840 ﬁlius
1118 2780 1335 2836 Davidis
1369 2779 1533 2848 regis,

110 2900 245 2956 mue
276 2886 425 2940 denuo
472 2888 777 2940 restaurata
829 2879 929 2933 luit
969 2878 1024 2933 in
1067 2876 1257 2932 diebus
1295 2872 1539 2927 Menasse

110 2980 203 3047 regis,
228 2978 298 3048 qui
326 2977 543 3034 medium
572 2974 749 3033 secuit
783 2969 1002 3025 Esaiam
1048 2967 1364 3038 prophetam
1410 2976 1537 3018 cum

110 3085 206 3126 serra.

110 3249 259 3319 vertitque
280 3251 403 3305 illam
428 3259 479 3305 et
502 3247 705 3304 occidit
726 3257 917 3300 omnes
950 3240 1044 3313 qui
1087 3246 1241 3294 erant
1266 3237 1319 3290 in
1358 3235 1448 3289 illa
1474 3249 1538 3288 ex

109 3337 243 3405 ludatis,
260 3351 492 3413 quotquot
511 3347 674 3397 erant
693 3339 760 3394 de
787 3334 1041 3408 prosapia
1076 3331 1317 3397 Davidis,
1349 3329 1406 3383 in
1429 3342 1545 3384 ser-

111 3436 244 3490 vitutem
266 3438 458 3508 redegit.

148 3524 188 3579 Et
213 3529 396 3598 dispersi
435 3536 563 3584 sunt
603 3523 776 3580 Judaei
823 3537 919 3592 per
960 3518 1270 3575 universam
1312 3523 1546 3575 terram,

109 3620 434 3684 incommodum
477 3618 805 3691 praedixerat
859 3613 1003 3667 Deus
1050 3609 1298 3665 excelsus
1326 3624 1339 3661 :
1368 3604 1436 3658 Et
1465 3604 1550 3657 di-

111 3724 259 3779 spergant
276 3728 347 3767 eos
378 3714 506 3768 inter
538 3719 736 3783 gentes,
765 3716 816 3762 et
856 3702 1124 3774 dissipabo
1152 3692 1239 3756 vos
1282 3700 1419 3753 inter
1451 3712 1549 3768 po-

110 3798 209 3859 ριω.

150 3890 263 3959 Atque
293 3892 391 3947 haec
419 3901 565 3956 sunt,
601 3904 723 3959 qua:
754 3886 820 3941 ad
848 3899 949 3940 nos
979 3886 1343 3954 pervenerunt
1366 3876 1434 3934 de
1464 3876 1553 3931 hi-

111 3980 211 4034 ﬂoria
230 3982 354 4039 istius
378 3984 493 4038 libri
521 3976 983 4052 praestantissimi.

172 4148 173 4151 η
507 4073 745 4143 Explict't
776 4067 1043 4141 praefatio.

153 4162 375 4223 Innomine
402 4169 490 4225 Dei
515 4166 727 4232 mtemi,
755 4159 1089 4233 sempiterni,
1105 4154 1362 4230 ‘maximi,
1388 4152 1555 4210 mise-

114 4251 275 4321 ricordis,
294 4257 635 4315 miseratoris.

152 4343 364 4420 lncipimus
388 4369 507 4409 cum
545 4348 746 4407 auxilio
770 4346 866 4402 Dei
902 4343 1208 4402 describere
1242 4341 1443 4397 librum
1480 4340 1560 4397 le-

1603 553 1740 607 liber
1768 551 2079 616 ercationis,
2110 549 2314 605 entinm
2344 553 2674 602 creatorum.

2129 702 2373 761 SECTIO
2403 700 2638 756 PRlMA.

1604 821 1681 877 De
1696 823 1956 877 creatione
1975 820 2084 876 coeli
2097 828 2144 873 et
2164 815 2508 873 terrieJnitio
2530 812 2723 868 creavit
2739 810 2950 878 Deus",
2963 804 3176 880 etc.(8).

1674 936 1956 1007 Expositio
1984 934 2037 989 in
2075 933 2229 996 illud,
2255 929 2399 1002 quod
2426 929 2562 984 dixit
2592 927 2756 982 Deus.

1676 1029 1743 1085 Et
1771 1030 1988 1100 quidem
2018 1027 2209 1082 beatus
2250 1025 2543 1096 propheta,
2590 1036 2823 1092 magnus
2854 1019 2943 1075 ille
2977 1017 3180 1086 Moses,

1608 1124 1826 1192 scripsit
1850 1122 2045 1176 librum
2070 1120 2236 1187 hunc,
2262 1116 2655 1189 appellavitque
2686 1124 2738 1168 et
2764 1112 2921 1168 titulo
2948 1112 3181 1182 insugui-

1609 1214 1685 1269 vit
1712 1213 1905 1267 librum
1940 1210 2114 1277 Emis,
2138 1211 2189 1264 id
2216 1220 2319 1275 est,
2341 1208 2556 1263 Eritium
2582 1214 2913 1271 creatorum,
2939 1212 3047 1259 etc.
3081 1202 3180 1272 t9).

2175 1340 2418 1396 SECTIO
2457 1337 2623 1397 ll-lll.

1676 1454 1744 1509 Et
1776 1454 1911 1510 dixit
1957 1452 2261 1508 Dominus:
2298 1452 2369 1506 Et
2415 1469 2507 1522 ego
2562 1452 2821 1504 missurus
2866 1466 2983 1504 sum
3022 1465 3186 1518 aquas

1614 1547 1801 1601 diluvii
1847 1562 2000 1617 super
2043 1555 2238 1599 terram
2295 1545 2364 1598 ad
2409 1543 2728 1613 perdendum
2771 1557 2921 1595 omne
2964 1556 3185 1611 corpus.

1615 1638 1672 1692 in
1702 1655 1804 1710 quo
1827 1639 1893 1703 ",
1926 1646 2031 1693 etc.

1691 1749 1831 1805 Dixit
1855 1748 2174 1821 Hippolytus
2194 1746 2468 1819 expositor
2505 1744 2885 1814 Targhnmista
2913 1764 2927 1796 :
2950 1741 3188 1799 Nomina

1627 1856 1857 1896 uxorum
1906 1842 2138 1894 ﬁliorum
2185 1837 2336 1892 Noah
2384 1839 2498 1891 haec
2541 1843 2668 1891 sunt
2705 1852 2719 1888 :
2766 1849 2962 1887 nomen
3004 1832 3195 1888 uxoris

1626 1933 1751 1989 Sem
1775 1933 2041 1988 Naltalath
2067 1930 2325 1993 Mahnuk,
2349 1941 2403 1984 et
2420 1944 2616 1983 nomen
2650 1928 2836 1981 uxoris
2856 1926 3027 1980 Citam
3057 1924 3196 1979 Ζεύ-

1625 2026 1718 2081 kat
1742 2025 1916 2093 Nalm,
1945 2035 1999 2081 et
2037 2040 2235 2079 nomen
2265 2022 2456 2077 uxoris
2498 2019 2725 2090 Japheth
2768 2017 3028 2072 Arathka.
3071 2015 3197 2072 lla-c

1627 2129 1806 2174 autem
1840 2127 1984 2196 sunt
2030 2116 2252 2171 nomina
2301 2129 2489 2168 earum
2537 2114 2590 2166 in
2645 2110 2870 2182 Syriaco
2922 2107 3198 2180 Targhum

1630 2211 1765 2281 (qua
1803 2219 2091 2280 sequuntur
2126 2208 2203 2261 sic
2240 2218 2392 2261 erant
2435 2220 2679 2274 expressa
2720 2211 2776 2255 ut
2818 2212 2942 2271 puto
2981 2199 3200 2271 Syriaca

1628 2306 1685 2358 in
1723 2306 1950 2359 versione
1999 2303 2181 2373 aliqua
2228 2299 2511 2371 Syriaca):
2555 2296 2753 2354 Uxoris
2805 2292 2965 2364 Sent,
3000 2312 3202 2352 nomen

1628 2394 1894 2450 Nahalath
1912 2393 2164 2448 Mahnuk.
2188 2391 2385 2448 Uxoris
2399 2392 2567 2447 Cham
2591 2405 2785 2445 nomen
2804 2387 3007 2445 Zedkat
3021 2385 3201 2444 Nabu.

1631 2484 1830 2542 UXOI‘lS
1860 2483 2089 2556 Japheth
2119 2500 2313 2539 nomen
2345 2483 2606 2539 Arathka.

1704 2576 1966 2631 lndicavit
1993 2572 2175 2645 itaque
2196 2574 2338 2629 Deus
2366 2572 2606 2640 Noacho,
2635 2572 3028 2641 certioremque
3050 2570 3203 2624 illum

1634 2664 1762 2721 fecit
1792 2667 1858 2741 de
1894 2667 2128 2723 adventu
2168 2665 2356 2721 diluvii
2400 2674 2455 2721 et
2500 2665 2567 2720 de
2613 2665 2832 2719 interitu
2867 2672 3202 2718 vastatorutn

1636 2755 1996 2827 (impiorum).

1705 2845 1986 2917 Jussitque
2004 2846 2144 2901 Deus
2160 2845 2480 2910 altissimus,
2498 2852 2559 2900 ut
2574 2843 2922 2900 descenderet
2936 2843 3003 2897 de
3023 2850 3208 2896 monte

1640 2949 1849 3006 sancto,
1889 2940 2004 3010 ipse
2031 2949 2084 2993 et
2126 2938 2218 2992 lilii
2254 2937 2374 3007 ejus
2404 2946 2459 2993 et
2490 2952 2690 2993 uxores
2718 2935 2951 2990 ﬁliorum
2980 2933 3121 3004 ejus,
3153 2943 3208 2989 et

1641 3040 1703 3085 ut
1733 3029 2023 3086 fabricaret
2050 3045 2243 3085 navem
2279 3028 2505 3100 (arcam)
2542 3029 2708 3083 trium
2742 3024 3209 3097 contignationem

110 3104 215 3211 Ἓξ
236 3157 461 3215 Adrianus
483 3172 551 3213 ex
591 3154 721 3210 ﬁliis
765 3104 951 3205 Edoni.
978 3146 1190 3204 obsedit
1233 3141 1501 3199 Baalbach
1522 3182 1538 3209 ,
1567 3167 1609 3226 ο
1643 3125 1778 3226 (εἶχε
1806 3122 2216 3226 ίῖξΡυιδξΨΨίξλ

1714 3211 2059 3284 Contignatio
2091 3210 2313 3266 inferior
2344 3216 2462 3266 erat
2493 3224 2595 3280 pro
2622 3206 2816 3264 bestiis
2845 3204 3020 3278 (leris)
3052 3220 3209 3278 rapa-

1646 3306 1821 3372 cibus,
1854 3304 2178 3376 agrestibus,
2218 3303 2415 3361 noxiis.
2458 3302 2601 3357 lntcr
2641 3302 2762 3357 illas
2802 3307 2961 3356 erant
3000 3313 3212 3355 asseres

1645 3397 1763 3452 sive
1790 3397 1971 3451 trabes
2004 3396 2212 3467 ligneae,
2243 3410 2366 3466 quae
2389 3410 2482 3449 eas
2512 3394 2580 3449 ab
2608 3393 2840 3450 invicem
2880 3401 3210 3464 separarent,

1648 3489 1942 3560 quominus
1960 3497 2148 3543 mutuo
2163 3486 2371 3543 coirent
2390 3485 2523 3557 «10).
2542 3484 2891 3557 Contignatio
2909 3486 3085 3541 media
3100 3493 3211 3541 erat

1647 3595 1747 3651 pro
1770 3580 1959 3635 avibus
1982 3580 2255 3649 variisque
2284 3594 2471 3633 earum
2503 3578 2814 3649 generibus.

1720 3671 2070 3743 Contignatio
2117 3670 2353 3740 denique
2395 3669 2643 3739 superior
2684 3677 2804 3724 erat
2848 3684 2949 3741 pro
2993 3667 3215 3724 Noacho

1650 3763 1793 3834 ipso,
1829 3762 2062 3832 ﬁliisque
2094 3761 2235 3832 ejus,
2264 3775 2364 3832 pro
2392 3760 2621 3833 conjuge
2644 3762 2838 3832 ipsius,
2865 3770 2920 3818 et
2952 3761 3215 3818 uxoribus

1653 3867 1903 3913 natorum
1932 3856 2072 3926 ejus.

1725 3949 1875 4005 Ferit
1899 3949 2063 4003 etiam
2093 3946 2248 4002 Noah
2279 3945 2477 4003 ostium
2508 3943 2631 4001 navi
2655 3960 2686 4000 a
2722 3943 2889 4001 latere
2914 3944 3182 4001 orientali.

1722 4042 2031 4098 Fabricavit
2059 4042 2223 4097 etiam
2262 4039 2564 4097 conditoria
2592 4054 2748 4111 aquae
2769 4047 2824 4096 et
2847 4039 3218 4111 promptuaria

1655 4136 1922 4193 ciborum.

1726 4248 2022 4321 Postquam
2056 4250 2222 4321 igitur
2243 4246 2502 4319 imposuit
2523 4246 2684 4303 ﬁnem
2708 4244 3039 4301 fabricandae
3071 4241 3216 4305 navi,

1657 4342 1937 4414 ingressus
1963 4349 2049 4399 est
2072 4341 2222 4397 Noah
2270 4355 2393 4396 cum
2434 4339 2559 4395 ﬁliis
2599 4340 2714 4394 suis
2762 4338 2920 4404 Sem,
2961 4336 3130 4393 Cham
3168 4346 3221 4391 et

114 4439 172 4504 εἰς.
190 4452 226 4495 et
244 4447 605 4514 expositionem
634 4457 752 4511 ejus
783 4446 946 4510 prout
970 4445 1335 4506 exposuerunt
1367 4432 1559 4488 Patres
1587 4504 1622 4514 Δ
1659 4432 1892 4503 ,Ιδριιειὴ
1921 4433 1976 4487 iu
2005 4447 2292 4488 cavernam
2320 4431 2723 4487 thesaurorum.

111 4532 183 4594 Ρυτί
199 4536 388 4605 (sancti),
414 4534 581 4602 docti,
604 4531 816 4604 optimi.

153 4670 411 4745 "Gen.t,l.
482 4677 527 4709 "’
553 4677 687 4733 Gen.
722 4689 796 4739 vt,
830 4672 920 4727 l7.

150 4812 202 4893 (ἶ)
226 4815 479 4893 ῌειίοροιίε
508 4820 697 4893 Syriae.

153 4882 202 4948 l3)
230 4886 273 4941 In
296 4882 382 4946 ms.
410 4882 594 4948 codice
622 4888 895 4944 Laudiano
916 4887 1087 4956 (num.
1111 4884 1178 4938 A.
1204 4883 1328 4951 182)
1377 4882 1566 4956 eadem

112 4960 450 5035 Pulliprgelatio
480 4961 730 5035 Arabicis
757 4953 970 5021 litteris,
1002 4972 1124 5035 cum
1159 4970 1245 5035 ea,
1279 4967 1441 5035 quam
1468 4953 1567 5007 de-

114 5024 255 5091 δετίβείξ
278 5028 367 5084 Sed
406 5033 534 5087 nulli
576 5040 704 5087 sunt
743 5027 1115 5082 commentarii
1143 5027 1208 5079 ad
1239 5024 1565 5078 versionem.

113 5085 213 5147 ul"Ic
233 5101 435 5155 codicem
463 5102 646 5155 laudat
672 5098 978 5154 Pokockins
1020 5097 1072 5149 in
1121 5111 1218 5150 sua
1247 5093 1565 5149 Praelatione

113 5103 213 5147 ιιυικι
233 5103 435 5156 codicem
463 5103 646 5156 laudat
672 5103 978 5154 Pokockius
1020 5103 1072 5149 in
1121 5111 1218 5150 sua
1247 5103 1569 5149 Prsel'attone

110 5161 149 5209 ad
169 5166 381 5225 variantes
401 5172 655 5227 lectiones
679 5170 893 5224 Arabici
921 5166 1266 5222 Pentateuchi
1290 5163 1566 5226 Saadiani,

113 5236 218 5311 ionio
238 5249 364 5294 sexto
393 5240 523 5297 Bibl.
569 5241 852 5311 Polyglott.
899 5237 1152 5311 Londin.,
1196 5245 1358 5311 atque
1401 5235 1564 5289 etiam

112 5303 350 5363 "ustionem
381 5311 500 5368 facit
528 5303 685 5367 istius
705 5303 1075 5365 successionis
1120 5303 1434 5374 pontiﬁcum
1469 5317 1566 5357 us-
1607 5315 1613 5321 ·

111 5380 178 5449 ille
199 5376 456 5449 ad‘Annam
488 5397 541 5438 et
582 5381 864 5449 Caipham.
900 5377 974 5432 lbi
1007 5390 1225 5449 quoque
1256 5376 1438 5430 laudat
1469 5388 1570 5449 no-

112 5444 221 5495 ῖῑηω
244 5445 469 5505 Catenam
495 5453 597 5507 sub
627 5443 843 5506 nomine
874 5443 1106 5503 duorum
1138 5443 1570 5500 Commentario-

112 5515 268 5588 (“Win
316 5515 723 5577 Peulateuchum
785 5520 979 5574 litteris
1040 5516 1279 5588 Syriacis
1336 5515 1568 5588 diaqlecto

112 5572 723 5663 immunditiam—iiii"
745 5572 1007 5646 versiculis
1048 5572 1321 5657 specimen
1351 5582 1572 5639 exhibet

113 5658 147 5696 Ill
168 5664 278 5707 num.
300 5658 347 5713 5.

140 5660 278 5707 Inum.
332 5698 347 5713 .
483 5658 501 5663 '

140 5658 424 5799 illibatum
464 5733 702 5797 nomina,
736 5745 803 5784 ex
847 5729 1045 5799 quibus
1092 5724 1445 5799 concinnatus
1487 5726 1572 5775 est

115 5782 172 5842 δίε
191 5782 724 5859 υοωωέιξὶιιὲἰῐιῖἑὶῖιέ
744 5782 968 5856 idat—eun
992 5782 1062 5854 in
1108 5797 1531 5850 l’entatcuchum
1553 5828 1568 5857 ,
1625 5852 1629 5855 _

1587 4504 1632 4563 D
1729 4524 1793 4580 Et
1823 4525 2043 4596 quidem
2079 4527 2253 4595 primo
2288 4524 2438 4580 aditu
2479 4523 2710 4579 feliciter
2747 4522 3068 4577 invenerunt
3102 4536 3227 4576 eor-

1665 4821 1799 4869 sunt
1823 4811 1937 4868 haec
1955 4808 2249 4880 praecipua,
2277 4824 2398 4877 quae
2429 4808 3228 4880 lricrapponamtproutpeeur-

1672 4892 1799 4937 runt
1832 4882 1886 4935 in
1927 4873 2157 4935 decursu
2206 4873 2407 4948 operis.
2451 4873 2665 4948 Primus
2707 4889 2789 4932 est
2828 4873 3226 4948 Mar‘Ephrem

1670 4951 1863 5024 Syrus.
1883 4952 2075 5024 deinde
2090 4941 2593 5024 Basiliusepiscop.
2619 4946 2897 5024 Cmsareze,
2926 4941 3051 4997 Mar
3068 4941 3229 5024 Jaco-

1667 5011 1772 5077 bt'ts
1807 5014 2186 5090 Rohaviensis,
2215 5017 2302 5073 Jo.
2331 5011 2772 5090 Clirysostomuos,
2803 5014 3080 5090 Origenes.
3113 5011 3230 5066 Mar

1665 5091 1925 5168 dacobusn
1947 5087 2528 5168 epi_sc.n_Serugiens;i_s,
2559 5087 2897 5168 @pipbanius
2927 5087 3232 5168 episcopus

1669 5164 1863 5217 insulae
1887 5155 2414 5231 Cypt°i,_l)iortys_ius,
2444 5158 2553 5231 lbn‘
2575 5155 2766 5231 Selil),_
2793 5155 3051 5231 (lydius.
3078 5163 3228 5231 uter-

1665 5248 1773 5302 que
1800 5219 2427 5302 episéopJHieros'olym’.
2453 5237 2506 5302 et
2528 5226 2705 5302 Alexi,
2730 5219 2822 5277 lbn
2840 5219 3060 5302 :Batrikj,
3100 5219 3233 5302 Hip-

1668 5290 1907 5373 polytus,
1924 5290 2036 5380 ἐιὺί
2070 5290 2616 5380 ubique-appellatur
2657 5294 3124 5380 Dxpositornsive.
3150 5290 3238 5380 ln-

1668 5360 2199 5442 terpres'T'argunt;
2244 5360 2570 5424 Philoxenes
2620 5360 2896 5447 episcop.,
2932 5360 3235 5439 Evagrius,

1667 5444 1999 5497 Athanasius
2041 5437 2795 5512 patriarchaAlexandrinus,
2823 5444 2927 5488 etc.
2974 5430 3235 5512 Hippoly-

1673 5522 1759 5568 tus
1794 5522 1975 5566 noster
2002 5500 2220 5565 circiter
2253 5509 2323 5563 40
2349 5510 2465 5563 loca
2496 5511 2888 5579 commentatus
2912 5512 2999 5579 e_s_t_
3048 5500 3235 5579 in_boc

1669 5598 1854 5653 opere.
1892 5581 2105 5635 Primus
2132 5581 2304 5639 locus.
2337 5580 2427 5633 ubi
2457 5576 2696 5631 occurrit
2721 5589 2913 5629 nomen
2937 5569 3232 5644 Hippolyti,

1670 5666 1753 5705 est
1784 5652 1837 5704 in
1865 5649 1998 5705 Gen.
2031 5666 2150 5705 can.
2176 5666 2247 5705 γι.
2274 5649 2358 5705 l7.
2390 5655 2449 5701 ut
2477 5645 2743 5705 sequitur.

1670 5666 1753 5709 est
1784 5661 1837 5704 in
1865 5661 1998 5705 lien.
2031 5666 2150 5712 cap.
2176 5666 2247 5712 γι,
2274 5661 2358 5709 t'l,
2390 5661 2449 5701 ut
2477 5661 2743 5712 seqttttur.

1745 5668 1753 5706 ι
1784 5662 1837 5704 ιη
1865 5662 1998 5705 ῡεη.
2031 5666 2150 5720 cap.
2176 5666 2247 5712 γι,
2274 5662 2358 5709 ‘l'l,
2390 5662 2449 5701 ut
2477 5662 2743 5714 sequitur.

1745 5723 1857 5792 (lli)
1896 5719 2098 5777 Canter
2131 5719 2286 5774 Pirke
2317 5716 2382 5772 Β.
2415 5716 2619 5772 Eliezer
2650 5730 2768 5785 cap.
2796 5712 2889 5768 23.
