3852 6208
680 283 783 340 707

1546 281 1602 335 S.
1643 279 2000 336 HIPPOLYTI
2032 278 2182 334 OPP.
2224 277 2403 332 PARS
2439 278 2482 332 1.
2513 307 2582 318 -—
2610 278 3020 335 EXEGETICA.
3682 299 3747 356 ποθ

679 419 814 474 pora
861 403 1114 468 Patrum,
1154 403 1345 458 Adami
1366 442 1382 465 ,
1416 400 1566 458 Setbi
1589 445 1604 470 ,
1653 402 1891 470 Enosbi,
1942 401 2235 466 Kainanis,
2265 403 2312 460 Α
2338 400 2482 470 pisse
2507 398 2750 466 Noacho,
2777 409 2840 455 ut
2868 400 3056 456 ordine
3097 400 3383 472 disponeret
3416 404 3580 463 bestias
3615 411 3749 476 feroces

677 494 1064 563 Mabalalielis,
1103 493 1307 559 Jaredi,
1340 493 1757 560 Mathusalachi,
1801 493 2076 549 Lamechi.
2108 493 2243 548 Octo

678 589 770 643 illa
799 603 1028 659 corpora
1060 596 1214 643 erant
1241 587 1296 640 in
1328 587 1635 642 conditorio
1669 587 2068 648 thesaurorum,
2095 587 2244 640 vide-

677 677 806 735 licet
834 680 1045 744 Adami,
1085 678 1257 741 Setlti,
1290 676 1515 744 Enoshi,
1549 677 1830 744 Kainanis,
1868 677 2241 744 Mahalalielis,

675 766 879 832 Jaredi,
904 768 1322 834 Matltusalaclti,
1347 766 1624 820 Lameclti.

746 859 896 916 Tulit
946 871 1126 915 autem
1170 858 1322 914 Noah
1369 873 1566 928 corpus
1610 857 1826 912 Adami.
1873 855 2244 926 Tuleruntque

675 955 770 1010 filii
803 955 923 1024 ejus
952 968 1196 1008 munera.
1228 951 1484 1006 Portabat
1513 949 1637 1004 Sem
1665 964 1883 1012 aurum,
1909 948 2078 1004 Cham
2104 966 2244 1020 myr-

675 1048 854 1111 rham,
879 1044 1109 1116 Japbeth
1146 1045 1293 1099 thus.
1329 1043 1534 1098 Deinde
1565 1041 1767 1111 egressi
1795 1055 1825 1096 e
1855 1055 2084 1096 caverna
2125 1041 2244 1095 the-

675 1154 990 1196 saurorum.
1015 1136 1412 1191 transtulerunt
1452 1149 1681 1190 munera
1719 1142 1776 1189 et
1810 1147 2006 1204 c0rpus
2047 1133 2243 1188 Adami

674 1231 730 1285 in
760 1241 994 1286 montem
1019 1239 1286 1284 sanctum.

746 1323 994 1391 Cumque
1023 1319 1459 1390 sedissentjuxta
1487 1333 1686 1388 corpus
1709 1316 1900 1372 Adami
1921 1333 1985 1372 ex
2013 1317 2242 1373 adverso

675 1415 935 1484 paradisi.
963 1422 1248 1485 coeperunt
1284 1412 1564 1468 lamentari
1599 1421 1654 1468 et
1691 1411 1821 1467 ﬂere
1841 1411 2109 1483 jacturam
2144 1427 2241 1483 pa-

677 1507 869 1562 radisi.

745 1597 886 1652 Tum
918 1596 1308 1653 descendentes
1347 1597 1413 1650 de
1449 1602 1635 1650 monte
1672 1603 1862 1650 sancto
1907 1594 2244 1664 sublatisque

675 1689 849 1744 oculis
902 1703 1089 1743 versus
1135 1687 1447 1756 paradisum
1494 1683 1929 1753 redintegraruut
1970 1682 2151 1737 fletum
2190 1689 2243 1736 et

2344 492 2402 548 in
2434 493 2837 564 contignatione
2869 495 2984 550 sive
3005 493 3234 549 tabulato
3257 497 3496 564 inferiore,
3515 511 3556 557 et
3575 504 3750 566 divideret

2341 599 2522 640 mares
2551 601 2581 639 a
2616 585 2864 650 femellis,
2890 587 3161 641 asseribus
3186 587 3365 658 ligneis
3387 592 3664 662 interpositis,

2413 674 2590 746 Atque
2635 677 2709 732 ita
2751 677 3160 734 fecit'omnibus
3190 679 3362 735 bestiis
3387 681 3529 756 (feris)
3549 687 3750 760 jumentis;

2341 777 2397 822 et
2425 767 2586 822 etiam
2619 769 2932 825 volucribus
2955 771 3008 823 in
3033 770 3264 825 tabulato
3290 773 3467 828 medio.

2410 855 2586 912 Jussit
2619 869 2798 914 autem
2833 859 3020 930 (Deus)
3051 861 3121 915 ita
3152 864 3592 931 separarimaresa
3611 868 3754 926 feminis

2341 944 2601 1002 decentia:
2624 958 2678 1004 et
2707 949 3005 1008 honestatis
3027 966 3210 1018 causa,
3237 967 3302 1008 ne
3331 954 3510 1010 scilicet
3536 961 3756 1016 commisce-

2342 1050 2531 1091 rentur
2562 1037 2881 1093 adinvicem.

2416 1127 2560 1182 Dixit
2589 1144 2749 1199 porro
2776 1130 2916 1185 Deus
2940 1121 3071 1185 Mosi
3096 1147 3110 1184 :
3137 1128 3354 1186 Provide
3393 1133 3562 1188 cibaria
3591 1135 3660 1189 tibi
3693 1134 3758 1204 ipsi

2341 1227 2397 1274 et
2425 1222 2566 1278 natis
2590 1221 2718 1276 tuis.
2745 1220 2809 1275 Et
2835 1223 2942 1276 sint
2965 1237 3030 1276 ex
3059 1223 3233 1276 tritico
3254 1224 3444 1288 molito,
3464 1227 3591 1294 pisto,
3611 1229 3759 1282 subacto

2343 1327 2503 1384 aqua,
2533 1311 2827 1366 exsiccata.
2868 1309 2934 1363 Et
2964 1310 3129 1380 jussit
3166 1311 3302 1366 illico
3324 1310 3485 1366 Noaeb
3511 1315 3670 1384 conjugi
3691 1333 3760 1372 suae

2341 1411 2395 1457 et
2426 1402 2688 1456 uxoribus
2723 1401 2959 1456 filiorum
2992 1416 3240 1468 suorum,
3272 1409 3329 1455 ut
3361 1412 3545 1457 strenue
3574 1405 3763 1459 incumbe-

2340 1504 2461 1550 rent
2501 1494 2800 1564 subigendo
2844 1509 3084 1549 massam
3128 1503 3181 1549 et
3219 1494 3537 1549 reeonderent
3568 1496 3610 1549 in
3645 1495 3760 1550 furno.

2343 1586 2684 1657 Suuegcrunt
2736 1601 2866 1656 ergo
2922 1602 3198 1652 massam,
3243 1595 3296 1640 et
3346 1587 3616 1658 pinsueruut
3655 1588 3763 1644 ferme

2342 1688 2604 1750 quantum
2656 1678 2788 1748 ipsis
2831 1677 3130 1743 sufﬁceret,
3173 1677 3303 1733 adeo
3343 1687 3396 1734 ut
3431 1695 3522 1734 non
3558 1691 3763 1733 remaneret

673 1778 961 1848 ejulatnm,
992 1754 1252 1831 aeternum
1279 1774 1398 1828 vale
1427 1773 1682 1827 dixerunt
1729 1773 1814 1826 bis
1853 1772 2068 1827 verbis:
2111 1769 2243 1826 Vale
2272 1754 2315 1816 Β
2343 1771 2445 1826 nisi
2474 1784 2786 1839 perparum.

675 1871 803 1941 (pax
827 1869 964 1937 tibi),
982 1867 1275 1937 oparadise
1297 1865 1414 1920 Dei.
1436 1863 1582 1927 Vale,
1611 1878 1644 1917 o
1667 1862 1999 1919 domicilium
2028 1863 2243 1934 religio-

671 1964 761 2018 nis
777 1970 829 2015 et
851 1960 1121 2030 puritatis.
1142 1958 1290 2022 Vale,
1309 1971 1342 2011 o
1362 1957 1515 2012 sedes
1532 1957 1818 2026 voluptatis
1833 1964 1886 2009 et
1903 1955 2238 2010 deliciarum.

747 2051 888 2106 Tum
923 2049 1158 2119 amplexi
1186 2057 1314 2105 sunt
1343 2047 1548 2117 lapides
1579 2047 1780 2103 montis
1804 2047 1978 2104 sancti
2004 2057 2057 2102 et
2085 2047 2243 2100 arbo-

673 2157 781 2205 res,
809 2143 1180 2210 llcvernntque
1217 2148 1270 2195 et
1313 2141 1608 2196 dixerunt:
1642 2139 1794 2206 Vale,
1833 2155 1868 2195 o
1905 2140 2241 2196 domicilium

673 2234 966 2287 bonorum.
1006 2231 1151 2295 Vale,
1182 2247 1216 2286 ο
1246 2232 1458 2286 mansio
1481 2248 1771 2302 corporum
1797 2240 2134 2287 sanctorum.

744 2323 949 2379 Deinde
998 2325 1176 2379 triduo
1227 2324 1524 2394 completo,
1558 2323 1837 2378 descendit
1880 2321 2071 2387 Noab,
2114 2336 2240 2377 cum

672 2413 800 2469 filiis
838 2415 953 2469 suis
987 2426 1040 2469 et
1082 2414 1344 2469 uxoribus
1388 2427 1638 2471 natorum
1685 2431 1908 2472 suorum
1951 2416 2018 2472 de
2058 2425 2241 2472 monte

674 2514 864 2561 sancto
897 2505 961 2558 ad
1006 2504 1217 2560 radices
1258 2506 1460 2561 montis
1503 2506 1675 2560 sancti
1721 2505 1788 2560 ad
1831 2505 2012 2561 locum
2059 2505 2238 2561 navis.

674 2597 803 2652 Erat
840 2600 987 2653 enim
1015 2599 1187 2670 (area)
1214 2597 1317 2653 sub
1345 2598 1708 2668 prominentia
1749 2593 1996 2668 (l'abri)'
2037 2598 2240 2652 montis

674 2691 872 2748 sancti.

743 2783 810 2837 Et
855 2785 1132 2853 ingressus
1174 2789 1258 2838 est
1303 2778 1458 2836 Noah
1508 2781 1565 2837 in
1610 2796 1834 2848 navem;
1885 2779 2241 2851 deposuitque

671 2890 870 2943 corpus
923 2873 1118 2928 Adami
1161 2881 1217 2928 et
1257 2887 1488 2930 munera
1528 2873 1584 2928 in
1632 2873 1812 2928 medio
1862 2873 2018 2927 navis
2077 2887 2240 2941 super

671 2966 874 3020 feretro
911 2965 1112 3036 ligneo,
1153 2966 1301 3036 quod
1343 2966 1656 3038 recipiendo
1698 2966 1916 3036 corpori
1967 2980 2238 3036 praepara-

670 3065 844 3111 νεηιι.

739 3145 1142 3214 Admonuitque
1195 3145 1334 3201 Deus
1377 3145 1659 3202 Noachum
1699 3147 1885 3202 dicens
1923 3165 1938 3200 :
1981 3145 2092 3202 Fac
2138 3147 2235 3202 tibi

669 3240 997 3308 crepitacula
1029 3255 1057 3292 e
1083 3241 1229 3311 ligno
1269 3241 1398 3297 buxi
1431 3241 1533 3311 (vel
1559 3241 1844 3312 cupressi).
1874 3250 2108 3301 nam
2139 3256 2237 3294 au-

672 3337 776 3382 tem
807 3339 888 3381 est
921 3328 1127 3397 lignum
1169 3330 1374 3384 dictum
1408 3329 1584 3400 Sagh,
1605 3333 1711 3388 i.e.
1749 3331 1998 3400 platanus
2031 3331 2233 3386 Indica.

741 3417 972 3473 Fabrica
1003 3418 1165 3474 etiam
1199 3420 1505 3474 malleolum
1535 3422 1650 3490 ejus
1674 3421 2137 3494 (tintinnabulum)
2169 3436 2236 3478 ex

669 3511 860 3566 eodem
912 3511 1145 3583 (ligno).
1199 3511 1504 3583 Longitudo
1541 3523 1720 3568 autem
1769 3516 2086 3584 crepitaculi
2134 3519 2238 3572 erit

670 3603 837 3657 trium
877 3604 1184 3660 cubitorum
1219 3605 1548 3676 integrorum
1582 3616 1636 3663 et
1667 3607 1897 3664 latitudo
1927 3609 2044 3680 ejus
2072 3612 2236 3668 unius

669 3695 839 3749 cubiti
874 3711 996 3750 cum
1031 3697 1277 3752 dimidio.

743 3785 808 3841 Et
839 3790 1090 3858 praecepit
1131 3790 1178 3844 ei
1220 3789 1382 3854 Deus,
1413 3799 1474 3846 ut
1505 3790 1744 3862 pulsaret
1775 3794 2102 3866 crepitacula
2141 3811 2238 3867 per

669 3879 914 3951 singulos
957 3882 1072 3937 dies
1115 3884 1290 3940 tribus
1331 3885 1561 3940 vicibus.
1605 3883 1862 3943 Videlicet
1905 3890 2076 3958 prima
2120 3891 2237 3945 vice

669 3987 887 4027 summo
919 3971 1193 4040 diluculo;
1236 3976 1470 4029 secunda
1500 3977 1637 4041 vice,
1682 3975 1736 4030 in
1780 3979 1958 4034 medio
2003 3981 2139 4046 diei;
2181 3989 2236 4037 et

665 4064 825 4119 tertia
865 4064 981 4118 vice
1013 4066 1078 4118 ad
1109 4081 1359 4121 occasum
1391 4067 1541 4122 solis.

737 4155 947 4210 Accidit
973 4165 1174 4222 autem,
1204 4157 1386 4211 statim
1430 4166 1592 4226 atque
1628 4159 1898 4228 pulsasset
1929 4159 2083 4217 Noah
2117 4179 2236 4220 cre-

666 4248 924 4318 pitacula,
954 4257 1016 4302 ut
1046 4249 1292 4318 protinus
1325 4259 1672 4305 accurrerent
1699 4251 1793 4304 lilii
1837 4249 2022 4308 Cainis
2055 4263 2110 4310 et
2137 4255 2233 4311 filii

667 4336 881 4392 Vahiini
913 4340 978 4393 ad
1008 4340 1218 4408 ipsum;
1249 4355 1387 4410 quos
1409 4340 1688 4397 admonuit
1715 4350 1769 4397 et
1792 4345 2078 4413 perterruit
2104 4361 2232 4401 nar-

2412 1863 2477 1917 Et
2511 1861 2792 1916 admonuit
2817 1858 2959 1916 Deus
2988 1857 3266 1915 Noaebum
3299 1859 3467 1916 dicens
3493 1860 3567 1915 ei:
3593 1860 3762 1929 Quisquis

2341 1953 2744 2010 annuntiaverit
2772 1952 2866 2008 tibi
2898 1952 2966 2008 de
2989 1954 3224 2006 adventu
3248 1953 3417 2007 diluvii
3443 1952 3626 2022 primus,
3645 1953 3762 2018 perdes

2342 2050 2490 2106 illum
2519 2052 2638 2122 ipso
2670 2059 2964 2104 momento.
2999 2045 3208 2100 Interea
3229 2060 3351 2100 vero
3372 2060 3495 2100 uxor
3513 2044 3658 2099 Cbami
3677 2054 3764 2097 asta-

2340 2141 2434 2194 bat
2479 2141 2790 2196 immissura
2832 2154 3028 2210 panem
3080 2141 3310 2204 ingentis
3339 2138 3484 2193 molis
3523 2135 3568 2190 in
3605 2134 3767 2189 furnum.

2341 2217 2408 2286 Et
2440 2233 2620 2288 subito
2653 2231 2909 2302 profluxit
2941 2245 3086 2299 aqua
3114 2247 3143 2286 e
3174 2230 3326 2286 furno
3357 2231 3488 2298 juxta
3511 2228 3678 2284 verbum
3701 2226 3764 2278 Do-

2340 2324 2494 2390 mini,
2516 2333 2568 2379 et
2592 2322 2914 2394 penetravit,
2935 2321 3190 2377 dissolvit
3217 2322 3469 2390 scaturigo
3488 2335 3611 2390 aqua:
3627 2333 3764 2388 panem.

2338 2417 2676 2472 Exclamavit
2710 2417 2892 2487 itaque
2926 2431 3067 2470 uxor
3105 2415 3272 2470 Cham
3307 2414 3370 2468 ad
3403 2413 3631 2467 Noaehum
3651 2413 3765 2464 dicens

2338 2510 2388 2566 ei
2407 2508 2479 2564 :0
2500 2509 2739 2574 domine,
2755 2513 2894 2567 venit
2910 2510 3138 2566 verbum
3156 2507 3272 2574 Dei,
3292 2507 3416 2560 venit
3444 2504 3555 2560 illud
3579 2505 3676 2574 quod
3696 2519 3765 2570 pro-

2339 2603 2484 2655 misit
2507 2601 2794 2672 (prwdixit)
2813 2601 2972 2659 Deus.
2995 2600 3302 2671 Exsequere
3326 2599 3474 2669 igitur
3497 2596 3541 2652 id
3563 2596 3668 2665 quod
3685 2611 3766 2664 pra-

2339 2693 2481 2764 cepit
2506 2693 2789 2749 Dominus.

2410 2782 2656 2854 Cumque
2679 2781 3148 2839 audivissetNoah
3172 2782 3328 2837 verba
3350 2779 3517 2834 uxoris
3529 2775 3768 2841 Cham,dixit

2339 2877 2387 2932 ei
2417 2894 2432 2931 :
2468 2875 2586 2930 Jam
2615 2890 2744 2947 ergo
2768 2875 2917 2931 venit
2949 2873 3244 2931 diluvium?
3271 2872 3407 2928 Dixit
3430 2872 3474 2926 ei
3499 2885 3609 2925 uxor
3634 2868 3768 2922 Clum;

2340 2967 2419 3024 'l‘u
2453 2967 2638 3024 dixisti
2668 2968 2792 3023 hoc.

2263 3090 2306 3149 ο
2407 3059 2701 3114 Admonuit
2727 3068 2904 3114 autem
2935 3057 3203 3115 Dominus
3227 3059 3494 3128 derepente
3522 3053 3665 3108 dicens
3683 3046 3771 3102 Nea-

2337 3152 2462 3217 cbo,
2495 3149 2580 3205 Ne
2626 3151 2823 3220 perdas
2867 3167 3096 3206 uxorem
3128 3151 3346 3213 Cliami;
3393 3163 3502 3202 nam
3530 3145 3586 3199 ab
3621 3157 3686 3196 ore
3715 3150 3772 3190 tuo

2337 3242 2501 3312 capit
2527 3241 2755 3310 perditio
2790 3240 3022 3310 (primus
3055 3241 3241 3296 dixisti
3268 3259 3282 3295 :
3313 3237 3460 3294 Venit
3477 3231 3708 3298 diluvium).
3724 3229 3772 3280 Ad

2341 3349 2529 3388 vocem
2575 3331 2781 3387 Noacbi
2813 3333 2963 3388 venit
3003 3333 3289 3398 diluvium,
3321 3340 3373 3386 et
3411 3327 3564 3385 subito
3580 3321 3773 3386 scaturigo

2337 3423 2585 3480 dissolvit
2609 3423 2758 3478 illum
2787 3440 3002 3494 panem.

2408 3513 2474 3569 Et
2512 3525 2710 3584 apertae
2749 3526 2875 3570 sunt
2923 3523 3212 3571 cataracue
3251 3513 3388 3580 coeli,
3424 3519 3474 3568 et
3505 3521 3629 3580 aqua
3652 3501 3773 3572 pluvia

2337 3606 2657 3678 ingruerunt
2691 3625 2852 3678 super
2876 3618 3101 3663 terram.
3133 3607 3331 3678 Nempe
3361 3606 3443 3660 illa
3466 3619 3570 3668 vox,
3589 3613 3678 3670 quae
3697 3595 3772 3648 olim

2337 3699 2549 3753 dixerat
2575 3717 2588 3754 :
2626 3699 3014 3770 Congregentur
3037 3719 3190 3771 aquw
3213 3701 3264 3754 in
3293 3700 3453 3753 locum
3470 3710 3603 3751 unum
3619 3702 3654 3745 et
3675 3702 3773 3754 appa-

2336 3800 2448 3845 reat
2503 3802 2643 3846 terra
2668 3792 2734 3857 ⁸⁸,
2764 3794 2949 3847 eadem
2987 3808 3094 3848 vox
3150 3793 3414 3863 permisit,
3452 3798 3506 3844 ut
3540 3792 3685 3855 εροηιε
3716 3789 3773 3828 ⁵¹¹²

2337 3894 2647 3955 erumperet
2675 3887 2948 3957 scaturigo
2982 3903 3250 3958 aquarum
3300 3896 3352 3942 et
3380 3885 3538 3941 ﬂuxus
3555 3878 3724 3936 marium
3745 3879 3774 3921 et

2335 3979 2521 4034 eduxit
2548 3993 2739 4048 aquas.

2405 4071 2659 4144 ReCOgita
2689 4071 2817 4142 quid
2849 4071 3044 4127 dixerit
3075 4071 3218 4128 Deus
3242 4072 3308 4128 de
3329 4068 3514 4126 mundo
3537 4083 3549 4120 :
3572 4057 3774 4117 Humilien-

2335 4171 2425 4217 tur
2457 4165 2639 4218 omnia
2672 4164 2882 4219 excelsa
2923 4163 3065 4234 ejus,
3096 4175 3152 4219 et
3181 4163 3450 4219 humiliata
3472 4165 3608 4222 sunt;
3639 4161 3678 4207 et
3705 4147 3773 4201 ειε-

2332 4268 2529 4312 ventur
2562 4256 2787 4312 humilia
2813 4257 2932 4326 ejus
2957 4257 3024 4310 de
3049 4255 3332 4326 profundis
3362 4252 3534 4323 ipsius.
3744 4328 3751 4336 .

2403 4349 2470 4406 Et
2520 4351 2660 4405 facta
2697 4349 2801 4403 fuit
2846 4356 2992 4402 terra
3033 4363 3210 4403 vacua
3251 4347 3450 4419 privata
3492 4337 3669 4396 cutibus
3699 4341 3770 4384 sui!

666 4428 842 4484 rando
884 4431 951 4485 de
981 4430 1212 4486 adventu
1247 4433 1496 4501 proximo
1539 4433 1757 4502 diluvii,
1806 4443 1860 4492 et
1897 4437 1964 4493 de
2009 4439 2230 4494 interitu
2262 4435 2307 4492 Β
2335 4441 2788 4514 quemadmodum
2812 4450 2928 4496 erat
2949 4439 3124 4495 initio.

577 4593 582 4598 _
663 4521 888 4590 jamjam
917 4521 1204 4579 festinante
1229 4532 1283 4579 et
1311 4524 1644 4581 imminente.

737 4612 811 4668 Ea
841 4629 969 4668 vero
997 4615 1101 4669 fuit
1136 4617 1503 4673 misericordia
1536 4617 1632 4674 Dei
1665 4635 1791 4692 erga
1831 4621 1972 4687 illos,
2005 4631 2068 4678 ut
2093 4639 2228 4679 con-

666 4713 1007 4760 verterentur
1034 4717 1088 4762 et
1110 4710 1510 4779 resipiscerent;
1540 4715 1634 4766 sed
1665 4727 1771 4767 non
1811 4729 2015 4769 morem
2047 4729 2230 4785 gesse-

665 4807 796 4852 runt
827 4799 917 4852 lilii
945 4799 1131 4856 Cainis
1162 4799 1404 4865 Noaeho,
1445 4803 1503 4857 in
1548 4818 1614 4859 eo
1647 4804 1790 4874 quod
1828 4805 1934 4861 illis
1965 4808 2227 4877 praedica-

664 4888 776 4943 bat.
824 4887 889 4943 Et
931 4892 1279 4960 congregavit
1317 4889 1468 4949 Noah
1511 4908 1579 4948 ex
1619 4893 1872 4949 omnibus
1913 4895 2228 4953 volucribus

663 4976 844 5032 omnis
873 4980 1085 5048 generis
1117 4979 1267 5047 paria
1307 4995 1486 5036 mares
1525 4990 1580 5036 et
1623 4983 1892 5051 femellas;
1941 4995 2101 5056 atque
2151 4988 2227 5044 ita

660 5068 833 5124 etiam
865 5083 931 5124 ex
961 5070 1214 5126 omnibus
1249 5071 1457 5139 bestiis,
1498 5082 1611 5128 tam
1651 5076 1907 5134 cicuratis
1939 5093 2104 5149 quam
2133 5080 2229 5136 sil-

658 5159 958 5228 vestribus,
984 5161 1136 5230 paria
1165 5169 1220 5216 et
1247 5161 1422 5231 paria.

1256 5275 1499 5333 SECTIO
1544 5279 1636 5334 IV.

1085 5369 1168 5424 Ad
1203 5368 1386 5426 Cenes.
1414 5387 1527 5440 cap.
1556 5389 1651 5435 vn,
1680 5390 1726 5429 υ.
1755 5375 1809 5430 6.

735 5458 882 5516 Dixit
908 5459 1227 5535 Hippolytus
1253 5464 1528 5535 expositor
1555 5463 1723 5538 Syrus
1757 5465 1994 5545 Targum
2023 5492 2036 5526 :
2074 5467 2227 5527 Inve-

666 5552 849 5610 nimus
876 5554 933 5609 in
961 5557 1253 5630 exemplari
1287 5559 1510 5632 antiquo
1538 5555 1784 5632 Hebraeo,
1814 5560 1985 5621 Deum
2023 5577 2225 5636 praece-

739 5695 783 5728 ¹⁸
818 5694 952 5752 Gen.
985 5714 1023 5768 ι,
1064 5699 1118 5756 9.

2401 4535 2466 4590 Et
2496 4535 2712 4605 quidem
2737 4533 2918 4603 pluvia
2950 4534 3310 4590 descendebat
3337 4533 3608 4592 desursum,
3629 4529 3670 4576 et
3689 4526 3773 4611 ferta

2331 4625 2650 4696 erumpebat
2685 4625 2961 4680 deorsum.
2997 4624 3064 4680 Et
3095 4627 3258 4695 periit
3301 4618 3592 4693 compositio
3630 4607 3772 4666 mundi.

2331 4719 2596 4790 abruptus
2628 4717 2742 4781 ,fnit
2781 4716 2916 4771 ordo
2958 4716 3046 4771 ille
3089 4716 3414 4786 primitivus.
3458 4711 3701 4772 Factusth
3727 4701 3774 4795 ﬁ"

2332 4810 2591 4873 mundus,
2619 4807 2795 4879 qualis
2832 4815 2950 4861 erat
2990 4807 3058 4860 ab
3100 4807 3257 4862 initio
3287 4804 3542 4861 desolatus
3579 4796 3633 4852 ab
3663 4802 3774 4858 8'1"“

2333 4917 2456 4972 quae
2503 4900 2654 4954 illum
2699 4896 3116 4953 inundaverant.
3165 4895 3348 4966 Neque
3381 4894 3596 4950 relictum
3633 4882 3707 4939 fuit
3739 4888 3774 4927 rt

2334 4995 2454 5064 ejus
2480 4993 2698 5048 entibus
2729 4991 3029 5061 quidquam
3056 4989 3108 5042 in
3146 4988 3442 5060 integritate
3469 4997 3574 5040 sua.
3722 5058 3733 5064 _
3759 5057 3764 5064 _

2404 5058 2763 5140 Pessumdatd
2795 5058 2898 5137 fuit
2923 5091 3192 5139 structura
3225 5058 3386 5152 prior,
3413 5088 3462 5134 et
3483 5065 3691 5129 deformis
3719 5058 3774 5111 Ῐυίι

2336 5187 2480 5232 terra
2511 5175 2674 5229 fluctu
2705 5190 2972 5243 aquarum
3019 5173 3378 5244 ingruentium
3422 5179 3565 5237 super
3596 5160 3724 5252 illam:
3749 5156 3774 5196 τι

2339 5266 2713 5338 magnitudine
2744 5264 3155 5320 inundationum
3181 5265 3319 5334 ejus,
3343 5273 3393 5319 et
3415 5251 3698 5315 multitudine
3717 5254 3774 5294 tm-

2335 5360 2538 5426 brium,
2562 5369 2615 5416 et
2650 5359 2934 5430 eruptione
2973 5359 3289 5430 abyssorum
3325 5357 3454 5426 ejus,
3488 5345 3620 5420 aquis
3648 5344 3774 5407 ρετιιεε

2334 5461 2431 5508 tuo
2471 5453 2896 5526 erumpentibus.
2943 5453 3180 5524 Denique
3214 5451 3393 5509 relicta
3426 5445 3516 5502 fuit
3543 5434 3683 5512 qualis
3701 5437 3763 5482 era

2336 5554 2491 5602 antea
2501 5586 2514 5599 .
