3852 6208
194 297 263 352 709
983 286 1409 344 FRAGMENTA
1447 286 1674 343 DUBlA.
1712 314 1782 324 —
1806 279 2284 337 PENTATEUCII.
2323 275 2526 333 ARAB.
3271 276 3374 329 7l0

758 407 999 464 SECTIO
1039 407 1103 463 V.
1739 410 1789 469 Α
1886 402 2085 456 Deinde
2114 399 2390 453 admonuit
2412 397 2554 451 Deus
2586 394 2785 449 Mosem
2810 395 2995 450 dicens
3020 391 3102 450 ei:
3130 394 3375 449 Ascende

543 502 629 555 Ad
660 500 843 557 Cenes.
875 517 990 570 cap.
1022 516 1142 565 vin,
1170 518 1217 555 υ.
1250 500 1302 555 I.

242 594 362 650 Dixit
390 592 737 665 Hippolytus,
764 593 1041 662 cxpositor
1069 591 1331 663 Targum,
1360 600 1413 646 et
1448 591 1708 645 Dominus

186 703 323 751 meus,
349 685 583 741 Iacobus
617 685 973 739 Rohaviensis
1010 700 1023 737 :
1055 684 1329 755 Vigesimo
1364 682 1596 752 septimo
1623 684 1709 737 die

184 778 345 832 mensis
371 775 503 842 Jiar,
533 776 627 845 qui
658 782 743 830 est
771 777 976 828 mensis
1004 774 1277 828 secundus
1297 772 1572 835 Hebraeus,
1594 774 1705 827 ele-

182 882 276 926 vata
320 870 415 926 fuit
464 884 592 924 arca
647 869 717 923 ab
770 867 988 922 introitu
1041 877 1103 937 (a
1149 866 1453 939 radicibus)
1504 868 1707 922 montis

184 964 336 1027 sancti,
364 964 588 1032 jamque
619 961 763 1015 illam
790 961 1080 1031 portabant
1110 975 1282 1030 aquae,
1317 969 1370 1015 et
1411 976 1571 1030 super
1602 961 1705 1015 illis

184 1058 225 1113 in
254 1070 424 1128 gyrum
472 1054 801 1109 circumacta
845 1050 948 1105 fuit
998 1067 1190 1106 versus
1238 1062 1470 1121 quatuor
1518 1056 1705 1109 mundi

186 1150 411 1206 cardines.
445 1148 586 1201 Area
616 1146 776 1217 igitur
802 1162 831 1200 a
863 1155 1043 1199 monte
1076 1156 1265 1200 sancto
1287 1145 1507 1200 tetendit
1529 1146 1707 1200 orien-

187 1253 264 1297 tem
292 1256 497 1303 versus,
533 1248 645 1292 tum
681 1254 894 1293 reversa
922 1248 1005 1292 est
1037 1238 1091 1290 in
1122 1236 1476 1300 occidentem,
1512 1237 1707 1293 deinde

189 1347 405 1388 conversa
436 1330 540 1384 fuit
582 1330 648 1383 ad
677 1329 977 1392 meridiem,
1009 1328 1244 1396 denique
1282 1328 1539 1383 orientem
1581 1345 1705 1384 ver-

189 1440 255 1478 sus
281 1424 498 1477 tendens
531 1422 736 1491 appulit
779 1421 845 1475 ad
891 1429 1127 1474 montem
1165 1420 1362 1485 Kardu,
1400 1421 1485 1474 die
1530 1423 1704 1490 primo

190 1514 349 1566 mensis
378 1512 576 1566 decimi
607 1510 935 1580 (tl).Atque
965 1510 1011 1566 is
1032 1520 1115 1566 est
1156 1510 1360 1565 mensis
1390 1509 1581 1565 Kanun
1616 1528 1704 1568 se-

187 1603 375 1659 cundus.

235 1696 284 1748 Et
313 1709 560 1763 egressus
588 1700 671 1745 est
696 1688 849 1744 Noah
895 1689 964 1744 ab
1004 1704 1130 1745 arca
1173 1689 1430 1760 vigesimo
1474 1690 1703 1759 septimo

1808 493 1863 546 in
1901 504 2137 546 montem
2165 490 2334 557 Nebo,
2368 489 2460 558 qui
2495 488 2709 557 quidem
2744 487 2989 554 cognitus
3027 493 3112 541 est
3154 484 3380 539 nomine

1807 584 2008 637 montis
2049 581 2415 646 Hebraeorum,
2440 580 2532 649 qui
2575 587 2659 633 est
2707 577 2763 631 in
2811 586 2953 631 terra
2985 576 3143 631 Moab
3184 584 3380 631 contra

1808 675 2000 729 faciem
2030 672 2267 727 Jericho.

1876 766 1941 821 Et
1970 766 2105 819 dixit
2132 765 2179 819 ei
2208 784 2221 818 :
2250 761 2631 832 Contemplare
2658 768 2857 815 terram
2884 759 3165 827 Chanaan,
3205 776 3375 830 quam

1806 872 1905 927 ego
1932 856 2159 910 daturus
2207 868 2328 907 sum
2381 851 2503 905 ﬁliis
2547 848 2708 903 Israel
2757 849 2810 901 in
2855 847 3245 901 hrcreditatem.
3296 844 3374 897 Tu

1804 932 1949 1007 vero.
1978 963 2320 1020 nequaquam
2374 945 2694 1016 ingredieris
2738 944 2792 997 in
2836 943 3004 1006 illam,
3043 949 3375 1010 quapropter

1806 1043 2015 1097 intuere
2031 1042 2175 1095 illam
2194 1040 2419 1108 alonge.
2439 1036 2573 1091 Cum
2601 1050 2730 1104 ergo
2753 1032 3210 1103 contemplaretur
3226 1031 3371 1083 illam

1805 1134 2005 1197 llloses,
2048 1132 2182 1186 vidit
2217 1132 2362 1184 illam
2398 1138 2595 1181 terram
2617 1167 2633 1192 ,
2669 1136 2862 1179 terram
2892 1126 3153 1179 virentem
3175 1164 3191 1188 ,
3225 1123 3372 1177 otnui

1804 1226 1959 1296 copia
1988 1235 2042 1279 et
2067 1224 2310 1279 ubertate
2351 1221 2713 1275 abundantem
2734 1260 2748 1283 ,
2785 1217 3160 1287 frequentibus
3191 1217 3375 1271 consi-

1807 1330 1911 1374 tam
1941 1318 2249 1382 arboribus,
2274 1325 2326 1370 et
2350 1312 2628 1381 obstupuit
2652 1310 2825 1365 Moses
2847 1320 2901 1364 ct
2935 1308 3096 1363 ﬂevit.

1876 1410 2086 1464 Etcum
2120 1406 2490 1462 descendisset
2524 1403 2696 1456 Moses
2739 1404 2807 1456 de
2856 1411 3036 1454 monte
3069 1398 3237 1462 Nebo,
3275 1414 3370 1453 vo-

1803 1501 1944 1557 cavit
1983 1499 2205 1553 Josuam
2239 1497 2404 1550 lilium
2440 1493 2580 1558 Nun,
2634 1502 2688 1547 et
2734 1493 2871 1545 dixit
2920 1491 2970 1545 ei
3016 1506 3198 1545 coram
3247 1490 3372 1543 ﬁliis

1802 1594 2005 1649 Israel:
2038 1590 2355 1645 Confortare
2402 1597 2453 1642 ct
2487 1597 2603 1641 esto
2643 1586 2920 1640 robustus.
2969 1584 3049 1637 Tu
3094 1584 3236 1637 enim
3289 1585 3372 1636 in-

1804 1687 2151 1740 troducturus
2174 1698 2231 1737 es
2255 1682 2393 1735 ﬁlios
2418 1679 2579 1734 Israel
2612 1678 2665 1731 in
2691 1687 2890 1732 terram
2932 1691 3093 1746 quam
3120 1677 3373 1745 promisit

185 1788 247 1840 die
270 1787 456 1839 mensis
495 1784 611 1839 Jiar
655 1800 799 1839 anno
838 1783 1108 1848 secundo;
1141 1797 1266 1836 nam
1320 1798 1446 1837 arca
1496 1794 1703 1838 morata
1735 1758 1776 1810 Β
1808 1777 1948 1831 Deus
1976 1776 2218 1846 patrihus
2249 1774 2457 1834 eorum,
2491 1788 2548 1825 se
2580 1772 2687 1824 illis
2716 1771 2967 1824 daturum
3001 1768 3054 1821 in
3087 1766 3370 1822 haeredita-

182 1896 251 1949 per
274 1881 501 1948 quinque
527 1893 743 1932 menses
776 1879 1013 1947 integros
1044 1881 1279 1933 natando
1309 1878 1585 1932 ﬁuctuavit
1613 1895 1704 1933 su-

182 1988 248 2041 per
273 1988 450 2040 aquas,
478 1982 532 2025 et
574 1972 750 2039 spatio
793 1972 1000 2024 dierum
1037 1973 1427 2041 quinquaginta
1458 1983 1509 2025 et
1542 1972 1704 2026 unitts

179 2065 343 2132 appulit
384 2064 449 2116 ad
487 2072 711 2115 terram.
750 2060 933 2132 Neque
966 2072 1152 2131 postea
1187 2065 1363 2117 adhuc
1402 2062 1701 2117 ﬂuctuavit.

179 2157 256 2208 Sed
302 2155 676 2207 tantummodo
728 2155 1035 2208 successive
1078 2155 1305 2208 obversa
1363 2154 1464 2209 fuit
1512 2172 1705 2210 versus

172 2258 371 2318 quatuor
395 2250 645 2302 cardines
679 2256 853 2313 terrm,
879 2263 942 2302 ae
967 2248 1201 2318 denique
1235 2249 1426 2301 iterum
1465 2250 1706 2304 substitit

168 2343 399 2394 orientem
440 2354 653 2395 versus.
696 2338 932 2395 Dicimus
971 2349 1148 2394 autem
1190 2340 1241 2393 id
1282 2338 1452 2395 fuisse
1490 2342 1702 2413 signum

165 2433 333 2485 crucis.
367 2430 511 2485 Area
550 2441 727 2484 autem
766 2431 868 2485 fuit
917 2432 1088 2486 instar
1127 2432 1348 2498 Christi,
1378 2433 1471 2503 qui
1507 2449 1704 2505 exspe-

160 2524 405 2576 ctabatur.
442 2522 535 2575 llla
575 2523 719 2575 enim
763 2538 888 2577 arca
929 2522 1029 2576 fuit
1075 2538 1238 2577 causa
1270 2523 1458 2578 salutis
1500 2523 1703 2581 Noachi

154 2625 198 2667 et
223 2616 452 2668 ﬁliorum
489 2615 646 2684 ejus;
682 2616 921 2685 itemque
945 2617 1336 2686 jumentorum,
1370 2618 1629 2686 ferarum,
1652 2632 1706 2676 ct

149 2708 456 2761 volatilium.
484 2706 737 2762 Christus
775 2718 985 2771 autem,
1033 2709 1250 2777 quando
1281 2724 1474 2779 passus
1511 2708 1611 2764 fuit
1647 2712 1702 2765 in

148 2814 318 2862 cruce,
370 2802 624 2856 liberavit
675 2819 774 2858 nos
820 2819 850 2857 a
899 2803 1219 2857 criminibus
1264 2810 1319 2855 et
1362 2803 1618 2872 peccatis,
1649 2812 1703 2858 ct

142 2890 304 2942 abluit
333 2908 436 2947 nos
474 2893 529 2945 in
563 2896 825 2963 sanguine
859 2908 960 2948 suo
986 2892 1300 2963 purissimo.

201 2982 266 3035 Et
295 2985 753 3052 quemadmodum
783 3000 994 3039 reversa
1028 2984 1126 3038 fuit
1156 2999 1281 3038 arca
1318 2984 1372 3039 in
1416 2986 1699 3053 orientem,

133 3073 451 3140 appulitque
468 3074 537 3125 ad
565 3082 798 3127 montem
814 3072 994 3127 Kardu
1019 3072 1152 3144 (12);
1176 3074 1249 3128 ita
1272 3076 1431 3128 etiam
1450 3074 1699 3131 Christus
1728 3103 1769 3160 ο

128 3164 373 3232 perfecto
414 3174 468 3219 et
496 3167 764 3235 completo
785 3181 965 3234 opere,
998 3166 1143 3235 quod
1184 3166 1286 3220 sibi
1321 3180 1696 3236 proposuerat,

124 3271 388 3312 reversus
416 3268 500 3311 est
527 3260 578 3311 in
604 3259 797 3312 coelum
833 3259 884 3311 in
917 3259 1094 3312 sinum
1126 3258 1299 3313 Patris
1328 3260 1433 3325 sui,
1460 3270 1527 3331 .et
1564 3262 1702 3317 sedit

119 3372 293 3423 super
322 3353 469 3407 solio
503 3351 687 3421 gloria?
714 3366 825 3404 suae
850 3350 912 3403 ad
940 3351 1180 3405 dextram
1203 3350 1399 3406 Patris.

186 3445 396 3513 Quoad
429 3453 664 3497 montem
684 3440 885 3506 Kardu,
912 3441 958 3495 is
983 3452 1064 3496 cst
1088 3444 1140 3495 in
1165 3443 1371 3497 oriente
1404 3442 1457 3496 in
1481 3442 1701 3514 regione

109 3541 367 3593 ﬁliorum
406 3536 613 3599 Rabaa,
648 3536 1023 3604 appellantque
1047 3534 1195 3588 illum
1217 3532 1518 3589 Orientales
1545 3551 1701 3589 mon-

106 3650 227 3690 tem
267 3636 497 3691 Go=lash
534 3634 910 3705 (Gordyazum),
954 3642 1149 3687 vocant
1179 3640 1357 3685 autem
1399 3631 1604 3687 Arabes
1646 3640 1701 3686 et

104 3728 303 3783 Persa:
336 3730 542 3781 Ararat
564 3727 699 3797 (l3).

182 3822 261 3876 Et
289 3831 382 3876 est
413 3820 623 3883 civitas,
659 3818 744 3873 cui
773 3830 967 3871 nomen
1001 3822 1082 3870 est
1113 3812 1317 3880 Kardu,
1340 3821 1393 3868 et
1414 3828 1572 3868 mons
1599 3813 1700 3867 iste

104 3918 179 3971 ab
210 3932 283 3970 ea
322 3916 413 3970 sic
450 3913 769 3982 appellatur,
800 3909 891 3980 qui
931 3908 1146 3977 quidem
1190 3908 1487 3961 altissimus
1521 3916 1602 3961 est
1643 3916 1698 3964 et

106 4004 551 4069 inaccessibilis,
586 4002 650 4056 ad
681 4001 835 4070 cujus
864 3999 1118 4054 verticem
1150 4012 1309 4052 nemo
1337 4014 1574 4068 unquam
1602 4015 1699 4069 po-

108 4103 222 4153 tuit
258 4096 567 4152 ascendere
599 4103 816 4163 prOpter
850 4092 957 4144 vim
990 4098 1274 4144 ventorum
1306 4098 1359 4143 et
1393 4090 1535 4144 aeris
1565 4106 1695 4161 pro-

110 4193 425 4253 cellarum,
459 4203 579 4258 qua:
610 4186 683 4240 ibi
718 4192 977 4255 perpetuo
1010 4190 1253 4253 regnant.
1301 4182 1453 4248 Quod
1485 4182 1532 4237 si
1573 4182 1697 4252 quis

110 4300 308 4343 autem
352 4282 702 4341 attentaverit
744 4278 1137 4340 conscendere,
1181 4277 1395 4331 irrunnt
1440 4277 1495 4331 in
1544 4276 1693 4331 illum

112 4380 439 4439 daemones,
468 4372 616 4428 etde
650 4370 850 4426 montis
877 4368 1006 4438 jugo
1043 4368 1096 4421 in
1137 4366 1411 4436 planitiem
1446 4368 1693 4437 prtecipi-

113 4483 228 4524 tem
275 4469 568 4539 dejiciunt,
597 4473 650 4519 et
684 4462 932 4517 moritur.
958 4458 1127 4515 Nemo
1151 4469 1329 4513 autem
1356 4459 1536 4525 novit,
1569 4459 1699 4530 quid
1732 4459 1775 4517 D
1799 4449 1867 4490 ex

110 4568 185 4619 sit
240 4564 301 4614 in
354 4557 644 4629 superﬁcie
689 4555 910 4619 montis,
940 4553 1045 4607 nisi
1091 4550 1235 4620 quod
1282 4550 1529 4620 quaedam
1573 4553 1702 4605 reli-

109 4656 267 4721 quia:
296 4649 438 4719 ligni
475 4647 630 4701 Area:
658 4645 833 4699 adhuc
856 4644 1041 4714 jacent
1078 4643 1131 4695 in
1164 4641 1447 4710 superﬁcie
1484 4642 1703 4698 verticis

110 4743 348 4796 montis.

744 4824 989 4882 SECTIO
1023 4825 1067 4879 X
1079 4867 1093 4880 .

512 4920 596 4973 Ad
630 4918 782 4973 Deut.
817 4935 932 4988 cap.
965 4933 1165 4981 xxxm,
1191 4934 1237 4972 υ.
1273 4919 1326 4973 1.

186 5014 351 5068 Dixit
386 5011 708 5083 Hippolytus
737 5009 1013 5081 expositor
1039 5010 1297 5082 Targum,
1326 5010 1467 5080 quod
1503 5009 1699 5068 Moses.

114 5122 249 5161 cuin
280 5107 615 5163 absolvisset
649 5106 789 5159 hanc
831 5104 1189 5173 prophetiam,
1227 5102 1499 5158 benedixit
1539 5100 1698 5155 etiam

127 5214 290 5268 super
332 5214 531 5253 omnes
566 5198 704 5253 ﬁlios
729 5196 915 5261 Israel,
946 5212 1039 5266 per
1068 5197 1310 5267 singulas
1346 5196 1519 5250 tribus
1554 5207 1704 5247 scor-

131 5288 249 5356 sim,
281 5300 341 5345 et
380 5299 630 5359 precatus
656 5297 739 5343 est
766 5303 863 5358 pro
892 5288 1017 5341 illis.

187 5488 312 5558 (11)
349 5491 431 5542 Ita
455 5486 691 5555 Targum
715 5484 1093 5540 OnkclosGen.
1126 5498 1241 5547 vnt,
1271 5484 1323 5538 4.
1352 5480 1583 5551 Targum
1610 5478 1702 5532 Jo-

109 5560 539 5695 "asca-

184 5644 313 5712 (η)
340 5634 423 5697 Ita
456 5634 692 5712 Targum
722 5638 955 5694 Onkelos
982 5638 1119 5693 Gen.
1151 5651 1271 5699 vin,
1299 5634 1351 5689 4.

176 5727 313 5801 (15)
334 5724 407 5781 γ.
427 5726 629 5781 Fuller.
656 5723 807 5777 Misc.
835 5721 1007 5786 Sacr.,
1029 5721 1122 5776 lib.
1151 5735 1187 5787 ί,
1215 5735 1264 5775 c.
1291 5718 1345 5783 4,
1371 5725 1421 5773 et
1448 5715 1695 5772 Bochart.

1806 1878 1935 1923 tem.
1969 1865 2047 1921 Ne
2077 1882 2205 1934 ergo
2234 1866 2426 1918 timeas
2452 1879 2479 1915 a
2508 1862 2743 1931 populis,
2775 1875 2950 1930 neque
2978 1857 3299 1915 reformides
3338 1876 3370 1913 a

1804 1959 2082 2030 gentibus;
2113 1971 2237 2009 nam
2268 1954 2408 2007 Deus
2435 1954 2536 2007 erit
2569 1961 2767 2005 tecum.

1874 2051 1939 2102 Et
1969 2046 2189 2116 scripsit
2216 2045 2389 2100 Moses
2414 2045 2557 2097 illam
2587 2041 2823 2097 Sennam
2852 2038 2963 2110 (II)
2991 2037 3175 2107 (IIebr.
3201 2051 3371 2101 nam

1804 2141 2180 2198 secundariam
2214 2139 2406 2208 legem,
2444 2138 2556 2191 sive
2582 2131 3102 2202 Deuteronomium),
3127 2131 3374 2185 tradidit-

1803 2250 1908 2305 que
1943 2234 2087 2287 illam
2120 2231 2491 2288 sacerdotibus
2522 2230 2645 2284 liliis
2685 2227 2832 2293 Levi,
2879 2227 3238 2296 praecepitque
3269 2227 3374 2281 illis

1802 2327 1987 2383 dicens
2012 2345 2023 2378 :
2053 2324 2234 2395 Usque
2251 2324 2315 2377 ad
2336 2334 2538 2392 septeni
2570 2336 2742 2375 annos
2774 2320 3044 2374 occultate
3074 2321 3214 2372 hanc
3236 2319 3373 2372 Sen-

1802 2434 1950 2484 nam,
1994 2432 2168 2486 neque
2208 2414 2562 2469 manifestetis
2594 2413 2740 2466 illam
2782 2411 2836 2464 in
2882 2410 3094 2479 integro
3137 2409 3371 2464 decursu

1803 2518 2006 2579 septem
2025 2523 2311 2562 annorum.
2333 2504 2619 2574 (Tuncque)
2643 2504 2695 2556 in
2722 2502 2857 2557 festo
2874 2500 3369 2556 Tabernaculorum

1802 2602 1979 2674 legent
2011 2600 2318 2656 sacerdotes
2344 2597 2435 2650 lilii
2471 2595 2596 2649 Levi
2642 2595 2781 2647 hanc
2812 2593 2983 2662 legem
3014 2606 3197 2647 coram
3244 2591 3370 2645 ﬁliis

1802 2694 1989 2757 Israel,
2020 2702 2077 2747 ut
2114 2692 2418 2751 observent,
2453 2684 2629 2741 omnis
2655 2686 2905 2755 populus,
2931 2693 3037 2738 tam
3063 2684 3184 2749 viri,
3205 2699 3370 2753 quam

1802 2786 2043 2847 feminea,
2082 2797 2360 2839 sermones
2390 2779 2503 2833 Dei.
2533 2777 2791 2847 Prwcipe,
2824 2787 2882 2831 ut
2912 2776 3223 2831 custodiant
3254 2791 3373 2829 vcr-

1801 2878 1928 2932 bum
1955 2876 2067 2939 Dei,
2087 2875 2229 2943 quod
2256 2882 2338 2927 est
2365 2873 2418 2925 in
2444 2872 2531 2924 illa
2557 2871 2691 2939 lege.
2715 2868 2974 2937 Quisquis
3000 2877 3179 2922 autem
3202 2867 3373 2922 viola-

1800 2969 1939 3023 rerit
1963 2982 2125 3021 unum
2165 2980 2229 3018 ex
2274 2964 2393 3018 istis
2422 2962 2721 3032 praeceptis,
2751 2969 2867 3015 esto
2891 2959 3227 3014 maledictus.

1872 3058 2166 3127 Postquam
2193 3057 2373 3124 itaque
2404 3054 2786 3123 complevisset
2816 3051 2993 3107 Moses
3017 3051 3369 3120 scriptionem

1800 3152 1955 3222 legis,
1999 3148 2214 3203 tradidit
2255 3148 2401 3200 illam
2448 3144 2628 3200 Josuze
2668 3145 2779 3199 ﬁlio
2811 3142 2949 3203 Nun,
2994 3145 3362 3211 praecepitque

1800 3254 1860 3299 ut
1904 3242 2135 3298 traderet
2178 3256 2296 3294 eam
2339 3239 2462 3293 ﬁliis
2504 3238 2632 3292 Levi
2669 3236 3060 3292 sacerdotibus.
3106 3232 3371 3302 Przecepit

1800 3349 2015 3405 quoque
2047 3332 2151 3386 illis
2192 3331 2365 3386 Moses
2409 3340 2463 3385 et
2500 3329 2684 3399 jussit,
2721 3338 2779 3383 ut
2825 3335 3143 3397 reponerent
3171 3326 3369 3379 librum

1798 3425 1931 3494 legis
1972 3425 2111 3478 intra
2150 3436 2328 3475 arcam
2364 3420 2584 3475 fcederis
2621 3420 2866 3486 Domini,
2910 3428 2969 3473 ut
3008 3417 3083 3473 ibi
3126 3426 3371 3473 maneret

1800 3519 1854 3572 in
1888 3515 2259 3571 testimonium
2294 3513 2344 3565 in
2372 3522 2654 3566 aeternum.

1867 3607 2113 3677 Cumque
2152 3608 2309 3659 linem
2342 3602 2686 3672 prtecipiendi
2728 3600 2946 3657 fecisset
2976 3600 3174 3667 Moses,
3199 3601 3367 3671 jussit

1797 3700 1845 3755 ei
1876 3698 2018 3757 Deus
2057 3708 2118 3753 ut
2165 3696 2477 3751 ascenderet
2510 3695 2561 3747 in
2590 3703 2828 3748 montem
2863 3691 3035 3759 Nebo,
3066 3692 3158 3761 qui
3185 3702 3267 3747 est
3297 3709 3366 3746 ex

1798 3791 2029 3845 adverso
2064 3786 2298 3842 Jericho.
2349 3783 2596 3838 Ostendit
2632 3784 2708 3836 illi
2758 3783 3017 3838 Dominus
3055 3785 3366 3838 universam

1798 3893 1997 3938 terram
2043 3865 2420 3950 promissionis
2465 3892 2496 3931 a
2543 3884 2777 3945 quatuor
2806 3876 3120 3929 cardinibus
3157 3875 3296 3943 ejus,
3336 3892 3368 3928 a

1797 3976 2010 4029 deserto
2039 3987 2208 4042 usque
2234 3971 2300 4025 ad
2329 3984 2499 4034 mare,
2534 3979 2586 4024 et
2632 3984 2662 4022 a
2706 3968 2845 4021 mari
2882 3982 3053 4036 usque
3084 3966 3150 4019 ad
3194 3982 3359 4019 mare.

1798 4066 2049 4135 Dixitque
2080 4064 2155 4118 illi
2191 4062 2333 4117 Deus
2366 4081 2378 4116 :
2411 4060 2493 4114 Tu
2540 4060 2755 4131 quidem
2793 4058 2940 4112 illam
2973 4057 3153 4111 vidisti
3195 4057 3367 4111 oculis

1797 4159 1927 4225 tuis,
1959 4167 2013 4213 at
2036 4171 2162 4212 vero
2187 4169 2531 4225 nequaquam
2576 4151 2894 4223 ingredieris
2924 4150 2975 4202 in
3016 4149 3186 4203 illam.
3224 4147 3368 4201 Mor-

1794 4260 1923 4306 tuus
1962 4259 2046 4305 est
2087 4250 2267 4319 itaque
2309 4248 2419 4302 illic
2460 4247 2659 4308 Moses,
2691 4258 2880 4298 servus
2919 4241 3034 4306 Dei,
3059 4241 3215 4309 jussu
3247 4240 3361 4293 Dei.

1797 4340 1865 4394 Et
1891 4341 2216 4410 sepelierunt
2255 4353 2378 4391 eum
2416 4334 2591 4403 angeli
2633 4333 2687 4387 in
2721 4339 2904 4387 monte
2932 4327 3112 4392 Nebo,
3143 4327 3237 4398 qui
3281 4335 3366 4379 est

1892 4433 2118 4487 adverso
2142 4430 2272 4485 Belli
2294 4428 2525 4497 Phegor.

1873 4525 1939 4579 Et
1982 4539 2142 4577 nemo
2190 4520 2339 4575 novit
2387 4517 2692 4588 sepulcrum
2733 4512 2852 4582 ejus
2891 4525 3066 4581 usque
3110 4508 3177 4563 ad
3220 4507 3365 4561 hunc

1804 4617 1964 4672 diem.
1993 4614 2290 4670 Uccultavit
2324 4611 2469 4665 enim
2498 4607 2641 4662 Deus
2673 4604 2981 4674 sepulcrum
3014 4600 3154 4670 ejus.

1874 4704 2020 4760 Vixit
2046 4713 2226 4759 autem
2259 4701 2436 4756 Moses
2464 4706 2677 4753 centum
2709 4705 2762 4751 et
2800 4692 2987 4763 viginti
3028 4704 3235 4755 annos;
3272 4705 3365 4741 ne-

1799 4813 1908 4868 que
1951 4797 2278 4866 caligaverat
2319 4794 2468 4847 visus
2514 4789 2652 4858 ejus,
2700 4801 2876 4855 neque
2919 4791 3205 4852 corrugata
3247 4788 3365 4833 erat

1800 4892 1955 4963 pellis
1979 4890 2159 4944 vultus
2186 4887 2324 4956 ejus.

1872 4983 2120 5038 Mortuus
2151 4979 2253 5033 fuit
2282 4977 2455 5033 Moses
2496 4974 2581 5031 die
2619 4971 2855 5043 quodam
2887 4970 3020 5023 hora
3052 4965 3207 5021 tertia
3233 4964 3361 5027 diei,

1802 5081 2032 5151 septimo
2061 5078 2148 5132 die
2173 5074 2377 5130 mensis
2412 5070 2656 5135 secundi,
2686 5068 2775 5138 qui
2801 5073 2884 5121 est
2908 5061 3108 5117 mensis
3128 5058 3259 5112 Jiar.

1876 5182 1939 5237 Et
1964 5178 2239 5236 lamentati
2268 5185 2394 5233 sunt
2425 5189 2587 5244 super
2606 5187 2670 5227 eo
2697 5170 2790 5225 ﬁlii
2819 5165 3029 5222 lsraelis
3058 5162 3112 5215 in
3146 5173 3361 5229 campe-

1802 5277 2001 5333 stribus
2024 5274 2180 5328 Moab
2206 5288 2300 5342 per
2326 5281 2433 5324 tres
2458 5268 2593 5322 dies.
3285 5266 3297 5278 '

1801 5477 2021 5545 Phaleg.
2056 5490 2107 5542 ι).
2136 5473 2228 5528 ea.

1873 5614 1985 5684 (Μ)
2022 5610 2135 5665 Hoc
2150 5596 2828 5684 nomine__Mobammcdani
2861 5609 2989 5651 suas
3019 5587 3364 5648 Traditionel

1802 5675 2069 5757 appellant
2102 5689 2295 5763 praeter
2327 5675 2681 5731 Alkoranum.
