  <div class='ocr_page' id='page_1' title='image "/cluster/home/n/w/nwhite01/storage/ocr_20150623/10/hvd.32044073501330/375.png"; bbox 0 0 3860 6200; ppageno 0'>
   <div class='ocr_carea' id='block_1_1' title="bbox 598 269 699 329">
    <p class='ocr_par' dir='ltr' id='par_1_1' title="bbox 598 269 699 329">
     <span class='ocr_line' id='line_1_1' title="bbox 598 269 699 329; baseline 0.01 -1"><span class='ocrx_word' id='word_1_1' title='bbox 598 269 699 329; x_wconf 76' lang='grc'><strong>711</strong></span> 
     </span>
    </p>
   </div>
   <div class='ocr_carea' id='block_1_2' title="bbox 1460 251 2950 331">
    <p class='ocr_par' dir='ltr' id='par_1_2' title="bbox 1460 251 2950 331">
     <span class='ocr_line' id='line_1_2' title="bbox 1460 251 2950 331; baseline -0.001 -8"><span class='ocrx_word' id='word_1_2' title='bbox 1460 266 1521 324; x_wconf 90' lang='lat' dir='ltr'><strong>s.</strong></span> <span class='ocrx_word' id='word_1_3' title='bbox 1554 251 1917 324; x_wconf 76' lang='lat' dir='ltr'><strong>ntrPo&#39;Lvrt</strong></span> <span class='ocrx_word' id='word_1_4' title='bbox 1951 264 2103 322; x_wconf 78' lang='lat' dir='ltr'><strong>opp.</strong></span> <span class='ocrx_word' id='word_1_5' title='bbox 2141 264 2324 322; x_wconf 79' lang='lat' dir='ltr'><strong>PARS</strong></span> <span class='ocrx_word' id='word_1_6' title='bbox 2357 264 2403 323; x_wconf 82' lang='grc' dir='ltr'><strong>ι.</strong></span> <span class='ocrx_word' id='word_1_7' title='bbox 2438 298 2511 311; x_wconf 90' lang='grc'><strong><em>-</em></strong></span> <span class='ocrx_word' id='word_1_8' title='bbox 2539 265 2950 331; x_wconf 68' lang='lat' dir='ltr'><strong>meamea.</strong></span> 
     </span>
    </p>
   </div>
   <div class='ocr_carea' id='block_1_3' title="bbox 3652 270 3733 327">
    <p class='ocr_par' dir='ltr' id='par_1_3' title="bbox 3652 270 3733 327">
     <span class='ocr_line' id='line_1_3' title="bbox 3652 270 3733 327; baseline 0.062 -5"><span class='ocrx_word' id='word_1_9' title='bbox 3652 270 3733 327; x_wconf 67' lang='lat' dir='ltr'><strong>&#39;tli</strong></span> 
     </span>
    </p>
   </div>
   <div class='ocr_carea' id='block_1_4' title="bbox 670 386 3729 464">
    <p class='ocr_par' dir='ltr' id='par_1_4' title="bbox 670 386 3729 464">
     <span class='ocr_line' id='line_1_4' title="bbox 670 386 3729 464; baseline 0.001 -16"><span class='ocrx_word' id='word_1_10' title='bbox 670 391 1038 464; x_wconf 85' lang='lat' dir='ltr'><strong>lmpletusque</strong></span> <span class='ocrx_word' id='word_1_11' title='bbox 1063 390 1166 447; x_wconf 85' lang='lat' dir='ltr'><strong>fuit</strong></span> <span class='ocrx_word' id='word_1_12' title='bbox 1192 388 1359 447; x_wconf 84' lang='lat' dir='ltr'><strong>Josua</strong></span> <span class='ocrx_word' id='word_1_13' title='bbox 1401 389 1547 446; x_wconf 87' lang='lat' dir='ltr'><strong>filius</strong></span> <span class='ocrx_word' id='word_1_14' title='bbox 1573 388 1697 445; x_wconf 82' lang='lat' dir='ltr'><strong>Nun</strong></span> <span class='ocrx_word' id='word_1_15' title='bbox 1726 390 1921 461; x_wconf 92' lang='lat' dir='ltr'><strong>spiritu</strong></span> <span class='ocrx_word' id='word_1_16' title='bbox 1950 389 2172 460; x_wconf 88' lang='lat' dir='ltr'><strong>sapien-</strong></span> <span class='ocrx_word' id='word_1_17' title='bbox 2197 396 2250 453; x_wconf 74' lang='grc' dir='ltr'>Α</span> <span class='ocrx_word' id='word_1_18' title='bbox 2344 388 2491 444; x_wconf 81' lang='lat' dir='ltr'><strong>Vixit</strong></span> <span class='ocrx_word' id='word_1_19' title='bbox 2520 398 2700 447; x_wconf 87' lang='lat' dir='ltr'><strong>autem</strong></span> <span class='ocrx_word' id='word_1_20' title='bbox 2740 388 2908 445; x_wconf 80' lang='lat' dir='ltr'><strong>Josua</strong></span> <span class='ocrx_word' id='word_1_21' title='bbox 2935 388 3077 445; x_wconf 87' lang='lat' dir='ltr'><strong>ﬁlius</strong></span> <span class='ocrx_word' id='word_1_22' title='bbox 3106 386 3247 456; x_wconf 85' lang='lat' dir='ltr'><strong>Nun,</strong></span> <span class='ocrx_word' id='word_1_23' title='bbox 3288 401 3483 447; x_wconf 82' lang='lat' dir='ltr'><strong>centum</strong></span> <span class='ocrx_word' id='word_1_24' title='bbox 3511 404 3559 449; x_wconf 79' lang='lat' dir='ltr'><strong>ct</strong></span> <span class='ocrx_word' id='word_1_25' title='bbox 3588 396 3729 455; x_wconf 75' lang='lat' dir='ltr'><strong>decem</strong></span> 
     </span>
    </p>
   </div>
   <div class='ocr_carea' id='block_1_5' title="bbox 595 480 2148 554">
    <p class='ocr_par' dir='ltr' id='par_1_5' title="bbox 595 480 2148 554">
     <span class='ocr_line' id='line_1_5' title="bbox 595 480 2148 554; baseline -0.005 -13"><span class='ocrx_word' id='word_1_26' title='bbox 595 485 716 553; x_wconf 69' lang='lat' dir='ltr'><strong>tite;</strong></span> <span class='ocrx_word' id='word_1_27' title='bbox 741 500 867 539; x_wconf 88' lang='lat' dir='ltr'><strong>nam</strong></span> <span class='ocrx_word' id='word_1_28' title='bbox 891 482 1065 539; x_wconf 78' lang='lat' dir='ltr'><strong>Moses</strong></span> <span class='ocrx_word' id='word_1_29' title='bbox 1085 483 1415 554; x_wconf 81' lang='lat' dir='ltr'><strong>imposuerat</strong></span> <span class='ocrx_word' id='word_1_30' title='bbox 1436 496 1655 536; x_wconf 89' lang='lat' dir='ltr'><strong>manum</strong></span> <span class='ocrx_word' id='word_1_31' title='bbox 1678 496 1831 537; x_wconf 83' lang='lat' dir='ltr'><strong>suam</strong></span> <span class='ocrx_word' id='word_1_32' title='bbox 1855 496 2017 552; x_wconf 82' lang='lat' dir='ltr'><strong>super</strong></span> <span class='ocrx_word' id='word_1_33' title='bbox 2038 480 2148 536; x_wconf 90' lang='lat' dir='ltr'><strong>illo.</strong></span> 
     </span>
    </p>
   </div>
   <div class='ocr_carea' id='block_1_6' title="bbox 598 572 2160 643">
    <p class='ocr_par' dir='ltr' id='par_1_6' title="bbox 598 572 2160 643">
     <span class='ocr_line' id='line_1_6' title="bbox 598 572 2160 643; baseline -0.003 -10"><span class='ocrx_word' id='word_1_34' title='bbox 598 577 665 633; x_wconf 85' lang='lat' dir='ltr'><strong>Et</strong></span> <span class='ocrx_word' id='word_1_35' title='bbox 688 578 1011 633; x_wconf 86' lang='lat' dir='ltr'><strong>obedierunt</strong></span> <span class='ocrx_word' id='word_1_36' title='bbox 1035 576 1085 631; x_wconf 92' lang='lat' dir='ltr'><strong>ei</strong></span> <span class='ocrx_word' id='word_1_37' title='bbox 1127 591 1317 631; x_wconf 91' lang='lat' dir='ltr'><strong>omnes</strong></span> <span class='ocrx_word' id='word_1_38' title='bbox 1357 575 1452 630; x_wconf 81' lang='lat' dir='ltr'><strong>lilii</strong></span> <span class='ocrx_word' id='word_1_39' title='bbox 1482 572 1719 629; x_wconf 89' lang='lat' dir='ltr'><strong>lsraelis.</strong></span> <span class='ocrx_word' id='word_1_40' title='bbox 1758 573 2160 643; x_wconf 84' lang='lat' dir='ltr'><strong>Admonuitque</strong></span> 
     </span>
    </p>
   </div>
   <div class='ocr_carea' id='block_1_7' title="bbox 599 666 2164 742">
    <p class='ocr_par' dir='ltr' id='par_1_7' title="bbox 599 666 2164 742">
     <span class='ocr_line' id='line_1_7' title="bbox 599 666 2164 742; baseline 0 -17"><span class='ocrx_word' id='word_1_41' title='bbox 599 669 743 725; x_wconf 87' lang='lat' dir='ltr'><strong>Deus</strong></span> <span class='ocrx_word' id='word_1_42' title='bbox 783 667 1006 725; x_wconf 85' lang='lat' dir='ltr'><strong>Josuam</strong></span> <span class='ocrx_word' id='word_1_43' title='bbox 1051 668 1220 723; x_wconf 83' lang='lat' dir='ltr'><strong>filium</strong></span> <span class='ocrx_word' id='word_1_44' title='bbox 1260 666 1382 725; x_wconf 83' lang='lat' dir='ltr'><strong>Nun</strong></span> <span class='ocrx_word' id='word_1_45' title='bbox 1424 669 1513 726; x_wconf 91' lang='lat' dir='ltr'><strong>die</strong></span> <span class='ocrx_word' id='word_1_46' title='bbox 1544 671 1803 742; x_wconf 89' lang='lat' dir='ltr'><strong>quodam,</strong></span> <span class='ocrx_word' id='word_1_47' title='bbox 1843 682 2038 738; x_wconf 84' lang='lat' dir='ltr'><strong>nempe</strong></span> <span class='ocrx_word' id='word_1_48' title='bbox 2073 668 2164 725; x_wconf 86' lang='lat' dir='ltr'><strong>die</strong></span> 
     </span>
    </p>
   </div>
   <div class='ocr_carea' id='block_1_8' title="bbox 598 756 1266 831">
    <p class='ocr_par' dir='ltr' id='par_1_8' title="bbox 598 756 1266 831">
     <span class='ocr_line' id='line_1_8' title="bbox 598 756 1266 831; baseline -0.001 -15"><span class='ocrx_word' id='word_1_49' title='bbox 598 762 829 831; x_wconf 87' lang='lat' dir='ltr'><strong>septimo</strong></span> <span class='ocrx_word' id='word_1_50' title='bbox 854 759 1056 815; x_wconf 89' lang='lat' dir='ltr'><strong>mensis</strong></span> <span class='ocrx_word' id='word_1_51' title='bbox 1079 756 1266 816; x_wconf 84' lang='lat' dir='ltr'><strong>Nisan.</strong></span> 
     </span>
    </p>
   </div>
   <div class='ocr_carea' id='block_1_9' title="bbox 671 914 2160 997">
    <p class='ocr_par' dir='ltr' id='par_1_9' title="bbox 671 914 2160 997">
     <span class='ocr_line' id='line_1_9' title="bbox 671 914 2160 997; baseline -0.006 -21"><span class='ocrx_word' id='word_1_52' title='bbox 671 921 785 991; x_wconf 86' lang='lat' dir='ltr'><strong>(l5)</strong></span> <span class='ocrx_word' id='word_1_53' title='bbox 825 920 1085 997; x_wconf 62' lang='lat' dir='ltr'><strong>Tempus,</strong></span> <span class='ocrx_word' id='word_1_54' title='bbox 1104 935 1215 990; x_wconf 88' lang='lat' dir='ltr'><strong>quo</strong></span> <span class='ocrx_word' id='word_1_55' title='bbox 1239 927 1495 997; x_wconf 70' lang='lat' dir='ltr'><strong>exaratus</strong></span> <span class='ocrx_word' id='word_1_56' title='bbox 1514 918 1784 997; x_wconf 36' lang='lat' dir='ltr'><strong>est_co.dex</strong></span> <span class='ocrx_word' id='word_1_57' title='bbox 1801 914 2160 997; x_wconf 71' lang='lat' dir='ltr'><strong>Huntlingdo-</strong></span> 
     </span>
    </p>
   </div>
   <div class='ocr_carea' id='block_1_10' title="bbox 597 988 2162 1059">
    <p class='ocr_par' dir='ltr' id='par_1_10' title="bbox 597 988 2162 1059">
     <span class='ocr_line' id='line_1_10' title="bbox 597 988 2162 1059; baseline -0.006 -10"><span class='ocrx_word' id='word_1_58' title='bbox 597 988 818 1055; x_wconf 83' lang='lat' dir='ltr'><strong>niauus,</strong></span> <span class='ocrx_word' id='word_1_59' title='bbox 850 988 1001 1046; x_wconf 82' lang='lat' dir='ltr'><strong>num.</strong></span> <span class='ocrx_word' id='word_1_60' title='bbox 1023 988 1204 1054; x_wconf 30' lang='lat' dir='ltr'><strong>84,‘ex</strong></span> <span class='ocrx_word' id='word_1_61' title='bbox 1229 1006 1335 1058; x_wconf 82' lang='lat' dir='ltr'><strong>quo</strong></span> <span class='ocrx_word' id='word_1_62' title='bbox 1364 990 1477 1044; x_wconf 71' lang='lat' dir='ltr'><strong>lucc</strong></span> <span class='ocrx_word' id='word_1_63' title='bbox 1504 988 1847 1059; x_wconf 82' lang='lat' dir='ltr'><strong>potissimum</strong></span> <span class='ocrx_word' id='word_1_64' title='bbox 1870 988 2162 1059; x_wconf 79' lang='lat' dir='ltr'><strong>descripsi-</strong></span> 
     </span>
    </p>
   </div>
   <div class='ocr_carea' id='block_1_11' title="bbox 599 1056 2158 1129">
    <p class='ocr_par' dir='ltr' id='par_1_11' title="bbox 599 1056 2158 1129">
     <span class='ocr_line' id='line_1_11' title="bbox 599 1056 2158 1129; baseline -0.006 -11"><span class='ocrx_word' id='word_1_65' title='bbox 599 1080 741 1128; x_wconf 80' lang='lat' dir='ltr'><strong>mus,</strong></span> <span class='ocrx_word' id='word_1_66' title='bbox 773 1064 853 1117; x_wconf 90' lang='lat' dir='ltr'><strong>sic</strong></span> <span class='ocrx_word' id='word_1_67' title='bbox 881 1070 1102 1115; x_wconf 85' lang='lat' dir='ltr'><strong>notatur</strong></span> <span class='ocrx_word' id='word_1_68' title='bbox 1127 1078 1141 1115; x_wconf 90' lang='lat'><strong>:</strong></span> <span class='ocrx_word' id='word_1_69' title='bbox 1166 1056 1295 1114; x_wconf 77' lang='lat' dir='ltr'><strong>Fuit</strong></span> <span class='ocrx_word' id='word_1_70' title='bbox 1319 1056 1636 1129; x_wconf 48' lang='lat' dir='ltr'><strong>autem&#39;ﬁnis</strong></span> <span class='ocrx_word' id='word_1_71' title='bbox 1667 1056 1987 1129; x_wconf 42' lang='lat' dir='ltr'><strong>scriptionis</strong></span> <span class='ocrx_word' id='word_1_72' title='bbox 1998 1056 2158 1129; x_wconf 77' lang='lat' dir='ltr'><strong>hujus</strong></span> 
     </span>
    </p>
   </div>
   <div class='ocr_carea' id='block_1_12' title="bbox 597 1124 2160 1203">
    <p class='ocr_par' dir='ltr' id='par_1_12' title="bbox 597 1124 2160 1203">
     <span class='ocr_line' id='line_1_12' title="bbox 597 1124 2160 1203; baseline -0.005 -17"><span class='ocrx_word' id='word_1_73' title='bbox 597 1124 747 1203; x_wconf 78' lang='lat' dir='ltr'><strong>legis,</strong></span> <span class='ocrx_word' id='word_1_74' title='bbox 788 1141 838 1187; x_wconf 87' lang='lat' dir='ltr'><strong>et</strong></span> <span class='ocrx_word' id='word_1_75' title='bbox 880 1132 1223 1203; x_wconf 71' lang='lat' dir='ltr'><strong>expositionis</strong></span> <span class='ocrx_word' id='word_1_76' title='bbox 1269 1124 1729 1203; x_wconf 27' lang='lat' dir='ltr'><strong>eiusdentiultimo</strong></span> <span class='ocrx_word' id='word_1_77' title='bbox 1770 1124 1896 1198; x_wconf 78' lang='lat' dir='ltr'><strong>(die)</strong></span> <span class='ocrx_word' id='word_1_78' title='bbox 1938 1124 2160 1203; x_wconf 62' lang='lat' dir='ltr'><strong>Iishrin</strong></span> 
     </span>
    </p>
   </div>
   <div class='ocr_carea' id='block_1_13' title="bbox 595 1195 2161 1273">
    <p class='ocr_par' dir='ltr' id='par_1_13' title="bbox 595 1195 2161 1273">
     <span class='ocr_line' id='line_1_13' title="bbox 595 1195 2161 1273; baseline -0.004 -17"><span class='ocrx_word' id='word_1_79' title='bbox 595 1195 775 1273; x_wconf 63' lang='lat' dir='ltr'><strong>primi,</strong></span> <span class='ocrx_word' id='word_1_80' title='bbox 804 1203 897 1273; x_wconf 85' lang='lat' dir='ltr'><strong>die</strong></span> <span class='ocrx_word' id='word_1_81' title='bbox 928 1195 1239 1273; x_wconf 82' lang='lat' dir='ltr'><strong>Parasceves</strong></span> <span class='ocrx_word' id='word_1_82' title='bbox 1273 1200 1537 1273; x_wconf 80' lang='lat' dir='ltr'><strong>(Veneris)</strong></span> <span class='ocrx_word' id='word_1_83' title='bbox 1580 1199 1710 1253; x_wconf 84' lang='lat' dir='ltr'><strong>hora</strong></span> <span class='ocrx_word' id='word_1_84' title='bbox 1741 1195 1898 1273; x_wconf 58' lang='lat' dir='ltr'><strong>nona}</strong></span> <span class='ocrx_word' id='word_1_85' title='bbox 1929 1195 2161 1267; x_wconf 79' lang='lat' dir='ltr'><strong>Eratque</strong></span> 
     </span>
    </p>
   </div>
   <div class='ocr_carea' id='block_1_14' title="bbox 597 1269 2159 1339">
    <p class='ocr_par' dir='ltr' id='par_1_14' title="bbox 597 1269 2159 1339">
     <span class='ocr_line' id='line_1_14' title="bbox 597 1269 2159 1339; baseline -0.005 -13"><span class='ocrx_word' id='word_1_86' title='bbox 597 1269 766 1326; x_wconf 77' lang='lat' dir='ltr'><strong>annus</strong></span> <span class='ocrx_word' id='word_1_87' title='bbox 785 1272 1094 1325; x_wconf 86' lang='lat' dir='ltr'><strong>millesimus</strong></span> <span class='ocrx_word' id='word_1_88' title='bbox 1125 1272 1579 1339; x_wconf 85' lang='lat' dir='ltr'><strong>actingentesimus</strong></span> <span class='ocrx_word' id='word_1_89' title='bbox 1608 1269 2159 1339; x_wconf 57' lang='lat' dir='ltr'><strong>octogesimusnanus.</strong></span> 
     </span>
    </p>
   </div>
   <div class='ocr_carea' id='block_1_15' title="bbox 600 1334 2164 1466">
    <p class='ocr_par' dir='ltr' id='par_1_15' title="bbox 600 1334 2164 1466">
     <span class='ocr_line' id='line_1_15' title="bbox 600 1334 2164 1466; baseline -0.004 -70"><span class='ocrx_word' id='word_1_90' title='bbox 600 1342 707 1466; x_wconf 48' lang='lat' dir='ltr'><strong>ger</strong></span> <span class='ocrx_word' id='word_1_91' title='bbox 746 1358 959 1396; x_wconf 85' lang='lat' dir='ltr'><strong>manum</strong></span> <span class='ocrx_word' id='word_1_92' title='bbox 994 1334 1433 1413; x_wconf 83' lang='lat' dir='ltr'><strong>contemptibilem</strong></span> <span class='ocrx_word' id='word_1_93' title='bbox 1470 1340 1605 1395; x_wconf 79' lang='lat' dir='ltr'><strong>servi</strong></span> <span class='ocrx_word' id='word_1_94' title='bbox 1647 1334 1744 1394; x_wconf 81' lang='lat' dir='ltr'><strong>Dei</strong></span> <span class='ocrx_word' id='word_1_95' title='bbox 1782 1335 1897 1392; x_wconf 85' lang='lat' dir='ltr'><strong>Kas</strong></span> <span class='ocrx_word' id='word_1_96' title='bbox 1938 1334 2164 1406; x_wconf 81' lang='lat' dir='ltr'><strong>Marpha</strong></span> 
     </span>
     <span class='ocr_line' id='line_1_16' title="bbox 658 1428 764 1466; baseline 0.009 -1"><span class='ocrx_word' id='word_1_97' title='bbox 658 1428 764 1466; x_wconf 82' lang='lat' dir='ltr'><strong>am.</strong></span> 
     </span>
    </p>
   </div>
   <div class='ocr_carea' id='block_1_16' title="bbox 658 1428 764 1467">
    <p class='ocr_par' dir='ltr' id='par_1_16' title="bbox 658 1428 764 1467">
     <span class='ocr_line' id='line_1_17' title="bbox 658 1428 764 1467; baseline 0.019 -2"><span class='ocrx_word' id='word_1_98' title='bbox 658 1428 764 1467; x_wconf 78' lang='lat' dir='ltr'><strong>am.</strong></span> 
     </span>
    </p>
   </div>
   <div class='ocr_carea' id='block_1_17' title="bbox 670 1476 2161 1554">
    <p class='ocr_par' dir='ltr' id='par_1_17' title="bbox 670 1476 2161 1554">
     <span class='ocr_line' id='line_1_18' title="bbox 670 1476 2161 1554; baseline -0.006 -18"><span class='ocrx_word' id='word_1_99' title='bbox 670 1484 728 1536; x_wconf 91' lang='lat' dir='ltr'><strong>In</strong></span> <span class='ocrx_word' id='word_1_100' title='bbox 774 1482 879 1537; x_wconf 87' lang='lat' dir='ltr'><strong>line</strong></span> <span class='ocrx_word' id='word_1_101' title='bbox 918 1482 1128 1554; x_wconf 78' lang='lat' dir='ltr'><strong>paginae</strong></span> <span class='ocrx_word' id='word_1_102' title='bbox 1157 1480 1416 1554; x_wconf 64' lang='lat' dir='ltr'><strong>Arabicis</strong></span> <span class='ocrx_word' id='word_1_103' title='bbox 1452 1479 1665 1554; x_wconf 71' lang='lat' dir='ltr'><strong>litteris</strong></span> <span class='ocrx_word' id='word_1_104' title='bbox 1690 1478 1807 1534; x_wconf 59' lang='lat' dir='ltr'><strong>hac</strong></span> <span class='ocrx_word' id='word_1_105' title='bbox 1846 1476 2161 1554; x_wconf 54' lang='lat' dir='ltr'><strong>habentur;</strong></span> 
     </span>
    </p>
   </div>
   <div class='ocr_carea' id='block_1_18' title="bbox 603 1546 2136 1671">
    <p class='ocr_par' dir='ltr' id='par_1_18' title="bbox 603 1546 2136 1671">
     <span class='ocr_line' id='line_1_19' title="bbox 603 1546 2136 1671; baseline -0.004 -65"><span class='ocrx_word' id='word_1_106' title='bbox 603 1551 827 1621; x_wconf 84' lang='lat' dir='ltr'><strong>Operam</strong></span> <span class='ocrx_word' id='word_1_107' title='bbox 860 1546 1117 1635; x_wconf 63' lang='lat' dir='ltr'><strong>dabamus</strong></span> <span class='ocrx_word' id='word_1_108' title='bbox 1145 1552 1267 1605; x_wconf 90' lang='lat' dir='ltr'><strong>huic</strong></span> <span class='ocrx_word' id='word_1_109' title='bbox 1311 1550 1447 1603; x_wconf 88' lang='lat' dir='ltr'><strong>libra</strong></span> <span class='ocrx_word' id='word_1_110' title='bbox 1488 1550 1749 1604; x_wconf 87' lang='lat' dir='ltr'><strong>benedicta</strong></span> <span class='ocrx_word' id='word_1_111' title='bbox 1789 1549 1987 1617; x_wconf 88' lang='lat' dir='ltr'><strong>optima</strong></span> <span class='ocrx_word' id='word_1_112' title='bbox 2007 1546 2136 1671; x_wconf 38' lang='lat' dir='ltr'><strong>ﬁcri</strong></span> 
     </span>
     <span class='ocr_line' id='line_1_20' title="bbox 603 1616 2136 1671; baseline 0 0"><span class='ocrx_word' id='word_1_113' title='bbox 603 1623 806 1671; x_wconf 81' lang='lat' dir='ltr'><strong>bendol-</strong></span> <span class='ocrx_word' id='word_1_114' title='bbox 840 1640 1044 1671; x_wconf 70' lang='lat' dir='ltr'><strong>nonum!</strong></span> <span class='ocrx_word' id='word_1_115' title='bbox 1075 1620 1266 1671; x_wconf 77' lang='lat' dir='ltr'><strong>tmssul</strong></span> <span class='ocrx_word' id='word_1_116' title='bbox 1302 1618 1555 1671; x_wconf 86' lang='lat' dir='ltr'><strong>Schamas</strong></span> <span class='ocrx_word' id='word_1_117' title='bbox 1601 1620 1701 1671; x_wconf 87' lang='lat' dir='ltr'><strong>lbn</strong></span> <span class='ocrx_word' id='word_1_118' title='bbox 1735 1616 1849 1671; x_wconf 86' lang='lat' dir='ltr'><strong>Kas</strong></span> <span class='ocrx_word' id='word_1_119' title='bbox 1877 1617 2005 1671; x_wconf 88' lang='lat' dir='ltr'><strong>Ibra</strong></span> <span class='ocrx_word' id='word_1_120' title='bbox 2044 1633 2136 1671; x_wconf 32' lang='lat' dir='ltr'><strong>tmi</strong></span> 
     </span>
    </p>
   </div>
   <div class='ocr_carea' id='block_1_19' title="bbox 599 1616 2165 1692">
    <p class='ocr_par' dir='ltr' id='par_1_19' title="bbox 599 1616 2165 1692">
     <span class='ocr_line' id='line_1_21' title="bbox 599 1616 2165 1692; baseline -0.003 -17"><span class='ocrx_word' id='word_1_121' title='bbox 599 1616 806 1690; x_wconf 78' lang='lat' dir='ltr'><strong>bendo),</strong></span> <span class='ocrx_word' id='word_1_122' title='bbox 840 1625 1044 1677; x_wconf 84' lang='lat' dir='ltr'><strong>nomine</strong></span> <span class='ocrx_word' id='word_1_123' title='bbox 1075 1620 1266 1692; x_wconf 72' lang='lat' dir='ltr'><strong>(jussu)</strong></span> <span class='ocrx_word' id='word_1_124' title='bbox 1302 1618 1555 1674; x_wconf 81' lang='lat' dir='ltr'><strong>Schamas</strong></span> <span class='ocrx_word' id='word_1_125' title='bbox 1601 1620 1701 1673; x_wconf 89' lang='lat' dir='ltr'><strong>lbn</strong></span> <span class='ocrx_word' id='word_1_126' title='bbox 1735 1616 1849 1673; x_wconf 84' lang='lat' dir='ltr'><strong>Kas</strong></span> <span class='ocrx_word' id='word_1_127' title='bbox 1877 1616 2165 1672; x_wconf 85' lang='lat' dir='ltr'><strong>Ibrahime</strong></span> 
     </span>
    </p>
   </div>
   <div class='ocr_carea' id='block_1_20' title="bbox 598 1690 1647 1748">
    <p class='ocr_par' dir='ltr' id='par_1_20' title="bbox 598 1690 1647 1748">
     <span class='ocr_line' id='line_1_22' title="bbox 598 1690 1647 1748; baseline 0 -3"><span class='ocrx_word' id='word_1_128' title='bbox 598 1694 809 1747; x_wconf 79' lang='lat' dir='ltr'><strong>civitate</strong></span> <span class='ocrx_word' id='word_1_129' title='bbox 838 1690 1171 1748; x_wconf 74' lang='lat' dir='ltr'><strong>celeberrima</strong></span> <span class='ocrx_word' id='word_1_130' title='bbox 1194 1690 1422 1746; x_wconf 84' lang='lat' dir='ltr'><strong>Kathor.</strong></span> <span class='ocrx_word' id='word_1_131' title='bbox 1462 1692 1647 1745; x_wconf 83' lang='lat' dir='ltr'><strong>Amen.</strong></span> 
     </span>
    </p>
   </div>
   <div class='ocr_carea' id='block_1_21' title="bbox 2272 483 3734 561">
    <p class='ocr_par' dir='ltr' id='par_1_21' title="bbox 2272 483 3734 561">
     <span class='ocr_line' id='line_1_23' title="bbox 2272 483 3734 561; baseline 0.005 -23"><span class='ocrx_word' id='word_1_132' title='bbox 2272 498 2464 550; x_wconf 89' lang='lat' dir='ltr'><strong>annos,</strong></span> <span class='ocrx_word' id='word_1_133' title='bbox 2495 492 2549 538; x_wconf 92' lang='lat' dir='ltr'><strong>et</strong></span> <span class='ocrx_word' id='word_1_134' title='bbox 2575 492 2824 539; x_wconf 89' lang='lat' dir='ltr'><strong>mortuus</strong></span> <span class='ocrx_word' id='word_1_135' title='bbox 2848 493 2931 539; x_wconf 87' lang='lat' dir='ltr'><strong>est</strong></span> <span class='ocrx_word' id='word_1_136' title='bbox 2955 483 3042 538; x_wconf 89' lang='lat' dir='ltr'><strong>die</strong></span> <span class='ocrx_word' id='word_1_137' title='bbox 3075 492 3286 554; x_wconf 88' lang='lat' dir='ltr'><strong>quarto,</strong></span> <span class='ocrx_word' id='word_1_138' title='bbox 3308 485 3397 554; x_wconf 87' lang='lat' dir='ltr'><strong>qui</strong></span> <span class='ocrx_word' id='word_1_139' title='bbox 3422 484 3514 540; x_wconf 84' lang='lat' dir='ltr'><strong>iuit</strong></span> <span class='ocrx_word' id='word_1_140' title='bbox 3535 487 3630 545; x_wconf 85' lang='lat' dir='ltr'><strong>dies</strong></span> <span class='ocrx_word' id='word_1_141' title='bbox 3652 495 3734 561; x_wconf 82' lang='lat' dir='ltr'><strong>pii-</strong></span> 
     </span>
    </p>
   </div>
   <div class='ocr_carea' id='block_1_22' title="bbox 2269 573 3736 644">
    <p class='ocr_par' dir='ltr' id='par_1_22' title="bbox 2269 573 3736 644">
     <span class='ocr_line' id='line_1_24' title="bbox 2269 573 3736 644; baseline 0.007 -15"><span class='ocrx_word' id='word_1_142' title='bbox 2269 590 2393 631; x_wconf 87' lang='lat' dir='ltr'><strong>mus</strong></span> <span class='ocrx_word' id='word_1_143' title='bbox 2424 574 2630 631; x_wconf 87' lang='lat' dir='ltr'><strong>mensis</strong></span> <span class='ocrx_word' id='word_1_144' title='bbox 2676 573 2816 628; x_wconf 82' lang='lat' dir='ltr'><strong>Elul.</strong></span> <span class='ocrx_word' id='word_1_145' title='bbox 2864 574 2931 630; x_wconf 83' lang='lat' dir='ltr'><strong>Et</strong></span> <span class='ocrx_word' id='word_1_146' title='bbox 2974 574 3296 644; x_wconf 89' lang='lat' dir='ltr'><strong>sepelierunt</strong></span> <span class='ocrx_word' id='word_1_147' title='bbox 3331 589 3448 630; x_wconf 86' lang='lat' dir='ltr'><strong>eum</strong></span> <span class='ocrx_word' id='word_1_148' title='bbox 3489 577 3539 633; x_wconf 89' lang='lat' dir='ltr'><strong>in</strong></span> <span class='ocrx_word' id='word_1_149' title='bbox 3572 582 3736 639; x_wconf 79' lang='lat' dir='ltr'><strong>civitate</strong></span> 
     </span>
    </p>
   </div>
   <div class='ocr_carea' id='block_1_23' title="bbox 2269 661 3330 733">
    <p class='ocr_par' dir='ltr' id='par_1_23' title="bbox 2269 661 3330 733">
     <span class='ocr_line' id='line_1_25' title="bbox 2269 661 3330 733; baseline -0.002 -13"><span class='ocrx_word' id='word_1_150' title='bbox 2269 662 2732 720; x_wconf 82' lang='lat' dir='ltr'><strong>Thamnatserach</strong></span> <span class='ocrx_word' id='word_1_151' title='bbox 2761 662 2815 717; x_wconf 90' lang='lat' dir='ltr'><strong>in</strong></span> <span class='ocrx_word' id='word_1_152' title='bbox 2846 669 3028 718; x_wconf 89' lang='lat' dir='ltr'><strong>monte</strong></span> <span class='ocrx_word' id='word_1_153' title='bbox 3058 661 3330 733; x_wconf 83' lang='lat' dir='ltr'><strong>Ephraim.</strong></span> 
     </span>
    </p>
   </div>
   <div class='ocr_carea' id='block_1_24' title="bbox 2341 754 3489 828">
    <p class='ocr_par' dir='ltr' id='par_1_24' title="bbox 2341 754 3489 828">
     <span class='ocr_line' id='line_1_26' title="bbox 2341 754 3489 828; baseline 0 -16"><span class='ocrx_word' id='word_1_154' title='bbox 2341 756 2486 812; x_wconf 85' lang='lat' dir='ltr'><strong>Laus</strong></span> <span class='ocrx_word' id='word_1_155' title='bbox 2512 754 2624 812; x_wconf 90' lang='lat' dir='ltr'><strong>Deo</strong></span> <span class='ocrx_word' id='word_1_156' title='bbox 2647 770 2747 827; x_wconf 90' lang='lat' dir='ltr'><strong>pro</strong></span> <span class='ocrx_word' id='word_1_157' title='bbox 2768 755 3090 828; x_wconf 78' lang='lat' dir='ltr'><strong>perfectione</strong></span> <span class='ocrx_word' id='word_1_158' title='bbox 3115 756 3330 826; x_wconf 85' lang='lat' dir='ltr'><strong>(operis)</strong></span> <span class='ocrx_word' id='word_1_159' title='bbox 3369 755 3489 828; x_wconf 77' lang='grc'><strong>(15).</strong></span> 
     </span>
    </p>
   </div>
   <div class='ocr_carea' id='block_1_25' title="bbox 2335 910 2899 968">
    <p class='ocr_par' dir='ltr' id='par_1_25' title="bbox 2335 910 2899 968">
     <span class='ocr_line' id='line_1_27' title="bbox 2335 910 2899 968; baseline -0.002 0"><span class='ocrx_word' id='word_1_160' title='bbox 2335 911 2593 968; x_wconf 87' lang='lat' dir='ltr'><strong>Coutinet</strong></span> <span class='ocrx_word' id='word_1_161' title='bbox 2622 910 2750 965; x_wconf 81' lang='lat' dir='ltr'><strong>folia</strong></span> <span class='ocrx_word' id='word_1_162' title='bbox 2773 911 2899 967; x_wconf 78' lang='lat' dir='ltr'><strong>2w.</strong></span> 
     </span>
    </p>
   </div>
   <div class='ocr_carea' id='block_1_26' title="bbox 2333 980 3737 1041">
    <p class='ocr_par' dir='ltr' id='par_1_26' title="bbox 2333 980 3737 1041">
     <span class='ocr_line' id='line_1_28' title="bbox 2333 980 3737 1041; baseline 0.002 -4"><span class='ocrx_word' id='word_1_163' title='bbox 2333 982 2484 1037; x_wconf 76' lang='lat' dir='ltr'><strong>Alter</strong></span> <span class='ocrx_word' id='word_1_164' title='bbox 2520 984 2688 1037; x_wconf 73' lang='lat' dir='ltr'><strong>codex</strong></span> <span class='ocrx_word' id='word_1_165' title='bbox 2734 982 2876 1036; x_wconf 90' lang='lat' dir='ltr'><strong>inter</strong></span> <span class='ocrx_word' id='word_1_166' title='bbox 2919 980 3238 1036; x_wconf 88' lang='lat' dir='ltr'><strong>Bodleianos</strong></span> <span class='ocrx_word' id='word_1_167' title='bbox 3271 997 3416 1037; x_wconf 82' lang='lat' dir='ltr'><strong>num.</strong></span> <span class='ocrx_word' id='word_1_168' title='bbox 3440 980 3541 1037; x_wconf 76' lang='lat' dir='ltr'><strong>NE.</strong></span> <span class='ocrx_word' id='word_1_169' title='bbox 3564 998 3607 1039; x_wconf 92' lang='lat' dir='ltr'><strong>c.</strong></span> <span class='ocrx_word' id='word_1_170' title='bbox 3633 985 3678 1039; x_wconf 75' lang='lat'><strong>5.</strong></span> <span class='ocrx_word' id='word_1_171' title='bbox 3698 988 3737 1041; x_wconf 77' lang='lat'><strong>3.</strong></span> 
     </span>
    </p>
   </div>
   <div class='ocr_carea' id='block_1_27' title="bbox 2266 1051 3741 1122">
    <p class='ocr_par' dir='ltr' id='par_1_27' title="bbox 2266 1051 3741 1122">
     <span class='ocr_line' id='line_1_29' title="bbox 2266 1051 3741 1122; baseline 0.001 -11"><span class='ocrx_word' id='word_1_172' title='bbox 2266 1054 2349 1111; x_wconf 75' lang='lat' dir='ltr'><strong>sit:</strong></span> <span class='ocrx_word' id='word_1_173' title='bbox 2379 1054 2563 1108; x_wconf 86' lang='lat' dir='ltr'><strong>habet:</strong></span> <span class='ocrx_word' id='word_1_174' title='bbox 2587 1051 2713 1105; x_wconf 86' lang='lat' dir='ltr'><strong>Fuit</strong></span> <span class='ocrx_word' id='word_1_175' title='bbox 2746 1053 2865 1121; x_wconf 79' lang='lat' dir='ltr'><strong>ﬁnis</strong></span> <span class='ocrx_word' id='word_1_176' title='bbox 2891 1051 3203 1122; x_wconf 71' lang='lat' dir='ltr'><strong>exemplaris</strong></span> <span class='ocrx_word' id='word_1_177' title='bbox 3233 1053 3381 1121; x_wconf 85' lang='lat' dir='ltr'><strong>hujus</strong></span> <span class='ocrx_word' id='word_1_178' title='bbox 3408 1052 3517 1105; x_wconf 85' lang='lat' dir='ltr'><strong>libri</strong></span> <span class='ocrx_word' id='word_1_179' title='bbox 3542 1054 3741 1112; x_wconf 76' lang='lat' dir='ltr'><strong>benedicti</strong></span> 
     </span>
    </p>
   </div>
   <div class='ocr_carea' id='block_1_28' title="bbox 2263 1123 3743 1196">
    <p class='ocr_par' dir='ltr' id='par_1_28' title="bbox 2263 1123 3743 1196">
     <span class='ocr_line' id='line_1_30' title="bbox 2263 1123 3743 1196; baseline 0.001 -18"><span class='ocrx_word' id='word_1_180' title='bbox 2263 1123 2711 1196; x_wconf 78' lang='lat' dir='ltr'><strong>prtestantissimi,</strong></span> <span class='ocrx_word' id='word_1_181' title='bbox 2735 1138 2875 1196; x_wconf 68' lang='lat' dir='ltr'><strong>anno</strong></span> <span class='ocrx_word' id='word_1_182' title='bbox 2904 1123 3181 1196; x_wconf 80' lang='lat' dir='ltr'><strong>millesimo</strong></span> <span class='ocrx_word' id='word_1_183' title='bbox 3216 1124 3595 1196; x_wconf 59' lang='lat' dir='ltr'><strong>octingentesimo</strong></span> <span class='ocrx_word' id='word_1_184' title='bbox 3618 1141 3743 1179; x_wconf 84' lang='lat' dir='ltr'><strong>nona-</strong></span> 
     </span>
    </p>
   </div>
   <div class='ocr_carea' id='block_1_29' title="bbox 2265 1192 3744 1267">
    <p class='ocr_par' dir='ltr' id='par_1_29' title="bbox 2265 1192 3744 1267">
     <span class='ocr_line' id='line_1_31' title="bbox 2265 1192 3744 1267; baseline 0.001 -20"><span class='ocrx_word' id='word_1_185' title='bbox 2265 1192 2459 1267; x_wconf 57' lang='lat' dir='ltr'><strong>gesimo</strong></span> <span class='ocrx_word' id='word_1_186' title='bbox 2496 1192 2928 1267; x_wconf 31' lang='grc' dir='ltr'><strong>ΔρήῃιομζῖντςξιεοΣ</strong></span> <span class='ocrx_word' id='word_1_187' title='bbox 2951 1206 3015 1267; x_wconf 78' lang='lat' dir='ltr'><strong>ex</strong></span> <span class='ocrx_word' id='word_1_188' title='bbox 3058 1193 3209 1245; x_wconf 82' lang='lat' dir='ltr'><strong>annis</strong></span> <span class='ocrx_word' id='word_1_189' title='bbox 3245 1194 3366 1262; x_wconf 83' lang='lat' dir='ltr'><strong>(sive</strong></span> <span class='ocrx_word' id='word_1_190' title='bbox 3401 1198 3518 1267; x_wconf 69' lang='lat' dir='ltr'><strong>vero)</strong></span> <span class='ocrx_word' id='word_1_191' title='bbox 3545 1195 3744 1249; x_wconf 75' lang='lat' dir='ltr'><strong>Ascandri</strong></span> 
     </span>
    </p>
   </div>
   <div class='ocr_carea' id='block_1_30' title="bbox 2268 1261 3744 1332">
    <p class='ocr_par' dir='ltr' id='par_1_30' title="bbox 2268 1261 3744 1332">
     <span class='ocr_line' id='line_1_32' title="bbox 2268 1261 3744 1332; baseline -0.001 -13"><span class='ocrx_word' id='word_1_192' title='bbox 2268 1261 2441 1319; x_wconf 62' lang='grc' dir='ltr'><strong>Ἐνανσὶ</strong></span> <span class='ocrx_word' id='word_1_193' title='bbox 2473 1264 2572 1332; x_wconf 77' lang='lat' dir='ltr'><strong>filii</strong></span> <span class='ocrx_word' id='word_1_194' title='bbox 2598 1263 2849 1332; x_wconf 84' lang='lat' dir='ltr'><strong>Philippi.</strong></span> <span class='ocrx_word' id='word_1_195' title='bbox 2898 1261 3065 1332; x_wconf 83' lang='lat' dir='ltr'><strong>quue</strong></span> <span class='ocrx_word' id='word_1_196' title='bbox 3095 1278 3185 1331; x_wconf 84' lang='lat' dir='ltr'><strong>per</strong></span> <span class='ocrx_word' id='word_1_197' title='bbox 3214 1261 3415 1317; x_wconf 79' lang='lat' dir='ltr'><strong>manuni</strong></span> <span class='ocrx_word' id='word_1_198' title='bbox 3445 1265 3632 1317; x_wconf 80' lang='lat' dir='ltr'><strong>Itanunis</strong></span> <span class='ocrx_word' id='word_1_199' title='bbox 3654 1282 3744 1319; x_wconf 78' lang='lat' dir='ltr'><strong>cou-</strong></span> 
     </span>
    </p>
   </div>
   <div class='ocr_carea' id='block_1_31' title="bbox 2268 1334 3745 1405">
    <p class='ocr_par' dir='ltr' id='par_1_31' title="bbox 2268 1334 3745 1405">
     <span class='ocr_line' id='line_1_33' title="bbox 2268 1334 3745 1405; baseline 0.001 -16"><span class='ocrx_word' id='word_1_200' title='bbox 2268 1334 2595 1403; x_wconf 80' lang='lat' dir='ltr'><strong>temptibilis,</strong></span> <span class='ocrx_word' id='word_1_201' title='bbox 2631 1335 3032 1405; x_wconf 60' lang='lat' dir='ltr'><strong>peccatoris&quot;...</strong></span> <span class='ocrx_word' id='word_1_202' title='bbox 3064 1334 3152 1403; x_wconf 83' lang='lat' dir='ltr'><strong>qui</strong></span> <span class='ocrx_word' id='word_1_203' title='bbox 3188 1334 3370 1403; x_wconf 87' lang='lat' dir='ltr'><strong>dignus</strong></span> <span class='ocrx_word' id='word_1_204' title='bbox 3412 1352 3503 1388; x_wconf 88' lang='lat' dir='ltr'><strong>non</strong></span> <span class='ocrx_word' id='word_1_205' title='bbox 3526 1345 3608 1397; x_wconf 81' lang='lat' dir='ltr'><strong>est,</strong></span> <span class='ocrx_word' id='word_1_206' title='bbox 3634 1338 3745 1405; x_wconf 81' lang='lat' dir='ltr'><strong>cujus</strong></span> 
     </span>
    </p>
   </div>
   <div class='ocr_carea' id='block_1_32' title="bbox 2268 1404 3649 1474">
    <p class='ocr_par' dir='ltr' id='par_1_32' title="bbox 2268 1404 3649 1474">
     <span class='ocr_line' id='line_1_34' title="bbox 2268 1404 3649 1474; baseline -0.003 -13"><span class='ocrx_word' id='word_1_207' title='bbox 2268 1421 2451 1474; x_wconf 80' lang='lat' dir='ltr'><strong>nomen</strong></span> <span class='ocrx_word' id='word_1_208' title='bbox 2481 1405 2800 1458; x_wconf 87' lang='lat' dir='ltr'><strong>inscribatur</strong></span> <span class='ocrx_word' id='word_1_209' title='bbox 2823 1404 2957 1456; x_wconf 88' lang='lat' dir='ltr'><strong>libro</strong></span> <span class='ocrx_word' id='word_1_210' title='bbox 2979 1405 3269 1472; x_wconf 85' lang='lat' dir='ltr'><strong>spirituali,</strong></span> <span class='ocrx_word' id='word_1_211' title='bbox 3291 1405 3453 1474; x_wconf 84' lang='lat' dir='ltr'><strong>qualis</strong></span> <span class='ocrx_word' id='word_1_212' title='bbox 3474 1415 3539 1457; x_wconf 74' lang='lat' dir='ltr'><strong>est</strong></span> <span class='ocrx_word' id='word_1_213' title='bbox 3565 1405 3649 1457; x_wconf 78' lang='lat' dir='ltr'><strong>hic.</strong></span> 
     </span>
    </p>
   </div>
   <div class='ocr_carea' id='block_1_33' title="bbox 2338 1473 3747 1529">
    <p class='ocr_par' dir='ltr' id='par_1_33' title="bbox 2338 1473 3747 1529">
     <span class='ocr_line' id='line_1_35' title="bbox 2338 1473 3747 1529; baseline 0 -1"><span class='ocrx_word' id='word_1_214' title='bbox 2338 1473 2405 1528; x_wconf 87' lang='lat' dir='ltr'><strong>Et</strong></span> <span class='ocrx_word' id='word_1_215' title='bbox 2433 1476 2485 1528; x_wconf 92' lang='lat' dir='ltr'><strong>iu</strong></span> <span class='ocrx_word' id='word_1_216' title='bbox 2519 1476 2761 1529; x_wconf 73' lang='lat' dir='ltr'><strong>mareiue</strong></span> <span class='ocrx_word' id='word_1_217' title='bbox 2793 1474 2929 1527; x_wconf 83' lang='lat' dir='ltr'><strong>idem</strong></span> <span class='ocrx_word' id='word_1_218' title='bbox 2958 1490 3138 1527; x_wconf 82' lang='lat' dir='ltr'><strong>anuus</strong></span> <span class='ocrx_word' id='word_1_219' title='bbox 3173 1473 3382 1528; x_wconf 86' lang='lat' dir='ltr'><strong>notatur</strong></span> <span class='ocrx_word' id='word_1_220' title='bbox 3415 1474 3747 1529; x_wconf 83' lang='lat' dir='ltr'><strong>numericislit-</strong></span> 
     </span>
    </p>
   </div>
   <div class='ocr_carea' id='block_1_34' title="bbox 2144 1542 3748 1601">
    <p class='ocr_par' dir='ltr' id='par_1_34' title="bbox 2144 1542 3748 1601">
     <span class='ocr_line' id='line_1_36' title="bbox 2144 1542 3748 1601; baseline 0 -2"><span class='ocrx_word' id='word_1_221' title='bbox 2144 1575 2166 1586; x_wconf 90' lang='lat'><strong>-</strong></span> <span class='ocrx_word' id='word_1_222' title='bbox 2268 1547 2422 1601; x_wconf 87' lang='lat' dir='ltr'><strong>teris.</strong></span> <span class='ocrx_word' id='word_1_223' title='bbox 2459 1542 2731 1600; x_wconf 85' lang='lat' dir='ltr'><strong>Scribebat</strong></span> <span class='ocrx_word' id='word_1_224' title='bbox 2760 1560 2896 1598; x_wconf 91' lang='lat' dir='ltr'><strong>anno</strong></span> <span class='ocrx_word' id='word_1_225' title='bbox 2933 1544 3068 1599; x_wconf 74' lang='grc'><strong>1891</strong></span> <span class='ocrx_word' id='word_1_226' title='bbox 3104 1542 3398 1599; x_wconf 77' lang='lat' dir='ltr'><strong>Graecarum</strong></span> <span class='ocrx_word' id='word_1_227' title='bbox 3431 1545 3481 1599; x_wconf 90' lang='lat' dir='ltr'><strong>in</strong></span> <span class='ocrx_word' id='word_1_228' title='bbox 3515 1544 3665 1599; x_wconf 66' lang='lat' dir='ltr'><strong>Beroea</strong></span> <span class='ocrx_word' id='word_1_229' title='bbox 3693 1548 3748 1599; x_wconf 84' lang='lat' dir='ltr'><strong>ci-</strong></span> 
     </span>
    </p>
   </div>
   <div class='ocr_carea' id='block_1_35' title="bbox 2266 1616 2446 1669">
    <p class='ocr_par' dir='ltr' id='par_1_35' title="bbox 2266 1616 2446 1669">
     <span class='ocr_line' id='line_1_37' title="bbox 2266 1616 2446 1669; baseline 0 0"><span class='ocrx_word' id='word_1_230' title='bbox 2266 1616 2446 1669; x_wconf 79' lang='lat' dir='ltr'><strong>vitate.</strong></span> 
     </span>
    </p>
   </div>
   <div class='ocr_carea' id='block_1_36' title="bbox 2336 1682 2914 1742">
    <p class='ocr_par' dir='ltr' id='par_1_36' title="bbox 2336 1682 2914 1742">
     <span class='ocr_line' id='line_1_38' title="bbox 2336 1682 2914 1742; baseline -0.002 -2"><span class='ocrx_word' id='word_1_231' title='bbox 2336 1684 2593 1742; x_wconf 77' lang='lat' dir='ltr'><strong>Continet</strong></span> <span class='ocrx_word' id='word_1_232' title='bbox 2621 1682 2751 1740; x_wconf 80' lang='lat' dir='ltr'><strong>folia</strong></span> <span class='ocrx_word' id='word_1_233' title='bbox 2785 1683 2914 1742; x_wconf 71' lang='grc'><strong>254.</strong></span> 
     </span>
    </p>
   </div>
   <div class='ocr_carea' id='block_1_37' title="bbox 1807 1959 2588 2054">
    <p class='ocr_par' dir='ltr' id='par_1_37' title="bbox 1807 1959 2588 2054">
     <span class='ocr_line' id='line_1_39' title="bbox 1807 1959 2588 2054; baseline -0.006 -1"><span class='ocrx_word' id='word_1_234' title='bbox 1807 1963 1935 2053; x_wconf 89' lang='grc' dir='ltr'><strong>ΙΝ</strong></span> <span class='ocrx_word' id='word_1_235' title='bbox 2013 1959 2588 2054; x_wconf 88' lang='lat' dir='ltr'><strong>PSALMOS.</strong></span> 
     </span>
    </p>
   </div>
   <div class='ocr_carea' id='block_1_38' title="bbox 691 2140 3685 2270">
    <p class='ocr_par' dir='ltr' id='par_1_38' title="bbox 691 2140 3685 2270">
     <span class='ocr_line' id='line_1_40' title="bbox 691 2140 3685 2270; baseline 0.001 -74"><span class='ocrx_word' id='word_1_236' title='bbox 691 2146 883 2209; x_wconf 85' lang='lat' dir='ltr'><strong>(Simon</strong></span> <span class='ocrx_word' id='word_1_237' title='bbox 906 2159 967 2194; x_wconf 78' lang='lat' dir='ltr'><strong>ns</strong></span> <span class='ocrx_word' id='word_1_238' title='bbox 991 2144 1412 2220; x_wconf 63' lang='lat' dir='ltr'><strong>Ilsotsrnts,&#39;Acta</strong></span> <span class='ocrx_word' id='word_1_239' title='bbox 1432 2152 1707 2214; x_wconf 81' lang='lat' dir='ltr'><strong>martyrum</strong></span> <span class='ocrx_word' id='word_1_240' title='bbox 1726 2145 2037 2207; x_wconf 83' lang='lat' dir='ltr'><strong>Ostiensium,</strong></span> <span class='ocrx_word' id='word_1_241' title='bbox 2054 2144 2310 2270; x_wconf 42' lang='lat' dir='ltr'><strong>toward)”</strong></span> <span class='ocrx_word' id='word_1_242' title='bbox 2334 2157 2384 2207; x_wconf 89' lang='lat' dir='ltr'><strong>p.</strong></span> <span class='ocrx_word' id='word_1_243' title='bbox 2417 2140 2528 2205; x_wconf 64' lang='lat'><strong>£59,</strong></span> <span class='ocrx_word' id='word_1_244' title='bbox 2554 2154 2619 2193; x_wconf 76' lang='lat' dir='ltr'><strong>es</strong></span> <span class='ocrx_word' id='word_1_245' title='bbox 2652 2155 2746 2193; x_wconf 86' lang='lat' dir='ltr'><strong>ms.</strong></span> <span class='ocrx_word' id='word_1_246' title='bbox 2775 2141 3099 2196; x_wconf 80' lang='lat' dir='ltr'><strong>Casanatensi</strong></span> <span class='ocrx_word' id='word_1_247' title='bbox 3121 2142 3181 2197; x_wconf 92' lang='grc' dir='ltr'><strong>Ο.</strong></span> <span class='ocrx_word' id='word_1_248' title='bbox 3212 2143 3254 2202; x_wconf 88' lang='grc' dir='ltr'><strong>Ι.</strong></span> <span class='ocrx_word' id='word_1_249' title='bbox 3278 2145 3339 2196; x_wconf 83' lang='grc'><strong>10</strong></span> <span class='ocrx_word' id='word_1_250' title='bbox 3358 2159 3461 2197; x_wconf 86' lang='lat' dir='ltr'><strong>cum</strong></span> <span class='ocrx_word' id='word_1_251' title='bbox 3493 2147 3685 2198; x_wconf 75' lang='lat' dir='ltr'><strong>Vaticano</strong></span> 
     </span>
    </p>
   </div>
   <div class='ocr_carea' id='block_1_39' title="bbox 600 2313 2160 2373">
    <p class='ocr_par' dir='ltr' id='par_1_39' title="bbox 600 2313 2160 2373">
     <span class='ocr_line' id='line_1_41' title="bbox 600 2313 2160 2373; baseline 0.002 -5"><span class='ocrx_word' id='word_1_252' title='bbox 600 2313 1009 2369; x_wconf 79' lang='lat' dir='ltr'><strong>HIPPOLYTI</strong></span> <span class='ocrx_word' id='word_1_253' title='bbox 1074 2314 1427 2371; x_wconf 84' lang='lat' dir='ltr'><strong>EPISCOPI</strong></span> <span class='ocrx_word' id='word_1_254' title='bbox 1480 2315 1714 2372; x_wconf 65' lang='lat' dir='ltr'><strong>ROMzE</strong></span> <span class='ocrx_word' id='word_1_255' title='bbox 1771 2314 2160 2373; x_wconf 79' lang='lat' dir='ltr'><strong>ARGUMEN-</strong></span> 
     </span>
    </p>
   </div>
   <div class='ocr_carea' id='block_1_40' title="bbox 742 2383 2015 2444">
    <p class='ocr_par' dir='ltr' id='par_1_40' title="bbox 742 2383 2015 2444">
     <span class='ocr_line' id='line_1_42' title="bbox 742 2383 2015 2444; baseline 0.004 -5"><span class='ocrx_word' id='word_1_256' title='bbox 742 2384 892 2440; x_wconf 76' lang='lat' dir='ltr'><strong>TUM</strong></span> <span class='ocrx_word' id='word_1_257' title='bbox 934 2383 1497 2443; x_wconf 79' lang='lat' dir='ltr'><strong>ENARRATIONIS</strong></span> <span class='ocrx_word' id='word_1_258' title='bbox 1536 2386 1624 2443; x_wconf 87' lang='lat' dir='ltr'><strong>IN</strong></span> <span class='ocrx_word' id='word_1_259' title='bbox 1656 2386 2015 2444; x_wconf 73' lang='lat' dir='ltr'><strong>PSALMOS.</strong></span> 
     </span>
    </p>
   </div>
   <div class='ocr_carea' id='block_1_41' title="bbox 2264 2310 3740 2372">
    <p class='ocr_par' dir='ltr' id='par_1_41' title="bbox 2264 2310 3740 2372">
     <span class='ocr_line' id='line_1_43' title="bbox 2264 2310 3740 2372; baseline 0.003 -6"><span class='ocrx_word' id='word_1_260' title='bbox 2264 2313 2487 2372; x_wconf 79' lang='grc' dir='ltr'><strong>ιΠΠΟΛ</strong></span> <span class='ocrx_word' id='word_1_261' title='bbox 2502 2310 2693 2365; x_wconf 85' lang='grc' dir='ltr'><strong>ΥΤΟΥ</strong></span> <span class='ocrx_word' id='word_1_262' title='bbox 2726 2312 2869 2365; x_wconf 85' lang='grc' dir='ltr'><strong>ΤΟΥ</strong></span> <span class='ocrx_word' id='word_1_263' title='bbox 2900 2314 3334 2368; x_wconf 82' lang='grc' dir='ltr'><strong>ΕΠΙΣΚΟῙΙΟΥ</strong></span> <span class='ocrx_word' id='word_1_264' title='bbox 3361 2316 3586 2369; x_wconf 78' lang='grc' dir='ltr'><strong>ΡΩΜΗΣ</strong></span> <span class='ocrx_word' id='word_1_265' title='bbox 3622 2318 3740 2371; x_wconf 78' lang='lat' dir='ltr'><strong>mo-</strong></span> 
     </span>
    </p>
   </div>
   <div class='ocr_carea' id='block_1_42' title="bbox 2331 2383 3695 2441">
    <p class='ocr_par' dir='ltr' id='par_1_42' title="bbox 2331 2383 3695 2441">
     <span class='ocr_line' id='line_1_44' title="bbox 2331 2383 3695 2441; baseline 0.001 -4"><span class='ocrx_word' id='word_1_266' title='bbox 2331 2384 2551 2437; x_wconf 82' lang='grc' dir='ltr'><strong><em>ΘΕΣΙΣ</em></strong></span> <span class='ocrx_word' id='word_1_267' title='bbox 2583 2383 2993 2437; x_wconf 82' lang='grc' dir='ltr'><strong>ΔΙΗΓΗΣΕΩΣ</strong></span> <span class='ocrx_word' id='word_1_268' title='bbox 3018 2386 3151 2438; x_wconf 85' lang='grc' dir='ltr'><strong>ΕΙΣ</strong></span> <span class='ocrx_word' id='word_1_269' title='bbox 3177 2388 3259 2439; x_wconf 87' lang='lat' dir='ltr'><strong>T0</strong></span> <span class='ocrx_word' id='word_1_270' title='bbox 3271 2386 3357 2438; x_wconf 87' lang='grc' dir='ltr'><em>ΥΣ</em></span> <span class='ocrx_word' id='word_1_271' title='bbox 3387 2387 3695 2441; x_wconf 75' lang='grc' dir='ltr'><strong>ΨΑΛΜΟΥΣ.</strong></span> 
     </span>
    </p>
   </div>
   <div class='ocr_carea' id='block_1_43' title="bbox 668 2483 2181 2571">
    <p class='ocr_par' dir='ltr' id='par_1_43' title="bbox 668 2497 2157 2569">
     <span class='ocr_line' id='line_1_45' title="bbox 668 2497 2157 2569; baseline 0.001 -16"><span class='ocrx_word' id='word_1_272' title='bbox 668 2499 711 2554; x_wconf 87' lang='grc'><strong>1.</strong></span> <span class='ocrx_word' id='word_1_273' title='bbox 751 2497 1093 2555; x_wconf 86' lang='lat' dir='ltr'><strong>Psalmorum</strong></span> <span class='ocrx_word' id='word_1_274' title='bbox 1131 2499 1269 2554; x_wconf 87' lang='lat' dir='ltr'><strong>liber</strong></span> <span class='ocrx_word' id='word_1_275' title='bbox 1304 2514 1500 2556; x_wconf 87' lang='lat' dir='ltr'><strong>novam</strong></span> <span class='ocrx_word' id='word_1_276' title='bbox 1538 2500 1781 2555; x_wconf 87' lang='lat' dir='ltr'><strong>continet</strong></span> <span class='ocrx_word' id='word_1_277' title='bbox 1813 2498 2157 2569; x_wconf 88' lang='lat' dir='ltr'><strong>disciplinam</strong></span> 
     </span>
    </p>
   </div>
   <div class='ocr_carea' id='block_1_44' title="bbox 2264 2483 3739 2571">
    <p class='ocr_par' dir='ltr' id='par_1_44' title="bbox 2328 2494 3739 2571">
     <span class='ocr_line' id='line_1_46' title="bbox 2328 2494 3739 2571; baseline 0.001 -21"><span class='ocrx_word' id='word_1_278' title='bbox 2328 2496 2408 2550; x_wconf 79' lang='lat' dir='ltr'><strong>A&#39;.</strong></span> <span class='ocrx_word' id='word_1_279' title='bbox 2462 2495 2528 2550; x_wconf 82' lang='grc' dir='ltr'><strong>Ἠ</strong></span> <span class='ocrx_word' id='word_1_280' title='bbox 2576 2494 2757 2567; x_wconf 89' lang='grc' dir='ltr'>βί6λος</span> <span class='ocrx_word' id='word_1_281' title='bbox 2796 2495 2905 2551; x_wconf 89' lang='grc' dir='ltr'><strong>τῶν</strong></span> <span class='ocrx_word' id='word_1_282' title='bbox 2951 2497 3205 2569; x_wconf 78' lang='grc' dir='ltr'>Ψαλμῶν</span> <span class='ocrx_word' id='word_1_283' title='bbox 3248 2498 3430 2571; x_wconf 83' lang='grc' dir='ltr'>καινὴν</span> <span class='ocrx_word' id='word_1_284' title='bbox 3477 2498 3739 2554; x_wconf 71' lang='grc' dir='ltr'><strong>διδασκαλίαν</strong></span> 
     </span>
    </p>
   </div>
   <div class='ocr_carea' id='block_1_45' title="bbox 596 2589 2162 2663">
    <p class='ocr_par' dir='ltr' id='par_1_45' title="bbox 596 2589 2162 2663">
     <span class='ocr_line' id='line_1_47' title="bbox 596 2589 2162 2663; baseline -0.002 -15"><span class='ocrx_word' id='word_1_285' title='bbox 596 2601 722 2662; x_wconf 87' lang='lat' dir='ltr'><strong>post</strong></span> <span class='ocrx_word' id='word_1_286' title='bbox 752 2592 922 2663; x_wconf 81' lang='lat' dir='ltr'><strong>legem</strong></span> <span class='ocrx_word' id='word_1_287' title='bbox 952 2606 985 2646; x_wconf 89' lang='lat' dir='ltr'><strong>a</strong></span> <span class='ocrx_word' id='word_1_288' title='bbox 1013 2589 1163 2646; x_wconf 78' lang='lat' dir='ltr'><strong>Mose</strong></span> <span class='ocrx_word' id='word_1_289' title='bbox 1194 2589 1380 2657; x_wconf 90' lang='lat' dir='ltr'><strong>latam,</strong></span> <span class='ocrx_word' id='word_1_290' title='bbox 1411 2590 1655 2661; x_wconf 88' lang='lat' dir='ltr'><strong>alterque</strong></span> <span class='ocrx_word' id='word_1_291' title='bbox 1682 2590 1820 2646; x_wconf 89' lang='lat' dir='ltr'><strong>adeo</strong></span> <span class='ocrx_word' id='word_1_292' title='bbox 1845 2591 2162 2661; x_wconf 61' lang='lat' dir='ltr'><strong>praeceptio—</strong></span> 
     </span>
    </p>
   </div>
   <div class='ocr_carea' id='block_1_46' title="bbox 600 2679 2196 2763">
    <p class='ocr_par' dir='ltr' id='par_1_46' title="bbox 600 2679 2196 2763">
     <span class='ocr_line' id='line_1_48' title="bbox 600 2679 2196 2763; baseline 0 -25"><span class='ocrx_word' id='word_1_293' title='bbox 600 2699 732 2738; x_wconf 89' lang='lat' dir='ltr'><strong>num</strong></span> <span class='ocrx_word' id='word_1_294' title='bbox 777 2684 912 2738; x_wconf 90' lang='lat' dir='ltr'><strong>liber</strong></span> <span class='ocrx_word' id='word_1_295' title='bbox 961 2698 993 2738; x_wconf 89' lang='lat' dir='ltr'><strong>a</strong></span> <span class='ocrx_word' id='word_1_296' title='bbox 1027 2680 1312 2753; x_wconf 83' lang='lat' dir='ltr'><strong>Scriptura</strong></span> <span class='ocrx_word' id='word_1_297' title='bbox 1345 2680 1514 2739; x_wconf 83' lang='lat' dir='ltr'><strong>Mosis</strong></span> <span class='ocrx_word' id='word_1_298' title='bbox 1556 2683 1805 2737; x_wconf 81' lang='lat' dir='ltr'><strong>habetur.</strong></span> <span class='ocrx_word' id='word_1_299' title='bbox 1850 2679 1988 2737; x_wconf 81' lang='lat' dir='ltr'><strong>Nam</strong></span> <span class='ocrx_word' id='word_1_300' title='bbox 2041 2691 2196 2763; x_wconf 30' lang='lat' dir='ltr'><strong>post.</strong></span> 
     </span>
    </p>
   </div>
   <div class='ocr_carea' id='block_1_47' title="bbox 600 2772 2163 2845">
    <p class='ocr_par' dir='ltr' id='par_1_47' title="bbox 600 2772 2163 2845">
     <span class='ocr_line' id='line_1_49' title="bbox 600 2772 2163 2845; baseline -0.001 -16"><span class='ocrx_word' id='word_1_301' title='bbox 600 2775 768 2832; x_wconf 82' lang='lat' dir='ltr'><strong>Mosis</strong></span> <span class='ocrx_word' id='word_1_302' title='bbox 812 2789 877 2831; x_wconf 87' lang='lat' dir='ltr'><strong>ac</strong></span> <span class='ocrx_word' id='word_1_303' title='bbox 912 2774 1078 2831; x_wconf 78' lang='lat' dir='ltr'><strong>Josue</strong></span> <span class='ocrx_word' id='word_1_304' title='bbox 1100 2776 1337 2840; x_wconf 87' lang='lat' dir='ltr'><strong>obitum,</strong></span> <span class='ocrx_word' id='word_1_305' title='bbox 1372 2783 1499 2845; x_wconf 91' lang='lat' dir='ltr'><strong>post</strong></span> <span class='ocrx_word' id='word_1_306' title='bbox 1532 2775 1696 2830; x_wconf 91' lang='lat' dir='ltr'><strong>etiam</strong></span> <span class='ocrx_word' id='word_1_307' title='bbox 1741 2775 1954 2845; x_wconf 85' lang='lat' dir='ltr'><strong>judices</strong></span> <span class='ocrx_word' id='word_1_308' title='bbox 1993 2772 2163 2830; x_wconf 84' lang='lat' dir='ltr'><strong>David</strong></span> 
     </span>
    </p>
   </div>
   <div class='ocr_carea' id='block_1_48' title="bbox 596 2864 2163 2936">
    <p class='ocr_par' dir='ltr' id='par_1_48' title="bbox 596 2864 2163 2936">
     <span class='ocr_line' id='line_1_50' title="bbox 596 2864 2163 2936; baseline -0.001 -13"><span class='ocrx_word' id='word_1_309' title='bbox 596 2876 842 2933; x_wconf 79' lang='lat' dir='ltr'><strong>exortus,</strong></span> <span class='ocrx_word' id='word_1_310' title='bbox 884 2866 1086 2936; x_wconf 76' lang='lat' dir='ltr'><strong>dignus</strong></span> <span class='ocrx_word' id='word_1_311' title='bbox 1133 2866 1393 2921; x_wconf 86' lang='lat' dir='ltr'><strong>nimirum</strong></span> <span class='ocrx_word' id='word_1_312' title='bbox 1428 2866 1682 2933; x_wconf 88' lang='lat' dir='ltr'><strong>habitus,</strong></span> <span class='ocrx_word' id='word_1_313' title='bbox 1724 2867 1820 2936; x_wconf 85' lang='lat' dir='ltr'><strong>qui</strong></span> <span class='ocrx_word' id='word_1_314' title='bbox 1868 2864 2163 2921; x_wconf 86' lang='lat' dir='ltr'><strong>Salvatoris</strong></span> 
     </span>
    </p>
   </div>
   <div class='ocr_carea' id='block_1_49' title="bbox 600 2955 2165 3029">
    <p class='ocr_par' dir='ltr' id='par_1_49' title="bbox 600 2955 2165 3029">
     <span class='ocr_line' id='line_1_51' title="bbox 600 2955 2165 3029; baseline 0.002 -17"><span class='ocrx_word' id='word_1_315' title='bbox 600 2972 754 3029; x_wconf 87' lang='lat' dir='ltr'><strong>pater</strong></span> <span class='ocrx_word' id='word_1_316' title='bbox 785 2956 971 3011; x_wconf 83' lang='lat' dir='ltr'><strong>divino</strong></span> <span class='ocrx_word' id='word_1_317' title='bbox 1003 2957 1226 3011; x_wconf 89' lang='lat' dir='ltr'><strong>oraculo</strong></span> <span class='ocrx_word' id='word_1_318' title='bbox 1261 2957 1652 3026; x_wconf 86' lang='lat' dir='ltr'><strong>appellaretur,</strong></span> <span class='ocrx_word' id='word_1_319' title='bbox 1684 2971 1883 3012; x_wconf 88' lang='lat' dir='ltr'><strong>novum</strong></span> <span class='ocrx_word' id='word_1_320' title='bbox 1915 2955 2165 3015; x_wconf 69' lang='lat' dir='ltr'><strong>Psalmoo</strong></span> 
     </span>
    </p>
   </div>
   <div class='ocr_carea' id='block_1_50' title="bbox 599 3048 2164 3121">
    <p class='ocr_par' dir='ltr' id='par_1_50' title="bbox 599 3048 2164 3121">
     <span class='ocr_line' id='line_1_52' title="bbox 599 3048 2164 3121; baseline 0 -15"><span class='ocrx_word' id='word_1_321' title='bbox 599 3049 924 3106; x_wconf 76' lang='lat' dir='ltr'><strong>concinendi</strong></span> <span class='ocrx_word' id='word_1_322' title='bbox 959 3050 1180 3104; x_wconf 84' lang='lat' dir='ltr'><strong>modum</strong></span> <span class='ocrx_word' id='word_1_323' title='bbox 1205 3050 1415 3120; x_wconf 89' lang='lat' dir='ltr'><strong>primus</strong></span> <span class='ocrx_word' id='word_1_324' title='bbox 1455 3050 1672 3105; x_wconf 85' lang='lat' dir='ltr'><strong>tradidit</strong></span> <span class='ocrx_word' id='word_1_325' title='bbox 1696 3048 1956 3117; x_wconf 72' lang='lat' dir='ltr'><strong>Hebraeis,</strong></span> <span class='ocrx_word' id='word_1_326' title='bbox 1990 3064 2164 3121; x_wconf 87' lang='lat' dir='ltr'><strong>eoque</strong></span> 
     </span>
    </p>
   </div>
   <div class='ocr_carea' id='block_1_51' title="bbox 597 3138 2164 3209">
    <p class='ocr_par' dir='ltr' id='par_1_51' title="bbox 597 3138 2164 3209">
     <span class='ocr_line' id='line_1_53' title="bbox 597 3138 2164 3209; baseline 0.001 -14"><span class='ocrx_word' id='word_1_327' title='bbox 597 3140 855 3195; x_wconf 83' lang='lat' dir='ltr'><strong>convellit</strong></span> <span class='ocrx_word' id='word_1_328' title='bbox 877 3140 1097 3209; x_wconf 86' lang='lat' dir='ltr'><strong>quidem</strong></span> <span class='ocrx_word' id='word_1_329' title='bbox 1126 3153 1248 3208; x_wconf 68' lang='lat' dir='ltr'><strong>qua:</strong></span> <span class='ocrx_word' id='word_1_330' title='bbox 1275 3154 1306 3193; x_wconf 89' lang='lat' dir='ltr'><strong>a</strong></span> <span class='ocrx_word' id='word_1_331' title='bbox 1338 3138 1489 3195; x_wconf 80' lang='lat' dir='ltr'><strong>Mosa</strong></span> <span class='ocrx_word' id='word_1_332' title='bbox 1519 3139 1737 3193; x_wconf 83' lang='lat' dir='ltr'><strong>fuerant</strong></span> <span class='ocrx_word' id='word_1_333' title='bbox 1774 3140 1841 3195; x_wconf 89' lang='lat' dir='ltr'><strong>de</strong></span> <span class='ocrx_word' id='word_1_334' title='bbox 1879 3140 2164 3197; x_wconf 79' lang='lat' dir='ltr'><strong>sacriﬁciis</strong></span> 
     </span>
    </p>
   </div>
   <div class='ocr_carea' id='block_1_52' title="bbox 598 3226 2165 3300">
    <p class='ocr_par' dir='ltr' id='par_1_52' title="bbox 598 3226 2165 3300">
     <span class='ocr_line' id='line_1_54' title="bbox 598 3226 2165 3300; baseline -0.001 -15"><span class='ocrx_word' id='word_1_335' title='bbox 598 3229 715 3300; x_wconf 69' lang='lat' dir='ltr'><strong>lege</strong></span> <span class='ocrx_word' id='word_1_336' title='bbox 737 3229 968 3296; x_wconf 85' lang='lat' dir='ltr'><strong>saucita,</strong></span> <span class='ocrx_word' id='word_1_337' title='bbox 1003 3243 1199 3282; x_wconf 85' lang='lat' dir='ltr'><strong>novam</strong></span> <span class='ocrx_word' id='word_1_338' title='bbox 1225 3237 1405 3283; x_wconf 87' lang='lat' dir='ltr'><strong>autem</strong></span> <span class='ocrx_word' id='word_1_339' title='bbox 1434 3226 1527 3283; x_wconf 90' lang='lat' dir='ltr'><strong>Dei</strong></span> <span class='ocrx_word' id='word_1_340' title='bbox 1557 3228 1770 3284; x_wconf 88' lang='lat' dir='ltr'><strong>colendi</strong></span> <span class='ocrx_word' id='word_1_341' title='bbox 1805 3227 2037 3283; x_wconf 87' lang='lat' dir='ltr'><strong>formam</strong></span> <span class='ocrx_word' id='word_1_342' title='bbox 2069 3243 2165 3298; x_wconf 91' lang='lat' dir='ltr'><strong>per</strong></span> 
     </span>
    </p>
   </div>
   <div class='ocr_carea' id='block_1_53' title="bbox 599 3316 2163 3390">
    <p class='ocr_par' dir='ltr' id='par_1_53' title="bbox 599 3316 2163 3390">
     <span class='ocr_line' id='line_1_55' title="bbox 599 3316 2163 3390; baseline -0.001 -17"><span class='ocrx_word' id='word_1_343' title='bbox 599 3318 834 3390; x_wconf 85' lang='lat' dir='ltr'><strong>hymnos</strong></span> <span class='ocrx_word' id='word_1_344' title='bbox 864 3325 921 3371; x_wconf 91' lang='lat' dir='ltr'><strong>et</strong></span> <span class='ocrx_word' id='word_1_345' title='bbox 966 3317 1388 3373; x_wconf 86' lang='lat' dir='ltr'><strong>acclamationes</strong></span> <span class='ocrx_word' id='word_1_346' title='bbox 1414 3317 1726 3381; x_wconf 87' lang='lat' dir='ltr'><strong>introducit,</strong></span> <span class='ocrx_word' id='word_1_347' title='bbox 1757 3316 1970 3387; x_wconf 86' lang='lat' dir='ltr'><strong>aliaque</strong></span> <span class='ocrx_word' id='word_1_348' title='bbox 2006 3318 2163 3388; x_wconf 90' lang='lat' dir='ltr'><strong>plura</strong></span> 
     </span>
    </p>
   </div>
   <div class='ocr_carea' id='block_1_54' title="bbox 599 3409 2163 3480">
    <p class='ocr_par' dir='ltr' id='par_1_54' title="bbox 599 3409 2163 3480">
     <span class='ocr_line' id='line_1_56' title="bbox 599 3409 2163 3480; baseline 0.001 -15"><span class='ocrx_word' id='word_1_349' title='bbox 599 3409 765 3466; x_wconf 75' lang='lat' dir='ltr'><strong>Musis</strong></span> <span class='ocrx_word' id='word_1_350' title='bbox 814 3410 987 3480; x_wconf 80' lang='lat' dir='ltr'><strong>legem</strong></span> <span class='ocrx_word' id='word_1_351' title='bbox 1036 3410 1418 3479; x_wconf 83' lang='lat' dir='ltr'><strong>exsuperantia</strong></span> <span class='ocrx_word' id='word_1_352' title='bbox 1455 3409 1511 3464; x_wconf 91' lang='lat' dir='ltr'><strong>in</strong></span> <span class='ocrx_word' id='word_1_353' title='bbox 1563 3424 1666 3465; x_wconf 88' lang='lat' dir='ltr'><strong>suo</strong></span> <span class='ocrx_word' id='word_1_354' title='bbox 1704 3422 1867 3479; x_wconf 89' lang='lat' dir='ltr'><strong>opere</strong></span> <span class='ocrx_word' id='word_1_355' title='bbox 1911 3409 2163 3465; x_wconf 86' lang='lat' dir='ltr'><strong>universo</strong></span> 
     </span>
    </p>
   </div>
   <div class='ocr_carea' id='block_1_55' title="bbox 518 3498 2165 3575">
    <p class='ocr_par' dir='ltr' id='par_1_55' title="bbox 518 3498 2165 3575">
     <span class='ocr_line' id='line_1_57' title="bbox 518 3498 2165 3575; baseline -0.002 -17"><span class='ocrx_word' id='word_1_356' title='bbox 518 3572 525 3575; x_wconf 98' lang='lat'>_</span> <span class='ocrx_word' id='word_1_357' title='bbox 598 3503 777 3558; x_wconf 88' lang='lat' dir='ltr'><strong>docet.</strong></span> <span class='ocrx_word' id='word_1_358' title='bbox 809 3501 987 3572; x_wconf 85' lang='lat' dir='ltr'><strong>Atque</strong></span> <span class='ocrx_word' id='word_1_359' title='bbox 1010 3501 1128 3556; x_wconf 65' lang='lat' dir='ltr'><strong>haec</strong></span> <span class='ocrx_word' id='word_1_360' title='bbox 1160 3515 1292 3557; x_wconf 88' lang='lat' dir='ltr'><strong>sane</strong></span> <span class='ocrx_word' id='word_1_361' title='bbox 1318 3498 1483 3557; x_wconf 79' lang='lat' dir='ltr'><strong>fuerit</strong></span> <span class='ocrx_word' id='word_1_362' title='bbox 1522 3499 1648 3555; x_wconf 86' lang='lat' dir='ltr'><strong>libri</strong></span> <span class='ocrx_word' id='word_1_363' title='bbox 1686 3499 1969 3565; x_wconf 86' lang='lat' dir='ltr'><strong>sanctitas,</strong></span> <span class='ocrx_word' id='word_1_364' title='bbox 2002 3510 2165 3570; x_wconf 88' lang='lat' dir='ltr'><strong>atque</strong></span> 
     </span>
    </p>
   </div>
   <div class='ocr_carea' id='block_1_56' title="bbox 599 3592 2165 3664">
    <p class='ocr_par' dir='ltr' id='par_1_56' title="bbox 599 3592 2165 3664">
     <span class='ocr_line' id='line_1_58' title="bbox 599 3592 2165 3664; baseline 0.001 -16"><span class='ocrx_word' id='word_1_365' title='bbox 599 3594 841 3661; x_wconf 88' lang='lat' dir='ltr'><strong>utilitas;</strong></span> <span class='ocrx_word' id='word_1_366' title='bbox 873 3593 1248 3664; x_wconf 83' lang='lat' dir='ltr'><strong>inscriptionis</strong></span> <span class='ocrx_word' id='word_1_367' title='bbox 1280 3603 1462 3648; x_wconf 88' lang='lat' dir='ltr'><strong>autem</strong></span> <span class='ocrx_word' id='word_1_368' title='bbox 1497 3592 1639 3649; x_wconf 82' lang='lat' dir='ltr'><strong>ratio</strong></span> <span class='ocrx_word' id='word_1_369' title='bbox 1669 3593 1784 3650; x_wconf 64' lang='lat' dir='ltr'><strong>haec</strong></span> <span class='ocrx_word' id='word_1_370' title='bbox 1816 3592 1987 3651; x_wconf 84' lang='lat' dir='ltr'><strong>fuisse</strong></span> <span class='ocrx_word' id='word_1_371' title='bbox 2010 3594 2165 3650; x_wconf 88' lang='lat' dir='ltr'><strong>vide-</strong></span> 
     </span>
    </p>
   </div>
   <div class='ocr_carea' id='block_1_57' title="bbox 598 3684 2165 3758">
    <p class='ocr_par' dir='ltr' id='par_1_57' title="bbox 598 3684 2165 3758">
     <span class='ocr_line' id='line_1_59' title="bbox 598 3684 2165 3758; baseline -0.001 -17"><span class='ocrx_word' id='word_1_372' title='bbox 598 3698 728 3742; x_wconf 81' lang='lat' dir='ltr'><strong>tur:</strong></span> <span class='ocrx_word' id='word_1_373' title='bbox 759 3685 1203 3758; x_wconf 81' lang='lat' dir='ltr'><strong>quandoquidem</strong></span> <span class='ocrx_word' id='word_1_374' title='bbox 1241 3685 1489 3758; x_wconf 89' lang='lat' dir='ltr'><strong>plerique</strong></span> <span class='ocrx_word' id='word_1_375' title='bbox 1523 3684 1754 3741; x_wconf 82' lang='lat' dir='ltr'><strong>fratrum</strong></span> <span class='ocrx_word' id='word_1_376' title='bbox 1779 3687 1873 3758; x_wconf 92' lang='lat' dir='ltr'><strong>qui</strong></span> <span class='ocrx_word' id='word_1_377' title='bbox 1911 3685 1967 3741; x_wconf 91' lang='lat' dir='ltr'><strong>in</strong></span> <span class='ocrx_word' id='word_1_378' title='bbox 1999 3685 2165 3742; x_wconf 78' lang='lat' dir='ltr'><strong>Chri-</strong></span> 
     </span>
    </p>
   </div>
   <div class='ocr_carea' id='block_1_58' title="bbox 600 3777 2163 3849">
    <p class='ocr_par' dir='ltr' id='par_1_58' title="bbox 600 3777 2163 3849">
     <span class='ocr_line' id='line_1_60' title="bbox 600 3777 2163 3849; baseline -0.001 -15"><span class='ocrx_word' id='word_1_379' title='bbox 600 3788 746 3835; x_wconf 90' lang='lat' dir='ltr'><strong>stum</strong></span> <span class='ocrx_word' id='word_1_380' title='bbox 765 3779 1141 3844; x_wconf 76' lang='lat' dir='ltr'><strong>crediderunt,</strong></span> <span class='ocrx_word' id='word_1_381' title='bbox 1169 3777 1316 3833; x_wconf 86' lang='lat' dir='ltr'><strong>hunc</strong></span> <span class='ocrx_word' id='word_1_382' title='bbox 1342 3777 1541 3833; x_wconf 89' lang='lat' dir='ltr'><strong>librum</strong></span> <span class='ocrx_word' id='word_1_383' title='bbox 1564 3786 1756 3849; x_wconf 86' lang='lat' dir='ltr'><strong>putant</strong></span> <span class='ocrx_word' id='word_1_384' title='bbox 1780 3793 1901 3834; x_wconf 88' lang='lat' dir='ltr'><strong>esse</strong></span> <span class='ocrx_word' id='word_1_385' title='bbox 1921 3777 2163 3845; x_wconf 87' lang='lat' dir='ltr'><strong>Davidis,</strong></span> 
     </span>
    </p>
   </div>
   <div class='ocr_carea' id='block_1_59' title="bbox 600 3865 2167 3939">
    <p class='ocr_par' dir='ltr' id='par_1_59' title="bbox 600 3865 2167 3939">
     <span class='ocr_line' id='line_1_61' title="bbox 600 3865 2167 3939; baseline 0.001 -18"><span class='ocrx_word' id='word_1_386' title='bbox 600 3868 658 3922; x_wconf 90' lang='lat' dir='ltr'><strong>in</strong></span> <span class='ocrx_word' id='word_1_387' title='bbox 698 3880 873 3937; x_wconf 91' lang='lat' dir='ltr'><strong>eoque</strong></span> <span class='ocrx_word' id='word_1_388' title='bbox 903 3866 1210 3921; x_wconf 87' lang='lat' dir='ltr'><strong>inscribunt</strong></span> <span class='ocrx_word' id='word_1_389' title='bbox 1247 3865 1455 3922; x_wconf 86' lang='lat' dir='ltr'><strong>Psalmi</strong></span> <span class='ocrx_word' id='word_1_390' title='bbox 1491 3866 1745 3933; x_wconf 74' lang='lat' dir='ltr'><strong>Doridis,</strong></span> <span class='ocrx_word' id='word_1_391' title='bbox 1779 3867 1911 3939; x_wconf 86' lang='lat' dir='ltr'><strong>quid</strong></span> <span class='ocrx_word' id='word_1_392' title='bbox 1950 3882 2053 3925; x_wconf 89' lang='lat' dir='ltr'><strong>nos</strong></span> <span class='ocrx_word' id='word_1_393' title='bbox 2098 3869 2167 3923; x_wconf 89' lang='lat' dir='ltr'><strong>de</strong></span> 
     </span>
    </p>
   </div>
   <div class='ocr_carea' id='block_1_60' title="bbox 603 3957 2165 4028">
    <p class='ocr_par' dir='ltr' id='par_1_60' title="bbox 603 3957 2165 4028">
     <span class='ocr_line' id='line_1_62' title="bbox 603 3957 2165 4028; baseline 0.003 -18"><span class='ocrx_word' id='word_1_394' title='bbox 603 3959 708 4012; x_wconf 88' lang='lat' dir='ltr'><strong>hoc</strong></span> <span class='ocrx_word' id='word_1_395' title='bbox 758 3957 879 4027; x_wconf 90' lang='lat' dir='ltr'><strong>ipso</strong></span> <span class='ocrx_word' id='word_1_396' title='bbox 932 3958 1325 4028; x_wconf 86' lang='lat' dir='ltr'><strong>acceperimus,</strong></span> <span class='ocrx_word' id='word_1_397' title='bbox 1375 3957 1741 4013; x_wconf 86' lang='lat' dir='ltr'><strong>enarrandum</strong></span> <span class='ocrx_word' id='word_1_398' title='bbox 1796 3966 1900 4015; x_wconf 89' lang='lat' dir='ltr'><strong>est.</strong></span> <span class='ocrx_word' id='word_1_399' title='bbox 1952 3957 2165 4015; x_wconf 70' lang='lat' dir='ltr'><strong>Hebraei</strong></span> 
     </span>
    </p>
   </div>
   <div class='ocr_carea' id='block_1_61' title="bbox 603 4044 2166 4119">
    <p class='ocr_par' dir='ltr' id='par_1_61' title="bbox 603 4044 2166 4119">
     <span class='ocr_line' id='line_1_63' title="bbox 603 4044 2166 4119; baseline 0.004 -22"><span class='ocrx_word' id='word_1_400' title='bbox 603 4044 823 4099; x_wconf 88' lang='lat' dir='ltr'><strong>titulum</strong></span> <span class='ocrx_word' id='word_1_401' title='bbox 875 4045 1004 4101; x_wconf 90' lang='lat' dir='ltr'><strong>huic</strong></span> <span class='ocrx_word' id='word_1_402' title='bbox 1051 4045 1313 4100; x_wconf 80' lang='lat' dir='ltr'><strong>volumini</strong></span> <span class='ocrx_word' id='word_1_403' title='bbox 1368 4046 1920 4118; x_wconf 81' lang='lat' dir='ltr'><strong>circumscripserunt</strong></span> <span class='ocrx_word' id='word_1_404' title='bbox 1963 4046 2166 4119; x_wconf 81' lang='lat' dir='ltr'><strong>Sephra</strong></span> 
     </span>
    </p>
   </div>
   <div class='ocr_carea' id='block_1_62' title="bbox 606 4134 2166 4208">
    <p class='ocr_par' dir='ltr' id='par_1_62' title="bbox 606 4134 2166 4208">
     <span class='ocr_line' id='line_1_64' title="bbox 606 4134 2166 4208; baseline 0.003 -18"><span class='ocrx_word' id='word_1_405' title='bbox 606 4134 828 4202; x_wconf 80' lang='lat' dir='ltr'><strong>Thelim,</strong></span> <span class='ocrx_word' id='word_1_406' title='bbox 867 4136 1204 4207; x_wconf 83' lang='lat' dir='ltr'><strong>proindeque</strong></span> <span class='ocrx_word' id='word_1_407' title='bbox 1244 4136 1300 4191; x_wconf 90' lang='lat' dir='ltr'><strong>in</strong></span> <span class='ocrx_word' id='word_1_408' title='bbox 1346 4136 1573 4194; x_wconf 81' lang='lat' dir='ltr'><strong>Actibus</strong></span> <span class='ocrx_word' id='word_1_409' title='bbox 1623 4138 1993 4208; x_wconf 89' lang='lat' dir='ltr'><strong>apostolorum</strong></span> <span class='ocrx_word' id='word_1_410' title='bbox 2032 4138 2166 4194; x_wconf 87' lang='lat' dir='ltr'><strong>liber</strong></span> 
     </span>
    </p>
   </div>
   <div class='ocr_carea' id='block_1_63' title="bbox 601 4226 2164 4300">
    <p class='ocr_par' dir='ltr' id='par_1_63' title="bbox 601 4226 2164 4300">
     <span class='ocr_line' id='line_1_65' title="bbox 601 4226 2164 4300; baseline 0.003 -18"><span class='ocrx_word' id='word_1_411' title='bbox 601 4227 945 4284; x_wconf 86' lang='lat' dir='ltr'><strong>Psalmorum</strong></span> <span class='ocrx_word' id='word_1_412' title='bbox 983 4229 1185 4284; x_wconf 86' lang='lat' dir='ltr'><strong>dicitur</strong></span> <span class='ocrx_word' id='word_1_413' title='bbox 1211 4228 1403 4300; x_wconf 85' lang='lat' dir='ltr'><strong>(locus</strong></span> <span class='ocrx_word' id='word_1_414' title='bbox 1437 4239 1621 4286; x_wconf 84' lang='lat' dir='ltr'><strong>autem</strong></span> <span class='ocrx_word' id='word_1_415' title='bbox 1652 4230 1726 4284; x_wconf 87' lang='lat' dir='ltr'><strong>ita</strong></span> <span class='ocrx_word' id='word_1_416' title='bbox 1758 4245 1817 4287; x_wconf 84' lang='lat' dir='ltr'><strong>se</strong></span> <span class='ocrx_word' id='word_1_417' title='bbox 1853 4226 2057 4287; x_wconf 81' lang='lat' dir='ltr'><strong>habet:</strong></span> <span class='ocrx_word' id='word_1_418' title='bbox 2094 4229 2164 4287; x_wconf 83' lang='lat' dir='ltr'><strong>Ut</strong></span> 
     </span>
    </p>
   </div>
   <div class='ocr_carea' id='block_1_64' title="bbox 545 4313 2166 4392">
    <p class='ocr_par' dir='ltr' id='par_1_64' title="bbox 545 4313 2166 4392">
     <span class='ocr_line' id='line_1_66' title="bbox 545 4313 2166 4392; baseline 0.003 -19"><span class='ocrx_word' id='word_1_419' title='bbox 545 4313 551 4318; x_wconf 66' lang='grc'><em>’</em></span> <span class='ocrx_word' id='word_1_420' title='bbox 598 4322 855 4389; x_wconf 86' lang='lat' dir='ltr'><strong>scriptum</strong></span> <span class='ocrx_word' id='word_1_421' title='bbox 877 4330 955 4375; x_wconf 86' lang='lat' dir='ltr'><strong>est</strong></span> <span class='ocrx_word' id='word_1_422' title='bbox 982 4321 1037 4374; x_wconf 88' lang='lat' dir='ltr'><strong>in</strong></span> <span class='ocrx_word' id='word_1_423' title='bbox 1073 4320 1206 4374; x_wconf 90' lang='lat' dir='ltr'><strong>libro</strong></span> <span class='ocrx_word' id='word_1_424' title='bbox 1238 4319 1629 4392; x_wconf 86' lang='lat' dir='ltr'><strong>Psalmarum),</strong></span> <span class='ocrx_word' id='word_1_425' title='bbox 1663 4321 1759 4377; x_wconf 88' lang='lat' dir='ltr'><strong>sed</strong></span> <span class='ocrx_word' id='word_1_426' title='bbox 1820 4336 2022 4378; x_wconf 88' lang='lat' dir='ltr'><strong>nomen</strong></span> <span class='ocrx_word' id='word_1_427' title='bbox 2066 4336 2166 4378; x_wconf 88' lang='lat' dir='ltr'><strong>au-</strong></span> 
     </span>
    </p>
   </div>
   <div class='ocr_carea' id='block_1_65' title="bbox 598 4410 2165 4483">
    <p class='ocr_par' dir='ltr' id='par_1_65' title="bbox 598 4410 2165 4483">
     <span class='ocr_line' id='line_1_67' title="bbox 598 4410 2165 4483; baseline 0.003 -18"><span class='ocrx_word' id='word_1_428' title='bbox 598 4410 771 4466; x_wconf 89' lang='lat' dir='ltr'><strong>ctoris</strong></span> <span class='ocrx_word' id='word_1_429' title='bbox 797 4410 998 4466; x_wconf 89' lang='lat' dir='ltr'><strong>ibidem</strong></span> <span class='ocrx_word' id='word_1_430' title='bbox 1032 4411 1397 4480; x_wconf 88' lang='lat' dir='ltr'><strong>desideratur,</strong></span> <span class='ocrx_word' id='word_1_431' title='bbox 1433 4411 1595 4483; x_wconf 87' lang='lat' dir='ltr'><strong>idque</strong></span> <span class='ocrx_word' id='word_1_432' title='bbox 1614 4426 1680 4468; x_wconf 82' lang='lat' dir='ltr'><strong>ea</strong></span> <span class='ocrx_word' id='word_1_433' title='bbox 1705 4412 1774 4469; x_wconf 87' lang='lat' dir='ltr'><strong>de</strong></span> <span class='ocrx_word' id='word_1_434' title='bbox 1797 4428 1986 4476; x_wconf 87' lang='lat' dir='ltr'><strong>causa.</strong></span> <span class='ocrx_word' id='word_1_435' title='bbox 2018 4412 2165 4483; x_wconf 89' lang='lat' dir='ltr'><strong>quod</strong></span> 
     </span>
    </p>
   </div>
   <div class='ocr_carea' id='block_1_66' title="bbox 599 4501 2164 4576">
    <p class='ocr_par' dir='ltr' id='par_1_66' title="bbox 599 4501 2164 4576">
     <span class='ocr_line' id='line_1_68' title="bbox 599 4501 2164 4576; baseline 0.003 -21"><span class='ocrx_word' id='word_1_436' title='bbox 599 4513 711 4555; x_wconf 87' lang='lat' dir='ltr'><strong>nou</strong></span> <span class='ocrx_word' id='word_1_437' title='bbox 761 4501 926 4556; x_wconf 89' lang='lat' dir='ltr'><strong>unius</strong></span> <span class='ocrx_word' id='word_1_438' title='bbox 974 4510 1186 4557; x_wconf 85' lang='lat' dir='ltr'><strong>tantum</strong></span> <span class='ocrx_word' id='word_1_439' title='bbox 1241 4517 1524 4560; x_wconf 90' lang='lat' dir='ltr'><strong>sermones</strong></span> <span class='ocrx_word' id='word_1_440' title='bbox 1570 4504 1676 4560; x_wconf 83' lang='lat' dir='ltr'><strong>hoc</strong></span> <span class='ocrx_word' id='word_1_441' title='bbox 1721 4503 1842 4576; x_wconf 85' lang='lat' dir='ltr'><strong>ipso</strong></span> <span class='ocrx_word' id='word_1_442' title='bbox 1887 4504 2164 4560; x_wconf 80' lang='lat' dir='ltr'><strong>volumine</strong></span> 
     </span>
    </p>
   </div>
   <div class='ocr_carea' id='block_1_67' title="bbox 601 4588 2165 4663">
    <p class='ocr_par' dir='ltr' id='par_1_67' title="bbox 601 4588 2165 4663">
     <span class='ocr_line' id='line_1_69' title="bbox 601 4588 2165 4663; baseline 0.004 -18"><span class='ocrx_word' id='word_1_443' title='bbox 601 4598 732 4645; x_wconf 90' lang='lat' dir='ltr'><strong>sunt</strong></span> <span class='ocrx_word' id='word_1_444' title='bbox 760 4588 924 4657; x_wconf 87' lang='lat' dir='ltr'><strong>editi;</strong></span> <span class='ocrx_word' id='word_1_445' title='bbox 958 4592 1053 4647; x_wconf 89' lang='lat' dir='ltr'><strong>sed</strong></span> <span class='ocrx_word' id='word_1_446' title='bbox 1097 4592 1333 4663; x_wconf 87' lang='lat' dir='ltr'><strong>plurium</strong></span> <span class='ocrx_word' id='word_1_447' title='bbox 1372 4592 1558 4662; x_wconf 88' lang='lat' dir='ltr'><strong>fuere,</strong></span> <span class='ocrx_word' id='word_1_448' title='bbox 1591 4602 1653 4650; x_wconf 89' lang='lat' dir='ltr'><strong>ut</strong></span> <span class='ocrx_word' id='word_1_449' title='bbox 1696 4603 1781 4651; x_wconf 88' lang='lat' dir='ltr'><strong>est</strong></span> <span class='ocrx_word' id='word_1_450' title='bbox 1822 4609 1855 4650; x_wconf 88' lang='lat' dir='ltr'><strong>a</strong></span> <span class='ocrx_word' id='word_1_451' title='bbox 1888 4596 2165 4652; x_wconf 77' lang='lat' dir='ltr'><strong>veteribus</strong></span> 
     </span>
    </p>
   </div>
   <div class='ocr_carea' id='block_1_68' title="bbox 602 4681 2164 4758">
    <p class='ocr_par' dir='ltr' id='par_1_68' title="bbox 602 4681 2164 4758">
     <span class='ocr_line' id='line_1_70' title="bbox 602 4681 2164 4758; baseline 0.004 -23"><span class='ocrx_word' id='word_1_452' title='bbox 602 4681 885 4749; x_wconf 70' lang='lat' dir='ltr'><strong>traditum,</strong></span> <span class='ocrx_word' id='word_1_453' title='bbox 920 4682 991 4736; x_wconf 87' lang='lat' dir='ltr'><strong>ab</strong></span> <span class='ocrx_word' id='word_1_454' title='bbox 1019 4681 1190 4739; x_wconf 88' lang='lat' dir='ltr'><strong>Esdra</strong></span> <span class='ocrx_word' id='word_1_455' title='bbox 1225 4684 1478 4754; x_wconf 87' lang='lat' dir='ltr'><strong>collecti;</strong></span> <span class='ocrx_word' id='word_1_456' title='bbox 1509 4686 1604 4757; x_wconf 89' lang='lat' dir='ltr'><strong>qui</strong></span> <span class='ocrx_word' id='word_1_457' title='bbox 1641 4697 1764 4756; x_wconf 89' lang='lat' dir='ltr'><strong>post</strong></span> <span class='ocrx_word' id='word_1_458' title='bbox 1794 4688 2164 4758; x_wconf 78' lang='lat' dir='ltr'><strong>captivitatem</strong></span> 
     </span>
    </p>
   </div>
   <div class='ocr_carea' id='block_1_69' title="bbox 596 4762 2197 4846">
    <p class='ocr_par' dir='ltr' id='par_1_69' title="bbox 596 4762 2197 4846">
     <span class='ocr_line' id='line_1_71' title="bbox 596 4762 2197 4846; baseline 0.007 -21"><span class='ocrx_word' id='word_1_459' title='bbox 596 4770 658 4825; x_wconf 87' lang='lat' dir='ltr'><strong>in</strong></span> <span class='ocrx_word' id='word_1_460' title='bbox 693 4786 862 4827; x_wconf 92' lang='lat' dir='ltr'><strong>unum</strong></span> <span class='ocrx_word' id='word_1_461' title='bbox 892 4770 1099 4844; x_wconf 76' lang='lat' dir='ltr'><strong>redegit</strong></span> <span class='ocrx_word' id='word_1_462' title='bbox 1127 4774 1423 4830; x_wconf 89' lang='lat' dir='ltr'><strong>multorum</strong></span> <span class='ocrx_word' id='word_1_463' title='bbox 1446 4777 1688 4846; x_wconf 89' lang='lat' dir='ltr'><strong>psalmos</strong></span> <span class='ocrx_word' id='word_1_464' title='bbox 1712 4780 1827 4835; x_wconf 85' lang='lat' dir='ltr'><strong>sive</strong></span> <span class='ocrx_word' id='word_1_465' title='bbox 1853 4780 2016 4836; x_wconf 87' lang='lat' dir='ltr'><strong>etiam</strong></span> <span class='ocrx_word' id='word_1_466' title='bbox 2042 4794 2165 4836; x_wconf 89' lang='lat' dir='ltr'><strong>ser-</strong></span> <span class='ocrx_word' id='word_1_467' title='bbox 2192 4762 2197 4767; x_wconf 55' lang='grc'><em>’</em></span> 
     </span>
    </p>
   </div>
   <div class='ocr_carea' id='block_1_70' title="bbox 600 4863 2162 4935">
    <p class='ocr_par' dir='ltr' id='par_1_70' title="bbox 600 4863 2162 4935">
     <span class='ocr_line' id='line_1_72' title="bbox 600 4863 2162 4935; baseline 0.006 -21"><span class='ocrx_word' id='word_1_468' title='bbox 600 4875 829 4929; x_wconf 86' lang='lat' dir='ltr'><strong>mones,</strong></span> <span class='ocrx_word' id='word_1_469' title='bbox 897 4876 1023 4917; x_wconf 90' lang='lat' dir='ltr'><strong>cum</strong></span> <span class='ocrx_word' id='word_1_470' title='bbox 1081 4863 1275 4933; x_wconf 90' lang='lat' dir='ltr'><strong>psalmi</strong></span> <span class='ocrx_word' id='word_1_471' title='bbox 1326 4878 1553 4935; x_wconf 86' lang='lat' dir='ltr'><strong>prorsus</strong></span> <span class='ocrx_word' id='word_1_472' title='bbox 1612 4881 1801 4925; x_wconf 86' lang='lat' dir='ltr'><strong>omnes</strong></span> <span class='ocrx_word' id='word_1_473' title='bbox 1866 4884 1977 4925; x_wconf 89' lang='lat' dir='ltr'><strong>non</strong></span> <span class='ocrx_word' id='word_1_474' title='bbox 2030 4869 2162 4924; x_wconf 87' lang='lat' dir='ltr'><strong>sint.</strong></span> 
     </span>
    </p>
   </div>
   <div class='ocr_carea' id='block_1_71' title="bbox 601 4950 2167 5033">
    <p class='ocr_par' dir='ltr' id='par_1_71' title="bbox 601 4950 2167 5033">
     <span class='ocr_line' id='line_1_73' title="bbox 601 4950 2167 5033; baseline 0.007 -27"><span class='ocrx_word' id='word_1_475' title='bbox 601 4950 967 5020; x_wconf 81' lang='lat' dir='ltr'><strong>Quamobrem</strong></span> <span class='ocrx_word' id='word_1_476' title='bbox 992 4955 1266 5012; x_wconf 86' lang='lat' dir='ltr'><strong>nonnullis</strong></span> <span class='ocrx_word' id='word_1_477' title='bbox 1298 4957 1456 5028; x_wconf 83' lang='lat' dir='ltr'><strong>plane</strong></span> <span class='ocrx_word' id='word_1_478' title='bbox 1473 4956 1693 5015; x_wconf 85' lang='lat' dir='ltr'><strong>Davidis</strong></span> <span class='ocrx_word' id='word_1_479' title='bbox 1716 4961 2059 5033; x_wconf 73' lang='lat' dir='ltr'><strong>praemissum</strong></span> <span class='ocrx_word' id='word_1_480' title='bbox 2081 4969 2167 5017; x_wconf 88' lang='lat' dir='ltr'><strong>est</strong></span> 
     </span>
    </p>
   </div>
   <div class='ocr_carea' id='block_1_72' title="bbox 602 5045 2164 5118">
    <p class='ocr_par' dir='ltr' id='par_1_72' title="bbox 602 5045 2164 5118">
     <span class='ocr_line' id='line_1_74' title="bbox 602 5045 2164 5118; baseline 0.005 -19"><span class='ocrx_word' id='word_1_481' title='bbox 602 5061 841 5114; x_wconf 85' lang='lat' dir='ltr'><strong>nomen;</strong></span> <span class='ocrx_word' id='word_1_482' title='bbox 890 5045 1163 5117; x_wconf 87' lang='lat' dir='ltr'><strong>aliquibus</strong></span> <span class='ocrx_word' id='word_1_483' title='bbox 1219 5056 1402 5103; x_wconf 87' lang='lat' dir='ltr'><strong>autem</strong></span> <span class='ocrx_word' id='word_1_484' title='bbox 1471 5046 1817 5118; x_wconf 88' lang='lat' dir='ltr'><strong>Salomonis;</strong></span> <span class='ocrx_word' id='word_1_485' title='bbox 1870 5052 1993 5107; x_wconf 91' lang='lat' dir='ltr'><strong>aliis</strong></span> <span class='ocrx_word' id='word_1_486' title='bbox 2035 5066 2164 5108; x_wconf 89' lang='lat' dir='ltr'><strong>vero</strong></span> 
     </span>
    </p>
   </div>
   <div class='ocr_carea' id='block_1_73' title="bbox 2258 2584 3745 2662">
    <p class='ocr_par' dir='ltr' id='par_1_73' title="bbox 2258 2584 3745 2662">
     <span class='ocr_line' id='line_1_75' title="bbox 2258 2584 3745 2662; baseline 0.002 -20"><span class='ocrx_word' id='word_1_487' title='bbox 2258 2587 2502 2661; x_wconf 77' lang='grc' dir='ltr'><strong>περιέχει</strong></span> <span class='ocrx_word' id='word_1_488' title='bbox 2548 2584 2687 2659; x_wconf 80' lang='grc' dir='ltr'>μετὰ</span> <span class='ocrx_word' id='word_1_489' title='bbox 2729 2585 2827 2659; x_wconf 82' lang='grc' dir='ltr'>τὴν</span> <span class='ocrx_word' id='word_1_490' title='bbox 2879 2587 3169 2654; x_wconf 79' lang='grc' dir='ltr'>Μωῦσέως</span> <span class='ocrx_word' id='word_1_491' title='bbox 3216 2589 3546 2662; x_wconf 78' lang='grc' dir='ltr'><strong>νομοθεσίαν·</strong></span> <span class='ocrx_word' id='word_1_492' title='bbox 3590 2592 3665 2646; x_wconf 73' lang='grc' dir='ltr'>καὶ</span> <span class='ocrx_word' id='word_1_493' title='bbox 3692 2593 3745 2645; x_wconf 72' lang='grc' dir='ltr'>ὅτι</span> 
     </span>
    </p>
   </div>
   <div class='ocr_carea' id='block_1_74' title="bbox 2258 2679 3745 2756">
    <p class='ocr_par' dir='ltr' id='par_1_74' title="bbox 2258 2679 3745 2756">
     <span class='ocr_line' id='line_1_76' title="bbox 2258 2679 3745 2756; baseline 0.002 -22"><span class='ocrx_word' id='word_1_494' title='bbox 2258 2679 2483 2752; x_wconf 80' lang='grc' dir='ltr'>δευτέρα</span> <span class='ocrx_word' id='word_1_495' title='bbox 2538 2679 2677 2752; x_wconf 82' lang='grc' dir='ltr'>μετὰ</span> <span class='ocrx_word' id='word_1_496' title='bbox 2733 2680 2833 2753; x_wconf 80' lang='grc' dir='ltr'><strong>τὴν</strong></span> <span class='ocrx_word' id='word_1_497' title='bbox 2887 2682 3177 2747; x_wconf 80' lang='grc' dir='ltr'>Μωῦσέως</span> <span class='ocrx_word' id='word_1_498' title='bbox 3216 2683 3430 2756; x_wconf 73' lang='grc' dir='ltr'>Γραφὴν</span> <span class='ocrx_word' id='word_1_499' title='bbox 3482 2684 3745 2755; x_wconf 79' lang='grc' dir='ltr'>διδασκαλική</span> 
     </span>
    </p>
   </div>
   <div class='ocr_carea' id='block_1_75' title="bbox 2264 2770 3743 2849">
    <p class='ocr_par' dir='ltr' id='par_1_75' title="bbox 2264 2770 3743 2849">
     <span class='ocr_line' id='line_1_77' title="bbox 2264 2770 3743 2849; baseline 0.002 -23"><span class='ocrx_word' id='word_1_500' title='bbox 2264 2770 2443 2844; x_wconf 74' lang='grc' dir='ltr'>βίϐλος</span> <span class='ocrx_word' id='word_1_501' title='bbox 2470 2774 2744 2844; x_wconf 80' lang='grc' dir='ltr'><strong>τυγχάνει.</strong></span> <span class='ocrx_word' id='word_1_502' title='bbox 2768 2773 2921 2827; x_wconf 80' lang='grc' dir='ltr'>Μετὰ</span> <span class='ocrx_word' id='word_1_503' title='bbox 2946 2775 3075 2844; x_wconf 80' lang='grc' dir='ltr'>γοῦν</span> <span class='ocrx_word' id='word_1_504' title='bbox 3092 2776 3201 2848; x_wconf 80' lang='grc' dir='ltr'>τὴν</span> <span class='ocrx_word' id='word_1_505' title='bbox 3220 2778 3482 2842; x_wconf 83' lang='grc' dir='ltr'>Μωῡσὲως</span> <span class='ocrx_word' id='word_1_506' title='bbox 3527 2780 3604 2832; x_wconf 75' lang='grc' dir='ltr'><strong>καὶ</strong></span> <span class='ocrx_word' id='word_1_507' title='bbox 3627 2778 3743 2849; x_wconf 65' lang='grc' dir='ltr'>Ἰησοῦ</span> 
     </span>
    </p>
   </div>
   <div class='ocr_carea' id='block_1_76' title="bbox 2261 2861 3743 2941">
    <p class='ocr_par' dir='ltr' id='par_1_76' title="bbox 2261 2861 3743 2941">
     <span class='ocr_line' id='line_1_78' title="bbox 2261 2861 3743 2941; baseline 0.011 -26"><span class='ocrx_word' id='word_1_508' title='bbox 2261 2861 2537 2935; x_wconf 79' lang='grc' dir='ltr'>τελευτὴν,</span> <span class='ocrx_word' id='word_1_509' title='bbox 2581 2864 2676 2918; x_wconf 72' lang='grc' dir='ltr'><strong>καὶ</strong></span> <span class='ocrx_word' id='word_1_510' title='bbox 2722 2865 2861 2936; x_wconf 80' lang='grc' dir='ltr'>μετὰ</span> <span class='ocrx_word' id='word_1_511' title='bbox 2889 2869 3013 2931; x_wconf 82' lang='grc' dir='ltr'>τοὺς</span> <span class='ocrx_word' id='word_1_512' title='bbox 3064 2868 3267 2940; x_wconf 83' lang='grc' dir='ltr'>κριτὰς</span> <span class='ocrx_word' id='word_1_513' title='bbox 3310 2871 3463 2924; x_wconf 75' lang='grc' dir='ltr'>Δαυὶδ</span> <span class='ocrx_word' id='word_1_514' title='bbox 3503 2872 3743 2941; x_wconf 67' lang='grc' dir='ltr'>γενόμενος,</span> 
     </span>
    </p>
   </div>
   <div class='ocr_carea' id='block_1_77' title="bbox 2262 2952 3745 3034">
    <p class='ocr_par' dir='ltr' id='par_1_77' title="bbox 2262 2952 3745 3034">
     <span class='ocr_line' id='line_1_79' title="bbox 2262 2952 3745 3034; baseline 0.005 -28"><span class='ocrx_word' id='word_1_515' title='bbox 2262 2952 2463 3007; x_wconf 83' lang='grc' dir='ltr'>ὡσανεὶ</span> <span class='ocrx_word' id='word_1_516' title='bbox 2487 2952 2581 3007; x_wconf 78' lang='grc' dir='ltr'>τοῦ</span> <span class='ocrx_word' id='word_1_517' title='bbox 2610 2956 2863 3028; x_wconf 81' lang='grc' dir='ltr'><strong>Σωτῆρος</strong></span> <span class='ocrx_word' id='word_1_518' title='bbox 2892 2958 3050 3022; x_wconf 77' lang='grc' dir='ltr'>αὐτὸς</span> <span class='ocrx_word' id='word_1_519' title='bbox 3090 2962 3427 3032; x_wconf 82' lang='grc' dir='ltr'>χρηματίσαι</span> <span class='ocrx_word' id='word_1_520' title='bbox 3453 2963 3606 3034; x_wconf 79' lang='grc' dir='ltr'>πατὴρ</span> <span class='ocrx_word' id='word_1_521' title='bbox 3631 2979 3745 3014; x_wconf 74' lang='grc' dir='ltr'>κατι-</span> 
     </span>
    </p>
   </div>
   <div class='ocr_carea' id='block_1_78' title="bbox 2263 3042 3746 3127">
    <p class='ocr_par' dir='ltr' id='par_1_78' title="bbox 2263 3042 3746 3127">
     <span class='ocr_line' id='line_1_80' title="bbox 2263 3042 3746 3127; baseline 0.008 -30"><span class='ocrx_word' id='word_1_522' title='bbox 2263 3042 2506 3111; x_wconf 81' lang='grc' dir='ltr'>ξιωθεὶς,</span> <span class='ocrx_word' id='word_1_523' title='bbox 2540 3047 2724 3101; x_wconf 81' lang='grc' dir='ltr'>καινὸν</span> <span class='ocrx_word' id='word_1_524' title='bbox 2766 3049 2965 3121; x_wconf 80' lang='grc' dir='ltr'><strong>τρόπον</strong></span> <span class='ocrx_word' id='word_1_525' title='bbox 3013 3051 3103 3104; x_wconf 84' lang='grc' dir='ltr'><strong>τὸν</strong></span> <span class='ocrx_word' id='word_1_526' title='bbox 3141 3055 3241 3125; x_wconf 82' lang='grc' dir='ltr'>τῆς</span> <span class='ocrx_word' id='word_1_527' title='bbox 3270 3054 3559 3127; x_wconf 69' lang='grc' dir='ltr'>ψαλμῳδίας</span> <span class='ocrx_word' id='word_1_528' title='bbox 3595 3055 3746 3126; x_wconf 75' lang='grc' dir='ltr'>πρῶτος</span> 
     </span>
    </p>
   </div>
   <div class='ocr_carea' id='block_1_79' title="bbox 2276 3130 3746 3218">
    <p class='ocr_par' dir='ltr' id='par_1_79' title="bbox 2276 3130 3746 3218">
     <span class='ocr_line' id='line_1_81' title="bbox 2276 3130 3746 3218; baseline 0.006 -29"><span class='ocrx_word' id='word_1_529' title='bbox 2276 3134 2548 3208; x_wconf 79' lang='grc' dir='ltr'>Ἐὅραίοις</span> <span class='ocrx_word' id='word_1_530' title='bbox 2590 3130 2905 3209; x_wconf 79' lang='grc' dir='ltr'>παρέδὼκε,</span> <span class='ocrx_word' id='word_1_531' title='bbox 2940 3141 3006 3194; x_wconf 79' lang='grc' dir='ltr'>δι’</span> <span class='ocrx_word' id='word_1_532' title='bbox 3049 3139 3120 3214; x_wconf 73' lang='grc' dir='ltr'>ἧς</span> <span class='ocrx_word' id='word_1_533' title='bbox 3154 3146 3379 3218; x_wconf 82' lang='grc' dir='ltr'>,ἀναιρεῖ</span> <span class='ocrx_word' id='word_1_534' title='bbox 3421 3147 3509 3218; x_wconf 79' lang='grc' dir='ltr'><strong>μὲν</strong></span> <span class='ocrx_word' id='word_1_535' title='bbox 3555 3145 3613 3198; x_wconf 70' lang='grc' dir='ltr'>τὰ</span> <span class='ocrx_word' id='word_1_536' title='bbox 3644 3147 3746 3215; x_wconf 76' lang='grc' dir='ltr'>παρὰ</span> 
     </span>
    </p>
   </div>
   <div class='ocr_carea' id='block_1_80' title="bbox 2262 3222 3745 3307">
    <p class='ocr_par' dir='ltr' id='par_1_80' title="bbox 2262 3222 3745 3307">
     <span class='ocr_line' id='line_1_82' title="bbox 2262 3222 3745 3307; baseline 0.005 -27"><span class='ocrx_word' id='word_1_537' title='bbox 2262 3222 2473 3298; x_wconf 82' lang='grc' dir='ltr'><strong>Μωῦσῇ</strong></span> <span class='ocrx_word' id='word_1_538' title='bbox 2504 3226 2632 3299; x_wconf 79' lang='grc' dir='ltr'>περὶ</span> <span class='ocrx_word' id='word_1_539' title='bbox 2664 3227 2861 3283; x_wconf 82' lang='grc' dir='ltr'>θυσιῶν</span> <span class='ocrx_word' id='word_1_540' title='bbox 2894 3233 3389 3307; x_wconf 78' lang='grc' dir='ltr'><strong>νενομοθετημένα,</strong></span> <span class='ocrx_word' id='word_1_541' title='bbox 3432 3236 3591 3291; x_wconf 83' lang='grc' dir='ltr'>καινὸν</span> <span class='ocrx_word' id='word_1_542' title='bbox 3620 3236 3662 3289; x_wconf 80' lang='grc' dir='ltr'>δὲ</span> <span class='ocrx_word' id='word_1_543' title='bbox 3688 3236 3745 3288; x_wconf 62' lang='grc' dir='ltr'>τὶν</span> 
     </span>
    </p>
   </div>
   <div class='ocr_carea' id='block_1_81' title="bbox 2262 3315 3743 3407">
    <p class='ocr_par' dir='ltr' id='par_1_81' title="bbox 2262 3315 3743 3407">
     <span class='ocr_line' id='line_1_83' title="bbox 2262 3315 3743 3407; baseline 0.005 -37"><span class='ocrx_word' id='word_1_544' title='bbox 2262 3316 2330 3371; x_wconf 81' lang='grc' dir='ltr'>δι’</span> <span class='ocrx_word' id='word_1_545' title='bbox 2368 3315 2584 3388; x_wconf 77' lang='grc' dir='ltr'>ὓμνων,</span> <span class='ocrx_word' id='word_1_546' title='bbox 2634 3320 2729 3374; x_wconf 76' lang='grc' dir='ltr'><strong>καὶ</strong></span> <span class='ocrx_word' id='word_1_547' title='bbox 2777 3320 3109 3394; x_wconf 81' lang='grc' dir='ltr'><strong>ἀλαλαγμῶν</strong></span> <span class='ocrx_word' id='word_1_548' title='bbox 3162 3328 3361 3400; x_wconf 82' lang='grc' dir='ltr'>τρόπον</span> <span class='ocrx_word' id='word_1_549' title='bbox 3408 3329 3499 3399; x_wconf 81' lang='grc' dir='ltr'>τῆς</span> <span class='ocrx_word' id='word_1_550' title='bbox 3534 3327 3612 3381; x_wconf 79' lang='grc' dir='ltr'><strong>τοῦ</strong></span> <span class='ocrx_word' id='word_1_551' title='bbox 3652 3324 3743 3407; x_wconf 67' lang='grc' dir='ltr'>Θεοῦ</span> 
     </span>
    </p>
   </div>
   <div class='ocr_carea' id='block_1_82' title="bbox 2261 3407 3744 3485">
    <p class='ocr_par' dir='ltr' id='par_1_82' title="bbox 2261 3407 3744 3485">
     <span class='ocr_line' id='line_1_84' title="bbox 2261 3407 3744 3485; baseline 0.009 -23"><span class='ocrx_word' id='word_1_552' title='bbox 2261 3407 2514 3481; x_wconf 77' lang='grc' dir='ltr'>λατρείας</span> <span class='ocrx_word' id='word_1_553' title='bbox 2542 3412 2769 3483; x_wconf 79' lang='grc' dir='ltr'>εἰσάγει,</span> <span class='ocrx_word' id='word_1_554' title='bbox 2815 3417 2910 3471; x_wconf 76' lang='grc' dir='ltr'><strong>καὶ</strong></span> <span class='ocrx_word' id='word_1_555' title='bbox 2946 3418 3078 3473; x_wconf 85' lang='grc' dir='ltr'>ἄλλα</span> <span class='ocrx_word' id='word_1_556' title='bbox 3105 3418 3170 3474; x_wconf 84' lang='grc' dir='ltr'>δὲ</span> <span class='ocrx_word' id='word_1_557' title='bbox 3196 3423 3415 3477; x_wconf 80' lang='grc' dir='ltr'>πλεῖστα</span> <span class='ocrx_word' id='word_1_558' title='bbox 3439 3423 3522 3479; x_wconf 70' lang='grc' dir='ltr'>τὸν</span> <span class='ocrx_word' id='word_1_559' title='bbox 3545 3422 3744 3485; x_wconf 60' lang='lat' dir='ltr'><strong>Mariano;</strong></span> 
     </span>
    </p>
   </div>
   <div class='ocr_carea' id='block_1_83' title="bbox 2261 3502 3746 3587">
    <p class='ocr_par' dir='ltr' id='par_1_83' title="bbox 2261 3502 3746 3587">
     <span class='ocr_line' id='line_1_85' title="bbox 2261 3502 3746 3587; baseline 0.009 -31"><span class='ocrx_word' id='word_1_560' title='bbox 2261 3502 2423 3574; x_wconf 88' lang='grc' dir='ltr'>νόμον</span> <span class='ocrx_word' id='word_1_561' title='bbox 2454 3505 2924 3578; x_wconf 57' lang='grc' dir='ltr'>ὲωναϐεὸηκότα,</span> <span class='ocrx_word' id='word_1_562' title='bbox 2975 3510 3043 3565; x_wconf 82' lang='grc' dir='ltr'><strong>δι’</strong></span> <span class='ocrx_word' id='word_1_563' title='bbox 3070 3512 3205 3586; x_wconf 82' lang='grc' dir='ltr'>ὅλης</span> <span class='ocrx_word' id='word_1_564' title='bbox 3245 3515 3404 3570; x_wconf 79' lang='grc' dir='ltr'>αὐτοῦ</span> <span class='ocrx_word' id='word_1_565' title='bbox 3442 3516 3532 3587; x_wconf 79' lang='grc' dir='ltr'>τῆς</span> <span class='ocrx_word' id='word_1_566' title='bbox 3562 3530 3746 3587; x_wconf 77' lang='grc' dir='ltr'>πραγμα-</span> 
     </span>
    </p>
   </div>
   <div class='ocr_carea' id='block_1_84' title="bbox 2260 3595 3745 3679">
    <p class='ocr_par' dir='ltr' id='par_1_84' title="bbox 2260 3595 3745 3679">
     <span class='ocr_line' id='line_1_86' title="bbox 2260 3595 3745 3679; baseline 0.013 -33"><span class='ocrx_word' id='word_1_567' title='bbox 2260 3595 2411 3659; x_wconf 82' lang='grc' dir='ltr'>τείας</span> <span class='ocrx_word' id='word_1_568' title='bbox 2446 3595 2702 3652; x_wconf 80' lang='grc' dir='ltr'>διδάσκει.</span> <span class='ocrx_word' id='word_1_569' title='bbox 2753 3600 2863 3653; x_wconf 82' lang='grc' dir='ltr'><strong>Καὶ</strong></span> <span class='ocrx_word' id='word_1_570' title='bbox 2902 3600 3041 3674; x_wconf 81' lang='grc' dir='ltr'>αὓτη</span> <span class='ocrx_word' id='word_1_571' title='bbox 3100 3606 3204 3676; x_wconf 83' lang='grc' dir='ltr'><strong>μὲν</strong></span> <span class='ocrx_word' id='word_1_572' title='bbox 3241 3608 3340 3679; x_wconf 81' lang='grc' dir='ltr'>τῆς</span> <span class='ocrx_word' id='word_1_573' title='bbox 3384 3607 3547 3679; x_wconf 76' lang='grc' dir='ltr'>βίϐλου</span> <span class='ocrx_word' id='word_1_574' title='bbox 3577 3605 3745 3672; x_wconf 68' lang='grc' dir='ltr'><strong>ὁσιότης.</strong></span> 
     </span>
    </p>
   </div>
   <div class='ocr_carea' id='block_1_85' title="bbox 2264 3684 3741 3771">
    <p class='ocr_par' dir='ltr' id='par_1_85' title="bbox 2264 3684 3741 3771">
     <span class='ocr_line' id='line_1_87' title="bbox 2264 3684 3741 3771; baseline 0.009 -35"><span class='ocrx_word' id='word_1_575' title='bbox 2264 3684 2358 3737; x_wconf 78' lang='grc' dir='ltr'><strong>καὶ</strong></span> <span class='ocrx_word' id='word_1_576' title='bbox 2383 3684 2445 3739; x_wconf 81' lang='grc' dir='ltr'>τὸ</span> <span class='ocrx_word' id='word_1_577' title='bbox 2472 3688 2766 3759; x_wconf 71' lang='grc' dir='ltr'>χρήσιμον*</span> <span class='ocrx_word' id='word_1_578' title='bbox 2813 3690 2847 3761; x_wconf 78' lang='grc' dir='ltr'>ἡ</span> <span class='ocrx_word' id='word_1_579' title='bbox 2875 3688 2932 3743; x_wconf 80' lang='grc' dir='ltr'>δὲ</span> <span class='ocrx_word' id='word_1_580' title='bbox 2976 3694 3127 3763; x_wconf 81' lang='grc' dir='ltr'>αίτία</span> <span class='ocrx_word' id='word_1_581' title='bbox 3179 3696 3280 3768; x_wconf 81' lang='grc' dir='ltr'>τῆς</span> <span class='ocrx_word' id='word_1_582' title='bbox 3310 3698 3591 3771; x_wconf 73' lang='grc' dir='ltr'>ἐπιγραφῆς</span> <span class='ocrx_word' id='word_1_583' title='bbox 3624 3694 3741 3765; x_wconf 75' lang='grc' dir='ltr'>αὖτη’</span> 
     </span>
    </p>
   </div>
   <div class='ocr_carea' id='block_1_86' title="bbox 2267 3776 3745 3863">
    <p class='ocr_par' dir='ltr' id='par_1_86' title="bbox 2267 3776 3745 3863">
     <span class='ocr_line' id='line_1_88' title="bbox 2267 3776 3745 3863; baseline 0.007 -35"><span class='ocrx_word' id='word_1_584' title='bbox 2267 3776 2454 3850; x_wconf 70' lang='grc' dir='ltr'>ἐπειδὴ</span> <span class='ocrx_word' id='word_1_585' title='bbox 2483 3778 2721 3835; x_wconf 81' lang='grc' dir='ltr'>πλεῖστοι</span> <span class='ocrx_word' id='word_1_586' title='bbox 2764 3782 2872 3842; x_wconf 88' lang='grc' dir='ltr'><strong>τῶν</strong></span> <span class='ocrx_word' id='word_1_587' title='bbox 2904 3784 3151 3857; x_wconf 78' lang='grc' dir='ltr'>ἀδελφῶν</span> <span class='ocrx_word' id='word_1_588' title='bbox 3179 3792 3258 3863; x_wconf 80' lang='grc' dir='ltr'>εἰς</span> <span class='ocrx_word' id='word_1_589' title='bbox 3289 3790 3505 3862; x_wconf 80' lang='grc' dir='ltr'>Χριστὸν</span> <span class='ocrx_word' id='word_1_590' title='bbox 3529 3804 3745 3842; x_wconf 66' lang='grc' dir='ltr'>πεπιστευ-</span> 
     </span>
    </p>
   </div>
   <div class='ocr_carea' id='block_1_87' title="bbox 2265 3864 3744 3950">
    <p class='ocr_par' dir='ltr' id='par_1_87' title="bbox 2265 3864 3744 3950">
     <span class='ocr_line' id='line_1_89' title="bbox 2265 3864 3744 3950; baseline 0.011 -33"><span class='ocrx_word' id='word_1_591' title='bbox 2265 3864 2436 3919; x_wconf 86' lang='grc' dir='ltr'>κότων</span> <span class='ocrx_word' id='word_1_592' title='bbox 2460 3865 2660 3921; x_wconf 75' lang='grc' dir='ltr'>οἴονται</span> <span class='ocrx_word' id='word_1_593' title='bbox 2683 3870 2780 3941; x_wconf 85' lang='grc' dir='ltr'><strong>τὴν</strong></span> <span class='ocrx_word' id='word_1_594' title='bbox 2809 3869 2987 3943; x_wconf 75' lang='grc' dir='ltr'>βίϐλον</span> <span class='ocrx_word' id='word_1_595' title='bbox 3015 3876 3224 3950; x_wconf 72' lang='grc' dir='ltr'>ταύτην</span> <span class='ocrx_word' id='word_1_596' title='bbox 3242 3879 3335 3933; x_wconf 81' lang='grc' dir='ltr'>τοῦ</span> <span class='ocrx_word' id='word_1_597' title='bbox 3361 3878 3513 3932; x_wconf 79' lang='grc' dir='ltr'>Δαυὶδ</span> <span class='ocrx_word' id='word_1_598' title='bbox 3536 3877 3744 3949; x_wconf 74' lang='grc' dir='ltr'><strong>ὑπάρχειν,</strong></span> 
     </span>
    </p>
   </div>
   <div class='ocr_carea' id='block_1_88' title="bbox 2265 3959 3745 4040">
    <p class='ocr_par' dir='ltr' id='par_1_88' title="bbox 2265 3959 3745 4040">
     <span class='ocr_line' id='line_1_90' title="bbox 2265 3959 3745 4040; baseline 0.005 -28"><span class='ocrx_word' id='word_1_599' title='bbox 2265 3959 2629 4033; x_wconf 73' lang='grc' dir='ltr'>ἐπιγράφουσι</span> <span class='ocrx_word' id='word_1_600' title='bbox 2662 3980 2723 4016; x_wconf 88' lang='grc' dir='ltr'><strong>τε</strong></span> <span class='ocrx_word' id='word_1_601' title='bbox 2755 3966 2923 4038; x_wconf 82' lang='grc' dir='ltr'>αὐτὴν</span> <span class='ocrx_word' id='word_1_602' title='bbox 2944 4007 2961 4034; x_wconf 93' lang='grc'><strong>,</strong></span> <span class='ocrx_word' id='word_1_603' title='bbox 2995 3969 3233 4040; x_wconf 76' lang='grc' dir='ltr'>Ψάλμω</span> <span class='ocrx_word' id='word_1_604' title='bbox 3263 3973 3367 4027; x_wconf 87' lang='grc' dir='ltr'><strong>τοῦ</strong></span> <span class='ocrx_word' id='word_1_605' title='bbox 3393 3971 3571 4039; x_wconf 78' lang='grc' dir='ltr'>Δαυὶδ,</span> <span class='ocrx_word' id='word_1_606' title='bbox 3592 3968 3745 4023; x_wconf 76' lang='grc' dir='ltr'>λεκτέον</span> 
     </span>
    </p>
   </div>
   <div class='ocr_carea' id='block_1_89' title="bbox 2263 4050 3745 4138">
    <p class='ocr_par' dir='ltr' id='par_1_89' title="bbox 2263 4050 3745 4138">
     <span class='ocr_line' id='line_1_91' title="bbox 2263 4050 3745 4138; baseline 0.004 -34"><span class='ocrx_word' id='word_1_607' title='bbox 2263 4050 2332 4105; x_wconf 80' lang='grc' dir='ltr'>τὰ</span> <span class='ocrx_word' id='word_1_608' title='bbox 2366 4054 2445 4116; x_wconf 87' lang='grc' dir='ltr'><strong>είς</strong></span> <span class='ocrx_word' id='word_1_609' title='bbox 2491 4053 2637 4126; x_wconf 78' lang='grc' dir='ltr'>ἡμᾶς</span> <span class='ocrx_word' id='word_1_610' title='bbox 2664 4055 2956 4127; x_wconf 76' lang='grc' dir='ltr'>ἐληλυθότα</span> <span class='ocrx_word' id='word_1_611' title='bbox 2998 4064 3127 4133; x_wconf 75' lang='grc' dir='ltr'>περὶ</span> <span class='ocrx_word' id='word_1_612' title='bbox 3156 4066 3340 4138; x_wconf 77' lang='grc' dir='ltr'>αὐτῆς.</span> <span class='ocrx_word' id='word_1_613' title='bbox 3379 4066 3590 4136; x_wconf 76' lang='grc' dir='ltr'>Ἑϐραῖοι</span> <span class='ocrx_word' id='word_1_614' title='bbox 3616 4059 3745 4130; x_wconf 83' lang='grc' dir='ltr'>περιέ-</span> 
     </span>
    </p>
   </div>
   <div class='ocr_carea' id='block_1_90' title="bbox 2256 4147 3745 4227">
    <p class='ocr_par' dir='ltr' id='par_1_90' title="bbox 2256 4147 3745 4227">
     <span class='ocr_line' id='line_1_92' title="bbox 2256 4147 3745 4227; baseline -0.001 -25"><span class='ocrx_word' id='word_1_615' title='bbox 2256 4147 2479 4219; x_wconf 72' lang='grc' dir='ltr'><strong>⁴γραιιιαν</strong></span> <span class='ocrx_word' id='word_1_616' title='bbox 2496 4149 2596 4220; x_wconf 87' lang='grc' dir='ltr'>τὴν</span> <span class='ocrx_word' id='word_1_617' title='bbox 2620 4147 2799 4219; x_wconf 79' lang='grc' dir='ltr'>βίϐλον</span> <span class='ocrx_word' id='word_1_618' title='bbox 2822 4153 3020 4222; x_wconf 67' lang='grc' dir='ltr'>Σεφρὰ</span> <span class='ocrx_word' id='word_1_619' title='bbox 3034 4157 3267 4227; x_wconf 70' lang='grc' dir='ltr'>Θελείμ,</span> <span class='ocrx_word' id='word_1_620' title='bbox 3295 4158 3425 4211; x_wconf 26' lang='grc' dir='ltr'>ὲνγδὲ</span> <span class='ocrx_word' id='word_1_621' title='bbox 3450 4159 3559 4221; x_wconf 80' lang='grc' dir='ltr'>ταῖς</span> <span class='ocrx_word' id='word_1_622' title='bbox 3575 4154 3745 4227; x_wconf 74' lang='grc' dir='ltr'>Πρὰξεςι</span> 
     </span>
    </p>
   </div>
   <div class='ocr_carea' id='block_1_91' title="bbox 2262 4238 3745 4319">
    <p class='ocr_par' dir='ltr' id='par_1_91' title="bbox 2262 4238 3745 4319">
     <span class='ocr_line' id='line_1_93' title="bbox 2262 4238 3745 4319; baseline 0.005 -28"><span class='ocrx_word' id='word_1_623' title='bbox 2262 4238 2374 4293; x_wconf 84' lang='grc' dir='ltr'><strong>τῶν</strong></span> <span class='ocrx_word' id='word_1_624' title='bbox 2425 4240 2739 4295; x_wconf 81' lang='grc' dir='ltr'>ἀποστόλων</span> <span class='ocrx_word' id='word_1_625' title='bbox 2757 4282 2774 4310; x_wconf 88' lang='grc'><strong>,</strong></span> <span class='ocrx_word' id='word_1_626' title='bbox 2816 4245 3035 4316; x_wconf 76' lang='grc' dir='ltr'>,ϐίϐλος</span> <span class='ocrx_word' id='word_1_627' title='bbox 3099 4248 3366 4319; x_wconf 70' lang='grc' dir='ltr'>Ψαλμῶν</span> <span class='ocrx_word' id='word_1_628' title='bbox 3418 4247 3547 4303; x_wconf 78' lang='grc' dir='ltr'>εἶναι</span> <span class='ocrx_word' id='word_1_629' title='bbox 3594 4247 3745 4314; x_wconf 69' lang='grc' dir='ltr'>λέγεται</span> 
     </span>
    </p>
   </div>
   <div class='ocr_carea' id='block_1_92' title="bbox 2266 4326 3747 4412">
    <p class='ocr_par' dir='ltr' id='par_1_92' title="bbox 2266 4326 3747 4412">
     <span class='ocr_line' id='line_1_94' title="bbox 2266 4326 3747 4412; baseline 0.011 -32"><span class='ocrx_word' id='word_1_630' title='bbox 2266 4326 2286 4400; x_wconf 95' lang='grc'>(</span> <span class='ocrx_word' id='word_1_631' title='bbox 2306 4327 2419 4401; x_wconf 80' lang='grc' dir='ltr'>ἔχει</span> <span class='ocrx_word' id='word_1_632' title='bbox 2450 4330 2507 4383; x_wconf 81' lang='grc' dir='ltr'>δὲ</span> <span class='ocrx_word' id='word_1_633' title='bbox 2536 4332 2569 4403; x_wconf 81' lang='grc' dir='ltr'><strong>ἡ</strong></span> <span class='ocrx_word' id='word_1_634' title='bbox 2611 4332 2755 4399; x_wconf 82' lang='grc' dir='ltr'>λέξις</span> <span class='ocrx_word' id='word_1_635' title='bbox 2782 4334 2984 4401; x_wconf 82' lang='grc' dir='ltr'>οὕτως·</span> <span class='ocrx_word' id='word_1_636' title='bbox 3029 4338 3126 4407; x_wconf 81' lang='grc' dir='ltr'>Ὠς</span> <span class='ocrx_word' id='word_1_637' title='bbox 3166 4341 3479 4412; x_wconf 67' lang='grc' dir='ltr'>τέτραπται</span> <span class='ocrx_word' id='word_1_638' title='bbox 3520 4340 3581 4393; x_wconf 79' lang='grc' dir='ltr'><strong>ὲν</strong></span> <span class='ocrx_word' id='word_1_639' title='bbox 3609 4337 3747 4403; x_wconf 74' lang='grc' dir='ltr'><strong>,ϐΐίοιφ</strong></span> 
     </span>
    </p>
   </div>
   <div class='ocr_carea' id='block_1_93' title="bbox 2262 4418 3746 4507">
    <p class='ocr_par' dir='ltr' id='par_1_93' title="bbox 2262 4418 3746 4507">
     <span class='ocr_line' id='line_1_95' title="bbox 2262 4418 3746 4507; baseline 0.005 -34"><span class='ocrx_word' id='word_1_640' title='bbox 2262 4418 2383 4474; x_wconf 81' lang='grc' dir='ltr'>τῶν</span> <span class='ocrx_word' id='word_1_641' title='bbox 2417 4424 2735 4497; x_wconf 77' lang='grc' dir='ltr'><strong>Ψαλμῶν),</strong></span> <span class='ocrx_word' id='word_1_642' title='bbox 2783 4427 2955 4501; x_wconf 73' lang='grc' dir='ltr'>ὄνομα</span> <span class='ocrx_word' id='word_1_643' title='bbox 2984 4430 3041 4484; x_wconf 86' lang='grc' dir='ltr'>δὲ</span> <span class='ocrx_word' id='word_1_644' title='bbox 3081 4433 3141 4485; x_wconf 78' lang='grc' dir='ltr'><strong>εν</strong></span> <span class='ocrx_word' id='word_1_645' title='bbox 3185 4436 3254 4506; x_wconf 79' lang='grc' dir='ltr'><strong>τῇ</strong></span> <span class='ocrx_word' id='word_1_646' title='bbox 3288 4434 3548 4507; x_wconf 75' lang='grc' dir='ltr'>ἐπιγραφῇ</span> <span class='ocrx_word' id='word_1_647' title='bbox 3584 4427 3657 4483; x_wconf 80' lang='grc' dir='ltr'>τοῦ</span> <span class='ocrx_word' id='word_1_648' title='bbox 3692 4426 3746 4495; x_wconf 80' lang='grc' dir='ltr'>βι-</span> 
     </span>
    </p>
   </div>
   <div class='ocr_carea' id='block_1_94' title="bbox 2265 4507 3746 4593">
    <p class='ocr_par' dir='ltr' id='par_1_94' title="bbox 2265 4507 3746 4593">
     <span class='ocr_line' id='line_1_96' title="bbox 2265 4507 3746 4593; baseline 0.007 -30"><span class='ocrx_word' id='word_1_649' title='bbox 2265 4507 2436 4580; x_wconf 74' lang='grc' dir='ltr'>ϐλίου,</span> <span class='ocrx_word' id='word_1_650' title='bbox 2471 4513 2533 4567; x_wconf 84' lang='grc' dir='ltr'>οὐ</span> <span class='ocrx_word' id='word_1_651' title='bbox 2562 4516 2737 4571; x_wconf 83' lang='grc' dir='ltr'>κεῖται</span> <span class='ocrx_word' id='word_1_652' title='bbox 2797 4518 3031 4573; x_wconf 79' lang='grc' dir='ltr'>ἐνταῦθα</span> <span class='ocrx_word' id='word_1_653' title='bbox 3054 4538 3069 4552; x_wconf 77' lang='grc' dir='ltr'><strong>ο</strong></span> <span class='ocrx_word' id='word_1_654' title='bbox 3102 4522 3135 4593; x_wconf 82' lang='grc' dir='ltr'>ἡ</span> <span class='ocrx_word' id='word_1_655' title='bbox 3181 4522 3241 4576; x_wconf 82' lang='grc' dir='ltr'>δὲ</span> <span class='ocrx_word' id='word_1_656' title='bbox 3281 4523 3424 4577; x_wconf 88' lang='grc' dir='ltr'>αίτία</span> <span class='ocrx_word' id='word_1_657' title='bbox 3445 4561 3460 4586; x_wconf 93' lang='grc'><strong>,</strong></span> <span class='ocrx_word' id='word_1_658' title='bbox 3496 4519 3552 4573; x_wconf 82' lang='grc' dir='ltr'>τὸ</span> <span class='ocrx_word' id='word_1_659' title='bbox 3578 4517 3637 4590; x_wconf 81' lang='grc' dir='ltr'>μὴ</span> <span class='ocrx_word' id='word_1_660' title='bbox 3670 4512 3746 4573; x_wconf 66' lang='lat' dir='ltr'><strong>Mi</strong></span> 
     </span>
    </p>
   </div>
   <div class='ocr_carea' id='block_1_95' title="bbox 2264 4600 3744 4680">
    <p class='ocr_par' dir='ltr' id='par_1_95' title="bbox 2264 4600 3744 4680">
     <span class='ocr_line' id='line_1_97' title="bbox 2264 4600 3744 4680; baseline -0.009 -8"><span class='ocrx_word' id='word_1_661' title='bbox 2264 4600 2455 4671; x_wconf 78' lang='grc' dir='ltr'><strong>λόγους</strong></span> <span class='ocrx_word' id='word_1_662' title='bbox 2479 4605 2892 4679; x_wconf 82' lang='grc' dir='ltr'>ἀναγεγράφθαι</span> <span class='ocrx_word' id='word_1_663' title='bbox 2910 4612 3005 4664; x_wconf 76' lang='grc' dir='ltr'><strong>ἐπὶ</strong></span> <span class='ocrx_word' id='word_1_664' title='bbox 3032 4611 3210 4680; x_wconf 84' lang='grc' dir='ltr'>τοῦτο,</span> <span class='ocrx_word' id='word_1_665' title='bbox 3244 4614 3378 4668; x_wconf 73' lang='grc' dir='ltr'>ἀλλὰ</span> <span class='ocrx_word' id='word_1_666' title='bbox 3413 4611 3638 4666; x_wconf 84' lang='grc' dir='ltr'>πλειόνων</span> <span class='ocrx_word' id='word_1_667' title='bbox 3660 4620 3744 4659; x_wconf 80' lang='grc' dir='ltr'>συν-</span> 
     </span>
    </p>
   </div>
   <div class='ocr_carea' id='block_1_96' title="bbox 2266 4692 3746 4775">
    <p class='ocr_par' dir='ltr' id='par_1_96' title="bbox 2266 4692 3746 4775">
     <span class='ocr_line' id='line_1_98' title="bbox 2266 4692 3746 4775; baseline 0.005 -29"><span class='ocrx_word' id='word_1_668' title='bbox 2266 4693 2525 4765; x_wconf 81' lang='grc' dir='ltr'>ειλέχθαι,</span> <span class='ocrx_word' id='word_1_669' title='bbox 2553 4696 2647 4751; x_wconf 79' lang='grc' dir='ltr'>τοῦ</span> <span class='ocrx_word' id='word_1_670' title='bbox 2680 4700 2903 4772; x_wconf 84' lang='grc' dir='ltr'>Ἔσδρα,</span> <span class='ocrx_word' id='word_1_671' title='bbox 2931 4702 3006 4765; x_wconf 82' lang='grc' dir='ltr'><strong>ὡς</strong></span> <span class='ocrx_word' id='word_1_672' title='bbox 3031 4705 3086 4757; x_wconf 84' lang='grc' dir='ltr'>αἱ</span> <span class='ocrx_word' id='word_1_673' title='bbox 3119 4703 3438 4775; x_wconf 82' lang='grc' dir='ltr'>παραδόσεις</span> <span class='ocrx_word' id='word_1_674' title='bbox 3468 4702 3624 4773; x_wconf 80' lang='grc' dir='ltr'>φασὶν,</span> <span class='ocrx_word' id='word_1_675' title='bbox 3653 4692 3746 4767; x_wconf 70' lang='grc' dir='ltr'>μετά</span> 
     </span>
    </p>
   </div>
   <div class='ocr_carea' id='block_1_97' title="bbox 2264 4786 3746 4869">
    <p class='ocr_par' dir='ltr' id='par_1_97' title="bbox 2264 4786 3746 4869">
     <span class='ocr_line' id='line_1_99' title="bbox 2264 4786 3746 4869; baseline -0.003 -30"><span class='ocrx_word' id='word_1_676' title='bbox 2264 4786 2365 4857; x_wconf 81' lang='grc' dir='ltr'><strong>τὴν</strong></span> <span class='ocrx_word' id='word_1_677' title='bbox 2405 4789 2777 4861; x_wconf 81' lang='grc' dir='ltr'>αἰχμαλωσίαν</span> <span class='ocrx_word' id='word_1_678' title='bbox 2823 4796 3218 4865; x_wconf 81' lang='grc' dir='ltr'>συναγαγόντος</span> <span class='ocrx_word' id='word_1_679' title='bbox 3261 4797 3501 4869; x_wconf 77' lang='grc' dir='ltr'>ψαλμοὺς</span> <span class='ocrx_word' id='word_1_680' title='bbox 3557 4789 3746 4845; x_wconf 80' lang='grc' dir='ltr'>πλειόνων</span> 
     </span>
    </p>
   </div>
   <div class='ocr_carea' id='block_1_98' title="bbox 2267 4876 3747 4958">
    <p class='ocr_par' dir='ltr' id='par_1_98' title="bbox 2267 4876 3747 4958">
     <span class='ocr_line' id='line_1_100' title="bbox 2267 4876 3747 4958; baseline -0.005 -17"><span class='ocrx_word' id='word_1_681' title='bbox 2267 4877 2346 4941; x_wconf 75' lang='grc' dir='ltr'>εἰς</span> <span class='ocrx_word' id='word_1_682' title='bbox 2368 4876 2448 4944; x_wconf 82' lang='grc' dir='ltr'>ἒν,</span> <span class='ocrx_word' id='word_1_683' title='bbox 2477 4878 2510 4951; x_wconf 81' lang='grc' dir='ltr'>ἢ</span> <span class='ocrx_word' id='word_1_684' title='bbox 2535 4881 2629 4935; x_wconf 79' lang='grc' dir='ltr'><strong>καὶ</strong></span> <span class='ocrx_word' id='word_1_685' title='bbox 2648 4881 2857 4952; x_wconf 84' lang='grc' dir='ltr'>λόγους,</span> <span class='ocrx_word' id='word_1_686' title='bbox 2880 4886 2941 4938; x_wconf 85' lang='grc' dir='ltr'>οὐ</span> <span class='ocrx_word' id='word_1_687' title='bbox 2971 4887 3187 4952; x_wconf 84' lang='grc' dir='ltr'>πάντως</span> <span class='ocrx_word' id='word_1_688' title='bbox 3217 4888 3374 4951; x_wconf 75' lang='grc' dir='ltr'>ὂντας</span> <span class='ocrx_word' id='word_1_689' title='bbox 3399 4882 3633 4958; x_wconf 72' lang='grc' dir='ltr'>ψαλμούς.</span> <span class='ocrx_word' id='word_1_690' title='bbox 3652 4878 3747 4944; x_wconf 76' lang='grc' dir='ltr'>Προ-</span> 
     </span>
    </p>
   </div>
   <div class='ocr_carea' id='block_1_99' title="bbox 2267 4962 3746 5049">
    <p class='ocr_par' dir='ltr' id='par_1_99' title="bbox 2267 4962 3746 5049">
     <span class='ocr_line' id='line_1_101' title="bbox 2267 4962 3746 5049; baseline 0.005 -28"><span class='ocrx_word' id='word_1_691' title='bbox 2267 4969 2527 5025; x_wconf 84' lang='grc' dir='ltr'>τέτακται</span> <span class='ocrx_word' id='word_1_692' title='bbox 2560 4973 2689 5042; x_wconf 78' lang='grc' dir='ltr'>γοῦν</span> <span class='ocrx_word' id='word_1_693' title='bbox 2735 4976 2831 5029; x_wconf 77' lang='grc' dir='ltr'><strong>ἐπὶ</strong></span> <span class='ocrx_word' id='word_1_694' title='bbox 2883 4978 2979 5049; x_wconf 84' lang='grc' dir='ltr'><strong>μὲν</strong></span> <span class='ocrx_word' id='word_1_695' title='bbox 3009 4979 3169 5034; x_wconf 88' lang='grc' dir='ltr'>τινῶν</span> <span class='ocrx_word' id='word_1_696' title='bbox 3199 4980 3258 5033; x_wconf 88' lang='grc' dir='ltr'>τὸ</span> <span class='ocrx_word' id='word_1_697' title='bbox 3301 4979 3459 5033; x_wconf 79' lang='grc' dir='ltr'>Δαυὶδ</span> <span class='ocrx_word' id='word_1_698' title='bbox 3496 4976 3651 5045; x_wconf 74' lang='grc' dir='ltr'>ὄνομα,</span> <span class='ocrx_word' id='word_1_699' title='bbox 3681 4962 3746 5018; x_wconf 65' lang='grc' dir='ltr'><strong>ἐπὶ</strong></span> 
     </span>
    </p>
   </div>
   <div class='ocr_carea' id='block_1_100' title="bbox 2265 5059 3745 5139">
    <p class='ocr_par' dir='ltr' id='par_1_100' title="bbox 2265 5059 3745 5139">
     <span class='ocr_line' id='line_1_102' title="bbox 2265 5059 3745 5139; baseline 0.007 -26"><span class='ocrx_word' id='word_1_700' title='bbox 2265 5060 2322 5113; x_wconf 83' lang='grc' dir='ltr'>δὲ</span> <span class='ocrx_word' id='word_1_701' title='bbox 2344 5062 2543 5132; x_wconf 80' lang='grc' dir='ltr'>ἑτέρων</span> <span class='ocrx_word' id='word_1_702' title='bbox 2570 5064 2630 5118; x_wconf 78' lang='grc' dir='ltr'>τὸ</span> <span class='ocrx_word' id='word_1_703' title='bbox 2658 5066 3000 5139; x_wconf 82' lang='grc' dir='ltr'>Σολομῶντος</span> <span class='ocrx_word' id='word_1_704' title='bbox 3016 5109 3032 5135; x_wconf 92' lang='grc'><strong>,</strong></span> <span class='ocrx_word' id='word_1_705' title='bbox 3066 5072 3159 5125; x_wconf 73' lang='grc' dir='ltr'><strong>καὶ</strong></span> <span class='ocrx_word' id='word_1_706' title='bbox 3184 5071 3274 5125; x_wconf 72' lang='grc' dir='ltr'><strong>ἐπὶ</strong></span> <span class='ocrx_word' id='word_1_707' title='bbox 3294 5071 3461 5127; x_wconf 79' lang='grc' dir='ltr'>ἄλλων</span> <span class='ocrx_word' id='word_1_708' title='bbox 3495 5065 3576 5121; x_wconf 77' lang='grc' dir='ltr'><strong>τοῦ</strong></span> <span class='ocrx_word' id='word_1_709' title='bbox 3608 5059 3745 5123; x_wconf 65' lang='grc' dir='ltr'><strong>’Δσάἲο</strong></span> 
     </span>
    </p>
   </div>
   <div class='ocr_carea' id='block_1_101' title="bbox 603 5138 2181 5235">
    <p class='ocr_par' dir='ltr' id='par_1_101' title="bbox 603 5138 2164 5214">
     <span class='ocr_line' id='line_1_103' title="bbox 603 5138 2164 5214; baseline 0.004 -22"><span class='ocrx_word' id='word_1_710' title='bbox 603 5138 811 5210; x_wconf 83' lang='lat' dir='ltr'><strong>Asaph.</strong></span> <span class='ocrx_word' id='word_1_711' title='bbox 845 5138 984 5195; x_wconf 84' lang='lat' dir='ltr'><strong>Sunt</strong></span> <span class='ocrx_word' id='word_1_712' title='bbox 1020 5140 1185 5207; x_wconf 81' lang='lat' dir='ltr'><strong>etiam</strong></span> <span class='ocrx_word' id='word_1_713' title='bbox 1230 5138 1467 5196; x_wconf 85' lang='lat' dir='ltr'><strong>ldithum</strong></span> <span class='ocrx_word' id='word_1_714' title='bbox 1498 5143 1719 5213; x_wconf 87' lang='lat' dir='ltr'><strong>quidam</strong></span> <span class='ocrx_word' id='word_1_715' title='bbox 1740 5185 1759 5209; x_wconf 91' lang='lat'><strong>,</strong></span> <span class='ocrx_word' id='word_1_716' title='bbox 1795 5153 2164 5214; x_wconf 63' lang='lat' dir='ltr'><strong>praetereaque</strong></span> 
     </span>
    </p>
   </div>
   <div class='ocr_carea' id='block_1_102' title="bbox 2264 5138 3746 5235">
    <p class='ocr_par' dir='ltr' id='par_1_102' title="bbox 2268 5138 3746 5235">
     <span class='ocr_line' id='line_1_104' title="bbox 2268 5138 3746 5235; baseline -0.002 -27"><span class='ocrx_word' id='word_1_717' title='bbox 2268 5152 2390 5206; x_wconf 77' lang='grc' dir='ltr'>Εἰσὶ</span> <span class='ocrx_word' id='word_1_718' title='bbox 2419 5153 2477 5207; x_wconf 83' lang='grc' dir='ltr'>δὲ</span> <span class='ocrx_word' id='word_1_719' title='bbox 2524 5157 2618 5210; x_wconf 75' lang='grc' dir='ltr'>καὶ</span> <span class='ocrx_word' id='word_1_720' title='bbox 2659 5157 2755 5211; x_wconf 80' lang='grc' dir='ltr'><strong>τοῦ</strong></span> <span class='ocrx_word' id='word_1_721' title='bbox 2810 5161 3044 5235; x_wconf 80' lang='grc' dir='ltr'>Ἰδιθοὺμ</span> <span class='ocrx_word' id='word_1_722' title='bbox 3081 5165 3243 5229; x_wconf 85' lang='grc' dir='ltr'>τινὲς,</span> <span class='ocrx_word' id='word_1_723' title='bbox 3277 5166 3370 5218; x_wconf 81' lang='grc' dir='ltr'><strong>καὶ</strong></span> <span class='ocrx_word' id='word_1_724' title='bbox 3412 5159 3547 5233; x_wconf 83' lang='grc' dir='ltr'>παρὰ</span> <span class='ocrx_word' id='word_1_725' title='bbox 3585 5152 3746 5235; x_wconf 52' lang='grc' dir='ltr'>τούτοκ</span> 
     </span>
    </p>
   </div>
   <div class='ocr_carea' id='block_1_103' title="bbox 601 5230 2181 5324">
    <p class='ocr_par' dir='ltr' id='par_1_103' title="bbox 601 5230 2164 5304">
     <span class='ocr_line' id='line_1_105' title="bbox 601 5230 2164 5304; baseline 0.004 -18"><span class='ocrx_word' id='word_1_726' title='bbox 601 5231 698 5286; x_wconf 85' lang='lat' dir='ltr'><strong>alii</strong></span> <span class='ocrx_word' id='word_1_727' title='bbox 744 5231 980 5286; x_wconf 88' lang='lat' dir='ltr'><strong>filiorum</strong></span> <span class='ocrx_word' id='word_1_728' title='bbox 1019 5230 1181 5300; x_wconf 86' lang='lat' dir='ltr'><strong>Core,</strong></span> <span class='ocrx_word' id='word_1_729' title='bbox 1216 5233 1676 5304; x_wconf 88' lang='lat' dir='ltr'><strong>quemadmodum</strong></span> <span class='ocrx_word' id='word_1_730' title='bbox 1719 5244 1773 5289; x_wconf 90' lang='lat' dir='ltr'><strong>et</strong></span> <span class='ocrx_word' id='word_1_731' title='bbox 1813 5234 1994 5291; x_wconf 82' lang='lat' dir='ltr'><strong>Mosis.</strong></span> <span class='ocrx_word' id='word_1_732' title='bbox 2028 5235 2164 5293; x_wconf 87' lang='lat' dir='ltr'><strong>Tam</strong></span> 
     </span>
    </p>
   </div>
   <div class='ocr_carea' id='block_1_104' title="bbox 2264 5230 3746 5324">
    <p class='ocr_par' dir='ltr' id='par_1_104' title="bbox 2269 5230 3746 5324">
     <span class='ocr_line' id='line_1_106' title="bbox 2269 5230 3746 5324; baseline -0.001 -24"><span class='ocrx_word' id='word_1_733' title='bbox 2269 5243 2417 5300; x_wconf 79' lang='grc' dir='ltr'>ἄλλοι</span> <span class='ocrx_word' id='word_1_734' title='bbox 2444 5245 2710 5317; x_wconf 44' lang='grc' dir='ltr'>τῶνηυίῶν</span> <span class='ocrx_word' id='word_1_735' title='bbox 2754 5252 2933 5324; x_wconf 81' lang='grc' dir='ltr'>Κορὲ,</span> <span class='ocrx_word' id='word_1_736' title='bbox 2963 5230 3040 5319; x_wconf 80' lang='grc' dir='ltr'><strong>ὡς</strong></span> <span class='ocrx_word' id='word_1_737' title='bbox 3087 5256 3181 5309; x_wconf 81' lang='grc' dir='ltr'><strong>καὶ</strong></span> <span class='ocrx_word' id='word_1_738' title='bbox 3232 5230 3515 5318; x_wconf 77' lang='grc' dir='ltr'>Μωῡσέως.</span> <span class='ocrx_word' id='word_1_739' title='bbox 3556 5246 3652 5304; x_wconf 84' lang='grc' dir='ltr'>Τῶν</span> <span class='ocrx_word' id='word_1_740' title='bbox 3682 5233 3746 5293; x_wconf 72' lang='grc' dir='ltr'><strong>οὖν</strong></span> 
     </span>
    </p>
   </div>
   <div class='ocr_carea' id='block_1_105' title="bbox 603 5319 2164 5396">
    <p class='ocr_par' dir='ltr' id='par_1_105' title="bbox 603 5319 2164 5396">
     <span class='ocr_line' id='line_1_107' title="bbox 603 5319 2164 5396; baseline 0.005 -21"><span class='ocrx_word' id='word_1_741' title='bbox 603 5319 791 5392; x_wconf 86' lang='lat' dir='ltr'><strong>itaque</strong></span> <span class='ocrx_word' id='word_1_742' title='bbox 819 5324 1113 5380; x_wconf 86' lang='lat' dir='ltr'><strong>multorum</strong></span> <span class='ocrx_word' id='word_1_743' title='bbox 1136 5324 1190 5378; x_wconf 90' lang='lat' dir='ltr'><strong>in</strong></span> <span class='ocrx_word' id='word_1_744' title='bbox 1215 5340 1381 5379; x_wconf 90' lang='lat' dir='ltr'><strong>unum</strong></span> <span class='ocrx_word' id='word_1_745' title='bbox 1404 5339 1603 5396; x_wconf 90' lang='lat' dir='ltr'><strong>corpus</strong></span> <span class='ocrx_word' id='word_1_746' title='bbox 1632 5326 1835 5381; x_wconf 90' lang='lat' dir='ltr'><strong>redacti</strong></span> <span class='ocrx_word' id='word_1_747' title='bbox 1858 5341 2164 5395; x_wconf 89' lang='lat' dir='ltr'><strong>sermones,</strong></span> 
     </span>
    </p>
   </div>
   <div class='ocr_carea' id='block_1_106' title="bbox 603 5416 2167 5489">
    <p class='ocr_par' dir='ltr' id='par_1_106' title="bbox 603 5416 2167 5489">
     <span class='ocr_line' id='line_1_108' title="bbox 603 5416 2167 5489; baseline 0.006 -22"><span class='ocrx_word' id='word_1_748' title='bbox 603 5427 717 5469; x_wconf 85' lang='lat' dir='ltr'><strong>non</strong></span> <span class='ocrx_word' id='word_1_749' title='bbox 771 5417 961 5489; x_wconf 87' lang='lat' dir='ltr'><strong>utique</strong></span> <span class='ocrx_word' id='word_1_750' title='bbox 1013 5418 1081 5474; x_wconf 85' lang='lat' dir='ltr'><strong>ab</strong></span> <span class='ocrx_word' id='word_1_751' title='bbox 1110 5416 1324 5473; x_wconf 89' lang='lat' dir='ltr'><strong>erudito</strong></span> <span class='ocrx_word' id='word_1_752' title='bbox 1371 5417 1535 5475; x_wconf 88' lang='lat' dir='ltr'><strong>unius</strong></span> <span class='ocrx_word' id='word_1_753' title='bbox 1578 5417 1801 5477; x_wconf 87' lang='lat' dir='ltr'><strong>Davidis</strong></span> <span class='ocrx_word' id='word_1_754' title='bbox 1847 5434 1971 5477; x_wconf 87' lang='lat' dir='ltr'><strong>esse</strong></span> <span class='ocrx_word' id='word_1_755' title='bbox 2020 5420 2167 5478; x_wconf 89' lang='lat' dir='ltr'><strong>dice-</strong></span> 
     </span>
    </p>
   </div>
   <div class='ocr_carea' id='block_1_107' title="bbox 605 5512 817 5561">
    <p class='ocr_par' dir='ltr' id='par_1_107' title="bbox 605 5512 817 5561">
     <span class='ocr_line' id='line_1_109' title="bbox 605 5512 817 5561; baseline 0.014 -3"><span class='ocrx_word' id='word_1_756' title='bbox 605 5512 817 5561; x_wconf 80' lang='lat' dir='ltr'><strong>rentur.</strong></span> 
     </span>
    </p>
   </div>
   <div class='ocr_carea' id='block_1_108' title="bbox 678 5594 2168 5677">
    <p class='ocr_par' dir='ltr' id='par_1_108' title="bbox 678 5594 2168 5677">
     <span class='ocr_line' id='line_1_110' title="bbox 678 5594 2168 5677; baseline 0.007 -28"><span class='ocrx_word' id='word_1_757' title='bbox 678 5594 746 5651; x_wconf 86' lang='lat' dir='ltr'><strong>Il.</strong></span> <span class='ocrx_word' id='word_1_758' title='bbox 787 5596 864 5652; x_wconf 89' lang='lat' dir='ltr'><strong>De</strong></span> <span class='ocrx_word' id='word_1_759' title='bbox 895 5597 983 5654; x_wconf 86' lang='lat' dir='ltr'><strong>his</strong></span> <span class='ocrx_word' id='word_1_760' title='bbox 1017 5613 1148 5655; x_wconf 77' lang='lat' dir='ltr'><strong>vero</strong></span> <span class='ocrx_word' id='word_1_761' title='bbox 1173 5599 1269 5672; x_wconf 89' lang='lat' dir='ltr'><strong>qui</strong></span> <span class='ocrx_word' id='word_1_762' title='bbox 1316 5601 1473 5658; x_wconf 89' lang='lat' dir='ltr'><strong>titulo</strong></span> <span class='ocrx_word' id='word_1_763' title='bbox 1517 5612 1736 5672; x_wconf 87' lang='lat' dir='ltr'><strong>carent,</strong></span> <span class='ocrx_word' id='word_1_764' title='bbox 1781 5603 2168 5677; x_wconf 88' lang='lat' dir='ltr'><strong>inquirendum</strong></span> 
     </span>
    </p>
   </div>
   <div class='ocr_carea' id='block_1_109' title="bbox 606 5684 2167 5789">
    <p class='ocr_par' dir='ltr' id='par_1_109' title="bbox 606 5684 2167 5765">
     <span class='ocr_line' id='line_1_111' title="bbox 606 5684 2167 5765; baseline 0.009 -25"><span class='ocrx_word' id='word_1_765' title='bbox 606 5684 828 5741; x_wconf 82' lang='lat' dir='ltr'><strong>cuinam</strong></span> <span class='ocrx_word' id='word_1_766' title='bbox 851 5701 946 5747; x_wconf 87' lang='lat' dir='ltr'><strong>eos</strong></span> <span class='ocrx_word' id='word_1_767' title='bbox 968 5689 1239 5752; x_wconf 77' lang='lat' dir='ltr'><strong>ascribere</strong></span> <span class='ocrx_word' id='word_1_768' title='bbox 1263 5702 1549 5765; x_wconf 89' lang='lat' dir='ltr'><strong>oporteat:</strong></span> <span class='ocrx_word' id='word_1_769' title='bbox 1590 5711 1752 5756; x_wconf 89' lang='lat' dir='ltr'><strong>eccur</strong></span> <span class='ocrx_word' id='word_1_770' title='bbox 1787 5698 1934 5757; x_wconf 89' lang='lat' dir='ltr'><strong>enim</strong></span> <span class='ocrx_word' id='word_1_771' title='bbox 1957 5696 2026 5759; x_wconf 88' lang='lat' dir='ltr'><strong>iis</strong></span> <span class='ocrx_word' id='word_1_772' title='bbox 2055 5713 2167 5757; x_wconf 88' lang='lat' dir='ltr'><strong>non</strong></span> 
     </span>
    </p>
   </div>
   <div class='ocr_carea' id='block_1_110' title="bbox 2268 5330 3745 5419">
    <p class='ocr_par' dir='ltr' id='par_1_110' title="bbox 2268 5330 3745 5419">
     <span class='ocr_line' id='line_1_112' title="bbox 2268 5330 3745 5419; baseline 0.003 -30"><span class='ocrx_word' id='word_1_773' title='bbox 2268 5337 2536 5393; x_wconf 81' lang='grc' dir='ltr'><strong>τοσούτων</strong></span> <span class='ocrx_word' id='word_1_774' title='bbox 2566 5340 2659 5394; x_wconf 77' lang='grc' dir='ltr'><strong>ἐπὶ</strong></span> <span class='ocrx_word' id='word_1_775' title='bbox 2698 5342 2760 5396; x_wconf 84' lang='grc' dir='ltr'>τὸ</span> <span class='ocrx_word' id='word_1_776' title='bbox 2796 5345 2927 5398; x_wconf 81' lang='grc' dir='ltr'>αὐτὸ</span> <span class='ocrx_word' id='word_1_777' title='bbox 2957 5348 3303 5419; x_wconf 83' lang='grc' dir='ltr'>συναχθέντες</span> <span class='ocrx_word' id='word_1_778' title='bbox 3334 5349 3383 5401; x_wconf 80' lang='grc' dir='ltr'>οἱ</span> <span class='ocrx_word' id='word_1_779' title='bbox 3421 5346 3571 5413; x_wconf 84' lang='grc' dir='ltr'>λόγοι,</span> <span class='ocrx_word' id='word_1_780' title='bbox 3602 5337 3679 5391; x_wconf 72' lang='grc' dir='ltr'><strong>οὐκ</strong></span> <span class='ocrx_word' id='word_1_781' title='bbox 3699 5330 3745 5384; x_wconf 71' lang='grc' dir='ltr'><strong>ἀν</strong></span> 
     </span>
    </p>
   </div>
   <div class='ocr_carea' id='block_1_111' title="bbox 2272 5427 3499 5511">
    <p class='ocr_par' dir='ltr' id='par_1_111' title="bbox 2272 5427 3499 5511">
     <span class='ocr_line' id='line_1_113' title="bbox 2272 5427 3499 5511; baseline 0.007 -30"><span class='ocrx_word' id='word_1_782' title='bbox 2272 5427 2378 5483; x_wconf 82' lang='grc' dir='ltr'><strong>ὑπὸ</strong></span> <span class='ocrx_word' id='word_1_783' title='bbox 2399 5429 2495 5484; x_wconf 82' lang='grc' dir='ltr'><strong>τοῦ</strong></span> <span class='ocrx_word' id='word_1_784' title='bbox 2516 5431 2715 5498; x_wconf 80' lang='grc' dir='ltr'>εἰδότος</span> <span class='ocrx_word' id='word_1_785' title='bbox 2743 5433 3177 5511; x_wconf 85' lang='grc' dir='ltr'>λέγοιντο-μόνου</span> <span class='ocrx_word' id='word_1_786' title='bbox 3208 5438 3301 5494; x_wconf 80' lang='grc' dir='ltr'>τοῦ</span> <span class='ocrx_word' id='word_1_787' title='bbox 3330 5436 3499 5493; x_wconf 88' lang='grc' dir='ltr'>Δαυίδ.</span> 
     </span>
    </p>
   </div>
   <div class='ocr_carea' id='block_1_112' title="bbox 2340 5596 3743 5687">
    <p class='ocr_par' dir='ltr' id='par_1_112' title="bbox 2340 5596 3743 5687">
     <span class='ocr_line' id='line_1_114' title="bbox 2340 5596 3743 5687; baseline 0 -23"><span class='ocrx_word' id='word_1_788' title='bbox 2340 5609 2415 5664; x_wconf 90' lang='lat' dir='ltr'><strong>B&#39;.</strong></span> <span class='ocrx_word' id='word_1_789' title='bbox 2469 5611 2735 5684; x_wconf 83' lang='grc' dir='ltr'><strong>Ζητητέον</strong></span> <span class='ocrx_word' id='word_1_790' title='bbox 2779 5613 2837 5668; x_wconf 78' lang='grc' dir='ltr'>δὲ</span> <span class='ocrx_word' id='word_1_791' title='bbox 2887 5617 3016 5687; x_wconf 81' lang='grc' dir='ltr'>περὶ</span> <span class='ocrx_word' id='word_1_792' title='bbox 3058 5617 3168 5672; x_wconf 87' lang='grc' dir='ltr'><strong>τῶν</strong></span> <span class='ocrx_word' id='word_1_793' title='bbox 3224 5613 3603 5686; x_wconf 68' lang='grc' dir='ltr'>ἀνεπιγράφων,</span> <span class='ocrx_word' id='word_1_794' title='bbox 3642 5596 3743 5657; x_wconf 69' lang='grc' dir='ltr'>τινδ(</span> 
     </span>
    </p>
   </div>
   <div class='ocr_carea' id='block_1_113' title="bbox 2271 5690 3742 5784">
    <p class='ocr_par' dir='ltr' id='par_1_113' title="bbox 2271 5690 3742 5784">
     <span class='ocr_line' id='line_1_115' title="bbox 2271 5690 3742 5784; baseline -0.001 -27"><span class='ocrx_word' id='word_1_795' title='bbox 2271 5703 2465 5768; x_wconf 81' lang='grc' dir='ltr'>αὐτοὺς</span> <span class='ocrx_word' id='word_1_796' title='bbox 2493 5704 2598 5776; x_wconf 81' lang='grc' dir='ltr'>χρὴ</span> <span class='ocrx_word' id='word_1_797' title='bbox 2626 5706 2896 5762; x_wconf 69' lang='grc' dir='ltr'>ὑπονοεῖν*</span> <span class='ocrx_word' id='word_1_798' title='bbox 2943 5708 3083 5764; x_wconf 83' lang='grc' dir='ltr'>διατί</span> <span class='ocrx_word' id='word_1_799' title='bbox 3112 5709 3222 5784; x_wconf 85' lang='grc' dir='ltr'><strong>γὰρ</strong></span> <span class='ocrx_word' id='word_1_800' title='bbox 3249 5712 3299 5767; x_wconf 85' lang='grc' dir='ltr'><strong>κ’</strong></span> <span class='ocrx_word' id='word_1_801' title='bbox 3330 5707 3446 5779; x_wconf 62' lang='lat' dir='ltr'><strong>avi)</strong></span> <span class='ocrx_word' id='word_1_802' title='bbox 3474 5690 3742 5760; x_wconf 71' lang='grc' dir='ltr'><strong>ἁπλουστάτη</strong></span> 
     </span>
    </p>
   </div>
  </div>
