  <div class='ocr_page' id='page_1' title='image "/cluster/home/n/w/nwhite01/storage/ocr_20150623/10/hvd.32044073501330/376.png"; bbox 0 0 3860 6200; ppageno 0'>
   <div class='ocr_carea' id='block_1_1' title="bbox 170 267 250 321">
    <p class='ocr_par' dir='ltr' id='par_1_1' title="bbox 170 267 250 321">
     <span class='ocr_line' id='line_1_1' title="bbox 170 267 250 321; baseline -0.013 0"><span class='ocrx_word' id='word_1_1' title='bbox 170 267 250 321; x_wconf 65' lang='grc'><strong>2⁸15</strong></span> 
     </span>
    </p>
   </div>
   <div class='ocr_carea' id='block_1_2' title="bbox 1069 258 2340 319">
    <p class='ocr_par' dir='ltr' id='par_1_2' title="bbox 1069 258 2340 319">
     <span class='ocr_line' id='line_1_2' title="bbox 1069 258 2340 319; baseline 0 -4"><span class='ocrx_word' id='word_1_2' title='bbox 1069 259 1491 319; x_wconf 75' lang='lat' dir='ltr'><strong>FRAGMENTA</strong></span> <span class='ocrx_word' id='word_1_3' title='bbox 1542 258 1769 317; x_wconf 78' lang='lat' dir='ltr'><strong>DUBIA.</strong></span> <span class='ocrx_word' id='word_1_4' title='bbox 1800 290 1872 299; x_wconf 91' lang='lat'><strong>—-</strong></span> <span class='ocrx_word' id='word_1_5' title='bbox 1908 260 1977 316; x_wconf 85' lang='lat' dir='ltr'><strong>IN</strong></span> <span class='ocrx_word' id='word_1_6' title='bbox 2008 259 2340 318; x_wconf 78' lang='lat' dir='ltr'><strong>PSALMOS.</strong></span> 
     </span>
    </p>
   </div>
   <div class='ocr_carea' id='block_1_3' title="bbox 3217 220 3322 318">
    <p class='ocr_par' dir='ltr' id='par_1_3' title="bbox 3217 220 3322 318">
     <span class='ocr_line' id='line_1_3' title="bbox 3217 220 3322 318; baseline 0 -1"><span class='ocrx_word' id='word_1_7' title='bbox 3217 220 3322 318; x_wconf 47' lang='grc' dir='ltr'><strong>ιιι</strong></span> 
     </span>
    </p>
   </div>
   <div class='ocr_carea' id='block_1_4' title="bbox 167 381 1640 458">
    <p class='ocr_par' dir='ltr' id='par_1_4' title="bbox 167 382 1640 458">
     <span class='ocr_line' id='line_1_4' title="bbox 167 382 1640 458; baseline -0.005 -15"><span class='ocrx_word' id='word_1_8' title='bbox 167 384 400 458; x_wconf 76' lang='grc' dir='ltr'>ἐπιγραφὴ</span> <span class='ocrx_word' id='word_1_9' title='bbox 412 383 472 438; x_wconf 82' lang='grc' dir='ltr'><strong>ού</strong></span> <span class='ocrx_word' id='word_1_10' title='bbox 497 382 780 454; x_wconf 80' lang='grc' dir='ltr'>πρόκειται</span> <span class='ocrx_word' id='word_1_11' title='bbox 809 383 1009 446; x_wconf 73' lang='grc' dir='ltr'>αὐτῶν,</span> <span class='ocrx_word' id='word_1_12' title='bbox 1038 386 1160 455; x_wconf 81' lang='grc' dir='ltr'>ἥτις</span> <span class='ocrx_word' id='word_1_13' title='bbox 1185 384 1355 447; x_wconf 78' lang='grc' dir='ltr'>οὕτως</span> <span class='ocrx_word' id='word_1_14' title='bbox 1384 384 1518 455; x_wconf 77' lang='grc' dir='ltr'>ἔχει,</span> <span class='ocrx_word' id='word_1_15' title='bbox 1554 383 1640 437; x_wconf 76' lang='lat' dir='ltr'><strong>Toi</strong></span> 
     </span>
    </p>
   </div>
   <div class='ocr_carea' id='block_1_5' title="bbox 1742 381 3322 458">
    <p class='ocr_par' dir='ltr' id='par_1_5' title="bbox 1764 381 3322 455">
     <span class='ocr_line' id='line_1_5' title="bbox 1764 381 3322 455; baseline 0.004 -19"><span class='ocrx_word' id='word_1_16' title='bbox 1764 383 2094 452; x_wconf 65' lang='lat' dir='ltr'><strong>praeponitur</strong></span> <span class='ocrx_word' id='word_1_17' title='bbox 2144 383 2227 438; x_wconf 90' lang='lat' dir='ltr'><strong>vel</strong></span> <span class='ocrx_word' id='word_1_18' title='bbox 2276 381 2680 452; x_wconf 81' lang='lat' dir='ltr'><strong>simplicissima</strong></span> <span class='ocrx_word' id='word_1_19' title='bbox 2735 383 3015 455; x_wconf 76' lang='lat' dir='ltr'><strong>inscriptio</strong></span> <span class='ocrx_word' id='word_1_20' title='bbox 3059 384 3112 438; x_wconf 91' lang='lat' dir='ltr'><strong>in</strong></span> <span class='ocrx_word' id='word_1_21' title='bbox 3176 386 3322 442; x_wconf 76' lang='lat' dir='ltr'><strong>hunc</strong></span> 
     </span>
    </p>
   </div>
   <div class='ocr_carea' id='block_1_6' title="bbox 164 475 1664 549">
    <p class='ocr_par' dir='ltr' id='par_1_6' title="bbox 164 475 1664 549">
     <span class='ocr_line' id='line_1_6' title="bbox 164 475 1664 549; baseline -0.001 -18"><span class='ocrx_word' id='word_1_22' title='bbox 164 478 306 536; x_wconf 68' lang='lat' dir='ltr'><strong>mw</strong></span> <span class='ocrx_word' id='word_1_23' title='bbox 325 476 565 545; x_wconf 63' lang='grc' dir='ltr'>ψαλμὸς,</span> <span class='ocrx_word' id='word_1_24' title='bbox 595 476 628 547; x_wconf 77' lang='grc' dir='ltr'>ἢ</span> <span class='ocrx_word' id='word_1_25' title='bbox 666 475 776 530; x_wconf 84' lang='grc' dir='ltr'><strong>Τοῦ</strong></span> <span class='ocrx_word' id='word_1_26' title='bbox 800 475 1000 543; x_wconf 77' lang='grc' dir='ltr'>Δαυὶδ,</span> <span class='ocrx_word' id='word_1_27' title='bbox 1025 478 1194 549; x_wconf 74' lang='grc' dir='ltr'>χωρὶς</span> <span class='ocrx_word' id='word_1_28' title='bbox 1221 478 1402 547; x_wconf 81' lang='grc' dir='ltr'><strong>πάσης</strong></span> <span class='ocrx_word' id='word_1_29' title='bbox 1426 477 1664 549; x_wconf 81' lang='grc' dir='ltr'>προσθή-</span> 
     </span>
    </p>
   </div>
   <div class='ocr_carea' id='block_1_7' title="bbox 164 566 1658 642">
    <p class='ocr_par' dir='ltr' id='par_1_7' title="bbox 164 566 1658 642">
     <span class='ocr_line' id='line_1_7' title="bbox 164 566 1658 642; baseline -0.011 -2"><span class='ocrx_word' id='word_1_30' title='bbox 164 588 268 642; x_wconf 59' lang='grc' dir='ltr'><strong>της</strong></span> <span class='ocrx_word' id='word_1_31' title='bbox 304 567 684 638; x_wconf 79' lang='grc' dir='ltr'>Ὑπενοήσαμεν</span> <span class='ocrx_word' id='word_1_32' title='bbox 728 566 784 621; x_wconf 80' lang='grc' dir='ltr'>δὲ</span> <span class='ocrx_word' id='word_1_33' title='bbox 822 569 956 622; x_wconf 82' lang='grc' dir='ltr'>ὅπου</span> <span class='ocrx_word' id='word_1_34' title='bbox 998 568 1140 640; x_wconf 79' lang='grc' dir='ltr'>αὕτη</span> <span class='ocrx_word' id='word_1_35' title='bbox 1192 569 1325 640; x_wconf 87' lang='grc' dir='ltr'>μόνη</span> <span class='ocrx_word' id='word_1_36' title='bbox 1383 570 1658 640; x_wconf 80' lang='grc' dir='ltr'>ἐπιγραφή</span> 
     </span>
    </p>
   </div>
   <div class='ocr_carea' id='block_1_8' title="bbox 163 658 1656 733">
    <p class='ocr_par' dir='ltr' id='par_1_8' title="bbox 163 658 1656 733">
     <span class='ocr_line' id='line_1_8' title="bbox 163 658 1656 733; baseline -0.002 -16"><span class='ocrx_word' id='word_1_37' title='bbox 163 666 291 727; x_wconf 67' lang='grc' dir='ltr'>ἐστιν,</span> <span class='ocrx_word' id='word_1_38' title='bbox 315 662 386 714; x_wconf 81' lang='grc' dir='ltr'>ὅτι</span> <span class='ocrx_word' id='word_1_39' title='bbox 411 658 529 713; x_wconf 75' lang='grc' dir='ltr'>οὔτε</span> <span class='ocrx_word' id='word_1_40' title='bbox 557 659 767 731; x_wconf 77' lang='grc' dir='ltr'>ψαλμὸς</span> <span class='ocrx_word' id='word_1_41' title='bbox 792 660 909 713; x_wconf 81' lang='grc' dir='ltr'>ἐστι</span> <span class='ocrx_word' id='word_1_42' title='bbox 940 660 1002 714; x_wconf 80' lang='grc' dir='ltr'>τὸ</span> <span class='ocrx_word' id='word_1_43' title='bbox 1030 660 1339 733; x_wconf 86' lang='grc' dir='ltr'>λεγόμενον,</span> <span class='ocrx_word' id='word_1_44' title='bbox 1371 661 1492 714; x_wconf 75' lang='grc' dir='ltr'>οὔτε</span> <span class='ocrx_word' id='word_1_45' title='bbox 1526 662 1656 733; x_wconf 79' lang='grc' dir='ltr'>ᾠδὴ,</span> 
     </span>
    </p>
   </div>
   <div class='ocr_carea' id='block_1_9' title="bbox 162 750 1658 825">
    <p class='ocr_par' dir='ltr' id='par_1_9' title="bbox 162 750 1658 825">
     <span class='ocr_line' id='line_1_9' title="bbox 162 750 1658 825; baseline -0.001 -16"><span class='ocrx_word' id='word_1_46' title='bbox 162 752 264 809; x_wconf 75' lang='grc' dir='ltr'>ἀλλὰ</span> <span class='ocrx_word' id='word_1_47' title='bbox 283 751 418 820; x_wconf 80' lang='grc' dir='ltr'>λόγος</span> <span class='ocrx_word' id='word_1_48' title='bbox 444 767 527 812; x_wconf 89' lang='grc' dir='ltr'><strong>τις</strong></span> <span class='ocrx_word' id='word_1_49' title='bbox 552 750 611 817; x_wconf 80' lang='grc' dir='ltr'>ἐξ</span> <span class='ocrx_word' id='word_1_50' title='bbox 642 752 797 818; x_wconf 83' lang='grc' dir='ltr'><strong>ἁγίου</strong></span> <span class='ocrx_word' id='word_1_51' title='bbox 820 752 1153 825; x_wconf 87' lang='grc' dir='ltr'>Πνεύματος,</span> <span class='ocrx_word' id='word_1_52' title='bbox 1178 753 1445 823; x_wconf 83' lang='grc' dir='ltr'>ὠφελείας</span> <span class='ocrx_word' id='word_1_53' title='bbox 1476 755 1658 808; x_wconf 73' lang='grc' dir='ltr'>ἕνεκεν</span> 
     </span>
    </p>
   </div>
   <div class='ocr_carea' id='block_1_10' title="bbox 159 842 1657 917">
    <p class='ocr_par' dir='ltr' id='par_1_10' title="bbox 159 842 1657 917">
     <span class='ocr_line' id='line_1_10' title="bbox 159 842 1657 917; baseline 0.002 -20"><span class='ocrx_word' id='word_1_54' title='bbox 159 846 234 914; x_wconf 72' lang='grc' dir='ltr'>τῆς</span> <span class='ocrx_word' id='word_1_55' title='bbox 254 843 330 897; x_wconf 78' lang='grc' dir='ltr'>τοῦ</span> <span class='ocrx_word' id='word_1_56' title='bbox 352 842 635 913; x_wconf 80' lang='grc' dir='ltr'><strong>δυναμένου</strong></span> <span class='ocrx_word' id='word_1_57' title='bbox 662 844 896 897; x_wconf 75' lang='grc' dir='ltr'><strong>συνιέναι</strong></span> <span class='ocrx_word' id='word_1_58' title='bbox 927 844 1432 917; x_wconf 83' lang='grc' dir='ltr'>ἀναγεγραμμένος.</span> <span class='ocrx_word' id='word_1_59' title='bbox 1456 842 1657 900; x_wconf 63' lang='grc' dir='ltr'>*Ηλθεν</span> 
     </span>
    </p>
   </div>
   <div class='ocr_carea' id='block_1_11' title="bbox 157 934 1655 1008">
    <p class='ocr_par' dir='ltr' id='par_1_11' title="bbox 157 934 1655 1008">
     <span class='ocr_line' id='line_1_11' title="bbox 157 934 1655 1008; baseline -0.001 -18"><span class='ocrx_word' id='word_1_60' title='bbox 157 938 197 991; x_wconf 79' lang='grc' dir='ltr'>δὲ</span> <span class='ocrx_word' id='word_1_61' title='bbox 241 938 306 999; x_wconf 80' lang='grc' dir='ltr'><strong>είς</strong></span> <span class='ocrx_word' id='word_1_62' title='bbox 357 934 447 1006; x_wconf 78' lang='grc' dir='ltr'><strong>ἐμὲ</strong></span> <span class='ocrx_word' id='word_1_63' title='bbox 506 934 759 1007; x_wconf 82' lang='grc' dir='ltr'>Ἑϐραίου</span> <span class='ocrx_word' id='word_1_64' title='bbox 813 936 956 999; x_wconf 82' lang='grc' dir='ltr'>τινὸς</span> <span class='ocrx_word' id='word_1_65' title='bbox 1015 936 1314 1008; x_wconf 76' lang='grc' dir='ltr'><strong>παράδοσις</strong></span> <span class='ocrx_word' id='word_1_66' title='bbox 1359 938 1485 1008; x_wconf 73' lang='grc' dir='ltr'>περ).</span> <span class='ocrx_word' id='word_1_67' title='bbox 1545 936 1655 990; x_wconf 87' lang='grc' dir='ltr'><strong>τῶν</strong></span> 
     </span>
    </p>
   </div>
   <div class='ocr_carea' id='block_1_12' title="bbox 154 1021 1656 1099">
    <p class='ocr_par' dir='ltr' id='par_1_12' title="bbox 154 1021 1656 1099">
     <span class='ocr_line' id='line_1_12' title="bbox 154 1021 1656 1099; baseline 0.002 -22"><span class='ocrx_word' id='word_1_68' title='bbox 154 1022 433 1077; x_wconf 63' lang='grc' dir='ltr'>τελευταίων</span> <span class='ocrx_word' id='word_1_69' title='bbox 461 1022 581 1075; x_wconf 74' lang='grc' dir='ltr'>ἐπεὶ</span> <span class='ocrx_word' id='word_1_70' title='bbox 612 1024 723 1097; x_wconf 86' lang='grc' dir='ltr'><strong>γάρ</strong></span> <span class='ocrx_word' id='word_1_71' title='bbox 752 1025 934 1080; x_wconf 74' lang='grc' dir='ltr'>πολλοὶ</span> <span class='ocrx_word' id='word_1_72' title='bbox 973 1022 1111 1098; x_wconf 78' lang='grc' dir='ltr'>ἦσαν</span> <span class='ocrx_word' id='word_1_73' title='bbox 1139 1026 1499 1099; x_wconf 83' lang='grc' dir='ltr'>ἀνεπίγραφοι</span> <span class='ocrx_word' id='word_1_74' title='bbox 1522 1068 1537 1092; x_wconf 94' lang='grc'><strong>,</strong></span> <span class='ocrx_word' id='word_1_75' title='bbox 1574 1021 1656 1090; x_wconf 76' lang='grc' dir='ltr'>εἷς</span> 
     </span>
    </p>
   </div>
   <div class='ocr_carea' id='block_1_13' title="bbox 152 1115 1649 1192">
    <p class='ocr_par' dir='ltr' id='par_1_13' title="bbox 152 1115 1649 1192">
     <span class='ocr_line' id='line_1_13' title="bbox 152 1115 1649 1192; baseline 0.003 -23"><span class='ocrx_word' id='word_1_76' title='bbox 152 1117 237 1170; x_wconf 73' lang='grc' dir='ltr'>δὶό</span> <span class='ocrx_word' id='word_1_77' title='bbox 272 1115 363 1187; x_wconf 81' lang='grc' dir='ltr'><strong>πρὸ</strong></span> <span class='ocrx_word' id='word_1_78' title='bbox 384 1116 578 1171; x_wconf 84' lang='grc' dir='ltr'>τούτων</span> <span class='ocrx_word' id='word_1_79' title='bbox 602 1118 713 1171; x_wconf 85' lang='grc' dir='ltr'><strong>τῶν</strong></span> <span class='ocrx_word' id='word_1_80' title='bbox 748 1119 1132 1191; x_wconf 82' lang='grc' dir='ltr'>ἀνεπιγράφων</span> <span class='ocrx_word' id='word_1_81' title='bbox 1166 1120 1477 1192; x_wconf 81' lang='grc' dir='ltr'>ἐπιγραφὴν</span> <span class='ocrx_word' id='word_1_82' title='bbox 1518 1120 1649 1191; x_wconf 78' lang='grc' dir='ltr'>ἔχει,</span> 
     </span>
    </p>
   </div>
   <div class='ocr_carea' id='block_1_14' title="bbox 157 1206 1652 1287">
    <p class='ocr_par' dir='ltr' id='par_1_14' title="bbox 157 1206 1652 1287">
     <span class='ocr_line' id='line_1_14' title="bbox 157 1206 1652 1287; baseline 0.003 -26"><span class='ocrx_word' id='word_1_83' title='bbox 157 1208 238 1261; x_wconf 83' lang='grc' dir='ltr'><strong>τοῦ</strong></span> <span class='ocrx_word' id='word_1_84' title='bbox 261 1206 446 1272; x_wconf 75' lang='grc' dir='ltr'>Δαυὶδ,</span> <span class='ocrx_word' id='word_1_85' title='bbox 483 1207 668 1277; x_wconf 77' lang='grc' dir='ltr'>ἔλεγεν</span> <span class='ocrx_word' id='word_1_86' title='bbox 711 1210 993 1287; x_wconf 81' lang='grc' dir='ltr'>κάκείνους</span> <span class='ocrx_word' id='word_1_87' title='bbox 1024 1212 1132 1265; x_wconf 78' lang='grc' dir='ltr'><strong>ἀπὸ</strong></span> <span class='ocrx_word' id='word_1_88' title='bbox 1167 1212 1345 1267; x_wconf 80' lang='grc' dir='ltr'>κοινοῦ</span> <span class='ocrx_word' id='word_1_89' title='bbox 1384 1210 1652 1284; x_wconf 74' lang='grc' dir='ltr'>λαμϐανο-</span> 
     </span>
    </p>
   </div>
   <div class='ocr_carea' id='block_1_15' title="bbox 153 1297 1650 1376">
    <p class='ocr_par' dir='ltr' id='par_1_15' title="bbox 153 1297 1650 1376">
     <span class='ocr_line' id='line_1_15' title="bbox 153 1297 1650 1376; baseline 0.007 -27"><span class='ocrx_word' id='word_1_90' title='bbox 153 1299 325 1369; x_wconf 80' lang='grc' dir='ltr'>μένους,</span> <span class='ocrx_word' id='word_1_91' title='bbox 366 1297 455 1351; x_wconf 80' lang='grc' dir='ltr'><strong>τοῦ</strong></span> <span class='ocrx_word' id='word_1_92' title='bbox 496 1299 660 1354; x_wconf 76' lang='grc' dir='ltr'>Δαυὶδ</span> <span class='ocrx_word' id='word_1_93' title='bbox 702 1302 898 1366; x_wconf 78' lang='grc' dir='ltr'>αὐτοὺς</span> <span class='ocrx_word' id='word_1_94' title='bbox 944 1303 1052 1356; x_wconf 83' lang='grc' dir='ltr'>δεῖν</span> <span class='ocrx_word' id='word_1_95' title='bbox 1094 1304 1426 1376; x_wconf 78' lang='grc' dir='ltr'>νομίζεσθαι.</span> <span class='ocrx_word' id='word_1_96' title='bbox 1460 1307 1570 1359; x_wconf 75' lang='grc' dir='ltr'>Καὶ</span> <span class='ocrx_word' id='word_1_97' title='bbox 1603 1309 1650 1359; x_wconf 82' lang='lat' dir='ltr'><strong>si</strong></span> 
     </span>
    </p>
   </div>
   <div class='ocr_carea' id='block_1_16' title="bbox 150 1389 1649 1469">
    <p class='ocr_par' dir='ltr' id='par_1_16' title="bbox 150 1389 1649 1469">
     <span class='ocr_line' id='line_1_16' title="bbox 150 1389 1649 1469; baseline 0.007 -27"><span class='ocrx_word' id='word_1_98' title='bbox 150 1389 255 1443; x_wconf 70' lang='grc' dir='ltr'>τοῦθ’</span> <span class='ocrx_word' id='word_1_99' title='bbox 288 1389 471 1455; x_wconf 76' lang='grc' dir='ltr'>οὕτως,</span> <span class='ocrx_word' id='word_1_100' title='bbox 523 1392 816 1448; x_wconf 84' lang='grc' dir='ltr'>ἀκόλουθόν</span> <span class='ocrx_word' id='word_1_101' title='bbox 863 1396 1012 1449; x_wconf 77' lang='grc' dir='ltr'>ἐστιν</span> <span class='ocrx_word' id='word_1_102' title='bbox 1035 1435 1051 1461; x_wconf 90' lang='grc'><strong>,</strong></span> <span class='ocrx_word' id='word_1_103' title='bbox 1081 1398 1209 1460; x_wconf 83' lang='grc' dir='ltr'>τοὺς</span> <span class='ocrx_word' id='word_1_104' title='bbox 1251 1398 1649 1469; x_wconf 75' lang='grc' dir='ltr'>ἀνεπιγράφους</span> 
     </span>
    </p>
   </div>
   <div class='ocr_carea' id='block_1_17' title="bbox 148 1475 1648 1563">
    <p class='ocr_par' dir='ltr' id='par_1_17' title="bbox 148 1475 1648 1563">
     <span class='ocr_line' id='line_1_17' title="bbox 148 1475 1648 1563; baseline 0.009 -31"><span class='ocrx_word' id='word_1_105' title='bbox 148 1479 317 1533; x_wconf 70' lang='grc' dir='ltr'>ἐκείνων</span> <span class='ocrx_word' id='word_1_106' title='bbox 341 1476 490 1546; x_wconf 83' lang='grc' dir='ltr'>εἶναι,</span> <span class='ocrx_word' id='word_1_107' title='bbox 511 1475 590 1537; x_wconf 82' lang='grc' dir='ltr'><strong>ὧν</strong></span> <span class='ocrx_word' id='word_1_108' title='bbox 621 1484 675 1537; x_wconf 82' lang='lat' dir='ltr'><strong>oi</strong></span> <span class='ocrx_word' id='word_1_109' title='bbox 702 1485 811 1557; x_wconf 81' lang='grc' dir='ltr'>πρὸ</span> <span class='ocrx_word' id='word_1_110' title='bbox 840 1486 1019 1540; x_wconf 86' lang='grc' dir='ltr'>αὐτῶν</span> <span class='ocrx_word' id='word_1_111' title='bbox 1046 1486 1188 1541; x_wconf 80' lang='grc' dir='ltr'>κατὰ</span> <span class='ocrx_word' id='word_1_112' title='bbox 1211 1488 1313 1558; x_wconf 88' lang='grc' dir='ltr'>τὴν</span> <span class='ocrx_word' id='word_1_113' title='bbox 1339 1490 1648 1563; x_wconf 76' lang='grc' dir='ltr'>ἐπιγραφὴν</span> 
     </span>
    </p>
   </div>
   <div class='ocr_carea' id='block_1_18' title="bbox 148 1572 1647 1657">
    <p class='ocr_par' dir='ltr' id='par_1_18' title="bbox 148 1572 1647 1657">
     <span class='ocr_line' id='line_1_18' title="bbox 148 1572 1647 1657; baseline 0.01 -33"><span class='ocrx_word' id='word_1_114' title='bbox 148 1572 281 1635; x_wconf 58' lang='lat' dir='ltr'><strong>uitii;</strong></span> <span class='ocrx_word' id='word_1_115' title='bbox 304 1573 428 1627; x_wconf 68' lang='grc' dir='ltr'>εἰσιν</span> <span class='ocrx_word' id='word_1_116' title='bbox 474 1577 871 1648; x_wconf 78' lang='grc' dir='ltr'>νενομισμέναι.</span> <span class='ocrx_word' id='word_1_117' title='bbox 920 1578 1227 1652; x_wconf 80' lang='grc' dir='ltr'>Ψαλτήριον</span> <span class='ocrx_word' id='word_1_118' title='bbox 1264 1582 1321 1636; x_wconf 85' lang='grc' dir='ltr'>δὲ</span> <span class='ocrx_word' id='word_1_119' title='bbox 1359 1583 1458 1655; x_wconf 81' lang='grc' dir='ltr'>τὴν</span> <span class='ocrx_word' id='word_1_120' title='bbox 1503 1602 1647 1657; x_wconf 89' lang='grc' dir='ltr'>παρ-</span> 
     </span>
    </p>
   </div>
   <div class='ocr_carea' id='block_1_19' title="bbox 146 1661 1642 1747">
    <p class='ocr_par' dir='ltr' id='par_1_19' title="bbox 146 1661 1642 1747">
     <span class='ocr_line' id='line_1_19' title="bbox 146 1661 1642 1747; baseline 0.009 -31"><span class='ocrx_word' id='word_1_121' title='bbox 146 1661 265 1717; x_wconf 77' lang='grc' dir='ltr'>οῦσαν</span> <span class='ocrx_word' id='word_1_122' title='bbox 309 1663 406 1718; x_wconf 84' lang='grc' dir='ltr'><strong>τῶν</strong></span> <span class='ocrx_word' id='word_1_123' title='bbox 447 1666 697 1737; x_wconf 74' lang='grc' dir='ltr'>Ψαλμῶν</span> <span class='ocrx_word' id='word_1_124' title='bbox 740 1668 920 1739; x_wconf 74' lang='grc' dir='ltr'>βίϐλον</span> <span class='ocrx_word' id='word_1_125' title='bbox 967 1674 996 1726; x_wconf 97' lang='lat'><strong>6</strong></span> <span class='ocrx_word' id='word_1_126' title='bbox 1027 1673 1317 1744; x_wconf 79' lang='grc' dir='ltr'><strong>Προφήτης</strong></span> <span class='ocrx_word' id='word_1_127' title='bbox 1358 1675 1642 1747; x_wconf 77' lang='grc' dir='ltr'>ὠνόμασε,</span> 
     </span>
    </p>
   </div>
   <div class='ocr_carea' id='block_1_20' title="bbox 146 1724 1719 1838">
    <p class='ocr_par' dir='ltr' id='par_1_20' title="bbox 146 1724 1719 1838">
     <span class='ocr_line' id='line_1_20' title="bbox 146 1724 1719 1838; baseline 0.016 -38"><span class='ocrx_word' id='word_1_128' title='bbox 146 1752 283 1824; x_wconf 69' lang='grc' dir='ltr'>ἐπειδὴ</span> <span class='ocrx_word' id='word_1_129' title='bbox 319 1753 465 1825; x_wconf 85' lang='grc' dir='ltr'>μόνον</span> <span class='ocrx_word' id='word_1_130' title='bbox 515 1724 654 1825; x_wconf 47' lang='lat' dir='ltr'><strong>(pa-ci.</strong></span> <span class='ocrx_word' id='word_1_131' title='bbox 716 1724 811 1812; x_wconf 41' lang='grc' dir='ltr'><strong>ἑιπὶ</strong></span> <span class='ocrx_word' id='word_1_132' title='bbox 865 1724 987 1826; x_wconf 69' lang='grc' dir='ltr'>τοῖς</span> <span class='ocrx_word' id='word_1_133' title='bbox 1677 1724 1719 1780; x_wconf 75' lang='grc' dir='ltr'><strong>Β</strong></span> 
     </span>
    </p>
   </div>
   <div class='ocr_carea' id='block_1_21' title="bbox 146 1843 1643 1927">
    <p class='ocr_par' dir='ltr' id='par_1_21' title="bbox 146 1843 1643 1927">
     <span class='ocr_line' id='line_1_21' title="bbox 146 1843 1643 1927; baseline 0.008 -30"><span class='ocrx_word' id='word_1_134' title='bbox 146 1843 297 1898; x_wconf 82' lang='grc' dir='ltr'>ἄνωθεν</span> <span class='ocrx_word' id='word_1_135' title='bbox 322 1845 637 1917; x_wconf 76' lang='grc' dir='ltr'>ἐπιφέρεται</span> <span class='ocrx_word' id='word_1_136' title='bbox 663 1848 756 1901; x_wconf 83' lang='grc' dir='ltr'>τὸν</span> <span class='ocrx_word' id='word_1_137' title='bbox 785 1850 1108 1922; x_wconf 77' lang='grc' dir='ltr'>ἐνεργοῦντα</span> <span class='ocrx_word' id='word_1_138' title='bbox 1133 1852 1332 1923; x_wconf 78' lang='grc' dir='ltr'>χαλκὸν</span> <span class='ocrx_word' id='word_1_139' title='bbox 1363 1854 1460 1924; x_wconf 80' lang='grc' dir='ltr'>τὴν</span> <span class='ocrx_word' id='word_1_140' title='bbox 1498 1856 1643 1927; x_wconf 84' lang='grc' dir='ltr'><strong>ἀπή-</strong></span> 
     </span>
    </p>
   </div>
   <div class='ocr_carea' id='block_1_22' title="bbox 145 1937 1641 2018">
    <p class='ocr_par' dir='ltr' id='par_1_22' title="bbox 145 1937 1641 2018">
     <span class='ocr_line' id='line_1_22' title="bbox 145 1937 1641 2018; baseline 0.009 -30"><span class='ocrx_word' id='word_1_141' title='bbox 145 1953 273 2007; x_wconf 78' lang='grc' dir='ltr'>χησιν,</span> <span class='ocrx_word' id='word_1_142' title='bbox 295 1937 495 1991; x_wconf 82' lang='grc' dir='ltr'>καὶούκ</span> <span class='ocrx_word' id='word_1_143' title='bbox 536 1938 601 1993; x_wconf 77' lang='grc' dir='ltr'>ἐκ</span> <span class='ocrx_word' id='word_1_144' title='bbox 644 1939 750 1995; x_wconf 87' lang='grc' dir='ltr'><strong>τῶν</strong></span> <span class='ocrx_word' id='word_1_145' title='bbox 793 1941 968 2007; x_wconf 89' lang='grc' dir='ltr'>κάτω,</span> <span class='ocrx_word' id='word_1_146' title='bbox 997 1946 1109 2008; x_wconf 82' lang='grc' dir='ltr'>τοῖς</span> <span class='ocrx_word' id='word_1_147' title='bbox 1142 1944 1319 2009; x_wconf 78' lang='grc' dir='ltr'>ἄλλοις</span> <span class='ocrx_word' id='word_1_148' title='bbox 1349 1948 1641 2018; x_wconf 81' lang='grc' dir='ltr'>παραπλη-</span> 
     </span>
    </p>
   </div>
   <div class='ocr_carea' id='block_1_23' title="bbox 147 2024 1643 2108">
    <p class='ocr_par' dir='ltr' id='par_1_23' title="bbox 147 2024 1643 2108">
     <span class='ocr_line' id='line_1_23' title="bbox 147 2024 1643 2108; baseline 0.009 -29"><span class='ocrx_word' id='word_1_149' title='bbox 147 2027 250 2089; x_wconf 74' lang='grc' dir='ltr'>σίως.</span> <span class='ocrx_word' id='word_1_150' title='bbox 267 2028 364 2082; x_wconf 82' lang='grc' dir='ltr'>Ἵνα</span> <span class='ocrx_word' id='word_1_151' title='bbox 382 2024 470 2083; x_wconf 81' lang='grc' dir='ltr'>οὖν</span> <span class='ocrx_word' id='word_1_152' title='bbox 497 2030 600 2101; x_wconf 85' lang='grc' dir='ltr'><strong>τὴν</strong></span> <span class='ocrx_word' id='word_1_153' title='bbox 631 2031 919 2100; x_wconf 77' lang='grc' dir='ltr'>ἀναλογίαν</span> <span class='ocrx_word' id='word_1_154' title='bbox 947 2035 1043 2105; x_wconf 82' lang='grc' dir='ltr'><strong>τῆς</strong></span> <span class='ocrx_word' id='word_1_155' title='bbox 1070 2036 1323 2107; x_wconf 80' lang='grc' dir='ltr'><strong>τοιαύτης</strong></span> <span class='ocrx_word' id='word_1_156' title='bbox 1350 2038 1643 2108; x_wconf 83' lang='grc' dir='ltr'>ὀνομασίας</span> 
     </span>
    </p>
   </div>
   <div class='ocr_carea' id='block_1_24' title="bbox 143 2118 1641 2194">
    <p class='ocr_par' dir='ltr' id='par_1_24' title="bbox 143 2118 1641 2194">
     <span class='ocr_line' id='line_1_24' title="bbox 143 2118 1641 2194; baseline 0.007 -23"><span class='ocrx_word' id='word_1_157' title='bbox 143 2120 177 2170; x_wconf 81' lang='lat' dir='ltr'><strong>oi</strong></span> <span class='ocrx_word' id='word_1_158' title='bbox 207 2118 542 2191; x_wconf 80' lang='grc' dir='ltr'>μεμαθηκότες</span> <span class='ocrx_word' id='word_1_159' title='bbox 602 2124 736 2177; x_wconf 74' lang='grc' dir='ltr'>αὐτὸ</span> <span class='ocrx_word' id='word_1_160' title='bbox 786 2124 1070 2194; x_wconf 78' lang='grc' dir='ltr'>φυλάττειν</span> <span class='ocrx_word' id='word_1_161' title='bbox 1133 2128 1500 2194; x_wconf 76' lang='grc' dir='ltr'>σπουδάζωσι,</span> <span class='ocrx_word' id='word_1_162' title='bbox 1548 2131 1641 2184; x_wconf 83' lang='grc' dir='ltr'>καὶ</span> 
     </span>
    </p>
   </div>
   <div class='ocr_carea' id='block_1_25' title="bbox 146 2210 1639 2295">
    <p class='ocr_par' dir='ltr' id='par_1_25' title="bbox 146 2210 1639 2295">
     <span class='ocr_line' id='line_1_25' title="bbox 146 2210 1639 2295; baseline 0.01 -33"><span class='ocrx_word' id='word_1_163' title='bbox 146 2210 241 2281; x_wconf 74' lang='grc' dir='ltr'>πρὸς</span> <span class='ocrx_word' id='word_1_164' title='bbox 260 2210 317 2265; x_wconf 81' lang='grc' dir='ltr'><strong>τά</strong></span> <span class='ocrx_word' id='word_1_165' title='bbox 342 2212 447 2266; x_wconf 77' lang='grc' dir='ltr'>ἄνω</span> <span class='ocrx_word' id='word_1_166' title='bbox 485 2214 781 2284; x_wconf 82' lang='grc' dir='ltr'>βλέπωσιν,</span> <span class='ocrx_word' id='word_1_167' title='bbox 818 2217 938 2271; x_wconf 79' lang='grc' dir='ltr'>ὅθεν</span> <span class='ocrx_word' id='word_1_168' title='bbox 964 2221 1237 2293; x_wconf 81' lang='grc' dir='ltr'>άπηχήθη,</span> <span class='ocrx_word' id='word_1_169' title='bbox 1268 2221 1458 2275; x_wconf 86' lang='grc' dir='ltr'>τούτου</span> <span class='ocrx_word' id='word_1_170' title='bbox 1483 2224 1639 2295; x_wconf 81' lang='grc' dir='ltr'>χάριν</span> 
     </span>
    </p>
   </div>
   <div class='ocr_carea' id='block_1_26' title="bbox 146 2303 1637 2385">
    <p class='ocr_par' dir='ltr' id='par_1_26' title="bbox 146 2303 1637 2385">
     <span class='ocr_line' id='line_1_26' title="bbox 146 2303 1637 2385; baseline 0.009 -30"><span class='ocrx_word' id='word_1_171' title='bbox 146 2303 385 2376; x_wconf 68' lang='grc' dir='ltr'>γαλτήριον</span> <span class='ocrx_word' id='word_1_172' title='bbox 411 2309 840 2381; x_wconf 83' lang='grc' dir='ltr'>προσηγόρευσε.</span> <span class='ocrx_word' id='word_1_173' title='bbox 871 2312 975 2366; x_wconf 81' lang='grc' dir='ltr'><strong>Τοῦ</strong></span> <span class='ocrx_word' id='word_1_174' title='bbox 1018 2313 1125 2385; x_wconf 86' lang='grc' dir='ltr'><strong>γὰρ</strong></span> <span class='ocrx_word' id='word_1_175' title='bbox 1170 2315 1435 2383; x_wconf 84' lang='grc' dir='ltr'>παναγίου</span> <span class='ocrx_word' id='word_1_176' title='bbox 1469 2316 1637 2369; x_wconf 86' lang='grc' dir='ltr'>Πνεύ-</span> 
     </span>
    </p>
   </div>
   <div class='ocr_carea' id='block_1_27' title="bbox 146 2398 1280 2475">
    <p class='ocr_par' dir='ltr' id='par_1_27' title="bbox 146 2398 1280 2475">
     <span class='ocr_line' id='line_1_27' title="bbox 146 2398 1280 2475; baseline 0.011 -27"><span class='ocrx_word' id='word_1_177' title='bbox 146 2398 533 2469; x_wconf 74' lang='grc' dir='ltr'>ματοςάπήχησίς</span> <span class='ocrx_word' id='word_1_178' title='bbox 556 2402 708 2454; x_wconf 80' lang='grc' dir='ltr'>ἐστιν</span> <span class='ocrx_word' id='word_1_179' title='bbox 736 2403 878 2469; x_wconf 83' lang='grc' dir='ltr'>ὅλον,</span> <span class='ocrx_word' id='word_1_180' title='bbox 901 2407 994 2459; x_wconf 74' lang='grc' dir='ltr'>καὶ</span> <span class='ocrx_word' id='word_1_181' title='bbox 1027 2406 1280 2475; x_wconf 80' lang='grc' dir='ltr'>φθόγγος.</span> 
     </span>
    </p>
   </div>
   <div class='ocr_carea' id='block_1_28' title="bbox 191 2642 1634 2732">
    <p class='ocr_par' dir='ltr' id='par_1_28' title="bbox 191 2642 1634 2732">
     <span class='ocr_line' id='line_1_28' title="bbox 191 2642 1634 2732; baseline 0.016 -38"><span class='ocrx_word' id='word_1_182' title='bbox 191 2642 244 2695; x_wconf 75' lang='grc' dir='ltr'>Γ.</span> <span class='ocrx_word' id='word_1_183' title='bbox 270 2645 403 2698; x_wconf 83' lang='grc' dir='ltr'>Διατί</span> <span class='ocrx_word' id='word_1_184' title='bbox 428 2646 484 2700; x_wconf 80' lang='grc' dir='ltr'><strong>δέ</strong></span> <span class='ocrx_word' id='word_1_185' title='bbox 522 2650 667 2703; x_wconf 75' lang='grc' dir='ltr'>εἰσιν</span> <span class='ocrx_word' id='word_1_186' title='bbox 692 2651 885 2706; x_wconf 72' lang='grc' dir='ltr'>ἕκατον</span> <span class='ocrx_word' id='word_1_187' title='bbox 914 2656 1243 2727; x_wconf 77' lang='grc' dir='ltr'>πεντήκοντα</span> <span class='ocrx_word' id='word_1_188' title='bbox 1276 2656 1634 2732; x_wconf 82' lang='grc' dir='ltr'>ἐξετάσωμεν.</span> 
     </span>
    </p>
   </div>
   <div class='ocr_carea' id='block_1_29' title="bbox 149 2730 1638 2824">
    <p class='ocr_par' dir='ltr' id='par_1_29' title="bbox 149 2730 1638 2824">
     <span class='ocr_line' id='line_1_29' title="bbox 149 2730 1638 2824; baseline 0.013 -37"><span class='ocrx_word' id='word_1_189' title='bbox 149 2730 191 2786; x_wconf 82' lang='lat'><strong>&#39;0</strong></span> <span class='ocrx_word' id='word_1_190' title='bbox 206 2737 495 2807; x_wconf 72' lang='grc' dir='ltr'>πεντήκοντα</span> <span class='ocrx_word' id='word_1_191' title='bbox 526 2741 764 2813; x_wconf 83' lang='grc' dir='ltr'>ἀριθμὸς</span> <span class='ocrx_word' id='word_1_192' title='bbox 785 2744 867 2797; x_wconf 86' lang='grc' dir='ltr'>ὅτι</span> <span class='ocrx_word' id='word_1_193' title='bbox 896 2744 1042 2799; x_wconf 80' lang='grc' dir='ltr'>ἔστιν</span> <span class='ocrx_word' id='word_1_194' title='bbox 1076 2748 1238 2819; x_wconf 78' lang='grc' dir='ltr'>ἱερὸς,</span> <span class='ocrx_word' id='word_1_195' title='bbox 1272 2750 1329 2802; x_wconf 84' lang='grc' dir='ltr'>ὲν</span> <span class='ocrx_word' id='word_1_196' title='bbox 1362 2751 1459 2821; x_wconf 82' lang='grc' dir='ltr'>μὲν</span> <span class='ocrx_word' id='word_1_197' title='bbox 1502 2730 1638 2824; x_wconf 67' lang='grc' dir='ltr'>ἡμέ-</span> 
     </span>
    </p>
   </div>
   <div class='ocr_carea' id='block_1_30' title="bbox 145 2825 1635 2911">
    <p class='ocr_par' dir='ltr' id='par_1_30' title="bbox 145 2825 1635 2911">
     <span class='ocr_line' id='line_1_30' title="bbox 145 2825 1635 2911; baseline 0.012 -33"><span class='ocrx_word' id='word_1_198' title='bbox 145 2840 227 2893; x_wconf 78' lang='grc' dir='ltr'>ραις</span> <span class='ocrx_word' id='word_1_199' title='bbox 246 2825 379 2896; x_wconf 80' lang='grc' dir='ltr'>δῆλον</span> <span class='ocrx_word' id='word_1_200' title='bbox 415 2830 513 2900; x_wconf 83' lang='grc' dir='ltr'>τῆς</span> <span class='ocrx_word' id='word_1_201' title='bbox 560 2832 999 2907; x_wconf 74' lang='grc' dir='ltr'>πολυθρυλλήτου</span> <span class='ocrx_word' id='word_1_202' title='bbox 1047 2839 1451 2911; x_wconf 79' lang='grc' dir='ltr'>Πεντηκοστῆς,</span> <span class='ocrx_word' id='word_1_203' title='bbox 1486 2842 1635 2896; x_wconf 87' lang='grc' dir='ltr'>λύσιν</span> 
     </span>
    </p>
   </div>
   <div class='ocr_carea' id='block_1_31' title="bbox 143 2915 1636 3006">
    <p class='ocr_par' dir='ltr' id='par_1_31' title="bbox 143 2915 1636 3006">
     <span class='ocr_line' id='line_1_31' title="bbox 143 2915 1636 3006; baseline 0.013 -37"><span class='ocrx_word' id='word_1_204' title='bbox 143 2915 295 2983; x_wconf 64' lang='grc' dir='ltr'>τάων,</span> <span class='ocrx_word' id='word_1_205' title='bbox 344 2920 431 2974; x_wconf 84' lang='grc' dir='ltr'><strong>καὶ</strong></span> <span class='ocrx_word' id='word_1_206' title='bbox 465 2923 810 2997; x_wconf 84' lang='grc' dir='ltr'>εὐφροσύνην</span> <span class='ocrx_word' id='word_1_207' title='bbox 850 2930 1238 3002; x_wconf 84' lang='grc' dir='ltr'>σημαινούσης.</span> <span class='ocrx_word' id='word_1_208' title='bbox 1281 2934 1478 3006; x_wconf 83' lang='grc' dir='ltr'>Διόπερ</span> <span class='ocrx_word' id='word_1_209' title='bbox 1517 2935 1636 2989; x_wconf 79' lang='grc' dir='ltr'>οὐδὲ</span> 
     </span>
    </p>
   </div>
   <div class='ocr_carea' id='block_1_32' title="bbox 141 3008 1705 3118">
    <p class='ocr_par' dir='ltr' id='par_1_32' title="bbox 141 3008 1705 3118">
     <span class='ocr_line' id='line_1_32' title="bbox 141 3008 1705 3118; baseline 0.016 -62"><span class='ocrx_word' id='word_1_210' title='bbox 141 3008 353 3075; x_wconf 71' lang='grc' dir='ltr'>νηστεύειν</span> <span class='ocrx_word' id='word_1_211' title='bbox 377 3012 431 3066; x_wconf 81' lang='grc' dir='ltr'>ὲν</span> <span class='ocrx_word' id='word_1_212' title='bbox 457 3014 690 3079; x_wconf 82' lang='grc' dir='ltr'>ταύταις</span> <span class='ocrx_word' id='word_1_213' title='bbox 717 3018 999 3090; x_wconf 81' lang='grc' dir='ltr'>κέκριται,</span> <span class='ocrx_word' id='word_1_214' title='bbox 1033 3021 1152 3074; x_wconf 80' lang='grc' dir='ltr'>οὐδὲ</span> <span class='ocrx_word' id='word_1_215' title='bbox 1184 3022 1383 3076; x_wconf 86' lang='grc' dir='ltr'>κλίνειν</span> <span class='ocrx_word' id='word_1_216' title='bbox 1412 3024 1633 3093; x_wconf 86' lang='grc' dir='ltr'>γόνατα.</span> <span class='ocrx_word' id='word_1_217' title='bbox 1663 3061 1705 3118; x_wconf 74' lang='lat' dir='ltr'><strong>c</strong></span> 
     </span>
     <span class='ocr_line' id='line_1_33' title="bbox 144 3098 1224 3118; baseline 0 0"><span class='ocrx_word' id='word_1_218' title='bbox 144 3098 189 3118; x_wconf 57' lang='grc' dir='ltr'><strong>τ)</strong></span> <span class='ocrx_word' id='word_1_219' title='bbox 225 3099 249 3118; x_wconf 64' lang='grc' dir='ltr'><strong>ρ</strong></span> <span class='ocrx_word' id='word_1_220' title='bbox 272 3100 289 3118; x_wconf 73' lang='lat'><strong><em>\</em></strong></span> <span class='ocrx_word' id='word_1_221' title='bbox 412 3104 423 3118; x_wconf 72' lang='grc' dir='ltr'>ι</span> <span class='ocrx_word' id='word_1_222' title='bbox 594 3106 619 3117; x_wconf 73' lang='lat'><strong><em>~</em></strong></span> <span class='ocrx_word' id='word_1_223' title='bbox 861 3111 894 3118; x_wconf 58' lang='grc' dir='ltr'><strong>,λ</strong></span> <span class='ocrx_word' id='word_1_224' title='bbox 1216 3116 1224 3118; x_wconf 37' lang='grc' dir='ltr'><strong>μ</strong></span> 
     </span>
    </p>
   </div>
   <div class='ocr_carea' id='block_1_33' title="bbox 143 3098 1634 3187">
    <p class='ocr_par' dir='ltr' id='par_1_33' title="bbox 143 3098 1634 3187">
     <span class='ocr_line' id='line_1_34' title="bbox 143 3098 1634 3187; baseline 0.015 -36"><span class='ocrx_word' id='word_1_225' title='bbox 143 3098 329 3169; x_wconf 73' lang='grc' dir='ltr'>Σύμὸολα</span> <span class='ocrx_word' id='word_1_226' title='bbox 368 3104 471 3177; x_wconf 82' lang='grc' dir='ltr'><strong>γάρ</strong></span> <span class='ocrx_word' id='word_1_227' title='bbox 511 3106 690 3162; x_wconf 82' lang='grc' dir='ltr'>ταῦτα</span> <span class='ocrx_word' id='word_1_228' title='bbox 738 3111 978 3184; x_wconf 84' lang='grc' dir='ltr'>μεγάλης</span> <span class='ocrx_word' id='word_1_229' title='bbox 1014 3116 1373 3187; x_wconf 83' lang='grc' dir='ltr'>πανηγύρεως</span> <span class='ocrx_word' id='word_1_230' title='bbox 1414 3119 1634 3172; x_wconf 86' lang='grc' dir='ltr'>ἀποκει-</span> 
     </span>
    </p>
   </div>
   <div class='ocr_carea' id='block_1_34' title="bbox 144 3190 1634 3281">
    <p class='ocr_par' dir='ltr' id='par_1_34' title="bbox 144 3190 1634 3281">
     <span class='ocr_line' id='line_1_35' title="bbox 144 3190 1634 3281; baseline 0.012 -35"><span class='ocrx_word' id='word_1_231' title='bbox 144 3190 263 3281; x_wconf 50' lang='grc' dir='ltr'>μένης</span> <span class='ocrx_word' id='word_1_232' title='bbox 284 3194 334 3246; x_wconf 82' lang='grc' dir='ltr'>ἐν</span> <span class='ocrx_word' id='word_1_233' title='bbox 364 3200 470 3260; x_wconf 88' lang='grc' dir='ltr'>τοῖς</span> <span class='ocrx_word' id='word_1_234' title='bbox 500 3198 805 3269; x_wconf 79' lang='grc' dir='ltr'>μέλλουσιν.</span> <span class='ocrx_word' id='word_1_235' title='bbox 836 3198 934 3256; x_wconf 79' lang='grc' dir='ltr'>Ὧν</span> <span class='ocrx_word' id='word_1_236' title='bbox 970 3205 1096 3258; x_wconf 82' lang='grc' dir='ltr'>σκιά</span> <span class='ocrx_word' id='word_1_237' title='bbox 1121 3208 1261 3261; x_wconf 84' lang='grc' dir='ltr'>κατά</span> <span class='ocrx_word' id='word_1_238' title='bbox 1288 3208 1378 3262; x_wconf 82' lang='grc' dir='ltr'>τὸν</span> <span class='ocrx_word' id='word_1_239' title='bbox 1421 3210 1634 3281; x_wconf 80' lang='grc' dir='ltr'>Ἰσραὴλ</span> 
     </span>
    </p>
   </div>
   <div class='ocr_carea' id='block_1_35' title="bbox 143 3276 1631 3375">
    <p class='ocr_par' dir='ltr' id='par_1_35' title="bbox 143 3276 1631 3375">
     <span class='ocr_line' id='line_1_36' title="bbox 143 3276 1631 3375; baseline 0.023 -40"><span class='ocrx_word' id='word_1_240' title='bbox 143 3276 277 3375; x_wconf 79' lang='grc' dir='ltr'><strong>ἐπὶ</strong></span> <span class='ocrx_word' id='word_1_241' title='bbox 311 3288 405 3360; x_wconf 78' lang='grc' dir='ltr'>γῆς</span> <span class='ocrx_word' id='word_1_242' title='bbox 436 3292 686 3357; x_wconf 81' lang='grc' dir='ltr'>ἐνιαυτὸς</span> <span class='ocrx_word' id='word_1_243' title='bbox 729 3297 758 3349; x_wconf 90' lang='lat'><strong>6</strong></span> <span class='ocrx_word' id='word_1_244' title='bbox 802 3296 1132 3369; x_wconf 87' lang='grc' dir='ltr'>καλούμενος</span> <span class='ocrx_word' id='word_1_245' title='bbox 1179 3304 1307 3372; x_wconf 74' lang='grc' dir='ltr'>παρ’</span> <span class='ocrx_word' id='word_1_246' title='bbox 1367 3276 1631 3375; x_wconf 52' lang='grc' dir='ltr'>Ἑϐραίοις</span> 
     </span>
    </p>
   </div>
   <div class='ocr_carea' id='block_1_36' title="bbox 150 3372 1628 3464">
    <p class='ocr_par' dir='ltr' id='par_1_36' title="bbox 150 3372 1628 3464">
     <span class='ocr_line' id='line_1_37' title="bbox 150 3372 1628 3464; baseline 0.016 -39"><span class='ocrx_word' id='word_1_247' title='bbox 150 3372 312 3464; x_wconf 44' lang='grc' dir='ltr'><strong>ξιωϐὴλ,</strong></span> <span class='ocrx_word' id='word_1_248' title='bbox 334 3382 361 3432; x_wconf 92' lang='lat'><strong>6</strong></span> <span class='ocrx_word' id='word_1_249' title='bbox 406 3386 773 3456; x_wconf 84' lang='grc' dir='ltr'>πεντηκοστὸς</span> <span class='ocrx_word' id='word_1_250' title='bbox 801 3387 1016 3460; x_wconf 82' lang='grc' dir='ltr'>ἀριθμῷ</span> <span class='ocrx_word' id='word_1_251' title='bbox 1060 3391 1301 3456; x_wconf 84' lang='grc' dir='ltr'>ἐνιαυτὸς</span> <span class='ocrx_word' id='word_1_252' title='bbox 1339 3372 1628 3464; x_wconf 77' lang='grc' dir='ltr'>τυγχάνει,</span> 
     </span>
    </p>
   </div>
   <div class='ocr_carea' id='block_1_37' title="bbox 140 3461 1631 3556">
    <p class='ocr_par' dir='ltr' id='par_1_37' title="bbox 140 3461 1631 3556">
     <span class='ocr_line' id='line_1_38' title="bbox 140 3461 1631 3556; baseline 0.015 -37"><span class='ocrx_word' id='word_1_253' title='bbox 140 3461 284 3521; x_wconf 73' lang='grc' dir='ltr'>δούλων</span> <span class='ocrx_word' id='word_1_254' title='bbox 314 3470 640 3546; x_wconf 77' lang='grc' dir='ltr'>ἐλευθερίας,</span> <span class='ocrx_word' id='word_1_255' title='bbox 674 3479 768 3531; x_wconf 80' lang='grc' dir='ltr'>καὶ</span> <span class='ocrx_word' id='word_1_256' title='bbox 813 3480 988 3551; x_wconf 86' lang='grc' dir='ltr'>χρεῶν</span> <span class='ocrx_word' id='word_1_257' title='bbox 1031 3482 1315 3548; x_wconf 81' lang='grc' dir='ltr'>ἀποκοπάς</span> <span class='ocrx_word' id='word_1_258' title='bbox 1348 3461 1505 3556; x_wconf 77' lang='grc' dir='ltr'>ἔχων,</span> <span class='ocrx_word' id='word_1_259' title='bbox 1538 3490 1631 3541; x_wconf 82' lang='grc' dir='ltr'>καὶ</span> 
     </span>
    </p>
   </div>
   <div class='ocr_carea' id='block_1_38' title="bbox 140 3556 1630 3645">
    <p class='ocr_par' dir='ltr' id='par_1_38' title="bbox 140 3556 1630 3645">
     <span class='ocr_line' id='line_1_39' title="bbox 140 3556 1630 3645; baseline 0.014 -33"><span class='ocrx_word' id='word_1_260' title='bbox 140 3556 228 3610; x_wconf 70' lang='grc' dir='ltr'>εἴτι</span> <span class='ocrx_word' id='word_1_261' title='bbox 246 3561 370 3617; x_wconf 70' lang='grc' dir='ltr'>ἄλλο.</span> <span class='ocrx_word' id='word_1_262' title='bbox 400 3566 471 3619; x_wconf 84' lang='grc' dir='ltr'><strong>Τὸ</strong></span> <span class='ocrx_word' id='word_1_263' title='bbox 497 3567 647 3638; x_wconf 84' lang='grc' dir='ltr'>ἱερὸν</span> <span class='ocrx_word' id='word_1_264' title='bbox 672 3567 729 3621; x_wconf 80' lang='grc' dir='ltr'>δὲ</span> <span class='ocrx_word' id='word_1_265' title='bbox 755 3570 1085 3640; x_wconf 78' lang='grc' dir='ltr'>Εὑαγγέλιον</span> <span class='ocrx_word' id='word_1_266' title='bbox 1112 3571 1249 3628; x_wconf 73' lang='grc' dir='ltr'>οἶδεν</span> <span class='ocrx_word' id='word_1_267' title='bbox 1279 3562 1472 3645; x_wconf 57' lang='grc' dir='ltr'>ἔφεσιν</span> <span class='ocrx_word' id='word_1_268' title='bbox 1498 3596 1630 3632; x_wconf 85' lang='grc' dir='ltr'>πεν-</span> 
     </span>
    </p>
   </div>
   <div class='ocr_carea' id='block_1_39' title="bbox 137 3657 1628 3742">
    <p class='ocr_par' dir='ltr' id='par_1_39' title="bbox 137 3657 1628 3742">
     <span class='ocr_line' id='line_1_40' title="bbox 137 3657 1628 3742; baseline 0.013 -37"><span class='ocrx_word' id='word_1_269' title='bbox 137 3657 407 3723; x_wconf 77' lang='grc' dir='ltr'>τηκοντάδος,</span> <span class='ocrx_word' id='word_1_270' title='bbox 440 3661 542 3715; x_wconf 72' lang='grc' dir='ltr'>καὶ</span> <span class='ocrx_word' id='word_1_271' title='bbox 573 3661 667 3715; x_wconf 83' lang='grc' dir='ltr'>τοῦ</span> <span class='ocrx_word' id='word_1_272' title='bbox 701 3665 994 3732; x_wconf 82' lang='grc' dir='ltr'>συγγενοῦς</span> <span class='ocrx_word' id='word_1_273' title='bbox 1022 3667 1170 3738; x_wconf 80' lang='grc' dir='ltr'>αὐτῷ</span> <span class='ocrx_word' id='word_1_274' title='bbox 1194 3706 1212 3730; x_wconf 86' lang='grc'><strong>,</strong></span> <span class='ocrx_word' id='word_1_275' title='bbox 1242 3671 1336 3725; x_wconf 74' lang='grc' dir='ltr'>καὶ</span> <span class='ocrx_word' id='word_1_276' title='bbox 1361 3688 1628 3742; x_wconf 84' lang='grc' dir='ltr'>παρακει-</span> 
     </span>
    </p>
   </div>
   <div class='ocr_carea' id='block_1_40' title="bbox 139 3744 1631 3832">
    <p class='ocr_par' dir='ltr' id='par_1_40' title="bbox 139 3744 1631 3832">
     <span class='ocr_line' id='line_1_41' title="bbox 139 3744 1631 3832; baseline 0.011 -32"><span class='ocrx_word' id='word_1_277' title='bbox 139 3744 252 3809; x_wconf 68' lang='grc' dir='ltr'>μένου</span> <span class='ocrx_word' id='word_1_278' title='bbox 272 3749 486 3821; x_wconf 80' lang='grc' dir='ltr'>ἀριθμοῦ</span> <span class='ocrx_word' id='word_1_279' title='bbox 516 3757 966 3811; x_wconf 84' lang='grc' dir='ltr'>πεντακοσιοστοῦ</span> <span class='ocrx_word' id='word_1_280' title='bbox 994 3774 1007 3788; x_wconf 88' lang='grc'>·</span> <span class='ocrx_word' id='word_1_281' title='bbox 1039 3760 1100 3812; x_wconf 88' lang='grc' dir='ltr'>οὐ</span> <span class='ocrx_word' id='word_1_282' title='bbox 1142 3761 1250 3832; x_wconf 84' lang='grc' dir='ltr'><strong>γὰρ</strong></span> <span class='ocrx_word' id='word_1_283' title='bbox 1295 3762 1468 3832; x_wconf 86' lang='grc' dir='ltr'>μάτην</span> <span class='ocrx_word' id='word_1_284' title='bbox 1502 3781 1631 3816; x_wconf 85' lang='grc' dir='ltr'>πεν-</span> 
     </span>
    </p>
   </div>
   <div class='ocr_carea' id='block_1_41' title="bbox 137 3836 1624 3928">
    <p class='ocr_par' dir='ltr' id='par_1_41' title="bbox 137 3836 1624 3928">
     <span class='ocr_line' id='line_1_42' title="bbox 137 3836 1624 3928; baseline 0.013 -38"><span class='ocrx_word' id='word_1_285' title='bbox 137 3836 310 3928; x_wconf 31' lang='lat' dir='ltr'><strong>inlata.</strong></span> <span class='ocrx_word' id='word_1_286' title='bbox 333 3842 619 3917; x_wconf 80' lang='grc' dir='ltr'>δηναρίων.</span> <span class='ocrx_word' id='word_1_287' title='bbox 651 3849 745 3902; x_wconf 69' lang='grc' dir='ltr'>καὶ</span> <span class='ocrx_word' id='word_1_288' title='bbox 782 3850 1147 3904; x_wconf 84' lang='grc' dir='ltr'>πεντακοσίων</span> <span class='ocrx_word' id='word_1_289' title='bbox 1174 3853 1364 3920; x_wconf 81' lang='grc' dir='ltr'>ἄφεσις</span> <span class='ocrx_word' id='word_1_290' title='bbox 1407 3853 1624 3909; x_wconf 88' lang='grc' dir='ltr'>δίδοται.</span> 
     </span>
    </p>
   </div>
   <div class='ocr_carea' id='block_1_42' title="bbox 136 3924 1628 4010">
    <p class='ocr_par' dir='ltr' id='par_1_42' title="bbox 136 3924 1628 4010">
     <span class='ocr_line' id='line_1_43' title="bbox 136 3924 1628 4010; baseline 0.007 -24"><span class='ocrx_word' id='word_1_291' title='bbox 136 3924 270 3987; x_wconf 69' lang='grc' dir='ltr'><strong>οῧτῶς</strong></span> <span class='ocrx_word' id='word_1_292' title='bbox 307 3930 424 4000; x_wconf 80' lang='grc' dir='ltr'>οὖν,</span> <span class='ocrx_word' id='word_1_293' title='bbox 453 3938 555 3990; x_wconf 79' lang='grc' dir='ltr'>καὶ</span> <span class='ocrx_word' id='word_1_294' title='bbox 599 3939 723 4002; x_wconf 81' lang='grc' dir='ltr'>τοὺς</span> <span class='ocrx_word' id='word_1_295' title='bbox 776 3939 974 4010; x_wconf 80' lang='grc' dir='ltr'>ὕμνους</span> <span class='ocrx_word' id='word_1_296' title='bbox 1030 3943 1155 4005; x_wconf 84' lang='grc' dir='ltr'>τοὺς</span> <span class='ocrx_word' id='word_1_297' title='bbox 1199 3944 1278 4005; x_wconf 82' lang='grc' dir='ltr'><strong>είς</strong></span> <span class='ocrx_word' id='word_1_298' title='bbox 1326 3942 1489 4008; x_wconf 82' lang='grc' dir='ltr'>Θεὸν,</span> <span class='ocrx_word' id='word_1_299' title='bbox 1537 3946 1628 3997; x_wconf 74' lang='grc' dir='ltr'><strong>ἐπὶ</strong></span> 
     </span>
    </p>
   </div>
   <div class='ocr_carea' id='block_1_43' title="bbox 135 4019 1625 4104">
    <p class='ocr_par' dir='ltr' id='par_1_43' title="bbox 135 4019 1625 4104">
     <span class='ocr_line' id='line_1_44' title="bbox 135 4019 1625 4104; baseline 0.01 -30"><span class='ocrx_word' id='word_1_300' title='bbox 135 4019 380 4095; x_wconf 72' lang='grc' dir='ltr'>καθαιρέσει</span> <span class='ocrx_word' id='word_1_301' title='bbox 405 4028 639 4100; x_wconf 79' lang='grc' dir='ltr'>ἐχθρῶν,</span> <span class='ocrx_word' id='word_1_302' title='bbox 666 4031 759 4083; x_wconf 74' lang='grc' dir='ltr'><strong>καὶ</strong></span> <span class='ocrx_word' id='word_1_303' title='bbox 792 4031 1110 4103; x_wconf 74' lang='grc' dir='ltr'>εὐχαριστίᾳ</span> <span class='ocrx_word' id='word_1_304' title='bbox 1135 4035 1202 4104; x_wconf 81' lang='grc' dir='ltr'>τῇ</span> <span class='ocrx_word' id='word_1_305' title='bbox 1228 4032 1368 4086; x_wconf 84' lang='grc' dir='ltr'>κατὰ</span> <span class='ocrx_word' id='word_1_306' title='bbox 1397 4034 1494 4098; x_wconf 84' lang='grc' dir='ltr'>τὰς</span> <span class='ocrx_word' id='word_1_307' title='bbox 1532 4035 1625 4089; x_wconf 79' lang='grc' dir='ltr'>τοῦ</span> 
     </span>
    </p>
   </div>
   <div class='ocr_carea' id='block_1_44' title="bbox 134 4108 1630 4197">
    <p class='ocr_par' dir='ltr' id='par_1_44' title="bbox 134 4108 1630 4197">
     <span class='ocr_line' id='line_1_45' title="bbox 134 4108 1630 4197; baseline 0.009 -30"><span class='ocrx_word' id='word_1_308' title='bbox 134 4108 227 4165; x_wconf 75' lang='grc' dir='ltr'>θεοῦ</span> <span class='ocrx_word' id='word_1_309' title='bbox 246 4117 560 4188; x_wconf 83' lang='grc' dir='ltr'>εὐεργεσίας,</span> <span class='ocrx_word' id='word_1_310' title='bbox 595 4123 758 4193; x_wconf 77' lang='grc' dir='ltr'>ἐχρῆν</span> <span class='ocrx_word' id='word_1_311' title='bbox 795 4123 1065 4194; x_wconf 83' lang='grc' dir='ltr'>περιέχειν</span> <span class='ocrx_word' id='word_1_312' title='bbox 1092 4125 1154 4177; x_wconf 84' lang='grc' dir='ltr'>οὐ</span> <span class='ocrx_word' id='word_1_313' title='bbox 1182 4126 1307 4195; x_wconf 89' lang='grc' dir='ltr'>μίαν</span> <span class='ocrx_word' id='word_1_314' title='bbox 1338 4144 1630 4197; x_wconf 75' lang='grc' dir='ltr'>πεντηκονοο</span> 
     </span>
    </p>
   </div>
   <div class='ocr_carea' id='block_1_45' title="bbox 134 4202 1628 4289">
    <p class='ocr_par' dir='ltr' id='par_1_45' title="bbox 134 4202 1628 4289">
     <span class='ocr_line' id='line_1_46' title="bbox 134 4202 1628 4289; baseline 0.008 -27"><span class='ocrx_word' id='word_1_315' title='bbox 134 4202 241 4269; x_wconf 65' lang='grc' dir='ltr'>τάδε,</span> <span class='ocrx_word' id='word_1_316' title='bbox 262 4208 383 4264; x_wconf 72' lang='grc' dir='ltr'>ἀλλὰ</span> <span class='ocrx_word' id='word_1_317' title='bbox 409 4216 584 4285; x_wconf 84' lang='grc' dir='ltr'>τρεῖς,</span> <span class='ocrx_word' id='word_1_318' title='bbox 612 4215 692 4276; x_wconf 77' lang='grc' dir='ltr'><strong>εις</strong></span> <span class='ocrx_word' id='word_1_319' title='bbox 717 4214 887 4285; x_wconf 73' lang='grc' dir='ltr'>ὄνομα</span> <span class='ocrx_word' id='word_1_320' title='bbox 926 4216 1167 4289; x_wconf 79' lang='grc' dir='ltr'>Πατρὸς,</span> <span class='ocrx_word' id='word_1_321' title='bbox 1205 4219 1298 4271; x_wconf 82' lang='grc' dir='ltr'>καὶ</span> <span class='ocrx_word' id='word_1_322' title='bbox 1328 4218 1457 4273; x_wconf 86' lang='grc' dir='ltr'><strong>Υἱοῦ</strong></span> <span class='ocrx_word' id='word_1_323' title='bbox 1476 4261 1490 4285; x_wconf 97' lang='grc'><strong>,</strong></span> <span class='ocrx_word' id='word_1_324' title='bbox 1536 4223 1628 4274; x_wconf 76' lang='grc' dir='ltr'>καὶ</span> 
     </span>
    </p>
   </div>
   <div class='ocr_carea' id='block_1_46' title="bbox 136 4294 575 4373">
    <p class='ocr_par' dir='ltr' id='par_1_46' title="bbox 136 4294 575 4373">
     <span class='ocr_line' id='line_1_47' title="bbox 136 4294 575 4373; baseline 0.025 -27"><span class='ocrx_word' id='word_1_325' title='bbox 136 4294 245 4361; x_wconf 80' lang='grc' dir='ltr'>ἁγίου</span> <span class='ocrx_word' id='word_1_326' title='bbox 260 4299 380 4355; x_wconf 86' lang='grc' dir='ltr'>Πνεύ</span> <span class='ocrx_word' id='word_1_327' title='bbox 387 4320 575 4373; x_wconf 87' lang='grc' dir='ltr'>ματος.</span> 
     </span>
    </p>
   </div>
   <div class='ocr_carea' id='block_1_47' title="bbox 179 4390 1702 4472">
    <p class='ocr_par' dir='ltr' id='par_1_47' title="bbox 179 4390 1702 4472">
     <span class='ocr_line' id='line_1_48' title="bbox 179 4390 1702 4472; baseline 0.015 -33"><span class='ocrx_word' id='word_1_328' title='bbox 179 4390 233 4441; x_wconf 71' lang='grc' dir='ltr'><strong>Δθ.</strong></span> <span class='ocrx_word' id='word_1_329' title='bbox 266 4391 500 4466; x_wconf 83' lang='grc' dir='ltr'>Περιέχει</span> <span class='ocrx_word' id='word_1_330' title='bbox 539 4396 658 4468; x_wconf 83' lang='grc' dir='ltr'><strong>δὲή</strong></span> <span class='ocrx_word' id='word_1_331' title='bbox 708 4399 1069 4469; x_wconf 80' lang='grc' dir='ltr'>πεντηκοντάς</span> <span class='ocrx_word' id='word_1_332' title='bbox 1118 4400 1259 4453; x_wconf 78' lang='grc' dir='ltr'>ἑπτὰ</span> <span class='ocrx_word' id='word_1_333' title='bbox 1298 4399 1622 4472; x_wconf 75' lang='grc' dir='ltr'>ἑϐδομάδας,</span> <span class='ocrx_word' id='word_1_334' title='bbox 1656 4393 1702 4449; x_wconf 82' lang='grc' dir='ltr'>Ῑ)</span> 
     </span>
    </p>
   </div>
   <div class='ocr_carea' id='block_1_48' title="bbox 135 4479 1624 4561">
    <p class='ocr_par' dir='ltr' id='par_1_48' title="bbox 135 4479 1624 4561">
     <span class='ocr_line' id='line_1_49' title="bbox 135 4479 1624 4561; baseline 0.007 -25"><span class='ocrx_word' id='word_1_335' title='bbox 135 4479 316 4538; x_wconf 70' lang='grc' dir='ltr'>σάὖεατα</span> <span class='ocrx_word' id='word_1_336' title='bbox 344 4489 643 4553; x_wconf 68' lang='grc' dir='ltr'>σαϐϐάτων,</span> <span class='ocrx_word' id='word_1_337' title='bbox 674 4490 766 4544; x_wconf 73' lang='grc' dir='ltr'>καὶ</span> <span class='ocrx_word' id='word_1_338' title='bbox 796 4490 967 4561; x_wconf 81' lang='grc' dir='ltr'>ἀρχὴν</span> <span class='ocrx_word' id='word_1_339' title='bbox 1000 4490 1137 4561; x_wconf 83' lang='grc' dir='ltr'>μετὰ</span> <span class='ocrx_word' id='word_1_340' title='bbox 1158 4491 1335 4545; x_wconf 88' lang='grc' dir='ltr'>τέλεια</span> <span class='ocrx_word' id='word_1_341' title='bbox 1363 4492 1624 4559; x_wconf 78' lang='grc' dir='ltr'>σάϐϐατα,</span> 
     </span>
    </p>
   </div>
   <div class='ocr_carea' id='block_1_49' title="bbox 135 4567 1629 4652">
    <p class='ocr_par' dir='ltr' id='par_1_49' title="bbox 135 4567 1629 4652">
     <span class='ocr_line' id='line_1_50' title="bbox 135 4567 1629 4652; baseline 0.008 -26"><span class='ocrx_word' id='word_1_342' title='bbox 135 4567 232 4643; x_wconf 68' lang='grc' dir='ltr'>ὑπὲρ</span> <span class='ocrx_word' id='word_1_343' title='bbox 254 4576 311 4629; x_wconf 81' lang='grc' dir='ltr'>τὰ</span> <span class='ocrx_word' id='word_1_344' title='bbox 338 4580 578 4633; x_wconf 75' lang='grc' dir='ltr'>σάϐϐατα</span> <span class='ocrx_word' id='word_1_345' title='bbox 607 4583 665 4634; x_wconf 82' lang='grc' dir='ltr'>ὲν</span> <span class='ocrx_word' id='word_1_346' title='bbox 693 4582 901 4649; x_wconf 84' lang='grc' dir='ltr'>ὀγδοάδι</span> <span class='ocrx_word' id='word_1_347' title='bbox 932 4581 1145 4651; x_wconf 80' lang='grc' dir='ltr'>ἀληθῶς</span> <span class='ocrx_word' id='word_1_348' title='bbox 1176 4582 1365 4652; x_wconf 81' lang='grc' dir='ltr'>καινῆς</span> <span class='ocrx_word' id='word_1_349' title='bbox 1385 4585 1629 4638; x_wconf 84' lang='grc' dir='ltr'>ἀναπαύ-</span> 
     </span>
    </p>
   </div>
   <div class='ocr_carea' id='block_1_50' title="bbox 135 4670 1628 4747">
    <p class='ocr_par' dir='ltr' id='par_1_50' title="bbox 135 4670 1628 4747">
     <span class='ocr_line' id='line_1_51' title="bbox 135 4670 1628 4747; baseline 0.008 -30"><span class='ocrx_word' id='word_1_350' title='bbox 135 4675 245 4727; x_wconf 77' lang='grc' dir='ltr'>σεως.</span> <span class='ocrx_word' id='word_1_351' title='bbox 280 4670 376 4723; x_wconf 75' lang='grc' dir='ltr'><strong>Καὶ</strong></span> <span class='ocrx_word' id='word_1_352' title='bbox 402 4671 560 4725; x_wconf 80' lang='grc' dir='ltr'>τοῦτο</span> <span class='ocrx_word' id='word_1_353' title='bbox 596 4673 689 4725; x_wconf 76' lang='grc' dir='ltr'><strong>ἐπὶ</strong></span> <span class='ocrx_word' id='word_1_354' title='bbox 719 4672 827 4726; x_wconf 85' lang='grc' dir='ltr'><strong>τῶν</strong></span> <span class='ocrx_word' id='word_1_355' title='bbox 856 4673 1098 4743; x_wconf 80' lang='grc' dir='ltr'>Ψαλμῶν</span> <span class='ocrx_word' id='word_1_356' title='bbox 1125 4675 1153 4726; x_wconf 87' lang='lat'><strong>6</strong></span> <span class='ocrx_word' id='word_1_357' title='bbox 1199 4674 1490 4744; x_wconf 86' lang='grc' dir='ltr'>δυνάμενος</span> <span class='ocrx_word' id='word_1_358' title='bbox 1531 4693 1628 4747; x_wconf 90' lang='grc' dir='ltr'>τη-</span> 
     </span>
    </p>
   </div>
   <div class='ocr_carea' id='block_1_51' title="bbox 133 4755 1626 4836">
    <p class='ocr_par' dir='ltr' id='par_1_51' title="bbox 133 4755 1626 4836">
     <span class='ocr_line' id='line_1_52' title="bbox 133 4755 1626 4836; baseline 0 -16"><span class='ocrx_word' id='word_1_359' title='bbox 133 4755 249 4820; x_wconf 74' lang='grc' dir='ltr'>Ρείτω</span> <span class='ocrx_word' id='word_1_360' title='bbox 270 4762 436 4830; x_wconf 75' lang='grc' dir='ltr'>μεῖζον</span> <span class='ocrx_word' id='word_1_361' title='bbox 466 4764 500 4833; x_wconf 83' lang='grc' dir='ltr'>ἢ</span> <span class='ocrx_word' id='word_1_362' title='bbox 530 4766 651 4817; x_wconf 78' lang='grc' dir='ltr'>κατ’</span> <span class='ocrx_word' id='word_1_363' title='bbox 699 4765 1001 4836; x_wconf 84' lang='grc' dir='ltr'>ἄνθρωπον,</span> <span class='ocrx_word' id='word_1_364' title='bbox 1031 4766 1099 4818; x_wconf 78' lang='grc' dir='ltr'>τὸ</span> <span class='ocrx_word' id='word_1_365' title='bbox 1130 4766 1222 4818; x_wconf 78' lang='grc' dir='ltr'><strong>ἐπὶ</strong></span> <span class='ocrx_word' id='word_1_366' title='bbox 1258 4766 1471 4820; x_wconf 81' lang='grc' dir='ltr'>πάντων</span> <span class='ocrx_word' id='word_1_367' title='bbox 1502 4768 1626 4832; x_wconf 87' lang='grc' dir='ltr'>τοὺς</span> 
     </span>
    </p>
   </div>
   <div class='ocr_carea' id='block_1_52' title="bbox 132 4839 1622 4930">
    <p class='ocr_par' dir='ltr' id='par_1_52' title="bbox 132 4839 1622 4930">
     <span class='ocr_line' id='line_1_53' title="bbox 132 4839 1622 4930; baseline 0.001 -19"><span class='ocrx_word' id='word_1_368' title='bbox 132 4839 270 4913; x_wconf 60' lang='grc' dir='ltr'><strong>λίςῖθυς</strong></span> <span class='ocrx_word' id='word_1_369' title='bbox 290 4854 455 4925; x_wconf 77' lang='grc' dir='ltr'>εὑρεῖν</span> <span class='ocrx_word' id='word_1_370' title='bbox 494 4856 570 4919; x_wconf 87' lang='grc' dir='ltr'>ὠς</span> <span class='ocrx_word' id='word_1_371' title='bbox 601 4856 1052 4928; x_wconf 85' lang='grc' dir='ltr'>παραθησόμεθα.</span> <span class='ocrx_word' id='word_1_372' title='bbox 1080 4851 1202 4911; x_wconf 77' lang='grc' dir='ltr'>Οἷον</span> <span class='ocrx_word' id='word_1_373' title='bbox 1240 4858 1321 4912; x_wconf 84' lang='grc' dir='ltr'>ὅτι</span> <span class='ocrx_word' id='word_1_374' title='bbox 1355 4859 1416 4911; x_wconf 82' lang='grc' dir='ltr'>οὐ</span> <span class='ocrx_word' id='word_1_375' title='bbox 1449 4859 1622 4930; x_wconf 87' lang='grc' dir='ltr'>μάτην</span> 
     </span>
    </p>
   </div>
   <div class='ocr_carea' id='block_1_53' title="bbox 129 4936 1623 5023">
    <p class='ocr_par' dir='ltr' id='par_1_53' title="bbox 129 4936 1623 5023">
     <span class='ocr_line' id='line_1_54' title="bbox 129 4936 1623 5023; baseline 0.004 -24"><span class='ocrx_word' id='word_1_376' title='bbox 129 4936 321 5008; x_wconf 69' lang='grc' dir='ltr'>άῦγδοος</span> <span class='ocrx_word' id='word_1_377' title='bbox 349 4948 473 5015; x_wconf 73' lang='grc' dir='ltr'>περὶ</span> <span class='ocrx_word' id='word_1_378' title='bbox 506 4947 624 5001; x_wconf 78' lang='grc' dir='ltr'><strong>τῶν</strong></span> <span class='ocrx_word' id='word_1_379' title='bbox 666 4946 870 5016; x_wconf 77' lang='grc' dir='ltr'>ληνῶν</span> <span class='ocrx_word' id='word_1_380' title='bbox 915 4949 1313 5021; x_wconf 78' lang='grc' dir='ltr'>ἐπιγέγραπται</span> <span class='ocrx_word' id='word_1_381' title='bbox 1337 4993 1351 5014; x_wconf 92' lang='grc'><strong>,</strong></span> <span class='ocrx_word' id='word_1_382' title='bbox 1397 4951 1623 5023; x_wconf 79' lang='grc' dir='ltr'>καρπῶν</span> 
     </span>
    </p>
   </div>
   <div class='ocr_carea' id='block_1_54' title="bbox 133 5030 1623 5110">
    <p class='ocr_par' dir='ltr' id='par_1_54' title="bbox 133 5030 1623 5110">
     <span class='ocr_line' id='line_1_55' title="bbox 133 5030 1623 5110; baseline 0.005 -23"><span class='ocrx_word' id='word_1_383' title='bbox 133 5030 337 5102; x_wconf 60' lang='grc' dir='ltr'>πριὲχων</span> <span class='ocrx_word' id='word_1_384' title='bbox 375 5039 430 5091; x_wconf 80' lang='grc' dir='ltr'>ὲν</span> <span class='ocrx_word' id='word_1_385' title='bbox 470 5038 681 5106; x_wconf 85' lang='grc' dir='ltr'>ὀγδοάδι</span> <span class='ocrx_word' id='word_1_386' title='bbox 716 5038 809 5090; x_wconf 83' lang='grc' dir='ltr'>τὸν</span> <span class='ocrx_word' id='word_1_387' title='bbox 846 5037 1218 5108; x_wconf 56' lang='grc' dir='ltr'>ἀπαρτισμὸν</span> <span class='ocrx_word' id='word_1_388' title='bbox 1267 5038 1475 5092; x_wconf 80' lang='grc' dir='ltr'>οὐδέπω</span> <span class='ocrx_word' id='word_1_389' title='bbox 1516 5039 1623 5110; x_wconf 82' lang='grc' dir='ltr'>γὰρ</span> 
     </span>
    </p>
   </div>
   <div class='ocr_carea' id='block_1_55' title="bbox 131 5120 1623 5198">
    <p class='ocr_par' dir='ltr' id='par_1_55' title="bbox 131 5120 1623 5198">
     <span class='ocr_line' id='line_1_56' title="bbox 131 5120 1623 5198; baseline 0.007 -23"><span class='ocrx_word' id='word_1_390' title='bbox 131 5120 271 5191; x_wconf 75' lang='grc' dir='ltr'>καιρὸς</span> <span class='ocrx_word' id='word_1_391' title='bbox 300 5127 390 5197; x_wconf 85' lang='grc' dir='ltr'>τῆς</span> <span class='ocrx_word' id='word_1_392' title='bbox 435 5126 784 5192; x_wconf 84' lang='grc' dir='ltr'>ἀπολαύσεως</span> <span class='ocrx_word' id='word_1_393' title='bbox 816 5126 924 5180; x_wconf 87' lang='grc' dir='ltr'><strong>τῶν</strong></span> <span class='ocrx_word' id='word_1_394' title='bbox 960 5127 1185 5198; x_wconf 82' lang='grc' dir='ltr'>καρπῶν</span> <span class='ocrx_word' id='word_1_395' title='bbox 1224 5127 1324 5197; x_wconf 78' lang='grc' dir='ltr'>τῆς</span> <span class='ocrx_word' id='word_1_396' title='bbox 1366 5128 1623 5198; x_wconf 80' lang='grc' dir='ltr'>ἀληθινῆς</span> 
     </span>
    </p>
   </div>
   <div class='ocr_carea' id='block_1_56' title="bbox 130 5205 1622 5287">
    <p class='ocr_par' dir='ltr' id='par_1_56' title="bbox 130 5205 1622 5287">
     <span class='ocr_line' id='line_1_57' title="bbox 130 5205 1622 5287; baseline 0.006 -25"><span class='ocrx_word' id='word_1_397' title='bbox 130 5205 318 5273; x_wconf 79' lang='grc' dir='ltr'>ἀμπέλου</span> <span class='ocrx_word' id='word_1_398' title='bbox 351 5217 563 5271; x_wconf 71' lang='grc' dir='ltr'>ἐδύνατο</span> <span class='ocrx_word' id='word_1_399' title='bbox 589 5213 727 5271; x_wconf 77' lang='grc' dir='ltr'>εἶναι</span> <span class='ocrx_word' id='word_1_400' title='bbox 759 5219 816 5269; x_wconf 79' lang='grc' dir='ltr'>ὲν</span> <span class='ocrx_word' id='word_1_401' title='bbox 847 5217 960 5279; x_wconf 90' lang='grc' dir='ltr'>τοῖς</span> <span class='ocrx_word' id='word_1_402' title='bbox 1002 5216 1107 5287; x_wconf 86' lang='grc' dir='ltr'>πρὸ</span> <span class='ocrx_word' id='word_1_403' title='bbox 1145 5216 1239 5269; x_wconf 83' lang='grc' dir='ltr'>τοῦ</span> <span class='ocrx_word' id='word_1_404' title='bbox 1277 5216 1481 5284; x_wconf 84' lang='grc' dir='ltr'>ὀγδόου.</span> <span class='ocrx_word' id='word_1_405' title='bbox 1513 5219 1622 5272; x_wconf 76' lang='grc' dir='ltr'>Καὶ</span> 
     </span>
    </p>
   </div>
   <div class='ocr_carea' id='block_1_57' title="bbox 129 5295 1617 5379">
    <p class='ocr_par' dir='ltr' id='par_1_57' title="bbox 129 5295 1617 5379">
     <span class='ocr_line' id='line_1_58' title="bbox 129 5295 1617 5379; baseline 0.008 -32"><span class='ocrx_word' id='word_1_406' title='bbox 129 5295 186 5349; x_wconf 73' lang='grc' dir='ltr'>ὅτι</span> <span class='ocrx_word' id='word_1_407' title='bbox 205 5301 228 5351; x_wconf 91' lang='lat'><strong>6</strong></span> <span class='ocrx_word' id='word_1_408' title='bbox 247 5303 470 5379; x_wconf 80' lang='grc' dir='ltr'>δεύτερος</span> <span class='ocrx_word' id='word_1_409' title='bbox 494 5308 646 5376; x_wconf 79' lang='grc' dir='ltr'>ὑπὲρ</span> <span class='ocrx_word' id='word_1_410' title='bbox 675 5306 793 5361; x_wconf 78' lang='grc' dir='ltr'>τῶν</span> <span class='ocrx_word' id='word_1_411' title='bbox 818 5305 1040 5373; x_wconf 69' lang='grc' dir='ltr'>ληνῶν,</span> <span class='ocrx_word' id='word_1_412' title='bbox 1072 5306 1421 5378; x_wconf 81' lang='grc' dir='ltr'>ὀγδοηκοστός</span> <span class='ocrx_word' id='word_1_413' title='bbox 1453 5310 1617 5372; x_wconf 82' lang='grc' dir='ltr'>ἐστιν,</span> 
     </span>
    </p>
   </div>
   <div class='ocr_carea' id='block_1_58' title="bbox 131 5386 1622 5470">
    <p class='ocr_par' dir='ltr' id='par_1_58' title="bbox 131 5386 1622 5470">
     <span class='ocr_line' id='line_1_59' title="bbox 131 5386 1622 5470; baseline 0.005 -25"><span class='ocrx_word' id='word_1_414' title='bbox 131 5386 249 5460; x_wconf 67' lang='grc' dir='ltr'>ἀλλην</span> <span class='ocrx_word' id='word_1_415' title='bbox 270 5397 476 5464; x_wconf 84' lang='grc' dir='ltr'>ὀγδοάδα</span> <span class='ocrx_word' id='word_1_416' title='bbox 502 5400 788 5470; x_wconf 79' lang='grc' dir='ltr'>περιέχων,</span> <span class='ocrx_word' id='word_1_417' title='bbox 812 5398 910 5469; x_wconf 82' lang='grc' dir='ltr'>τὴν</span> <span class='ocrx_word' id='word_1_418' title='bbox 943 5401 1000 5451; x_wconf 82' lang='grc' dir='ltr'>ἐν</span> <span class='ocrx_word' id='word_1_419' title='bbox 1021 5398 1265 5451; x_wconf 84' lang='grc' dir='ltr'>δεκάσιν·</span> <span class='ocrx_word' id='word_1_420' title='bbox 1294 5399 1322 5450; x_wconf 89' lang='grc' dir='ltr'>ὁ</span> <span class='ocrx_word' id='word_1_421' title='bbox 1349 5397 1405 5451; x_wconf 81' lang='grc' dir='ltr'>δὲ</span> <span class='ocrx_word' id='word_1_422' title='bbox 1435 5398 1622 5469; x_wconf 82' lang='grc' dir='ltr'>ὀγδοη-</span> 
     </span>
    </p>
   </div>
   <div class='ocr_carea' id='block_1_59' title="bbox 132 5485 1617 5561">
    <p class='ocr_par' dir='ltr' id='par_1_59' title="bbox 132 5485 1617 5561">
     <span class='ocr_line' id='line_1_60' title="bbox 132 5485 1617 5561; baseline 0.001 -20"><span class='ocrx_word' id='word_1_423' title='bbox 132 5485 273 5548; x_wconf 70' lang='grc' dir='ltr'>κσστδς</span> <span class='ocrx_word' id='word_1_424' title='bbox 308 5491 495 5560; x_wconf 80' lang='grc' dir='ltr'>τρίτος,</span> <span class='ocrx_word' id='word_1_425' title='bbox 532 5491 973 5561; x_wconf 75' lang='grc' dir='ltr'>ἐπιπλεκομένων</span> <span class='ocrx_word' id='word_1_426' title='bbox 1016 5490 1119 5544; x_wconf 75' lang='grc' dir='ltr'><strong>Δδύο</strong></span> <span class='ocrx_word' id='word_1_427' title='bbox 1156 5490 1324 5557; x_wconf 79' lang='grc' dir='ltr'>ἁγίων</span> <span class='ocrx_word' id='word_1_428' title='bbox 1354 5490 1617 5560; x_wconf 82' lang='grc' dir='ltr'>ἀριθμῶν,</span> 
     </span>
    </p>
   </div>
   <div class='ocr_carea' id='block_1_60' title="bbox 129 5572 1621 5652">
    <p class='ocr_par' dir='ltr' id='par_1_60' title="bbox 129 5572 1621 5652">
     <span class='ocr_line' id='line_1_61' title="bbox 129 5572 1621 5652; baseline -0.002 -15"><span class='ocrx_word' id='word_1_429' title='bbox 129 5572 195 5623; x_wconf 61' lang='grc' dir='ltr'><strong>τοῦ</strong></span> <span class='ocrx_word' id='word_1_430' title='bbox 219 5577 379 5645; x_wconf 68' lang='grc' dir='ltr'>όγδόου</span> <span class='ocrx_word' id='word_1_431' title='bbox 410 5585 467 5637; x_wconf 86' lang='grc' dir='ltr'>ὲν</span> <span class='ocrx_word' id='word_1_432' title='bbox 494 5584 701 5648; x_wconf 88' lang='grc' dir='ltr'>δεκάσι,</span> <span class='ocrx_word' id='word_1_433' title='bbox 733 5584 828 5636; x_wconf 80' lang='grc' dir='ltr'>καὶ</span> <span class='ocrx_word' id='word_1_434' title='bbox 863 5581 954 5635; x_wconf 80' lang='grc' dir='ltr'><strong>τοῦ</strong></span> <span class='ocrx_word' id='word_1_435' title='bbox 978 5583 1159 5652; x_wconf 85' lang='grc' dir='ltr'>τρίτου</span> <span class='ocrx_word' id='word_1_436' title='bbox 1187 5584 1244 5635; x_wconf 84' lang='grc' dir='ltr'>ὲν</span> <span class='ocrx_word' id='word_1_437' title='bbox 1271 5582 1461 5652; x_wconf 86' lang='grc' dir='ltr'>μονάσι</span> <span class='ocrx_word' id='word_1_438' title='bbox 1483 5600 1495 5611; x_wconf 82' lang='grc'><em>’</em></span> <span class='ocrx_word' id='word_1_439' title='bbox 1528 5582 1621 5636; x_wconf 80' lang='grc' dir='ltr'>καὶ</span> 
     </span>
    </p>
   </div>
   <div class='ocr_carea' id='block_1_61' title="bbox 191 5690 562 5765">
    <p class='ocr_par' dir='ltr' id='par_1_61' title="bbox 191 5690 562 5765">
     <span class='ocr_line' id='line_1_62' title="bbox 191 5690 562 5765; baseline 0.019 -16"><span class='ocrx_word' id='word_1_440' title='bbox 191 5690 330 5753; x_wconf 79' lang='lat' dir='ltr'><strong>&#39;Luc.</strong></span> <span class='ocrx_word' id='word_1_441' title='bbox 360 5717 448 5765; x_wconf 81' lang='lat' dir='ltr'><strong>vu,</strong></span> <span class='ocrx_word' id='word_1_442' title='bbox 474 5703 562 5756; x_wconf 69' lang='grc'><strong>41.</strong></span> 
     </span>
    </p>
   </div>
   <div class='ocr_carea' id='block_1_62' title="bbox 384 5793 923 5856">
    <p class='ocr_par' dir='ltr' id='par_1_62' title="bbox 384 5793 923 5856">
     <span class='ocr_line' id='line_1_63' title="bbox 384 5793 923 5856; baseline 0.002 -4"><span class='ocrx_word' id='word_1_443' title='bbox 384 5793 647 5856; x_wconf 66' lang='lat' dir='ltr'><strong>Pauor.</strong></span> <span class='ocrx_word' id='word_1_444' title='bbox 693 5795 806 5855; x_wconf 76' lang='lat' dir='ltr'><strong>Gn.</strong></span> <span class='ocrx_word' id='word_1_445' title='bbox 844 5795 923 5854; x_wconf 85' lang='lat' dir='ltr'><strong>X.</strong></span> 
     </span>
    </p>
   </div>
   <div class='ocr_carea' id='block_1_63' title="bbox 1764 474 3318 545">
    <p class='ocr_par' dir='ltr' id='par_1_63' title="bbox 1764 474 3318 545">
     <span class='ocr_line' id='line_1_64' title="bbox 1764 474 3318 545; baseline 0.002 -18"><span class='ocrx_word' id='word_1_446' title='bbox 1764 475 1981 530; x_wconf 91' lang='lat' dir='ltr'><strong>modum</strong></span> <span class='ocrx_word' id='word_1_447' title='bbox 2010 486 2306 545; x_wconf 88' lang='lat' dir='ltr'><strong>concepta,</strong></span> <span class='ocrx_word' id='word_1_448' title='bbox 2360 474 2581 528; x_wconf 79' lang='lat' dir='ltr'><strong>Davidis</strong></span> <span class='ocrx_word' id='word_1_449' title='bbox 2627 475 2858 545; x_wconf 76' lang='lat' dir='ltr'><strong>psalmus</strong></span> <span class='ocrx_word' id='word_1_450' title='bbox 2908 479 3019 531; x_wconf 82' lang='lat' dir='ltr'><strong>sive</strong></span> <span class='ocrx_word' id='word_1_451' title='bbox 3066 475 3318 541; x_wconf 82' lang='lat' dir='ltr'><strong>Davidis,</strong></span> 
     </span>
    </p>
   </div>
   <div class='ocr_carea' id='block_1_64' title="bbox 1763 564 3321 638">
    <p class='ocr_par' dir='ltr' id='par_1_64' title="bbox 1763 564 3321 638">
     <span class='ocr_line' id='line_1_65' title="bbox 1763 564 3321 638; baseline 0.004 -21"><span class='ocrx_word' id='word_1_452' title='bbox 1763 564 1965 634; x_wconf 88' lang='lat' dir='ltr'><strong>absque</strong></span> <span class='ocrx_word' id='word_1_453' title='bbox 2000 565 2109 620; x_wconf 88' lang='lat' dir='ltr'><strong>uilo</strong></span> <span class='ocrx_word' id='word_1_454' title='bbox 2135 581 2361 637; x_wconf 87' lang='lat' dir='ltr'><strong>prorsus</strong></span> <span class='ocrx_word' id='word_1_455' title='bbox 2389 565 2795 621; x_wconf 85' lang='lat' dir='ltr'><strong>additamento?</strong></span> <span class='ocrx_word' id='word_1_456' title='bbox 2823 568 2996 638; x_wconf 86' lang='lat' dir='ltr'><strong>Atque</strong></span> <span class='ocrx_word' id='word_1_457' title='bbox 3046 568 3160 622; x_wconf 55' lang='lat' dir='ltr'><strong>haec</strong></span> <span class='ocrx_word' id='word_1_458' title='bbox 3200 568 3321 623; x_wconf 84' lang='lat' dir='ltr'><strong>ubi-</strong></span> 
     </span>
    </p>
   </div>
   <div class='ocr_carea' id='block_1_65' title="bbox 1759 656 3316 726">
    <p class='ocr_par' dir='ltr' id='par_1_65' title="bbox 1759 656 3316 726">
     <span class='ocr_line' id='line_1_66' title="bbox 1759 656 3316 726; baseline 0.003 -19"><span class='ocrx_word' id='word_1_459' title='bbox 1759 668 1974 723; x_wconf 82' lang='lat' dir='ltr'><strong>cunque</strong></span> <span class='ocrx_word' id='word_1_460' title='bbox 2014 656 2127 710; x_wconf 89' lang='lat' dir='ltr'><strong>sola</strong></span> <span class='ocrx_word' id='word_1_461' title='bbox 2176 656 2415 711; x_wconf 89' lang='lat' dir='ltr'><strong>occurrit</strong></span> <span class='ocrx_word' id='word_1_462' title='bbox 2445 656 2758 726; x_wconf 75' lang='lat' dir='ltr'><strong>inscriptio,</strong></span> <span class='ocrx_word' id='word_1_463' title='bbox 2803 656 3059 726; x_wconf 79' lang='lat' dir='ltr'><strong>suspicati</strong></span> <span class='ocrx_word' id='word_1_464' title='bbox 3091 671 3316 722; x_wconf 85' lang='lat' dir='ltr'><strong>sumus,</strong></span> 
     </span>
    </p>
   </div>
   <div class='ocr_carea' id='block_1_66' title="bbox 1760 746 3316 816">
    <p class='ocr_par' dir='ltr' id='par_1_66' title="bbox 1760 746 3316 816">
     <span class='ocr_line' id='line_1_67' title="bbox 1760 746 3316 816; baseline 0.001 -17"><span class='ocrx_word' id='word_1_465' title='bbox 1760 761 1935 815; x_wconf 86' lang='lat' dir='ltr'><strong>neque</strong></span> <span class='ocrx_word' id='word_1_466' title='bbox 1974 746 2239 815; x_wconf 86' lang='lat' dir='ltr'><strong>psalmum</strong></span> <span class='ocrx_word' id='word_1_467' title='bbox 2288 747 2591 816; x_wconf 86' lang='lat' dir='ltr'><strong>subjectum</strong></span> <span class='ocrx_word' id='word_1_468' title='bbox 2639 762 2779 810; x_wconf 86' lang='lat' dir='ltr'><strong>esse,</strong></span> <span class='ocrx_word' id='word_1_469' title='bbox 2818 762 2992 816; x_wconf 88' lang='lat' dir='ltr'><strong>neque</strong></span> <span class='ocrx_word' id='word_1_470' title='bbox 3022 749 3316 812; x_wconf 81' lang='lat' dir='ltr'><strong>canticum,</strong></span> 
     </span>
    </p>
   </div>
   <div class='ocr_carea' id='block_1_67' title="bbox 1758 837 3318 909">
    <p class='ocr_par' dir='ltr' id='par_1_67' title="bbox 1758 837 3318 909">
     <span class='ocr_line' id='line_1_68' title="bbox 1758 837 3318 909; baseline 0.004 -21"><span class='ocrx_word' id='word_1_471' title='bbox 1758 845 1815 890; x_wconf 90' lang='lat' dir='ltr'><strong>at</strong></span> <span class='ocrx_word' id='word_1_472' title='bbox 1858 852 2163 892; x_wconf 84' lang='lat' dir='ltr'><strong>sermonem</strong></span> <span class='ocrx_word' id='word_1_473' title='bbox 2214 839 2501 908; x_wconf 83' lang='lat' dir='ltr'><strong>quemdam</strong></span> <span class='ocrx_word' id='word_1_474' title='bbox 2670 837 2904 909; x_wconf 86' lang='lat' dir='ltr'><strong>Spiritus</strong></span> <span class='ocrx_word' id='word_1_475' title='bbox 2934 839 3118 902; x_wconf 88' lang='lat' dir='ltr'><strong>ductu,</strong></span> <span class='ocrx_word' id='word_1_476' title='bbox 3172 839 3318 895; x_wconf 88' lang='lat' dir='ltr'><strong>illius</strong></span> 
     </span>
    </p>
   </div>
   <div class='ocr_carea' id='block_1_68' title="bbox 1756 928 3317 1000">
    <p class='ocr_par' dir='ltr' id='par_1_68' title="bbox 1756 928 3317 1000">
     <span class='ocr_line' id='line_1_69' title="bbox 1756 928 3317 1000; baseline 0.001 -18"><span class='ocrx_word' id='word_1_477' title='bbox 1756 930 1931 998; x_wconf 82' lang='lat' dir='ltr'><strong>gratia</strong></span> <span class='ocrx_word' id='word_1_478' title='bbox 1955 929 2310 1000; x_wconf 79' lang='lat' dir='ltr'><strong>divulgatum.</strong></span> <span class='ocrx_word' id='word_1_479' title='bbox 2327 930 2419 1000; x_wconf 88' lang='lat' dir='ltr'><strong>qui</strong></span> <span class='ocrx_word' id='word_1_480' title='bbox 2446 931 2728 985; x_wconf 84' lang='lat' dir='ltr'><strong>utilitatem</strong></span> <span class='ocrx_word' id='word_1_481' title='bbox 2759 928 3102 1000; x_wconf 78' lang='lat' dir='ltr'><strong>intelligendo</strong></span> <span class='ocrx_word' id='word_1_482' title='bbox 3123 944 3317 1000; x_wconf 86' lang='lat' dir='ltr'><strong>capere</strong></span> 
     </span>
    </p>
   </div>
   <div class='ocr_carea' id='block_1_69' title="bbox 1755 1019 3313 1093">
    <p class='ocr_par' dir='ltr' id='par_1_69' title="bbox 1755 1019 3313 1093">
     <span class='ocr_line' id='line_1_70' title="bbox 1755 1019 3313 1093; baseline 0.001 -19"><span class='ocrx_word' id='word_1_483' title='bbox 1755 1029 1955 1090; x_wconf 90' lang='lat' dir='ltr'><strong>posset.</strong></span> <span class='ocrx_word' id='word_1_484' title='bbox 1990 1019 2063 1075; x_wconf 89' lang='lat' dir='ltr'><strong>De</strong></span> <span class='ocrx_word' id='word_1_485' title='bbox 2100 1022 2390 1091; x_wconf 84' lang='lat' dir='ltr'><strong>postremis</strong></span> <span class='ocrx_word' id='word_1_486' title='bbox 2424 1023 2640 1093; x_wconf 86' lang='lat' dir='ltr'><strong>quidem</strong></span> <span class='ocrx_word' id='word_1_487' title='bbox 2672 1021 2843 1085; x_wconf 87' lang='lat' dir='ltr'><strong>hisce,</strong></span> <span class='ocrx_word' id='word_1_488' title='bbox 2882 1020 2945 1075; x_wconf 88' lang='lat' dir='ltr'><strong>ad</strong></span> <span class='ocrx_word' id='word_1_489' title='bbox 2977 1036 3063 1075; x_wconf 91' lang='lat' dir='ltr'><strong>me</strong></span> <span class='ocrx_word' id='word_1_490' title='bbox 3105 1019 3313 1077; x_wconf 65' lang='grc' dir='ltr'><strong>Πρω-τιεί</strong></span> 
     </span>
    </p>
   </div>
   <div class='ocr_carea' id='block_1_70' title="bbox 1755 1112 3312 1185">
    <p class='ocr_par' dir='ltr' id='par_1_70' title="bbox 1755 1112 3312 1185">
     <span class='ocr_line' id='line_1_71' title="bbox 1755 1112 3312 1185; baseline 0.001 -20"><span class='ocrx_word' id='word_1_491' title='bbox 1755 1112 2036 1181; x_wconf 84' lang='lat' dir='ltr'><strong>cujusdam</strong></span> <span class='ocrx_word' id='word_1_492' title='bbox 2067 1113 2402 1182; x_wconf 86' lang='lat' dir='ltr'><strong>permanavit</strong></span> <span class='ocrx_word' id='word_1_493' title='bbox 2442 1114 2626 1185; x_wconf 90' lang='lat' dir='ltr'><strong>opinio</strong></span> <span class='ocrx_word' id='word_1_494' title='bbox 2656 1129 2685 1168; x_wconf 91' lang='lat' dir='ltr'><strong>a</strong></span> <span class='ocrx_word' id='word_1_495' title='bbox 2726 1113 3025 1183; x_wconf 86' lang='lat' dir='ltr'><strong>majoribus</strong></span> <span class='ocrx_word' id='word_1_496' title='bbox 3059 1122 3312 1181; x_wconf 87' lang='lat' dir='ltr'><strong>accepta:</strong></span> 
     </span>
    </p>
   </div>
   <div class='ocr_carea' id='block_1_71' title="bbox 1753 1204 3315 1275">
    <p class='ocr_par' dir='ltr' id='par_1_71' title="bbox 1753 1204 3315 1275">
     <span class='ocr_line' id='line_1_72' title="bbox 1753 1204 3315 1275; baseline 0 -18"><span class='ocrx_word' id='word_1_497' title='bbox 1753 1218 1878 1257; x_wconf 92' lang='lat' dir='ltr'><strong>nam</strong></span> <span class='ocrx_word' id='word_1_498' title='bbox 1902 1206 2121 1275; x_wconf 87' lang='lat' dir='ltr'><strong>quando</strong></span> <span class='ocrx_word' id='word_1_499' title='bbox 2144 1214 2272 1260; x_wconf 89' lang='lat' dir='ltr'><strong>sunt</strong></span> <span class='ocrx_word' id='word_1_500' title='bbox 2301 1206 2481 1275; x_wconf 82' lang='lat' dir='ltr'><strong>plures</strong></span> <span class='ocrx_word' id='word_1_501' title='bbox 2509 1206 2715 1275; x_wconf 88' lang='lat' dir='ltr'><strong>absque</strong></span> <span class='ocrx_word' id='word_1_502' title='bbox 2751 1205 2905 1259; x_wconf 87' lang='lat' dir='ltr'><strong>titulo</strong></span> <span class='ocrx_word' id='word_1_503' title='bbox 2931 1204 3146 1275; x_wconf 87' lang='lat' dir='ltr'><strong>psalmi,</strong></span> <span class='ocrx_word' id='word_1_504' title='bbox 3172 1220 3315 1258; x_wconf 91' lang='lat' dir='ltr'><strong>unus</strong></span> 
     </span>
    </p>
   </div>
   <div class='ocr_carea' id='block_1_72' title="bbox 1752 1292 3311 1364">
    <p class='ocr_par' dir='ltr' id='par_1_72' title="bbox 1752 1292 3311 1364">
     <span class='ocr_line' id='line_1_73' title="bbox 1752 1292 3311 1364; baseline -0.001 -17"><span class='ocrx_word' id='word_1_505' title='bbox 1752 1302 1933 1349; x_wconf 90' lang='lat' dir='ltr'><strong>autem</strong></span> <span class='ocrx_word' id='word_1_506' title='bbox 1983 1310 2091 1363; x_wconf 76' lang='lat' dir='ltr'><strong>pra:</strong></span> <span class='ocrx_word' id='word_1_507' title='bbox 2138 1296 2348 1351; x_wconf 61' lang='lat' dir='ltr'><strong>caeteris</strong></span> <span class='ocrx_word' id='word_1_508' title='bbox 2392 1295 2799 1364; x_wconf 89' lang='lat' dir='ltr'><strong>inscriptionem</strong></span> <span class='ocrx_word' id='word_1_509' title='bbox 2847 1293 3007 1348; x_wconf 86' lang='lat' dir='ltr'><strong>habet</strong></span> <span class='ocrx_word' id='word_1_510' title='bbox 3057 1292 3311 1357; x_wconf 81' lang='lat' dir='ltr'><strong>Davidis,</strong></span> 
     </span>
    </p>
   </div>
   <div class='ocr_carea' id='block_1_73' title="bbox 1750 1383 3312 1454">
    <p class='ocr_par' dir='ltr' id='par_1_73' title="bbox 1750 1383 3312 1454">
     <span class='ocr_line' id='line_1_74' title="bbox 1750 1383 3312 1454; baseline 0 -16"><span class='ocrx_word' id='word_1_511' title='bbox 1750 1385 1954 1449; x_wconf 88' lang='lat' dir='ltr'><strong>aiebat,</strong></span> <span class='ocrx_word' id='word_1_512' title='bbox 1990 1386 2110 1440; x_wconf 82' lang='lat' dir='ltr'><strong>illos</strong></span> <span class='ocrx_word' id='word_1_513' title='bbox 2152 1387 2314 1440; x_wconf 81' lang='lat' dir='ltr'><strong>etiam</strong></span> <span class='ocrx_word' id='word_1_514' title='bbox 2360 1385 2636 1441; x_wconf 85' lang='lat' dir='ltr'><strong>communi</strong></span> <span class='ocrx_word' id='word_1_515' title='bbox 2696 1400 2857 1440; x_wconf 89' lang='lat' dir='ltr'><strong>sensu</strong></span> <span class='ocrx_word' id='word_1_516' title='bbox 2894 1386 2960 1439; x_wconf 88' lang='lat' dir='ltr'><strong>ad</strong></span> <span class='ocrx_word' id='word_1_517' title='bbox 2997 1385 3173 1454; x_wconf 90' lang='lat' dir='ltr'><strong>ipsum</strong></span> <span class='ocrx_word' id='word_1_518' title='bbox 3208 1383 3312 1438; x_wconf 88' lang='lat' dir='ltr'><strong>Da-</strong></span> 
     </span>
    </p>
   </div>
   <div class='ocr_carea' id='block_1_74' title="bbox 1749 1472 3311 1545">
    <p class='ocr_par' dir='ltr' id='par_1_74' title="bbox 1749 1472 3311 1545">
     <span class='ocr_line' id='line_1_75' title="bbox 1749 1472 3311 1545; baseline 0.001 -19"><span class='ocrx_word' id='word_1_519' title='bbox 1749 1474 1924 1529; x_wconf 90' lang='lat' dir='ltr'><strong>videm</strong></span> <span class='ocrx_word' id='word_1_520' title='bbox 1959 1473 2147 1529; x_wconf 81' lang='lat' dir='ltr'><strong>referri</strong></span> <span class='ocrx_word' id='word_1_521' title='bbox 2172 1484 2441 1545; x_wconf 87' lang='lat' dir='ltr'><strong>oportere.</strong></span> <span class='ocrx_word' id='word_1_522' title='bbox 2477 1472 2632 1540; x_wconf 87' lang='lat' dir='ltr'><strong>Quod</strong></span> <span class='ocrx_word' id='word_1_523' title='bbox 2678 1474 2720 1526; x_wconf 89' lang='lat' dir='ltr'><strong>si</strong></span> <span class='ocrx_word' id='word_1_524' title='bbox 2762 1489 2947 1528; x_wconf 85' lang='lat' dir='ltr'><strong>verum</strong></span> <span class='ocrx_word' id='word_1_525' title='bbox 2972 1482 3077 1536; x_wconf 90' lang='lat' dir='ltr'><strong>est,</strong></span> <span class='ocrx_word' id='word_1_526' title='bbox 3114 1487 3311 1528; x_wconf 86' lang='lat' dir='ltr'><strong>conse-</strong></span> 
     </span>
    </p>
   </div>
   <div class='ocr_carea' id='block_1_75' title="bbox 1746 1563 3306 1635">
    <p class='ocr_par' dir='ltr' id='par_1_75' title="bbox 1746 1563 3306 1635">
     <span class='ocr_line' id='line_1_76' title="bbox 1746 1563 3306 1635; baseline -0.001 -17"><span class='ocrx_word' id='word_1_527' title='bbox 1746 1579 1921 1634; x_wconf 86' lang='lat' dir='ltr'><strong>quens</strong></span> <span class='ocrx_word' id='word_1_528' title='bbox 1968 1563 2157 1631; x_wconf 87' lang='lat' dir='ltr'><strong>fuerit,</strong></span> <span class='ocrx_word' id='word_1_529' title='bbox 2190 1581 2283 1620; x_wconf 88' lang='lat' dir='ltr'><strong>eos</strong></span> <span class='ocrx_word' id='word_1_530' title='bbox 2333 1565 2536 1635; x_wconf 88' lang='lat' dir='ltr'><strong>pariter</strong></span> <span class='ocrx_word' id='word_1_531' title='bbox 2574 1565 2666 1635; x_wconf 91' lang='lat' dir='ltr'><strong>qui</strong></span> <span class='ocrx_word' id='word_1_532' title='bbox 2721 1564 2878 1618; x_wconf 90' lang='lat' dir='ltr'><strong>titulo</strong></span> <span class='ocrx_word' id='word_1_533' title='bbox 2916 1564 3306 1627; x_wconf 87' lang='lat' dir='ltr'><strong>destituuntur,</strong></span> 
     </span>
    </p>
   </div>
   <div class='ocr_carea' id='block_1_76' title="bbox 1748 1653 3306 1725">
    <p class='ocr_par' dir='ltr' id='par_1_76' title="bbox 1748 1653 3306 1725">
     <span class='ocr_line' id='line_1_77' title="bbox 1748 1653 3306 1725; baseline -0.001 -16"><span class='ocrx_word' id='word_1_534' title='bbox 1748 1657 1962 1710; x_wconf 88' lang='lat' dir='ltr'><strong>illorum</strong></span> <span class='ocrx_word' id='word_1_535' title='bbox 2013 1670 2170 1719; x_wconf 90' lang='lat' dir='ltr'><strong>csse,</strong></span> <span class='ocrx_word' id='word_1_536' title='bbox 2218 1656 2310 1724; x_wconf 88' lang='lat' dir='ltr'><strong>qui</strong></span> <span class='ocrx_word' id='word_1_537' title='bbox 2367 1656 2781 1725; x_wconf 67' lang='lat' dir='ltr'><strong>praecedentium</strong></span> <span class='ocrx_word' id='word_1_538' title='bbox 2838 1663 3088 1709; x_wconf 87' lang='lat' dir='ltr'><strong>auctores</strong></span> <span class='ocrx_word' id='word_1_539' title='bbox 3150 1653 3306 1721; x_wconf 83' lang='lat' dir='ltr'><strong>juxta</strong></span> 
     </span>
    </p>
   </div>
   <div class='ocr_carea' id='block_1_77' title="bbox 1744 1743 3305 1816">
    <p class='ocr_par' dir='ltr' id='par_1_77' title="bbox 1744 1743 3305 1816">
     <span class='ocr_line' id='line_1_78' title="bbox 1744 1743 3305 1816; baseline -0.002 -14"><span class='ocrx_word' id='word_1_540' title='bbox 1744 1746 2149 1816; x_wconf 83' lang='lat' dir='ltr'><strong>inscriptionem</strong></span> <span class='ocrx_word' id='word_1_541' title='bbox 2175 1746 2297 1813; x_wconf 85' lang='lat' dir='ltr'><strong>jure</strong></span> <span class='ocrx_word' id='word_1_542' title='bbox 2350 1745 2555 1815; x_wconf 82' lang='lat' dir='ltr'><strong>Optimo</strong></span> <span class='ocrx_word' id='word_1_543' title='bbox 2601 1754 2937 1815; x_wconf 88' lang='lat' dir='ltr'><strong>reputantur.</strong></span> <span class='ocrx_word' id='word_1_544' title='bbox 2984 1743 3305 1799; x_wconf 81' lang='lat' dir='ltr'><strong>Psalterium</strong></span> 
     </span>
    </p>
   </div>
   <div class='ocr_carea' id='block_1_78' title="bbox 1744 1836 3304 1906">
    <p class='ocr_par' dir='ltr' id='par_1_78' title="bbox 1744 1836 3304 1906">
     <span class='ocr_line' id='line_1_79' title="bbox 1744 1836 3304 1906; baseline -0.001 -15"><span class='ocrx_word' id='word_1_545' title='bbox 1744 1847 1921 1893; x_wconf 88' lang='lat' dir='ltr'><strong>autem</strong></span> <span class='ocrx_word' id='word_1_546' title='bbox 1960 1854 1991 1893; x_wconf 91' lang='lat' dir='ltr'><strong>a</strong></span> <span class='ocrx_word' id='word_1_547' title='bbox 2030 1836 2295 1906; x_wconf 85' lang='lat' dir='ltr'><strong>Propheta</strong></span> <span class='ocrx_word' id='word_1_548' title='bbox 2344 1845 2714 1905; x_wconf 89' lang='lat' dir='ltr'><strong>nuncupatum</strong></span> <span class='ocrx_word' id='word_1_549' title='bbox 2768 1847 2851 1890; x_wconf 91' lang='lat' dir='ltr'><strong>est</strong></span> <span class='ocrx_word' id='word_1_550' title='bbox 2884 1836 2988 1889; x_wconf 89' lang='lat' dir='ltr'><strong>hoc</strong></span> <span class='ocrx_word' id='word_1_551' title='bbox 3027 1836 3304 1899; x_wconf 83' lang='lat' dir='ltr'><strong>volumen,</strong></span> 
     </span>
    </p>
   </div>
   <div class='ocr_carea' id='block_1_79' title="bbox 1742 1927 3302 2000">
    <p class='ocr_par' dir='ltr' id='par_1_79' title="bbox 1742 1927 3302 2000">
     <span class='ocr_line' id='line_1_80' title="bbox 1742 1927 3302 2000; baseline -0.002 -16"><span class='ocrx_word' id='word_1_552' title='bbox 1742 1938 2023 2000; x_wconf 88' lang='lat' dir='ltr'><strong>propterea</strong></span> <span class='ocrx_word' id='word_1_553' title='bbox 2061 1928 2228 1998; x_wconf 89' lang='lat' dir='ltr'><strong>quod,</strong></span> <span class='ocrx_word' id='word_1_554' title='bbox 2267 1928 2442 1993; x_wconf 90' lang='lat' dir='ltr'><strong>aiunt,</strong></span> <span class='ocrx_word' id='word_1_555' title='bbox 2473 1927 2646 1981; x_wconf 91' lang='lat' dir='ltr'><strong>solum</strong></span> <span class='ocrx_word' id='word_1_556' title='bbox 2678 1927 2816 1981; x_wconf 90' lang='lat' dir='ltr'><strong>inter</strong></span> <span class='ocrx_word' id='word_1_557' title='bbox 2845 1927 3050 1981; x_wconf 87' lang='lat' dir='ltr'><strong>musica</strong></span> <span class='ocrx_word' id='word_1_558' title='bbox 3094 1927 3302 1981; x_wconf 91' lang='lat' dir='ltr'><strong>instru-</strong></span> 
     </span>
    </p>
   </div>
   <div class='ocr_carea' id='block_1_80' title="bbox 1742 2015 3301 2093">
    <p class='ocr_par' dir='ltr' id='par_1_80' title="bbox 1742 2015 3301 2093">
     <span class='ocr_line' id='line_1_81' title="bbox 1742 2015 3301 2093; baseline -0.002 -20"><span class='ocrx_word' id='word_1_559' title='bbox 1742 2029 1923 2093; x_wconf 85' lang='lat' dir='ltr'><strong>menta</strong></span> <span class='ocrx_word' id='word_1_560' title='bbox 1955 2034 1985 2074; x_wconf 91' lang='lat' dir='ltr'><strong>e</strong></span> <span class='ocrx_word' id='word_1_561' title='bbox 2019 2017 2282 2088; x_wconf 86' lang='lat' dir='ltr'><strong>superiori</strong></span> <span class='ocrx_word' id='word_1_562' title='bbox 2313 2026 2485 2087; x_wconf 88' lang='lat' dir='ltr'><strong>parte,</strong></span> <span class='ocrx_word' id='word_1_563' title='bbox 2522 2016 2745 2070; x_wconf 90' lang='lat' dir='ltr'><strong>minime</strong></span> <span class='ocrx_word' id='word_1_564' title='bbox 2777 2032 2906 2071; x_wconf 84' lang='lat' dir='ltr'><strong>vero</strong></span> <span class='ocrx_word' id='word_1_565' title='bbox 2936 2032 3002 2071; x_wconf 81' lang='lat' dir='ltr'><strong>ex</strong></span> <span class='ocrx_word' id='word_1_566' title='bbox 3033 2015 3301 2080; x_wconf 78' lang='lat' dir='ltr'><strong>inferiori,</strong></span> 
     </span>
    </p>
   </div>
   <div class='ocr_carea' id='block_1_81' title="bbox 1740 2107 3298 2180">
    <p class='ocr_par' dir='ltr' id='par_1_81' title="bbox 1740 2107 3298 2180">
     <span class='ocr_line' id='line_1_82' title="bbox 1740 2107 3298 2180; baseline -0.003 -14"><span class='ocrx_word' id='word_1_567' title='bbox 1740 2109 2197 2180; x_wconf 88' lang='lat' dir='ltr'><strong>quemadmodum</strong></span> <span class='ocrx_word' id='word_1_568' title='bbox 2228 2108 2285 2162; x_wconf 83' lang='lat' dir='ltr'><strong>ﬁt</strong></span> <span class='ocrx_word' id='word_1_569' title='bbox 2314 2109 2367 2161; x_wconf 92' lang='lat' dir='ltr'><strong>in</strong></span> <span class='ocrx_word' id='word_1_570' title='bbox 2410 2107 2638 2171; x_wconf 73' lang='lat' dir='ltr'><strong>caeteris,</strong></span> <span class='ocrx_word' id='word_1_571' title='bbox 2680 2117 2897 2161; x_wconf 88' lang='lat' dir='ltr'><strong>resonet</strong></span> <span class='ocrx_word' id='word_1_572' title='bbox 2927 2109 3141 2177; x_wconf 87' lang='lat' dir='ltr'><strong>pulsato</strong></span> <span class='ocrx_word' id='word_1_573' title='bbox 3171 2122 3298 2163; x_wconf 71' lang='lat' dir='ltr'><strong>tere.</strong></span> 
     </span>
    </p>
   </div>
   <div class='ocr_carea' id='block_1_82' title="bbox 1742 2200 3297 2273">
    <p class='ocr_par' dir='ltr' id='par_1_82' title="bbox 1742 2200 3297 2273">
     <span class='ocr_line' id='line_1_83' title="bbox 1742 2200 3297 2273; baseline -0.001 -17"><span class='ocrx_word' id='word_1_574' title='bbox 1742 2201 1814 2256; x_wconf 91' lang='lat' dir='ltr'><strong>Ut</strong></span> <span class='ocrx_word' id='word_1_575' title='bbox 1837 2217 1966 2273; x_wconf 81' lang='lat' dir='ltr'><strong>ergo</strong></span> <span class='ocrx_word' id='word_1_576' title='bbox 1987 2201 2362 2272; x_wconf 87' lang='lat' dir='ltr'><strong>appellationis</strong></span> <span class='ocrx_word' id='word_1_577' title='bbox 2385 2200 2650 2270; x_wconf 86' lang='lat' dir='ltr'><strong>ejusmodi</strong></span> <span class='ocrx_word' id='word_1_578' title='bbox 2682 2201 2969 2262; x_wconf 86' lang='lat' dir='ltr'><strong>rationem,</strong></span> <span class='ocrx_word' id='word_1_579' title='bbox 2996 2201 3088 2270; x_wconf 89' lang='lat' dir='ltr'><strong>qui</strong></span> <span class='ocrx_word' id='word_1_580' title='bbox 3120 2201 3297 2256; x_wconf 90' lang='lat' dir='ltr'><strong>edocti</strong></span> 
     </span>
    </p>
   </div>
   <div class='ocr_carea' id='block_1_83' title="bbox 1742 2294 3305 2362">
    <p class='ocr_par' dir='ltr' id='par_1_83' title="bbox 1742 2294 3305 2362">
     <span class='ocr_line' id='line_1_84' title="bbox 1742 2294 3305 2362; baseline -0.002 -11"><span class='ocrx_word' id='word_1_581' title='bbox 1742 2305 1887 2361; x_wconf 88' lang='lat' dir='ltr'><strong>sunt,</strong></span> <span class='ocrx_word' id='word_1_582' title='bbox 1918 2310 2133 2352; x_wconf 77' lang='lat' dir='ltr'><strong>servare</strong></span> <span class='ocrx_word' id='word_1_583' title='bbox 2152 2294 2559 2358; x_wconf 83' lang='lat' dir='ltr'><strong>contenderent,</strong></span> <span class='ocrx_word' id='word_1_584' title='bbox 2591 2309 2653 2348; x_wconf 88' lang='lat' dir='ltr'><strong>ac</strong></span> <span class='ocrx_word' id='word_1_585' title='bbox 2692 2308 2885 2362; x_wconf 88' lang='lat' dir='ltr'><strong>supera</strong></span> <span class='ocrx_word' id='word_1_586' title='bbox 2923 2295 3065 2348; x_wconf 91' lang='lat' dir='ltr'><strong>unde</strong></span> <span class='ocrx_word' id='word_1_587' title='bbox 3086 2294 3305 2349; x_wconf 86' lang='lat' dir='ltr'><strong>resonat</strong></span> 
     </span>
    </p>
   </div>
   <div class='ocr_carea' id='block_1_84' title="bbox 1741 2384 3303 2453">
    <p class='ocr_par' dir='ltr' id='par_1_84' title="bbox 1741 2384 3303 2453">
     <span class='ocr_line' id='line_1_85' title="bbox 1741 2384 3303 2453; baseline -0.002 -10"><span class='ocrx_word' id='word_1_588' title='bbox 1741 2390 2099 2453; x_wconf 87' lang='lat' dir='ltr'><strong>intuerentur,</strong></span> <span class='ocrx_word' id='word_1_589' title='bbox 2135 2384 2708 2441; x_wconf 79' lang='lat' dir='ltr'><strong>idcircoPsalterium</strong></span> <span class='ocrx_word' id='word_1_590' title='bbox 2762 2386 3150 2439; x_wconf 88' lang='lat' dir='ltr'><strong>denominavit.</strong></span> <span class='ocrx_word' id='word_1_591' title='bbox 3206 2385 3303 2441; x_wconf 84' lang='lat' dir='ltr'><strong>Est</strong></span> 
     </span>
    </p>
   </div>
   <div class='ocr_carea' id='block_1_85' title="bbox 1738 2476 3299 2540">
    <p class='ocr_par' dir='ltr' id='par_1_85' title="bbox 1738 2476 3299 2540">
     <span class='ocr_line' id='line_1_86' title="bbox 1738 2476 3299 2540; baseline -0.003 -7"><span class='ocrx_word' id='word_1_592' title='bbox 1738 2478 2015 2534; x_wconf 83' lang='lat' dir='ltr'><strong>enimvero</strong></span> <span class='ocrx_word' id='word_1_593' title='bbox 2047 2487 2217 2532; x_wconf 89' lang='lat' dir='ltr'><strong>totum</strong></span> <span class='ocrx_word' id='word_1_594' title='bbox 2256 2477 2459 2535; x_wconf 86' lang='lat' dir='ltr'><strong>reddita</strong></span> <span class='ocrx_word' id='word_1_595' title='bbox 2488 2491 2613 2540; x_wconf 81' lang='lat' dir='ltr'><strong>vox,</strong></span> <span class='ocrx_word' id='word_1_596' title='bbox 2648 2485 2701 2530; x_wconf 92' lang='lat' dir='ltr'><strong>et</strong></span> <span class='ocrx_word' id='word_1_597' title='bbox 2742 2476 2920 2529; x_wconf 87' lang='lat' dir='ltr'><strong>littera</strong></span> <span class='ocrx_word' id='word_1_598' title='bbox 2966 2476 3299 2532; x_wconf 89' lang='lat' dir='ltr'><strong>sanctissimi</strong></span> 
     </span>
    </p>
   </div>
   <div class='ocr_carea' id='block_1_86' title="bbox 1742 2568 1997 2640">
    <p class='ocr_par' dir='ltr' id='par_1_86' title="bbox 1742 2568 1997 2640">
     <span class='ocr_line' id='line_1_87' title="bbox 1742 2568 1997 2640; baseline -0.008 -15"><span class='ocrx_word' id='word_1_599' title='bbox 1742 2568 1997 2640; x_wconf 86' lang='lat' dir='ltr'><strong>Spiritus.</strong></span> 
     </span>
    </p>
   </div>
   <div class='ocr_carea' id='block_1_87' title="bbox 1812 2657 3300 2731">
    <p class='ocr_par' dir='ltr' id='par_1_87' title="bbox 1812 2657 3300 2731">
     <span class='ocr_line' id='line_1_88' title="bbox 1812 2657 3300 2731; baseline -0.003 -14"><span class='ocrx_word' id='word_1_600' title='bbox 1812 2662 1898 2718; x_wconf 84' lang='lat' dir='ltr'><strong>lll.</strong></span> <span class='ocrx_word' id='word_1_601' title='bbox 1938 2663 2050 2719; x_wconf 86' lang='lat' dir='ltr'><strong>Cur</strong></span> <span class='ocrx_word' id='word_1_602' title='bbox 2079 2672 2259 2718; x_wconf 92' lang='lat' dir='ltr'><strong>autem</strong></span> <span class='ocrx_word' id='word_1_603' title='bbox 2289 2670 2505 2716; x_wconf 89' lang='lat' dir='ltr'><strong>centum</strong></span> <span class='ocrx_word' id='word_1_604' title='bbox 2534 2659 2923 2731; x_wconf 73' lang='lat' dir='ltr'><strong>quinquaginta</strong></span> <span class='ocrx_word' id='word_1_605' title='bbox 2961 2657 3073 2712; x_wconf 90' lang='lat' dir='ltr'><strong>sint</strong></span> <span class='ocrx_word' id='word_1_606' title='bbox 3098 2657 3300 2713; x_wconf 87' lang='lat' dir='ltr'><strong>Psalmi</strong></span> 
     </span>
    </p>
   </div>
   <div class='ocr_carea' id='block_1_88' title="bbox 1738 2751 3297 2824">
    <p class='ocr_par' dir='ltr' id='par_1_88' title="bbox 1738 2751 3297 2824">
     <span class='ocr_line' id='line_1_89' title="bbox 1738 2751 3297 2824; baseline -0.004 -14"><span class='ocrx_word' id='word_1_607' title='bbox 1738 2754 2108 2824; x_wconf 86' lang='lat' dir='ltr'><strong>dispiciamus.</strong></span> <span class='ocrx_word' id='word_1_608' title='bbox 2171 2751 2693 2822; x_wconf 83' lang='lat' dir='ltr'><strong>Quinquagesimum</strong></span> <span class='ocrx_word' id='word_1_609' title='bbox 2758 2760 3043 2805; x_wconf 89' lang='lat' dir='ltr'><strong>numerum</strong></span> <span class='ocrx_word' id='word_1_610' title='bbox 3081 2765 3297 2805; x_wconf 87' lang='lat' dir='ltr'><strong>sacrum</strong></span> 
     </span>
    </p>
   </div>
   <div class='ocr_carea' id='block_1_89' title="bbox 1739 2837 3301 2906">
    <p class='ocr_par' dir='ltr' id='par_1_89' title="bbox 1739 2837 3301 2906">
     <span class='ocr_line' id='line_1_90' title="bbox 1739 2837 3301 2906; baseline -0.004 -8"><span class='ocrx_word' id='word_1_611' title='bbox 1739 2844 1945 2906; x_wconf 89' lang='lat' dir='ltr'><strong>haberi,</strong></span> <span class='ocrx_word' id='word_1_612' title='bbox 1986 2858 2049 2898; x_wconf 83' lang='lat' dir='ltr'><strong>ex</strong></span> <span class='ocrx_word' id='word_1_613' title='bbox 2094 2843 2287 2896; x_wconf 89' lang='lat' dir='ltr'><strong>diebus</strong></span> <span class='ocrx_word' id='word_1_614' title='bbox 2333 2841 2773 2896; x_wconf 71' lang='lat' dir='ltr'><strong>celebratissima:</strong></span> <span class='ocrx_word' id='word_1_615' title='bbox 2808 2837 3155 2894; x_wconf 86' lang='lat' dir='ltr'><strong>Pentecostes</strong></span> <span class='ocrx_word' id='word_1_616' title='bbox 3184 2854 3301 2893; x_wconf 80' lang='lat' dir='ltr'><strong>nia-</strong></span> 
     </span>
    </p>
   </div>
   <div class='ocr_carea' id='block_1_90' title="bbox 1739 2931 3299 2999">
    <p class='ocr_par' dir='ltr' id='par_1_90' title="bbox 1739 2931 3299 2999">
     <span class='ocr_line' id='line_1_91' title="bbox 1739 2931 3299 2999; baseline -0.003 -10"><span class='ocrx_word' id='word_1_617' title='bbox 1739 2935 1995 2991; x_wconf 78' lang='lat' dir='ltr'><strong>nifestum</strong></span> <span class='ocrx_word' id='word_1_618' title='bbox 2046 2944 2149 2999; x_wconf 86' lang='lat' dir='ltr'><strong>est,</strong></span> <span class='ocrx_word' id='word_1_619' title='bbox 2190 2934 2434 2987; x_wconf 89' lang='lat' dir='ltr'><strong>laborum</strong></span> <span class='ocrx_word' id='word_1_620' title='bbox 2487 2934 2647 2988; x_wconf 78' lang='lat' dir='ltr'><strong>liuent</strong></span> <span class='ocrx_word' id='word_1_621' title='bbox 2682 2942 2733 2986; x_wconf 89' lang='lat' dir='ltr'><strong>et</strong></span> <span class='ocrx_word' id='word_1_622' title='bbox 2785 2931 3023 2986; x_wconf 64' lang='lat' dir='ltr'><strong>laetitiam</strong></span> <span class='ocrx_word' id='word_1_623' title='bbox 3079 2939 3299 2999; x_wconf 85' lang='lat' dir='ltr'><strong>porten-</strong></span> 
     </span>
    </p>
   </div>
   <div class='ocr_carea' id='block_1_91' title="bbox 1739 3022 3298 3095">
    <p class='ocr_par' dir='ltr' id='par_1_91' title="bbox 1739 3022 3298 3095">
     <span class='ocr_line' id='line_1_92' title="bbox 1739 3022 3298 3095; baseline -0.003 -14"><span class='ocrx_word' id='word_1_624' title='bbox 1739 3028 1957 3082; x_wconf 86' lang='lat' dir='ltr'><strong>dentis:</strong></span> <span class='ocrx_word' id='word_1_625' title='bbox 2009 3027 2234 3095; x_wconf 87' lang='lat' dir='ltr'><strong>ideoque</strong></span> <span class='ocrx_word' id='word_1_626' title='bbox 2276 3040 2376 3080; x_wconf 83' lang='lat' dir='ltr'><strong>nee</strong></span> <span class='ocrx_word' id='word_1_627' title='bbox 2421 3024 2688 3095; x_wconf 87' lang='lat' dir='ltr'><strong>jejunium</strong></span> <span class='ocrx_word' id='word_1_628' title='bbox 2738 3040 2803 3078; x_wconf 91' lang='lat' dir='ltr'><strong>co</strong></span> <span class='ocrx_word' id='word_1_629' title='bbox 2840 3033 3077 3093; x_wconf 88' lang='lat' dir='ltr'><strong>tempore</strong></span> <span class='ocrx_word' id='word_1_630' title='bbox 3110 3022 3298 3078; x_wconf 86' lang='lat' dir='ltr'><strong>decre-</strong></span> 
     </span>
    </p>
   </div>
   <div class='ocr_carea' id='block_1_92' title="bbox 1740 3113 3297 3187">
    <p class='ocr_par' dir='ltr' id='par_1_92' title="bbox 1740 3113 3297 3187">
     <span class='ocr_line' id='line_1_93' title="bbox 1740 3113 3297 3187; baseline -0.001 -15"><span class='ocrx_word' id='word_1_631' title='bbox 1740 3130 1851 3173; x_wconf 91' lang='lat' dir='ltr'><strong>tum</strong></span> <span class='ocrx_word' id='word_1_632' title='bbox 1878 3128 1982 3182; x_wconf 90' lang='lat' dir='ltr'><strong>est,</strong></span> <span class='ocrx_word' id='word_1_633' title='bbox 2018 3133 2118 3173; x_wconf 84' lang='lat' dir='ltr'><strong>nec</strong></span> <span class='ocrx_word' id='word_1_634' title='bbox 2144 3117 2199 3171; x_wconf 90' lang='lat' dir='ltr'><strong>in</strong></span> <span class='ocrx_word' id='word_1_635' title='bbox 2239 3132 2413 3187; x_wconf 83' lang='lat' dir='ltr'><strong>genua</strong></span> <span class='ocrx_word' id='word_1_636' title='bbox 2453 3117 2795 3186; x_wconf 87' lang='lat' dir='ltr'><strong>supplicatio.</strong></span> <span class='ocrx_word' id='word_1_637' title='bbox 2833 3113 2996 3187; x_wconf 79' lang='lat' dir='ltr'><strong>Signa</strong></span> <span class='ocrx_word' id='word_1_638' title='bbox 3037 3115 3297 3171; x_wconf 89' lang='lat' dir='ltr'><strong>nimirum</strong></span> 
     </span>
    </p>
   </div>
   <div class='ocr_carea' id='block_1_93' title="bbox 1736 3207 3297 3278">
    <p class='ocr_par' dir='ltr' id='par_1_93' title="bbox 1736 3207 3297 3278">
     <span class='ocr_line' id='line_1_94' title="bbox 1736 3207 3297 3278; baseline 0 -15"><span class='ocrx_word' id='word_1_639' title='bbox 1736 3211 1849 3265; x_wconf 71' lang='lat' dir='ltr'><strong>haec</strong></span> <span class='ocrx_word' id='word_1_640' title='bbox 1895 3218 2022 3265; x_wconf 91' lang='lat' dir='ltr'><strong>sunt</strong></span> <span class='ocrx_word' id='word_1_641' title='bbox 2068 3224 2277 3278; x_wconf 72' lang='lat' dir='ltr'><strong>magna:</strong></span> <span class='ocrx_word' id='word_1_642' title='bbox 2321 3208 2651 3263; x_wconf 89' lang='lat' dir='ltr'><strong>celebritatis</strong></span> <span class='ocrx_word' id='word_1_643' title='bbox 2691 3207 2744 3262; x_wconf 91' lang='lat' dir='ltr'><strong>in</strong></span> <span class='ocrx_word' id='word_1_644' title='bbox 2767 3216 3069 3277; x_wconf 87' lang='lat' dir='ltr'><strong>.pnsterum</strong></span> <span class='ocrx_word' id='word_1_645' title='bbox 3115 3222 3297 3263; x_wconf 87' lang='lat' dir='ltr'><strong>reser-</strong></span> 
     </span>
    </p>
   </div>
   <div class='ocr_carea' id='block_1_94' title="bbox 1734 3298 3301 3369">
    <p class='ocr_par' dir='ltr' id='par_1_94' title="bbox 1734 3298 3301 3369">
     <span class='ocr_line' id='line_1_95' title="bbox 1734 3298 3301 3369; baseline 0 -16"><span class='ocrx_word' id='word_1_646' title='bbox 1734 3309 1888 3364; x_wconf 60' lang='lat' dir='ltr'><strong>vata),</strong></span> <span class='ocrx_word' id='word_1_647' title='bbox 1921 3298 2078 3369; x_wconf 90' lang='lat' dir='ltr'><strong>cujus</strong></span> <span class='ocrx_word' id='word_1_648' title='bbox 2112 3298 2455 3355; x_wconf 81' lang='lat' dir='ltr'><strong>adumbratio</strong></span> <span class='ocrx_word' id='word_1_649' title='bbox 2502 3298 2557 3352; x_wconf 93' lang='lat' dir='ltr'><strong>in</strong></span> <span class='ocrx_word' id='word_1_650' title='bbox 2589 3298 2748 3351; x_wconf 91' lang='lat' dir='ltr'><strong>terris</strong></span> <span class='ocrx_word' id='word_1_651' title='bbox 2790 3298 2931 3369; x_wconf 90' lang='lat' dir='ltr'><strong>apud</strong></span> <span class='ocrx_word' id='word_1_652' title='bbox 2972 3298 3137 3353; x_wconf 88' lang='lat' dir='ltr'><strong>israel</strong></span> <span class='ocrx_word' id='word_1_653' title='bbox 3181 3306 3301 3354; x_wconf 87' lang='lat' dir='ltr'><strong>erat</strong></span> 
     </span>
    </p>
   </div>
   <div class='ocr_carea' id='block_1_95' title="bbox 1733 3386 3396 3458">
    <p class='ocr_par' dir='ltr' id='par_1_95' title="bbox 1733 3386 3396 3458">
     <span class='ocr_line' id='line_1_96' title="bbox 1733 3386 3396 3458; baseline -0.003 -13"><span class='ocrx_word' id='word_1_654' title='bbox 1733 3406 1907 3446; x_wconf 88' lang='lat' dir='ltr'><strong>annus</strong></span> <span class='ocrx_word' id='word_1_655' title='bbox 1937 3388 2177 3445; x_wconf 70' lang='lat' dir='ltr'><strong>Hebraeis</strong></span> <span class='ocrx_word' id='word_1_656' title='bbox 2221 3389 2400 3444; x_wconf 91' lang='lat' dir='ltr'><strong>dictus</strong></span> <span class='ocrx_word' id='word_1_657' title='bbox 2424 3386 2597 3451; x_wconf 79' lang='lat' dir='ltr'><strong>Jobel,</strong></span> <span class='ocrx_word' id='word_1_658' title='bbox 2625 3388 2716 3457; x_wconf 87' lang='lat' dir='ltr'><strong>qui</strong></span> <span class='ocrx_word' id='word_1_659' title='bbox 2755 3402 2986 3443; x_wconf 89' lang='lat' dir='ltr'><strong>numero</strong></span> <span class='ocrx_word' id='word_1_660' title='bbox 3027 3387 3297 3458; x_wconf 86' lang='lat' dir='ltr'><strong>quinqna-</strong></span> <span class='ocrx_word' id='word_1_661' title='bbox 3392 3452 3396 3456; x_wconf 17' lang='grc' dir='ltr'><strong>Α</strong></span> 
     </span>
    </p>
   </div>
   <div class='ocr_carea' id='block_1_96' title="bbox 1732 3477 3295 3552">
    <p class='ocr_par' dir='ltr' id='par_1_96' title="bbox 1732 3477 3295 3552">
     <span class='ocr_line' id='line_1_97' title="bbox 1732 3477 3295 3552; baseline -0.003 -15"><span class='ocrx_word' id='word_1_662' title='bbox 1732 3483 1969 3552; x_wconf 65' lang='grc' dir='ltr'>εεείηιυε</span> <span class='ocrx_word' id='word_1_663' title='bbox 2007 3490 2089 3535; x_wconf 89' lang='lat' dir='ltr'><strong>est</strong></span> <span class='ocrx_word' id='word_1_664' title='bbox 2140 3496 2354 3543; x_wconf 90' lang='lat' dir='ltr'><strong>annus,</strong></span> <span class='ocrx_word' id='word_1_665' title='bbox 2402 3477 2574 3534; x_wconf 89' lang='lat' dir='ltr'><strong>servis</strong></span> <span class='ocrx_word' id='word_1_666' title='bbox 2625 3478 2963 3544; x_wconf 89' lang='lat' dir='ltr'><strong>libertatem,</strong></span> <span class='ocrx_word' id='word_1_667' title='bbox 3020 3493 3295 3549; x_wconf 82' lang='lat' dir='ltr'><strong>novasque</strong></span> 
     </span>
    </p>
   </div>
   <div class='ocr_carea' id='block_1_97' title="bbox 1733 3567 3293 3641">
    <p class='ocr_par' dir='ltr' id='par_1_97' title="bbox 1733 3567 3293 3641">
     <span class='ocr_line' id='line_1_98' title="bbox 1733 3567 3293 3641; baseline -0.003 -12"><span class='ocrx_word' id='word_1_668' title='bbox 1733 3575 1977 3638; x_wconf 87' lang='lat' dir='ltr'><strong>tabulas,</strong></span> <span class='ocrx_word' id='word_1_669' title='bbox 2014 3589 2077 3629; x_wconf 87' lang='lat' dir='ltr'><strong>ac</strong></span> <span class='ocrx_word' id='word_1_670' title='bbox 2112 3574 2157 3627; x_wconf 90' lang='lat' dir='ltr'><strong>si</strong></span> <span class='ocrx_word' id='word_1_671' title='bbox 2200 3572 2327 3641; x_wconf 85' lang='lat' dir='ltr'><strong>quid</strong></span> <span class='ocrx_word' id='word_1_672' title='bbox 2383 3569 2528 3624; x_wconf 83' lang='lat' dir='ltr'><strong>aliud</strong></span> <span class='ocrx_word' id='word_1_673' title='bbox 2561 3570 2857 3625; x_wconf 87' lang='lat' dir='ltr'><strong>adducens.</strong></span> <span class='ocrx_word' id='word_1_674' title='bbox 2906 3567 3069 3624; x_wconf 86' lang='lat' dir='ltr'><strong>Novit</strong></span> <span class='ocrx_word' id='word_1_675' title='bbox 3109 3579 3293 3625; x_wconf 89' lang='lat' dir='ltr'><strong>autem</strong></span> 
     </span>
    </p>
   </div>
   <div class='ocr_carea' id='block_1_98' title="bbox 1733 3662 3294 3736">
    <p class='ocr_par' dir='ltr' id='par_1_98' title="bbox 1733 3662 3294 3736">
     <span class='ocr_line' id='line_1_99' title="bbox 1733 3662 3294 3736; baseline -0.004 -15"><span class='ocrx_word' id='word_1_676' title='bbox 1733 3668 1790 3721; x_wconf 87' lang='lat' dir='ltr'><strong>S.</strong></span> <span class='ocrx_word' id='word_1_677' title='bbox 1822 3666 2171 3736; x_wconf 81' lang='lat' dir='ltr'><strong>Evangelium</strong></span> <span class='ocrx_word' id='word_1_678' title='bbox 2216 3662 2667 3718; x_wconf 87' lang='lat' dir='ltr'><strong>condonationem</strong></span> <span class='ocrx_word' id='word_1_679' title='bbox 2712 3662 3169 3731; x_wconf 73' lang='lat' dir='ltr'><strong>quinquagesimi,</strong></span> <span class='ocrx_word' id='word_1_680' title='bbox 3199 3677 3294 3716; x_wconf 89' lang='lat' dir='ltr'><strong>co-</strong></span> 
     </span>
    </p>
   </div>
   <div class='ocr_carea' id='block_1_99' title="bbox 1730 3752 3289 3827">
    <p class='ocr_par' dir='ltr' id='par_1_99' title="bbox 1730 3752 3289 3827">
     <span class='ocr_line' id='line_1_100' title="bbox 1730 3752 3289 3827; baseline -0.003 -16"><span class='ocrx_word' id='word_1_681' title='bbox 1730 3757 1984 3827; x_wconf 80' lang='lat' dir='ltr'><strong>gnatique</strong></span> <span class='ocrx_word' id='word_1_682' title='bbox 2039 3755 2139 3824; x_wconf 90' lang='lat' dir='ltr'><strong>ipsi</strong></span> <span class='ocrx_word' id='word_1_683' title='bbox 2202 3769 2265 3808; x_wconf 87' lang='lat' dir='ltr'><strong>ac</strong></span> <span class='ocrx_word' id='word_1_684' title='bbox 2329 3752 2564 3823; x_wconf 89' lang='lat' dir='ltr'><strong>appositi</strong></span> <span class='ocrx_word' id='word_1_685' title='bbox 2621 3754 2835 3807; x_wconf 90' lang='lat' dir='ltr'><strong>numeri</strong></span> <span class='ocrx_word' id='word_1_686' title='bbox 2905 3752 3289 3823; x_wconf 76' lang='lat' dir='ltr'><strong>quingenarii:</strong></span> 
     </span>
    </p>
   </div>
   <div class='ocr_carea' id='block_1_100' title="bbox 1732 3843 3291 3918">
    <p class='ocr_par' dir='ltr' id='par_1_100' title="bbox 1732 3843 3291 3918">
     <span class='ocr_line' id='line_1_101' title="bbox 1732 3843 3291 3918; baseline -0.003 -16"><span class='ocrx_word' id='word_1_687' title='bbox 1732 3864 1905 3918; x_wconf 76' lang='lat' dir='ltr'><strong>neque</strong></span> <span class='ocrx_word' id='word_1_688' title='bbox 1945 3847 2091 3900; x_wconf 90' lang='lat' dir='ltr'><strong>enim</strong></span> <span class='ocrx_word' id='word_1_689' title='bbox 2135 3845 2251 3899; x_wconf 91' lang='lat' dir='ltr'><strong>sine</strong></span> <span class='ocrx_word' id='word_1_690' title='bbox 2290 3858 2455 3898; x_wconf 88' lang='lat' dir='ltr'><strong>causa</strong></span> <span class='ocrx_word' id='word_1_691' title='bbox 2507 3843 2900 3913; x_wconf 77' lang='lat' dir='ltr'><strong>quinquaginta</strong></span> <span class='ocrx_word' id='word_1_692' title='bbox 2938 3843 3291 3897; x_wconf 87' lang='lat' dir='ltr'><strong>denariorum</strong></span> 
     </span>
    </p>
   </div>
   <div class='ocr_carea' id='block_1_101' title="bbox 1730 3929 3291 4002">
    <p class='ocr_par' dir='ltr' id='par_1_101' title="bbox 1730 3929 3291 4002">
     <span class='ocr_line' id='line_1_102' title="bbox 1730 3929 3291 4002; baseline -0.003 -12"><span class='ocrx_word' id='word_1_693' title='bbox 1730 3933 2003 3996; x_wconf 89' lang='lat' dir='ltr'><strong>remissio,</strong></span> <span class='ocrx_word' id='word_1_694' title='bbox 2040 3941 2099 3987; x_wconf 91' lang='lat' dir='ltr'><strong>et</strong></span> <span class='ocrx_word' id='word_1_695' title='bbox 2136 3931 2557 4002; x_wconf 84' lang='lat' dir='ltr'><strong>quingentorum</strong></span> <span class='ocrx_word' id='word_1_696' title='bbox 2603 3931 2926 3985; x_wconf 77' lang='lat' dir='ltr'><strong>tribuitur’.</strong></span> <span class='ocrx_word' id='word_1_697' title='bbox 2973 3929 3064 3987; x_wconf 90' lang='lat' dir='ltr'><strong>Sic</strong></span> <span class='ocrx_word' id='word_1_698' title='bbox 3108 3933 3291 4002; x_wconf 89' lang='lat' dir='ltr'><strong>itaque</strong></span> 
     </span>
    </p>
   </div>
   <div class='ocr_carea' id='block_1_102' title="bbox 1729 4022 3292 4098">
    <p class='ocr_par' dir='ltr' id='par_1_102' title="bbox 1729 4022 3292 4098">
     <span class='ocr_line' id='line_1_103' title="bbox 1729 4022 3292 4098; baseline -0.003 -16"><span class='ocrx_word' id='word_1_699' title='bbox 1729 4039 1784 4082; x_wconf 83' lang='lat' dir='ltr'><strong>et</strong></span> <span class='ocrx_word' id='word_1_700' title='bbox 1815 4027 2044 4098; x_wconf 77' lang='lat' dir='ltr'><strong>hymnos</strong></span> <span class='ocrx_word' id='word_1_701' title='bbox 2075 4040 2203 4095; x_wconf 79' lang='lat' dir='ltr'><strong>erga</strong></span> <span class='ocrx_word' id='word_1_702' title='bbox 2238 4022 2405 4079; x_wconf 85' lang='lat' dir='ltr'><strong>Deum</strong></span> <span class='ocrx_word' id='word_1_703' title='bbox 2442 4037 2542 4092; x_wconf 90' lang='lat' dir='ltr'><strong>pro</strong></span> <span class='ocrx_word' id='word_1_704' title='bbox 2581 4023 2773 4078; x_wconf 90' lang='lat' dir='ltr'><strong>deletis</strong></span> <span class='ocrx_word' id='word_1_705' title='bbox 2814 4024 3082 4089; x_wconf 85' lang='lat' dir='ltr'><strong>hostibus,</strong></span> <span class='ocrx_word' id='word_1_706' title='bbox 3127 4040 3292 4095; x_wconf 82' lang='lat' dir='ltr'><strong>agen-</strong></span> 
     </span>
    </p>
   </div>
   <div class='ocr_carea' id='block_1_103' title="bbox 1729 4114 3289 4189">
    <p class='ocr_par' dir='ltr' id='par_1_103' title="bbox 1729 4114 3289 4189">
     <span class='ocr_line' id='line_1_104' title="bbox 1729 4114 3289 4189; baseline -0.003 -15"><span class='ocrx_word' id='word_1_707' title='bbox 1729 4120 1921 4189; x_wconf 87' lang='lat' dir='ltr'><strong>disque</strong></span> <span class='ocrx_word' id='word_1_708' title='bbox 1952 4116 2063 4171; x_wconf 89' lang='lat' dir='ltr'><strong>Deo</strong></span> <span class='ocrx_word' id='word_1_709' title='bbox 2104 4116 2292 4186; x_wconf 78' lang='lat' dir='ltr'><strong>gratiis</strong></span> <span class='ocrx_word' id='word_1_710' title='bbox 2334 4124 2553 4185; x_wconf 90' lang='lat' dir='ltr'><strong>propter</strong></span> <span class='ocrx_word' id='word_1_711' title='bbox 2599 4124 2817 4185; x_wconf 77' lang='lat' dir='ltr'><strong>accepta</strong></span> <span class='ocrx_word' id='word_1_712' title='bbox 2848 4114 3140 4180; x_wconf 71' lang='lat' dir='ltr'><strong>beneficia,</strong></span> <span class='ocrx_word' id='word_1_713' title='bbox 3180 4131 3289 4171; x_wconf 90' lang='lat' dir='ltr'><strong>non</strong></span> 
     </span>
    </p>
   </div>
   <div class='ocr_carea' id='block_1_104' title="bbox 1731 4208 3291 4279">
    <p class='ocr_par' dir='ltr' id='par_1_104' title="bbox 1731 4208 3291 4279">
     <span class='ocr_line' id='line_1_105' title="bbox 1731 4208 3291 4279; baseline -0.002 -13"><span class='ocrx_word' id='word_1_714' title='bbox 1731 4227 1892 4266; x_wconf 89' lang='lat' dir='ltr'><strong>unam</strong></span> <span class='ocrx_word' id='word_1_715' title='bbox 1957 4210 2237 4279; x_wconf 88' lang='lat' dir='ltr'><strong>complecti</strong></span> <span class='ocrx_word' id='word_1_716' title='bbox 2312 4209 2536 4264; x_wconf 85' lang='lat' dir='ltr'><strong>decebat</strong></span> <span class='ocrx_word' id='word_1_717' title='bbox 2595 4208 3136 4278; x_wconf 80' lang='lat' dir='ltr'><strong>quinquagesimam,</strong></span> <span class='ocrx_word' id='word_1_718' title='bbox 3196 4210 3291 4263; x_wconf 90' lang='lat' dir='ltr'><strong>sed</strong></span> 
     </span>
    </p>
   </div>
   <div class='ocr_carea' id='block_1_105' title="bbox 1731 4300 3153 4373">
    <p class='ocr_par' dir='ltr' id='par_1_105' title="bbox 1731 4300 3153 4373">
     <span class='ocr_line' id='line_1_106' title="bbox 1731 4300 3153 4373; baseline -0.003 -14"><span class='ocrx_word' id='word_1_719' title='bbox 1731 4313 1862 4366; x_wconf 88' lang='lat' dir='ltr'><strong>tres,</strong></span> <span class='ocrx_word' id='word_1_720' title='bbox 1901 4304 1972 4357; x_wconf 87' lang='lat' dir='ltr'><strong>ob</strong></span> <span class='ocrx_word' id='word_1_721' title='bbox 2003 4318 2200 4358; x_wconf 87' lang='lat' dir='ltr'><strong>nomen</strong></span> <span class='ocrx_word' id='word_1_722' title='bbox 2232 4301 2426 4367; x_wconf 84' lang='lat' dir='ltr'><strong>Patris,</strong></span> <span class='ocrx_word' id='word_1_723' title='bbox 2456 4301 2581 4356; x_wconf 90' lang='lat' dir='ltr'><strong>Filii</strong></span> <span class='ocrx_word' id='word_1_724' title='bbox 2611 4312 2664 4357; x_wconf 87' lang='lat' dir='ltr'><strong>et</strong></span> <span class='ocrx_word' id='word_1_725' title='bbox 2694 4300 2931 4373; x_wconf 90' lang='lat' dir='ltr'><strong>Spiritus</strong></span> <span class='ocrx_word' id='word_1_726' title='bbox 2957 4302 3153 4356; x_wconf 90' lang='lat' dir='ltr'><strong>sancti.</strong></span> 
     </span>
    </p>
   </div>
   <div class='ocr_carea' id='block_1_106' title="bbox 1799 4394 3291 4466">
    <p class='ocr_par' dir='ltr' id='par_1_106' title="bbox 1799 4394 3291 4466">
     <span class='ocr_line' id='line_1_107' title="bbox 1799 4394 3291 4466; baseline 0 -15"><span class='ocrx_word' id='word_1_727' title='bbox 1799 4396 1886 4451; x_wconf 84' lang='lat' dir='ltr'><strong>IV.</strong></span> <span class='ocrx_word' id='word_1_728' title='bbox 1918 4396 2173 4451; x_wconf 83' lang='lat' dir='ltr'><strong>Continet</strong></span> <span class='ocrx_word' id='word_1_729' title='bbox 2204 4410 2329 4449; x_wconf 85' lang='lat' dir='ltr'><strong>vero</strong></span> <span class='ocrx_word' id='word_1_730' title='bbox 2371 4396 2817 4466; x_wconf 84' lang='lat' dir='ltr'><strong>quinquagesima</strong></span> <span class='ocrx_word' id='word_1_731' title='bbox 2850 4402 3054 4464; x_wconf 89' lang='lat' dir='ltr'><strong>septem</strong></span> <span class='ocrx_word' id='word_1_732' title='bbox 3086 4394 3291 4451; x_wconf 84' lang='lat' dir='ltr'><strong>hebdo-</strong></span> 
     </span>
    </p>
   </div>
   <div class='ocr_carea' id='block_1_107' title="bbox 1730 4486 3288 4556">
    <p class='ocr_par' dir='ltr' id='par_1_107' title="bbox 1730 4486 3288 4556">
     <span class='ocr_line' id='line_1_108' title="bbox 1730 4486 3288 4556; baseline 0 -14"><span class='ocrx_word' id='word_1_733' title='bbox 1730 4488 1953 4549; x_wconf 85' lang='lat' dir='ltr'><strong>madas,</strong></span> <span class='ocrx_word' id='word_1_734' title='bbox 1990 4488 2369 4542; x_wconf 85' lang='lat' dir='ltr'><strong>&#39;sabbatorum</strong></span> <span class='ocrx_word' id='word_1_735' title='bbox 2420 4486 2672 4552; x_wconf 86' lang='lat' dir='ltr'><strong>sabbata,</strong></span> <span class='ocrx_word' id='word_1_736' title='bbox 2740 4486 2933 4556; x_wconf 90' lang='lat' dir='ltr'><strong>hisque</strong></span> <span class='ocrx_word' id='word_1_737' title='bbox 2987 4486 3288 4553; x_wconf 88' lang='lat' dir='ltr'><strong>absolutis,</strong></span> 
     </span>
    </p>
   </div>
   <div class='ocr_carea' id='block_1_108' title="bbox 1728 4577 3289 4634">
    <p class='ocr_par' dir='ltr' id='par_1_108' title="bbox 1728 4577 3289 4634">
     <span class='ocr_line' id='line_1_109' title="bbox 1728 4577 3289 4634; baseline 0.001 -2"><span class='ocrx_word' id='word_1_738' title='bbox 1728 4579 1941 4633; x_wconf 90' lang='lat' dir='ltr'><strong>initium</strong></span> <span class='ocrx_word' id='word_1_739' title='bbox 1984 4579 2123 4632; x_wconf 90' lang='lat' dir='ltr'><strong>ultra</strong></span> <span class='ocrx_word' id='word_1_740' title='bbox 2164 4578 2387 4634; x_wconf 87' lang='lat' dir='ltr'><strong>sabbata</strong></span> <span class='ocrx_word' id='word_1_741' title='bbox 2420 4578 2471 4631; x_wconf 91' lang='lat' dir='ltr'><strong>in</strong></span> <span class='ocrx_word' id='word_1_742' title='bbox 2523 4577 2803 4632; x_wconf 91' lang='lat' dir='ltr'><strong>octonario</strong></span> <span class='ocrx_word' id='word_1_743' title='bbox 2836 4592 2960 4633; x_wconf 85' lang='lat' dir='ltr'><strong>vere</strong></span> <span class='ocrx_word' id='word_1_744' title='bbox 3004 4593 3158 4634; x_wconf 75' lang='lat' dir='ltr'><strong>novae</strong></span> <span class='ocrx_word' id='word_1_745' title='bbox 3199 4594 3289 4633; x_wconf 87' lang='lat' dir='ltr'><strong>re-</strong></span> 
     </span>
    </p>
   </div>
   <div class='ocr_carea' id='block_1_109' title="bbox 1728 4668 3286 4740">
    <p class='ocr_par' dir='ltr' id='par_1_109' title="bbox 1728 4668 3286 4740">
     <span class='ocr_line' id='line_1_110' title="bbox 1728 4668 3286 4740; baseline -0.001 -14"><span class='ocrx_word' id='word_1_746' title='bbox 1728 4671 1943 4740; x_wconf 87' lang='lat' dir='ltr'><strong>quietis.</strong></span> <span class='ocrx_word' id='word_1_747' title='bbox 1977 4669 2140 4738; x_wconf 84' lang='lat' dir='ltr'><strong>ldque</strong></span> <span class='ocrx_word' id='word_1_748' title='bbox 2181 4670 2233 4723; x_wconf 91' lang='lat' dir='ltr'><strong>iu</strong></span> <span class='ocrx_word' id='word_1_749' title='bbox 2286 4668 2517 4724; x_wconf 82' lang='lat' dir='ltr'><strong>Psalmis</strong></span> <span class='ocrx_word' id='word_1_750' title='bbox 2543 4671 2946 4738; x_wconf 81' lang='lat' dir='ltr'><strong>quammaxime</strong></span> <span class='ocrx_word' id='word_1_751' title='bbox 2999 4679 3205 4733; x_wconf 85' lang='lat' dir='ltr'><strong>teneat.</strong></span> <span class='ocrx_word' id='word_1_752' title='bbox 3240 4671 3286 4727; x_wconf 90' lang='lat' dir='ltr'><strong>si</strong></span> 
     </span>
    </p>
   </div>
   <div class='ocr_carea' id='block_1_110' title="bbox 1727 4758 3285 4830">
    <p class='ocr_par' dir='ltr' id='par_1_110' title="bbox 1727 4758 3285 4830">
     <span class='ocr_line' id='line_1_111' title="bbox 1727 4758 3285 4830; baseline 0.002 -16"><span class='ocrx_word' id='word_1_753' title='bbox 1727 4761 1852 4830; x_wconf 89' lang='lat' dir='ltr'><strong>quis</strong></span> <span class='ocrx_word' id='word_1_754' title='bbox 1900 4769 2111 4829; x_wconf 84' lang='lat' dir='ltr'><strong>potest,</strong></span> <span class='ocrx_word' id='word_1_755' title='bbox 2160 4759 2336 4826; x_wconf 87' lang='lat' dir='ltr'><strong>majus</strong></span> <span class='ocrx_word' id='word_1_756' title='bbox 2366 4758 2609 4827; x_wconf 82' lang='lat' dir='ltr'><strong>profecto</strong></span> <span class='ocrx_word' id='word_1_757' title='bbox 2663 4774 2826 4828; x_wconf 88' lang='lat' dir='ltr'><strong>quam</strong></span> <span class='ocrx_word' id='word_1_758' title='bbox 2881 4774 2980 4829; x_wconf 90' lang='lat' dir='ltr'><strong>pro</strong></span> <span class='ocrx_word' id='word_1_759' title='bbox 3030 4761 3285 4827; x_wconf 82' lang='lat' dir='ltr'><strong>homine,</strong></span> 
     </span>
    </p>
   </div>
   <div class='ocr_carea' id='block_1_111' title="bbox 1728 4849 3284 4921">
    <p class='ocr_par' dir='ltr' id='par_1_111' title="bbox 1728 4849 3284 4921">
     <span class='ocr_line' id='line_1_112' title="bbox 1728 4849 3284 4921; baseline 0.001 -16"><span class='ocrx_word' id='word_1_760' title='bbox 1728 4851 1967 4906; x_wconf 88' lang='lat' dir='ltr'><strong>rationes</strong></span> <span class='ocrx_word' id='word_1_761' title='bbox 1997 4850 2242 4905; x_wconf 85' lang='lat' dir='ltr'><strong>videlicet</strong></span> <span class='ocrx_word' id='word_1_762' title='bbox 2273 4851 2323 4902; x_wconf 92' lang='lat' dir='ltr'><strong>in</strong></span> <span class='ocrx_word' id='word_1_763' title='bbox 2352 4849 2607 4905; x_wconf 87' lang='lat' dir='ltr'><strong>omnibus</strong></span> <span class='ocrx_word' id='word_1_764' title='bbox 2632 4856 2691 4904; x_wconf 93' lang='lat' dir='ltr'><strong>ut</strong></span> <span class='ocrx_word' id='word_1_765' title='bbox 2726 4850 2983 4917; x_wconf 87' lang='lat' dir='ltr'><strong>inveniat,</strong></span> <span class='ocrx_word' id='word_1_766' title='bbox 3018 4852 3284 4921; x_wconf 82' lang='lat' dir='ltr'><strong>quemad-</strong></span> 
     </span>
    </p>
   </div>
   <div class='ocr_carea' id='block_1_112' title="bbox 1729 4940 3284 5011">
    <p class='ocr_par' dir='ltr' id='par_1_112' title="bbox 1729 4940 3284 5011">
     <span class='ocr_line' id='line_1_113' title="bbox 1729 4940 3284 5011; baseline -0.001 -13"><span class='ocrx_word' id='word_1_767' title='bbox 1729 4942 1949 4998; x_wconf 91' lang='lat' dir='ltr'><strong>modum</strong></span> <span class='ocrx_word' id='word_1_768' title='bbox 2006 4955 2389 5011; x_wconf 85' lang='lat' dir='ltr'><strong>proponemus.</strong></span> <span class='ocrx_word' id='word_1_769' title='bbox 2414 4940 2583 5006; x_wconf 84' lang='lat' dir='ltr'><strong>Quale</strong></span> <span class='ocrx_word' id='word_1_770' title='bbox 2626 4948 2709 4996; x_wconf 90' lang='lat' dir='ltr'><strong>est</strong></span> <span class='ocrx_word' id='word_1_771' title='bbox 2738 4940 2890 5006; x_wconf 85' lang='lat' dir='ltr'><strong>illud,</strong></span> <span class='ocrx_word' id='word_1_772' title='bbox 2918 4942 3065 4997; x_wconf 88' lang='lat' dir='ltr'><strong>verbi</strong></span> <span class='ocrx_word' id='word_1_773' title='bbox 3097 4958 3284 5009; x_wconf 89' lang='lat' dir='ltr'><strong>causa,</strong></span> 
     </span>
    </p>
   </div>
   <div class='ocr_carea' id='block_1_113' title="bbox 1728 5034 3285 5105">
    <p class='ocr_par' dir='ltr' id='par_1_113' title="bbox 1728 5034 3285 5105">
     <span class='ocr_line' id='line_1_114' title="bbox 1728 5034 3285 5105; baseline 0.001 -16"><span class='ocrx_word' id='word_1_774' title='bbox 1728 5051 1836 5089; x_wconf 91' lang='lat' dir='ltr'><strong>non</strong></span> <span class='ocrx_word' id='word_1_775' title='bbox 1865 5045 2066 5090; x_wconf 89' lang='lat' dir='ltr'><strong>temere</strong></span> <span class='ocrx_word' id='word_1_776' title='bbox 2099 5041 2348 5090; x_wconf 66' lang='lat' dir='ltr'><strong>octaxum</strong></span> <span class='ocrx_word' id='word_1_777' title='bbox 2380 5035 2646 5103; x_wconf 91' lang='lat' dir='ltr'><strong>psalmum</strong></span> <span class='ocrx_word' id='word_1_778' title='bbox 2677 5050 2772 5105; x_wconf 83' lang='lat' dir='ltr'><strong>pro</strong></span> <span class='ocrx_word' id='word_1_779' title='bbox 2820 5034 3170 5089; x_wconf 78' lang='lat' dir='ltr'><strong>torcularibus</strong></span> <span class='ocrx_word' id='word_1_780' title='bbox 3204 5037 3285 5090; x_wconf 85' lang='lat' dir='ltr'><strong>in-</strong></span> 
     </span>
    </p>
   </div>
   <div class='ocr_carea' id='block_1_114' title="bbox 1728 5125 3285 5194">
    <p class='ocr_par' dir='ltr' id='par_1_114' title="bbox 1728 5125 3285 5194">
     <span class='ocr_line' id='line_1_115' title="bbox 1728 5125 3285 5194; baseline 0 -13"><span class='ocrx_word' id='word_1_781' title='bbox 1728 5126 1988 5194; x_wconf 89' lang='lat' dir='ltr'><strong>scriptum</strong></span> <span class='ocrx_word' id='word_1_782' title='bbox 2023 5140 2164 5188; x_wconf 88' lang='lat' dir='ltr'><strong>esse,</strong></span> <span class='ocrx_word' id='word_1_783' title='bbox 2201 5140 2323 5179; x_wconf 91' lang='lat' dir='ltr'><strong>cum</strong></span> <span class='ocrx_word' id='word_1_784' title='bbox 2366 5125 2421 5178; x_wconf 92' lang='lat' dir='ltr'><strong>in</strong></span> <span class='ocrx_word' id='word_1_785' title='bbox 2465 5126 2746 5181; x_wconf 89' lang='lat' dir='ltr'><strong>octonario</strong></span> <span class='ocrx_word' id='word_1_786' title='bbox 2776 5126 3137 5179; x_wconf 84' lang='lat' dir='ltr'><strong>maturitatem</strong></span> <span class='ocrx_word' id='word_1_787' title='bbox 3170 5126 3285 5181; x_wconf 79' lang='lat' dir='ltr'><strong>fru-</strong></span> 
     </span>
    </p>
   </div>
   <div class='ocr_carea' id='block_1_115' title="bbox 1729 5216 3283 5289">
    <p class='ocr_par' dir='ltr' id='par_1_115' title="bbox 1729 5216 3283 5289">
     <span class='ocr_line' id='line_1_116' title="bbox 1729 5216 3283 5289; baseline 0 -16"><span class='ocrx_word' id='word_1_788' title='bbox 1729 5229 1912 5273; x_wconf 89' lang='lat' dir='ltr'><strong>ctuum</strong></span> <span class='ocrx_word' id='word_1_789' title='bbox 1968 5216 2420 5286; x_wconf 83' lang='lat' dir='ltr'><strong>comprehendat;</strong></span> <span class='ocrx_word' id='word_1_790' title='bbox 2474 5216 2711 5271; x_wconf 88' lang='lat' dir='ltr'><strong>nondum</strong></span> <span class='ocrx_word' id='word_1_791' title='bbox 2768 5218 2911 5271; x_wconf 90' lang='lat' dir='ltr'><strong>enim</strong></span> <span class='ocrx_word' id='word_1_792' title='bbox 2959 5217 3014 5271; x_wconf 92' lang='lat' dir='ltr'><strong>in</strong></span> <span class='ocrx_word' id='word_1_793' title='bbox 3056 5218 3141 5273; x_wconf 81' lang='lat' dir='ltr'><strong>his</strong></span> <span class='ocrx_word' id='word_1_794' title='bbox 3192 5221 3283 5289; x_wconf 85' lang='lat' dir='ltr'><strong>qui</strong></span> 
     </span>
    </p>
   </div>
   <div class='ocr_carea' id='block_1_116' title="bbox 1729 5309 3285 5382">
    <p class='ocr_par' dir='ltr' id='par_1_116' title="bbox 1729 5309 3285 5382">
     <span class='ocr_line' id='line_1_117' title="bbox 1729 5309 3285 5382; baseline 0.002 -18"><span class='ocrx_word' id='word_1_795' title='bbox 1729 5320 1979 5366; x_wconf 90' lang='lat' dir='ltr'><strong>octavum</strong></span> <span class='ocrx_word' id='word_1_796' title='bbox 2022 5309 2345 5379; x_wconf 65' lang='lat' dir='ltr'><strong>praecedunt,</strong></span> <span class='ocrx_word' id='word_1_797' title='bbox 2376 5311 2738 5379; x_wconf 87' lang='lat' dir='ltr'><strong>perceptionis</strong></span> <span class='ocrx_word' id='word_1_798' title='bbox 2776 5319 2989 5379; x_wconf 88' lang='lat' dir='ltr'><strong>tempus</strong></span> <span class='ocrx_word' id='word_1_799' title='bbox 3029 5327 3147 5366; x_wconf 82' lang='lat' dir='ltr'><strong>esse</strong></span> <span class='ocrx_word' id='word_1_800' title='bbox 3188 5328 3285 5382; x_wconf 87' lang='lat' dir='ltr'><strong>po-</strong></span> 
     </span>
    </p>
   </div>
   <div class='ocr_carea' id='block_1_117' title="bbox 1728 5399 3284 5472">
    <p class='ocr_par' dir='ltr' id='par_1_117' title="bbox 1728 5399 3284 5472">
     <span class='ocr_line' id='line_1_118' title="bbox 1728 5399 3284 5472; baseline -0.001 -15"><span class='ocrx_word' id='word_1_801' title='bbox 1728 5411 1865 5457; x_wconf 90' lang='lat' dir='ltr'><strong>terat</strong></span> <span class='ocrx_word' id='word_1_802' title='bbox 1900 5401 2173 5455; x_wconf 84' lang='lat' dir='ltr'><strong>frnctuum</strong></span> <span class='ocrx_word' id='word_1_803' title='bbox 2199 5416 2338 5455; x_wconf 68' lang='lat' dir='ltr'><strong>verae</strong></span> <span class='ocrx_word' id='word_1_804' title='bbox 2368 5400 2515 5455; x_wconf 84' lang='lat' dir='ltr'><strong>vitis.</strong></span> <span class='ocrx_word' id='word_1_805' title='bbox 2545 5399 2853 5467; x_wconf 83' lang='lat' dir='ltr'><strong>Quinetiam</strong></span> <span class='ocrx_word' id='word_1_806' title='bbox 2882 5403 3153 5457; x_wconf 83' lang='lat' dir='ltr'><strong>secundus</strong></span> <span class='ocrx_word' id='word_1_807' title='bbox 3188 5419 3284 5472; x_wconf 86' lang='lat' dir='ltr'><strong>pro</strong></span> 
     </span>
    </p>
   </div>
   <div class='ocr_carea' id='block_1_118' title="bbox 1730 5482 3284 5560">
    <p class='ocr_par' dir='ltr' id='par_1_118' title="bbox 1730 5482 3284 5560">
     <span class='ocr_line' id='line_1_119' title="bbox 1730 5482 3284 5560; baseline 0.003 -17"><span class='ocrx_word' id='word_1_808' title='bbox 1730 5490 2101 5555; x_wconf 81' lang='lat' dir='ltr'><strong>torcularibus,</strong></span> <span class='ocrx_word' id='word_1_809' title='bbox 2127 5490 2487 5560; x_wconf 80' lang='lat' dir='ltr'><strong>octogesimus</strong></span> <span class='ocrx_word' id='word_1_810' title='bbox 2504 5482 2604 5553; x_wconf 74' lang='lat' dir='ltr'><strong>est,</strong></span> <span class='ocrx_word' id='word_1_811' title='bbox 2628 5490 2794 5543; x_wconf 87' lang='lat' dir='ltr'><strong>alium</strong></span> <span class='ocrx_word' id='word_1_812' title='bbox 2822 5491 3284 5559; x_wconf 73' lang='lat' dir='ltr'><strong>comprehenderis</strong></span> 
     </span>
    </p>
   </div>
   <div class='ocr_carea' id='block_1_119' title="bbox 1729 5578 3290 5652">
    <p class='ocr_par' dir='ltr' id='par_1_119' title="bbox 1729 5578 3290 5652">
     <span class='ocr_line' id='line_1_120' title="bbox 1729 5578 3290 5652; baseline -0.003 -14"><span class='ocrx_word' id='word_1_813' title='bbox 1729 5580 2087 5645; x_wconf 86' lang='lat' dir='ltr'><strong>octonarium,</strong></span> <span class='ocrx_word' id='word_1_814' title='bbox 2112 5581 2202 5650; x_wconf 91' lang='lat' dir='ltr'><strong>qui</strong></span> <span class='ocrx_word' id='word_1_815' title='bbox 2226 5589 2308 5634; x_wconf 86' lang='lat' dir='ltr'><strong>est</strong></span> <span class='ocrx_word' id='word_1_816' title='bbox 2333 5580 2386 5633; x_wconf 90' lang='lat' dir='ltr'><strong>in</strong></span> <span class='ocrx_word' id='word_1_817' title='bbox 2406 5578 2732 5642; x_wconf 84' lang='lat' dir='ltr'><strong>decadibus;</strong></span> <span class='ocrx_word' id='word_1_818' title='bbox 2766 5582 3133 5652; x_wconf 79' lang='lat' dir='ltr'><strong>octogesimus</strong></span> <span class='ocrx_word' id='word_1_819' title='bbox 3160 5599 3290 5646; x_wconf 64' lang='grc' dir='ltr'><strong>τοι-ο</strong></span> 
     </span>
    </p>
   </div>
   <div class='ocr_carea' id='block_1_120' title="bbox 2780 5789 2861 5855">
    <p class='ocr_par' dir='ltr' id='par_1_120' title="bbox 2780 5789 2861 5855">
     <span class='ocr_line' id='line_1_121' title="bbox 2780 5789 2861 5855; baseline 0 0"><span class='ocrx_word' id='word_1_820' title='bbox 2780 5789 2861 5855; x_wconf 76' lang='lat'><strong>23</strong></span> 
     </span>
    </p>
   </div>
  </div>
