3860 6200
535 208 639 263 715

1366 207 1422 262 S.
1463 198 1841 262 HlPPOLYTl
1896 204 2047 261 OPP.
2100 203 2282 261 PARS
2349 204 2390 259 1.
2423 237 2495 251 -
2531 202 2941 264 EXEGETICA.
3553 224 3634 284 τις

535 319 1293 392 tertius,conjunctisduobus
1309 322 1480 379 sacris
1508 322 1771 390 numeris,
1811 321 2076 378 octonaric

2193 322 2323 394 περὶ
2345 321 2588 392 ἀφέσεως
2609 321 3021 395 ἁμαρτημάτων
3046 322 3217 390 ἀξιῶν,
3235 327 3319 382 καὶ
3339 330 3643 411 ἐξομολόγησιν

531 414 587 470 in
615 414 933 481 decadibus,
978 429 1043 469 ac
1083 414 1321 469 ternario
1351 413 1408 469 in
1452 411 1778 469 monadibus
1826 413 2087 483 exsurgit.

534 507 643 563 Sed
681 515 734 562 et
777 520 876 576 pro
921 514 1263 576 peccatorum
1307 504 1629 561 remissione
1675 504 2001 574 deprecans,
2038 512 2093 558 et

532 595 993 668 exhomologesim
1022 596 1386 666 complectens
1406 636 1421 659 ,
1453 594 1935 666 quinquagesimus
1966 603 2049 649 est
2073 611 2089 649 :

532 689 677 745 sicut
707 689 852 743 enim
896 687 1384 760 quinquagesimus
1420 687 1576 756 juxta
1615 684 1962 755 Evangelium
2006 701 2093 739 re-

530 778 850 834 missionem
915 776 1190 842 obtinuit,
1254 775 1662 846 intelligentiam
1724 774 1929 844 juhilai
1986 774 2092 829 hoc

533 870 843 927 testimonio
873 868 1235 935 conﬁrmans;
1256 867 1333 923 ita
1359 867 1454 938 qui
1483 881 1664 936 parem
1690 865 2094 936 appetiitexho-

531 964 853 1034 mologesim
889 962 944 1016 in
975 961 1082 1017 alio
1111 961 1262 1017 nullo
1292 970 1647 1031 praeterquam
1672 960 1727 1013 in
1761 959 2093 1029 quinquage-

529 1054 668 1108 simo
701 1067 930 1108 numero
955 1066 1015 1107 se
1056 1052 1267 1107 veniam
1286 1058 1662 1107 assecuturum
1683 1050 1922 1104 conlidit.
1955 1049 2093 1104 Sunt

529 1144 918 1216 odaegraduum
937 1151 1192 1214 praeterea
1209 1141 1502 1208 nonnullaa,
1519 1138 1826 1211 quindecim
1846 1153 2091 1206 numero,

528 1246 662 1308 quot
690 1238 851 1292 etiam
880 1236 1065 1307 templi
1096 1235 1294 1306 gradus
1322 1234 1540 1289 fuerunt
1560 1251 1574 1300 ;
1593 1248 1716 1303 qua:
1741 1231 1881 1286 forte
1909 1239 2093 1287 osten-

530 1331 685 1393 dunt,
704 1330 935 1399 septimo
949 1336 1003 1382 et
1025 1334 1218 1382 octavo
1243 1339 1471 1381 numero
1483 1325 1678 1395 gradus
1700 1323 1987 1380 contineri.
2002 1323 2095 1378 Ha:

528 1434 660 1474 vero
677 1435 797 1489 qua:
817 1418 1077 1489 graduum
1096 1415 1370 1480 dicuntur,
1390 1414 1603 1468 initium
1633 1422 1854 1469 sumunt
1872 1428 1901 1466 a
1920 1422 2096 1467 cente-

530 1509 672 1566 simo
692 1509 973 1575 vicesimo,
1002 1507 1096 1577 qui
1124 1505 1425 1575 simplicius
1450 1516 1795 1574 nuncupatur
1820 1503 2054 1572 psalmus
2075 1545 2090 1569 ,

2192 413 2462 486 περιέχων
2479 415 2508 467 ὁ
2531 413 2889 486 πεντηκοστός
2916 414 3075 470 ἐστιν.
3101 415 3183 480 ἀς
3199 417 3336 489 γάρὸ
3360 431 3647 497 πεντηκοστὸς

2193 505 2334 559 κατά
2390 504 2447 558 τὸ
2498 506 2827 574 Εὑαγγέλιον
2875 506 3060 575 ἄφεσιν
3110 507 3272 578 ἔσχεν,
3325 519 3564 589 μαρτυρῶν
3597 526 3650 595 τῇ

2192 600 2373 670 νοήσει
2400 600 2467 669 τῇ
2497 598 2749 670 περὶτοῦ
2786 598 3091 669 ίωϐηλαίου,
3125 600 3282 666 οὕτως
3308 604 3485 670 ἐλπίζει
3508 612 3587 664 οὒκ
3607 615 3650 668 ὲν

2190 688 2356 760 ἄλλῳ,
2374 688 2411 760 ἢ
2446 690 2505 743 ὲν
2535 689 2614 760 τῷ
2648 689 2999 761 πεντηκοστῷ
3028 691 3208 760 ἄφεσιν
3240 692 3473 764 λήψεσθαι
3491 700 3515 750 ὁ
3536 701 3652 770 εὐχό-

2196 793 2353 851 μενος
2376 779 2502 833 τάδε
2535 780 2658 835 τινὰ
2689 781 2787 851 τῆς
2816 780 3252 853 ὲξομολογήσεως.
3286 784 3432 840 Πάλιν
3456 804 3506 840 τι
3530 791 3651 845 αὑτοῦ

2192 869 2297 924 είσί
2323 886 2468 933 τινες
2493 871 2612 924 τῶν
2635 868 2987 939 ἀναϐαθμῶν
3003 869 3153 940 ᾠδαὶ,
3180 872 3263 926 τὸν
3287 873 3487 945 ἀριθμὸν
3512 895 3655 932 trem-

2193 960 2419 1014 καίδεκα
2439 1000 2455 1025 ,
2502 962 2616 1015 ὅσοι
2671 961 2767 1014 καὶ
2798 963 2847 1014 οἱ
2893 961 3189 1033 άναϐαθμοὶ
3237 962 3323 1016 τοῦ
3373 966 3512 1033 ναοῦ,
3552 968 3660 1038 τάχα

2170 1053 2448 1125 ’δηλοῦσαι
2478 1054 2584 1121 τὰς
2607 1052 2926 1121 ἀναϐάσεις
2956 1054 3288 1127 περιέχεσθαι
3312 1057 3364 1110 ὲν
3386 1057 3453 1129 τῷ
3480 1059 3660 1132 ἑϐδόμῳ

2194 1143 2479 1215 καὶσόγδόῳ
2505 1138 2844 1215 ἀριθμῷζἮ
2880 1144 2936 1198 δὲ
2958 1144 3101 1216 ἀρχὴ
3127 1144 3237 1199 τῶν
3266 1147 3567 1218 ἀναϐαθμῶν
3584 1152 3665 1205 ἀπὸ

2192 1235 2483 1290 ὲκατοστοῦ
2502 1237 2768 1303 εἰκοστοῦ,
2788 1237 3146 1309 ἁπλούστερον
3169 1236 3434 1308 λεγομένου
3454 1241 3665 1310 ψαλμοῦ,

2194 1327 2271 1391 ὡς
2300 1327 2371 1381 τὰ
2399 1328 2598 1400 ἀκριϐῆ
2633 1328 2745 1400 ἔχει
2773 1329 2880 1383 τῶν
2915 1327 3271 1399 ἀντιγράφων.
3302 1320 3451 1391 Οὗτος
3476 1328 3525 1381 δέ
3557 1330 3667 1382 ἐστιν

2192 1416 2421 1487 ἀριθμὸς
2447 1416 2777 1490 τελειότητος
2807 1417 2950 1489 ζωῆς
2971 1416 3268 1489 ἀνθρώπου.
3295 1417 3394 1471 Καὶ
3420 1419 3667 1484 έκατοστὸς,

2193 1500 2253 1560 οῦ
2282 1508 2314 1576 ἠ
2345 1506 2515 1578 ἀρχή·
2552 1509 2759 1574 Ἔλεος
2789 1509 2886 1562 καὶ
2936 1507 3161 1576 κρίσεις
3188 1504 3391 1575 ᾄσομαι
3409 1508 3670 1574 σοι,Κύριε,

530 1600 988 1672 quemadmodum
1029 1597 1395 1653 emendatiora
1427 1596 1625 1650 habent
1662 1596 2008 1665 exemplaria.
2046 1596 2076 1648 l:

2196 1599 2439 1671 περιέχει
2495 1599 2605 1670 βίον
2649 1602 2807 1669 ἁγίου
2830 1599 3253 1671 -κοινωνουμένου
3280 1598 3377 1653 ὑπὸ
3403 1598 3535 1652 Θεοῦ.
3568 1599 3612 1652 '0
3630 1598 3673 1651 at

529 1705 707 1751 autem
741 1702 824 1749 est
862 1706 1121 1747 numerus
1164 1688 1414 1760 perfecta:
1442 1687 1810 1757 absolutaeque
1840 1687 2090 1743 humana:

525 1788 650 1842 vita:
672 1786 713 1842 ³.
757 1784 1096 1839 Centesimus
1123 1782 1382 1853 quidem,
1426 1781 1590 1852 cujus
1634 1779 1916 1835 exordium
1962 1789 2083 1835 est:

2123 1671 2164 1725 Β
2192 1689 2481 1754 ὲκατοστὸς
2543 1690 2903 1763 πεντηκοστὸς
2952 1689 3244 1761 καταλήγει
3288 1689 3361 1752 εἰς
3421 1690 3500 1741 ro’
3543 1685 3674 1741 Πᾶσα

2192 1781 2350 1850 πνοὴ
2380 1782 2671 1837 αὶνεσάτω
2697 1782 2804 1837 τὸν
2821 1783 3060 1851 Κύριον.

525 1877 947 1933 Misericordiam
998 1884 1047 1930 et
1094 1874 1294 1939 iudicia
1351 1873 1572 1929 cantabo
1625 1872 1740 1935 tibi,
1800 1872 2041 1938 Domine,
2096 1875 2271 1929 sancti
2311 1876 2476 1930 vitam
2505 1876 2904 1953 complectitur,
2945 1890 2975 1929 a
3005 1873 3118 1929 Deo
3144 1873 3197 1927 in
3240 1886 3384 1928 suam
3423 1870 3675 1926 societatem

523 1971 679 2027 asciti
712 1988 726 2025 :
754 1968 1083 2024 centesimus
1109 1977 1289 2022 autem
1317 1968 1801 2038 quinquagesimus
1838 1967 1894 2021 in
1922 1980 1987 2022 ea
2011 1968 2175 2023 verba
2208 1967 2410 2025 desinit
2436 1988 2449 2024 :
2484 1969 2673 2025 Omnis
2713 1971 2934 2041 spiritus
2965 1969 3149 2024 laudet
3170 1967 3455 2021 Dominum.

591 2060 657 2115 V.
695 2061 765 2114 At
792 2058 1051 2129 quoniam
1084 2059 1137 2112 in
1169 2072 1495 2129 unoquoque
1527 2057 1738 2127 psalmo
1768 2056 1822 2111 id
1850 2054 2079 2124 eﬂlcere,

520 2165 824 2221 causasque
855 2149 1118 2212 invenire,
1152 2148 1316 2205 sicuti
1345 2146 1554 2218 praelati
1586 2162 1800 2213 sumus,
1826 2145 2081 2201 dillicilli-

518 2236 667 2301 mum
698 2253 802 2307 est,
827 2249 1184 2310 naturamque
1217 2239 1497 2293 hominum
1519 2237 1824 2304 excedens;
1855 2236 1939 2293 his
1966 2238 2081 2292 vel-

2253 2060 2330 2113 E'.
2362 2060 2503 2113 Ἀλλ’
2524 2060 2752 2131 ἐπείπερ
2778 2060 2854 2123 ὡς
2883 2059 3242 2132 προείπαμεν,
3272 2058 3349 2128 ἐφ’
3369 2056 3475 2120 ἐνὸς
3496 2054 3681 2110 ἑκάστου

2182 2148 2342 2203 τοῦτο
2391 2150 2631 2222 ποιῆσαι,
2666 2151 2760 2204 καὶ
2792 2150 2970 2221 εὑρεῖν
3014 2149 3118 2215 τὰς
3153 2147 3347 2212 αἰτίας,
3391 2144 3565 2218 σφόδρα
3596 2145 3680 2198 ἐστὶ

2183 2243 2584 2314 χαλεπώτατον,
2625 2243 2719 2297 καὶ
2766 2241 3086 2312 δυσέφικτον
3128 2243 3194 2312 τῇ
3233 2236 3507 2310 ἀνθρώπων
3544 2234 3681 2306 φύσει,

2184 2334 2390 2400 τούτοις
2422 2334 2890 2408 ἀρκεσθησόμεθα,
2920 2333 3247 2407 ὑπογραφῆς
3302 2331 3448 2403 χάριν
3476 2346 3490 2359 ·
3554 2327 3681 2400 μόνον

2186 2426 2531 2499 προσθέντες,
2558 2427 2640 2480 ὅτι
2670 2426 2731 2480 οὐ
2765 2426 2906 2480 κατά
2949 2426 3045 2497 τὴν
3087 2425 3240 2492 τάξιν
3277 2424 3370 2494 τῆς
3408 2420 3593 2493 γραφῆς
3609 2419 3682 2488 τῆς

518 2520 645 2577 dine
672 2534 781 2589 quo
803 2516 1006 2586 scripta
1033 2513 1256 2567 historia
1282 2520 1387 2574 est,
1417 2509 1612 2580 psalmi
1641 2508 1736 2579 qui
1759 2508 1830 2563 ab
1855 2507 2076 2563 historia

2186 2519 2445 2592 ἱστορίας,
2479 2522 2527 2573 οἱ
2554 2519 2835 2583 δοκοῦντες
2864 2517 3135 2592 ἠρτῆσθαι
3166 2517 3266 2587 τῆς
3295 2514 3512 2586 ἱστορίας
3530 2511 3683 2583 ψαλμοὶ

514 2612 747 2683 pendere
776 2607 1046 2671 videntur,
1080 2615 1207 2660 sunt
1239 2602 1518 2674 inscripti;
1556 2600 1784 2671 ejusque
1827 2599 1907 2655 rei
1950 2614 2076 2654 cau-

2183 2612 2577 2685 ἐνεγράφησαν.
2612 2612 2721 2665 Καὶ
2751 2610 2926 2665 αἰτίαν
2956 2611 3160 2664 τούτων
3191 2609 3298 2680 ἔχει
3316 2612 3332 2631 ‘
3364 2608 3455 2661 οὐκ
3484 2601 3682 2675 άλλην,ῆ

515 2720 632 2760 sam
678 2702 879 2758 nullam
931 2699 1215 2761 habemus,
1249 2696 1352 2751 nisi
1402 2708 1658 2749 numeros
1701 2692 1793 2762 qui
1847 2698 1975 2746 sunt
2024 2690 2076 2745 in

2180 2703 2305 2766 τοὺς
2333 2702 2597 2774 ἀριθμοὺς
2632 2703 2688 2754 ὲν
2715 2695 2795 2766 οἷς
2822 2702 2926 2754 εἱσι
2950 2700 3271 2772 τεταγμένα
3297 2699 3344 2751 οί
3368 2692 3562 2768 ψαλμοί.
3593 2686 3684 2746 οἷον

512 2795 854 2852 Psalmoruut
889 2792 1029 2847 serie
1064 2788 1362 2844 constituti.
1388 2784 1632 2856 Namque
1665 2784 1889 2838 historia
1916 2783 2076 2868 quin-

2179 2793 2214 2863 ἡ
2234 2792 2444 2863 ἱστορία
2471 2789 2563 2844 τοῦ
2589 2789 2949 2861 πεντηκοστοῦ
2981 2789 3220 2861 πρώτου,
3241 2788 3468 2860 προτέρα
3493 2781 3590 2836 ἐστὶ
3612 2779 3683 2846 τῆς

422 2942 425 2946 ,
513 2883 813 2955 quagesimi
846 2881 1025 2951 primi,
1057 2879 1204 2949 prior
1243 2887 1325 2932 est
1367 2877 1456 2931 illa
1504 2871 1963 2946 quinquagesimi;
1998 2871 2077 2925 si-
2185 2883 2425 2954 ἱστορίας
2467 2881 2559 2936 τοῦ
2597 2881 2989 2954 πεντηκοστοῦ»
3029 2883 3102 2936 τὰ
3142 2880 3253 2952 γὰρ
3299 2879 3420 2950 περὶ
3465 2873 3686 2946 Δωὴχτὺν

513 2977 728 3046 quidem
785 2988 849 3027 ea
904 2986 1023 3039 qua:
1071 2968 1214 3039 Dueg
1263 2967 1557 3022 ldumaaum
1614 2965 1929 3034 respiciunt,
1984 2962 2076 3033 qui

2194 2974 2323 3028 Ἶδου
2331 2977 2486 3045 μαῖον
2538 2974 2884 3029 διαϐάλλοντα
2930 2975 3021 3028 τὸν
3076 2972 3243 3027 Δαυὶδ
3285 2971 3362 3043 τῷ
3405 2968 3573 3031 Σαοὺλ,
3609 2967 3687 3027 πᾶς

513 3068 654 3137 apud
687 3065 815 3120 Saul
851 3062 1102 3117 Davidem
1137 3059 1497 3115 calumniatus
1520 3067 1622 3119 est,
1654 3072 1813 3111 nemo
1850 3070 2076 3124 negave~

2180 3064 2427 3135 ὁμολογεῖ
2474 3065 2712 3135 πρότερα
2752 3059 2889 3118 εἶναι
2940 3064 3037 3135 τῆς
3089 3053 3233 3136 πρὸς
3280 3062 3374 3133 τὴν
3417 3059 3500 3116 τοῦ
3541 3057 3688 3129 Οὐρίου

511 3161 582 3213 rit
614 3159 792 3228 priora
825 3170 947 3209 esse
977 3162 1197 3224 peccato
1231 3166 1352 3204 cum
1384 3164 1551 3203 uxore
1578 3147 1744 3202 Uriae.
1770 3146 1923 3201 Haud
1948 3161 2076 3202 vero

2182 3156 2474 3227 ἁμαρτίας.
2510 3158 2623 3210 Οὐκ
2655 3157 2863 3225 ἀλόγως
2901 3158 2959 3211 δὲ
2997 3156 3059 3211 τὸ
3087 3159 3195 3230 τῆς
3222 3156 3451 3227 ἱστορίας
3475 3152 3688 3221 δεύτερον,

511 3253 629 3307 sine
676 3248 884 3303 ratione
932 3245 1073 3315 quod
1112 3246 1166 3299 iu
1210 3241 1435 3297 historia
1483 3240 1753 3311 posterius
1793 3247 1896 3304 est,
1930 3237 2075 3307 quod

2183 3247 2442 3320 πρότερόν
2457 3249 2570 3301 ἐστι
2600 3247 2693 3301 τοῦ
2718 3249 2816 3319 τῆς
2848 3248 3086 3321 ἱστορίας
3115 3247 3405 3322 προτέρου,
3434 3244 3612 3315 ἐπειδὴ,
3638 3242 3692 3303 ὼς

508 3346 662 3414 prius
707 3343 761 3395 in
813 3339 1000 3394 eadem
1050 3347 1152 3403 est,
1194 3334 1495 3401 antecedit;
1521 3330 1960 3403 quandoquidem
1991 3330 2076 3384 in-

2182 3339 2605 3410 προειρήκαμεν,
2627 3340 2656 3392 ὁ
2704 3341 2829 3413 περὶ
2865 3343 3108 3410 ἀφέσεως
3139 3342 3306 3404 τόπος
3338 3336 3580 3406 συγγενής
3608 3335 3690 3384 ἐστι

509 3437 798 3508 (ΙυΙεθηιίιε
832 3436 1007 3498 locus,
1035 3442 1093 3487 ut
1139 3429 1302 3502 paulo
1350 3440 1475 3485 ante
1523 3430 1781 3490 diximus,
1811 3436 2074 3497 cognatus

2178 3426 2256 3498 τῷ
2303 3430 2648 3517 πεντηκοστῷ
2697 3431 2932 3504 ἀριθμῷ.
2965 3434 3024 3485 '0
3068 3431 3127 3486 δὲ
3176 3433 3276 3487 οὐκ
3319 3431 3462 3498 ἄξιος
3502 3427 3695 3496 ἀφέσεως

509 3540 590 3586 est
643 3541 868 3583 nurnero
915 3524 1391 3596 quinquagesimo.
1420 3520 1680 3592 Quisquis
1726 3534 1859 3590 ergo
1914 3518 2071 3573 venia

2176 3515 2503 3591 ὑπερέπεσεή
2534 3522 2625 3575 τὸν
2677 3524 3037 3596 πεντηκοστὸν
3089 3524 3346 3597 ἀριθμὸν,
3391 3522 3463 3585 ὡς
3505 3518 3636 3587 Δωὴκ
3673 3515 3694 3564 ὁ

506 3621 761 3691 indignus
795 3616 978 3680 fuerit,
1026 3616 1073 3670 is
1118 3614 1631 3685 quinquagesimum
1668 3624 1952 3665 numerum
1986 3625 2075 3664 ex-

2185 3606 2479 3679 Ἰδουμαῖος
2499 3627 2511 3640 ·
2547 3613 2908 3683 πεντηκοστὸς
2942 3614 3052 3685 γὰρ
3091 3614 3311 3686 πρῶτός
3350 3613 3489 3665 ἐστιν
3517 3608 3697 3671 0:11:37-

507 3707 691 3769 cessit,
726 3702 1181 3774 quemadmodum
1230 3699 1373 3771 Doeg
1399 3699 1703 3764 ldumaeus;
1735 3699 2071 3769 quinquage-

2176 3697 2374 3765 τέλλων
2399 3702 2469 3756 τὰ
2494 3703 2623 3774 περὶ
2650 3703 2832 3759 αὑτοῦ.
2851 3704 3010 3759 Ἀλλὰ
3045 3706 3154 3778 μὴν
3191 3707 3285 3761 καὶ
3316 3705 3506 3776 τρίτος,
3549 3694 3694 3764 ἐπειδὴ

506 3798 679 3852 simus
712 3795 923 3865 primus
950 3794 1093 3849 enim
1122 3802 1204 3848 est
1228 3793 1491 3863 psalmus,
1524 3791 1579 3845 iu
1608 3806 1719 3861 quo
1755 3805 1816 3844 ea
1851 3804 1972 3859 quae
2000 3789 2066 3843 ad

2176 3789 2257 3842 ὅτε
2309 3791 2504 3861 ἔφευγε
2551 3795 2713 3848 Δαυὶδ
2759 3796 2867 3850 ἀπὸ
2919 3796 3217 3869 προσώπου
3260 3791 3595 3869 Ἀϐεσσαλὼμᾲ
3625 3785 3696 3841 τοῦ

504 3886 681 3957 ipsum
733 3885 998 3955 pertinent
1042 3892 1384 3939 enarrantur.
1418 3882 1579 3951 Atqui
1619 3880 1810 3934 tertius
1855 3894 2073 3949 quoque

2176 3879 2289 3933 υἱοῦ
2309 3881 2483 3936 ἀὐτοῦ
2515 3884 2751 3957 εἴρηται,
2780 3888 2938 3959 δῆλον
2965 3867 3079 3953 τοῖς
3094 3889 3433 3959 ἀνεγνωκόσι
3463 3886 3551 3947 τὰς
3573 3867 3697 3935 Βασι-

502 3979 747 4034 eamdem
780 3977 939 4032 habet
969 3976 1401 4030 observationem
1440 3990 1451 4026 :
1487 3988 1597 4043 quo
1636 3972 1779 4026 enim
1830 3982 2071 4041 tempore

2176 3971 2336 4037 λείας,
2350 3974 2430 4028 ὅτι
2462 3977 2599 4046 μετά
2625 3979 2716 4032 τὸν
2745 3986 2824 4033 να⁹
2844 3982 2981 4045 ἐστὶ,
3016 3982 3111 4035 καὶ
3136 3982 3231 4036 τὸν
3256 3988 3323 4033 ν’.
3349 3978 3457 4033 Καὶ
3473 3975 3536 4031 τά
3556 3969 3698 4028 τοιαῦ-

504 4068 669 4126 David
709 4068 945 4141 profugit
996 4084 1026 4123 e
1078 4070 1368 4135 “conspectu
1401 4064 1638 4119 Absalon
1672 4062 1763 4117 tilii
1809 4062 1892 4117 sui
1949 4076 2074 4131 pro-

2176 4079 2236 4115 τα
2287 4064 2333 4116 δ’
2364 4067 2413 4118 εί
2468 4068 2743 4123 ὲπιπλείόν
2772 4088 2855 4135 τις
2886 4070 3174 4143 διατρίψας
3205 4074 3442 4144 τηρήσῃ,
3475 4069 3566 4139 τῆς
3597 4067 3699 4118 ἱστο-

502 4165 784 4219 nuntiatus
822 4171 923 4225 est,
957 4160 1099 4231 quod
1135 4158 1299 4229 probe
1347 4163 1568 4219 norunt,
1619 4155 1710 4224 qui
1758 4152 2064 4224 Regnorum

2176 4152 2312 4224 ρίας,
2339 4156 2433 4210 καὶ
2462 4157 2572 4212 τῶν
2609 4160 2928 4233 ἐπιγραφῶν
2963 4162 3355 4234 ἀκριϐέστερον
3398 4161 3600 4232 εὑρήσει
3623 4149 3697 4213 τὰς

501 4254 669 4309 libros
717 4251 1069 4322 perlegerim;
1101 4249 1345 4317 adeoque
1377 4253 1500 4316 post
1548 4243 2061 4315 quinquagesimum

2176 4245 2366 4311 αἰτίας,
2397 4248 2496 4320 τῆς
2522 4267 2582 4303 τε
2612 4252 2815 4319 τάξεως
2840 4253 2948 4307 τῶν
2973 4252 3240 4325 Ψαλμῶν.

501 4361 554 4406 et
594 4347 1106 4420 quinquagesimum
1142 4345 1377 4414 primum
1431 4350 1578 4397 esset
1632 4338 2015 4395 reccnsendus.
2056 4335 2188 4404 Quae
2214 4342 2453 4411 quidem,
2489 4346 2700 4417 aliaque
2734 4348 3045 4417 hujusmodi
3094 4351 3140 4404 si
3187 4349 3318 4419 quis
3366 4346 3581 4404 ulterius
3604 4353 3701 4412 pet-

501 4442 778 4513 seqnendo
813 4438 1235 4503 animadvertat,
1273 4452 1377 4491 non
1410 4437 1590 4489 minus
1624 4432 1867 4489 historia:
1899 4443 2061 4501 atque
2093 4430 2529 4507 inscriptionum,
2554 4456 2719 4510 quam
2743 4442 2954 4500 ordinis
2981 4443 3329 4499 Psalmorum
3378 4443 3603 4498 rationes
3628 4451 3701 4491 ac-

501 4534 745 4588 curatius
774 4529 1156 4600 deprehendet.

570 4623 658 4679 νι.
700 4621 835 4677 Illud
860 4637 1077 4692 quoque
1110 4634 1216 4675 non
1247 4619 1566 4675 dissimilem
1616 4623 1919 4687 respectum
1955 4613 2051 4668 ha-

2227 4618 2320 4683 ς’.
2366 4619 2525 4685 Εἰκὸς
2552 4618 2595 4673 δ’
2625 4620 2768 4692 ἔχειν
2794 4621 3189 4691 ἀναλογίανκαὶ
3223 4624 3308 4688 τὸ,
3347 4624 3504 4695 μόνον
3530 4633 3681 4690 προφη

495 4717 623 4772 bere
651 4722 1073 4770 consentaneum
1103 4722 1205 4775 est,
1233 4712 1408 4766 solum
1457 4710 1662 4766 scilicet
1694 4724 1757 4764 ex
1784 4706 2061 4779 prophetis

2176 4708 2264 4762 τῶν
2295 4711 2385 4765 τὸν
2411 4714 2574 4767 Δαυιδ
2605 4715 2703 4770 σὺν
2733 4716 2945 4787 ὀργάνῳ
2976 4718 3501 4788 πεπροφητευκέναι.
3536 4713 3605 4785 τῷ
3623 4727 3700 4764 πα-

516 2339 599 2393 uti
630 2333 973 2391 lineamentis
1019 2330 1342 2401 quibusdam
1377 2325 1673 2401 propositis
1711 2326 1947 2384 contenti
1975 2329 2080 2383 eri-

515 2444 660 2483 mus.
696 2423 877 2489 Unum
916 2422 1047 2477 illud
1077 2421 1415 2490 adjiciemus,
1445 2418 1590 2488 quod
1636 2431 1743 2472 non
1778 2416 1967 2472 eodem
1995 2430 2084 2470 or-

494 4809 747 4865 Davidem
779 4808 996 4862 oracula
1040 4806 1242 4860 fudisse
1273 4820 1397 4859 cum
1437 4803 1796 4858 instrumento
1824 4802 2054 4863 musico,

492 4902 638 4971 quod
684 4917 715 4955 a
746 4899 949 4955 Graacis
979 4897 1195 4967 quidem
1231 4895 1545 4966 psalterium
1578 4893 1901 4963 appellatur,
1948 4889 2053 4946 He-

495 4993 654 5048 braeis
699 5008 825 5045 vero
873 4991 1048 5049 nabla.
1082 5002 1358 5058 unumque
1405 4987 1544 5040 inter
1590 4984 1797 5039 musica
1842 4982 2051 5038 instru-

490 5094 672 5140 menta
707 5082 1068 5137 rectissimum
1101 5090 1203 5143 est,
1232 5078 1364 5132 nihil
1401 5075 1605 5131 habens
1639 5075 1914 5129 inﬂexum.
1944 5072 2050 5129 Ne-

491 5194 598 5249 que
627 5194 753 5231 vero
777 5176 1071 5246 quidquam
1105 5173 1170 5227 ad
1193 5186 1386 5228 sonum
1412 5170 1690 5224 confertur
1712 5184 1778 5223 ex
1805 5167 2047 5221 interiori

491 5278 662 5340 parte,
691 5276 751 5323 ut
791 5268 846 5321 in
872 5267 1077 5323 cithara
1103 5263 1388 5334 contingit,
1413 5261 1645 5330 aliisque
1673 5260 1968 5322 nonnullis,
1996 5268 2050 5319 at

491 5377 521 5415 e
552 5359 837 5429 superiori.
872 5357 970 5414 Ais
1000 5357 1256 5412 nimirum
1287 5355 1340 5409 in
1369 5355 1575 5411 cithara
1599 5361 1654 5409 et
1682 5353 1798 5425 lyra
1823 5351 2048 5407 inferius

490 5462 709 5507 resonat
734 5452 993 5507 adversus
1022 5451 1280 5520 plectrum
1304 5468 1319 5515 ;
1348 5447 1659 5520 psalterium
1695 5456 1873 5503 autem
1904 5445 2049 5516 ejus-

491 5543 657 5605 mov‘,
689 5542 939 5611 superius
971 5542 1271 5598 harmonici
1302 5540 1513 5597 numeri
1543 5540 1706 5597 habet
1732 5556 1961 5609 causas;
1991 5550 2048 5596 ut

563 5636 584 5666 ⁸
618 5634 749 5691 Gen.
777 5652 849 5693 νι.
875 5635 929 5690 5.

2157 4803 2228 4874 ρὰ
2290 4805 2389 4874 μὲν
2423 4803 2646 4875 Ἕλλησι
2718 4808 3033 4879 καλουμένῳ
3091 4808 3418 4880 ψαλτηρίῳ,
3479 4805 3615 4879 παρὰ
3656 4800 3700 4853 δὲ

2166 4895 2435 4967 Ἑϐραίοις
2456 4896 2671 4963 νάϐλα,
2701 4898 2837 4969 ὅπερ
2872 4900 3030 4969 μόνον
3059 4900 3307 4971 ὀργάνων
3341 4895 3601 4970 μουσικῶν
3625 4892 3699 4960 ὀρ-

2154 4989 2369 5061 θότερον
2414 4985 2573 5055 εἶναι,
2606 4990 2755 5043 οὐδὲν
2800 4991 2921 5062 ἔχον
2961 4992 3290 5063 ἐπικαμπές.
3325 4992 3438 5045 Καὶ
3470 4990 3568 5061 μὴν
3603 4982 3700 5039 οὐδὲ

2161 5087 2494 5157 συνεργεϊται
2523 5086 2603 5147 είς
2635 5078 2768 5153 ἦχον
2808 5084 2873 5136 ὲκ
2900 5083 3009 5137 τῶν
3047 5083 3197 5137 κάτω
3226 5082 3434 5155 μερῶν,
3477 5080 3549 5142 ὡς
3587 5090 3700 5143 συμ-

2159 5177 2332 5232 ϐαίνει
2362 5178 2453 5230 ἐπὶ
2473 5175 2720 5249 κιθάρας,
2745 5177 2837 5229 καὶ
2866 5175 3040 5231 ἄλλων
3066 5176 3245 5239 τινῶν,
3278 5174 3397 5230 ἀλλ’
3420 5167 3698 5236 ἄνωθεν.Τῇ

2158 5267 2356 5340 κιθάρᾳ
2389 5268 2487 5338 μὲν
2515 5266 2620 5339 γὰρ
2648 5268 2742 5321 καὶ
2773 5269 2837 5338 τῇ
2872 5265 3010 5339 λύρᾳ
3036 5267 3275 5322 κάτωθεν
3302 5270 3334 5321 ὁ
3356 5265 3553 5336 χαλκὸς
3581 5262 3699 5327 ὑπη-

2156 5362 2240 5432 χεῖ
2283 5360 2413 5430 πρὸς
2448 5358 2508 5413 τὸ
2537 5358 2807 5430 πλῆκτρον
2831 5375 2846 5388 ο
2888 5358 2950 5411 τὸ
2978 5358 3270 5430 ψαλτήριον
3319 5357 3379 5411 δὲ
3424 5354 3578 5410 τοῦτο
3612 5348 3702 5405 τῶν

2156 5447 2462 5522 ἁρμονικῶν
2492 5446 2711 5520 ῥυθμῶν
2732 5446 2933 5501 ἀνωθεν
2963 5447 3074 5517 ἔχει
3097 5447 3197 5510 τὰς
3218 5445 3497 5518 ἀφορμὰς,
3521 5443 3601 5496 ἵνα
3622 5437 3701 5491 καὶ

2155 5541 2313 5611 ἡμεῖς
2343 5541 2410 5593 τὰ
2433 5538 2543 5593 ἄνω
2566 5535 2745 5608 ζητεῖν
2775 5535 3105 5608 μελετῶμεν,
3132 5537 3224 5592 καὶ
3247 5535 3323 5607 μὴ
3347 5537 3417 5606 τῇ
3447 5532 3602 5604 ἡδονῇ
3621 5523 3703 5580 τοῦ
