3852 6208
171 276 255 328 717

1092 256 1513 333 FRAGMENTA
1551 279 1772 337 ouum.
1812 312 1879 322 -
1916 281 1984 336 IN
2023 282 2355 340 PSALMOS.

3229 290 3335 343 738

168 393 331 465 μέλους
354 393 437 445 ἐπὶ
463 393 523 445 τὰ
554 394 648 462 τῆς
680 395 877 465 σαρκὸς
905 395 1049 465 πάθη
1079 399 1532 469 καταφερώμεθα.
1556 402 1658 453 Κὰ-

1774 416 1871 455 nos
1902 401 2061 455 etiam
2111 418 2307 472 supera
2348 412 2649 472 quaerentes
2676 412 3126 463 commentemur.
3162 418 3336 473 neque

168 489 285 539 κεῖνο
311 484 360 536 δὲ
382 482 523 565 οἶμαι
545 485 631 537 τὸν
657 488 986 555 προφητικὸν
1014 488 1165 557 λόγον
1196 490 1402 565 βαθέως
1425 493 1553 561 ἡμῖν
1580 492 1675 545 καὶ

169 576 314 645 σοφῶς
352 575 431 628 διά
471 576 564 645 τῆς
591 576 677 629 τοῦ
706 577 935 648 ὀργάνου
962 583 1301 654 κατασκευῆς
1329 584 1668 654 ἐνδεδεῖχθαι,

165 668 230 720 δτι
271 669 310 719 οἱ
347 668 609 751 ἐμμελεῖς,
642 669 731 721 καὶ
764 670 1084 742 εὐάρμοστοι
1123 674 1220 737 τὰς
1256 676 1452 745 ψυχὰς,
1487 677 1671 747 ραδίαν

164 761 306 829 ἔχουσι
330 760 417 831 τὴν
443 762 520 823 είς
546 761 609 814 τὰ
637 763 745 816 ἄνω
792 764 1307 837 πορείαν.’οργανον
1337 768 1393 819 δὲ
1424 768 1581 821 πάλιν
1608 771 1670 821 ἐκ

163 853 247 903 τῶν
272 852 368 904 ἅνω
392 852 486 923 τὴν
508 854 756 926 ἀφορμὴν
780 856 871 908 τοῦ
898 858 1049 926 ἠχεῖν
1077 860 1132 911 ὲν
1165 859 1352 929 ῥυθμῷ
1378 860 1666 930 λαμϐάνον,

162 943 281 993 ποῖον
308 941 366 993 ἂν
407 942 487 1013 εἴη
520 944 577 996 τὸ
609 946 763 1015 σῶμα
805 946 899 999 τοῦ
942 949 1196 1019 Χριστοῦ,
1227 952 1320 1003 καὶ
1364 952 1470 1004 τῶν
1499 953 1667 1019 ἁγίων

160 1032 315 1085 αὐτοῦ’
367 1034 586 1105 ὄργανον
652 1037 744 1108 τὴν
810 1040 1073 1111 εὐθύτητα
1129 1043 1283 1112 μόνον
1336 1046 1665 1117 τετηρηκόςο

168 1126 426 1193 Ἀμαρτιάν
461 1129 567 1196 γύρ
599 1132 706 1182 οὐκ
735 1131 1036 1196 ἐποιήσεν,
1066 1134 1205 1187 οὐδέ
1242 1135 1449 1203 εὑρέθη
1488 1137 1666 1203 δόλος

155 1216 208 1267 ἐν
234 1216 298 1281 τῷ
330 1221 564 1287 στόματι
592 1221 1067 1295 αὐτοῦ.”οργανον
1096 1225 1399 1297 σύμφωνον,
1433 1229 1664 1299 ἐναρμό-

154 1325 256 1370 νιοηί,
278 1308 514 1378 ἐμμελὲς,
544 1312 795 1382 οὐδεμίαν
834 1314 1176 1387 ἀνθρωπίνην
1211 1318 1561 1387 ἁσυμφωνίαν
1592 1322 1665 1372 εί-

152 1399 302 1470 ληςεᾰ,
324 1399 433 1453 οὐδὲ
473 1403 623 1472 παρὰ
661 1403 816 1473 μέλος
842 1405 893 1457 τί
924 1408 1235 1477 πεποιηκὸς,
1271 1410 1442 1480 πάντη
1484 1411 1539 1463 δὲ
1569 1410 1664 1481 τὴν

152 1494 386 1563 ἁρμονίαν,
412 1493 503 1564 τὴν
532 1494 671 1566 πρὸς
708 1496 797 1548 τὸν
842 1497 1057 1568 Πατέρα
1088 1500 1415 1571 τετηρηκός’
1451 1503 1526 1563 ὡς
1558 1503 1663 1574 γάρ

152 1602 280 1654 φησιν
309 1587 455 1650 αὐτὸς
474 1604 486 1616 ·
530 1588 585 1639 Ὀ
614 1586 697 1641 ὢν
722 1589 789 1642 ἐκ
822 1589 931 1655 τῆς
956 1591 1087 1659 γῆς,
1114 1592 1182 1645 ἐκ
1228 1592 1332 1659 τῆς
1370 1592 1480 1663 γῆς
1509 1596 1658 1657 ἐστι,

153 1679 224 1731 καὶ
244 1680 300 1731 ἐκ
328 1678 426 1745 τῆς
454 1678 564 1748 γῆς
591 1681 793 1734 λαλεῖ·
830 1685 862 1735 ό
898 1682 964 1735 ἐκ
1004 1684 1107 1736 τοῦ
1140 1686 1397 1750 effare?)
1425 1686 1662 1755 ἐρχὲμε-

152 1788 246 1837 νος,
272 1772 296 1824 ὅ
320 1772 547 1839 ἑώρακε,
578 1772 674 1826 καί
710 1773 936 1842 ἢκουσε
954 1777 1255 1844 μαρτιιρεῖ.

1694 1752 1733 1809 Β

202 2036 259 2090 Ζ⁹.
293 2037 475 2089 Λοιπὸν
507 2038 627 2089 ἐστι
657 2037 940 2103 διαλαϐεῖν,
973 2039 1139 2093 ὄντων
1172 2039 1420 2112 ψαλμῶν,
1454 2042 1545 2095 κοιλ⁸
1568 2046 1658 2097 οὑ-

152 2125 232 2179 σῶν
256 2126 403 2197 ᾠδῶν,
432 2128 522 2181 καὶ
544 2128 774 2200 ψαλμῶν
801 2130 961 2202 ᾠδῆς,
996 2132 1087 2186 καὶ
1118 2132 1270 2202 ᾠδῶν
1299 2133 1534 2205 ψαλμοῦ,
1564 2152 1659 2187 πε-

153 2218 190 2285 ρὶ
214 2219 292 2289 τῆς
318 2218 508 2272 τούτων
547 2220 1154 2294 διαφορᾶς.Ἢγούμεθα
1200 2224 1377 2278 τοίνυν
1416 2226 1660 2296 ψαλμοὺς

154 2310 225 2377 μὲν
262 2303 380 2361 εἶναι
422 2310 545 2372 τοὺς
601 2310 734 2381 πρὸς
778 2312 838 2364 τὸ
883 2311 1111 2382 ὄργανον
1155 2312 1336 2383 μόνον,
1375 2313 1557 2383 φωνῆς
1598 2312 1656 2364 οὐ

153 2402 617 2473 συνεζευγνυμένης,
647 2405 1025 2474 κρουομένους,
1060 2406 1152 2459 καὶ
1179 2404 1244 2457 δι’
1273 2406 1499 2477 ὀργάνου
1530 2422 1659 2475 μου-

154 2495 270 2567 σικὴν
303 2497 551 2568 μελῳδίαν
577 2515 593 2527 ο
644 2498 783 2569 ᾠδὰς
819 2498 873 2551 δὲ
904 2500 1001 2562 τὰς
1039 2502 1101 2570 τῇ
1146 2501 1293 2569 φωνῇ
1333 2500 1659 2573 ἐκδεχομένη

152 2590 208 2651 εἰς
228 2590 277 2642 τδ
301 2591 458 2660 στόμα
487 2591 820 2659 ἐπαγγελίας
852 2592 1113 2661 μουσικῆς
1142 2591 1455 2664 ἐναρμόνιον
1483 2594 1659 2659 ἐκφω-

153 2680 305 2734 νείσθαι
340 2682 632 2753 λεγομένας
678 2683 935 2755 ὑπάρχειν
960 2701 972 2713 ·
1013 2684 1256 2753 ψαλμοὺς
1288 2683 1343 2735 δὲ
1370 2682 1539 2752 ᾠδῶν,
1568 2684 1655 2735 ὅτε

152 2774 448 2841 προτέτακται
486 2776 591 2847 μὲν
618 2776 651 2846 ἡ
678 2776 845 2847 φωνὴ,
873 2776 1074 2845 ταύτης
1114 2776 1168 2829 δὲ
1204 2778 1433 2847 ἤρτηται
1463 2779 1490 2828 ὁ
1515 2776 1656 2828 ὲκεί-

152 2882 230 2916 νων
261 2870 495 2939 συγγενὴς
529 2863 686 2938 ἦχος,
720 2868 1095 2939 ἀποδιδόμενος
1122 2868 1407 2939 εὐρύθμως
1435 2868 1519 2920 διὰ
1548 2868 1656 2921 τῶν

151 2956 367 3026 ὀργάνων·
399 2958 537 3029 ᾠδὰς
572 2959 629 3011 δὲ
658 2959 903 3029 ψαλμῶν,
927 2960 1052 3012 ὅταν
1079 2960 1439 3030 προτάσσεται
1477 2959 1573 3030 μὲν
1598 2960 1656 3013 τὸ

152 3049 342 3117 δργανον,
364 3051 538 3123 χώραν
562 3052 621 3105 δὲ
641 3051 899 3122 λαμϐάνει
923 3052 1174 3124 δευτέραν
1205 3055 1236 3123 ἠ
1264 3053 1434 3124 φωνὴ,
1469 3055 1501 3123 ὴ
1531 3054 1654 3104 ἑπο-

156 3142 253 3213 μένη
289 3147 343 3213 τῇ
385 3146 487 3199 τῶν
533 3145 742 3216 χορδῶν
789 3148 1038 3217 μουσικῇ.
1084 3146 1191 3199 Καὶ
1237 3146 1406 3199 ταῦτα
1441 3147 1539 3217 μὲν
1577 3147 1651 3209 ὡς

155 3233 253 3301 πρὶς
284 3236 331 3287 τὸ
360 3238 513 3307 ῥητὸν
542 3236 651 3290 τῶν
685 3238 1091 3307 σημαινομένων
1110 3254 1122 3265 ·
1154 3238 1291 3291 κατὰ
1324 3237 1381 3291 δὲ
1408 3240 1531 3300 τοὺς
1557 3237 1653 3305 τῆς

154 3325 377 3399 ἀναγωγῆς
399 3328 610 3398 λόγους,
631 3329 837 3400 ψαλμὸς
872 3330 967 3400 μὲν
998 3329 1063 3381 ἂν
1093 3329 1199 3399 εἴη,
1229 3330 1315 3382 ὅτε
1341 3329 1401 3382 τὸ
1426 3330 1653 3400 ὄργανον

153 3415 197 3468 τὸ
228 3418 356 3489 σῶμα
392 3422 676 3491 κρούοντες
722 3421 809 3474 διὰ
845 3421 951 3474 τῶν
991 3420 1166 3474 καλῶν
1212 3421 1405 3491 ἔργων,
1459 3420 1654 3491 πρᾶξιν

152 3510 311 3583 ἀγαθὴν
352 3514 719 3584 ἐπιτελοῦμεν,
753 3516 803 3567 κ’
837 3514 901 3567 ἂν
954 3515 1026 3585 μὴ
1058 3515 1198 3568 πάνυ
1247 3515 1303 3566 ὲν
1330 3516 1418 3583 .τῇ
1451 3513 1653 3584 θεωρία

153 3608 512 3676 προκόπτοντες·
572 3609 681 3680 ᾠδὴ
730 3610 806 3674 δὲ,
857 3611 944 3662 ὅτε
998 3611 1163 3680 χωρὶς
1209 3609 1301 3662 τοῦ
1351 3607 1652 3679 πρακτικοῦ

152 3694 462 3771 θεωρήσαντες
526 3702 595 3755 τά
645 3701 741 3773 τῆς
788 3701 1043 3773 ἀληθείας
1093 3704 1401 3772 μυστήρια,
1449 3682 1653 3763 τούτοις

156 3794 657 3866 συγκατατιθέμενοι,
707 3794 1005 3865 φρονοῦμεν
1060 3794 1130 3846 τὰ
1189 3793 1446 3847 κάλλιστα
1528 3795 1655 3863 περὶ

152 3878 268 3947 Θεοῦ,
291 3889 371 3940 καὶ
416 3889 523 3941 τῶν
580 3888 769 3957 λογίων
814 3888 998 3953 αὐτοῦ,
1030 3887 1280 3956 γνώσεώς
1306 3903 1362 3939 τε
1389 3886 1652 3954 φωτιξού-

154 3986 241 4043 σης,
266 3980 346 4031 καὶ
372 3980 559 4049 σοφίας
604 3983 661 4032 ὲν
696 3983 811 4043 ταῖς
842 3980 1038 4050 ψυχαῖς
1062 3979 1217 4051 ἡμῶν
1246 3978 1618 4049 τρανουμένης
1637 3994 1649 4006 ⁸

259 4068 305 4121 δὲ
344 4070 576 4142 ψαλμοῦ,
620 4072 705 4124 ὅτε
751 4071 1091 4145 προαγούσης
1133 4070 1380 4142 πράξεως
1421 4068 1652 4137 ἀγαθῆς.

150 4160 254 4213 κατᾶ
289 4162 340 4215 τὸ
369 4166 753 4236 προειρημένον
774 4182 786 4195 ο
837 4164 1234 4233 Ἐπιθυμήσας
1271 4164 1493 4231 σοφίαν
1539 4161 1657 4215 δια-

152 4251 361 4319 ttionem-
391 4257 662 4322 ἐντολὰς,
690 4257 785 4309 καὶ
816 4258 1025 4324 Κύριος
1055 4257 1375 4325 χορηγήσει
1409 4274 1525 4319 σοι,
1556 4258 1653 4309 αὐ-

149 4338 218 4409 τὴν
245 4346 490 4416 συνίεμεν,
514 4347 785 4421 κριθέντες
813 4347 950 4412 ἄξιοι
1104 4348 1236 4401 Θεοῦ
1261 4349 1358 4418 τῆς
1377 4347 1650 4417 ἀληθείας,

150 4428 198 4480 τὰ
221 4433 331 4498 τέως
359 4438 485 4507 ἡμῖν
514 4439 974 4510 ἀποκεκρυμμένα
998 4456 1010 4469 ⁸
1045 4438 1254 4510 ψαλμοὺς
1284 4439 1341 4492 δὲ
1372 4438 1533 4509 tm"
1563 4439 1651 4491 ὅτε
1680 4452 1729 4511 D

149 4520 487 4595 τεθεωρηκάτες
526 4528 624 4597 τῆς
656 4528 904 4596 γνώσεως
938 4530 1333 4601 σαφηνιζούσης
1381 4529 1502 4582 τινὰ
1546 4530 1654 4583 τῶν

149 4613 484 4681 κεκρυμμένων
514 4615 737 4683 ἢθικῶν,
768 4620 1026 4691 πρότερον
1058 4620 1148 4672 ἐπὶ
1177 4620 1235 4671 τὸ
1267 4620 1528 4690 πράττειν
1565 4637 1655 4689 γε-

148 4695 317 4767 νώμεθα
344 4708 624 4772 συνιέντες,
646 4711 739 4762 καὶ
761 4710 788 4763 ὂ
812 4712 1095 4783 πρακτέον,
1116 4713 1209 4766 καί
1240 4715 1326 4766 ὅτε
1356 4715 1650 4783 πρακτέον,

148 4793 218 4845 καὶ
243 4796 305 4861 ὡς
330 4804 607 4873 πρακτέον.
636 4805 738 4857 Καὶ
766 4806 902 4875 τάχα
932 4806 1017 4860 διὰ
1048 4806 1203 4859 τοῦτο
1222 4808 1276 4860 αἱ
1301 4807 1510 4879 πρῶται
1536 4810 1653 4861 ἐπι-

147 4889 311 4955 γραφαί
347 4894 586 4967 οὐδαμῶς
628 4899 965 4971 περιέχουσιν
996 4899 1093 4962 τὰς
1140 4902 1257 4953 κατ’
1286 4901 1454 4964 αὑτὰς
1486 4901 1647 4971 ᾠδὰς,

148 4975 252 5032 ἀλλὰ
288 4985 429 5051 μόνον
467 4988 691 5059 ψαλμὸν,
718 4990 749 5060 ἢ
783 4991 973 5060 μόνους
1003 4991 1277 5062 ψαλμούς·
1310 4993 1371 5047 οὐ
1404 4993 1512 5064 γὰρ
1543 4994 1651 5046 ἀπὸ

148 5064 335 5141 θεωρίας
375 5079 590 5149 ἄρχεται
631 5083 659 5134 ὁ
687 5083 856 5151 ᾶγιος,
889 5083 1001 5137 ἀλλ’
1031 5084 1394 5156 ἁπλούστερον
1429 5086 1648 5139 πιστεύ-

150 5174 223 5223 σας
264 5169 390 5221 κατὰ
435 5172 751 5243 ὀρθοδοξίαν,
786 5179 903 5238 ταῖς
951 5176 1344 5247 πραττομέναις
1390 5175 1649 5246 πράξεσιν

148 5252 299 5310 ἑαυτὸν
344 5263 619 5320 ἐπιδίδωσι.
655 5270 752 5322 Διὰ
783 5268 938 5321 τοῦτο
965 5269 1057 5322 ἐπὶ
1086 5269 1228 5323 τέλει
1280 5268 1469 5322 πολλαὶ
1493 5269 1646 5339 ᾠδαὶ,

150 5347 219 5398 καὶ
260 5351 375 5406 ὅπου
420 5357 751 5429 ἀναϐαθμοὶ,
788 5362 1023 5432 οὐδαμοῦ
1067 5362 1331 5431 grande,
1362 5361 1488 5414 οὔτε
1528 5364 1649 5415 κατ’

150 5440 292 5504 αὺτὸν,
319 5446 432 5500 οὔτε
465 5454 590 5520 μετά
615 5472 754 5518 τινος
797 5456 1116 5527 ἐπιπλοκῆς,
1146 5455 1283 5509 ἀλλὰ
1313 5457 1483 5509 πᾶσαι
1518 5455 1651 5524 ᾠδαὶ

153 5536 243 5586 κατ’
267 5538 434 5604 αὑτάς·
453 5545 532 5596 Ἐν
559 5548 661 5617 γὰρ
688 5549 813 5614 ταῖς
842 5549 1209 5620 ἀναϐάσεσίν
1241 5549 1375 5620 πρὸς
1400 5549 1573 5602 οὐδενὶ
1602 5552 1649 5601 οἱ

1680 3111 1721 3167 C

210 5719 225 5749 ⁵
252 5720 333 5777 lss.
368 5744 477 5796 LIII,
508 5734 555 5788 9.
628 5738 646 5767 '
682 5734 836 5791 Joan.
873 5753 955 5801 ιιι,
982 5738 1071 5793 3i.
1164 5735 1183 5766 ‘
1220 5732 1388 5787 Eecli.
1419 5749 1459 5796 ι,
1488 5731 1576 5785 23.

1777 494 1980 547 musica
2015 495 2367 550 delectatione
2418 496 2755 565 abripiamur
2788 497 2852 549 ad
2884 498 3065 551 carnis
3094 497 3333 551 affectio-

1774 602 1889 641 nes.
1914 588 2231 653 Quinetiam
2269 591 2415 654 illud,
2447 590 2660 658 opinor,
2696 590 3004 657 prophetica
3033 592 3217 645 eadem
3252 606 3337 644 ra-

1776 680 1937 745 tione,
1972 698 2076 750 qua
2112 682 2453 736 instrumenti
2485 684 2845 745 constructio,
2875 683 3005 737 scite
3037 684 3338 752 sapienter-

1770 789 1876 841 que
1905 774 2333 827 demonstratum
2368 776 2521 827 nobis
2550 774 2738 837 fuisse,
2768 775 2911 844 quod
2939 776 3029 844 qui
3058 775 3335 829 modifica-

1770 875 1825 917 to
1856 874 1981 917 sunt
2014 866 2215 927 animo,
2246 866 2487 934 beneque
2510 867 2824 930 constituto,
2860 865 3070 919 facilem
3100 866 3335 923 habeant

1770 955 1973 1009 aditum
2026 956 2090 1009 ad
2148 957 2408 1010 cmlestia.
2443 956 2814 1027 Praetereaque
2845 958 3266 1012 instrumentum
3301 977 3331 1013 e

1769 1047 1979 1113 superis
2016 1062 2236 1101 causam
2264 1048 2553 1101 dcsumens
2594 1047 2658 1099 ad
2693 1064 2975 1101 numerum
3020 1048 3332 1115 rcsonandi,

1770 1137 1876 1189 tale
1908 1145 2012 1201 est,
2046 1137 2204 1205 quale
2236 1138 2420 1206 utique
2450 1136 2612 1190 fuerit
2646 1152 2843 1205 corpus
2860 1138 3083 1200 Chriszi,
3113 1150 3333 1193 sancto-

1766 1240 1996 1294 rumque
2022 1226 2224 1295 ipsius;
2263 1228 2681 1279 instrumentum
2709 1227 3000 1294 singulare,
3033 1243 3061 1281 a
3088 1244 3197 1297 quo
3222 1244 3334 1285 uno

1766 1326 1971 1371 rectum
2001 1327 2269 1371 servatum
2302 1326 2386 1371 est
2415 1338 2426 1369 :
2454 1316 2727 1370 Peccatum
2754 1317 2895 1371 enim
2940 1335 3043 1371 non
3077 1321 3218 1387 fecit,
3242 1335 3335 1374 nec

1765 1410 2001 1462 inventus
2022 1418 2098 1462 est
2119 1409 2273 1462 dolus
2295 1409 2347 1461 in
2368 1425 2453 1461 ore
2474 1408 2585 1476 ejus
2602 1408 2621 1438 ⁸
2647 1426 2659 1473 ;
2690 1410 3106 1463 instrumentum
3137 1427 3335 1467 conso-

1765 1517 1915 1565 num,
1970 1500 2365 1563 harmonicum,
2428 1501 2771 1563 concinnum,
2830 1500 2971 1570 quod
3036 1503 3331 1559 humanam

1764 1593 1965 1644 nullam
2015 1592 2253 1659 suscepit
2293 1589 2644 1656 discordiam,
2681 1605 2854 1658 neque
2886 1601 3077 1658 praeter
3108 1593 3330 1647 modum

1763 1684 2056 1753 quidquam
2100 1683 2225 1751 egit,
2264 1683 2354 1735 sed
2403 1697 2618 1735 onmem
2664 1683 2820 1750 quasi
2853 1692 3174 1736 concentum
3202 1700 3328 1739 cum

1766 1776 1921 1829 Patre
1959 1776 2190 1829 servavit
2221 1795 2232 1828 :
2263 1782 2320 1828 ut
2345 1776 2485 1827 enim
2516 1775 2590 1827 ait
2618 1775 2731 1843 ipse
2765 1792 2779 1828 :
2810 1775 2912 1838 Qui
2951 1786 3025 1827 est
3066 1776 3130 1828 de
3167 1786 3327 1845 terra,

1762 1871 1824 1922 de
1869 1880 2004 1923 terra
2047 1880 2143 1929 est,
2169 1876 2217 1919 et
2261 1868 2323 1920 de
2368 1878 2505 1920 terra
2540 1868 2800 1937 loquitur;
2824 1867 2912 1934 qui
2931 1867 2994 1919 de
3021 1868 3146 1919 caelo
3170 1870 3328 1935 venit,

1762 1964 1897 2030 quod
1927 1963 2052 2013 vidit
2075 1974 2122 2014 et
2147 1960 2348 2013 audivit
2370 1961 2648 2013 testatur“.

1838 2054 1943 2108 VII.
1984 2056 2250 2121 Quoniam
2284 2071 2411 2109 vero
2440 2064 2568 2111 sunt
2596 2056 2810 2125 psalmi,
2840 2065 3074 2127 suntque
3105 2058 3241 2123 ode,
3275 2067 3330 2113 et

1762 2149 1954 2219 psalmi
1983 2148 2134 2212 odes,
2173 2160 2334 2218 atque
2367 2148 2483 2203 odae
2504 2149 2861 2217 psalmorum,
2894 2160 3141 2218 superest
3173 2159 3231 2204 ut
3262 2150 3330 2204 de

1761 2240 1863 2293 hac
1888 2238 2187 2294 differentia
2229 2240 2409 2294 dicere
2456 2239 2850 2310 aggrediamur.
2886 2238 2995 2295 Nos
3029 2240 3210 2312 itaque
3237 2257 3329 2295 ar-

1760 2330 1941 2383 bitrati
1970 2346 2181 2393 sumus,
2216 2345 2310 2384 eos
2330 2330 2547 2399 quidem
2573 2330 2811 2400 psalmos
2838 2345 2959 2385 esse
2982 2332 3075 2400 qui
3105 2331 3172 2385 ad
3203 2347 3327 2385 mu-

1760 2422 1931 2477 sicum
1967 2422 2387 2475 instrumentum
2438 2422 2814 2475 tantummodo
2847 2422 2965 2475 sine
2996 2422 3143 2477 vocis
3174 2437 3327 2477 com-

1760 2513 2007 2580 plexione
2033 2513 2231 2581 pulsati
2269 2512 2495 2582 sintita,
2522 2522 2579 2566 ut
2598 2530 2692 2582 per
2719 2514 2893 2582 ipsum
2923 2515 3327 2582 quodammodo

1759 2603 2100 2672 praenuntiati
2156 2602 2376 2668 fuerint,
2426 2619 2519 2671 per
2564 2604 2827 2659 musicam
2876 2620 3068 2674 nempe
3120 2606 3323 2661 instru-

1759 2695 1922 2748 menti
1955 2695 2326 2759 harmoniam;
2358 2695 2490 2749 odas
2523 2711 2649 2747 vero
2682 2712 2823 2757 esse,
2860 2713 2979 2765 qua:
3022 2698 3325 2767 excipiente

1756 2800 1889 2840 voce
1927 2794 2053 2840 sunt
2104 2786 2323 2839 reddita:
2366 2801 2460 2855 per
2490 2800 2684 2841 sonum
2713 2787 2844 2852 oris,
2881 2790 3171 2856 pulsationi
3204 2807 3326 2847 mo-

1756 2879 1938 2934 dulate
2002 2880 2451 2949 respondentem;
2522 2881 2762 2949 psalmos
2829 2893 3005 2937 autem
3071 2885 3321 2950 odarum,

1755 2973 1973 3041 quando
2028 2988 2127 3025 vox
2176 2971 2389 3040 quidem
2426 2972 2717 3040 praecessit,
2749 2973 2872 3027 huic
2906 2983 3081 3029 tamen
3110 2986 3322 3045 aptatus

1755 3074 1837 3118 est
1871 3079 2099 3118 concors
2146 3078 2495 3117 numerorum
2529 3063 2760 3128 sonitus,
2793 3066 3055 3120 concinne
3084 3068 3325 3125 redditus

1756 3171 1850 3225 per
1901 3155 2295 3220 instrumenta;
2348 3155 2481 3210 odas
2527 3156 2761 3225 denique
2814 3158 3167 3222 psalmorum,
3199 3175 3325 3215 cum

1756 3255 2027 3314 przeeunte
2057 3246 2416 3300 instrumento
2450 3247 2746 3301 secundum
2793 3247 2970 3302 locum
3022 3265 3126 3303 vox
3168 3266 3328 3307 occu-

1758 3348 1865 3405 pat,
1901 3353 2023 3407 qua:
2081 3337 2313 3391 chordas
2372 3339 2425 3391 in
2481 3338 2689 3394 musica
2747 3340 3114 3409 subsequitur.
3145 3342 3322 3413 Atque

1758 3432 1870 3483 haec
1911 3430 2159 3499 equidem
2193 3429 2356 3482 veluti
2404 3430 2469 3483 ad
2517 3430 2747 3484 litteram
2801 3446 2863 3484 ea
2916 3442 3322 3501 persequentes,

1756 3537 1876 3590 qua:
1908 3521 2109 3575 indicio
2139 3529 2349 3575 tantum
2384 3520 2683 3589 signiﬁcata
2716 3531 2873 3586 sunt;
2903 3524 3198 3578 secundum
3228 3541 3327 3578 au-

1758 3623 1863 3667 tem
1917 3614 2239 3683 anagogicas
2285 3614 2546 3676 rationes,
2579 3623 2690 3667 tum
2724 3614 2967 3682 psalmus
2995 3614 3174 3678 fuerit,
3201 3633 3324 3670 cum

1756 3718 2040 3771 organum,
2073 3717 2273 3770 corpus
2312 3701 2569 3756 nimirum
2603 3704 2845 3758 honestis
2871 3705 3175 3760 actionibus
3205 3708 3325 3773 pul-

1757 3806 1960 3858 santes,
1989 3795 2132 3864 quod
2163 3804 2366 3847 rectum
2415 3802 2499 3847 est
2545 3794 2876 3862 perticimus,
2902 3797 3151 3864 quamvis
3178 3797 3321 3853 haud

1757 3887 1979 3941 omnino
2024 3886 2077 3938 in
2126 3884 2581 3953 contemplatione
2610 3884 2989 3953 proficiamus;
3047 3888 3147 3941 ode
3194 3904 3322 3945 vero

1758 3996 1879 4034 cum
1915 3978 2203 4048 separatim
2247 3978 2314 4031 ab
2352 3976 2563 4031 actione
2603 3977 2936 4033 revolventes
2966 3980 3147 4033 animo
3180 3984 3319 4034 veri-

1758 4072 1883 4125 tatis
1904 4071 2180 4141 mystcria,
2200 4070 2390 4139 hisque
2411 4068 2755 4134 inhaerentes,
2776 4070 2971 4123 eximia
2992 4070 3133 4125 circa
3153 4071 3321 4126 Deum

1758 4162 2035 4229 ipsiusque
2077 4162 2293 4214 oracula
2335 4161 2619 4225 sentimus,
2653 4162 2970 4228 pnelucente
2992 4162 3238 4229 scientia,
3269 4174 3323 4219 et

1756 4255 2018 4323 sapientia
2054 4263 2266 4308 uestros
2310 4252 2522 4306 animos
2568 4253 2907 4308 manifestius
2935 4254 3318 4323 collustrante;

1757 4349 1858 4401 ode
1892 4357 2071 4400 autem
2114 4346 2327 4414 psalmi,
2361 4361 2481 4399 cum
2526 4346 2748 4399 honesta
2798 4357 3065 4414 praeeunte
3109 4348 3322 4403 actione

1752 4439 1906 4510 juxta
1951 4440 2081 4494 illud
2130 4440 2349 4494 effatum
2382 4457 2394 4492 :
2431 4438 2812 4507 Concupisccns
2839 4440 3151 4507 sapientiam
3173 4458 3322 4495 serva

1753 4533 2025 4596 mandata,
2050 4541 2100 4585 et
2136 4531 2390 4584 Dominus
2415 4531 2629 4585 deducet
2654 4531 2756 4595 te“,
2783 4532 2952 4599 ipsam
2978 4534 3321 4603 assequimur

1753 4625 2070 4693 sapientiam
2103 4642 2116 4677 :
2150 4624 2297 4693 digni
2328 4639 2357 4676 a
2384 4622 2492 4677 Deo
2526 4623 2690 4677 habiti
2725 4624 2968 4679 veritatis
2994 4625 3317 4695 cognitione,

1752 4734 1873 4787 quze
1922 4718 2184 4771 hactenus
2239 4714 2415 4768 fuerat
2460 4715 2615 4770 nobis
2670 4716 3029 4783 abscondita;
3082 4717 3320 4787 psalmus

1752 4810 1965 4863 tandem
2000 4809 2149 4868 odes,
2178 4822 2302 4860 cum
2352 4806 2531 4874 aliqua
2564 4807 2924 4876 recogitantes
2963 4808 3318 4873 abstrusiora,

1755 4913 1877 4966 qua:
1907 4897 1974 4950 ad
2007 4910 2185 4949 mores
2217 4895 2542 4963 pertineant,
2575 4896 2799 4951 scientia
2850 4898 3180 4962 declarante,
3209 4898 3321 4966 pri-

1760 5002 1905 5040 mum
1934 4985 1999 5039 ad
2024 4984 2289 5056 agendum
2336 4984 2627 5053 prudentes
2657 4985 2939 5050 efﬁcimur,
2966 4985 3157 5040 deinde
3187 4985 3319 5055 quid

1757 5076 2019 5147 agendum
2065 5083 2119 5129 et
2147 5076 2387 5145 quando,
2415 5086 2465 5129 et
2499 5076 2769 5145 quomodo
2815 5074 3079 5145 agendum
3124 5076 3320 5132 edoce-

1759 5187 1898 5224 mur.
1930 5172 2105 5240 Atque
2132 5170 2258 5224 hinc
2286 5169 2472 5238 prima:
2499 5169 2731 5224 fortasse
2764 5169 3164 5237 inscriptiones,
3194 5168 3315 5223 nul-

1758 5264 1957 5317 limode
1985 5279 2079 5317 cas
2112 5263 2409 5325 continent,
2438 5277 2559 5331 qua:
2586 5264 2637 5315 in
2674 5261 2793 5315 odis
2822 5260 3187 5326 inveniuntur,
3221 5260 3313 5315 sed

1756 5362 1913 5415 unice
1940 5362 2228 5431 psalmum,
2260 5360 2342 5413 vel
2376 5359 2613 5428 psalmos
2643 5357 2925 5411 duntaxat.
2952 5353 3137 5424 Neque
3166 5357 3311 5411 enim

1754 5468 1783 5505 a
1809 5452 2256 5521 contemplatione
2282 5459 2502 5505 sanctus
2530 5446 2826 5511 exorditur,
2851 5446 2943 5501 sed
2965 5454 3314 5516 posteaquam

1753 5544 2072 5613 simpliciter
2110 5543 2331 5599 credidit
2358 5540 2509 5611 juxta
2549 5538 2905 5595 orthodoxam
2941 5539 3120 5607 fidem,
3154 5540 3221 5595 ad
3249 5554 3311 5595 ea
