  <div class='ocr_page' id='page_1' title='image "/cluster/home/n/w/nwhite01/storage/ocr_20150623/10/hvd.32044073501330/379.png"; bbox 0 0 3860 6200; ppageno 0'>
   <div class='ocr_carea' id='block_1_1' title="bbox 481 255 3682 327">
    <p class='ocr_par' dir='ltr' id='par_1_1' title="bbox 481 255 3682 327">
     <span class='ocr_line' id='line_1_1' title="bbox 481 255 3682 327; baseline 0.002 -16"><span class='ocrx_word' id='word_1_1' title='bbox 481 255 584 312; x_wconf 79' lang='grc' dir='ltr'>Ἠθ</span> <span class='ocrx_word' id='word_1_2' title='bbox 1061 276 1085 303; x_wconf 71' lang='lat'><strong>—&#39;</strong></span> <span class='ocrx_word' id='word_1_3' title='bbox 1349 263 1404 314; x_wconf 81' lang='lat' dir='ltr'><strong>S.</strong></span> <span class='ocrx_word' id='word_1_4' title='bbox 1445 259 1799 317; x_wconf 78' lang='lat' dir='ltr'><strong>HlPPOLYTl</strong></span> <span class='ocrx_word' id='word_1_5' title='bbox 1834 259 1982 314; x_wconf 83' lang='lat' dir='ltr'><strong>OPP.</strong></span> <span class='ocrx_word' id='word_1_6' title='bbox 2019 258 2214 327; x_wconf 71' lang='lat' dir='ltr'><strong>iPARS</strong></span> <span class='ocrx_word' id='word_1_7' title='bbox 2265 259 2303 311; x_wconf 89' lang='lat' dir='ltr'><strong>l.</strong></span> <span class='ocrx_word' id='word_1_8' title='bbox 2343 292 2411 301; x_wconf 90' lang='lat'>——</span> <span class='ocrx_word' id='word_1_9' title='bbox 2450 258 2861 318; x_wconf 77' lang='lat' dir='ltr'><strong>EXEGETICA.</strong></span> <span class='ocrx_word' id='word_1_10' title='bbox 3602 261 3682 317; x_wconf 71' lang='lat'><strong>7‘20</strong></span> 
     </span>
    </p>
   </div>
   <div class='ocr_carea' id='block_1_2' title="bbox 480 374 2033 448">
    <p class='ocr_par' dir='ltr' id='par_1_2' title="bbox 480 374 2033 447">
     <span class='ocr_line' id='line_1_2' title="bbox 480 374 2033 447; baseline -0.001 -19"><span class='ocrx_word' id='word_1_11' title='bbox 480 390 601 443; x_wconf 63' lang='lat' dir='ltr'><strong>quae</strong></span> <span class='ocrx_word' id='word_1_12' title='bbox 639 374 841 446; x_wconf 83' lang='lat' dir='ltr'><strong>agenda</strong></span> <span class='ocrx_word' id='word_1_13' title='bbox 890 384 1015 430; x_wconf 89' lang='lat' dir='ltr'><strong>sunt</strong></span> <span class='ocrx_word' id='word_1_14' title='bbox 1044 390 1162 430; x_wconf 87' lang='lat' dir='ltr'><strong>sese</strong></span> <span class='ocrx_word' id='word_1_15' title='bbox 1198 377 1450 439; x_wconf 83' lang='lat' dir='ltr'><strong>traducit.</strong></span> <span class='ocrx_word' id='word_1_16' title='bbox 1480 375 1821 447; x_wconf 76' lang='lat' dir='ltr'><strong>Quapropter</strong></span> <span class='ocrx_word' id='word_1_17' title='bbox 1856 376 1909 428; x_wconf 92' lang='lat' dir='ltr'><strong>in</strong></span> <span class='ocrx_word' id='word_1_18' title='bbox 1941 374 2033 427; x_wconf 80' lang='lat' dir='ltr'><strong>tim</strong></span> 
     </span>
    </p>
   </div>
   <div class='ocr_carea' id='block_1_3' title="bbox 2139 374 3683 448">
    <p class='ocr_par' dir='ltr' id='par_1_3' title="bbox 2151 374 3683 448">
     <span class='ocr_line' id='line_1_3' title="bbox 2151 374 3683 448; baseline 0.002 -21"><span class='ocrx_word' id='word_1_19' title='bbox 2151 374 2295 442; x_wconf 67' lang='grc' dir='ltr'>ἅγιοι</span> <span class='ocrx_word' id='word_1_20' title='bbox 2327 374 2558 439; x_wconf 81' lang='grc' dir='ltr'>ἔσονται,</span> <span class='ocrx_word' id='word_1_21' title='bbox 2588 376 2622 447; x_wconf 76' lang='grc' dir='ltr'><strong>ἢ</strong></span> <span class='ocrx_word' id='word_1_22' title='bbox 2666 377 2802 448; x_wconf 84' lang='grc' dir='ltr'>πρὸς</span> <span class='ocrx_word' id='word_1_23' title='bbox 2838 377 2980 448; x_wconf 81' lang='grc' dir='ltr'>μόνῳ</span> <span class='ocrx_word' id='word_1_24' title='bbox 3013 375 3089 446; x_wconf 82' lang='grc' dir='ltr'>τῷ</span> <span class='ocrx_word' id='word_1_25' title='bbox 3117 375 3359 447; x_wconf 85' lang='grc' dir='ltr'>θεωρεῖν.</span> <span class='ocrx_word' id='word_1_26' title='bbox 3398 375 3509 429; x_wconf 69' lang='grc' dir='ltr'>Καὶ</span> <span class='ocrx_word' id='word_1_27' title='bbox 3550 377 3683 432; x_wconf 78' lang='grc' dir='ltr'>ταῦτα</span> 
     </span>
    </p>
   </div>
   <div class='ocr_carea' id='block_1_4' title="bbox 480 467 2033 541">
    <p class='ocr_par' dir='ltr' id='par_1_4' title="bbox 480 468 2025 540">
     <span class='ocr_line' id='line_1_4' title="bbox 480 468 2025 540; baseline -0.002 -20"><span class='ocrx_word' id='word_1_28' title='bbox 480 468 665 521; x_wconf 58' lang='lat' dir='ltr'><strong>multa!</strong></span> <span class='ocrx_word' id='word_1_29' title='bbox 695 476 821 522; x_wconf 84' lang='lat' dir='ltr'><strong>sunt</strong></span> <span class='ocrx_word' id='word_1_30' title='bbox 851 468 986 531; x_wconf 61' lang='grc' dir='ltr'>οδω,</span> <span class='ocrx_word' id='word_1_31' title='bbox 1020 479 1183 538; x_wconf 87' lang='lat' dir='ltr'><strong>atque</strong></span> <span class='ocrx_word' id='word_1_32' title='bbox 1213 470 1303 523; x_wconf 87' lang='lat' dir='ltr'><strong>ubi</strong></span> <span class='ocrx_word' id='word_1_33' title='bbox 1334 471 1549 540; x_wconf 82' lang='lat' dir='ltr'><strong>gradus,</strong></span> <span class='ocrx_word' id='word_1_34' title='bbox 1577 468 1768 523; x_wconf 86' lang='lat' dir='ltr'><strong>nullibi</strong></span> <span class='ocrx_word' id='word_1_35' title='bbox 1791 468 2025 535; x_wconf 79' lang='lat' dir='ltr'><strong>psalmus</strong></span> 
     </span>
    </p>
   </div>
   <div class='ocr_carea' id='block_1_5' title="bbox 2139 467 3686 541">
    <p class='ocr_par' dir='ltr' id='par_1_5' title="bbox 2159 467 3686 541">
     <span class='ocr_line' id='line_1_5' title="bbox 2159 467 3686 541; baseline 0.001 -24"><span class='ocrx_word' id='word_1_36' title='bbox 2159 467 2398 537; x_wconf 81' lang='grc' dir='ltr'>εἰρήσθω</span> <span class='ocrx_word' id='word_1_37' title='bbox 2419 469 2548 538; x_wconf 78' lang='grc' dir='ltr'>ἡμῖν</span> <span class='ocrx_word' id='word_1_38' title='bbox 2577 468 2854 541; x_wconf 63' lang='grc' dir='ltr'>καθολικὰ,</span> <span class='ocrx_word' id='word_1_39' title='bbox 2879 468 3211 522; x_wconf 78' lang='grc' dir='ltr'><strong>δουλεύουσιν</strong></span> <span class='ocrx_word' id='word_1_40' title='bbox 3244 471 3355 531; x_wconf 85' lang='grc' dir='ltr'>τοῖς</span> <span class='ocrx_word' id='word_1_41' title='bbox 3391 469 3686 539; x_wconf 79' lang='grc' dir='ltr'>σημαινομέ-</span> 
     </span>
    </p>
   </div>
   <div class='ocr_carea' id='block_1_6' title="bbox 479 557 2033 632">
    <p class='ocr_par' dir='ltr' id='par_1_6' title="bbox 479 557 2033 632">
     <span class='ocr_line' id='line_1_6' title="bbox 479 557 2033 632; baseline -0.003 -19"><span class='ocrx_word' id='word_1_42' title='bbox 479 576 656 629; x_wconf 86' lang='lat' dir='ltr'><strong>neque</strong></span> <span class='ocrx_word' id='word_1_43' title='bbox 683 560 994 629; x_wconf 73' lang='lat' dir='ltr'><strong>singulatim</strong></span> <span class='ocrx_word' id='word_1_44' title='bbox 1029 577 1122 629; x_wconf 88' lang='lat' dir='ltr'><strong>per</strong></span> <span class='ocrx_word' id='word_1_45' title='bbox 1145 577 1223 625; x_wconf 91' lang='lat' dir='ltr'><strong>se,</strong></span> <span class='ocrx_word' id='word_1_46' title='bbox 1248 577 1424 632; x_wconf 88' lang='lat' dir='ltr'><strong>neque</strong></span> <span class='ocrx_word' id='word_1_47' title='bbox 1445 577 1565 616; x_wconf 90' lang='lat' dir='ltr'><strong>cum</strong></span> <span class='ocrx_word' id='word_1_48' title='bbox 1590 561 1694 614; x_wconf 85' lang='lat' dir='ltr'><strong>alia</strong></span> <span class='ocrx_word' id='word_1_49' title='bbox 1725 557 2033 627; x_wconf 82' lang='lat' dir='ltr'><strong>complexio</strong></span> 
     </span>
    </p>
   </div>
   <div class='ocr_carea' id='block_1_7' title="bbox 2139 557 3308 632">
    <p class='ocr_par' dir='ltr' id='par_1_7' title="bbox 2160 558 3308 631">
     <span class='ocr_line' id='line_1_7' title="bbox 2160 558 3308 631; baseline 0.008 -23"><span class='ocrx_word' id='word_1_50' title='bbox 2160 572 2268 620; x_wconf 83' lang='grc' dir='ltr'>νοις</span> <span class='ocrx_word' id='word_1_51' title='bbox 2292 558 2390 629; x_wconf 79' lang='grc' dir='ltr'>τῆς</span> <span class='ocrx_word' id='word_1_52' title='bbox 2422 561 2712 631; x_wconf 75' lang='grc' dir='ltr'><strong>ἑρμηνείας</strong></span> <span class='ocrx_word' id='word_1_53' title='bbox 2742 561 2848 614; x_wconf 83' lang='grc' dir='ltr'><strong>τῶν</strong></span> <span class='ocrx_word' id='word_1_54' title='bbox 2891 560 3308 631; x_wconf 76' lang='grc' dir='ltr'>Ἐϐδομήκοντα.</span> 
     </span>
    </p>
   </div>
   <div class='ocr_carea' id='block_1_8' title="bbox 478 649 3690 723">
    <p class='ocr_par' dir='ltr' id='par_1_8' title="bbox 478 649 3690 723">
     <span class='ocr_line' id='line_1_8' title="bbox 478 649 3690 723; baseline -0.002 -17"><span class='ocrx_word' id='word_1_55' title='bbox 478 668 567 719; x_wconf 92' lang='lat' dir='ltr'><strong>ne,</strong></span> <span class='ocrx_word' id='word_1_56' title='bbox 598 662 653 707; x_wconf 89' lang='lat' dir='ltr'><strong>at</strong></span> <span class='ocrx_word' id='word_1_57' title='bbox 701 668 890 708; x_wconf 82' lang='lat' dir='ltr'><strong>omnes</strong></span> <span class='ocrx_word' id='word_1_58' title='bbox 940 654 1055 708; x_wconf 70' lang='lat' dir='ltr'><strong>eda:</strong></span> <span class='ocrx_word' id='word_1_59' title='bbox 1099 670 1343 709; x_wconf 86' lang='lat' dir='ltr'><strong>seorsum</strong></span> <span class='ocrx_word' id='word_1_60' title='bbox 1400 654 1692 709; x_wconf 76' lang='lat' dir='ltr'><strong>colloeatzc.</strong></span> <span class='ocrx_word' id='word_1_61' title='bbox 1734 652 1789 704; x_wconf 84' lang='grc' dir='ltr'>ιιι</span> <span class='ocrx_word' id='word_1_62' title='bbox 1823 665 2039 704; x_wconf 83' lang='lat' dir='ltr'><strong>ascensu</strong></span> <span class='ocrx_word' id='word_1_63' title='bbox 2091 649 2235 702; x_wconf 89' lang='lat' dir='ltr'><strong>enim</strong></span> <span class='ocrx_word' id='word_1_64' title='bbox 2283 654 2451 706; x_wconf 90' lang='lat' dir='ltr'><strong>sancti</strong></span> <span class='ocrx_word' id='word_1_65' title='bbox 2512 655 2661 708; x_wconf 90' lang='lat' dir='ltr'><strong>nullo</strong></span> <span class='ocrx_word' id='word_1_66' title='bbox 2698 664 2859 708; x_wconf 88' lang='lat' dir='ltr'><strong>erunt</strong></span> <span class='ocrx_word' id='word_1_67' title='bbox 2906 655 3121 723; x_wconf 77' lang='lat' dir='ltr'><strong>negotio</strong></span> <span class='ocrx_word' id='word_1_68' title='bbox 3169 652 3447 721; x_wconf 83' lang='lat' dir='ltr'><strong>implicati,</strong></span> <span class='ocrx_word' id='word_1_69' title='bbox 3507 661 3690 719; x_wconf 72' lang='lat' dir='ltr'><strong>praeter.</strong></span> 
     </span>
    </p>
   </div>
   <div class='ocr_carea' id='block_1_9' title="bbox 477 739 3689 816">
    <p class='ocr_par' dir='ltr' id='par_1_9' title="bbox 477 739 3689 816">
     <span class='ocr_line' id='line_1_9' title="bbox 477 739 3689 816; baseline -0.002 -17"><span class='ocrx_word' id='word_1_70' title='bbox 477 761 639 814; x_wconf 91' lang='lat' dir='ltr'><strong>quam</strong></span> <span class='ocrx_word' id='word_1_71' title='bbox 695 745 807 799; x_wconf 76' lang='lat' dir='ltr'><strong>sola</strong></span> <span class='ocrx_word' id='word_1_72' title='bbox 858 745 1329 813; x_wconf 90' lang='lat' dir='ltr'><strong>contemplatione.</strong></span> <span class='ocrx_word' id='word_1_73' title='bbox 1363 747 1537 816; x_wconf 84' lang='lat' dir='ltr'><strong>Atque</strong></span> <span class='ocrx_word' id='word_1_74' title='bbox 1583 748 1695 801; x_wconf 67' lang='lat' dir='ltr'><strong>limc</strong></span> <span class='ocrx_word' id='word_1_75' title='bbox 1729 745 1979 799; x_wconf 91' lang='lat' dir='ltr'><strong>universe</strong></span> <span class='ocrx_word' id='word_1_76' title='bbox 2012 756 2042 794; x_wconf 91' lang='lat' dir='ltr'><strong>a</strong></span> <span class='ocrx_word' id='word_1_77' title='bbox 2083 739 2240 795; x_wconf 83' lang='lat' dir='ltr'><strong>nobis</strong></span> <span class='ocrx_word' id='word_1_78' title='bbox 2292 743 2434 799; x_wconf 87' lang='lat' dir='ltr'><strong>dicta</strong></span> <span class='ocrx_word' id='word_1_79' title='bbox 2467 746 2594 807; x_wconf 91' lang='lat' dir='ltr'><strong>sint,</strong></span> <span class='ocrx_word' id='word_1_80' title='bbox 2628 746 2712 799; x_wconf 90' lang='lat' dir='ltr'><strong>his</strong></span> <span class='ocrx_word' id='word_1_81' title='bbox 2768 745 3115 815; x_wconf 84' lang='lat' dir='ltr'><strong>obsequendo</strong></span> <span class='ocrx_word' id='word_1_82' title='bbox 3166 760 3289 815; x_wconf 76' lang='lat' dir='ltr'><strong>quae</strong></span> <span class='ocrx_word' id='word_1_83' title='bbox 3326 744 3379 798; x_wconf 88' lang='lat' dir='ltr'><strong>in</strong></span> <span class='ocrx_word' id='word_1_84' title='bbox 3437 757 3537 796; x_wconf 66' lang='lat' dir='ltr'><strong>us</strong></span> <span class='ocrx_word' id='word_1_85' title='bbox 3563 742 3689 798; x_wconf 87' lang='lat' dir='ltr'><strong>virali</strong></span> 
     </span>
    </p>
   </div>
   <div class='ocr_carea' id='block_1_10' title="bbox 477 834 1285 904">
    <p class='ocr_par' dir='ltr' id='par_1_10' title="bbox 477 834 1285 904">
     <span class='ocr_line' id='line_1_10' title="bbox 477 834 1285 904; baseline 0.001 -15"><span class='ocrx_word' id='word_1_86' title='bbox 477 835 925 904; x_wconf 80' lang='lat' dir='ltr'><strong>interpretatione</strong></span> <span class='ocrx_word' id='word_1_87' title='bbox 954 834 1285 890; x_wconf 88' lang='lat' dir='ltr'><strong>indicantur.</strong></span> 
     </span>
    </p>
   </div>
   <div class='ocr_carea' id='block_1_11' title="bbox 545 966 2045 1042">
    <p class='ocr_par' dir='ltr' id='par_1_11' title="bbox 545 966 2045 1042">
     <span class='ocr_line' id='line_1_11' title="bbox 545 966 2045 1042; baseline 0.002 -21"><span class='ocrx_word' id='word_1_88' title='bbox 545 966 678 1023; x_wconf 82' lang='lat' dir='ltr'><strong>Vlll.</strong></span> <span class='ocrx_word' id='word_1_89' title='bbox 719 966 838 1023; x_wconf 81' lang='lat' dir='ltr'><strong>Jam</strong></span> <span class='ocrx_word' id='word_1_90' title='bbox 888 985 1015 1024; x_wconf 85' lang='lat' dir='ltr'><strong>vero</strong></span> <span class='ocrx_word' id='word_1_91' title='bbox 1062 986 1187 1025; x_wconf 89' lang='lat' dir='ltr'><strong>eum</strong></span> <span class='ocrx_word' id='word_1_92' title='bbox 1234 973 1573 1028; x_wconf 81' lang='lat' dir='ltr'><strong>inveniamus</strong></span> <span class='ocrx_word' id='word_1_93' title='bbox 1626 974 1765 1042; x_wconf 86' lang='lat' dir='ltr'><strong>apud</strong></span> <span class='ocrx_word' id='word_1_94' title='bbox 1817 987 1922 1026; x_wconf 76' lang='lat' dir='ltr'><strong>Lxx</strong></span> <span class='ocrx_word' id='word_1_95' title='bbox 1985 985 2045 1026; x_wconf 85' lang='lat' dir='ltr'><strong>ac</strong></span> 
     </span>
    </p>
   </div>
   <div class='ocr_carea' id='block_1_12' title="bbox 474 1060 2042 1135">
    <p class='ocr_par' dir='ltr' id='par_1_12' title="bbox 474 1060 2042 1135">
     <span class='ocr_line' id='line_1_12' title="bbox 474 1060 2042 1135; baseline 0.002 -21"><span class='ocrx_word' id='word_1_96' title='bbox 474 1060 516 1114; x_wconf 87' lang='grc' dir='ltr'><strong>Τ</strong></span> <span class='ocrx_word' id='word_1_97' title='bbox 522 1061 899 1117; x_wconf 89' lang='lat' dir='ltr'><strong>heodotionem</strong></span> <span class='ocrx_word' id='word_1_98' title='bbox 929 1072 981 1117; x_wconf 89' lang='lat' dir='ltr'><strong>et</strong></span> <span class='ocrx_word' id='word_1_99' title='bbox 1024 1062 1411 1134; x_wconf 77' lang='lat' dir='ltr'><strong>Symmachum</strong></span> <span class='ocrx_word' id='word_1_100' title='bbox 1451 1081 1504 1120; x_wconf 85' lang='grc' dir='ltr'><strong>ιη</strong></span> <span class='ocrx_word' id='word_1_101' title='bbox 1539 1066 1865 1135; x_wconf 87' lang='lat' dir='ltr'><strong>quibusdam</strong></span> <span class='ocrx_word' id='word_1_102' title='bbox 1900 1066 2042 1133; x_wconf 88' lang='lat' dir='ltr'><strong>psal-</strong></span> 
     </span>
    </p>
   </div>
   <div class='ocr_carea' id='block_1_13' title="bbox 472 1152 2044 1226">
    <p class='ocr_par' dir='ltr' id='par_1_13' title="bbox 472 1152 2044 1226">
     <span class='ocr_line' id='line_1_13' title="bbox 472 1152 2044 1226; baseline 0.001 -21"><span class='ocrx_word' id='word_1_103' title='bbox 472 1153 599 1217; x_wconf 87' lang='lat' dir='ltr'><strong>mis,</strong></span> <span class='ocrx_word' id='word_1_104' title='bbox 632 1152 827 1221; x_wconf 87' lang='lat' dir='ltr'><strong>hisqne</strong></span> <span class='ocrx_word' id='word_1_105' title='bbox 873 1169 978 1208; x_wconf 91' lang='lat' dir='ltr'><strong>non</strong></span> <span class='ocrx_word' id='word_1_106' title='bbox 1011 1156 1220 1223; x_wconf 88' lang='lat' dir='ltr'><strong>paucis,</strong></span> <span class='ocrx_word' id='word_1_107' title='bbox 1254 1156 1306 1211; x_wconf 92' lang='lat' dir='ltr'><strong>in</strong></span> <span class='ocrx_word' id='word_1_108' title='bbox 1338 1158 1515 1212; x_wconf 89' lang='lat' dir='ltr'><strong>medio</strong></span> <span class='ocrx_word' id='word_1_109' title='bbox 1544 1158 1776 1226; x_wconf 86' lang='lat' dir='ltr'><strong>positum</strong></span> <span class='ocrx_word' id='word_1_110' title='bbox 1804 1155 2044 1225; x_wconf 81' lang='lat' dir='ltr'><strong>diapsal-</strong></span> 
     </span>
    </p>
   </div>
   <div class='ocr_carea' id='block_1_14' title="bbox 472 1243 2042 1316">
    <p class='ocr_par' dir='ltr' id='par_1_14' title="bbox 472 1243 2042 1316">
     <span class='ocr_line' id='line_1_14' title="bbox 472 1243 2042 1316; baseline 0.003 -22"><span class='ocrx_word' id='word_1_111' title='bbox 472 1259 579 1308; x_wconf 89' lang='lat' dir='ltr'><strong>ma,</strong></span> <span class='ocrx_word' id='word_1_112' title='bbox 606 1243 863 1313; x_wconf 82' lang='lat' dir='ltr'><strong>suspicati</strong></span> <span class='ocrx_word' id='word_1_113' title='bbox 896 1259 1106 1309; x_wconf 90' lang='lat' dir='ltr'><strong>sumus,</strong></span> <span class='ocrx_word' id='word_1_114' title='bbox 1147 1262 1214 1299; x_wconf 87' lang='lat' dir='ltr'><strong>an</strong></span> <span class='ocrx_word' id='word_1_115' title='bbox 1250 1244 1389 1300; x_wconf 83' lang='lat' dir='ltr'><strong>forte</strong></span> <span class='ocrx_word' id='word_1_116' title='bbox 1425 1248 1818 1302; x_wconf 84' lang='lat' dir='ltr'><strong>subindicarint</strong></span> <span class='ocrx_word' id='word_1_117' title='bbox 1852 1247 1943 1316; x_wconf 90' lang='lat' dir='ltr'><strong>qui</strong></span> <span class='ocrx_word' id='word_1_118' title='bbox 1980 1246 2042 1299; x_wconf 91' lang='lat' dir='ltr'><strong>il-</strong></span> 
     </span>
    </p>
   </div>
   <div class='ocr_carea' id='block_1_15' title="bbox 471 1331 2043 1407">
    <p class='ocr_par' dir='ltr' id='par_1_15' title="bbox 471 1331 2043 1407">
     <span class='ocr_line' id='line_1_15' title="bbox 471 1331 2043 1407; baseline 0.002 -22"><span class='ocrx_word' id='word_1_119' title='bbox 471 1331 563 1385; x_wconf 88' lang='lat' dir='ltr'><strong>lud</strong></span> <span class='ocrx_word' id='word_1_120' title='bbox 595 1347 915 1401; x_wconf 88' lang='lat' dir='ltr'><strong>apposuere,</strong></span> <span class='ocrx_word' id='word_1_121' title='bbox 943 1334 1026 1387; x_wconf 90' lang='lat' dir='ltr'><strong>vel</strong></span> <span class='ocrx_word' id='word_1_122' title='bbox 1062 1336 1273 1389; x_wconf 90' lang='lat' dir='ltr'><strong>numeri</strong></span> <span class='ocrx_word' id='word_1_123' title='bbox 1295 1337 1374 1390; x_wconf 86' lang='lat' dir='ltr'><strong>vel</strong></span> <span class='ocrx_word' id='word_1_124' title='bbox 1411 1337 1552 1391; x_wconf 89' lang='lat' dir='ltr'><strong>modi</strong></span> <span class='ocrx_word' id='word_1_125' title='bbox 1584 1335 1780 1391; x_wconf 79' lang='lat' dir='ltr'><strong>factum</strong></span> <span class='ocrx_word' id='word_1_126' title='bbox 1805 1352 1923 1391; x_wconf 87' lang='lat' dir='ltr'><strong>esse</strong></span> <span class='ocrx_word' id='word_1_127' title='bbox 1944 1351 2043 1407; x_wconf 89' lang='lat' dir='ltr'><strong>pro</strong></span> 
     </span>
    </p>
   </div>
   <div class='ocr_carea' id='block_1_16' title="bbox 473 1424 2045 1497">
    <p class='ocr_par' dir='ltr' id='par_1_16' title="bbox 473 1424 2045 1497">
     <span class='ocr_line' id='line_1_16' title="bbox 473 1424 2045 1497; baseline 0.004 -20"><span class='ocrx_word' id='word_1_128' title='bbox 473 1424 560 1479; x_wconf 82' lang='lat' dir='ltr'><strong>bis</strong></span> <span class='ocrx_word' id='word_1_129' title='bbox 594 1424 728 1480; x_wconf 91' lang='lat' dir='ltr'><strong>locis</strong></span> <span class='ocrx_word' id='word_1_130' title='bbox 761 1425 1114 1479; x_wconf 83' lang='lat' dir='ltr'><strong>mutationem</strong></span> <span class='ocrx_word' id='word_1_131' title='bbox 1143 1444 1156 1480; x_wconf 90' lang='lat'><strong>:</strong></span> <span class='ocrx_word' id='word_1_132' title='bbox 1182 1427 1295 1481; x_wconf 88' lang='lat' dir='ltr'><strong>sive</strong></span> <span class='ocrx_word' id='word_1_133' title='bbox 1324 1428 1484 1481; x_wconf 89' lang='lat' dir='ltr'><strong>etiam</strong></span> <span class='ocrx_word' id='word_1_134' title='bbox 1516 1428 1809 1497; x_wconf 61' lang='lat' dir='ltr'><strong>disciplina!</strong></span> <span class='ocrx_word' id='word_1_135' title='bbox 1832 1428 2045 1483; x_wconf 85' lang='lat' dir='ltr'><strong>traden-</strong></span> 
     </span>
    </p>
   </div>
   <div class='ocr_carea' id='block_1_17' title="bbox 469 1518 2044 1596">
    <p class='ocr_par' dir='ltr' id='par_1_17' title="bbox 469 1518 2044 1596">
     <span class='ocr_line' id='line_1_17' title="bbox 469 1518 2044 1596; baseline 0.004 -24"><span class='ocrx_word' id='word_1_136' title='bbox 469 1518 554 1572; x_wconf 69' lang='lat' dir='ltr'><strong>dae</strong></span> <span class='ocrx_word' id='word_1_137' title='bbox 598 1518 828 1575; x_wconf 83' lang='lat' dir='ltr'><strong>formam</strong></span> <span class='ocrx_word' id='word_1_138' title='bbox 862 1521 916 1575; x_wconf 91' lang='lat' dir='ltr'><strong>in</strong></span> <span class='ocrx_word' id='word_1_139' title='bbox 957 1522 1139 1587; x_wconf 84' lang='lat' dir='ltr'><strong>aliam,</strong></span> <span class='ocrx_word' id='word_1_140' title='bbox 1175 1524 1288 1578; x_wconf 83' lang='lat' dir='ltr'><strong>sive</strong></span> <span class='ocrx_word' id='word_1_141' title='bbox 1314 1525 1741 1596; x_wconf 76' lang='lat' dir='ltr'><strong>intelligentiam,</strong></span> <span class='ocrx_word' id='word_1_142' title='bbox 1776 1526 1889 1577; x_wconf 84' lang='lat' dir='ltr'><strong>sive</strong></span> <span class='ocrx_word' id='word_1_143' title='bbox 1920 1541 2044 1579; x_wconf 86' lang='lat' dir='ltr'><strong>ora-</strong></span> 
     </span>
    </p>
   </div>
   <div class='ocr_carea' id='block_1_18' title="bbox 468 1608 2032 1685">
    <p class='ocr_par' dir='ltr' id='par_1_18' title="bbox 468 1608 2032 1685">
     <span class='ocr_line' id='line_1_18' title="bbox 468 1608 2032 1685; baseline 0.004 -24"><span class='ocrx_word' id='word_1_144' title='bbox 468 1608 636 1664; x_wconf 82' lang='lat' dir='ltr'><strong>tionis</strong></span> <span class='ocrx_word' id='word_1_145' title='bbox 662 1609 771 1663; x_wconf 88' lang='lat' dir='ltr'><strong>vim</strong></span> <span class='ocrx_word' id='word_1_146' title='bbox 800 1625 922 1665; x_wconf 89' lang='lat' dir='ltr'><strong>esse</strong></span> <span class='ocrx_word' id='word_1_147' title='bbox 952 1612 1311 1668; x_wconf 84' lang='lat' dir='ltr'><strong>immutatam.</strong></span> <span class='ocrx_word' id='word_1_148' title='bbox 1358 1613 1460 1669; x_wconf 87' lang='lat' dir='ltr'><strong>Sed</strong></span> <span class='ocrx_word' id='word_1_149' title='bbox 1498 1630 1673 1683; x_wconf 90' lang='lat' dir='ltr'><strong>neque</strong></span> <span class='ocrx_word' id='word_1_150' title='bbox 1699 1615 1840 1685; x_wconf 86' lang='lat' dir='ltr'><strong>apud</strong></span> <span class='ocrx_word' id='word_1_151' title='bbox 1869 1614 2032 1683; x_wconf 81' lang='lat' dir='ltr'><strong>Aqui-</strong></span> 
     </span>
    </p>
   </div>
   <div class='ocr_carea' id='block_1_19' title="bbox 2223 960 3693 1037">
    <p class='ocr_par' dir='ltr' id='par_1_19' title="bbox 2223 960 3693 1037">
     <span class='ocr_line' id='line_1_19' title="bbox 2223 960 3693 1037; baseline 0.003 -21"><span class='ocrx_word' id='word_1_152' title='bbox 2223 965 2302 1016; x_wconf 83' lang='lat' dir='ltr'><strong>Il’.</strong></span> <span class='ocrx_word' id='word_1_153' title='bbox 2348 963 2497 1015; x_wconf 83' lang='grc' dir='ltr'>Ἐπεὶ</span> <span class='ocrx_word' id='word_1_154' title='bbox 2529 961 2585 1015; x_wconf 84' lang='grc' dir='ltr'>δὲ</span> <span class='ocrx_word' id='word_1_155' title='bbox 2616 960 2847 1035; x_wconf 80' lang='grc' dir='ltr'>εὕρομεν</span> <span class='ocrx_word' id='word_1_156' title='bbox 2875 964 3025 1035; x_wconf 83' lang='grc' dir='ltr'>παρὰ</span> <span class='ocrx_word' id='word_1_157' title='bbox 3047 968 3157 1029; x_wconf 88' lang='grc' dir='ltr'>τοῖς</span> <span class='ocrx_word' id='word_1_158' title='bbox 3188 965 3600 1037; x_wconf 80' lang='grc' dir='ltr'>Ἐϐδομήκοντα,</span> <span class='ocrx_word' id='word_1_159' title='bbox 3620 968 3693 1021; x_wconf 81' lang='grc' dir='ltr'>καὶ</span> 
     </span>
    </p>
   </div>
   <div class='ocr_carea' id='block_1_20' title="bbox 2150 1056 3693 1131">
    <p class='ocr_par' dir='ltr' id='par_1_20' title="bbox 2150 1056 3693 1131">
     <span class='ocr_line' id='line_1_20' title="bbox 2150 1056 3693 1131; baseline 0.003 -21"><span class='ocrx_word' id='word_1_160' title='bbox 2150 1056 2481 1117; x_wconf 85' lang='grc' dir='ltr'>Θεοδοτίωνι,</span> <span class='ocrx_word' id='word_1_161' title='bbox 2512 1056 2605 1108; x_wconf 73' lang='grc' dir='ltr'><strong>καὶ</strong></span> <span class='ocrx_word' id='word_1_162' title='bbox 2628 1057 2908 1128; x_wconf 84' lang='grc' dir='ltr'>Συμμάχῳ</span> <span class='ocrx_word' id='word_1_163' title='bbox 2940 1057 3030 1110; x_wconf 81' lang='grc' dir='ltr'><strong>ἐπί</strong></span> <span class='ocrx_word' id='word_1_164' title='bbox 3060 1076 3217 1111; x_wconf 86' lang='grc' dir='ltr'>τινων</span> <span class='ocrx_word' id='word_1_165' title='bbox 3246 1059 3492 1129; x_wconf 66' lang='grc' dir='ltr'>κείμενον</span> <span class='ocrx_word' id='word_1_166' title='bbox 3526 1063 3579 1113; x_wconf 81' lang='grc' dir='ltr'>ἐν</span> <span class='ocrx_word' id='word_1_167' title='bbox 3618 1061 3693 1131; x_wconf 81' lang='grc' dir='ltr'>μέ·</span> 
     </span>
    </p>
   </div>
   <div class='ocr_carea' id='block_1_21' title="bbox 2150 1146 3696 1223">
    <p class='ocr_par' dir='ltr' id='par_1_21' title="bbox 2150 1146 3696 1223">
     <span class='ocr_line' id='line_1_21' title="bbox 2150 1146 3696 1223; baseline 0.003 -22"><span class='ocrx_word' id='word_1_168' title='bbox 2150 1166 2228 1219; x_wconf 81' lang='grc' dir='ltr'>σῳ</span> <span class='ocrx_word' id='word_1_169' title='bbox 2251 1146 2478 1219; x_wconf 73' lang='grc' dir='ltr'>ψαλμῶν</span> <span class='ocrx_word' id='word_1_170' title='bbox 2511 1147 2608 1199; x_wconf 75' lang='grc' dir='ltr'><strong>οὐκ</strong></span> <span class='ocrx_word' id='word_1_171' title='bbox 2639 1147 2832 1216; x_wconf 80' lang='grc' dir='ltr'>ὀλίγων</span> <span class='ocrx_word' id='word_1_172' title='bbox 2864 1149 2922 1202; x_wconf 83' lang='grc' dir='ltr'><strong>τὸ</strong></span> <span class='ocrx_word' id='word_1_173' title='bbox 2947 1149 3273 1219; x_wconf 47' lang='lat' dir='ltr'><strong>(laid-asyla.</strong></span> <span class='ocrx_word' id='word_1_174' title='bbox 3308 1152 3696 1223; x_wconf 70' lang='grc' dir='ltr'>ἐποχασάμεθα</span> 
     </span>
    </p>
   </div>
   <div class='ocr_carea' id='block_1_22' title="bbox 2152 1240 3691 1315">
    <p class='ocr_par' dir='ltr' id='par_1_22' title="bbox 2152 1240 3691 1315">
     <span class='ocr_line' id='line_1_22' title="bbox 2152 1240 3691 1315; baseline 0.005 -24"><span class='ocrx_word' id='word_1_175' title='bbox 2152 1244 2358 1310; x_wconf 82' lang='grc' dir='ltr'>μήποτε</span> <span class='ocrx_word' id='word_1_176' title='bbox 2391 1240 2745 1311; x_wconf 79' lang='grc' dir='ltr'>ὑπεσήμαναν</span> <span class='ocrx_word' id='word_1_177' title='bbox 2780 1242 2828 1292; x_wconf 88' lang='grc' dir='ltr'>οἱ</span> <span class='ocrx_word' id='word_1_178' title='bbox 2863 1240 3043 1304; x_wconf 80' lang='grc' dir='ltr'>θέντες</span> <span class='ocrx_word' id='word_1_179' title='bbox 3077 1242 3228 1307; x_wconf 80' lang='grc' dir='ltr'>αὐτὸ,</span> <span class='ocrx_word' id='word_1_180' title='bbox 3256 1243 3462 1313; x_wconf 79' lang='grc' dir='ltr'><strong>ῥυθμοῦ</strong></span> <span class='ocrx_word' id='word_1_181' title='bbox 3490 1246 3691 1315; x_wconf 82' lang='grc' dir='ltr'>τινος,ῆ</span> 
     </span>
    </p>
   </div>
   <div class='ocr_carea' id='block_1_23' title="bbox 2154 1330 3771 1405">
    <p class='ocr_par' dir='ltr' id='par_1_23' title="bbox 2154 1330 3771 1405">
     <span class='ocr_line' id='line_1_23' title="bbox 2154 1330 3771 1405; baseline 0.004 -22"><span class='ocrx_word' id='word_1_182' title='bbox 2154 1331 2347 1401; x_wconf 82' lang='grc' dir='ltr'><strong>μέλους</strong></span> <span class='ocrx_word' id='word_1_183' title='bbox 2372 1330 2671 1403; x_wconf 82' lang='grc' dir='ltr'>μεταϐολὴν</span> <span class='ocrx_word' id='word_1_184' title='bbox 2697 1332 2976 1399; x_wconf 84' lang='grc' dir='ltr'>γεγονέναι</span> <span class='ocrx_word' id='word_1_185' title='bbox 3005 1333 3147 1386; x_wconf 73' lang='grc' dir='ltr'>κατὰ</span> <span class='ocrx_word' id='word_1_186' title='bbox 3177 1336 3301 1397; x_wconf 81' lang='grc' dir='ltr'>τοὺς</span> <span class='ocrx_word' id='word_1_187' title='bbox 3323 1334 3587 1405; x_wconf 80' lang='grc' dir='ltr'>τόπους,ἦ</span> <span class='ocrx_word' id='word_1_188' title='bbox 3616 1337 3695 1389; x_wconf 83' lang='grc' dir='ltr'><strong>καί</strong></span> <span class='ocrx_word' id='word_1_189' title='bbox 3766 1352 3771 1359; x_wconf 90' lang='grc'><strong>·</strong></span> 
     </span>
    </p>
   </div>
   <div class='ocr_carea' id='block_1_24' title="bbox 2146 1422 3693 1499">
    <p class='ocr_par' dir='ltr' id='par_1_24' title="bbox 2146 1422 3693 1499">
     <span class='ocr_line' id='line_1_24' title="bbox 2146 1422 3693 1499; baseline 0.005 -25"><span class='ocrx_word' id='word_1_190' title='bbox 2146 1422 2349 1489; x_wconf 89' lang='grc' dir='ltr'>τρόπου</span> <span class='ocrx_word' id='word_1_191' title='bbox 2379 1422 2726 1486; x_wconf 80' lang='grc' dir='ltr'>διδασκαλίας</span> <span class='ocrx_word' id='word_1_192' title='bbox 2768 1426 2847 1487; x_wconf 86' lang='grc' dir='ltr'>εἰς</span> <span class='ocrx_word' id='word_1_193' title='bbox 2877 1425 3060 1496; x_wconf 74' lang='grc' dir='ltr'>ἕτερον</span> <span class='ocrx_word' id='word_1_194' title='bbox 3092 1425 3307 1496; x_wconf 82' lang='grc' dir='ltr'>τρόπον,</span> <span class='ocrx_word' id='word_1_195' title='bbox 3337 1426 3369 1498; x_wconf 82' lang='grc' dir='ltr'>ἦ</span> <span class='ocrx_word' id='word_1_196' title='bbox 3396 1427 3693 1499; x_wconf 81' lang='grc' dir='ltr'>διανοίας,ῆ</span> 
     </span>
    </p>
   </div>
   <div class='ocr_carea' id='block_1_25' title="bbox 2146 1513 3695 1592">
    <p class='ocr_par' dir='ltr' id='par_1_25' title="bbox 2146 1513 3695 1592">
     <span class='ocr_line' id='line_1_25' title="bbox 2146 1513 3695 1592; baseline 0.005 -27"><span class='ocrx_word' id='word_1_197' title='bbox 2146 1513 2424 1583; x_wconf 85' lang='grc' dir='ltr'>δυνάμεως</span> <span class='ocrx_word' id='word_1_198' title='bbox 2448 1513 2606 1582; x_wconf 83' lang='grc' dir='ltr'>λόγου</span> <span class='ocrx_word' id='word_1_199' title='bbox 2630 1513 2956 1585; x_wconf 77' lang='grc' dir='ltr'>ἐνάλλαγμα.</span> <span class='ocrx_word' id='word_1_200' title='bbox 2982 1514 3117 1569; x_wconf 78' lang='grc' dir='ltr'>Οὔτε</span> <span class='ocrx_word' id='word_1_201' title='bbox 3144 1517 3198 1570; x_wconf 77' lang='grc' dir='ltr'>δὲ</span> <span class='ocrx_word' id='word_1_202' title='bbox 3223 1520 3372 1590; x_wconf 71' lang='grc' dir='ltr'>παρὰ</span> <span class='ocrx_word' id='word_1_203' title='bbox 3403 1518 3481 1589; x_wconf 83' lang='grc' dir='ltr'>τῷ</span> <span class='ocrx_word' id='word_1_204' title='bbox 3513 1519 3695 1592; x_wconf 70' lang='grc' dir='ltr'>Ἀκύλᾳ</span> 
     </span>
    </p>
   </div>
   <div class='ocr_carea' id='block_1_26' title="bbox 2149 1604 3692 1683">
    <p class='ocr_par' dir='ltr' id='par_1_26' title="bbox 2149 1604 3692 1683">
     <span class='ocr_line' id='line_1_26' title="bbox 2149 1604 3692 1683; baseline 0.006 -25"><span class='ocrx_word' id='word_1_205' title='bbox 2149 1606 2344 1669; x_wconf 86' lang='grc' dir='ltr'>κεῖται,</span> <span class='ocrx_word' id='word_1_206' title='bbox 2377 1604 2501 1663; x_wconf 75' lang='grc' dir='ltr'>οὔτε</span> <span class='ocrx_word' id='word_1_207' title='bbox 2551 1608 2608 1659; x_wconf 82' lang='grc' dir='ltr'><strong>ἐν</strong></span> <span class='ocrx_word' id='word_1_208' title='bbox 2649 1606 2728 1677; x_wconf 83' lang='grc' dir='ltr'>τῷ</span> <span class='ocrx_word' id='word_1_209' title='bbox 2769 1607 3058 1678; x_wconf 83' lang='grc' dir='ltr'>Ἐϐραῖκῷ,</span> <span class='ocrx_word' id='word_1_210' title='bbox 3090 1608 3203 1663; x_wconf 85' lang='grc' dir='ltr'>ἀλλ’</span> <span class='ocrx_word' id='word_1_211' title='bbox 3232 1610 3350 1667; x_wconf 72' lang='grc' dir='ltr'>ἀντὶ</span> <span class='ocrx_word' id='word_1_212' title='bbox 3375 1611 3692 1683; x_wconf 44' lang='lat' dir='ltr'><strong>(Scaurum-</strong></span> 
     </span>
    </p>
   </div>
   <div class='ocr_carea' id='block_1_27' title="bbox 470 1696 2033 1787">
    <p class='ocr_par' dir='ltr' id='par_1_27' title="bbox 470 1697 2033 1775">
     <span class='ocr_line' id='line_1_27' title="bbox 470 1697 2033 1775; baseline 0.004 -24"><span class='ocrx_word' id='word_1_213' title='bbox 470 1697 582 1753; x_wconf 89' lang='lat' dir='ltr'><strong>lam</strong></span> <span class='ocrx_word' id='word_1_214' title='bbox 626 1700 919 1765; x_wconf 90' lang='lat' dir='ltr'><strong>invenitur,</strong></span> <span class='ocrx_word' id='word_1_215' title='bbox 957 1716 1134 1771; x_wconf 88' lang='lat' dir='ltr'><strong>neque</strong></span> <span class='ocrx_word' id='word_1_216' title='bbox 1168 1703 1220 1757; x_wconf 92' lang='lat' dir='ltr'><strong>in</strong></span> <span class='ocrx_word' id='word_1_217' title='bbox 1259 1701 1544 1767; x_wconf 84' lang='lat' dir='ltr'><strong>llebraico,</strong></span> <span class='ocrx_word' id='word_1_218' title='bbox 1580 1713 1635 1758; x_wconf 86' lang='lat' dir='ltr'><strong>at</strong></span> <span class='ocrx_word' id='word_1_219' title='bbox 1669 1719 1766 1775; x_wconf 86' lang='lat' dir='ltr'><strong>pro</strong></span> <span class='ocrx_word' id='word_1_220' title='bbox 1807 1702 2033 1773; x_wconf 72' lang='lat' dir='ltr'><strong>diapent-</strong></span> 
     </span>
    </p>
   </div>
   <div class='ocr_carea' id='block_1_28' title="bbox 2139 1696 3695 1787">
    <p class='ocr_par' dir='ltr' id='par_1_28' title="bbox 2140 1696 3695 1775">
     <span class='ocr_line' id='line_1_28' title="bbox 2140 1696 3695 1775; baseline 0.006 -27"><span class='ocrx_word' id='word_1_221' title='bbox 2140 1710 2265 1762; x_wconf 81' lang='grc' dir='ltr'>τος,</span> <span class='ocrx_word' id='word_1_222' title='bbox 2296 1696 2601 1768; x_wconf 85' lang='grc' dir='ltr'>γέγραπται</span> <span class='ocrx_word' id='word_1_223' title='bbox 2632 1698 2745 1753; x_wconf 81' lang='grc' dir='ltr'>ἀει.</span> <span class='ocrx_word' id='word_1_224' title='bbox 2779 1698 2888 1754; x_wconf 81' lang='grc' dir='ltr'><strong>Καὶ</strong></span> <span class='ocrx_word' id='word_1_225' title='bbox 2919 1698 3152 1754; x_wconf 70' lang='grc' dir='ltr'>τοῦτοδὲ</span> <span class='ocrx_word' id='word_1_226' title='bbox 3172 1718 3233 1755; x_wconf 87' lang='grc' dir='ltr'><strong>σε</strong></span> <span class='ocrx_word' id='word_1_227' title='bbox 3267 1703 3342 1775; x_wconf 77' lang='grc' dir='ltr'>μὴ</span> <span class='ocrx_word' id='word_1_228' title='bbox 3375 1697 3695 1775; x_wconf 80' lang='grc' dir='ltr'>παρέλθοι,ὧ</span> 
     </span>
    </p>
   </div>
   <div class='ocr_carea' id='block_1_29' title="bbox 467 1792 2048 1863">
    <p class='ocr_par' dir='ltr' id='par_1_29' title="bbox 467 1792 2048 1863">
     <span class='ocr_line' id='line_1_29' title="bbox 467 1792 2048 1863; baseline 0.003 -18"><span class='ocrx_word' id='word_1_229' title='bbox 467 1800 608 1847; x_wconf 81' lang='lat' dir='ltr'><strong>mute</strong></span> <span class='ocrx_word' id='word_1_230' title='bbox 622 1792 882 1863; x_wconf 89' lang='lat' dir='ltr'><strong>scriptum</strong></span> <span class='ocrx_word' id='word_1_231' title='bbox 904 1802 988 1850; x_wconf 88' lang='lat' dir='ltr'><strong>est</strong></span> <span class='ocrx_word' id='word_1_232' title='bbox 1006 1792 1340 1862; x_wconf 58' lang='grc' dir='ltr'><strong>κοψεν-,Ναί</strong></span> <span class='ocrx_word' id='word_1_233' title='bbox 1354 1795 1483 1850; x_wconf 89' lang='lat' dir='ltr'><strong>illud</strong></span> <span class='ocrx_word' id='word_1_234' title='bbox 1493 1835 1506 1858; x_wconf 89' lang='lat'><strong>,</strong></span> <span class='ocrx_word' id='word_1_235' title='bbox 1523 1809 1557 1850; x_wconf 90' lang='grc' dir='ltr'><strong>ο</strong></span> <span class='ocrx_word' id='word_1_236' title='bbox 1568 1796 1805 1851; x_wconf 82' lang='lat' dir='ltr'><strong>scientiae</strong></span> <span class='ocrx_word' id='word_1_237' title='bbox 1819 1804 2048 1857; x_wconf 87' lang='lat' dir='ltr'><strong>amator,</strong></span> 
     </span>
    </p>
   </div>
   <div class='ocr_carea' id='block_1_30' title="bbox 469 1881 2049 1956">
    <p class='ocr_par' dir='ltr' id='par_1_30' title="bbox 469 1881 2049 1956">
     <span class='ocr_line' id='line_1_30' title="bbox 469 1881 2049 1956; baseline 0.001 -19"><span class='ocrx_word' id='word_1_238' title='bbox 469 1891 524 1937; x_wconf 89' lang='lat' dir='ltr'><strong>te</strong></span> <span class='ocrx_word' id='word_1_239' title='bbox 552 1891 854 1951; x_wconf 72' lang='lat' dir='ltr'><strong>praetereat,</strong></span> <span class='ocrx_word' id='word_1_240' title='bbox 882 1884 1028 1953; x_wconf 86' lang='lat' dir='ltr'><strong>quod</strong></span> <span class='ocrx_word' id='word_1_241' title='bbox 1059 1881 1266 1939; x_wconf 66' lang='lat' dir='ltr'><strong>Hebraei</strong></span> <span class='ocrx_word' id='word_1_242' title='bbox 1294 1883 1614 1940; x_wconf 75' lang='lat' dir='ltr'><strong>Psalterium</strong></span> <span class='ocrx_word' id='word_1_243' title='bbox 1642 1887 1695 1940; x_wconf 94' lang='lat' dir='ltr'><strong>in</strong></span> <span class='ocrx_word' id='word_1_244' title='bbox 1722 1887 1965 1956; x_wconf 86' lang='lat' dir='ltr'><strong>quinque</strong></span> <span class='ocrx_word' id='word_1_245' title='bbox 1984 1886 2049 1940; x_wconf 83' lang='lat' dir='ltr'><strong>li-</strong></span> 
     </span>
    </p>
   </div>
   <div class='ocr_carea' id='block_1_31' title="bbox 468 1972 2043 2039">
    <p class='ocr_par' dir='ltr' id='par_1_31' title="bbox 468 1972 2043 2039">
     <span class='ocr_line' id='line_1_31' title="bbox 468 1972 2043 2039; baseline 0.002 -11"><span class='ocrx_word' id='word_1_246' title='bbox 468 1972 601 2029; x_wconf 89' lang='lat' dir='ltr'><strong>bros</strong></span> <span class='ocrx_word' id='word_1_247' title='bbox 628 1974 947 2039; x_wconf 74' lang='lat' dir='ltr'><strong>diviserunt,</strong></span> <span class='ocrx_word' id='word_1_248' title='bbox 986 1984 1045 2030; x_wconf 94' lang='lat' dir='ltr'><strong>ut</strong></span> <span class='ocrx_word' id='word_1_249' title='bbox 1091 1976 1267 2032; x_wconf 83' lang='lat' dir='ltr'><strong>instar</strong></span> <span class='ocrx_word' id='word_1_250' title='bbox 1312 1976 1385 2032; x_wconf 85' lang='lat' dir='ltr'><strong>sit</strong></span> <span class='ocrx_word' id='word_1_251' title='bbox 1418 1977 1642 2031; x_wconf 84' lang='lat' dir='ltr'><strong>alterius</strong></span> <span class='ocrx_word' id='word_1_252' title='bbox 1670 1975 2043 2032; x_wconf 87' lang='lat' dir='ltr'><strong>Pentateucbi.</strong></span> 
     </span>
    </p>
   </div>
   <div class='ocr_carea' id='block_1_32' title="bbox 468 2062 2043 2136">
    <p class='ocr_par' dir='ltr' id='par_1_32' title="bbox 468 2062 2043 2136">
     <span class='ocr_line' id='line_1_32' title="bbox 468 2062 2043 2136; baseline 0.004 -18"><span class='ocrx_word' id='word_1_253' title='bbox 468 2062 714 2134; x_wconf 83' lang='lat' dir='ltr'><strong>Namque</strong></span> <span class='ocrx_word' id='word_1_254' title='bbox 740 2079 771 2118; x_wconf 89' lang='lat' dir='ltr'><strong>a</strong></span> <span class='ocrx_word' id='word_1_255' title='bbox 802 2066 976 2134; x_wconf 88' lang='lat' dir='ltr'><strong>primo</strong></span> <span class='ocrx_word' id='word_1_256' title='bbox 1006 2064 1216 2136; x_wconf 84' lang='lat' dir='ltr'><strong>psalmo</strong></span> <span class='ocrx_word' id='word_1_257' title='bbox 1244 2066 1311 2122; x_wconf 89' lang='lat' dir='ltr'><strong>ad</strong></span> <span class='ocrx_word' id='word_1_258' title='bbox 1338 2082 1429 2128; x_wconf 76' lang='lat' dir='ltr'><strong>XL,</strong></span> <span class='ocrx_word' id='word_1_259' title='bbox 1465 2082 1630 2121; x_wconf 91' lang='lat' dir='ltr'><strong>unum</strong></span> <span class='ocrx_word' id='word_1_260' title='bbox 1664 2067 1863 2122; x_wconf 84' lang='lat' dir='ltr'><strong>librum</strong></span> <span class='ocrx_word' id='word_1_261' title='bbox 1892 2082 2043 2124; x_wconf 91' lang='lat' dir='ltr'><strong>com-</strong></span> 
     </span>
    </p>
   </div>
   <div class='ocr_carea' id='block_1_33' title="bbox 466 2157 2041 2227">
    <p class='ocr_par' dir='ltr' id='par_1_33' title="bbox 466 2157 2041 2227">
     <span class='ocr_line' id='line_1_33' title="bbox 466 2157 2041 2227; baseline 0.002 -17"><span class='ocrx_word' id='word_1_262' title='bbox 466 2165 758 2226; x_wconf 87' lang='lat' dir='ltr'><strong>putarunt;</strong></span> <span class='ocrx_word' id='word_1_263' title='bbox 805 2171 836 2210; x_wconf 89' lang='lat' dir='ltr'><strong>a</strong></span> <span class='ocrx_word' id='word_1_264' title='bbox 875 2172 962 2210; x_wconf 79' lang='lat' dir='ltr'><strong>xu</strong></span> <span class='ocrx_word' id='word_1_265' title='bbox 1005 2159 1070 2211; x_wconf 86' lang='lat' dir='ltr'><strong>ad</strong></span> <span class='ocrx_word' id='word_1_266' title='bbox 1115 2172 1263 2223; x_wconf 76' lang='lat' dir='ltr'><strong>uxr,</strong></span> <span class='ocrx_word' id='word_1_267' title='bbox 1324 2157 1554 2212; x_wconf 86' lang='lat' dir='ltr'><strong>alterum</strong></span> <span class='ocrx_word' id='word_1_268' title='bbox 1600 2158 1973 2227; x_wconf 83' lang='lat' dir='ltr'><strong>deduxerunt;</strong></span> <span class='ocrx_word' id='word_1_269' title='bbox 2012 2176 2041 2213; x_wconf 88' lang='lat' dir='ltr'><strong>a</strong></span> 
     </span>
    </p>
   </div>
   <div class='ocr_carea' id='block_1_34' title="bbox 470 2249 2042 2322">
    <p class='ocr_par' dir='ltr' id='par_1_34' title="bbox 470 2249 2042 2322">
     <span class='ocr_line' id='line_1_34' title="bbox 470 2249 2042 2322; baseline 0.003 -19"><span class='ocrx_word' id='word_1_270' title='bbox 470 2263 621 2303; x_wconf 80' lang='lat' dir='ltr'><strong>um</strong></span> <span class='ocrx_word' id='word_1_271' title='bbox 653 2249 721 2303; x_wconf 89' lang='lat' dir='ltr'><strong>ad</strong></span> <span class='ocrx_word' id='word_1_272' title='bbox 755 2265 1018 2313; x_wconf 81' lang='lat' dir='ltr'><strong>Lxxxvm,</strong></span> <span class='ocrx_word' id='word_1_273' title='bbox 1048 2251 1264 2305; x_wconf 84' lang='lat' dir='ltr'><strong>tertium</strong></span> <span class='ocrx_word' id='word_1_274' title='bbox 1300 2250 1595 2305; x_wconf 76' lang='lat' dir='ltr'><strong>ell‘ccerunt</strong></span> <span class='ocrx_word' id='word_1_275' title='bbox 1622 2252 1817 2305; x_wconf 84' lang='lat' dir='ltr'><strong>librum</strong></span> <span class='ocrx_word' id='word_1_276' title='bbox 1840 2269 1853 2316; x_wconf 83' lang='lat'>;</span> <span class='ocrx_word' id='word_1_277' title='bbox 1876 2268 2042 2322; x_wconf 90' lang='lat' dir='ltr'><strong>quar-</strong></span> 
     </span>
    </p>
   </div>
   <div class='ocr_carea' id='block_1_35' title="bbox 469 2340 2042 2413">
    <p class='ocr_par' dir='ltr' id='par_1_35' title="bbox 469 2340 2042 2413">
     <span class='ocr_line' id='line_1_35' title="bbox 469 2340 2042 2413; baseline 0.003 -19"><span class='ocrx_word' id='word_1_278' title='bbox 469 2348 585 2394; x_wconf 88' lang='lat' dir='ltr'><strong>tum</strong></span> <span class='ocrx_word' id='word_1_279' title='bbox 634 2340 704 2394; x_wconf 89' lang='lat' dir='ltr'><strong>ab</strong></span> <span class='ocrx_word' id='word_1_280' title='bbox 739 2356 937 2396; x_wconf 74' lang='lat' dir='ltr'><strong>Lxxxu</strong></span> <span class='ocrx_word' id='word_1_281' title='bbox 988 2342 1053 2395; x_wconf 85' lang='lat' dir='ltr'><strong>ad</strong></span> <span class='ocrx_word' id='word_1_282' title='bbox 1106 2357 1206 2409; x_wconf 87' lang='lat' dir='ltr'><strong>cv;</strong></span> <span class='ocrx_word' id='word_1_283' title='bbox 1246 2357 1276 2397; x_wconf 90' lang='lat' dir='ltr'><strong>a</strong></span> <span class='ocrx_word' id='word_1_284' title='bbox 1314 2358 1399 2396; x_wconf 74' lang='grc' dir='ltr'><strong>ενι</strong></span> <span class='ocrx_word' id='word_1_285' title='bbox 1440 2342 1506 2397; x_wconf 89' lang='lat' dir='ltr'><strong>ad</strong></span> <span class='ocrx_word' id='word_1_286' title='bbox 1533 2359 1595 2396; x_wconf 81' lang='lat' dir='ltr'><strong>cr.</strong></span> <span class='ocrx_word' id='word_1_287' title='bbox 1624 2352 2042 2413; x_wconf 88' lang='lat' dir='ltr'><strong>composuerunt</strong></span> 
     </span>
    </p>
   </div>
   <div class='ocr_carea' id='block_1_36' title="bbox 469 2433 2037 2506">
    <p class='ocr_par' dir='ltr' id='par_1_36' title="bbox 469 2433 2037 2506">
     <span class='ocr_line' id='line_1_36' title="bbox 469 2433 2037 2506; baseline 0.002 -19"><span class='ocrx_word' id='word_1_288' title='bbox 469 2433 756 2503; x_wconf 88' lang='lat' dir='ltr'><strong>quintum;</strong></span> <span class='ocrx_word' id='word_1_289' title='bbox 781 2434 881 2488; x_wconf 88' lang='lat' dir='ltr'><strong>rati</strong></span> <span class='ocrx_word' id='word_1_290' title='bbox 910 2433 1111 2489; x_wconf 84' lang='lat' dir='ltr'><strong>scilicet</strong></span> <span class='ocrx_word' id='word_1_291' title='bbox 1136 2450 1406 2506; x_wconf 87' lang='lat' dir='ltr'><strong>quemque</strong></span> <span class='ocrx_word' id='word_1_292' title='bbox 1428 2436 1698 2504; x_wconf 87' lang='lat' dir='ltr'><strong>psalmum</strong></span> <span class='ocrx_word' id='word_1_293' title='bbox 1728 2436 1821 2504; x_wconf 89' lang='lat' dir='ltr'><strong>qui</strong></span> <span class='ocrx_word' id='word_1_294' title='bbox 1847 2436 1901 2488; x_wconf 92' lang='lat' dir='ltr'><strong>in</strong></span> <span class='ocrx_word' id='word_1_295' title='bbox 1928 2435 2037 2490; x_wconf 82' lang='lat' dir='ltr'><strong>line</strong></span> 
     </span>
    </p>
   </div>
   <div class='ocr_carea' id='block_1_37' title="bbox 464 2524 2037 2598">
    <p class='ocr_par' dir='ltr' id='par_1_37' title="bbox 464 2524 2037 2598">
     <span class='ocr_line' id='line_1_37' title="bbox 464 2524 2037 2598; baseline 0.002 -17"><span class='ocrx_word' id='word_1_296' title='bbox 464 2524 707 2593; x_wconf 82' lang='lat' dir='ltr'><strong>haberet,</strong></span> <span class='ocrx_word' id='word_1_297' title='bbox 740 2525 1051 2582; x_wconf 76' lang='lat' dir='ltr'><strong>Benedictus</strong></span> <span class='ocrx_word' id='word_1_298' title='bbox 1077 2528 1240 2595; x_wconf 76' lang='lat' dir='ltr'><strong>Deus,</strong></span> <span class='ocrx_word' id='word_1_299' title='bbox 1278 2528 1394 2598; x_wconf 77' lang='lat' dir='ltr'><strong>ﬁat,</strong></span> <span class='ocrx_word' id='word_1_300' title='bbox 1436 2528 1552 2597; x_wconf 79' lang='lat' dir='ltr'><strong>ﬁat,</strong></span> <span class='ocrx_word' id='word_1_301' title='bbox 1588 2529 1730 2583; x_wconf 83' lang='lat' dir='ltr'><strong>hunc</strong></span> <span class='ocrx_word' id='word_1_302' title='bbox 1768 2526 1889 2582; x_wconf 87' lang='lat' dir='ltr'><strong>libri</strong></span> <span class='ocrx_word' id='word_1_303' title='bbox 1918 2543 2037 2584; x_wconf 90' lang='lat' dir='ltr'><strong>esse</strong></span> 
     </span>
    </p>
   </div>
   <div class='ocr_carea' id='block_1_38' title="bbox 464 2618 2036 2690">
    <p class='ocr_par' dir='ltr' id='par_1_38' title="bbox 464 2618 2036 2690">
     <span class='ocr_line' id='line_1_38' title="bbox 464 2618 2036 2690; baseline 0.003 -19"><span class='ocrx_word' id='word_1_304' title='bbox 464 2626 819 2687; x_wconf 84' lang='lat' dir='ltr'><strong>postremum.</strong></span> <span class='ocrx_word' id='word_1_305' title='bbox 852 2618 909 2673; x_wconf 95' lang='lat' dir='ltr'><strong>In</strong></span> <span class='ocrx_word' id='word_1_306' title='bbox 956 2620 1042 2675; x_wconf 87' lang='lat' dir='ltr'><strong>his</strong></span> <span class='ocrx_word' id='word_1_307' title='bbox 1085 2628 1262 2675; x_wconf 88' lang='lat' dir='ltr'><strong>autem</strong></span> <span class='ocrx_word' id='word_1_308' title='bbox 1291 2621 1543 2690; x_wconf 80' lang='lat' dir='ltr'><strong>precatio,</strong></span> <span class='ocrx_word' id='word_1_309' title='bbox 1577 2628 1659 2675; x_wconf 91' lang='lat' dir='ltr'><strong>est</strong></span> <span class='ocrx_word' id='word_1_310' title='bbox 1704 2620 1880 2674; x_wconf 83' lang='lat' dir='ltr'><strong>oblata</strong></span> <span class='ocrx_word' id='word_1_311' title='bbox 1929 2619 2036 2675; x_wconf 91' lang='lat' dir='ltr'><strong>Deo</strong></span> 
     </span>
    </p>
   </div>
   <div class='ocr_carea' id='block_1_39' title="bbox 465 2709 2034 2782">
    <p class='ocr_par' dir='ltr' id='par_1_39' title="bbox 465 2709 2034 2782">
     <span class='ocr_line' id='line_1_39' title="bbox 465 2709 2034 2782; baseline 0.002 -18"><span class='ocrx_word' id='word_1_312' title='bbox 465 2709 786 2779; x_wconf 82' lang='lat' dir='ltr'><strong>supplicatio</strong></span> <span class='ocrx_word' id='word_1_313' title='bbox 819 2726 915 2779; x_wconf 86' lang='lat' dir='ltr'><strong>pro</strong></span> <span class='ocrx_word' id='word_1_314' title='bbox 944 2712 1123 2781; x_wconf 87' lang='lat' dir='ltr'><strong>aliqua</strong></span> <span class='ocrx_word' id='word_1_315' title='bbox 1154 2712 1369 2767; x_wconf 86' lang='lat' dir='ltr'><strong>utilium</strong></span> <span class='ocrx_word' id='word_1_316' title='bbox 1405 2727 1624 2777; x_wconf 89' lang='lat' dir='ltr'><strong>rerum;</strong></span> <span class='ocrx_word' id='word_1_317' title='bbox 1659 2724 1834 2765; x_wconf 84' lang='lat' dir='ltr'><strong>votum</strong></span> <span class='ocrx_word' id='word_1_318' title='bbox 1879 2713 2034 2782; x_wconf 89' lang='lat' dir='ltr'><strong>equi-</strong></span> 
     </span>
    </p>
   </div>
   <div class='ocr_carea' id='block_1_40' title="bbox 466 2800 2032 2872">
    <p class='ocr_par' dir='ltr' id='par_1_40' title="bbox 466 2800 2032 2872">
     <span class='ocr_line' id='line_1_40' title="bbox 466 2800 2032 2872; baseline 0.003 -18"><span class='ocrx_word' id='word_1_319' title='bbox 466 2800 588 2857; x_wconf 88' lang='lat' dir='ltr'><strong>dem</strong></span> <span class='ocrx_word' id='word_1_320' title='bbox 618 2801 938 2870; x_wconf 83' lang='lat' dir='ltr'><strong>promissio;</strong></span> <span class='ocrx_word' id='word_1_321' title='bbox 986 2802 1208 2871; x_wconf 77' lang='lat' dir='ltr'><strong>hymnus</strong></span> <span class='ocrx_word' id='word_1_322' title='bbox 1248 2811 1333 2858; x_wconf 89' lang='lat' dir='ltr'><strong>est</strong></span> <span class='ocrx_word' id='word_1_323' title='bbox 1380 2816 1478 2871; x_wconf 88' lang='lat' dir='ltr'><strong>pro</strong></span> <span class='ocrx_word' id='word_1_324' title='bbox 1506 2801 1684 2866; x_wconf 90' lang='lat' dir='ltr'><strong>bonis,</strong></span> <span class='ocrx_word' id='word_1_325' title='bbox 1720 2818 1841 2872; x_wconf 71' lang='lat' dir='ltr'><strong>qure</strong></span> <span class='ocrx_word' id='word_1_326' title='bbox 1867 2802 2032 2858; x_wconf 85' lang='lat' dir='ltr'><strong>habe-</strong></span> 
     </span>
    </p>
   </div>
   <div class='ocr_carea' id='block_1_41' title="bbox 464 2889 2033 2959">
    <p class='ocr_par' dir='ltr' id='par_1_41' title="bbox 464 2889 2033 2959">
     <span class='ocr_line' id='line_1_41' title="bbox 464 2889 2033 2959; baseline 0.003 -14"><span class='ocrx_word' id='word_1_327' title='bbox 464 2904 605 2956; x_wconf 86' lang='lat' dir='ltr'><strong>mus,</strong></span> <span class='ocrx_word' id='word_1_328' title='bbox 639 2889 815 2947; x_wconf 85' lang='lat' dir='ltr'><strong>fausta</strong></span> <span class='ocrx_word' id='word_1_329' title='bbox 842 2891 1160 2946; x_wconf 82' lang='lat' dir='ltr'><strong>acclamatio</strong></span> <span class='ocrx_word' id='word_1_330' title='bbox 1188 2891 1299 2948; x_wconf 90' lang='lat' dir='ltr'><strong>Deo</strong></span> <span class='ocrx_word' id='word_1_331' title='bbox 1327 2892 1604 2959; x_wconf 81' lang='lat' dir='ltr'><strong>exhibita;</strong></span> <span class='ocrx_word' id='word_1_332' title='bbox 1640 2894 1757 2947; x_wconf 81' lang='lat' dir='ltr'><strong>laus</strong></span> <span class='ocrx_word' id='word_1_333' title='bbox 1778 2894 1892 2949; x_wconf 86' lang='lat' dir='ltr'><strong>sive</strong></span> <span class='ocrx_word' id='word_1_334' title='bbox 1914 2895 2033 2949; x_wconf 91' lang='lat' dir='ltr'><strong>lau-</strong></span> 
     </span>
    </p>
   </div>
   <div class='ocr_carea' id='block_1_42' title="bbox 465 2982 2027 3054">
    <p class='ocr_par' dir='ltr' id='par_1_42' title="bbox 465 2982 2027 3054">
     <span class='ocr_line' id='line_1_42' title="bbox 465 2982 2027 3054; baseline 0 -13"><span class='ocrx_word' id='word_1_335' title='bbox 465 2982 633 3047; x_wconf 82' lang='lat' dir='ltr'><strong>datio,</strong></span> <span class='ocrx_word' id='word_1_336' title='bbox 665 2982 1062 3038; x_wconf 84' lang='lat' dir='ltr'><strong>admirabilium</strong></span> <span class='ocrx_word' id='word_1_337' title='bbox 1099 2983 1189 3038; x_wconf 86' lang='lat' dir='ltr'><strong>Dei</strong></span> <span class='ocrx_word' id='word_1_338' title='bbox 1214 2998 1438 3054; x_wconf 85' lang='lat' dir='ltr'><strong>operum</strong></span> <span class='ocrx_word' id='word_1_339' title='bbox 1466 2985 1886 3039; x_wconf 88' lang='lat' dir='ltr'><strong>commendatio.</strong></span> <span class='ocrx_word' id='word_1_340' title='bbox 1921 2985 2027 3041; x_wconf 89' lang='lat' dir='ltr'><strong>Ne—</strong></span> 
     </span>
    </p>
   </div>
   <div class='ocr_carea' id='block_1_43' title="bbox 465 3072 2110 3145">
    <p class='ocr_par' dir='ltr' id='par_1_43' title="bbox 465 3072 2110 3145">
     <span class='ocr_line' id='line_1_43' title="bbox 465 3072 2110 3145; baseline 0.003 -18"><span class='ocrx_word' id='word_1_341' title='bbox 465 3088 570 3143; x_wconf 90' lang='lat' dir='ltr'><strong>que</strong></span> <span class='ocrx_word' id='word_1_342' title='bbox 593 3072 737 3126; x_wconf 89' lang='lat' dir='ltr'><strong>enim</strong></span> <span class='ocrx_word' id='word_1_343' title='bbox 772 3074 1168 3128; x_wconf 86' lang='lat' dir='ltr'><strong>commendatio</strong></span> <span class='ocrx_word' id='word_1_344' title='bbox 1204 3083 1287 3128; x_wconf 90' lang='lat' dir='ltr'><strong>est</strong></span> <span class='ocrx_word' id='word_1_345' title='bbox 1312 3075 1479 3141; x_wconf 89' lang='lat' dir='ltr'><strong>aliud,</strong></span> <span class='ocrx_word' id='word_1_346' title='bbox 1512 3091 1675 3145; x_wconf 81' lang='lat' dir='ltr'><strong>quam</strong></span> <span class='ocrx_word' id='word_1_347' title='bbox 1715 3076 1890 3130; x_wconf 87' lang='lat' dir='ltr'><strong>laudis</strong></span> <span class='ocrx_word' id='word_1_348' title='bbox 1920 3094 2037 3132; x_wconf 88' lang='lat' dir='ltr'><strong>am-</strong></span> <span class='ocrx_word' id='word_1_349' title='bbox 2064 3072 2110 3131; x_wconf 84' lang='lat' dir='ltr'><strong>C</strong></span> 
     </span>
    </p>
   </div>
   <div class='ocr_carea' id='block_1_44' title="bbox 463 3165 743 3236">
    <p class='ocr_par' dir='ltr' id='par_1_44' title="bbox 463 3165 743 3236">
     <span class='ocr_line' id='line_1_44' title="bbox 463 3165 743 3236; baseline 0 -17"><span class='ocrx_word' id='word_1_350' title='bbox 463 3165 743 3236; x_wconf 86' lang='lat' dir='ltr'><strong>pliticatio.</strong></span> 
     </span>
    </p>
   </div>
   <div class='ocr_carea' id='block_1_45' title="bbox 534 3297 2035 3369">
    <p class='ocr_par' dir='ltr' id='par_1_45' title="bbox 534 3297 2035 3369">
     <span class='ocr_line' id='line_1_45' title="bbox 534 3297 2035 3369; baseline 0.004 -18"><span class='ocrx_word' id='word_1_351' title='bbox 534 3298 623 3352; x_wconf 82' lang='lat' dir='ltr'><strong>IX.</strong></span> <span class='ocrx_word' id='word_1_352' title='bbox 666 3297 784 3364; x_wconf 85' lang='lat' dir='ltr'><strong>Quo</strong></span> <span class='ocrx_word' id='word_1_353' title='bbox 815 3308 992 3353; x_wconf 90' lang='lat' dir='ltr'><strong>autem</strong></span> <span class='ocrx_word' id='word_1_354' title='bbox 1027 3309 1285 3368; x_wconf 85' lang='lat' dir='ltr'><strong>tempore,</strong></span> <span class='ocrx_word' id='word_1_355' title='bbox 1312 3314 1488 3368; x_wconf 86' lang='lat' dir='ltr'><strong>quove</strong></span> <span class='ocrx_word' id='word_1_356' title='bbox 1512 3310 1671 3369; x_wconf 85' lang='lat' dir='ltr'><strong>pacto</strong></span> <span class='ocrx_word' id='word_1_357' title='bbox 1710 3302 1850 3357; x_wconf 88' lang='lat' dir='ltr'><strong>hanc</strong></span> <span class='ocrx_word' id='word_1_358' title='bbox 1883 3300 2035 3358; x_wconf 63' lang='lat' dir='ltr'><strong>Psala-</strong></span> 
     </span>
    </p>
   </div>
   <div class='ocr_carea' id='block_1_46' title="bbox 464 3388 2033 3462">
    <p class='ocr_par' dir='ltr' id='par_1_46' title="bbox 464 3388 2033 3462">
     <span class='ocr_line' id='line_1_46' title="bbox 464 3388 2033 3462; baseline 0.004 -19"><span class='ocrx_word' id='word_1_359' title='bbox 464 3403 679 3445; x_wconf 89' lang='lat' dir='ltr'><strong>morum</strong></span> <span class='ocrx_word' id='word_1_360' title='bbox 712 3389 976 3443; x_wconf 85' lang='lat' dir='ltr'><strong>rationem</strong></span> <span class='ocrx_word' id='word_1_361' title='bbox 1014 3389 1231 3445; x_wconf 79' lang='lat' dir='ltr'><strong>divinus</strong></span> <span class='ocrx_word' id='word_1_362' title='bbox 1258 3388 1424 3444; x_wconf 86' lang='lat' dir='ltr'><strong>David</strong></span> <span class='ocrx_word' id='word_1_363' title='bbox 1448 3392 1792 3462; x_wconf 78' lang='lat' dir='ltr'><strong>excogitarit;</strong></span> <span class='ocrx_word' id='word_1_364' title='bbox 1824 3394 2033 3462; x_wconf 89' lang='lat' dir='ltr'><strong>primus</strong></span> 
     </span>
    </p>
   </div>
   <div class='ocr_carea' id='block_1_47' title="bbox 463 3480 2031 3553">
    <p class='ocr_par' dir='ltr' id='par_1_47' title="bbox 463 3480 2031 3553">
     <span class='ocr_line' id='line_1_47' title="bbox 463 3480 2031 3553; baseline 0.004 -19"><span class='ocrx_word' id='word_1_365' title='bbox 463 3481 680 3550; x_wconf 90' lang='lat' dir='ltr'><strong>quidem</strong></span> <span class='ocrx_word' id='word_1_366' title='bbox 709 3496 772 3536; x_wconf 91' lang='lat' dir='ltr'><strong>ac</strong></span> <span class='ocrx_word' id='word_1_367' title='bbox 802 3481 952 3536; x_wconf 90' lang='lat' dir='ltr'><strong>solus</strong></span> <span class='ocrx_word' id='word_1_368' title='bbox 978 3480 1146 3535; x_wconf 88' lang='lat' dir='ltr'><strong>fuisse</strong></span> <span class='ocrx_word' id='word_1_369' title='bbox 1173 3481 1402 3545; x_wconf 85' lang='lat' dir='ltr'><strong>videtur,</strong></span> <span class='ocrx_word' id='word_1_370' title='bbox 1431 3483 1592 3553; x_wconf 89' lang='lat' dir='ltr'><strong>idque</strong></span> <span class='ocrx_word' id='word_1_371' title='bbox 1622 3484 1882 3551; x_wconf 88' lang='lat' dir='ltr'><strong>abinitio,</strong></span> <span class='ocrx_word' id='word_1_372' title='bbox 1907 3500 2031 3540; x_wconf 91' lang='lat' dir='ltr'><strong>cum</strong></span> 
     </span>
    </p>
   </div>
   <div class='ocr_carea' id='block_1_48' title="bbox 465 3573 2030 3646">
    <p class='ocr_par' dir='ltr' id='par_1_48' title="bbox 465 3573 2030 3646">
     <span class='ocr_line' id='line_1_48' title="bbox 465 3573 2030 3646; baseline 0.003 -19"><span class='ocrx_word' id='word_1_373' title='bbox 465 3574 777 3642; x_wconf 85' lang='lat' dir='ltr'><strong>psalterium</strong></span> <span class='ocrx_word' id='word_1_374' title='bbox 809 3573 1246 3628; x_wconf 85' lang='lat' dir='ltr'><strong>concinnandum</strong></span> <span class='ocrx_word' id='word_1_375' title='bbox 1292 3573 1475 3645; x_wconf 77' lang='lat' dir='ltr'><strong>digitis</strong></span> <span class='ocrx_word' id='word_1_376' title='bbox 1501 3576 1865 3646; x_wconf 64' lang='lat' dir='ltr'><strong>praecipiebat.</strong></span> <span class='ocrx_word' id='word_1_377' title='bbox 1896 3575 2030 3632; x_wconf 88' lang='lat' dir='ltr'><strong>Nam</strong></span> 
     </span>
    </p>
   </div>
   <div class='ocr_carea' id='block_1_49' title="bbox 464 3668 2033 3742">
    <p class='ocr_par' dir='ltr' id='par_1_49' title="bbox 464 3668 2033 3742">
     <span class='ocr_line' id='line_1_49' title="bbox 464 3668 2033 3742; baseline 0.001 -17"><span class='ocrx_word' id='word_1_378' title='bbox 464 3668 510 3725; x_wconf 90' lang='lat' dir='ltr'><strong>si</strong></span> <span class='ocrx_word' id='word_1_379' title='bbox 544 3669 665 3739; x_wconf 89' lang='lat' dir='ltr'><strong>quis</strong></span> <span class='ocrx_word' id='word_1_380' title='bbox 707 3670 844 3724; x_wconf 89' lang='lat' dir='ltr'><strong>alius</strong></span> <span class='ocrx_word' id='word_1_381' title='bbox 886 3672 1122 3739; x_wconf 81' lang='lat' dir='ltr'><strong>psalterii</strong></span> <span class='ocrx_word' id='word_1_382' title='bbox 1163 3686 1321 3726; x_wconf 91' lang='lat' dir='ltr'><strong>usum</strong></span> <span class='ocrx_word' id='word_1_383' title='bbox 1349 3680 1403 3726; x_wconf 91' lang='lat' dir='ltr'><strong>et</strong></span> <span class='ocrx_word' id='word_1_384' title='bbox 1427 3671 1649 3726; x_wconf 73' lang='lat' dir='ltr'><strong>citharae</strong></span> <span class='ocrx_word' id='word_1_385' title='bbox 1676 3672 1824 3742; x_wconf 92' lang='lat' dir='ltr'><strong>prior</strong></span> <span class='ocrx_word' id='word_1_386' title='bbox 1849 3681 2033 3727; x_wconf 88' lang='lat' dir='ltr'><strong>osten-</strong></span> 
     </span>
    </p>
   </div>
   <div class='ocr_carea' id='block_1_50' title="bbox 470 3760 2034 3835">
    <p class='ocr_par' dir='ltr' id='par_1_50' title="bbox 470 3760 2034 3835">
     <span class='ocr_line' id='line_1_50' title="bbox 470 3760 2034 3835; baseline 0.003 -21"><span class='ocrx_word' id='word_1_387' title='bbox 470 3761 569 3826; x_wconf 88' lang='lat' dir='ltr'><strong>dit,</strong></span> <span class='ocrx_word' id='word_1_388' title='bbox 601 3760 649 3814; x_wconf 90' lang='lat' dir='ltr'><strong>is</strong></span> <span class='ocrx_word' id='word_1_389' title='bbox 676 3761 833 3830; x_wconf 89' lang='lat' dir='ltr'><strong>plane</strong></span> <span class='ocrx_word' id='word_1_390' title='bbox 861 3762 1096 3828; x_wconf 86' lang='lat' dir='ltr'><strong>diverse,</strong></span> <span class='ocrx_word' id='word_1_391' title='bbox 1130 3763 1273 3818; x_wconf 87' lang='lat' dir='ltr'><strong>iners</strong></span> <span class='ocrx_word' id='word_1_392' title='bbox 1301 3762 1556 3833; x_wconf 87' lang='lat' dir='ltr'><strong>quiddam</strong></span> <span class='ocrx_word' id='word_1_393' title='bbox 1578 3772 1631 3817; x_wconf 88' lang='lat' dir='ltr'><strong>et</strong></span> <span class='ocrx_word' id='word_1_394' title='bbox 1651 3765 1871 3835; x_wconf 75' lang='lat' dir='ltr'><strong>vulgare</strong></span> <span class='ocrx_word' id='word_1_395' title='bbox 1893 3780 2034 3819; x_wconf 87' lang='lat' dir='ltr'><strong>com-</strong></span> 
     </span>
    </p>
   </div>
   <div class='ocr_carea' id='block_1_51' title="bbox 466 3854 2032 3927">
    <p class='ocr_par' dir='ltr' id='par_1_51' title="bbox 466 3854 2032 3927">
     <span class='ocr_line' id='line_1_51' title="bbox 466 3854 2032 3927; baseline 0.004 -20"><span class='ocrx_word' id='word_1_396' title='bbox 466 3862 682 3908; x_wconf 90' lang='lat' dir='ltr'><strong>mentus</strong></span> <span class='ocrx_word' id='word_1_397' title='bbox 719 3854 803 3907; x_wconf 88' lang='lat' dir='ltr'><strong>vel</strong></span> <span class='ocrx_word' id='word_1_398' title='bbox 834 3854 886 3907; x_wconf 93' lang='lat' dir='ltr'><strong>in</strong></span> <span class='ocrx_word' id='word_1_399' title='bbox 931 3855 1048 3923; x_wconf 84' lang='lat' dir='ltr'><strong>ipso</strong></span> <span class='ocrx_word' id='word_1_400' title='bbox 1082 3855 1423 3910; x_wconf 86' lang='lat' dir='ltr'><strong>instrumenti</strong></span> <span class='ocrx_word' id='word_1_401' title='bbox 1450 3868 1729 3925; x_wconf 83' lang='lat' dir='ltr'><strong>apparatu,</strong></span> <span class='ocrx_word' id='word_1_402' title='bbox 1765 3873 1937 3927; x_wconf 91' lang='lat' dir='ltr'><strong>neque</strong></span> <span class='ocrx_word' id='word_1_403' title='bbox 1965 3858 2032 3913; x_wconf 91' lang='lat' dir='ltr'><strong>ad</strong></span> 
     </span>
    </p>
   </div>
   <div class='ocr_carea' id='block_1_52' title="bbox 463 3942 2032 4013">
    <p class='ocr_par' dir='ltr' id='par_1_52' title="bbox 463 3942 2032 4013">
     <span class='ocr_line' id='line_1_52' title="bbox 463 3942 2032 4013; baseline -0.001 -16"><span class='ocrx_word' id='word_1_404' title='bbox 463 3957 682 3997; x_wconf 85' lang='lat' dir='ltr'><strong>carmen</strong></span> <span class='ocrx_word' id='word_1_405' title='bbox 743 3943 1057 4006; x_wconf 86' lang='lat' dir='ltr'><strong>concinens,</strong></span> <span class='ocrx_word' id='word_1_406' title='bbox 1097 3956 1270 4011; x_wconf 89' lang='lat' dir='ltr'><strong>neque</strong></span> <span class='ocrx_word' id='word_1_407' title='bbox 1329 3942 1396 3996; x_wconf 90' lang='lat' dir='ltr'><strong>ad</strong></span> <span class='ocrx_word' id='word_1_408' title='bbox 1452 3958 1778 4005; x_wconf 86' lang='lat' dir='ltr'><strong>sermonem,</strong></span> <span class='ocrx_word' id='word_1_409' title='bbox 1834 3944 2032 4013; x_wconf 84' lang='lat' dir='ltr'><strong>agresti</strong></span> 
     </span>
    </p>
   </div>
   <div class='ocr_carea' id='block_1_53' title="bbox 463 4032 2033 4105">
    <p class='ocr_par' dir='ltr' id='par_1_53' title="bbox 463 4032 2033 4105">
     <span class='ocr_line' id='line_1_53' title="bbox 463 4032 2033 4105; baseline 0.001 -18"><span class='ocrx_word' id='word_1_410' title='bbox 463 4032 699 4105; x_wconf 84' lang='lat' dir='ltr'><strong>quodam</strong></span> <span class='ocrx_word' id='word_1_411' title='bbox 733 4033 856 4087; x_wconf 89' lang='lat' dir='ltr'><strong>lusu</strong></span> <span class='ocrx_word' id='word_1_412' title='bbox 888 4034 1181 4087; x_wconf 80' lang='lat' dir='ltr'><strong>delectatus</strong></span> <span class='ocrx_word' id='word_1_413' title='bbox 1229 4041 1332 4090; x_wconf 91' lang='lat' dir='ltr'><strong>est.</strong></span> <span class='ocrx_word' id='word_1_414' title='bbox 1364 4033 1455 4087; x_wconf 90' lang='lat' dir='ltr'><strong>llle</strong></span> <span class='ocrx_word' id='word_1_415' title='bbox 1493 4043 1695 4098; x_wconf 88' lang='lat' dir='ltr'><strong>autem,</strong></span> <span class='ocrx_word' id='word_1_416' title='bbox 1737 4044 1858 4102; x_wconf 90' lang='lat' dir='ltr'><strong>post</strong></span> <span class='ocrx_word' id='word_1_417' title='bbox 1887 4034 2033 4104; x_wconf 86' lang='lat' dir='ltr'><strong>ejus-</strong></span> 
     </span>
    </p>
   </div>
   <div class='ocr_carea' id='block_1_54' title="bbox 466 4123 2030 4194">
    <p class='ocr_par' dir='ltr' id='par_1_54' title="bbox 466 4123 2030 4194">
     <span class='ocr_line' id='line_1_54' title="bbox 466 4123 2030 4194; baseline -0.001 -15"><span class='ocrx_word' id='word_1_418' title='bbox 466 4125 634 4190; x_wconf 88' lang='lat' dir='ltr'><strong>modi,</strong></span> <span class='ocrx_word' id='word_1_419' title='bbox 670 4124 877 4194; x_wconf 76' lang='lat' dir='ltr'><strong>primus</strong></span> <span class='ocrx_word' id='word_1_420' title='bbox 906 4124 973 4177; x_wconf 88' lang='lat' dir='ltr'><strong>ad</strong></span> <span class='ocrx_word' id='word_1_421' title='bbox 1004 4139 1309 4187; x_wconf 89' lang='lat' dir='ltr'><strong>numerum,</strong></span> <span class='ocrx_word' id='word_1_422' title='bbox 1340 4132 1501 4192; x_wconf 86' lang='lat' dir='ltr'><strong>atque</strong></span> <span class='ocrx_word' id='word_1_423' title='bbox 1527 4123 1793 4185; x_wconf 88' lang='lat' dir='ltr'><strong>ordinem,</strong></span> <span class='ocrx_word' id='word_1_424' title='bbox 1828 4132 2030 4177; x_wconf 83' lang='lat' dir='ltr'><strong>artem-</strong></span> 
     </span>
    </p>
   </div>
   <div class='ocr_carea' id='block_1_55' title="bbox 463 4213 2028 4284">
    <p class='ocr_par' dir='ltr' id='par_1_55' title="bbox 463 4213 2028 4284">
     <span class='ocr_line' id='line_1_55' title="bbox 463 4213 2028 4284; baseline -0.001 -15"><span class='ocrx_word' id='word_1_425' title='bbox 463 4229 568 4284; x_wconf 88' lang='lat' dir='ltr'><strong>que</strong></span> <span class='ocrx_word' id='word_1_426' title='bbox 612 4229 748 4284; x_wconf 90' lang='lat' dir='ltr'><strong>opus</strong></span> <span class='ocrx_word' id='word_1_427' title='bbox 799 4214 1069 4267; x_wconf 77' lang='lat' dir='ltr'><strong>revocavit</strong></span> <span class='ocrx_word' id='word_1_428' title='bbox 1109 4231 1121 4267; x_wconf 90' lang='lat'><strong>:</strong></span> <span class='ocrx_word' id='word_1_429' title='bbox 1155 4220 1517 4281; x_wconf 83' lang='lat' dir='ltr'><strong>praetereaque</strong></span> <span class='ocrx_word' id='word_1_430' title='bbox 1544 4213 1774 4267; x_wconf 90' lang='lat' dir='ltr'><strong>carmini</strong></span> <span class='ocrx_word' id='word_1_431' title='bbox 1809 4222 2028 4269; x_wconf 84' lang='lat' dir='ltr'><strong>cantum</strong></span> 
     </span>
    </p>
   </div>
   <div class='ocr_carea' id='block_1_56' title="bbox 463 4304 2031 4375">
    <p class='ocr_par' dir='ltr' id='par_1_56' title="bbox 463 4304 2031 4375">
     <span class='ocr_line' id='line_1_56' title="bbox 463 4304 2031 4375; baseline 0.001 -14"><span class='ocrx_word' id='word_1_432' title='bbox 463 4306 779 4366; x_wconf 85' lang='lat' dir='ltr'><strong>immiscuit.</strong></span> <span class='ocrx_word' id='word_1_433' title='bbox 813 4306 1065 4374; x_wconf 88' lang='lat' dir='ltr'><strong>quodque</strong></span> <span class='ocrx_word' id='word_1_434' title='bbox 1105 4306 1366 4359; x_wconf 78' lang='lat' dir='ltr'><strong>eximium</strong></span> <span class='ocrx_word' id='word_1_435' title='bbox 1419 4312 1522 4370; x_wconf 89' lang='lat' dir='ltr'><strong>est,</strong></span> <span class='ocrx_word' id='word_1_436' title='bbox 1549 4320 1677 4375; x_wconf 80' lang='lat' dir='ltr'><strong>erga</strong></span> <span class='ocrx_word' id='word_1_437' title='bbox 1723 4304 1913 4372; x_wconf 91' lang='lat' dir='ltr'><strong>Deum,</strong></span> <span class='ocrx_word' id='word_1_438' title='bbox 1946 4310 2031 4362; x_wconf 87' lang='lat' dir='ltr'><strong>vel</strong></span> 
     </span>
    </p>
   </div>
   <div class='ocr_carea' id='block_1_57' title="bbox 2149 1786 3693 1864">
    <p class='ocr_par' dir='ltr' id='par_1_57' title="bbox 2149 1786 3693 1864">
     <span class='ocr_line' id='line_1_57' title="bbox 2149 1786 3693 1864; baseline 0.003 -24"><span class='ocrx_word' id='word_1_439' title='bbox 2149 1786 2419 1858; x_wconf 76' lang='grc' dir='ltr'>φιλολόγε,</span> <span class='ocrx_word' id='word_1_440' title='bbox 2444 1788 2525 1842; x_wconf 81' lang='grc' dir='ltr'>ὅτι</span> <span class='ocrx_word' id='word_1_441' title='bbox 2557 1789 2650 1843; x_wconf 75' lang='grc' dir='ltr'>καὶ</span> <span class='ocrx_word' id='word_1_442' title='bbox 2688 1790 2748 1843; x_wconf 87' lang='grc' dir='ltr'>τὸ</span> <span class='ocrx_word' id='word_1_443' title='bbox 2784 1789 3078 1864; x_wconf 72' lang='grc' dir='ltr'>ψαλτήριον</span> <span class='ocrx_word' id='word_1_444' title='bbox 3114 1795 3195 1855; x_wconf 86' lang='grc' dir='ltr'><strong>είς</strong></span> <span class='ocrx_word' id='word_1_445' title='bbox 3220 1793 3376 1847; x_wconf 82' lang='grc' dir='ltr'>πέντε</span> <span class='ocrx_word' id='word_1_446' title='bbox 3402 1792 3589 1846; x_wconf 85' lang='grc' dir='ltr'>διεῖλον</span> <span class='ocrx_word' id='word_1_447' title='bbox 3622 1794 3693 1864; x_wconf 84' lang='grc' dir='ltr'><strong>βι-</strong></span> 
     </span>
    </p>
   </div>
   <div class='ocr_carea' id='block_1_58' title="bbox 2150 1875 3694 1950">
    <p class='ocr_par' dir='ltr' id='par_1_58' title="bbox 2150 1875 3694 1950">
     <span class='ocr_line' id='line_1_58' title="bbox 2150 1875 3694 1950; baseline 0.006 -22"><span class='ocrx_word' id='word_1_448' title='bbox 2150 1875 2272 1929; x_wconf 87' lang='grc' dir='ltr'>ϐλία</span> <span class='ocrx_word' id='word_1_449' title='bbox 2313 1880 2362 1930; x_wconf 82' lang='grc' dir='ltr'>οἱ</span> <span class='ocrx_word' id='word_1_450' title='bbox 2404 1877 2662 1950; x_wconf 82' lang='grc' dir='ltr'>Ἑϐραῖοι,</span> <span class='ocrx_word' id='word_1_451' title='bbox 2689 1879 2831 1933; x_wconf 81' lang='grc' dir='ltr'>ὥστε</span> <span class='ocrx_word' id='word_1_452' title='bbox 2870 1876 3006 1934; x_wconf 74' lang='grc' dir='ltr'>εἶναι</span> <span class='ocrx_word' id='word_1_453' title='bbox 3035 1881 3133 1935; x_wconf 76' lang='grc' dir='ltr'>καὶ</span> <span class='ocrx_word' id='word_1_454' title='bbox 3159 1882 3289 1935; x_wconf 82' lang='grc' dir='ltr'>αὐτὸ</span> <span class='ocrx_word' id='word_1_455' title='bbox 3323 1882 3477 1938; x_wconf 77' lang='grc' dir='ltr'>ἄλλον</span> <span class='ocrx_word' id='word_1_456' title='bbox 3506 1885 3694 1938; x_wconf 81' lang='grc' dir='ltr'>Πεντά-</span> 
     </span>
    </p>
   </div>
   <div class='ocr_carea' id='block_1_59' title="bbox 2146 1969 3695 2046">
    <p class='ocr_par' dir='ltr' id='par_1_59' title="bbox 2146 1969 3695 2046">
     <span class='ocr_line' id='line_1_59' title="bbox 2146 1969 3695 2046; baseline 0.007 -28"><span class='ocrx_word' id='word_1_457' title='bbox 2146 1984 2351 2038; x_wconf 84' lang='grc' dir='ltr'>τευχον.</span> <span class='ocrx_word' id='word_1_458' title='bbox 2373 1969 2502 2021; x_wconf 84' lang='grc' dir='ltr'>Ἀπὸ</span> <span class='ocrx_word' id='word_1_459' title='bbox 2525 1969 2633 2042; x_wconf 83' lang='grc' dir='ltr'><strong>γὰρ</strong></span> <span class='ocrx_word' id='word_1_460' title='bbox 2656 1977 2704 2024; x_wconf 86' lang='grc' dir='ltr'>α’</span> <span class='ocrx_word' id='word_1_461' title='bbox 2728 1969 2943 2041; x_wconf 77' lang='grc' dir='ltr'>ψαλμοῦ</span> <span class='ocrx_word' id='word_1_462' title='bbox 2968 1972 3129 2045; x_wconf 85' lang='grc' dir='ltr'>μέχρι</span> <span class='ocrx_word' id='word_1_463' title='bbox 3150 1980 3223 2046; x_wconf 81' lang='grc' dir='ltr'>μ’,</span> <span class='ocrx_word' id='word_1_464' title='bbox 3248 1974 3375 2046; x_wconf 88' lang='grc' dir='ltr'>μίαν</span> <span class='ocrx_word' id='word_1_465' title='bbox 3402 1974 3695 2043; x_wconf 78' lang='grc' dir='ltr'>ἑλογίσαντο</span> 
     </span>
    </p>
   </div>
   <div class='ocr_carea' id='block_1_60' title="bbox 2148 2058 3775 2139">
    <p class='ocr_par' dir='ltr' id='par_1_60' title="bbox 2148 2058 3775 2139">
     <span class='ocr_line' id='line_1_60' title="bbox 2148 2058 3775 2139; baseline 0.007 -27"><span class='ocrx_word' id='word_1_466' title='bbox 2148 2058 2344 2129; x_wconf 80' lang='grc' dir='ltr'>βίϐλον·</span> <span class='ocrx_word' id='word_1_467' title='bbox 2365 2062 2542 2115; x_wconf 78' lang='grc' dir='ltr'>ἀπὸδὲ</span> <span class='ocrx_word' id='word_1_468' title='bbox 2570 2070 2657 2133; x_wconf 88' lang='grc' dir='ltr'>μα’</span> <span class='ocrx_word' id='word_1_469' title='bbox 2682 2063 2786 2129; x_wconf 74' lang='grc' dir='ltr'>ἕως</span> <span class='ocrx_word' id='word_1_470' title='bbox 2813 2066 2891 2117; x_wconf 80' lang='grc' dir='ltr'>οα⁷</span> <span class='ocrx_word' id='word_1_471' title='bbox 2915 2065 3176 2138; x_wconf 74' lang='grc' dir='ltr'>δευτέραν</span> <span class='ocrx_word' id='word_1_472' title='bbox 3198 2069 3497 2139; x_wconf 80' lang='grc' dir='ltr'>ἡγήσαντο’</span> <span class='ocrx_word' id='word_1_473' title='bbox 3525 2069 3630 2122; x_wconf 76' lang='grc' dir='ltr'><strong>ἀπὸ</strong></span> <span class='ocrx_word' id='word_1_474' title='bbox 3647 2070 3694 2123; x_wconf 83' lang='grc' dir='ltr'>δὲ</span> <span class='ocrx_word' id='word_1_475' title='bbox 3772 2090 3775 2097; x_wconf 56' lang='grc' dir='ltr'><em>ν</em></span> 
     </span>
    </p>
   </div>
   <div class='ocr_carea' id='block_1_61' title="bbox 2143 2156 3687 2234">
    <p class='ocr_par' dir='ltr' id='par_1_61' title="bbox 2143 2156 3687 2234">
     <span class='ocr_line' id='line_1_61' title="bbox 2143 2156 3687 2234; baseline 0.006 -28"><span class='ocrx_word' id='word_1_476' title='bbox 2143 2156 2219 2229; x_wconf 77' lang='grc' dir='ltr'><strong>οβ’</strong></span> <span class='ocrx_word' id='word_1_477' title='bbox 2241 2156 2343 2219; x_wconf 74' lang='grc' dir='ltr'><strong>ἕως</strong></span> <span class='ocrx_word' id='word_1_478' title='bbox 2359 2157 2657 2228; x_wconf 79' lang='grc' dir='ltr'>πη¹τρίτην</span> <span class='ocrx_word' id='word_1_479' title='bbox 2684 2158 2862 2228; x_wconf 80' lang='grc' dir='ltr'>βίϐλον</span> <span class='ocrx_word' id='word_1_480' title='bbox 2878 2160 3159 2232; x_wconf 64' lang='grc' dir='ltr'>ἐποίησαν</span> <span class='ocrx_word' id='word_1_481' title='bbox 3186 2162 3292 2214; x_wconf 74' lang='grc' dir='ltr'><strong>ἀπὸ</strong></span> <span class='ocrx_word' id='word_1_482' title='bbox 3313 2162 3368 2214; x_wconf 77' lang='grc' dir='ltr'>δὲ</span> <span class='ocrx_word' id='word_1_483' title='bbox 3390 2162 3475 2214; x_wconf 78' lang='grc' dir='ltr'>πθ¹</span> <span class='ocrx_word' id='word_1_484' title='bbox 3496 2162 3598 2224; x_wconf 78' lang='grc' dir='ltr'>ἓως</span> <span class='ocrx_word' id='word_1_485' title='bbox 3621 2168 3687 2234; x_wconf 87' lang='grc' dir='ltr'>ρε¹</span> 
     </span>
    </p>
   </div>
   <div class='ocr_carea' id='block_1_62' title="bbox 2142 2248 3691 2325">
    <p class='ocr_par' dir='ltr' id='par_1_62' title="bbox 2142 2248 3691 2325">
     <span class='ocr_line' id='line_1_62' title="bbox 2142 2248 3691 2325; baseline 0.005 -28"><span class='ocrx_word' id='word_1_486' title='bbox 2142 2248 2409 2317; x_wconf 80' lang='grc' dir='ltr'>τετάρτην</span> <span class='ocrx_word' id='word_1_487' title='bbox 2428 2266 2440 2278; x_wconf 91' lang='grc'><strong>·</strong></span> <span class='ocrx_word' id='word_1_488' title='bbox 2471 2249 2579 2301; x_wconf 64' lang='grc' dir='ltr'><strong>ἀπδ</strong></span> <span class='ocrx_word' id='word_1_489' title='bbox 2606 2249 2662 2302; x_wconf 79' lang='grc' dir='ltr'>δὲ</span> <span class='ocrx_word' id='word_1_490' title='bbox 2695 2257 2781 2320; x_wconf 70' lang='lat' dir='ltr'><strong>pg’</strong></span> <span class='ocrx_word' id='word_1_491' title='bbox 2810 2251 2912 2315; x_wconf 71' lang='grc' dir='ltr'><strong>ἕως</strong></span> <span class='ocrx_word' id='word_1_492' title='bbox 2943 2252 3038 2305; x_wconf 87' lang='grc' dir='ltr'><strong>τοῦ</strong></span> <span class='ocrx_word' id='word_1_493' title='bbox 3076 2260 3148 2322; x_wconf 81' lang='grc' dir='ltr'>ρν¹</span> <span class='ocrx_word' id='word_1_494' title='bbox 3184 2255 3282 2323; x_wconf 84' lang='grc' dir='ltr'><strong>τὴν</strong></span> <span class='ocrx_word' id='word_1_495' title='bbox 3301 2253 3552 2325; x_wconf 78' lang='grc' dir='ltr'>πέμπτην</span> <span class='ocrx_word' id='word_1_496' title='bbox 3582 2270 3691 2305; x_wconf 85' lang='grc' dir='ltr'>συν-</span> 
     </span>
    </p>
   </div>
   <div class='ocr_carea' id='block_1_63' title="bbox 2142 2336 3690 2416">
    <p class='ocr_par' dir='ltr' id='par_1_63' title="bbox 2142 2336 3690 2416">
     <span class='ocr_line' id='line_1_63' title="bbox 2142 2336 3690 2416; baseline 0.006 -27"><span class='ocrx_word' id='word_1_497' title='bbox 2142 2336 2373 2409; x_wconf 86' lang='grc' dir='ltr'>έθηκαν·</span> <span class='ocrx_word' id='word_1_498' title='bbox 2423 2341 2649 2393; x_wconf 73' lang='grc' dir='ltr'>ἕκαστον</span> <span class='ocrx_word' id='word_1_499' title='bbox 2699 2342 2806 2414; x_wconf 80' lang='grc' dir='ltr'><strong>γὰρ</strong></span> <span class='ocrx_word' id='word_1_500' title='bbox 2842 2343 3050 2415; x_wconf 72' lang='grc' dir='ltr'>ψαλμὸν</span> <span class='ocrx_word' id='word_1_501' title='bbox 3098 2347 3155 2398; x_wconf 82' lang='grc' dir='ltr'><strong>ἐν</strong></span> <span class='ocrx_word' id='word_1_502' title='bbox 3203 2344 3279 2416; x_wconf 77' lang='grc' dir='ltr'><strong>τῷ</strong></span> <span class='ocrx_word' id='word_1_503' title='bbox 3322 2345 3461 2398; x_wconf 84' lang='grc' dir='ltr'>τέλει</span> <span class='ocrx_word' id='word_1_504' title='bbox 3500 2345 3690 2415; x_wconf 81' lang='grc' dir='ltr'>ἔχοντα,</span> 
     </span>
    </p>
   </div>
   <div class='ocr_carea' id='block_1_64' title="bbox 2140 2431 3691 2508">
    <p class='ocr_par' dir='ltr' id='par_1_64' title="bbox 2140 2431 3691 2508">
     <span class='ocr_line' id='line_1_64' title="bbox 2140 2431 3691 2508; baseline 0.006 -26"><span class='ocrx_word' id='word_1_505' title='bbox 2140 2431 2482 2500; x_wconf 72' lang='grc' dir='ltr'><strong>Εὐλογητὸς</strong></span> <span class='ocrx_word' id='word_1_506' title='bbox 2513 2434 2748 2503; x_wconf 81' lang='grc' dir='ltr'>Κύριος,</span> <span class='ocrx_word' id='word_1_507' title='bbox 2793 2438 3042 2505; x_wconf 78' lang='grc' dir='ltr'>γένοιτο,</span> <span class='ocrx_word' id='word_1_508' title='bbox 3088 2437 3332 2508; x_wconf 80' lang='grc' dir='ltr'>γένοιτο,</span> <span class='ocrx_word' id='word_1_509' title='bbox 3361 2438 3518 2491; x_wconf 88' lang='grc' dir='ltr'>τοῦτο</span> <span class='ocrx_word' id='word_1_510' title='bbox 3558 2438 3691 2501; x_wconf 87' lang='grc' dir='ltr'>τέλος</span> 
     </span>
    </p>
   </div>
   <div class='ocr_carea' id='block_1_65' title="bbox 2141 2520 3691 2601">
    <p class='ocr_par' dir='ltr' id='par_1_65' title="bbox 2141 2520 3691 2601">
     <span class='ocr_line' id='line_1_65' title="bbox 2141 2520 3691 2601; baseline 0.007 -29"><span class='ocrx_word' id='word_1_511' title='bbox 2141 2520 2342 2589; x_wconf 82' lang='grc' dir='ltr'>βιϐλίου</span> <span class='ocrx_word' id='word_1_512' title='bbox 2397 2523 2734 2580; x_wconf 84' lang='grc' dir='ltr'>ἐδικαίωσαν.</span> <span class='ocrx_word' id='word_1_513' title='bbox 2766 2528 2919 2581; x_wconf 83' lang='grc' dir='ltr'>Ἐστι</span> <span class='ocrx_word' id='word_1_514' title='bbox 2969 2528 3026 2581; x_wconf 81' lang='grc' dir='ltr'>δὲ</span> <span class='ocrx_word' id='word_1_515' title='bbox 3076 2528 3404 2599; x_wconf 70' lang='grc' dir='ltr'>προσευχὴ,</span> <span class='ocrx_word' id='word_1_516' title='bbox 3462 2531 3691 2601; x_wconf 72' lang='grc' dir='ltr'>ἱκετηρία</span> 
     </span>
    </p>
   </div>
   <div class='ocr_carea' id='block_1_66' title="bbox 2139 2612 3688 2692">
    <p class='ocr_par' dir='ltr' id='par_1_66' title="bbox 2139 2612 3688 2692">
     <span class='ocr_line' id='line_1_66' title="bbox 2139 2612 3688 2692; baseline 0.005 -29"><span class='ocrx_word' id='word_1_517' title='bbox 2139 2612 2265 2683; x_wconf 85' lang='grc' dir='ltr'>περί</span> <span class='ocrx_word' id='word_1_518' title='bbox 2311 2630 2454 2677; x_wconf 84' lang='grc' dir='ltr'>τινος</span> <span class='ocrx_word' id='word_1_519' title='bbox 2497 2614 2602 2668; x_wconf 81' lang='grc' dir='ltr'><strong>τῶν</strong></span> <span class='ocrx_word' id='word_1_520' title='bbox 2636 2619 3019 2689; x_wconf 64' lang='grc' dir='ltr'>συμφερόντων</span> <span class='ocrx_word' id='word_1_521' title='bbox 3049 2618 3425 2692; x_wconf 71' lang='grc' dir='ltr'>προσαγομένη</span> <span class='ocrx_word' id='word_1_522' title='bbox 3459 2620 3535 2690; x_wconf 77' lang='grc' dir='ltr'><strong>τῷ</strong></span> <span class='ocrx_word' id='word_1_523' title='bbox 3564 2620 3688 2689; x_wconf 82' lang='grc' dir='ltr'>Θεῷ,</span> 
     </span>
    </p>
   </div>
   <div class='ocr_carea' id='block_1_67' title="bbox 2073 2692 3689 2782">
    <p class='ocr_par' dir='ltr' id='par_1_67' title="bbox 2073 2692 3689 2782">
     <span class='ocr_line' id='line_1_67' title="bbox 2073 2692 3689 2782; baseline 0.005 -27"><span class='ocrx_word' id='word_1_524' title='bbox 2073 2692 2081 2703; x_wconf 84' lang='grc'><em>’</em></span> <span class='ocrx_word' id='word_1_525' title='bbox 2134 2703 2285 2772; x_wconf 80' lang='grc' dir='ltr'><strong>εὐχὴ</strong></span> <span class='ocrx_word' id='word_1_526' title='bbox 2327 2704 2383 2757; x_wconf 83' lang='grc' dir='ltr'>δὲ</span> <span class='ocrx_word' id='word_1_527' title='bbox 2414 2706 2736 2777; x_wconf 71' lang='grc' dir='ltr'><strong>ὑπόσχεσις·</strong></span> <span class='ocrx_word' id='word_1_528' title='bbox 2772 2709 2978 2777; x_wconf 78' lang='grc' dir='ltr'>ὕμνος,</span> <span class='ocrx_word' id='word_1_529' title='bbox 3008 2713 3041 2781; x_wconf 77' lang='grc' dir='ltr'><strong>ἡ</strong></span> <span class='ocrx_word' id='word_1_530' title='bbox 3090 2712 3183 2764; x_wconf 74' lang='grc' dir='ltr'>ἐπὶ</span> <span class='ocrx_word' id='word_1_531' title='bbox 3224 2715 3335 2775; x_wconf 87' lang='grc' dir='ltr'>τοῖς</span> <span class='ocrx_word' id='word_1_532' title='bbox 3374 2712 3689 2782; x_wconf 73' lang='grc' dir='ltr'>ὑπάρχουσιν</span> 
     </span>
    </p>
   </div>
   <div class='ocr_carea' id='block_1_68' title="bbox 2135 2796 3688 2875">
    <p class='ocr_par' dir='ltr' id='par_1_68' title="bbox 2135 2796 3688 2875">
     <span class='ocr_line' id='line_1_68' title="bbox 2135 2796 3688 2875; baseline 0.006 -28"><span class='ocrx_word' id='word_1_533' title='bbox 2135 2796 2265 2865; x_wconf 77' lang='grc' dir='ltr'>ἡμῖν</span> <span class='ocrx_word' id='word_1_534' title='bbox 2293 2796 2517 2865; x_wconf 83' lang='grc' dir='ltr'>ἀγαθοῖς</span> <span class='ocrx_word' id='word_1_535' title='bbox 2548 2800 2903 2871; x_wconf 81' lang='grc' dir='ltr'>ἀνατιθεμένη</span> <span class='ocrx_word' id='word_1_536' title='bbox 2945 2801 3022 2872; x_wconf 82' lang='grc' dir='ltr'>τῷ</span> <span class='ocrx_word' id='word_1_537' title='bbox 3063 2802 3179 2873; x_wconf 83' lang='grc' dir='ltr'>Θεῷ</span> <span class='ocrx_word' id='word_1_538' title='bbox 3209 2803 3450 2875; x_wconf 81' lang='grc' dir='ltr'>εὐφημία</span> <span class='ocrx_word' id='word_1_539' title='bbox 3472 2820 3486 2832; x_wconf 90' lang='grc'><strong>·</strong></span> <span class='ocrx_word' id='word_1_540' title='bbox 3536 2798 3688 2868; x_wconf 73' lang='grc' dir='ltr'>αἶνος</span> 
     </span>
    </p>
   </div>
   <div class='ocr_carea' id='block_1_69' title="bbox 2132 2886 3687 2967">
    <p class='ocr_par' dir='ltr' id='par_1_69' title="bbox 2132 2886 3687 2967">
     <span class='ocr_line' id='line_1_69' title="bbox 2132 2886 3687 2967; baseline 0.006 -28"><span class='ocrx_word' id='word_1_541' title='bbox 2132 2886 2249 2957; x_wconf 77' lang='grc' dir='ltr'>ἦτοι</span> <span class='ocrx_word' id='word_1_542' title='bbox 2276 2888 2499 2954; x_wconf 80' lang='grc' dir='ltr'>αἵνεσις,</span> <span class='ocrx_word' id='word_1_543' title='bbox 2525 2892 2632 2945; x_wconf 84' lang='grc' dir='ltr'><strong>τῶν</strong></span> <span class='ocrx_word' id='word_1_544' title='bbox 2649 2892 2804 2946; x_wconf 86' lang='grc' dir='ltr'>θειῶν</span> <span class='ocrx_word' id='word_1_545' title='bbox 2827 2893 3117 2964; x_wconf 76' lang='grc' dir='ltr'>θαυμάτων</span> <span class='ocrx_word' id='word_1_546' title='bbox 3154 2895 3395 2959; x_wconf 77' lang='grc' dir='ltr'>ἔπαινος.</span> <span class='ocrx_word' id='word_1_547' title='bbox 3431 2895 3567 2950; x_wconf 78' lang='grc' dir='ltr'>οὐδὲ</span> <span class='ocrx_word' id='word_1_548' title='bbox 3590 2894 3687 2967; x_wconf 75' lang='grc' dir='ltr'>γὰρ</span> 
     </span>
    </p>
   </div>
   <div class='ocr_carea' id='block_1_70' title="bbox 2120 2977 3213 3055">
    <p class='ocr_par' dir='ltr' id='par_1_70' title="bbox 2120 2977 3213 3055">
     <span class='ocr_line' id='line_1_70' title="bbox 2120 2977 3213 3055; baseline 0.009 -23"><span class='ocrx_word' id='word_1_549' title='bbox 2120 2977 2265 3032; x_wconf 67' lang='grc' dir='ltr'>’ἄλλο</span> <span class='ocrx_word' id='word_1_550' title='bbox 2294 2981 2532 3050; x_wconf 74' lang='grc' dir='ltr'>ἔπαινος,</span> <span class='ocrx_word' id='word_1_551' title='bbox 2569 2985 2602 3055; x_wconf 84' lang='grc' dir='ltr'><strong>ἢ</strong></span> <span class='ocrx_word' id='word_1_552' title='bbox 2642 2984 2734 3038; x_wconf 89' lang='grc' dir='ltr'><strong>τοῦ</strong></span> <span class='ocrx_word' id='word_1_553' title='bbox 2762 2986 2910 3038; x_wconf 76' lang='grc' dir='ltr'>αἴνου</span> <span class='ocrx_word' id='word_1_554' title='bbox 2945 2988 3213 3051; x_wconf 80' lang='grc' dir='ltr'>ἐπίτασις.</span> 
     </span>
    </p>
   </div>
   <div class='ocr_carea' id='block_1_71' title="bbox 2209 3285 3683 3364">
    <p class='ocr_par' dir='ltr' id='par_1_71' title="bbox 2209 3285 3683 3364">
     <span class='ocr_line' id='line_1_71' title="bbox 2209 3285 3683 3364; baseline 0.003 -22"><span class='ocrx_word' id='word_1_555' title='bbox 2209 3289 2285 3342; x_wconf 82' lang='grc' dir='ltr'>Θ¹.</span> <span class='ocrx_word' id='word_1_556' title='bbox 2328 3289 2464 3342; x_wconf 89' lang='grc' dir='ltr'>Πότε</span> <span class='ocrx_word' id='word_1_557' title='bbox 2498 3288 2592 3343; x_wconf 75' lang='grc' dir='ltr'>καὶ</span> <span class='ocrx_word' id='word_1_558' title='bbox 2619 3289 2766 3355; x_wconf 83' lang='grc' dir='ltr'>ὅπως</span> <span class='ocrx_word' id='word_1_559' title='bbox 2809 3292 2887 3355; x_wconf 84' lang='grc' dir='ltr'><strong>είς</strong></span> <span class='ocrx_word' id='word_1_560' title='bbox 2918 3289 3119 3360; x_wconf 84' lang='grc' dir='ltr'>ταύτην</span> <span class='ocrx_word' id='word_1_561' title='bbox 3162 3285 3292 3361; x_wconf 78' lang='grc' dir='ltr'>ἦλθε</span> <span class='ocrx_word' id='word_1_562' title='bbox 3323 3291 3432 3344; x_wconf 85' lang='grc' dir='ltr'><strong>τῶν</strong></span> <span class='ocrx_word' id='word_1_563' title='bbox 3463 3291 3683 3364; x_wconf 73' lang='grc' dir='ltr'>Ψαλμῶν</span> 
     </span>
    </p>
   </div>
   <div class='ocr_carea' id='block_1_72' title="bbox 2135 3380 3683 3456">
    <p class='ocr_par' dir='ltr' id='par_1_72' title="bbox 2135 3380 3683 3456">
     <span class='ocr_line' id='line_1_72' title="bbox 2135 3380 3683 3456; baseline 0.005 -24"><span class='ocrx_word' id='word_1_564' title='bbox 2135 3380 2230 3451; x_wconf 80' lang='grc' dir='ltr'><strong>τὴν</strong></span> <span class='ocrx_word' id='word_1_565' title='bbox 2257 3381 2492 3434; x_wconf 79' lang='grc' dir='ltr'>ἐπίνοιαν</span> <span class='ocrx_word' id='word_1_566' title='bbox 2518 3383 2546 3435; x_wconf 87' lang='grc' dir='ltr'><strong>ό</strong></span> <span class='ocrx_word' id='word_1_567' title='bbox 2573 3381 2713 3444; x_wconf 82' lang='grc' dir='ltr'>θεῖος</span> <span class='ocrx_word' id='word_1_568' title='bbox 2737 3383 2917 3448; x_wconf 74' lang='grc' dir='ltr'>Δαυὶδ,</span> <span class='ocrx_word' id='word_1_569' title='bbox 2950 3381 3099 3436; x_wconf 83' lang='grc' dir='ltr'>δοκεῖ</span> <span class='ocrx_word' id='word_1_570' title='bbox 3122 3383 3218 3454; x_wconf 87' lang='grc' dir='ltr'><strong>μὲν</strong></span> <span class='ocrx_word' id='word_1_571' title='bbox 3242 3384 3333 3437; x_wconf 78' lang='grc' dir='ltr'><strong>καὶ</strong></span> <span class='ocrx_word' id='word_1_572' title='bbox 3355 3384 3577 3456; x_wconf 80' lang='grc' dir='ltr'>πρῶτος.</span> <span class='ocrx_word' id='word_1_573' title='bbox 3597 3386 3683 3440; x_wconf 77' lang='grc' dir='ltr'>καὶ</span> 
     </span>
    </p>
   </div>
   <div class='ocr_carea' id='block_1_73' title="bbox 2138 3469 3680 3543">
    <p class='ocr_par' dir='ltr' id='par_1_73' title="bbox 2138 3469 3680 3543">
     <span class='ocr_line' id='line_1_73' title="bbox 2138 3469 3680 3543; baseline 0.001 -19"><span class='ocrx_word' id='word_1_574' title='bbox 2138 3471 2316 3542; x_wconf 84' lang='grc' dir='ltr'>μόνος,</span> <span class='ocrx_word' id='word_1_575' title='bbox 2348 3472 2442 3525; x_wconf 77' lang='grc' dir='ltr'><strong>καὶ</strong></span> <span class='ocrx_word' id='word_1_576' title='bbox 2483 3469 2541 3536; x_wconf 76' lang='grc' dir='ltr'><strong>ἐξ</strong></span> <span class='ocrx_word' id='word_1_577' title='bbox 2570 3471 2764 3543; x_wconf 66' lang='grc' dir='ltr'><strong>ἀρχῆς,</strong></span> <span class='ocrx_word' id='word_1_578' title='bbox 2799 3472 2886 3524; x_wconf 84' lang='grc' dir='ltr'>ὅτε</span> <span class='ocrx_word' id='word_1_579' title='bbox 2932 3473 3025 3525; x_wconf 70' lang='grc' dir='ltr'><strong>καί</strong></span> <span class='ocrx_word' id='word_1_580' title='bbox 3059 3475 3172 3537; x_wconf 85' lang='grc' dir='ltr'>τοῖς</span> <span class='ocrx_word' id='word_1_581' title='bbox 3212 3473 3489 3536; x_wconf 77' lang='grc' dir='ltr'>δακτύλοις</span> <span class='ocrx_word' id='word_1_582' title='bbox 3518 3473 3680 3542; x_wconf 73' lang='grc' dir='ltr'>ἔλεγεν</span> 
     </span>
    </p>
   </div>
   <div class='ocr_carea' id='block_1_74' title="bbox 2134 3557 3681 3647">
    <p class='ocr_par' dir='ltr' id='par_1_74' title="bbox 2134 3557 3681 3647">
     <span class='ocr_line' id='line_1_74' title="bbox 2134 3557 3681 3647; baseline -0.001 -31"><span class='ocrx_word' id='word_1_583' title='bbox 2134 3564 2463 3636; x_wconf 75' lang='grc' dir='ltr'>ἁρμόζεσθαι</span> <span class='ocrx_word' id='word_1_584' title='bbox 2514 3563 2576 3617; x_wconf 84' lang='grc' dir='ltr'><strong>τὸ</strong></span> <span class='ocrx_word' id='word_1_585' title='bbox 2619 3562 2931 3634; x_wconf 74' lang='grc' dir='ltr'>ψαλτήριον.</span> <span class='ocrx_word' id='word_1_586' title='bbox 2961 3564 3024 3647; x_wconf 54' lang='lat' dir='ltr'><strong>El</strong></span> <span class='ocrx_word' id='word_1_587' title='bbox 3072 3562 3180 3634; x_wconf 85' lang='grc' dir='ltr'><strong>γὰρ</strong></span> <span class='ocrx_word' id='word_1_588' title='bbox 3228 3564 3320 3616; x_wconf 72' lang='grc' dir='ltr'><strong>καὶ</strong></span> <span class='ocrx_word' id='word_1_589' title='bbox 3369 3564 3548 3635; x_wconf 75' lang='grc' dir='ltr'>ἕτερος</span> <span class='ocrx_word' id='word_1_590' title='bbox 3570 3557 3681 3633; x_wconf 78' lang='grc' dir='ltr'>ἧνὸ</span> 
     </span>
    </p>
   </div>
   <div class='ocr_carea' id='block_1_75' title="bbox 2137 3651 3681 3725">
    <p class='ocr_par' dir='ltr' id='par_1_75' title="bbox 2137 3651 3681 3725">
     <span class='ocr_line' id='line_1_75' title="bbox 2137 3651 3681 3725; baseline -0.004 -16"><span class='ocrx_word' id='word_1_591' title='bbox 2137 3652 2454 3718; x_wconf 77' lang='grc' dir='ltr'>καταδείξας</span> <span class='ocrx_word' id='word_1_592' title='bbox 2474 3651 2790 3724; x_wconf 70' lang='grc' dir='ltr'>ψαλτήριον,</span> <span class='ocrx_word' id='word_1_593' title='bbox 2820 3651 2915 3705; x_wconf 78' lang='grc' dir='ltr'><strong>καὶ</strong></span> <span class='ocrx_word' id='word_1_594' title='bbox 2946 3651 3193 3725; x_wconf 81' lang='grc' dir='ltr'>κιθάραν,</span> <span class='ocrx_word' id='word_1_595' title='bbox 3222 3653 3336 3706; x_wconf 86' lang='grc' dir='ltr'>ἀλλ’</span> <span class='ocrx_word' id='word_1_596' title='bbox 3368 3652 3535 3715; x_wconf 80' lang='grc' dir='ltr'>ἄλλως</span> <span class='ocrx_word' id='word_1_597' title='bbox 3556 3652 3681 3704; x_wconf 80' lang='grc' dir='ltr'><strong>ἐκεί-</strong></span> 
     </span>
    </p>
   </div>
   <div class='ocr_carea' id='block_1_76' title="bbox 2133 3742 3677 3815">
    <p class='ocr_par' dir='ltr' id='par_1_76' title="bbox 2133 3742 3677 3815">
     <span class='ocr_line' id='line_1_76' title="bbox 2133 3742 3677 3815; baseline -0.004 -16"><span class='ocrx_word' id='word_1_598' title='bbox 2133 3764 2222 3810; x_wconf 91' lang='grc' dir='ltr'><strong>νος</strong></span> <span class='ocrx_word' id='word_1_599' title='bbox 2254 3744 2475 3814; x_wconf 77' lang='grc' dir='ltr'>ἄτεχνόν</span> <span class='ocrx_word' id='word_1_600' title='bbox 2503 3761 2575 3807; x_wconf 89' lang='grc' dir='ltr'><strong>τι,</strong></span> <span class='ocrx_word' id='word_1_601' title='bbox 2604 3743 2698 3797; x_wconf 76' lang='grc' dir='ltr'><strong>καὶ</strong></span> <span class='ocrx_word' id='word_1_602' title='bbox 2738 3742 3001 3796; x_wconf 75' lang='grc' dir='ltr'>ἰδιωτικὸν</span> <span class='ocrx_word' id='word_1_603' title='bbox 3026 3743 3334 3815; x_wconf 76' lang='grc' dir='ltr'>συμπήξας,</span> <span class='ocrx_word' id='word_1_604' title='bbox 3366 3744 3398 3815; x_wconf 84' lang='grc' dir='ltr'>ἦ</span> <span class='ocrx_word' id='word_1_605' title='bbox 3433 3743 3677 3804; x_wconf 84' lang='grc' dir='ltr'>διατείνας</span> 
     </span>
    </p>
   </div>
   <div class='ocr_carea' id='block_1_77' title="bbox 2133 3832 3674 3909">
    <p class='ocr_par' dir='ltr' id='par_1_77' title="bbox 2133 3832 3674 3909">
     <span class='ocr_line' id='line_1_77' title="bbox 2133 3832 3674 3909; baseline -0.003 -20"><span class='ocrx_word' id='word_1_606' title='bbox 2133 3837 2385 3909; x_wconf 75' lang='grc' dir='ltr'>ὄργανον·</span> <span class='ocrx_word' id='word_1_607' title='bbox 2412 3836 2504 3890; x_wconf 74' lang='grc' dir='ltr'><strong>καὶ</strong></span> <span class='ocrx_word' id='word_1_608' title='bbox 2524 3834 2647 3888; x_wconf 77' lang='grc' dir='ltr'>οὔτε</span> <span class='ocrx_word' id='word_1_609' title='bbox 2674 3834 2809 3905; x_wconf 86' lang='grc' dir='ltr'>πρὸς</span> <span class='ocrx_word' id='word_1_610' title='bbox 2836 3832 3013 3903; x_wconf 85' lang='grc' dir='ltr'>μέλος,</span> <span class='ocrx_word' id='word_1_611' title='bbox 3041 3834 3163 3889; x_wconf 75' lang='grc' dir='ltr'>οὔτε</span> <span class='ocrx_word' id='word_1_612' title='bbox 3192 3836 3324 3907; x_wconf 80' lang='grc' dir='ltr'>πρὸς</span> <span class='ocrx_word' id='word_1_613' title='bbox 3356 3835 3508 3904; x_wconf 76' lang='grc' dir='ltr'>λόγον</span> <span class='ocrx_word' id='word_1_614' title='bbox 3533 3834 3674 3905; x_wconf 74' lang='grc' dir='ltr'>ᾅδων,</span> 
     </span>
    </p>
   </div>
   <div class='ocr_carea' id='block_1_78' title="bbox 2133 3925 3675 4001">
    <p class='ocr_par' dir='ltr' id='par_1_78' title="bbox 2133 3925 3675 4001">
     <span class='ocr_line' id='line_1_78' title="bbox 2133 3925 3675 4001; baseline -0.005 -18"><span class='ocrx_word' id='word_1_615' title='bbox 2133 3929 2245 4001; x_wconf 77' lang='grc' dir='ltr'>ἀλλ’</span> <span class='ocrx_word' id='word_1_616' title='bbox 2279 3928 2543 4001; x_wconf 81' lang='grc' dir='ltr'>ἀγροίκην</span> <span class='ocrx_word' id='word_1_617' title='bbox 2580 3946 2697 3982; x_wconf 86' lang='grc' dir='ltr'>τινα</span> <span class='ocrx_word' id='word_1_618' title='bbox 2719 3928 2927 3992; x_wconf 77' lang='grc' dir='ltr'>παίζων</span> <span class='ocrx_word' id='word_1_619' title='bbox 2951 3928 3157 4001; x_wconf 81' lang='grc' dir='ltr'>τέρψιν.</span> <span class='ocrx_word' id='word_1_620' title='bbox 3175 3928 3232 3982; x_wconf 85' lang='grc'>’0</span> <span class='ocrx_word' id='word_1_621' title='bbox 3253 3928 3308 3980; x_wconf 82' lang='grc' dir='ltr'>δὲ</span> <span class='ocrx_word' id='word_1_622' title='bbox 3343 3927 3550 3998; x_wconf 81' lang='grc' dir='ltr'>πρῶτος</span> <span class='ocrx_word' id='word_1_623' title='bbox 3575 3925 3675 3996; x_wconf 81' lang='grc' dir='ltr'>μετ’</span> 
     </span>
    </p>
   </div>
   <div class='ocr_carea' id='block_1_79' title="bbox 2134 4015 3675 4092">
    <p class='ocr_par' dir='ltr' id='par_1_79' title="bbox 2134 4015 3675 4092">
     <span class='ocr_line' id='line_1_79' title="bbox 2134 4015 3675 4092; baseline -0.005 -18"><span class='ocrx_word' id='word_1_624' title='bbox 2134 4023 2337 4076; x_wconf 73' lang='grc' dir='ltr'>ἐκεῖνον</span> <span class='ocrx_word' id='word_1_625' title='bbox 2362 4023 2440 4084; x_wconf 82' lang='grc' dir='ltr'><strong>είς</strong></span> <span class='ocrx_word' id='word_1_626' title='bbox 2458 4020 2661 4092; x_wconf 73' lang='grc' dir='ltr'>ῥυθμὸν</span> <span class='ocrx_word' id='word_1_627' title='bbox 2679 4019 2897 4089; x_wconf 76' lang='grc' dir='ltr'>ἀγαγὼν</span> <span class='ocrx_word' id='word_1_628' title='bbox 2928 4020 2987 4073; x_wconf 85' lang='grc' dir='ltr'><strong>τὸ</strong></span> <span class='ocrx_word' id='word_1_629' title='bbox 3021 4021 3266 4091; x_wconf 79' lang='grc' dir='ltr'>πρᾶγμα,</span> <span class='ocrx_word' id='word_1_630' title='bbox 3297 4021 3391 4072; x_wconf 76' lang='grc' dir='ltr'><strong>καὶ</strong></span> <span class='ocrx_word' id='word_1_631' title='bbox 3416 4018 3579 4086; x_wconf 77' lang='grc' dir='ltr'>τάξιν,</span> <span class='ocrx_word' id='word_1_632' title='bbox 3596 4015 3675 4069; x_wconf 76' lang='grc' dir='ltr'>καὶ</span> 
     </span>
    </p>
   </div>
   <div class='ocr_carea' id='block_1_80' title="bbox 2135 4107 3672 4184">
    <p class='ocr_par' dir='ltr' id='par_1_80' title="bbox 2135 4107 3672 4184">
     <span class='ocr_line' id='line_1_80' title="bbox 2135 4107 3672 4184; baseline -0.001 -19"><span class='ocrx_word' id='word_1_633' title='bbox 2135 4112 2347 4184; x_wconf 83' lang='grc' dir='ltr'>τέχνην,</span> <span class='ocrx_word' id='word_1_634' title='bbox 2391 4111 2524 4165; x_wconf 80' lang='grc' dir='ltr'>ἀλλὰ</span> <span class='ocrx_word' id='word_1_635' title='bbox 2555 4113 2646 4165; x_wconf 76' lang='grc' dir='ltr'><strong>καὶ</strong></span> <span class='ocrx_word' id='word_1_636' title='bbox 2675 4111 2753 4182; x_wconf 77' lang='grc' dir='ltr'>τῷ</span> <span class='ocrx_word' id='word_1_637' title='bbox 2782 4111 2929 4182; x_wconf 85' lang='grc' dir='ltr'>μέλει</span> <span class='ocrx_word' id='word_1_638' title='bbox 2965 4110 3370 4183; x_wconf 78' lang='grc' dir='ltr'>συγκαταμίξας</span> <span class='ocrx_word' id='word_1_639' title='bbox 3418 4112 3477 4164; x_wconf 77' lang='grc' dir='ltr'>τὸ</span> <span class='ocrx_word' id='word_1_640' title='bbox 3522 4107 3672 4182; x_wconf 76' lang='grc' dir='ltr'>ᾆσμα,</span> 
     </span>
    </p>
   </div>
   <div class='ocr_carea' id='block_1_81' title="bbox 2133 4197 3673 4274">
    <p class='ocr_par' dir='ltr' id='par_1_81' title="bbox 2133 4197 3673 4274">
     <span class='ocr_line' id='line_1_81' title="bbox 2133 4197 3673 4274; baseline -0.004 -17"><span class='ocrx_word' id='word_1_641' title='bbox 2133 4206 2226 4257; x_wconf 72' lang='grc' dir='ltr'><strong>καὶ</strong></span> <span class='ocrx_word' id='word_1_642' title='bbox 2252 4204 2312 4257; x_wconf 81' lang='grc' dir='ltr'>τὸ</span> <span class='ocrx_word' id='word_1_643' title='bbox 2341 4204 2540 4274; x_wconf 79' lang='grc' dir='ltr'>μεῖζον,</span> <span class='ocrx_word' id='word_1_644' title='bbox 2575 4202 2709 4274; x_wconf 76' lang='grc' dir='ltr'>πρὸς</span> <span class='ocrx_word' id='word_1_645' title='bbox 2734 4202 2886 4265; x_wconf 84' lang='grc' dir='ltr'>Θεὸν,</span> <span class='ocrx_word' id='word_1_646' title='bbox 2914 4203 2946 4274; x_wconf 84' lang='grc' dir='ltr'>ἢ</span> <span class='ocrx_word' id='word_1_647' title='bbox 2973 4203 3103 4256; x_wconf 75' lang='grc' dir='ltr'>Θεὸν</span> <span class='ocrx_word' id='word_1_648' title='bbox 3137 4203 3291 4274; x_wconf 86' lang='grc' dir='ltr'>ᾅσας,</span> <span class='ocrx_word' id='word_1_649' title='bbox 3320 4197 3471 4266; x_wconf 78' lang='grc' dir='ltr'>οὗτος</span> <span class='ocrx_word' id='word_1_650' title='bbox 3514 4203 3542 4253; x_wconf 86' lang='grc' dir='ltr'>ὁ</span> <span class='ocrx_word' id='word_1_651' title='bbox 3570 4200 3673 4253; x_wconf 77' lang='lat' dir='ltr'><strong>Oso-</strong></span> 
     </span>
    </p>
   </div>
   <div class='ocr_carea' id='block_1_82' title="bbox 2135 4285 3675 4366">
    <p class='ocr_par' dir='ltr' id='par_1_82' title="bbox 2135 4285 3675 4366">
     <span class='ocr_line' id='line_1_82' title="bbox 2135 4285 3675 4366; baseline -0.008 -19"><span class='ocrx_word' id='word_1_652' title='bbox 2135 4295 2517 4366; x_wconf 76' lang='grc' dir='ltr'>φορητότατος,</span> <span class='ocrx_word' id='word_1_653' title='bbox 2551 4292 2851 4363; x_wconf 79' lang='grc' dir='ltr'>ἀρξάμενος</span> <span class='ocrx_word' id='word_1_654' title='bbox 2887 4291 2985 4362; x_wconf 87' lang='grc' dir='ltr'><strong>μὲν</strong></span> <span class='ocrx_word' id='word_1_655' title='bbox 3014 4292 3077 4342; x_wconf 82' lang='grc' dir='ltr'><strong>ὲκ</strong></span> <span class='ocrx_word' id='word_1_656' title='bbox 3107 4290 3399 4359; x_wconf 80' lang='grc' dir='ltr'>ποιμένων,</span> <span class='ocrx_word' id='word_1_657' title='bbox 3436 4288 3526 4341; x_wconf 69' lang='grc' dir='ltr'><strong>καὶ</strong></span> <span class='ocrx_word' id='word_1_658' title='bbox 3566 4285 3675 4339; x_wconf 71' lang='grc' dir='ltr'>παί-</span> 
     </span>
    </p>
   </div>
   <div class='ocr_carea' id='block_1_83' title="bbox 462 4377 2033 4469">
    <p class='ocr_par' dir='ltr' id='par_1_83' title="bbox 462 4396 2028 4469">
     <span class='ocr_line' id='line_1_83' title="bbox 462 4396 2028 4469; baseline 0.003 -18"><span class='ocrx_word' id='word_1_659' title='bbox 462 4396 632 4451; x_wconf 88' lang='lat' dir='ltr'><strong>Deum</strong></span> <span class='ocrx_word' id='word_1_660' title='bbox 670 4397 845 4465; x_wconf 87' lang='lat' dir='ltr'><strong>ipsum</strong></span> <span class='ocrx_word' id='word_1_661' title='bbox 877 4397 1143 4459; x_wconf 87' lang='lat' dir='ltr'><strong>canendo,</strong></span> <span class='ocrx_word' id='word_1_662' title='bbox 1184 4397 1321 4450; x_wconf 82' lang='lat' dir='ltr'><strong>idem</strong></span> <span class='ocrx_word' id='word_1_663' title='bbox 1360 4396 1707 4453; x_wconf 86' lang='lat' dir='ltr'><strong>divinissimo</strong></span> <span class='ocrx_word' id='word_1_664' title='bbox 1746 4409 2028 4469; x_wconf 89' lang='lat' dir='ltr'><strong>correptus</strong></span> 
     </span>
    </p>
   </div>
   <div class='ocr_carea' id='block_1_84' title="bbox 2139 4377 3672 4469">
    <p class='ocr_par' dir='ltr' id='par_1_84' title="bbox 2139 4377 3672 4456">
     <span class='ocr_line' id='line_1_84' title="bbox 2139 4377 3672 4456; baseline -0.007 -17"><span class='ocrx_word' id='word_1_665' title='bbox 2139 4386 2237 4440; x_wconf 81' lang='grc' dir='ltr'><strong>δων</strong></span> <span class='ocrx_word' id='word_1_666' title='bbox 2266 4386 2651 4456; x_wconf 82' lang='grc' dir='ltr'>ίδιωτικότερόν</span> <span class='ocrx_word' id='word_1_667' title='bbox 2680 4401 2739 4437; x_wconf 87' lang='grc' dir='ltr'><strong>τε</strong></span> <span class='ocrx_word' id='word_1_668' title='bbox 2777 4384 2870 4437; x_wconf 62' lang='grc' dir='ltr'><strong>καὶ</strong></span> <span class='ocrx_word' id='word_1_669' title='bbox 2901 4383 3297 4455; x_wconf 81' lang='grc' dir='ltr'>ταπεινότερον·</span> <span class='ocrx_word' id='word_1_670' title='bbox 3326 4381 3600 4452; x_wconf 81' lang='grc' dir='ltr'>γενόμενος</span> <span class='ocrx_word' id='word_1_671' title='bbox 3625 4377 3672 4429; x_wconf 79' lang='grc' dir='ltr'>δὲ</span> 
     </span>
    </p>
   </div>
   <div class='ocr_carea' id='block_1_85' title="bbox 462 4463 2033 4561">
    <p class='ocr_par' dir='ltr' id='par_1_85' title="bbox 462 4463 2028 4561">
     <span class='ocr_line' id='line_1_85' title="bbox 462 4463 2028 4561; baseline 0.001 -17"><span class='ocrx_word' id='word_1_672' title='bbox 462 4487 664 4548; x_wconf 82' lang='lat' dir='ltr'><strong>alllatu.</strong></span> <span class='ocrx_word' id='word_1_673' title='bbox 690 4463 816 4542; x_wconf 79' lang='lat' dir='ltr'><strong>cum</strong></span> <span class='ocrx_word' id='word_1_674' title='bbox 851 4496 1037 4556; x_wconf 88' lang='lat' dir='ltr'><strong>pastor</strong></span> <span class='ocrx_word' id='word_1_675' title='bbox 1082 4504 1147 4542; x_wconf 86' lang='lat' dir='ltr'><strong>ac</strong></span> <span class='ocrx_word' id='word_1_676' title='bbox 1195 4503 1326 4557; x_wconf 89' lang='lat' dir='ltr'><strong>puer</strong></span> <span class='ocrx_word' id='word_1_677' title='bbox 1350 4496 1493 4543; x_wconf 89' lang='lat' dir='ltr'><strong>esset</strong></span> <span class='ocrx_word' id='word_1_678' title='bbox 1525 4488 1792 4556; x_wconf 86' lang='lat' dir='ltr'><strong>privatum</strong></span> <span class='ocrx_word' id='word_1_679' title='bbox 1824 4463 2028 4561; x_wconf 80' lang='lat' dir='ltr'><strong>aliquid</strong></span> 
     </span>
    </p>
   </div>
   <div class='ocr_carea' id='block_1_86' title="bbox 2139 4463 3674 4561">
    <p class='ocr_par' dir='ltr' id='par_1_86' title="bbox 2139 4463 3674 4547">
     <span class='ocr_line' id='line_1_86' title="bbox 2139 4463 3674 4547; baseline -0.008 -17"><span class='ocrx_word' id='word_1_680' title='bbox 2139 4478 2224 4530; x_wconf 78' lang='grc' dir='ltr'>καὶ</span> <span class='ocrx_word' id='word_1_681' title='bbox 2271 4480 2351 4541; x_wconf 86' lang='grc' dir='ltr'>εἰς</span> <span class='ocrx_word' id='word_1_682' title='bbox 2400 4476 2567 4547; x_wconf 80' lang='grc' dir='ltr'>ἄνδρα</span> <span class='ocrx_word' id='word_1_683' title='bbox 2609 4476 2703 4528; x_wconf 72' lang='grc' dir='ltr'><strong>καὶ</strong></span> <span class='ocrx_word' id='word_1_684' title='bbox 2750 4474 2992 4545; x_wconf 82' lang='grc' dir='ltr'>βασιλέα,</span> <span class='ocrx_word' id='word_1_685' title='bbox 3027 4471 3359 4541; x_wconf 81' lang='grc' dir='ltr'>ἐνδοξότερον</span> <span class='ocrx_word' id='word_1_686' title='bbox 3405 4469 3535 4541; x_wconf 82' lang='grc' dir='ltr'>ὁμοῦ</span> <span class='ocrx_word' id='word_1_687' title='bbox 3594 4463 3674 4518; x_wconf 73' lang='grc' dir='ltr'><strong>καὶ</strong></span> 
     </span>
    </p>
   </div>
   <div class='ocr_carea' id='block_1_87' title="bbox 462 4580 2026 4651">
    <p class='ocr_par' dir='ltr' id='par_1_87' title="bbox 462 4580 2026 4651">
     <span class='ocr_line' id='line_1_87' title="bbox 462 4580 2026 4651; baseline 0.002 -14"><span class='ocrx_word' id='word_1_688' title='bbox 462 4597 526 4637; x_wconf 88' lang='lat' dir='ltr'><strong>ac</strong></span> <span class='ocrx_word' id='word_1_689' title='bbox 568 4580 865 4636; x_wconf 85' lang='lat' dir='ltr'><strong>demissum</strong></span> <span class='ocrx_word' id='word_1_690' title='bbox 908 4595 1156 4646; x_wconf 82' lang='lat' dir='ltr'><strong>exorsus,</strong></span> <span class='ocrx_word' id='word_1_691' title='bbox 1188 4590 1538 4651; x_wconf 86' lang='lat' dir='ltr'><strong>posteaquam</strong></span> <span class='ocrx_word' id='word_1_692' title='bbox 1572 4582 1624 4636; x_wconf 91' lang='lat' dir='ltr'><strong>in</strong></span> <span class='ocrx_word' id='word_1_693' title='bbox 1656 4584 1834 4640; x_wconf 82' lang='lat' dir='ltr'><strong>virum</strong></span> <span class='ocrx_word' id='word_1_694' title='bbox 1860 4594 1915 4639; x_wconf 89' lang='lat' dir='ltr'><strong>et</strong></span> <span class='ocrx_word' id='word_1_695' title='bbox 1939 4601 2026 4640; x_wconf 87' lang='lat' dir='ltr'><strong>re-</strong></span> 
     </span>
    </p>
   </div>
   <div class='ocr_carea' id='block_1_88' title="bbox 463 4671 2025 4744">
    <p class='ocr_par' dir='ltr' id='par_1_88' title="bbox 463 4671 2025 4744">
     <span class='ocr_line' id='line_1_88' title="bbox 463 4671 2025 4744; baseline 0 -15"><span class='ocrx_word' id='word_1_696' title='bbox 463 4688 584 4744; x_wconf 80' lang='lat' dir='ltr'><strong>gem</strong></span> <span class='ocrx_word' id='word_1_697' title='bbox 610 4671 801 4736; x_wconf 89' lang='lat' dir='ltr'><strong>evasit,</strong></span> <span class='ocrx_word' id='word_1_698' title='bbox 831 4671 1095 4727; x_wconf 87' lang='lat' dir='ltr'><strong>illustrius</strong></span> <span class='ocrx_word' id='word_1_699' title='bbox 1118 4672 1373 4739; x_wconf 90' lang='lat' dir='ltr'><strong>quiddam</strong></span> <span class='ocrx_word' id='word_1_700' title='bbox 1406 4688 1469 4727; x_wconf 89' lang='lat' dir='ltr'><strong>ac</strong></span> <span class='ocrx_word' id='word_1_701' title='bbox 1495 4672 1713 4744; x_wconf 84' lang='lat' dir='ltr'><strong>dignius</strong></span> <span class='ocrx_word' id='word_1_702' title='bbox 1742 4675 2025 4729; x_wconf 81' lang='lat' dir='ltr'><strong>hominum</strong></span> 
     </span>
    </p>
   </div>
   <div class='ocr_carea' id='block_1_89' title="bbox 463 4761 2030 4835">
    <p class='ocr_par' dir='ltr' id='par_1_89' title="bbox 463 4761 2030 4835">
     <span class='ocr_line' id='line_1_89' title="bbox 463 4761 2030 4835; baseline 0 -17"><span class='ocrx_word' id='word_1_703' title='bbox 463 4763 766 4833; x_wconf 81' lang='lat' dir='ltr'><strong>frequentia</strong></span> <span class='ocrx_word' id='word_1_704' title='bbox 800 4762 1056 4831; x_wconf 89' lang='lat' dir='ltr'><strong>suscepit.</strong></span> <span class='ocrx_word' id='word_1_705' title='bbox 1084 4761 1238 4828; x_wconf 86' lang='lat' dir='ltr'><strong>Quod</strong></span> <span class='ocrx_word' id='word_1_706' title='bbox 1265 4764 1641 4835; x_wconf 89' lang='lat' dir='ltr'><strong>qualecunque</strong></span> <span class='ocrx_word' id='word_1_707' title='bbox 1671 4763 1855 4828; x_wconf 88' lang='lat' dir='ltr'><strong>fuerit,</strong></span> <span class='ocrx_word' id='word_1_708' title='bbox 1885 4781 2030 4820; x_wconf 89' lang='lat' dir='ltr'><strong>sum-</strong></span> 
     </span>
    </p>
   </div>
   <div class='ocr_carea' id='block_1_90' title="bbox 463 4855 2025 4926">
    <p class='ocr_par' dir='ltr' id='par_1_90' title="bbox 463 4855 2025 4926">
     <span class='ocr_line' id='line_1_90' title="bbox 463 4855 2025 4926; baseline 0.001 -17"><span class='ocrx_word' id='word_1_709' title='bbox 463 4856 640 4926; x_wconf 89' lang='lat' dir='ltr'><strong>psisse</strong></span> <span class='ocrx_word' id='word_1_710' title='bbox 670 4863 799 4909; x_wconf 90' lang='lat' dir='ltr'><strong>tunc</strong></span> <span class='ocrx_word' id='word_1_711' title='bbox 829 4855 1063 4907; x_wconf 79' lang='lat' dir='ltr'><strong>maxime</strong></span> <span class='ocrx_word' id='word_1_712' title='bbox 1090 4857 1480 4909; x_wconf 87' lang='lat' dir='ltr'><strong>incrementum</strong></span> <span class='ocrx_word' id='word_1_713' title='bbox 1514 4855 1701 4923; x_wconf 79' lang='lat' dir='ltr'><strong>fertur,</strong></span> <span class='ocrx_word' id='word_1_714' title='bbox 1731 4872 1855 4911; x_wconf 90' lang='lat' dir='ltr'><strong>cum</strong></span> <span class='ocrx_word' id='word_1_715' title='bbox 1901 4872 2025 4912; x_wconf 78' lang='lat' dir='ltr'><strong>arca</strong></span> 
     </span>
    </p>
   </div>
   <div class='ocr_carea' id='block_1_91' title="bbox 464 4944 2026 5018">
    <p class='ocr_par' dir='ltr' id='par_1_91' title="bbox 464 4944 2026 5018">
     <span class='ocr_line' id='line_1_91' title="bbox 464 4944 2026 5018; baseline 0.001 -15"><span class='ocrx_word' id='word_1_716' title='bbox 464 4956 547 5003; x_wconf 88' lang='lat' dir='ltr'><strong>est</strong></span> <span class='ocrx_word' id='word_1_717' title='bbox 588 4948 656 5001; x_wconf 89' lang='lat' dir='ltr'><strong>ab</strong></span> <span class='ocrx_word' id='word_1_718' title='bbox 698 4947 814 5015; x_wconf 90' lang='lat' dir='ltr'><strong>ipso</strong></span> <span class='ocrx_word' id='word_1_719' title='bbox 866 4946 920 4999; x_wconf 91' lang='lat' dir='ltr'><strong>in</strong></span> <span class='ocrx_word' id='word_1_720' title='bbox 977 4944 1164 4999; x_wconf 88' lang='lat' dir='ltr'><strong>urbem</strong></span> <span class='ocrx_word' id='word_1_721' title='bbox 1214 4955 1422 5014; x_wconf 84' lang='lat' dir='ltr'><strong>recepta</strong></span> <span class='ocrx_word' id='word_1_722' title='bbox 1454 4965 1468 5000; x_wconf 90' lang='lat'><strong>:</strong></span> <span class='ocrx_word' id='word_1_723' title='bbox 1498 4963 1605 5016; x_wconf 87' lang='lat' dir='ltr'><strong>qua</strong></span> <span class='ocrx_word' id='word_1_724' title='bbox 1654 4961 1837 5002; x_wconf 90' lang='lat' dir='ltr'><strong>coram</strong></span> <span class='ocrx_word' id='word_1_725' title='bbox 1885 4964 2026 5018; x_wconf 82' lang='lat' dir='ltr'><strong>saepe</strong></span> 
     </span>
    </p>
   </div>
   <div class='ocr_carea' id='block_1_92' title="bbox 464 5037 2025 5107">
    <p class='ocr_par' dir='ltr' id='par_1_92' title="bbox 464 5037 2025 5107">
     <span class='ocr_line' id='line_1_92' title="bbox 464 5037 2025 5107; baseline -0.001 -12"><span class='ocrx_word' id='word_1_726' title='bbox 464 5042 693 5095; x_wconf 83' lang='lat' dir='ltr'><strong>choreas</strong></span> <span class='ocrx_word' id='word_1_727' title='bbox 722 5038 946 5101; x_wconf 87' lang='lat' dir='ltr'><strong>ducens,</strong></span> <span class='ocrx_word' id='word_1_728' title='bbox 976 5037 1178 5107; x_wconf 85' lang='lat' dir='ltr'><strong>pluries</strong></span> <span class='ocrx_word' id='word_1_729' title='bbox 1198 5053 1412 5106; x_wconf 90' lang='lat' dir='ltr'><strong>quoque</strong></span> <span class='ocrx_word' id='word_1_730' title='bbox 1436 5037 1501 5090; x_wconf 86' lang='lat' dir='ltr'><strong>ad</strong></span> <span class='ocrx_word' id='word_1_731' title='bbox 1529 5039 1823 5107; x_wconf 83' lang='lat' dir='ltr'><strong>gratiarum</strong></span> <span class='ocrx_word' id='word_1_732' title='bbox 1853 5040 2025 5095; x_wconf 87' lang='lat' dir='ltr'><strong>actio-</strong></span> 
     </span>
    </p>
   </div>
   <div class='ocr_carea' id='block_1_93' title="bbox 464 5130 2027 5201">
    <p class='ocr_par' dir='ltr' id='par_1_93' title="bbox 464 5130 2027 5201">
     <span class='ocr_line' id='line_1_93' title="bbox 464 5130 2027 5201; baseline -0.002 -13"><span class='ocrx_word' id='word_1_733' title='bbox 464 5149 609 5201; x_wconf 88' lang='lat' dir='ltr'><strong>nem,</strong></span> <span class='ocrx_word' id='word_1_734' title='bbox 644 5133 989 5201; x_wconf 83' lang='lat' dir='ltr'><strong>faustumque</strong></span> <span class='ocrx_word' id='word_1_735' title='bbox 1021 5132 1182 5186; x_wconf 91' lang='lat' dir='ltr'><strong>simul</strong></span> <span class='ocrx_word' id='word_1_736' title='bbox 1211 5139 1480 5200; x_wconf 89' lang='lat' dir='ltr'><strong>receptum</strong></span> <span class='ocrx_word' id='word_1_737' title='bbox 1511 5130 1912 5194; x_wconf 85' lang='lat' dir='ltr'><strong>celebrandum,</strong></span> <span class='ocrx_word' id='word_1_738' title='bbox 1932 5131 2027 5185; x_wconf 84' lang='lat' dir='ltr'><strong>ad-</strong></span> 
     </span>
    </p>
   </div>
   <div class='ocr_carea' id='block_1_94' title="bbox 464 5216 2022 5280">
    <p class='ocr_par' dir='ltr' id='par_1_94' title="bbox 464 5216 2022 5280">
     <span class='ocr_line' id='line_1_94' title="bbox 464 5216 2022 5280; baseline -0.006 -1"><span class='ocrx_word' id='word_1_739' title='bbox 464 5222 641 5280; x_wconf 87' lang='lat' dir='ltr'><strong>hibuit</strong></span> <span class='ocrx_word' id='word_1_740' title='bbox 690 5230 930 5276; x_wconf 89' lang='lat' dir='ltr'><strong>cantum.</strong></span> <span class='ocrx_word' id='word_1_741' title='bbox 962 5218 1080 5273; x_wconf 81' lang='lat' dir='ltr'><strong>Mox</strong></span> <span class='ocrx_word' id='word_1_742' title='bbox 1128 5221 1435 5273; x_wconf 84' lang='lat' dir='ltr'><strong>universam</strong></span> <span class='ocrx_word' id='word_1_743' title='bbox 1486 5216 1791 5271; x_wconf 84' lang='lat' dir='ltr'><strong>Levitarum</strong></span> <span class='ocrx_word' id='word_1_744' title='bbox 1824 5216 2022 5270; x_wconf 90' lang='lat' dir='ltr'><strong>tribum</strong></span> 
     </span>
    </p>
   </div>
   <div class='ocr_carea' id='block_1_95' title="bbox 467 5307 2025 5382">
    <p class='ocr_par' dir='ltr' id='par_1_95' title="bbox 467 5307 2025 5382">
     <span class='ocr_line' id='line_1_95' title="bbox 467 5307 2025 5382; baseline -0.004 -13"><span class='ocrx_word' id='word_1_745' title='bbox 467 5315 523 5369; x_wconf 91' lang='lat' dir='ltr'><strong>in</strong></span> <span class='ocrx_word' id='word_1_746' title='bbox 553 5323 754 5370; x_wconf 88' lang='lat' dir='ltr'><strong>sortem</strong></span> <span class='ocrx_word' id='word_1_747' title='bbox 793 5312 1110 5382; x_wconf 86' lang='lat' dir='ltr'><strong>conjiciens,</strong></span> <span class='ocrx_word' id='word_1_748' title='bbox 1141 5309 1408 5380; x_wconf 86' lang='lat' dir='ltr'><strong>principes</strong></span> <span class='ocrx_word' id='word_1_749' title='bbox 1440 5308 1657 5379; x_wconf 85' lang='lat' dir='ltr'><strong>quidem</strong></span> <span class='ocrx_word' id='word_1_750' title='bbox 1694 5307 1787 5377; x_wconf 86' lang='lat' dir='ltr'><strong>qui</strong></span> <span class='ocrx_word' id='word_1_751' title='bbox 1829 5308 2025 5363; x_wconf 89' lang='lat' dir='ltr'><strong>choros</strong></span> 
     </span>
    </p>
   </div>
   <div class='ocr_carea' id='block_1_96' title="bbox 467 5398 2021 5474">
    <p class='ocr_par' dir='ltr' id='par_1_96' title="bbox 467 5398 2021 5474">
     <span class='ocr_line' id='line_1_96' title="bbox 467 5398 2021 5474; baseline -0.005 -15"><span class='ocrx_word' id='word_1_752' title='bbox 467 5406 746 5467; x_wconf 87' lang='lat' dir='ltr'><strong>ducerent,</strong></span> <span class='ocrx_word' id='word_1_753' title='bbox 774 5413 1007 5474; x_wconf 87' lang='lat' dir='ltr'><strong>quatuor</strong></span> <span class='ocrx_word' id='word_1_754' title='bbox 1034 5401 1249 5472; x_wconf 74' lang='lat' dir='ltr'><strong>delegit,</strong></span> <span class='ocrx_word' id='word_1_755' title='bbox 1293 5399 1494 5470; x_wconf 81' lang='lat' dir='ltr'><strong>Asaph,</strong></span> <span class='ocrx_word' id='word_1_756' title='bbox 1543 5399 1762 5464; x_wconf 66' lang='lat' dir='ltr'><strong>Eman,</strong></span> <span class='ocrx_word' id='word_1_757' title='bbox 1800 5398 2021 5464; x_wconf 67' lang='lat' dir='ltr'><strong>Ethan,</strong></span> 
     </span>
    </p>
   </div>
   <div class='ocr_carea' id='block_1_97' title="bbox 468 5493 2025 5566">
    <p class='ocr_par' dir='ltr' id='par_1_97' title="bbox 468 5493 2025 5566">
     <span class='ocr_line' id='line_1_97' title="bbox 468 5493 2025 5566; baseline -0.004 -15"><span class='ocrx_word' id='word_1_758' title='bbox 468 5496 725 5559; x_wconf 86' lang='lat' dir='ltr'><strong>lditbum.</strong></span> <span class='ocrx_word' id='word_1_759' title='bbox 752 5494 1186 5566; x_wconf 88' lang='lat' dir='ltr'><strong>quandoquidem</strong></span> <span class='ocrx_word' id='word_1_760' title='bbox 1212 5502 1336 5549; x_wconf 90' lang='lat' dir='ltr'><strong>sunt</strong></span> <span class='ocrx_word' id='word_1_761' title='bbox 1363 5500 1597 5564; x_wconf 87' lang='lat' dir='ltr'><strong>quatuor</strong></span> <span class='ocrx_word' id='word_1_762' title='bbox 1622 5493 1886 5557; x_wconf 90' lang='lat' dir='ltr'><strong>omnium,</strong></span> <span class='ocrx_word' id='word_1_763' title='bbox 1904 5506 2025 5560; x_wconf 65' lang='lat' dir='ltr'><strong>qua:</strong></span> 
     </span>
    </p>
   </div>
   <div class='ocr_carea' id='block_1_98' title="bbox 470 5584 2024 5657">
    <p class='ocr_par' dir='ltr' id='par_1_98' title="bbox 470 5584 2024 5657">
     <span class='ocr_line' id='line_1_98' title="bbox 470 5584 2024 5657; baseline -0.004 -14"><span class='ocrx_word' id='word_1_764' title='bbox 470 5589 573 5644; x_wconf 89' lang='lat' dir='ltr'><strong>sub</strong></span> <span class='ocrx_word' id='word_1_765' title='bbox 596 5596 872 5657; x_wconf 85' lang='lat' dir='ltr'><strong>aspectum</strong></span> <span class='ocrx_word' id='word_1_766' title='bbox 900 5588 1117 5652; x_wconf 88' lang='lat' dir='ltr'><strong>cadunt,</strong></span> <span class='ocrx_word' id='word_1_767' title='bbox 1146 5600 1327 5641; x_wconf 87' lang='lat' dir='ltr'><strong>rerum</strong></span> <span class='ocrx_word' id='word_1_768' title='bbox 1354 5584 1614 5655; x_wconf 84' lang='lat' dir='ltr'><strong>principia</strong></span> <span class='ocrx_word' id='word_1_769' title='bbox 1640 5601 1654 5651; x_wconf 88' lang='lat'><strong>;</strong></span> <span class='ocrx_word' id='word_1_770' title='bbox 1686 5592 1796 5649; x_wconf 82' lang='lat' dir='ltr'><strong>tum</strong></span> <span class='ocrx_word' id='word_1_771' title='bbox 1828 5584 2024 5637; x_wconf 87' lang='lat' dir='ltr'><strong>choros</strong></span> 
     </span>
    </p>
   </div>
   <div class='ocr_carea' id='block_1_99' title="bbox 469 5675 2018 5742">
    <p class='ocr_par' dir='ltr' id='par_1_99' title="bbox 469 5675 2018 5742">
     <span class='ocr_line' id='line_1_99' title="bbox 469 5675 2018 5742; baseline -0.006 -2"><span class='ocrx_word' id='word_1_772' title='bbox 469 5698 533 5740; x_wconf 77' lang='lat' dir='ltr'><strong>ex</strong></span> <span class='ocrx_word' id='word_1_773' title='bbox 562 5679 873 5737; x_wconf 80' lang='lat' dir='ltr'><strong>horninibus</strong></span> <span class='ocrx_word' id='word_1_774' title='bbox 897 5678 1175 5736; x_wconf 89' lang='lat' dir='ltr'><strong>constituit</strong></span> <span class='ocrx_word' id='word_1_775' title='bbox 1196 5694 1263 5736; x_wconf 83' lang='lat' dir='ltr'><strong>ex</strong></span> <span class='ocrx_word' id='word_1_776' title='bbox 1292 5678 1520 5735; x_wconf 89' lang='lat' dir='ltr'><strong>aliorum</strong></span> <span class='ocrx_word' id='word_1_777' title='bbox 1540 5690 1763 5732; x_wconf 87' lang='lat' dir='ltr'><strong>numero</strong></span> <span class='ocrx_word' id='word_1_778' title='bbox 1786 5675 2018 5742; x_wconf 86' lang='lat' dir='ltr'><strong>selectis,</strong></span> 
     </span>
    </p>
   </div>
   <div class='ocr_carea' id='block_1_100' title="bbox 2130 4561 3675 4640">
    <p class='ocr_par' dir='ltr' id='par_1_100' title="bbox 2130 4561 3675 4640">
     <span class='ocr_line' id='line_1_100' title="bbox 2130 4561 3675 4640; baseline -0.009 -18"><span class='ocrx_word' id='word_1_779' title='bbox 2130 4568 2431 4640; x_wconf 87' lang='grc' dir='ltr'>κοινότερον</span> <span class='ocrx_word' id='word_1_780' title='bbox 2453 4584 2464 4597; x_wconf 74' lang='grc' dir='ltr'><strong><em>ο</em></strong></span> <span class='ocrx_word' id='word_1_781' title='bbox 2489 4567 2669 4620; x_wconf 79' lang='grc' dir='ltr'>λαϐεῖν</span> <span class='ocrx_word' id='word_1_782' title='bbox 2711 4567 2767 4619; x_wconf 76' lang='grc' dir='ltr'><strong>δὲ</strong></span> <span class='ocrx_word' id='word_1_783' title='bbox 2797 4566 3009 4634; x_wconf 82' lang='grc' dir='ltr'>λέγεται</span> <span class='ocrx_word' id='word_1_784' title='bbox 3059 4563 3287 4635; x_wconf 84' lang='grc' dir='ltr'>μάλιστα</span> <span class='ocrx_word' id='word_1_785' title='bbox 3330 4562 3428 4634; x_wconf 77' lang='grc' dir='ltr'><strong>τὴν</strong></span> <span class='ocrx_word' id='word_1_786' title='bbox 3460 4561 3675 4616; x_wconf 79' lang='grc' dir='ltr'>ἐπίδοσιν</span> 
     </span>
    </p>
   </div>
   <div class='ocr_carea' id='block_1_101' title="bbox 2128 4650 3678 4732">
    <p class='ocr_par' dir='ltr' id='par_1_101' title="bbox 2128 4650 3678 4732">
     <span class='ocr_line' id='line_1_101' title="bbox 2128 4650 3678 4732; baseline -0.009 -16"><span class='ocrx_word' id='word_1_787' title='bbox 2128 4661 2303 4724; x_wconf 85' lang='grc' dir='ltr'>τοῦτο,</span> <span class='ocrx_word' id='word_1_788' title='bbox 2336 4661 2471 4732; x_wconf 84' lang='grc' dir='ltr'>μετὰ</span> <span class='ocrx_word' id='word_1_789' title='bbox 2500 4660 2596 4730; x_wconf 79' lang='grc' dir='ltr'>τὴν</span> <span class='ocrx_word' id='word_1_790' title='bbox 2626 4659 2714 4712; x_wconf 76' lang='grc' dir='ltr'>ὑπ’</span> <span class='ocrx_word' id='word_1_791' title='bbox 2747 4657 2907 4711; x_wconf 79' lang='grc' dir='ltr'>αὑτοῦ</span> <span class='ocrx_word' id='word_1_792' title='bbox 2936 4657 3033 4726; x_wconf 78' lang='grc' dir='ltr'>τῆς</span> <span class='ocrx_word' id='word_1_793' title='bbox 3066 4652 3294 4707; x_wconf 88' lang='grc' dir='ltr'>κιϐωτοῦ</span> <span class='ocrx_word' id='word_1_794' title='bbox 3320 4653 3456 4724; x_wconf 75' lang='grc' dir='ltr'>πρὸς</span> <span class='ocrx_word' id='word_1_795' title='bbox 3481 4654 3575 4723; x_wconf 71' lang='grc' dir='ltr'><strong>τὴν</strong></span> <span class='ocrx_word' id='word_1_796' title='bbox 3597 4650 3678 4701; x_wconf 70' lang='grc' dir='ltr'>πί-</span> 
     </span>
    </p>
   </div>
   <div class='ocr_carea' id='block_1_102' title="bbox 2128 4742 3676 4818">
    <p class='ocr_par' dir='ltr' id='par_1_102' title="bbox 2128 4742 3676 4818">
     <span class='ocr_line' id='line_1_102' title="bbox 2128 4742 3676 4818; baseline -0.008 -11"><span class='ocrx_word' id='word_1_797' title='bbox 2128 4755 2211 4807; x_wconf 88' lang='grc' dir='ltr'><strong>λιν</strong></span> <span class='ocrx_word' id='word_1_798' title='bbox 2239 4743 2810 4812; x_wconf 82' lang='grc' dir='ltr'>ἀποκατάστασιν.Ἦς</span> <span class='ocrx_word' id='word_1_799' title='bbox 2843 4748 3010 4801; x_wconf 78' lang='grc' dir='ltr'>πολλὰ</span> <span class='ocrx_word' id='word_1_800' title='bbox 3044 4746 3160 4800; x_wconf 86' lang='grc' dir='ltr'>τότε</span> <span class='ocrx_word' id='word_1_801' title='bbox 3196 4746 3563 4818; x_wconf 79' lang='grc' dir='ltr'>προχορεύσας</span> <span class='ocrx_word' id='word_1_802' title='bbox 3594 4742 3676 4795; x_wconf 74' lang='grc' dir='ltr'><strong>καὶ</strong></span> 
     </span>
    </p>
   </div>
   <div class='ocr_carea' id='block_1_103' title="bbox 2130 4837 3673 4915">
    <p class='ocr_par' dir='ltr' id='par_1_103' title="bbox 2130 4837 3673 4915">
     <span class='ocr_line' id='line_1_103' title="bbox 2130 4837 3673 4915; baseline -0.006 -17"><span class='ocrx_word' id='word_1_803' title='bbox 2130 4843 2400 4915; x_wconf 85' lang='grc' dir='ltr'>πολλαχοῦ</span> <span class='ocrx_word' id='word_1_804' title='bbox 2443 4844 2596 4915; x_wconf 86' lang='grc' dir='ltr'>ᾅσας,</span> <span class='ocrx_word' id='word_1_805' title='bbox 2635 4838 3042 4912; x_wconf 79' lang='grc' dir='ltr'>εὐχαρηστήριά</span> <span class='ocrx_word' id='word_1_806' title='bbox 3092 4855 3151 4890; x_wconf 89' lang='grc' dir='ltr'><strong>τε</strong></span> <span class='ocrx_word' id='word_1_807' title='bbox 3197 4838 3293 4890; x_wconf 77' lang='grc' dir='ltr'><strong>καὶ</strong></span> <span class='ocrx_word' id='word_1_808' title='bbox 3322 4837 3673 4907; x_wconf 76' lang='grc' dir='ltr'>εἰσδεκτήρια·</span> 
     </span>
    </p>
   </div>
   <div class='ocr_carea' id='block_1_104' title="bbox 2129 4923 3675 5007">
    <p class='ocr_par' dir='ltr' id='par_1_104' title="bbox 2129 4923 3675 5007">
     <span class='ocr_line' id='line_1_104' title="bbox 2129 4923 3675 5007; baseline -0.01 -17"><span class='ocrx_word' id='word_1_809' title='bbox 2129 4938 2243 5007; x_wconf 74' lang='grc' dir='ltr'><strong>ἅμα</strong></span> <span class='ocrx_word' id='word_1_810' title='bbox 2272 4938 2386 5007; x_wconf 78' lang='grc' dir='ltr'>μετ’</span> <span class='ocrx_word' id='word_1_811' title='bbox 2414 4935 2592 5001; x_wconf 84' lang='grc' dir='ltr'>ὀλίγον</span> <span class='ocrx_word' id='word_1_812' title='bbox 2626 4935 2717 4986; x_wconf 74' lang='grc' dir='ltr'><strong>καὶ</strong></span> <span class='ocrx_word' id='word_1_813' title='bbox 2745 4934 2841 5003; x_wconf 84' lang='grc' dir='ltr'>τὴν</span> <span class='ocrx_word' id='word_1_814' title='bbox 2869 4931 3038 5001; x_wconf 79' lang='grc' dir='ltr'>φύλην</span> <span class='ocrx_word' id='word_1_815' title='bbox 3078 4930 3204 4999; x_wconf 84' lang='grc' dir='ltr'>ὃλην</span> <span class='ocrx_word' id='word_1_816' title='bbox 3234 4932 3313 4992; x_wconf 83' lang='grc' dir='ltr'>εἰς</span> <span class='ocrx_word' id='word_1_817' title='bbox 3354 4930 3549 5000; x_wconf 75' lang='grc' dir='ltr'>κλῆρον</span> <span class='ocrx_word' id='word_1_818' title='bbox 3582 4923 3675 4976; x_wconf 67' lang='grc' dir='ltr'>τῶν</span> 
     </span>
    </p>
   </div>
   <div class='ocr_carea' id='block_1_105' title="bbox 2128 5019 3675 5096">
    <p class='ocr_par' dir='ltr' id='par_1_105' title="bbox 2128 5019 3675 5096">
     <span class='ocr_line' id='line_1_105' title="bbox 2128 5019 3675 5096; baseline -0.008 -15"><span class='ocrx_word' id='word_1_819' title='bbox 2128 5026 2363 5081; x_wconf 84' lang='grc' dir='ltr'>Λευιτῶν</span> <span class='ocrx_word' id='word_1_820' title='bbox 2413 5023 2610 5089; x_wconf 85' lang='grc' dir='ltr'>λαϐὼν,</span> <span class='ocrx_word' id='word_1_821' title='bbox 2651 5024 2824 5096; x_wconf 84' lang='grc' dir='ltr'>ἀρχὰς</span> <span class='ocrx_word' id='word_1_822' title='bbox 2868 5023 2963 5093; x_wconf 79' lang='grc' dir='ltr'><strong>μὲν</strong></span> <span class='ocrx_word' id='word_1_823' title='bbox 3009 5022 3330 5090; x_wconf 78' lang='grc' dir='ltr'>ἀπολέγεται</span> <span class='ocrx_word' id='word_1_824' title='bbox 3372 5021 3475 5074; x_wconf 77' lang='grc' dir='ltr'>τῶν</span> <span class='ocrx_word' id='word_1_825' title='bbox 3516 5019 3675 5089; x_wconf 80' lang='grc' dir='ltr'>χόρων</span> 
     </span>
    </p>
   </div>
   <div class='ocr_carea' id='block_1_106' title="bbox 2126 5108 3675 5192">
    <p class='ocr_par' dir='ltr' id='par_1_106' title="bbox 2126 5108 3675 5192">
     <span class='ocr_line' id='line_1_106' title="bbox 2126 5108 3675 5192; baseline -0.012 -18"><span class='ocrx_word' id='word_1_826' title='bbox 2126 5118 2829 5192; x_wconf 78' lang='grc' dir='ltr'>τέσσαρας,Ἀσὰφ,⁹Αμάν,</span> <span class='ocrx_word' id='word_1_827' title='bbox 2862 5115 3050 5176; x_wconf 76' lang='grc' dir='ltr'>Αἱθὰν,</span> <span class='ocrx_word' id='word_1_828' title='bbox 3085 5115 3339 5185; x_wconf 82' lang='grc' dir='ltr'>Ἰδιθοὺμ,</span> <span class='ocrx_word' id='word_1_829' title='bbox 3375 5112 3553 5179; x_wconf 74' lang='grc' dir='ltr'>ἐπειδὴ</span> <span class='ocrx_word' id='word_1_830' title='bbox 3591 5108 3675 5159; x_wconf 78' lang='grc' dir='ltr'><strong>καὶ</strong></span> 
     </span>
    </p>
   </div>
   <div class='ocr_carea' id='block_1_107' title="bbox 2130 5204 3674 5282">
    <p class='ocr_par' dir='ltr' id='par_1_107' title="bbox 2130 5204 3674 5282">
     <span class='ocr_line' id='line_1_107' title="bbox 2130 5204 3674 5282; baseline -0.008 -15"><span class='ocrx_word' id='word_1_831' title='bbox 2130 5214 2343 5267; x_wconf 87' lang='grc' dir='ltr'>πάντων</span> <span class='ocrx_word' id='word_1_832' title='bbox 2370 5211 2477 5266; x_wconf 82' lang='grc' dir='ltr'>τῶν</span> <span class='ocrx_word' id='word_1_833' title='bbox 2513 5211 2801 5282; x_wconf 80' lang='grc' dir='ltr'>ὁρωμένων</span> <span class='ocrx_word' id='word_1_834' title='bbox 2829 5210 2991 5280; x_wconf 74' lang='grc' dir='ltr'>ἁρχαὶ</span> <span class='ocrx_word' id='word_1_835' title='bbox 3022 5209 3283 5279; x_wconf 82' lang='grc' dir='ltr'>τέσσαρες</span> <span class='ocrx_word' id='word_1_836' title='bbox 3303 5224 3314 5235; x_wconf 93' lang='grc'><strong>·</strong></span> <span class='ocrx_word' id='word_1_837' title='bbox 3355 5209 3476 5269; x_wconf 75' lang='grc' dir='ltr'>τοὺς</span> <span class='ocrx_word' id='word_1_838' title='bbox 3501 5204 3553 5257; x_wconf 79' lang='grc' dir='ltr'>δὲ</span> <span class='ocrx_word' id='word_1_839' title='bbox 3588 5216 3674 5271; x_wconf 58' lang='grc' dir='ltr'><strong>χου</strong></span> 
     </span>
    </p>
   </div>
   <div class='ocr_carea' id='block_1_108' title="bbox 2128 5290 3676 5377">
    <p class='ocr_par' dir='ltr' id='par_1_108' title="bbox 2128 5290 3676 5377">
     <span class='ocr_line' id='line_1_108' title="bbox 2128 5290 3676 5377; baseline -0.01 -18"><span class='ocrx_word' id='word_1_840' title='bbox 2128 5307 2253 5377; x_wconf 81' lang='grc' dir='ltr'>ροὺς</span> <span class='ocrx_word' id='word_1_841' title='bbox 2280 5304 2338 5372; x_wconf 75' lang='grc' dir='ltr'><strong>ἐξ</strong></span> <span class='ocrx_word' id='word_1_842' title='bbox 2371 5302 2575 5375; x_wconf 84' lang='grc' dir='ltr'>ἀνδρῶν</span> <span class='ocrx_word' id='word_1_843' title='bbox 2612 5301 2938 5372; x_wconf 82' lang='grc' dir='ltr'>συνίστησιν,</span> <span class='ocrx_word' id='word_1_844' title='bbox 2973 5299 3167 5367; x_wconf 78' lang='grc' dir='ltr'>ἐξελὼν</span> <span class='ocrx_word' id='word_1_845' title='bbox 3206 5300 3315 5352; x_wconf 83' lang='grc' dir='ltr'><strong>τῶν</strong></span> <span class='ocrx_word' id='word_1_846' title='bbox 3358 5299 3553 5354; x_wconf 77' lang='grc' dir='ltr'><strong>ἄλλων⁹</strong></span> <span class='ocrx_word' id='word_1_847' title='bbox 3591 5290 3676 5345; x_wconf 75' lang='grc' dir='ltr'><strong>καὶ</strong></span> 
     </span>
    </p>
   </div>
   <div class='ocr_carea' id='block_1_109' title="bbox 2123 5387 3674 5464">
    <p class='ocr_par' dir='ltr' id='par_1_109' title="bbox 2123 5387 3674 5464">
     <span class='ocr_line' id='line_1_109' title="bbox 2123 5387 3674 5464; baseline -0.004 -15"><span class='ocrx_word' id='word_1_848' title='bbox 2123 5396 2342 5459; x_wconf 85' lang='grc' dir='ltr'>τούτους</span> <span class='ocrx_word' id='word_1_849' title='bbox 2390 5394 2482 5448; x_wconf 90' lang='grc' dir='ltr'><strong>δύο</strong></span> <span class='ocrx_word' id='word_1_850' title='bbox 2538 5393 2631 5447; x_wconf 79' lang='grc' dir='ltr'><strong>καὶ</strong></span> <span class='ocrx_word' id='word_1_851' title='bbox 2684 5392 3072 5463; x_wconf 75' lang='grc' dir='ltr'>ἐϐδομήκοντα,</span> <span class='ocrx_word' id='word_1_852' title='bbox 3116 5392 3251 5464; x_wconf 78' lang='grc' dir='ltr'>πρὸς</span> <span class='ocrx_word' id='word_1_853' title='bbox 3298 5391 3394 5455; x_wconf 80' lang='grc' dir='ltr'><strong>τὰς</strong></span> <span class='ocrx_word' id='word_1_854' title='bbox 3440 5387 3674 5457; x_wconf 75' lang='grc' dir='ltr'>γλώσσας</span> 
     </span>
    </p>
   </div>
   <div class='ocr_carea' id='block_1_110' title="bbox 2124 5477 3675 5563">
    <p class='ocr_par' dir='ltr' id='par_1_110' title="bbox 2124 5477 3675 5563">
     <span class='ocr_line' id='line_1_110' title="bbox 2124 5477 3675 5563; baseline -0.011 -18"><span class='ocrx_word' id='word_1_855' title='bbox 2124 5490 2507 5563; x_wconf 82' lang='grc' dir='ltr'>ἀπαριθμήσας</span> <span class='ocrx_word' id='word_1_856' title='bbox 2536 5485 2707 5557; x_wconf 77' lang='grc' dir='ltr'>οἶμαι,</span> <span class='ocrx_word' id='word_1_857' title='bbox 2732 5485 2830 5549; x_wconf 85' lang='grc' dir='ltr'><strong>τὰς</strong></span> <span class='ocrx_word' id='word_1_858' title='bbox 2885 5483 3261 5555; x_wconf 55' lang='grc' dir='ltr'>συγχυθείσας,</span> <span class='ocrx_word' id='word_1_859' title='bbox 3293 5484 3326 5555; x_wconf 80' lang='grc' dir='ltr'>ἢ</span> <span class='ocrx_word' id='word_1_860' title='bbox 3354 5482 3541 5555; x_wconf 78' lang='grc' dir='ltr'>μάλλον</span> <span class='ocrx_word' id='word_1_861' title='bbox 3565 5477 3675 5531; x_wconf 75' lang='grc' dir='ltr'>δια-</span> 
     </span>
    </p>
   </div>
   <div class='ocr_carea' id='block_1_111' title="bbox 2124 5563 3671 5653">
    <p class='ocr_par' dir='ltr' id='par_1_111' title="bbox 2124 5563 3671 5653">
     <span class='ocr_line' id='line_1_111' title="bbox 2124 5563 3671 5653; baseline -0.008 -17"><span class='ocrx_word' id='word_1_862' title='bbox 2124 5581 2399 5653; x_wconf 85' lang='grc' dir='ltr'>κριθείσας</span> <span class='ocrx_word' id='word_1_863' title='bbox 2447 5582 2502 5633; x_wconf 77' lang='grc' dir='ltr'>ὲν</span> <span class='ocrx_word' id='word_1_864' title='bbox 2544 5582 2608 5651; x_wconf 82' lang='grc' dir='ltr'>τῇ</span> <span class='ocrx_word' id='word_1_865' title='bbox 2662 5578 3005 5650; x_wconf 82' lang='grc' dir='ltr'>πυργοποιίᾳ.</span> <span class='ocrx_word' id='word_1_866' title='bbox 3059 5576 3124 5629; x_wconf 94' lang='grc' dir='ltr'>Τί</span> <span class='ocrx_word' id='word_1_867' title='bbox 3176 5574 3349 5646; x_wconf 85' lang='grc' dir='ltr'>τούτῳ</span> <span class='ocrx_word' id='word_1_868' title='bbox 3391 5570 3591 5632; x_wconf 80' lang='grc' dir='ltr'>τυπῶν,</span> <span class='ocrx_word' id='word_1_869' title='bbox 3628 5563 3671 5617; x_wconf 73' lang='grc' dir='ltr'>εἰ</span> 
     </span>
    </p>
   </div>
   <div class='ocr_carea' id='block_1_112' title="bbox 2127 5656 3674 5747">
    <p class='ocr_par' dir='ltr' id='par_1_112' title="bbox 2127 5656 3674 5747">
     <span class='ocr_line' id='line_1_112' title="bbox 2127 5656 3674 5747; baseline -0.013 -17"><span class='ocrx_word' id='word_1_870' title='bbox 2127 5675 2202 5747; x_wconf 84' lang='grc' dir='ltr'>μὴ</span> <span class='ocrx_word' id='word_1_871' title='bbox 2229 5673 2402 5745; x_wconf 87' lang='grc' dir='ltr'>δηλῶν</span> <span class='ocrx_word' id='word_1_872' title='bbox 2441 5673 2500 5726; x_wconf 87' lang='grc' dir='ltr'><strong>τὸ</strong></span> <span class='ocrx_word' id='word_1_873' title='bbox 2544 5672 2636 5726; x_wconf 65' lang='grc' dir='ltr'><strong>καὶ</strong></span> <span class='ocrx_word' id='word_1_874' title='bbox 2666 5671 2840 5734; x_wconf 84' lang='grc' dir='ltr'>πάσας</span> <span class='ocrx_word' id='word_1_875' title='bbox 2873 5667 3020 5740; x_wconf 81' lang='grc' dir='ltr'>αὐτῷ</span> <span class='ocrx_word' id='word_1_876' title='bbox 3044 5666 3293 5738; x_wconf 79' lang='grc' dir='ltr'>γλώσσας</span> <span class='ocrx_word' id='word_1_877' title='bbox 3324 5666 3535 5734; x_wconf 75' lang='grc' dir='ltr'>ὓστερον</span> <span class='ocrx_word' id='word_1_878' title='bbox 3558 5656 3674 5721; x_wconf 74' lang='grc' dir='ltr'><strong>ἐξο-</strong></span> 
     </span>
    </p>
   </div>
  </div>
