3860 6200
213 311 305 364 r21
1177 313 1598 367 mammam
1643 313 1866 370 ouum.
1913 339 1972 357 .-
2014 313 2078 366 IN
2120 312 2452 368 PSALMOS.
3337 297 3460 367 γει·

213 432 550 503 μολογεῖσοαι
590 432 781 495 κοινῶς
815 434 1063 503 ἤμελλον,
1099 435 1184 486 ὅτε
1213 435 1304 488 καὶ
1337 438 1513 489 πᾶσαν
1545 437 1572 486 ὁ
1604 436 1772 502 Λόγος
1799 486 1804 496 ,

1874 442 2036 503 atque
2061 435 2160 487 hos
2185 435 2292 488 duo
2317 447 2478 501 supra
2506 431 2840 502 septuaginta
2870 446 2988 486 esse
3018 429 3212 494 \oluil;
3242 431 3307 484 ad
3339 432 3437 484 lin-

211 525 467 598 περιλάὁῃ
507 527 606 597 τὴν
632 527 778 578 οἰκον
789 528 972 597 μένην.

1875 542 2008 596 guas
2033 526 2351 595 respiciens,
2379 526 2593 596 opinor,
2626 522 2899 585 confusas,
2923 523 3003 576 vel
3033 523 3232 577 divisas
3262 524 3437 592 potius

212 622 260 675 in
290 622 452 676 turris
480 619 854 675 aediﬁcatione.
871 620 1009 687 Quid
1029 624 1128 676 huc
1147 623 1262 692 ipso
1279 632 1734 686 commonstrans,
1761 621 1866 675 nisi
1886 622 2030 690 quod
2055 636 2244 675 omnes
2269 620 2559 691 aliquando
2583 619 2778 688 lingua:
2798 632 2977 671 secum
2994 627 3176 670 essent
3207 617 3438 684 conjun-

211 717 326 769 etim
357 713 410 767 in
441 712 688 768 eamdem
719 713 897 769 laudis
919 711 1145 768 formam
1176 730 1539 779 consensum,
1569 730 1692 768 eum
1713 711 1919 768 scilicet
1957 712 2189 794 Verbum
2214 724 2476 767 terrarum
2501 712 2684 765 orbem
2712 710 3018 764 universum
3053 720 3365 778 occupasset
3380 710 3402 762 ?

1175 850 1704 936 FRAGMENTA_
1736 813 1924 912 ΑἶιΑ
1977 851 2055 909 1N
2109 847 2488 907 PSALMOS.

1003 944 1100 1000 (De
1131 945 1404 1004 MAGISTRIS,
1430 951 1549 997 Acta
1573 948 1848 1014 Martyrum
1875 946 2107 1002 Ostiens.,
2138 961 2183 1007 p.
2224 945 2311 991 2:56
2341 946 2388 991 in
2428 943 2600 1005 textu.)

975 1100 1040 1154 In
1071 1101 1330 1170 psalmum
1383 1119 1510 1168 xxx,
1565 1103 1654 1158 ‘22.
1690 1135 1760 1144 -—
1785 1075 1856 1158 ὗε
1890 1104 2152 1169 triumpho
2176 1102 2297 1170 ﬁdei
2329 1101 2662 1155 C/tristimtw.

271 1194 342 1246 Οὐ
389 1194 640 1247 τοσοῦτον
677 1195 948 1265 Θαύματος
1002 1196 1181 1261 ἄξιον,
1225 1198 1348 1249 ὅταν
1390 1198 1706 1268 ἐμφαίνεται
1743 1203 1770 1252 ὁ

207 1287 342 1349 ἔλεος
387 1288 481 1340 τοῦ
522 1287 655 1340 Θεοῦ
697 1289 754 1339 ὲν
784 1291 902 1351 ταῖς
953 1289 1296 1359 ήπλωμέναις
1346 1291 1556 1343 πόλεσιν
1581 1334 1595 1356 ,
1645 1294 1766 1344 ὅσον

207 1379 673 1448 θαυμαστούμενος
700 1381 839 1440 τότε,
874 1381 998 1432 ὅταν
1036 1382 1092 1432 ἐν
1126 1381 1274 1432 πόλει
1311 1385 1566 1453 περιοχῆς
1604 1383 1762 1452 γένη-

205 1484 306 1528 ται,
337 1468 412 1530 ὡς
447 1469 542 1520 καὶ
571 1468 658 1521 διὰ
687 1469 840 1522 τοῦτο
869 1469 1158 1539 εὐλόγητον
1190 1467 1344 1526 εἶναι.

1758 1567 1819 1619 ll.

1949 1197 2099 1252 Haud
2140 1208 2285 1251 tanta
2320 1198 2541 1265 dignum
2577 1212 2697 1250 esse
2731 1197 3084 1254 admiratione
3118 1217 3238 1254 eum
3273 1205 3434 1258 mise-

1873 1289 2104 1342 ricordia
2176 1287 2266 1340 Dei
2325 1289 2376 1339 in
2439 1289 2776 1344 tenuioribus
2836 1291 3142 1346 civitatibus
3193 1305 3429 1362 apparet,

1869 1387 2068 1446 quanta
2099 1377 2241 1446 quod
2275 1394 2293 1424 ι
2331 1376 2380 1428 in
2407 1377 2618 1429 civitate
2653 1380 2857 1433 munita
2894 1381 2969 1451 (Ι)
3013 1402 3030 1432 ι
3063 1382 3113 1435 id
3163 1385 3273 1450 liat,
3309 1402 3433 1454 pro-

1869 1477 2155 1538 ptcreaque
2188 1467 2352 1522 Deum
2378 1484 2496 1523 esse
2530 1470 2874 1525 laudandum.

1518 1636 1579 1690 In
1624 1637 1893 1689 Pan/mum
1931 1651 2038 1696 Liv,
2072 1633 2155 1684 16.

272 1725 490 1794 Ἐλεγὲν
516 1743 601 1789 τις
634 1729 737 1780 τῶν
777 1727 1036 1788 παλαιῶν,
1069 1729 1272 1791 ζῶντας
1309 1732 1387 1792 εἰς
1416 1731 1540 1800 ᾆίου
1577 1732 1766 1801 κατὲρ-
1802 1747 1804 1796 1

1943 1726 2225 1780 Referebat
2269 1741 2298 1778 e
2334 1726 2639 1780 senioribus
2678 1729 2892 1796 quidam
2939 1731 3083 1786 solos
3113 1733 3230 1787 illos
3262 1734 3312 1788 iu
3340 1735 3428 1790 in-

199 1815 382 1884 ιεσθαι
419 1816 614 1886 μόνους
644 1819 767 1880 τοὺς
798 1819 1097 1888 κατήχησιν
1137 1819 1241 1870 τῶν
1279 1819 1433 1871 Οεὶων
1469 1820 1762 1890 παιδευμά-

197 1923 301 1958 των
331 1906 554 1976 ἔχοντας
574 1925 586 1938 °
637 1911 664 1960 ὁ
691 1909 797 1981 γὰρ
835 1910 1091 1976 ἄγευστος
1122 1909 1229 1962 τῶν
1273 1911 1372 1981 τῆς
1402 1910 1542 1981 ζωῆς
1572 1911 1759 1977 λόγων.

197 1999 400 2068 νεκρός.

1869 1820 2080 1874 fernum
2116 1818 2354 1871 viventes
2378 1817 2703 1873 descendere
2724 1860 2738 1882 ,
2786 1823 2880 1890 qui
2904 1822 3099 1878 divinis
3125 1836 3304 1880 essent
3322 1828 3428 1882 Vdo-

1870 1912 2059 1964 rtrinis
2109 1909 2341 1962 instituti
2380 1925 2398 1961 :
2438 1925 2562 1962 nam
2598 1911 2689 1980 qui
2722 1912 2841 1965 vitae
2875 1928 3152 1969 sermones
3193 1932 3296 1970 non
3329 1918 3425 1973 de-

1873 2005 2124 2074 gustavit,
2158 2011 2404 2072 mortuus
2431 2012 2531 2056 est.

209 2189 270 2244 In
303 2193 569 2260 psalmum
607 2210 736 2257 un,
777 2195 858 2246 12.
897 2225 963 2234 -—
991 2195 1231 2248 Scribam
1263 2211 1414 2246 suum
1444 2192 1750 2314 alloquitgr,
1786 2195 1973 2256 virum,
2003 2202 2059 2246 ut
2081 2193 2308 2254 videtur,
2333 2208 2431 2245 non
2462 2193 2745 2244 indoctum.
2783 2191 2912 2244 Cum
2940 2195 3075 2247 enim
3109 2195 3417 2265 Hippolytus

1699 2274 1903 2314 ictasset
1929 2280 1946 2314 :

1699 2274 1903 2316 ιειαδδει
1929 2280 1946 2316 .'

282 2358 426 2410 Ἐπεὶ
466 2359 521 2411 δέ
551 2359 665 2410 ἐστὶ
705 2377 786 2421 τις
831 2361 1036 2430 καιρὸς,
1072 2361 1128 2410 ὲν
1153 2353 1195 2426 ᾧ
1224 2361 1251 2411 ὁ
1289 2359 1385 2429 μὲν
1425 2359 1629 2422 δίκαιος
1661 2376 1760 2429 χα-

217 2451 439 2520 ρήσεται,
471 2452 516 2502 οἱ
537 2450 591 2502 δὲ
613 2450 919 2522 ἁμαρτωλοὶ
951 2451 1011 2503 τὸ
1039 2449 1225 2521 λεχθὲν
1257 2454 1381 2522 περὶ
1409 2451 1584 2505 αὐτῶν
1613 2451 1763 2514 τέλος

216 2540 422 2603 ἕξουσιν,
444 2542 663 2604 εἰκότως
682 2543 964 2612 ὁμολογεῖν
988 2543 1201 2606 πάντως
1228 2545 1489 2614 προσήκει
1521 2544 1614 2596 καὶ
1640 2545 1766 2596 ἀπο-

220 2629 496 2697 φαὶνεσθαι,
530 2630 609 2682 ὃτι
653 2633 766 2684 ἐστι
802 2632 934 2692 Θεὸς
972 2631 1163 2702 ἔφορος
1206 2633 1297 2685 καὶ
1334 2632 1624 2695 ἐπίσκοπος
1659 2631 1765 2683 τῶν

219 2724 266 2772 ὲν
289 2721 581 2794 ἀνθρώποις
614 2725 1015 2794 πραττομένων,
1049 2723 1245 2794 κρίνων
1276 2723 1523 2785 ἅπαντας
1547 2724 1670 2785 τοὺς
1701 2725 1758 2775 ἐν

219 2817 272 2883 τῇ
310 2818 374 2884 γῇ
432 2815 935 2885 πολιτευσαμένους.
1003 2816 1319 2884 Ἐπιπῆσαι
1371 2816 1426 2868 δὲ
1475 2816 1761 2886 προσήκει,

221 2910 405 2976 μήποτε
447 2910 480 2980 ἠ
524 2907 660 2978 μετά
701 2912 882 2979 χεῖρας
920 2909 1237 2980 προφητεία,
1290 2911 1436 2962 πᾶσα
1475 2907 1759 2970 ἀκόλουθος

1393 2999 1458 3051 τὰ
1492 2999 1616 3070 τέλη
1645 2999 1759 3052 δια-

215 2997 328 3052 οὗσα
368 3003 458 3053 καὶ
501 3002 814 3071 συνημμένη
853 3005 970 3063 ταῖς
1014 3000 1117 3072 πρὸ
1153 3001 1357 3069 αὐτῆς,

214 3095 380 3164 γράφῃ
411 3112 422 3123 ·

1929 2357 2032 2412 Sed
2062 2355 2318 2427 quoniam
2351 2365 2563 2425 tempus
2587 2367 2670 2411 est
2690 2357 2980 2426 quoddam,
3011 2360 3062 2411 in
3099 2376 3206 2428 quo
3235 2359 3419 2428 justus

1859 2450 2078 2520 quidem
2126 2447 2380 2516 gaudebit
2408 2488 2422 2511 ,
2453 2457 2761 2517 peccatores
2797 2465 2922 2502 vero
2962 2451 3273 2518 praxlietum
3315 2451 3420 2506 illis

1864 2543 2025 2596 linem
2076 2542 2350 2597 habebunt
2385 2559 2397 2592 :
2435 2540 2624 2593 merito
2671 2538 2946 2592 fatendum
2989 2541 3210 2595 omnino
3246 2556 3309 2596 ac
3336 2543 3421 2596 di-

1863 2632 2092 2688 cendum
2127 2642 2228 2694 est.
2265 2647 2385 2686 esse
2414 2629 2581 2684 Deum
2608 2631 3106 2700 contemplatorem,
3145 2633 3417 2702 inspecto-

1865 2737 2086 2790 remque
2113 2722 2384 2775 actionum
2415 2719 2772 2772 humanarum
2793 2759 2806 2782 ,
2835 2718 2924 2782 qui
2952 2719 3207 2787 dijntlicet
3229 2735 3416 2775 omnes

1869 2815 1962 2883 qui
2006 2814 2061 2866 in
2099 2822 2240 2867 terra
2281 2821 2582 2865 versantur.
2637 2807 2804 2862 Porro
2833 2810 3210 2878 inquirendum
3250 2827 3317 2865 an
3353 2828 3414 2866 ea

1866 2921 1986 2974 qua:
2013 2919 2122 2974 pra:
2152 2904 2401 2958 manibus
2432 2909 2514 2956 est
2539 2902 2817 2970 prophetia
2836 2941 2849 2965 ,
2885 2915 3007 2954 eum
3040 2917 3261 2969 prorsus
3287 2917 3417 2957 con--

1865 3005 2116 3051 sentanca
2157 3003 2211 3049 et
2241 3008 2484 3048 connexa
2525 2995 2594 3046 sit
2623 2992 3067 3062 praecedentibus,
3107 2993 3413 3062 huiusmodi

1861 3089 1996 3143 {lues
2012 3086 2386 3158 peccatoribus
2420 3085 2716 3150 describat;

275 3185 393 3240 Haec
433 3184 716 3256 Hippolyto
768 3186 996 3240 dictante
1022 3228 1035 3252 ,
1061 3188 1430 3256 grammaticus
1464 3185 1631 3256 ipsum
1663 3183 2065 3256 rogavit_,__eccu_r
2088 3181 2227 3256 circa
2250 3178 2714 3256 eapt_propl¢etiam
2762 3175 3050 3239 harsitaret,
3076 3178 3287 3246 perinde
3339 3196 3400 3250 ac

1069 3249 1114 3308 si
1145 3257 1207 3308 de
1234 3272 1324 3324 ope
1361 3249 1539 3308 divina
1584 3255 1638 3306 in
1669 3249 1738 3306 ea
1759 3254 1932 3305 exsilii
1962 3251 2264 3304 calamitate
2289 3249 2541 3316 difﬁderet
2565 3263 2582 3298 :

277 3351 582 3422 Ἐπίστησιν
616 3353 644 3402 ὁ
683 3351 1078 3421 γραμματικὸς,
1130 3351 1270 3412 τίνος
1324 3351 1504 3402 ἕνεκεν
1551 3351 1744 3416 ἐπεση-
1772 3355 1813 3410 C

208 3445 396 3515 μειώΘη
426 3462 513 3514 μοι
539 3443 599 3495 τὸ
617 3443 907 3511 διαγράφῃ
928 3443 1318 3506 ὑποτακτικὼς,
1343 3443 1415 3505 ὡς
1445 3441 1742 3510 δισταγμὸν

203 3525 516 3604 ὑποφαίνων.

259 3729 414 3795 Οἶδας
428 3734 483 3786 δὲ
499 3732 733 3794 παντως,
759 3730 837 3781 ὅτι
856 3727 923 3780 τὰ
949 3725 1056 3780 τῶν
1085 3723 1335 3777 τοιούτων
1352 3721 1745 3793 σχηματισμῶν

193 3828 265 3890 εἰς
294 3825 665 3895 ὑποτακτικὴν
693 3822 1047 3892 ἀναφέρονται
1085 3816 1336 3886 ἔκκλησιν
1367 3813 1472 3866 τῶν
1498 3812 1594 3876 τὰς
1620 3812 1746 3883 περὶ

189 3912 418 3984 Χριστοῦ
451 3911 780 3983 προφητείας
806 3906 1164 3980 μελετώντων,
1190 3905 1282 3957 καὶ
1312 3901 1652 3971 δικαιοσύνην
1672 3899 1748 3970 τῷ

185 4008 412 4076 στόματι
465 4002 782 4066 λαλούντων,
830 3999 902 4071 μὴ
948 3999 1045 4070 μὲν
1095 3995 1546 4068 παραδεξαμένων
1588 3994 1749 4047 αὐτὸν

181 4099 425 4160 ἐλθόντα,
462 4095 593 4167 μηδὲ
620 4094 1030 4149 ὲπακουσάντων
1064 4089 1226 4144 αὑτοῦ
1250 4089 1346 4160 τῆς
1376 4088 1555 4158 φωνῆς
1585 4086 1750 4156 βοῶν-

179 4209 267 4255 τος
331 4191 472 4260 πρὸς
524 4191 717 4252 αὐτοὺς
771 4188 862 4240 καὶ
917 4185 1192 4252 λέγοντος·
1254 4200 1270 4232 ‹
1341 4182 1394 4232 Ὀ
1436 4179 1595 4249 ἔχων
1624 4174 1746 4232 ὦτα

181 4285 424 4337 ἀκούειν
479 4278 764 4335 ἀκουέτωο
812 4280 1002 4341 οἵτινες
1067 4276 1349 4346 ὼμοίωσαν
1391 4273 1610 4333 ἑαυτοὺς
1669 4268 1746 4339 τῷ

185 4375 294 4443 ὀφει
318 4413 335 4436 ,
382 4373 477 4426 καὶ
507 4372 573 4424 τὰ
603 4366 714 4422 ὦτα
746 4368 919 4423 αὐτῶν
967 4367 1319 4437 πεποιήκασιν
1362 4364 1491 4416 ὡσεὶ
1529 4361 1746 4422 ἀσπίδος

184 4464 394 4532 κωφῆς,
445 4481 463 4513 ι
510 4463 602 4515 καὶ
630 4460 696 4513 τὰ
728 4459 853 4528 ἑξῆς
878 4457 1076 4510 τούτων
1115 4455 1390 4526 εἰρημένα.
1446 4453 1629 4504 Ἔστιν
1652 4445 1744 4503 οὖν

183 4550 396 4618 ἀληθῶς
435 4550 463 4600 ὁ
494 4549 877 4619 ἐπιμελόμενος
901 4546 1006 4597 τῶν
1037 4545 1258 4598 δικαίων
1289 4542 1438 4604 Θεὸς,
1474 4543 1566 4593 καὶ
1598 4541 1746 4594 δικά-

182 4643 286 4706 ζων
317 4642 414 4710 μὲν
445 4642 623 4702 αὐτοῖς
657 4638 1026 4708 ἀδικουμένοις
1054 4637 1143 4688 ἐπὶ
1179 4635 1277 4703 τῆς
1310 4635 1439 4703 γῆς·
1471 4630 1742 4702 τιμωρούη

183 4747 342 4801 μενος
366 4730 425 4783 δὲ
450 4731 572 4792 τοὺς
591 4728 900 4798 τολμῶντας
928 4725 1120 4787 αὐτοὺς
1139 4723 1357 4777 ἀδικεῖν.

1743 4815 1825 4868 IV.

1163 4910 1224 4961 In
1265 4909 1522 4977 psalmum
1561 4906 1820 4970 Lvut,27.

253 5007 343 5060 Διὸ
401 5007 492 5060 καὶ
539 5007 697 5078 μέχρι
730 5009 826 5078 τῆς
871 5011 1105 5078 σήμερον
1139 5005 1369 5076 ὁρῶντες
1405 5004 1528 5066 τοὺς
1569 5003 1742 5074 ὄρους,

188 5099 276 5154 καὶ
299 5099 480 5168 κύκλῳ
503 5101 798 5168 περιϊόντες
823 5097 1098 5170 πόρρωθεν
1132 5098 1386 5148 ἵστανται.
1421 5094 1613 5146 Οὑκέτι
1643 5089 1735 5146 οὖν

191 5187 448 5255 βασιλεὺς,
491 5189 609 5241 οὐδὲ
652 5189 936 5260 ἀρχιερεὺς
984 5187 1098 5239 οὐδὲ
1132 5187 1439 5256 προφήτης,
1479 5185 1588 5237 ἀλλ’
1623 5186 1739 5236 οὐδὲ

189 5281 524 5347 γραμματεῖς
556 5280 648 5330 καὶ
690 5281 959 5350 φαρισαῖοι
1000 5277 1091 5329 καὶ
1125 5276 1452 5329 σαδδουκαῖοι
1491 5276 1617 5345 παρ’
1649 5276 1740 5327 αὑ-

191 5368 288 5428 τοῖς
321 5367 475 5418 εἰσίν.
509 5368 582 5419 Οὐ
620 5369 718 5438 μὲν
747 5369 838 5421 καὶ
868 5366 1265 5434 ἁποκτανΟῆναί
1300 5383 1429 5436 φησι
1450 5383 1463 5396 ο
1505 5367 1584 5418 διὸ
1622 5383 1741 5417 συν-

194 5456 407 5526 έστηκεν
450 5457 626 5510 αὐτῶν
666 5460 726 5510 τὸ
756 5459 906 5526 γένος
928 5501 941 5522 ,
978 5456 1202 5511 καὶτῶν
1236 5455 1435 5510 παίδων
1463 5459 1494 5526 ὴ
1529 5457 1741 5528 διαδοχὴ

255 5573 271 5601 τ
303 5570 490 5626 Matth.
518 5589 592 5635 τι,
623 5572 708 5625 15.

263 5686 335 5754 υ)
379 5688 556 5756 Ipsam
590 5688 777 5743 urbem
812 5689 1019 5757 imperii
1057 5688 1234 5744 sedem
1272 5688 1538 5760 intelligit.

1919 3347 2086 3400 Instat
2131 3344 2536 3415 grammaticus,
2589 3359 2684 3395 cur
2717 3344 2939 3398 verbum
2976 3343 3268 3416 διαγρὰφῃ,
3327 3348 3414 3398 de-

1848 3439 2066 3498 scribat,
2085 3436 2426 3504 subjunetivo
2454 3435 2611 3488 modo
2641 3451 2671 3488 a
2704 3452 2787 3489 me
2812 3447 3125 3505 usurpatum
3145 3439 3232 3501 sit,
3257 3438 3409 3506 quasi

1852 3527 2236 3582 dubitationem
2259 3525 2509 3578 insinuet.

1411 3627 1722 3697 Hippolytus
1749 3641 1869 3693 ergo
1903 3623 2167 3691 respondit
2194 3640 2210 3672 :

1920 3716 2040 3770 Seis
2081 3723 2258 3770 autem
2303 3712 2542 3773 omnino,
2585 3712 2671 3765 illa
2707 3726 2826 3781 quae
2875 3712 3175 3768 istiusmodi
3216 3713 3414 3769 forma-

1849 3808 2052 3861 tionum
2082 3813 2225 3865 sunt,
2254 3801 2320 3856 ad
2349 3801 2744 3871 subjunetivam
2781 3801 2968 3855 referri
2995 3803 3411 3872 increpationem

1850 3911 2037 3952 eorum
2064 3893 2156 3964 qui
2185 3893 2302 3948 illas
2331 3909 2452 3963 quae
2472 3893 2538 3947 de
2565 3892 2780 3946 Christo
2810 3900 2936 3944 sunt
2964 3893 3270 3963 prophetias
3296 3911 3410 3950 tne-

1851 3991 2095 4044 ditantur
2132 3986 2369 4056 quidem,
2416 3996 2470 4041 et
2512 3985 2774 4055 justitiam
2823 3999 2916 4036 ore
2965 3984 3406 4054 proloquuntur:

1854 4080 1946 4134 sed
1984 4080 2158 4148 ipsum
2189 4079 2562 4133 advenientem
2583 4094 2690 4133 non
2719 4075 3005 4144 recipiunt,
3033 4090 3206 4145 neque
3221 4093 3406 4133 vocem

1847 4174 1966 4241 ejus
2005 4172 2230 4226 audiunt
2257 4171 2543 4226 clamantis
2560 4179 2718 4242 atque
2747 4169 2974 4223 dicentis
3007 4186 3020 4220 ι
3065 4189 3082 4222 ι
3118 4170 3220 4235 Qui
3253 4172 3407 4226 habet

1851 4281 2000 4318 aures
2032 4264 2279 4318 audiendi
2325 4266 2588 4318 audiat’:
2639 4267 2732 4334 qui
2779 4265 3181 4334 assimilaruntl
3212 4274 3405 4319 seruet-

1851 4355 1994 4424 ipsos
2056 4356 2324 4424 serpenti,
2375 4366 2428 4410 et
2451 4371 2610 4410 aures
2639 4371 2767 4410 suas
2802 4356 3046 4411 fecerunt
3089 4357 3229 4410 sicut
3269 4357 3407 4424 aspi-

1850 4446 1933 4501 dis
1999 4447 2227 4500 surdzez
2272 4440 2290 4498 ι
2337 4457 2389 4501 et
2419 4465 2539 4518 quae
2583 4448 2775 4502 exinde
2846 4447 2988 4502 dicta
3053 4457 3195 4500 sunt.
3267 4444 3405 4498 Dens

1851 4536 2030 4606 itaque
2054 4537 2322 4605 justorum
2354 4554 2539 4594 revera
2565 4555 2749 4594 curam
2772 4540 2927 4609 gerit,
2956 4539 3263 4608 atqueipsis
3287 4539 3378 4607 qui

1850 4627 1970 4682 dem
2003 4629 2255 4698 iujuriam
2289 4632 2465 4698 passis
2497 4631 2548 4684 in
2587 4631 2836 4701 terrajus
2860 4632 3022 4696 dicit;
3055 4633 3248 4701 premit
3281 4647 3404 4685 vero

1851 4719 1970 4772 illos
2003 4720 2094 4788 qui
2131 4720 2356 4788 injurias
2386 4721 2516 4789 ipsis
2551 4720 2748 4776 inferre
2772 4733 3120 4790 praesumunt.

1854 4935 1919 4945 -—
1949 4904 2144 4958 Contra
2187 4905 2419 4958 Judceos.

1926 5001 2128 5056 ldeireo
2151 5002 2312 5055 etiam
2342 5017 2513 5071 usque
2539 5003 2590 5055 in
2622 5003 2759 5057 hanc
2795 5004 2935 5058 diem
2959 5003 3197 5056 videntes
3227 5003 3400 5071 regio-

1848 5092 1931 5145 nis
1958 5091 2152 5146 limites
2181 5101 2232 5145 et
2255 5092 2670 5157 circumeuntes,
2696 5093 2908 5147 eminus
2928 5093 3248 5146 consistunt.
3284 5091 3399 5145 Non

1849 5184 2080 5253 amplius
2114 5184 2296 5253 itaque
2329 5185 2410 5237 vel
2447 5201 2560 5249 rex,
2601 5186 2680 5239 vel
2708 5184 2967 5254 pontifex.
3013 5184 3092 5238 vel
3119 5184 3395 5253 propheta,

1849 5275 1940 5328 sed
1991 5291 2162 5344 neque
2214 5274 2414 5330 Scriba:
2457 5285 2510 5330 et
2560 5275 2814 5333 Pharisaei
2860 5294 2922 5333 ac
2953 5276 3229 5331 Sadduczei
3259 5277 3396 5345 apud

1851 5367 1998 5434 ipsos
2039 5379 2182 5420 sunt.
2226 5366 2602 5422 Verumtamen
2640 5384 2745 5422 non
2773 5369 2904 5438 petit
2932 5376 2992 5421 ut
3031 5367 3342 5423 occidantur
3380 5384 3393 5419 :

1850 5467 2174 5527 quapropter
2204 5469 2256 5514 et
2290 5476 2457 5530 genus
2485 5474 2670 5515 eorum
2701 5459 2978 5526 subsistit,
3018 5470 3070 5516 et
3106 5459 3412 5521 liberorutu_
