3860 6200
502 242 609 302 ἠδ
1251 247 1311 304 S.
1353 244 1706 304 HIPPOLYTI
1746 245 1896 302 OPP.
1940 247 2118 304 PARS
2176 249 2216 301 l.
2258 271 2326 289 ---~
2364 243 2785 303 FRAGMENTA
2825 242 3067 301 DUBIA.»
3551 255 3626 310 'i‘ll

503 363 778 420 successio
829 363 1235 435 multiplicatur.
1280 366 1395 422 Non
1429 369 1571 423 enim
1616 366 1885 424 interfecti
1921 383 2027 423 sun

2111 375 2144 432 Α
2171 368 2450 440 πληθύνει.
2492 367 2566 420 Ού
2597 366 2705 437 γὰρ
2733 363 3135 436 ἀπεκτάνθησαν
3157 406 3171 430 ,
3203 364 3298 417 οὐδ’
3322 365 3374 429 ἐξ
3398 367 3635 436 ἀνθρώπων

503 470 678 525 neque
704 470 771 511 ex
800 455 1112 534 hominibus
1150 457 1329 520 deleti,
1359 460 1448 514 sed
1479 467 1608 516 sunt
1637 460 1857 530 quidem
1879 471 1932 516 et
1960 477 2025 515 ex

2163 459 2500 531 ἀπέσϐησαν,
2521 457 2633 511 ἀλλ’
2663 457 2769 510 εἰσὶ
2798 456 2894 526 μὲν
2923 455 3016 509 καὶ
3041 454 3377 524 ὑφεστήκασιν
3397 475 3408 489 ο
3435 458 3574 522 οὕτως
3595 461 3636 514 δὲ

502 548 703 603 sistunt
728 564 741 599 :
767 555 1140 604 verumtamen
1170 557 1426 619 tanquam
1467 552 1650 621 rejecti
1688 568 1753 606 ac
1791 553 2026 607 deturbat

2161 553 2237 615 ὡς
2262 549 2748 620 καταϐεϐλημένοι,
2788 548 2881 600 καὶ
2922 545 3378 617 κατανηνεγμένοι,
3417 543 3475 619 ἧς
3512 549 3641 602 πάλαι

501 639 572 693 ab
598 638 822 705 honore,
845 656 1006 710 quem
1037 641 1164 695 olim
1189 643 1329 712 apud
1357 642 1522 698 Deum
1553 644 1886 699 obtinebant.
1917 644 2018 710 Qui

2159 643 2386 714 ὴξίωντο
2421 640 2570 713 παρὰ
2593 639 2710 710 Θεῷ
2735 639 2916 710 τιμῆς.
2957 636 3110 690 Ἀλλά
3135 637 3242 702 καὶ,
3280 655 3296 688 ι
3324 638 3641 708 Διασκόρπισον

499 741 578 795 et,
611 750 630 785 ι
664 731 918 802 Disperge
956 732 1097 795 illos.
1132 733 1326 802 inquit,
1375 734 1428 788 in
1453 735 1655 790 virtute
1687 745 1779 790 tua
1813 753 1826 789 :
1860 753 1878 786 ›
1914 751 2022 805 quo

2124 761 2129 768 ι
2158 736 2387 797 αὐτοὺς,
2427 733 2612 803 φησὶν,
2647 733 2704 785 ὲν
2735 734 2800 802 τῇ
2830 727 3054 800 δυνάμει
3093 745 3212 781 σουο
3251 747 3268 780 ι
3297 727 3398 800 ὃδὴ
3423 731 3502 782 καί
3525 730 3645 798 γέγο-

499 829 689 893 utique
729 824 890 877 etiam
932 825 1173 894 contigit.
1220 823 1276 878 In
1315 826 1621 882 universam
1664 827 1807 882 enim
1863 836 2023 883 terrat

2165 843 2272 878 vev.
2318 826 2412 888 Είς
2453 825 2634 877 πᾶσαν
2678 821 2783 894 γὰρ
2819 821 2917 892 τὴν
2959 821 3062 890 γῆν
3103 820 3452 892 διεσπαρμένοι
3488 825 3645 893 τυγχά-

498 910 732 983 dispersi
781 926 928 981 sunt,
982 916 1181 986 ubique
1219 917 1513 972 servientes
1543 927 1703 987 atque
1745 917 1957 973 inﬁmas
1997 935 2022 972 a

2167 933 2339 978 νουσι,
2361 913 2698 976 δουλεύοντες
2729 910 3024 981 πανταχοῦ,
3061 911 3152 964 καὶ
3177 910 3271 974 τὰς
3293 911 3562 981 ἐλαχίστους
3578 913 3650 965 καί

500 1001 727 1055 serviles
760 1011 903 1056 artes
934 1017 1123 1057 omnes
1145 1041 1158 1068 ,
1191 1013 1350 1074 atque
1379 1005 1679 1061 indecentia
1710 1007 1923 1076 opiﬁcia
1952 1024 2024 1078 pr:

2164 1007 2551 1079 δουλοπρεπεῖς
2596 1005 2808 1076 τέχνας,
2857 1004 3036 1065 πάσας
3057 1019 3116 1054 τε
3149 1001 3244 1065 τὰς
3277 1003 3510 1073 ἀπρεπεῖς
3532 1002 3650 1073 μεθό-

499 1089 646 1146 fame
673 1093 956 1148 obeuntes.

2167 1097 2290 1161 δους
2317 1097 2474 1150 ἕνεκα
2499 1094 2592 1148 τοῦ
2626 1093 2813 1165 πεινᾷν
2839 1092 3232 1164 μετερχόμενοι.

568 1183 701 1239 Nam
735 1186 783 1242 si
815 1187 976 1242 deleti
1006 1197 1190 1243 essent
1213 1203 1278 1244 ex
1306 1189 1618 1246 hominibus
1638 1235 1652 1255 ,
1683 1192 1757 1246 ita
1783 1201 1846 1247 ut
1872 1193 2060 1248 nullibi

2230 1193 2294 1246 El
2325 1191 2432 1263 γάρ
2457 1187 2594 1262 ἦσαν
2628 1191 2687 1254 ἐξ
2719 1189 3016 1259 ἀνθρώπων
3058 1185 3446 1257 ἀφανισθέντες,
3478 1187 3665 1259 μηδαμῆ

500 1277 611 1331 ullo
637 1279 800 1334 modo
845 1279 897 1334 in
933 1281 1069 1334 vivis
1102 1280 1312 1350 essent],
1355 1281 1797 1352 haudquaquam,
1841 1283 2017 1353 inquit

2163 1284 2424 1356 μηδαμῶς
2456 1285 2514 1336 ὲν
2555 1282 2718 1347 ζωσιν
2760 1281 2928 1345 ὄντες,
2959 1281 3059 1334 ούκ
3111 1279 3176 1333 ἂν
3219 1275 3378 1341 εἷδδν,
3416 1280 3546 1350 φησὶ,
3586 1279 3656 1331 τὸν

499 1380 725 1424 nossent
763 1373 1018 1441 populum
1068 1389 1270 1436 meum,
1329 1389 1503 1444 neque
1555 1375 1842 1430 scivissent
1887 1391 2023 1430 meat

2161 1376 2292 1447 ἐμὸν
2320 1373 2467 1439 λαὸν,
2503 1374 2609 1427 οὐδ’
2636 1373 2702 1427 ἂν
2737 1372 2976 1441 ἔγνωσαν
3010 1369 3273 1424 ἀνθοῦσαν
3304 1371 3392 1442 τὴν
3418 1371 3538 1441 ὲμὴν
3569 1372 3657 1423 Ἰἴιι⁴

499 1456 796 1514 Ecclesiam
827 1460 1040 1515 ﬂorere.
1093 1459 1277 1532 Itaque
1301 1463 1546 1534 disperge
1574 1463 1696 1518 illos
1728 1464 1925 1533 ubique
1952 1476 2023 1520 ter

2159 1467 2403 1536 κλησίαν.
2439 1465 2829 1536 Διασκόρπισον
2857 1462 3031 1517 τοίνυν
3061 1463 3251 1525 αὐτοὺς
3283 1462 3534 1533 ἁπανταχῆ
3561 1461 3656 1532 γῆς,

497 1563 705 1616 rarum,
753 1551 842 1604 ubi
871 1550 1108 1607 Ecclesia
1142 1569 1262 1608 mea
1307 1555 1469 1609 etiam
1507 1556 1800 1610 constituta
1833 1566 1949 1622 est;
2003 1573 2021 1611 t

2161 1556 2289 1610 ἔνθα
2311 1556 2492 1627 μέλλει
2523 1556 2614 1608 καὶ
2647 1556 2678 1625 ὴ
2706 1553 2813 1625 ἐμὴ
2855 1553 3146 1624 Ἐκκλησία
3181 1552 3659 1615 συνίστασθαι’δπως

493 1657 621 1696 cum
647 1642 880 1698 viderint
912 1643 1207 1699 Ecclesiam
1233 1661 1263 1700 a
1295 1661 1382 1700 me
1413 1646 1714 1712 fundatam,
1742 1647 1806 1702 ad
1834 1649 2017 1703 aemula

2164 1648 2446 1719 βλέποντες
2488 1647 2588 1719 τὴν
2627 1647 2718 1700 ὑπ’
2753 1645 2886 1718 ἐμοῦ
2915 1645 3322 1717 θεμελιωθεῖσαν
3373 1644 3659 1716 Ἐκκλησίαν,

497 1734 703 1789 tionem
734 1734 902 1788 divini
922 1737 1100 1790 cultus
1123 1737 1435 1791 inciteutur.
1471 1738 1718 1793 Salvator
1741 1739 1922 1809 itaque
1948 1740 2021 1795 ha

2162 1743 2239 1804 είς
2276 1738 2432 1810 ζῆλον
2479 1738 2720 1810 ἔρχοιντο
2749 1736 3076 1803 θεοσεϐείας.
3119 1735 3317 1792 Ούκοῦν
3355 1739 3438 1791 καὶ
3471 1736 3663 1791 ταῦταὸ

492 1826 661 1880 etiam
697 1841 794 1895 pro
822 1827 954 1896 ipsis
974 1829 1202 1897 rogavit.

2166 1831 2352 1902 Σωτὴρ
2381 1831 2520 1902 ὑπὲρ
2549 1830 2728 1884 αὐτῶν
2764 1829 2976 1902 ηὔχετο.

866 1967 897 1986 .
2054 1926 2118 1980 ν.

1833 2014 1898 2074 1η
1933 2021 2193 2090 psalmum
2243 2035 2352 2082 LXI,
2382 2018 2434 2073 7.

566 2111 788 2182 Profugi
834 2112 1050 2181 proprie
1080 2111 1333 2168 dicuntur
1357 2155 1372 2180 ,
1412 2115 1504 2184 qui
1542 2117 1610 2172 ab
1652 2118 1923 2188 aliquibus
1953 2118 2055 2172 bo-
2087 2173 2090 2180 ,

2230 2115 2576 2169 Μετανάσται
2601 2112 2803 2188 κυρίως
2827 2109 3076 2182 λέγονται
3095 2113 3144 2164 oi
3166 2110 3312 2183 παρά
3337 2128 3481 2164 τινων
3501 2108 3667 2180 ἐχθρῶν

492 2204 669 2261 stibus
699 2214 793 2259 aut
833 2205 1069 2260 inimicis
1091 2207 1266 2260 eversi
1313 2217 1462 2274 sunt,
1506 2224 1570 2263 ac
1613 2210 1806 2264 deinde
1837 2210 2016 2264 exsule

2156 2208 2189 2280 ἢ
2227 2207 2496 2277 πολεμίων
2524 2205 2913 2279 πορθηθέντες,
2967 2201 3087 2258 εἶτα
3130 2205 3396 2275 γενόμενοι
3445 2203 3663 2274 μέτοικοι⁴

491 2296 661 2350 facti:
685 2295 826 2366 quod
860 2296 1018 2351 etiam
1044 2313 1143 2352 nos
1172 2312 1202 2351 a
1239 2298 1572 2355 dtemonibus
1613 2302 1762 2372 prius
1793 2302 2015 2356 toleravc

2156 2299 2292 2370 ὅπερ
2312 2300 2405 2352 καὶ
2432 2300 2591 2369 ἡμεῖς
2618 2297 2767 2369 παρά
2783 2297 2895 2350 τῶν
2911 2296 3180 2367 δαιμόνων
3202 2296 3542 2366 ὑπεμείναμεν
3565 2296 3669 2364 πρό-

490 2401 702 2443 ramus.
735 2385 930 2442 Verum
953 2400 1018 2441 ex
1035 2402 1143 2456 quo
1175 2402 1275 2443 nos
1303 2389 1553 2446 Christus
1581 2408 1675 2461 per
1703 2392 1860 2448 ﬁdem
1899 2409 2014 2448 suat

2160 2406 2332 2462 τερον.
2389 2391 2504 2459 Ἀφ’
2537 2385 2598 2444 οῦ
2637 2389 2695 2443 δὲ
2734 2388 2888 2461 ἡμῶν
2922 2388 3156 2459 Χριστὸς
3197 2387 3282 2441 διά
3320 2387 3410 2459 τῆς
3438 2388 3509 2450 εἰς
3541 2385 3669 2438 αὑτὸν

492 2481 770 2549 suscepit,
801 2494 906 2534 non
931 2480 1165 2549 amplius
1194 2499 1224 2535 a
1253 2496 1376 2536 vera
1404 2491 1591 2538 nostra
1621 2485 1794 2555 patria
1825 2500 2016 2555 supera

2165 2481 2484 2535 ἀντελάϐετο
2514 2483 2766 2545 πίστεως,
2806 2481 2985 2534 οὐκέτι
3019 2479 3346 2551 μετανάσται
3375 2477 3473 2535 ἀπὸ
3496 2479 3579 2549 τῆς
3600 2477 3668 2528 δν-

489 2569 788 2628 Jerusalem
810 2575 1078 2638 casulare,
1107 2582 1200 2629 aut
1234 2588 1265 2628 a
1291 2575 1514 2630 veritate
1536 2577 1604 2630 ad
1630 2591 1865 2632 errorem
1890 2589 2008 2632 tran

2163 2588 2270 2636 τως
2313 2572 2563 2644 πατρίδος
2604 2572 2950 2644 Ἰερουσαλὴμ
2998 2573 3100 2644 τῆς
3137 2573 3249 2626 ἄνω
3290 2570 3548 2642 γινόμεθα,
3576 2569 3669 2622 οὐδὲ

489 2665 621 2720 ferri
653 2665 987 2721 sustinemus
1019 2667 1116 2736 (ί).

2168 2663 2572 2735 μετοικισθῆναι
2622 2664 2729 2718 ἀπὸ
2785 2664 2884 2734 τῆς
2938 2663 3192 2734 ἀληθείας
3250 2665 3326 2727 είς
3368 2662 3460 2734 τὴν
3505 2661 3670 2731 πλάνην

2164 2754 2484 2826 ἀνεχόμεθα.

2034 2848 2122 2904 γι.
2802 2919 2812 2934 ἱ

1285 2934 1349 2998 In
1379 2945 1641 3013 psalmum
1688 2958 1856 3008 van.
1911 2945 1999 3000 i9.
2029 2945 2176 3001 -De
2209 2948 2619 3018 ampliﬁcatione
2653 2945 2920 3004 Ecclesitc.

563 3031 828 3088 Caeterum
862 3029 1171 3091 incredulos
1197 3047 1415 3106 quoque
1461 3052 1850 3108 nonnunquam
1891 3037 2057 3091 trahit

2234 3041 2416 3094 Ἔλκει
2447 3040 2502 3093 δὲ
2521 3041 2614 3093 καὶ
2637 3041 2762 3104 τοὺς
2795 3038 3155 3105 ἀπειθοῦντας
3185 3038 3294 3095 ἔσθ’
3317 3041 3402 3094 ὅτε
3434 3040 3514 3095 διὰ
3538 3039 3673 3094 νόσων

488 3137 586 3195 per
606 3125 828 3181 morbos
855 3135 910 3181 et
929 3125 1324 3183 aiilictationes.
1343 3125 1485 3194 Quin
1506 3129 1668 3182 etiam
1691 3128 1848 3182 multi
1865 3143 1961 3197 per
1979 3143 2010 3182 v

2159 3133 2254 3186 καὶ
2289 3131 2678 3204 περιστάσεων.
2720 3131 2910 3185 Πολλοὶ
2933 3131 2991 3186 δὲ
3022 3134 3121 3187 καὶ
3150 3131 3217 3186 δι’
3252 3133 3524 3206 ὁραμάτων
3545 3127 3673 3203 ἦλθον

488 3217 670 3274 siones
679 3218 750 3274 ad
763 3219 867 3275 hoc
881 3229 1268 3289 pervenerunt,
1294 3228 1355 3276 ut
1369 3221 1510 3292 apud
1526 3219 1710 3277 Jesum
1724 3221 2012 3278 habitarem

1765 3221 2050 3278 abitarent.
2159 3224 2236 3286 είς
2263 3222 2325 3275 τὸ
2350 3221 2764 3292 κατασκηνῶσαι
2792 3222 2942 3295 παρὰ
2968 3221 3049 3293 τῷ
3090 3221 3285 3294 Ἰησοῦ.

2047 3336 2155 3397 VII.

1423 3437 1488 3492 In
1517 3439 1778 3508 psalmum
1843 3453 2084 3494 uuvnt
2105 3479 2122 3503 ,
2178 3435 2231 3491 ι.
2259 3468 2318 3478 -
2353 3435 2549 3492 Contra
2577 3436 2813 3507 gentiles.

557 3530 614 3584 in
640 3528 867 3586 circuitu
897 3539 1078 3586 autem
1104 3538 1292 3586 nostro
1317 3541 1442 3586 sunt
1465 3547 1798 3603 paganorum
1822 3525 2038 3602 sapien-
2067 3542 2081 3598 4

2215 3530 2413 3602 Κύκλῳ
2436 3529 2492 3582 δὲ
2522 3529 2677 3600 ἡμῶν
2698 3532 2834 3584 είσιν
2873 3529 3147 3601 Ἐλλήνων
3177 3530 3226 3583 οί
3250 3529 3418 3598 σοφοὶ,
3456 3524 3679 3596 μυκτηρί-

484 3631 591 3687 tes,
631 3623 981 3694 explodentes
1021 3638 1085 3678 ac
1123 3623 1520 3679 subsannantes
1561 3640 1680 3691 nos,
1740 3632 1923 3695 utpote
1951 3640 2008 3694 ιιι

2156 3616 2337 3686 ζοντες
2373 3621 2466 3676 καὶ
2502 3619 2851 3692 χλευάζοντες
2895 3623 3060 3693 ἡμᾶς,
3111 3622 3188 3686 ὡς
3227 3621 3574 3688 ἀνεξετάστως
3609 3619 3680 3670 καὶ

480 3717 605 3772 sine
639 3717 980 3787 indagatione
1005 3732 1067 3772 ac
1093 3717 1255 3772 stulte
1285 3717 1591 3772 credamus.

1229 3732 1255 3772 e
1285 3717 1591 3772 credamus.
2159 3713 2354 3786 μωρῶς
2383 3712 2753 3776 πιστεύοντας.

2033 3810 2165 3864 Vili.

1065 3906 1129 3962 In
1185 3909 1319 3961 illud
1349 3909 1539 3978 psalmi
1583 3922 1706 3972 xcv,
1763 3909 1822 3962 Η
1863 3928 1874 3961 :
1911 3926 1929 3958 ι
1965 3907 2363 3962 Commoveatur
2391 3920 2534 3959 mare
2566 3915 2615 3958 et
2642 3905 2911 3974 plenitudo
2932 3921 3066 3976 ejus.
3110 3927 3129 3959 ι

553 3997 658 4054 Per
679 4000 796 4055 haec
817 4008 996 4055 autem
1015 4016 1196 4056 sermo
1223 4003 1494 4072 signiﬁcat
1521 4003 1884 4073 evangelicam
1911 4017 2048 4071 prae—

2221 3998 2481 4069 Σημαίνει
2521 3996 2579 4052 δὲ
2610 3998 2698 4051 διά
2737 3999 2941 4053 τούτων
2995 4003 3024 4054 ὁ
3063 4000 3227 4070 λόγος
3275 3997 3611 4054 διελεύσεσθαι
3635 3993 3681 4048 τὸ

471 4092 830 4158 dicationem,
864 4104 919 4149 et
944 4094 1110 4147 maria
1140 4103 1195 4147 et
1227 4093 1434 4148 insulas
1461 4093 1652 4158 maris,
1681 4103 1845 4162 atque
1877 4093 1995 4147 hom

2156 4090 2504 4159 εύαγγελικὸν
2547 4091 2826 4161 κήρυγμα,
2869 4090 2962 4144 καὶ
2999 4091 3066 4144 τὰ
3110 4092 3346 4163 πελάγη,
3387 4093 3477 4146 καὶ
3501 4091 3588 4152 τὰς
3609 4087 3680 4140 ὲπί

489 4200 580 4240 aes
619 4187 673 4239 in
705 4186 772 4240 iis
805 4186 1144 4253 habitantes,
1204 4201 1343 4257 quos
1372 4205 1390 4238 ι
1423 4186 1810 4257 plenitudinem
1855 4188 1972 4258 ejus

2159 4179 2424 4251 θαλάσσης
2465 4178 2682 4252 νήσους,
2731 4179 2857 4244 τούς
2896 4197 2955 4233 τε
2986 4183 3042 4235 ὲν
3074 4182 3303 4247 ταύταις
3338 4180 3683 4238 κατοικοῦντας

479 4285 656 4339 νοσοῖ,
684 4291 1065 4346 pervasuram;
1119 4277 1262 4346 quod
1307 4276 1493 4346 utique
1521 4291 1580 4330 re
1611 4277 1724 4346 ipsa
1765 4277 2003 4347 impletur

2159 4271 2483 4344 ἀνθρώπους,
2545 4291 2563 4324 ι
2615 4271 2882 4344 πλήρωμα
2917 4274 3087 4345 αὐτῆς
3135 4295 3153 4327 ι
3213 4273 3683 4347 ὠνομασμένουςοὸ

479 4374 586 4420 est.
639 4365 915 4436 Siquidem
963 4367 1217 4422 Ecclesiae
1259 4367 1457 4423 Christi
1506 4370 1711 4424 insulas
1741 4383 1930 4423 omnes
1959 4385 2003 4425 re

2158 4364 2242 4417 καὶ
2268 4363 2396 4417 αὐτὸ
2423 4362 2574 4427 τέλος
2605 4363 2808 4434 ἔτυχεν.
2843 4365 2950 4417 Καὶ
2984 4365 3092 4438 γάρ
3139 4367 3454 4438 Ἐκκλησίαι
3484 4359 3682 4436 Χριστοῦ

478 4459 627 4528 plent
651 4468 706 4512 et
745 4459 798 4511 in
827 4458 942 4514 dies
973 4459 1417 4529 multiplicantur,
1448 4471 1610 4531 atque
1645 4462 2002 4516 incrementa:

2157 4453 2243 4518 τὰς
2267 4456 2462 4526 νήσους
2504 4455 2719 4519 ἁπάσας
2757 4455 3039 4527 πληροῦσι,
3082 4457 3314 4527 πληθύει
3347 4475 3404 4510 τε
3429 4457 3681 4528 ὁσημέραιι

480 4548 647 4603 sumit
668 4548 915 4603 doctrina
949 4549 1223 4604 salutaris.

2145 4551 2239 4603 xui.
2276 4547 2580 4603 ἐπιδίδωσιν
2607 4551 2640 4622 ἡ
2674 4550 2934 4621 σωτήριος
2958 4548 3294 4603 διδασκαλία.

2043 4643 2138 4700 IX.

1670 4739 1734 4798 In
1774 4743 2036 4812 psalmum
2087 4755 2276 4802 cxvm,
2326 4740 2512 4795 50—52.

546 4833 770 4888 Amator
806 4835 1068 4898 veritatis,
1104 4847 1157 4891 et
1200 4840 1292 4908 qui
1339 4855 1615 4910 nunquam
1649 4856 1744 4909 per
1786 4855 1850 4894 os
1882 4855 2041 4894 suum

2229 4838 2286 4892 '0
2316 4838 2634 4909 φιλαλήθης,
2673 4837 2764 4891 καὶ
2807 4841 3010 4908 μήποτε
3038 4836 3336 4909 προφέρων
3371 4834 3532 4906 ψευδῆ
3560 4832 3687 4899 λόγον

479 4940 780 4981 sermonem
832 4925 1024 4982 falsum
1071 4929 1303 4998 profert,
1339 4933 1518 4986 dicere
1549 4932 1720 5000 possit
1759 4950 1771 4985 :
1810 4949 1830 4982 ι
1877 4930 2003 4984 Vian

2156 4931 2228 4983 5ιά
2253 4931 2538 5000 στόματος,
2557 4932 2699 4984 εἴποι
2719 4929 2835 4994 ἂν,‹
2858 4930 3004 4984 Ὀδὸν
3030 4930 3291 5001 ἀληθείας
3313 4928 3680 5002 ῄρετισάμηνΑ

477 5021 723 5075 veritatis
770 5020 926 5091 elegi.
985 5039 1002 5071 ι
1038 5021 1177 5088 Quin
1208 5030 1262 5076 et
1305 5023 1350 5076 is
1395 5023 1484 5091 qui
1531 5023 1735 5093 judicia
1760 5022 1854 5076 Dei
1893 5037 2001 5076 sem

2162 5022 2308 5076 Ἀλλά
2349 5025 2440 5075 καὶ
2475 5026 2504 5075 ὁ
2542 5023 2827 5086 διαπαντὸς
2867 5021 2970 5093 πρὸ
2995 5021 3297 5093 ὀφθαλμῶν
3343 5021 3606 5092 τιθέμενος
3633 5013 3686 5066 τὰ

479 5128 575 5182 per
598 5123 722 5168 ante
743 5115 930 5169 oculos
949 5115 1118 5184 ponit,
1151 5125 1204 5168 et
1230 5116 1282 5168 in
1311 5115 1458 5168 omni
1483 5115 1696 5169 actione
1721 5115 2002 5170 eorumder

2160 5115 2228 5168 τοῦ
2259 5114 2394 5166 Θεοῦ
2437 5113 2677 5185 κρίματα
2699 5153 2714 5176 ,
2750 5113 2842 5166 καὶ
2882 5114 2972 5166 ἐπὶ
3016 5113 3168 5186 πάσῃ
3199 5113 3401 5185 πράξει
3435 5104 3684 5183 μεμνημέ-

475 5207 742 5273 meminit,
794 5208 973 5262 dieet:
1016 5227 1033 5258 ι
1083 5205 1290 5263 Iudicia
1326 5213 1420 5260 tua
1454 5221 1563 5261 non
1599 5222 1718 5261 sum
1754 5207 1972 5262 oblitus.

2158 5223 2222 5268 Ιος
2249 5204 2426 5257 αὐτῶν
2452 5205 2591 5274 ἐρεῖ·
2632 5223 2650 5254 ι
2683 5203 2764 5255 Τά
2784 5203 3026 5275 κρίματά
3051 5219 3144 5255 σου
3175 5202 3277 5256 οὐκ
3304 5199 3682 5266 ἐπελαθόμην.»

475 5294 544 5350 Et
581 5298 852 5362 quomodo
877 5313 972 5353 cor
1005 5309 1246 5354 nostrum
1279 5314 1376 5368 per
1414 5299 1736 5353 tentationes
1773 5313 1836 5354 ac
1863 5300 1999 5353 tribu

2162 5299 2245 5351 [at
2275 5296 2390 5358 πῶς
2417 5295 2574 5365 ἡμῶν
2620 5297 2652 5365 ἡ
2681 5294 2873 5365 καρδία
2911 5293 3237 5348 πλατύνεται
3268 5293 3360 5346 διά
3399 5282 3686 5362 πειρασμῶν

473 5382 705 5442 lationes
724 5389 1018 5443 dilatatur?
1047 5388 1136 5443 Hae
1171 5389 1439 5460 siquidem
1472 5390 1526 5443 in
1557 5390 1715 5445 nobis
1737 5391 1922 5460 spinas
1946 5407 1997 5446 cc

2163 5391 2227 5444 :a‘t
2267 5387 2526 5458 θλίψεων;
2573 5386 2755 5439 Ταῦτα
2789 5387 2895 5455 γὰρ
2935 5386 3032 5449 τὰς
3071 5387 3127 5438 ὲν
3167 5386 3302 5456 ἡμῖν
3343 5384 3574 5444 ἀκάνθας
3597 5375 3687 5430 τῶν

546 5569 626 5637 (1)
652 5568 725 5641 _ln
753 5568 953 5624 Catena
1015 5568 1256 5641 Corderii
1301 5571 1553 5641 anonymi
1600 5573 1754 5626 titulo
1785 5571 2035 5627 abrasnm
2147 5573 2312 5628 alium
2340 5570 2468 5625 facit
2495 5566 2709 5641 aAPaulo
2737 5569 2983 5641 apostolo
3008 5567 3212 5641 inpsal.
3233 5582 3408 5634 uxn,
3429 5582 3486 5641 ρ.
3511 5557 3687 5641 479.”

476 5632 817 5711 Hippolytum
850 5641 1162 5693 delitescere
1186 5640 1324 5695 inter
1341 5632 1532 5711 uetera
1563 5642 1692 5694 illud
1723 5645 1884 5696 etiam
1913 5660 2041 5697 sua-
2147 5658 2275 5698 vero
2304 5643 2455 5696 licuit
2503 5632 2789 5711 Hippolyto
2814 5642 2865 5693 in
2910 5632 3226 5711 Occidente,
3252 5632 3685 5709 quemadmodum

474 5709 558 5764 det
584 5711 727 5774 quod
753 5710 797 5763 is
816 5725 1118 5779 anonymus
1139 5721 1410 5766 auctorem
1430 5710 1684 5781 Epistula:
1705 5715 1768 5768 ad
1789 5712 2040 5770 Πρίηπος
2147 5723 2200 5770 et
2230 5716 2462 5778 lrenazo;
2491 5711 2542 5766 in
2576 5709 2793 5765 Oriente
2817 5726 2920 5765 non
2956 5709 3122 5763 licuit.
