3860 6200
192 322 285 379 7‘29

1229 323 1318 376 DE
1357 323 1652 379 CHRISTO
1692 323 1778 379 ET
1817 323 2297 380 ANTlCllRlSTO.

3295 321 3398 377 730

191 446 346 514 Λόγου
373 442 536 507 ἀξίως
554 442 925 515 τετιμημένοι,
943 443 969 496 6
975 443 1186 514 ργάνων
1206 445 1360 516 δίκην
1381 447 1590 509 ἑαυτοῖς
1609 448 1730 516 ἠνω-

1845 444 1989 499 velut
2042 461 2240 514 organa
2292 443 2346 496 in
2399 441 2593 511 seipsis
2645 456 2856 510 semper
2906 441 3116 496 unitum
3164 439 3395 494 Verbum

194 539 325 611 μένοι
355 535 450 605 (8),
487 536 711 606 ἔχοντες
738 538 794 588 ἐν
827 538 1040 599 ἑαυτοῖς
1072 536 1157 588 ἀεὶ
1189 537 1278 589 τὸν
1305 537 1469 605 Λόγον
1499 538 1574 599 ὡς
1609 537 1743 606 πλῆ-

191 647 351 700 κτρον,
374 629 437 680 δι’
459 621 522 680 οὗ
544 628 699 681 κινού
709 645 854 698 μενοι
887 627 1227 699 ἀπήγγελλον
1245 627 1435 691 ταῦτα,
1471 628 1571 681 ἆπε
1580 645 1610 700 ρ
1630 629 1743 699 ἤθε-

189 724 267 778 λεν
293 723 318 774 6
346 720 494 786 Θεὸς,
527 722 578 772 οἱ
618 722 912 793 προφῆται.
949 722 1022 773 Ub
1055 721 1164 790 γὰρ
1206 720 1264 784 ἐξ
1307 720 1441 782 ιδίας
1467 720 1743 791 δυνάμεως

188 815 510 883 ἐφθέγγοντο.
564 814 644 883 μὴ
689 813 872 865 πλανῶ
913 813 1008 882 (9),
1057 813 1178 865 οὐδὲ
1222 813 1362 882 ἅπερ
1397 813 1546 865 αὐτοὶ
1590 811 1742 864 ἐϐού-

187 906 336 968 λοντο,
370 903 544 956 ταῦτα
581 904 913 973 ἐκήρυττονο
966 901 1101 955 ἀλλὰ
1134 903 1349 974 πρῶτον
1385 902 1481 971 μέν
1516 901 1602 954 διὰ
1647 900 1740 954 τοῦ

185 997 336 1058 Λόγου
367 995 688 1063 ἐσοφίζοντο
707 993 901 1065 ὀρθῶς,
940 993 1127 1046 ἔπειτα
1153 993 1217 1045 δι’
1261 993 1550 1063 ὁραμάτων
1582 1008 1743 1062 προε-

183 1087 468 1140 διδάσκοντο
498 1083 568 1135 τὰ
607 1083 868 1152 μέλλοντα
901 1081 1078 1145 καλῶς
1098 1099 1110 1110 ·
1145 1078 1242 1133 εἷθ’
1281 1081 1420 1132 οὕτω
1448 1077 1742 1148 πεπεισμέ-

182 1194 249 1228 νοι
274 1175 447 1242 ἔλεγον
478 1173 687 1234 ταῦτα,
738 1173 880 1242 ειπερ
923 1171 1104 1234 αὐτοῖς
1152 1167 1220 1240 ἦν
1275 1171 1452 1241 μόνοις
1498 1168 1604 1222 ἀπὸ
1647 1168 1739 1221 τοῦ

182 1265 296 1318 θεοῦ
329 1261 886 1334 [ἀποκεκαλυμμένα,
922 1264 1032 1323 τοῖς
1063 1261 1118 1312 δέ
1150 1259 1377 1331 λοιποῖς]
1399 1261 1743 1329 ἀποκεκρυμ-

185 1359 303 1428 μένα
330 1357 458 1425 (l0).
511 1355 671 1408 Ἐπεὶ
706 1353 845 1408 κατὰ
874 1353 998 1406 τίνα
1028 1352 1181 1420 λόγον
1205 1352 1232 1403 6
1262 1351 1562 1421 προφήτης,
1609 1365 1742 1419 προ-

183 1452 338 1519 φήτης
379 1447 736 1518 λεχθήσεται,
783 1446 832 1498 εί
878 1446 1034 1514 μήτοι
1085 1442 1349 1513 πνεύματι
1390 1439 1642 1513 προεώρα
1672 1439 1740 1493 τὰ

184 1539 455 1611 μέλλοντα;
489 1539 538 1591 εί
571 1539 685 1608 γὰρ
718 1537 845 1607 περ).
895 1533 1297 1604 συμϐεϐηκότος
1325 1531 1470 1594 τινὸς
1495 1531 1675 1599 ἔλεγεν
1712 1531 1740 1582 6

182 1633 475 1703 προφήτης,
543 1632 651 1682 οὐκ
717 1628 780 1682 ἂν
832 1625 899 1701 ἦν
956 1628 1238 1700 προφήτης
1294 1624 1464 1678 ταῦτα
1522 1623 1735 1692 λέγων,

183 1726 305 1794 ἅπερ
340 1723 582 1784 ἆπαντες
615 1723 709 1774 ὑπ’
735 1719 1026 1790 ὀφθαλμῶν
1051 1715 1190 1789 ἦσαν
1217 1718 1559 1787 στησάμενοι.
1601 1714 1736 1766 Ἀλλ’

1845 547 2105 606 tanquam
2141 537 2398 606 plectrum
2430 534 2715 597 haberent;
2760 536 2917 605 cujus
2955 545 3088 594 nutu
3129 543 3289 601 atque
3318 531 3398 587 af-

1845 629 1995 692 llatu,
2061 645 2180 698 quae
2227 628 2369 684 Deus
2407 629 2566 682 vellet
2620 627 2734 682 hac
2783 628 3057 696 propheta:
3107 625 3397 680 annuntia-

1843 722 1993 774 bant.
2019 718 2134 772 Non
2167 720 2311 772 enim
2343 733 2408 773 ex
2433 733 2529 772 sua
2560 717 2818 770 facultate
2858 718 3214 786 loquebantur
3241 715 3264 746 ‘*
3286 721 3397 783 (ve-

1843 825 1964 864 rum
2027 810 2224 876 dico),
2290 823 2390 863 nec
2447 823 2568 878 quae
2634 824 2698 862 ex
2757 808 2940 862 animo
3008 817 3223 870 essent,
3285 806 3399 860 haec

1842 905 2251 973 praedicabant:
2295 904 2386 956 sed
2435 903 2670 970 primum
2711 901 2928 964 quidem
2970 899 3132 955 Verbi
3177 899 3398 953 numine

1841 997 1946 1049 rite
1988 994 2256 1064 sapientia
2293 994 2521 1058 imbuti;
2551 993 2743 1046 eximie
2772 1009 2865 1062 per
2905 992 3040 1056 visa,
3075 1007 3193 1060 qum
3219 1000 3399 1045 essent

1841 1082 2028 1137 futura
2065 1085 2228 1152 probe
2269 1083 2741 1151 prmdocebantur;
2779 1096 2840 1134 ac
2869 1081 3084 1134 demum
3115 1089 3261 1134 certa
3283 1079 3396 1148 jam

1840 1191 2021 1229 rerum
2056 1176 2177 1236 ﬁde,
2206 1190 2268 1227 ea
2304 1173 2554 1228 dicebant
2591 1188 2653 1225 ac
2694 1173 3087 1241 praadicahant,
3128 1187 3248 1240 quin
3293 1172 3396 1225 illis

1840 1267 2024 1321 divino
2058 1265 2278 1318 numine
2310 1265 2571 1318 duntaxat
2613 1261 2893 1316 manifesta
2935 1261 3131 1328 forent,
3174 1261 3397 1330 reliquis

1839 1373 1967 1411 vero
2011 1356 2346 1411 abscondita.
2388 1353 2520 1408 Nam
2563 1371 2671 1423 qua
2712 1355 2919 1407 ratione
2961 1354 3242 1422 propheta,
3275 1367 3399 1422 pro-

1839 1447 1999 1516 pheta
2030 1456 2330 1511 vocaretur,
2364 1447 2469 1499 nisi
2507 1461 2627 1514 quae
2655 1454 2781 1498 sunt
2810 1444 2991 1498 futura
3026 1445 3219 1514 spiritu
3257 1459 3397 1514 prae-

1838 1535 2077 1590 videret?
2107 1534 2240 1589 Nam
2283 1537 2328 1590 si
2370 1535 2630 1605 propheta
2658 1536 2723 1589 de
2767 1550 2893 1590 casu
2934 1537 3117 1605 aliquo
3149 1537 3397 1605 loquere-

1842 1633 1946 1688 tur,
1975 1641 2038 1678 ea
2065 1625 2336 1694 loquendo
2376 1641 2484 1682 non
2517 1635 2660 1680 esset
2690 1627 2970 1697 propheta,
3001 1643 3123 1697 quae
3159 1628 3230 1683 ob
3265 1642 3398 1681 ocu-

1839 1716 1922 1771 los
1951 1719 2161 1770 cunctis
2193 1719 2365 1786 posita
2396 1728 2598 1775 essent.
2634 1719 2737 1773 Sed
2771 1719 2861 1788 qui
2894 1718 3074 1774 futura
3110 1729 3320 1781 narret,
3349 1719 3395 1773 is

180 1814 202 1865 6
222 1814 278 1866 τὰ
308 1813 568 1884 μέλλοντα
591 1813 1014 1883 ἐκδιηγούμενος
1044 1809 1266 1871 δικαίως
1287 1809 1566 1880 προφήτης
1586 1807 1730 1877 ἐκρί-

1841 1808 2032 1862 merito
2065 1809 2325 1878 propheta
2355 1811 2695 1865 existimatus
2743 1819 2844 1863 est.
2888 1810 3038 1864 Unde
3070 1811 3396 1864 convenien-

181 1923 300 1958 νετο.
329 1904 418 1957 Διὸ
445 1904 695 1972 εὐλόγως
725 1905 998 1975 προφῆται
1027 1904 1133 1956 ἀπ’
1165 1902 1339 1972 ἀρχῆς
1376 1920 1394 1951 ι
1438 1901 1486 1952 οἱ
1519 1898 1736 1970 βλέπον-

179 2013 296 2059 τες)
353 1995 679 2048 ἐκαλοῦντο.
740 1995 899 2049 Ὅθεν
943 1995 1037 2048 κα)⁸
1088 1997 1246 2064 ἡμεῖς
1295 1993 1364 2046 τὰ
1415 1994 1506 2045 ὑπ’
1558 1992 1738 2046 αὐτῶν

183 2087 532 2161 προειρημένα
568 2087 756 2150 καλῶς
795 2085 1238 2158 μαθητευθέντες,
1272 2085 1500 2154 λέγομεν
1541 2086 1638 2138 οὐκ
1679 2083 1737 2150 ἐξ

186 2181 304 2241 ἰδίας
328 2180 484 2249 ἡμῶν
524 2180 797 2242 ἐπινοίας.
849 2179 982 2232 Οὗδέ
1009 2178 1118 2249 γὰρ
1157 2180 1493 2248 καινοτομεῖν
1536 2179 1740 2246 ἐπιχει-

184 2269 358 2342 ροῦμεν
401 2269 666 2341 ἀλλήλοις
699 2270 766 2322 τὰ
797 2269 1166 2340 προειρημένα
1199 2269 1363 2321 πάλαι
1403 2270 1642 2340 ῥήματα,
1664 2261 1736 2320 ὧν

179 2361 238 2414 τὰ
264 2361 508 2430 ἐγγραφα
549 2360 862 2424 ἐκτιθέντες
888 2361 965 2423 εἰς
1000 2359 1136 2428 φῶς,
1169 2359 1488 2430 ἁναγνῶμεν
1512 2361 1625 2423 τοῖς
1649 2361 1740 2431 ὀρ-

181 2451 270 2514 θῶς
307 2451 586 2504 πιστεύειν
628 2451 967 2520 δυναμένοις,
1005 2449 1127 2502 ἐπεὶ
1165 2448 1740 2520 γίνεται¹ἀμφοτέροις

183 2542 311 2612 κοινὴ
338 2542 576 2610 ὠφέλεια
595 2559 609 2572 ·
638 2541 716 2612 τῷ
750 2543 846 2612 μὲν
883 2541 1093 2610 λέγοντι
1122 2541 1208 2605 τὸ,
1233 2540 1322 2594 διὰ
1358 2541 1575 2612 μνήμης
1606 2555 1740 2610 κρα-

181 2635 410 2702 τήσαντα,
450 2633 638 2704 ὀρθῶς
669 2633 919 2687 ἐκθέσθαι
948 2633 1013 2686 τὰ
1033 2633 1364 2704 προκείμενα
1397 2633 1536 2702 (11)’
1570 2630 1646 2702 τῷ
1683 2631 1738 2684 δὲ

183 2723 425 2787 ἀκούοντι,
475 2725 776 2793 ἐπιστῆσαι
830 2723 922 2776 τὸν
979 2722 1102 2776 νοῦν
1158 2723 1296 2795 πρὸς
1344 2721 1410 2776 τὰ
1451 2722 1733 2792 λεγόμενα.

192 2814 322 2866 Ἐπεὶ
367 2811 456 2868 οὖν
490 2818 520 2868 6
552 2814 805 2884 κάματος
837 2813 1014 2877 κοινὸς
1063 2815 1391 2885 ἀμφοτέροις
1422 2813 1734 2886 πρόκειται,

185 2903 247 2974 τῷ
275 2905 364 2975 μὲν
409 2907 632 2975 λέγοντι
669 2906 731 2958 τὸ
775 2904 1053 2958 ἀκίνδυνον
1087 2906 1198 2976 (12)
1249 2904 1502 2969 ἐξειπεῖν,
1552 2903 1630 2970 τῷ
1681 2904 1738 2957 δὲ

184 2996 403 3049 ἀκούοντι
438 2996 654 3061 πιστῶς
685 2996 988 3050 ἀκούσαντα
1030 2995 1421 3062 καταδέξασθαι
1467 2995 1533 3049 τὰ
1579 2995 1736 3064 λεγό-

1841 1907 1919 1952 ter
1949 1899 2222 1967 prephetae
2245 1915 2275 1952 a
2313 1900 2579 1969 principio
2613 1920 2631 1951 ι
2669 1901 2904 1955 ridentes
2926 1902 2946 1931 ⁸
2984 1920 3002 1950 ν
3037 1901 3390 1955 vocabantur.

1839 1985 1994 2041 Unde
2038 1997 2090 2042 et
2119 2003 2220 2043 nos
2251 2005 2437 2043 eorum
2477 1991 2642 2058 probe
2671 1992 2815 2045 docti
2851 1992 3126 2056 vaticinia,
3176 2007 3282 2046 non
3326 2008 3393 2046 ex

1837 2087 2024 2131 nostro
2061 2093 2223 2132 sensu
2260 2078 2552 2149 loquimur.
2609 2079 2727 2135 Non
2772 2081 2915 2135 enim
2953 2082 3040 2136 alii
3085 2082 3225 2146 aliis,
3271 2097 3394 2152 qua:

1800 2162 2041 2239 'pridem
2089 2172 2340 2241 praedicta
2384 2183 2510 2227 sunt
2552 2175 2732 2238 verba,
2782 2175 2932 2228 novis
2965 2185 3175 2229 mutare
3218 2183 3392 2230 tenta-

1837 2278 1988 2328 mus;
2022 2280 2251 2334 quorum
2268 2263 2585 2336 Scripturas
2616 2267 2669 2320 in
2705 2267 2876 2321 lucem
2904 2267 3143 2331 edentes,
3185 2266 3269 2321 his
3299 2267 3392 2336 qui

1836 2364 1980 2409 recte
2007 2356 2226 2410 credere
2258 2357 2492 2423 valeant,
2525 2357 2781 2428 legimus,
2808 2358 2950 2427 quod
2989 2357 3114 2412 hinc
3146 2358 3394 2427 utrisque
3427 2345 3432 2348 ’

1836 2446 2178 2501 commodum
2230 2449 2409 2502 veniat
2451 2463 2685 2517 :nempe
2729 2451 2779 2501 ei
2818 2449 2911 2518 qni
2951 2449 3206 2519 loquitur,
3245 2451 3389 2518 quod

1836 2537 2096 2591 memoria
2130 2537 2362 2593 tenendo
2387 2547 2532 2592 recte
2555 2547 2790 2606 exponat
2809 2552 2929 2607 qua:
2950 2537 3204 2606 praedicta
3229 2545 3387 2601 sunt;

1835 2627 2067 2682 auditori
2103 2644 2251 2694 vero,
2283 2628 2425 2698 quod
2461 2628 2544 2683 his
2572 2644 2693 2698 quin
2722 2629 2975 2683 dicuntur
3000 2629 3250 2682 adhibeat
3274 2627 3392 2680 ani-

1834 2740 2005 2778 mum.
2051 2723 2205 2790 Quod
2239 2724 2402 2791 igitur
2430 2726 2736 2779 communis
2787 2725 3030 2794 utrisque
3070 2725 3223 2779 labor
3267 2739 3393 2794 pro-

1835 2815 2043 2884 positus
2075 2823 2158 2869 est
2189 2834 2201 2868 :
2235 2815 2472 2885 loquenti
2498 2816 2774 2882 nimirum,
2809 2825 2867 2870 ut
2899 2817 3045 2870 omni
3079 2825 3228 2870 tutus
3255 2815 3392 2886 peri-

1835 2908 1959 2962 culo
1987 2907 2304 2976 eloquatur;
2336 2907 2568 2962 auditori
2603 2924 2751 2972 vero,
2783 2918 2842 2963 ut
2872 2909 2975 2964 llde
3004 2909 3230 2963 audiens
3263 2924 3388 2963 suse-

1835 2999 2000 3068 cipiat
2037 3014 2100 3054 ea
2141 3014 2262 3068 qute
2292 2998 2568 3067 dicuntur,
2605 3001 2830 3056 obsecro
2865 3009 2924 3054 ut
2969 2999 3174 3054 orando
3219 2999 3386 3054 Deum

189 3105 331 3157 μενα,
378 3087 691 3160 παρακαλῶ
741 3086 1203 3158 συναγωνίσασθαί
1254 3105 1342 3158 μοι
1377 3087 1434 3139 ἐν
1487 3089 1552 3158 τῇ
1599 3085 1730 3158 πρὸς

1839 3090 1970 3143 mihi
2006 3101 2202 3159 praesto
2229 3093 2325 3147 sis.

185 3180 291 3232 Θεὸν
315 3181 509 3252 δεήσει.

243 3272 351 3336 Πῶς
378 3272 444 3326 ἂν
476 3274 654 3327 πάλαι
690 3274 801 3342 (i5)
825 3275 938 3336 τοῖς
961 3274 1248 3345 μακαρίοις
1276 3276 1578 3345 προφήταις
1599 3277 1730 3329 ἁπε-

188 3359 392 3429 ίαλυψεν
423 3364 450 3415 6
478 3362 577 3415 τοῦ
624 3362 756 3417 Θεοῦ
803 3363 995 3432 Λόγος,
1038 3365 1194 3427 αὐτὸς
1217 3365 1379 3418 ’πάλιν
1406 3366 1432 3416 6
1459 3366 1551 3418 τοῦ
1597 3366 1728 3419 Θεοῦ

187 3454 310 3514 παῖς,
350 3456 376 3506 6
419 3455 592 3508 πάλαι
627 3454 724 3524 μέν
768 3455 971 3522 Λόγος,
1004 3459 1185 3525 τυχεῖν
1235 3455 1540 3528 ἐπιζητεῖς;
1591 3457 1728 3510 Ἀλλ’

186 3543 341 3615 ἐπειδὴ
369 3545 429 3598 τὸ
458 3545 659 3600 ἑαυτοῦ
694 3545 1058 3617 εὖσπλαγχνον
1106 3549 1198 3600 καὶ
1233 3550 1728 3620 ἀπροσωπόληπτον

186 3633 485 3690 ἐνδείκνυται
514 3637 610 3692 διὰ
642 3638 858 3691 πάντων
887 3639 992 3690 τῶν
1022 3640 1192 3704 ἁγίων
1223 3642 1252 3692 ὁ
1287 3640 1458 3706 Λόγος
1485 3641 1730 3709 φωτίζων

186 3729 262 3780 καὶ
292 3731 562 3801 ῥυθμίζων
611 3731 770 3785 αὑτὸν
801 3731 933 3803 (14),
969 3732 1042 3794 ὡς
1063 3732 1324 3803 ἔμπειρος
1359 3734 1558 3805 ἰατρὸς,
1594 3735 1730 3806 πρὸς

187 3818 244 3870 τὰ
273 3822 394 3892 ἡμῖν
445 3824 831 3894 συμφέροντα,
881 3824 1240 3894 ἐπιστάμενος
1283 3824 1380 3894 τὴν
1433 3824 1730 3896 ἀνθρώπων

186 3911 435 3968 ἀσθένειαν
453 3933 468 3946 ·
502 3917 604 3968 καὶ
626 3917 751 3978 τοὺς
777 3916 873 3985 μὲν
911 3915 1232 3983 ἀγνοοῦντας
1259 3913 1588 3967 ἐκδιδάσκειν
1616 3933 1731 3968 πει-

192 4004 325 4072 ρᾶται
343 4023 356 4037 ο
378 4007 505 4072 τοὺς
536 4006 597 4061 δέ
622 4007 1006 4077 πλανωμένους
1027 4005 1343 4076 ἐπιστρέφει
1377 4007 1454 4069 είς
1479 4006 1575 4077 τὴν
1604 4008 1727 4059 ἐαυ-

243 4173 263 4204 ⁸
296 4173 337 4228 ll
379 4175 494 4233 Pet.
552 4194 592 4240 ι,
643 4176 732 4230 21.
810 4176 873 4230 ⁵1
911 4176 1043 4248 Reg.
1102 4193 1176 4241 1x,
1214 4178 1266 4231 9.

244 4329 311 4404 (8)
351 4334 656 4404 Ὀργάνων
693 4333 870 4403 δίκην
895 4334 1130 4401 ἑαυτοῖς
1152 4334 1458 4404 ἡνωμένα.
1499 4336 1726 4390 Combe—

185 4400 316 4476 ﬁsius
343 4423 354 4457 :
389 4400 641 4476 όργάνων
665 4400 825 4476 δίκην
844 4400 1127 4476 ἡνωμένον
1163 4400 1374 4475 ἔχοντες
1402 4407 1459 4458 ἐν
1496 4408 1724 4469 ἑαυτοῖς.

246 4473 311 4540 (9)
341 4473 433 4543 Μνῆ
477 4475 714 4528 πλανῶ.
766 4473 929 4545 Lege.
960 4473 1035 4538 ὡς
1077 4473 1287 4537 πλάνοι,
1327 4494 1343 4525 ι
1369 4484 1442 4545 fut
1474 4477 1731 4544 imposta—

191 4555 265 4594 res
289 4561 352 4613 :_»
395 4545 545 4613 quod
579 4545 804 4598 meridie
834 4544 952 4613 ipso
989 4547 1190 4600 clarius
1219 4555 1321 4598 est.
1364 4544 1496 4600 Tm.
1539 4545 1663 4599 ΕΑΒ.

245 4611 346 4682 (l0)
413 4611 966 4683 Ἆποκεκρυμμένα.
1011 4614 1226 4668 Putavit
1261 4614 1469 4669 (ludius
1512 4626 1730 4670 mutan-

188 4681 293 4756 dum
324 4681 850 4756 ἀποκερυμμέναίίιι
898 4685 1414 4756 ἀποκεκαλυμμένα.
1462 4683 1591 4738 Mihi
1637 4701 1730 4755 po—

189 4750 585 4825 tiusvestigium'
606 4750 745 4808 verte
770 4755 1038 4820 lectionis,
1066 4771 1187 4825 qua:
1217 4750 1279 4807 τδ
1308 4750 1724 4823 ἀποκεκαλὺμ-

184 4819 313 4895 μένα
335 4825 611 4895 prophetis
644 4825 864 4891 tribuat,
890 4825 950 4877 τὸ
970 4819 1461 4893 ἀποκεκρυμμένα
1485 4819 1724 4895 reliquis.

193 4889 269 4965 Sic
300 4889 452 4965 igitur
503 4889 1037 4965 restituendalectio
1076 4889 1283 4949 videtur
1310 4889 1338 4947 ἰ
1394 4896 1572 4965 μόνοις
1601 4889 1726 4949 ’ἀπὸ

186 4959 265 5012 τοῦ
301 4963 425 5036 Θεοῦ
457 4963 977 5036 ἀποκεκαλυμμένα,
1041 4968 1152 5028 τοῖς
1187 4959 1490 5036 δέηλοιποῖς
1523 4968 1722 5019 ἀποκε-

190 5034 469 5105 κρυμμένα.
506 5033 622 5089 Hoc
669 5033 1186 5105 enimprophetia:
1241 5035 1331 5089 illa
1377 5037 1625 5104 praescire
1676 5047 1726 5091 et

189 5103 450 5176 praedicere
503 5105 688 5159 divina
721 5103 1088 5176 revelatione,
1127 5121 1248 5175 qua:
1297 5103 1483 5176 procul
1533 5119 1661 5160 :unt
1694 5125 1724 5161 a

188 5170 494 5245 reliquorum
512 5175 863 5245 cogitatione,
879 5176 1118 5245 ipsisque
1131 5170 1468 5230 abscondita.
1484 5176 1718 5231 Count-:r.

379 5240 760 5317 Προκείλιενα.
794 5240 1073 5317 Con—lbet,
1099 5245 1168 5298 τὰ
1194 5247 1583 5317 προειρημένα.

245 5311 346 5380 (12)
395 5311 757 5370 Ἆκίνδὺνον.
792 5316 893 5380 ld.,
931 5311 1244 5378 ἁκινδύνωςζ

192 5445 210 5460 ,
250 5381 502 5460 (ιω-Πῶς
523 5383 604 5460 ἂνξ
627 5385 830 5440 πάλαι.
853 5387 1178 5460 §uspicatur
1199 5385 1404 5460 Gudius
1435 5386 1718 5460 legendum

189 5451 235 5500 ἆ.
275 5451 368 5526 Sed
418 5451 520 5510 non
556 5458 792 5510 videtur.
844 5451 1048 5526 Quae—rit
1087 5456 1359 5526 quomodo
1407 5451 1722 5510 rev'elaverit

190 5528 296 5598 ante
325 5523 744 5598 incarnationem
782 5526 876 5598 Dei
906 5523 1139 5579 Verbum
1162 5566 1176 5588 ,
1210 5527 1303 5595 qui
1341 5526 1455 5596 ipse
1481 5542 1718 5598 peream

193 5583 270 5640 Dei
309 5597 426 5658 παῖς
455 5596 631 5650 factus
664 5597 753 5662 sit,
797 5597 846 5650 id
877 5607 962 5651 est
995 5615 1013 5645 ‹
1044 5583 1311 5650 εει-νὶιεόι
1341 5583 1497 5664 puer:
1527 5615 1544 5647 ι
1581 5594 1712 5651 lsai.

192 5669 325 5725 xun,
356 5664 421 5734 ii:
459 5685 478 5716 ι
516 5665 655 5721 Ecce
705 5682 892 5720 servus
925 5680 1104 5729 meus,
1153 5665 1444 5734 suscipiam
1487 5681 1644 5731 eum;
1692 5685 1710 5718 ι

193 5741 328 5782 ιωνιιι
375 5733 544 5791 locum
598 5736 711 5805 ipse
755 5735 1013 5792 Dominus
1049 5737 1113 5792 de
1158 5750 1218 5791 se
1256 5733 1476 5802 eipouit
1524 5735 1712 5792 Matth.

1904 3271 1993 3328 ΙΙΙ.
2052 3273 2298 3340 Quonam
2350 3275 2512 3328 modo
2563 3274 2690 3328 olim
2746 3273 2917 3329 beatis
2962 3271 3239 3342 prOphclis
3294 3271 3384 3326 Dei

1836 3365 2068 3422 Verbum
2102 3367 2546 3431 manifestaverit,
2574 3367 2686 3436 ipse
2717 3381 2907 3420 rursus
2935 3365 3028 3420 Dei
3060 3380 3267 3430 servus,
3295 3363 3388 3433 qui

1836 3458 1964 3512 olim
2000 3455 2231 3511 Verbum
2275 3467 2391 3512 erat
2421 3459 2462 3524 °,
2503 3459 2642 3513 scire
2676 3458 2910 3528 quaeris?
2953 3455 3216 3510 Nimirum
3261 3456 3387 3526 quia

1841 3545 2070 3601 Verbum
2105 3561 2258 3600 suam
2295 3547 2754 3611 misericordiam,
2785 3557 2838 3601 et
2867 3545 3010 3615 quod
3045 3546 3267 3600 minime
3297 3561 3389 3600 ac-

1831 3651 2019 3709 ceptor
2042 3648 2124 3693 est
2148 3644 2525 3709 personarum,
2548 3655 2642 3708 per
2661 3653 2850 3694 omnes
2881 3646 3102 3694 sanctos
3129 3638 3386 3703 ostendit,

1832 3729 2144 3785 illuminans
2194 3731 2316 3785 illos
2363 3739 2526 3800 atque
2583 3745 2938 3800 componens,
2986 3729 3135 3784 velut
3180 3729 3389 3798 peritus

1830 3823 2091 3889 medicus,
2122 3822 2190 3876 ad
2212 3838 2275 3876 ca
2301 3839 2420 3893 qua:
2447 3823 2514 3876 ad
2533 3832 2774 3876 nostram
2803 3823 3109 3877 conducant
3133 3821 3385 3882 salutem,

1831 3913 2028 3982 quippe
2057 3929 2182 3969 cum
2213 3928 2321 3968 non
2351 3913 2560 3967 nesciat
2582 3915 2873 3967 humanam
2898 3913 3286 3968 inﬁrmitatem.
3309 3912 3388 3966 Ac

1830 4001 2048 4072 quidem
2075 4005 2386 4076 ignorantes
2410 4005 2588 4060 studet
2605 4005 2831 4061 edocere
2855 4023 2869 4061 :
2894 4015 3140 4061 errantes
3165 4019 3293 4059 vero
3318 4003 3385 4058 ad

1343 4179 1363 4209 ⁶
1387 4177 1490 4230 lsa.
1523 4194 1653 4244 xui,
1684 4182 1741 4246 l;
1770 4179 1955 4238 Matth.
1987 4198 2087 4250 xu,
2124 4182 2207 4237 l8.

1830 4355 1929 4414 xtl,
1951 4339 2067 4414 _l__8_:
2108 4357 2126 4390 ι
2160 4340 2297 4414 Ecce
2324 4356 2455 4410 puer
2480 4358 2650 4406 meus,
2673 4358 2830 4411 quem
2855 4343 3010 4411 elegi.
3043 4362 3061 4394 ι
3093 4342 3159 4397 Ει
3187 4361 3382 4414 quam-

1830 4410 1914 4464 vis
1951 4410 2096 4472 Υἱὸς,
2140 4430 2157 4461 ‹
2197 4410 2386 4473 Filius,
2425 4431 2442 4463 ι
2478 4413 2545 4465 ab
2569 4410 2770 4484 aeterno
2801 4414 3020 4467 exsistat
3050 4431 3113 4469 ac
3139 4410 3380 4484 dicatur,

1833 4496 1940 4535 non
1991 4491 2167 4553 tamen
2218 4483 2366 4553 παῖς.
2401 4496 2465 4534 eo
2499 4486 2642 4551 quod
2691 4483 2782 4537 illa
2818 4500 2918 4537 vox
2967 4485 3086 4553 (etsi
3122 4505 3140 4535 ι
3186 4483 3376 4542 (ilius)

1832 4551 2157 4620 quandoque
2207 4552 2483 4620 reddatur)
2515 4555 2696 4606 minus
2730 4551 3011 4608 commoda
3044 4557 3286 4621 videtur,
3324 4567 3382 4611 ut

1830 4623 1895 4695 ad
1920 4622 2378 4695 anternam‘ipsam
2414 4624 2833 4695 generationem,
2871 4625 3051 4692 inqua
3092 4628 3233 4680 nulla
3260 4643 3383 4695 pas~

1831 4691 1933 4754 sio,
1966 4692 2057 4745 sed
2087 4689 2325 4760 perfecta
2356 4689 2662 4760 aequalitas,
2687 4695 2931 4748 trahatur
2952 4689 3115 4760 {eum
3142 4713 3208 4750 ex
3234 4689 3381 4751 com-

1830 4761 1983 4836 gnuni
2013 4777 2113 4836 usu
2144 4761 2345 4836 aliquid
2382 4762 2807 4836 imperfectionis
2827 4775 2950 4836 ,7et,
2971 4777 3028 4820 ut
3057 4768 3133 4821 sic
3165 4768 3378 4836 loquar,

1830 4829 2376 4904 inl‘eriroritatis,’sive
2403 4829 2501 4900 pro
2519 4851 2573 4904 hc
2602 4834 2712 4888 ﬁlio
2742 4853 2760 4884 ι
2818 4835 2930 4888 sive
2960 4851 3059 4904 pro
3115 4855 3133 4887 ι
3165 4829 3322 4891 servo
3354 4829 3375 4888 ἰ

1828 4902 2139 4969 accipiatur,
2185 4902 2457 4969 importet.
2509 4902 2742 4957 ϐοηθεῖ.
2774 4934 2845 4942 -
2874 4906 2927 4958 In
2960 4902 3122 4960 aliain
3165 4918 3382 4961 senten-

1831 4973 1972 5046 tiam
2000 4972 2110 5046 abit
2150 4971 2497 5046 doctissimus
2517 4971 2903 5046 _Maran_us_in
2937 4979 3151 5046 egregio
3186 4992 3380 5046 opere,

1826 5043 1914 5097 cui
1943 5043 2127 5114 titulus
2157 5041 2469 5114 :‘Divinitas
2501 5042 2569 5097 Β.
2602 5043 2673 5097 Ν.
2706 5044 2761 5098 J.
2794 5043 2852 5098 C.
2889 5041 3090 5110 libftv,
3127 5041 3246 5114 cap:
3289 5041 3376 5113 15,

1827 5112 2228 5184 ρος.ῌ460,υι›ἰ
2259 5113 2420 5166 verba
2461 5114 2564 5184 ista
2608 5115 2941 5184 perpendens
2973 5135 2984 5169 :
3023 5112 3379 5180 Αὐτὸς-πάλιν

1825 5185 1853 5235 6
1880 5182 1972 5236 τοῦ
2008 5183 2140 5236 Θεοῦ
2173 5186 2321 5248 παῖς,
2365 5182 2584 5253 ὁᾼπάλαι
2610 5182 2718 5253 μὲν
2747 5185 2936 5252 Λόγος,
2971 5201 3032 5240 ea
3058 5189 3136 5242 sic
3166 5188 3375 5243 reddit:

1831 5274 1849 5304 ι
1883 5256 2002 5323 Ipse
2033 5269 2221 5308 rursus
2253 5253 2344 5308 Dei
2376 5251 2568 5319 Filius,
2596 5251 2690 5323 qui
2713 5251 2864 5324 prius
2899 5254 3130 5310 Verbum
3168 5267 3318 5323 erat;
3351 5276 3372 5311 ι

1824 5339 1997 5394 neque
2031 5325 2186 5378 aliter
2229 5325 2370 5380 hunc
2395 5325 2580 5394 locum
2627 5326 3012 5394 interpretatur
3045 5327 3277 5382 Grabius
3310 5329 3374 5383 ad

1823 5393 1959 5466 ΒυΗὶ
1995 5395 2205 5461 Defeus.
2228 5394 2324 5462 Ῐὶά.
2354 5393 2476 5449 Nic.
2519 5410 2640 5464 pag.
2677 5393 2799 5449 101⁷.
2841 5395 2978 5461 Quid
3013 5401 3156 5466 quod
3188 5399 3376 5454 eadem

1823 5464 2076 5541 quuendi
2107 5466 2326 5541 ratione
2347 5467 2651 5541 pauLopost
2681 5467 2848 5519 utitur
2887 5464 3109 5541 sanctus
3137 5471 3376 5541 martyr?

1821 5529 1908 5611 ᾖς’
1931 5535 2157 5611 γὰρκαὶ
2186 5538 2214 5588 ὁ
2238 5529 2490 5611 τοῇξθεοῦ
2520 5529 2680 5597 Παῖς·
2711 5551 2831 5611 (Line
2970 5541 3127 5593 vertit
3151 5529 3375 5611 ipsemet

1821 5603 2219 5660 Combetisius:
2261 5625 2278 5658 ι
2310 5604 2443 5660 Nam
2477 5615 2530 5661 et
2557 5621 2698 5660 unus
2734 5603 2825 5662 Dei
2855 5605 3023 5662 Filius
3060 5603 3220 5667 esth

1893 5674 2004 5752 (14)
2045 5675 2230 5731 Αὐτόν.
2273 5677 2544 5744 (ἴυηιὺθίῖ,
2585 5677 2798 5742 αὐτούς.
2843 5677 3056 5735 Ριιιιιιιι.
