3860 6200
481 291 580 350 751

1117 293 1176 351 S.
1215 295 1576 351 HIPPOLYTI
1608 296 1758 353 OPP.
1814 299 1994 355 PARS
2030 299 2094 354 ll.
2147 330 2218 340 —-—
2267 299 2571 356 DOGMAT.
2624 299 2711 354 ET
2751 298 3094 356 HISTOMC.

3605 305 3699 362 7'52

481 424 668 464 veram
694 423 852 465 suam
877 408 1020 464 viam
1050 413 1338 466 convertit.
1371 412 1547 481 Atque
1580 411 1667 468 his
1703 413 1922 483 quidem
1949 414 2040 484 qui

2148 412 2236 467 τοῦ
2274 413 2532 485 ἀληθινὴν
2563 414 2710 467 ὁδόν·
2746 415 2843 468 καὶ
2885 417 2994 478 τοῖς
3031 414 3137 484 μὲν
3175 419 3318 484 μετά
3356 413 3581 480 πίστεως
3614 419 3700 490 ζη.

481 502 587 556 fide
618 508 889 571 quaerunt,
925 499 1080 555 facile
1108 501 1418 557 invenitur:
1453 503 1536 557 his
1567 514 1748 558 autem
1775 506 1866 573 qui
1890 521 2047 558 mun-

481 591 568 647 dis
597 589 769 646 oculis
790 598 845 645 et
874 601 1025 644 casto
1053 590 1215 644 corde
1240 592 1439 646 ostium
1468 592 1685 662 pulsare
1713 594 2043 661 desiderant,

481 681 773 739 confestim
809 680 1004 750 aperit.
1055 679 1276 734 Nullum
1307 682 1453 736 enim
1487 698 1714 738 suorum
1765 699 2045 741 servorum

482 774 697 844 rejicit,
737 774 896 843 quasi
940 772 1251 827 divinorum
1302 775 1691 846 mysteriorum
1738 777 2040 850 indignum.

482 864 600 921 Non
633 865 854 920 divitem
889 879 1126 934 paupere
1169 864 1336 933 pluris
1363 865 1510 931 facit,
1541 883 1718 938 neque
1754 885 2044 940 pauperem

481 973 582 1031 pro
611 957 732 1027 ejus
762 957 1024 1012 tenuitate
1053 955 1278 1024 spernit.
1309 954 1425 1011 Non
1458 957 1694 1014 barbaro
1721 962 2042 1030 exprobrat,

482 1065 583 1106 nec
615 1049 925 1105 eunuchum
957 1048 1114 1117 quasi
1145 1062 1255 1100 non
1293 1047 1468 1103 virum
1502 1050 1733 1121 ablegat.
1773 1051 1890 1106 Non
1933 1055 2046 1109 odit

482 1141 738 1196 feminam
773 1144 844 1196 ob
870 1141 1057 1210 primae
1089 1142 1316 1211 originis
1348 1143 1791 1211 inobedientiam,
1820 1161 1922 1216 nec
1964 1147 2045 1200 vi-

480 1248 603 1288 rum
631 1232 699 1285 ob
723 1230 1172 1300 transgressionis
1201 1240 1408 1285 reatum
1433 1230 1712 1302 deturpat;
1739 1234 1830 1288 sed
1854 1250 2043 1292 omnes

482 1327 598 1380 vult
625 1339 922 1393 omnesque
961 1325 1171 1379 salvare
1208 1325 1496 1380 desiderat.
1536 1323 1738 1380 Omnes
1775 1325 1869 1380 Dei
1905 1327 2044 1382 filios

483 1426 743 1488 praestare
771 1417 902 1479 vult,
925 1426 1254 1485 sanctosque
1278 1431 1467 1471 omnes
1491 1418 1543 1471 in
1571 1433 1738 1471 unum
1769 1419 2043 1472 hominem

483 1509 780 1580 perfectum
809 1520 985 1564 vocat.
1013 1507 1146 1563 Nam
1177 1519 1230 1563 et
1261 1526 1402 1564 unus
1424 1509 1517 1565 Dei
1549 1511 1720 1566 Filius
1749 1523 1851 1578 est,
1885 1513 2044 1584 cujus

482 1602 649 1656 etiam
711 1617 812 1656 nos
851 1616 1094 1662 ,munere
1154 1617 1250 1670 per
1300 1600 1558 1670 Spiritum
1599 1611 1847 1658 sanctum
1916 1603 2046 1659 ade-

2148 501 2330 554 τοῦσιν
2361 503 2596 567 εὐκόλως
2634 503 3046 574 εὑρισκόμενος·
3100 506 3220 565 τοῖς
3251 502 3309 555 δὲ
3337 503 3584 576 καθαροῖς
3616 509 3701 580 δμ-

2150 609 2281 662 μασι
2301 594 2393 646 καὶ
2421 594 2558 664 ἁγνῇ
2587 593 2784 665 καρδίᾳ
2805 595 3020 666 κρούειν
3049 593 3156 664 τὴν
3192 592 3368 664 θύραν
3403 596 3510 664 (15)
3535 599 3700 652 ὲπιθυ·

2149 684 2358 754 μοῦσιν,
2384 684 2547 748 εὐθὺς
2569 685 2932 756 ἀνοιγόμενος.
2969 685 3184 739 Οὐδένα
3231 682 3343 756 γὰρ
3369 684 3700 742 amarum

2144 775 2251 829 τῶν
2301 775 2491 830 ἑαυτοῦ
2539 776 2760 843 δούλων,
2809 777 2884 841 ὼς
2918 778 2991 849 μὴ
3025 777 3166 831 εντα
3213 779 3367 845 ἄξιον
3419 779 3522 831 τῶν
3561 779 3699 833 θείων

2147 867 2487 939 μυστηρίωνο
2537 869 2599 922 οὐ
2644 869 2894 923 πλούσιον
2949 869 3246 940 προτιμῶν
3292 869 3552 940 πένητος⁸
3594 872 3698 926 οὐδὲ

2145 956 2350 1026 πένητα
2392 957 2481 1010 διὰ
2523 959 2586 1012 τὸ
2625 959 2840 1030 μέτριον
2887 959 3229 1025 ὲξουθενῶν·
3284 959 3434 1012 οὐδὲ·
3458 958 3700 1032 βάρϐαρον

2143 1048 2435 1113 ὀνειδίζων,
2475 1049 2594 1102 οὐδὲ
2639 1050 2729 1104 τὸν
2757 1049 3008 1121 εὐνοῦχον
3037 1051 3120 1114 ὡς
3163 1050 3242 1120 μὴ
3269 1048 3568 1121 ἄνθρωπον,
3593 1053 3704 1121 ἀφο-

2147 1139 2338 1213 ρίζωνε
2370 1141 2490 1195 οὐδὲ
2523 1141 2655 1212 θῆλυ
2691 1141 2778 1196 διὰ
2814 1145 2912 1213 τὴν
2946 1143 3193 1214 ὲξαρχῆς
3221 1141 3520 1212 γενομένην
3549 1159 3701 1214 παρα-

2144 1233 2274 1304 κοὴν
2297 1233 2489 1304 μισῶν,
2523 1235 2644 1288 οὐδὲ
2673 1235 2767 1288 τὸν
2799 1235 3003 1306 ἄρρενα
3037 1235 3131 1287 διὰ
3160 1233 3263 1304 τὴν
3298 1233 3702 1304 παράδεισινάτι-

2147 1325 2332 1395 μάζων
2351 1341 2364 1354 ·
2400 1325 2534 1378 ἀλλὰ
2561 1327 2767 1389 πάντας
2799 1326 2964 1379 θέλων
2990 1327 3090 1379 καὶ
3126 1325 3346 1388 πάντας
3378 1323 3560 1389 σώζειν
3596 1327 3698 1380 ἐπι-

2145 1415 2351 1488 θυμῶν,
2400 1417 2604 1481 πάντας
2659 1419 2806 1482 υἱοὺς
2856 1418 2989 1471 Θεοῦ
3035 1417 3380 1488 καταρτίσαι
3424 1416 3582 1470 θέλων
3620 1419 3700 1471 καὶ

2141 1511 2266 1572 τοὺς
2299 1509 2506 1572 πάντας
2525 1510 2712 1578 ἁγίους
2739 1513 2816 1574 εἰς
2839 1509 2933 1562 ἕνα
2956 1510 3175 1562 τέλειον
3211 1507 3499 1580 ἄνθρωπον
3520 1508 3690 1562 καλῶν·

2143 1596 2219 1662 εἷς
2252 1598 2361 1670 γὰρ
2391 1600 2486 1652 καὶ
2507 1601 2534 1652 6
2554 1597 2647 1652 τοῦ
2681 1599 2816 1653 θεοῦ
2856 1603 3002 1663 παῖς,
3031 1601 3107 1653 δι’
3128 1595 3194 1652 οῦ
3223 1599 3322 1653 καὶ
3348 1600 3505 1669 ἡμεῖς
3544 1599 3706 1670 τυχόν-

481 1694 557 1762 pti
597 1695 1092 1764 regenerationem,
1128 1693 1182 1747 in
1217 1708 1383 1746 unum
1438 1693 1734 1763 perfectum
1771 1710 1834 1750 ac
1878 1696 2042 1750 cccle—

2148 1707 2234 1753 τες
2264 1689 2362 1761 τὴν
2395 1689 2482 1743 διὰ
2533 1689 2627 1742 τοῦ
2667 1689 2823 1758 ἁγίου
2858 1691 3187 1762 Πνεῦματος
3223 1689 3592 1759 ἀναγέννησιν,
3632 1693 3696 1754 είς

482 1793 621 1840 stem
650 1786 922 1840 hominem
953 1801 1142 1842 omnes
1168 1801 1454 1843 occurrere
1481 1795 1733 1857 optamus
1752 1789 1794 1842 ⁷.

551 1967 640 2022 IV.
685 1969 773 2023 Dei
807 1969 951 2022 enim
997 1966 1268 2030 Verbum,
1311 1984 1434 2023 cum
1503 1980 1646 2023 esset
1712 1969 1892 2022 carnis
1934 1984 2036 2022 οτι

481 2075 626 2130 pers,
681 2068 920 2114 sanctam
979 2073 1197 2113 carnem
1239 2073 1306 2112 ex
1361 2069 1547 2113 sancta
1581 2057 1800 2128 Virgine
1845 2058 2038 2123 induit,

2073 1760 2116 1815 Β
2142 1779 2238 1833 ἕνα
2262 1780 2459 1834 τέλειον
2491 1781 2584 1832 καὶ
2615 1783 2932 1853 ἐπουράνιον
2961 1760 3263 1855 ἄνθρωπον
3284 1782 3336 1834 οἱ
3355 1782 3548 1845 πάντες
3578 1799 3692 1835 κατ-

2139 1872 2367 1941 αντῆσαι
2395 1871 2659 1943 ὲπιθυμοῦ
2669 1891 2791 1944 μεν.

2219 1963 2437 2034 Ἐπειδὴ
2471 1965 2576 2036 γάρ
2617 1967 2644 2018 6
2677 1966 2846 2034 Λόγος
2893 1965 2986 2019 τοῦ
3031 1963 3176 2018 Θεοῦ
3229 1965 3470 2034 ἄσαρκος
3493 1962 3697 2034 ὣν(16),

2139 2055 2423 2108 ἐνεδύσατο
2463 2057 2558 2128 τὴν
2603 2057 2762 2126 άγίαν
2810 2057 2986 2128 σάρκα
3035 2059 3103 2110 ἐκ
3163 2056 3270 2126 τῆς
3309 2057 3468 2124 ἁγίας
3514 2054 3698 2128 Παρθέ-

481 2158 741 2220 tauquam
793 2165 1026 2219 sponsus
1091 2151 1192 2204 sibi
1244 2151 1417 2219 ipsam
1471 2150 1524 2204 in
1570 2149 1748 2204 crucis
1799 2150 2042 2218 patibulo

2148 2163 2266 2209 νου,
2321 2147 2396 2210 ὡς
2448 2147 2676 2217 νυμφίος
2722 2148 2932 2218 ἱμάτιον
2986 2147 3269 2216 ὲξυφάνας
3314 2146 3491 2217 ἐαυτῷ
3536 2150 3588 2200 ὲν
3631 2147 3694 2217 τῷ

480 2251 684 2296 vestem
734 2251 1062 2307 contexens;
1117 2255 1226 2310 quo
1275 2240 1534 2294 nimirum
1577 2241 1805 2294 mortale
1845 2257 2040 2310 corpus

480 2343 725 2388 nostrum
789 2348 900 2387 suae
957 2333 1246 2388 adunando
1300 2333 1525 2396 virtuti,
1589 2343 1642 2386 et
1695 2335 2041 2402 corruptibile

481 2425 916 2495 incorruptibili,
973 2426 1246 2480 inlirmum
1315 2425 1440 2479 forti
1503 2425 1774 2490 miscens,
1836 2425 2040 2481 homini

482 2518 576 2588 qui
607 2519 840 2587 perierat
869 2518 1099 2572 salutem
1130 2526 1427 2586 praestaret.
1463 2515 1558 2570 Est
1587 2517 1747 2586 igitur
1777 2519 2041 2573 textorius

481 2609 676 2675 malus,
709 2624 830 2680 quae
883 2610 936 2663 in
989 2624 1150 2664 cruce
1197 2618 1408 2678 peracta
1460 2608 1673 2662 Domini
1713 2609 1895 2677 passio
1923 2617 2038 2675 est;

479 2711 690 2756 stamen
743 2701 796 2754 in
839 2715 925 2768 eo,
965 2701 1137 2757 sancti
1174 2698 1408 2770 Spiritus
1449 2700 1656 2763 virtus;
1689 2709 1882 2765 trama,
1916 2715 2042 2764 san-

480 2803 566 2850 cta
595 2809 724 2849 caro
756 2792 961 2863 Spiritu
991 2802 1277 2860 contexta;
1318 2795 1526 2857 licium,
1556 2809 1677 2863 qua:
1714 2809 1808 2863 per
1835 2792 2040 2848 Christi

478 2885 794 2940 eharitatem
814 2887 983 2956 gratia
1005 2896 1234 2957 utraque
1256 2887 1570 2958 astringitet
1589 2887 1642 2940 in
1662 2902 1826 2940 unum
1846 2885 2039 2946 nectiti;

478 2977 640 3042 radii,
669 2975 940 3041 Verbum;
976 2986 1212 3033 textores
1265 2977 1498 3047 denique
1528 2978 1782 3043 artifices,
1815 2977 2044 3046 patriar-

478 3067 595 3121 chae
619 3076 672 3122 et
702 3068 993 3137 prophetze,
1019 3069 1302 3138 pulchrum
1329 3069 1531 3124 Christi
1562 3078 1910 3124 contexentes
1945 3084 2041 3138 po-
2067 3103 2108 3161 α

477 3157 660 3212 derem
709 3173 774 3213 ac
819 3157 1112 3228 perfectam
1160 3159 1434 3225 tunicam;
1484 3174 1582 3228 per
1624 3177 1761 3230 quas
1804 3159 2039 3214 Verbum

478 3249 798 3318 pervadens,
827 3249 1103 3305 radiorum
1148 3265 1318 3318 more,
1350 3251 1562 3305 illarum
1590 3266 1752 3321 opera
1783 3252 2040 3316 contexit,

477 3355 540 3396 ea
572 3355 692 3411 quae
716 3339 861 3394 Patri
894 3341 1080 3395 libent.

549 3517 619 3572 ν.
659 3517 856 3574 Verum
880 3519 1139 3589 quoniam
1164 3519 1277 3588 jam
1313 3528 1526 3590 tempus
1553 3528 1707 3589 urget
1735 3519 1802 3574 ad
1827 3534 1889 3574 ea
1918 3536 2040 3590 quae

480 3613 640 3669 nobis
691 3622 1011 3684 argumento
1061 3613 1336 3683 proposita
1387 3622 1551 3676 sunt,
1605 3627 1728 3667 cum
1777 3612 2045 3669 sufﬁciant

477 3722 600 3776 quae
624 3706 678 3761 in
700 3705 923 3760 exordio
949 3706 1015 3759 ad
1046 3705 1138 3760 Dei
1166 3705 1391 3776 gloriam
1415 3706 1806 3774 peroravimus,
1827 3721 2042 3776 aequum

477 3804 646 3850 estut
691 3795 1062 3867 aggredientcs
1117 3795 1261 3865 ipsas
1310 3795 1521 3850 divinas
1571 3793 1916 3864 Scripturas,
1973 3812 2039 3852 ex

549 3911 574 3940 '
605 3911 804 3982 Ephes.
830 3927 903 3977 1v,
937 3911 1024 3966 15.

551 4027 661 4099 (15)
718 4027 837 4096 Τὴν
886 4029 1090 4095 θύραν.
1149 4026 1272 4083 Haec
1325 4027 1465 4082 male
1520 4026 1846 4082 omittuntur
1900 4029 2039 4099 apud

479 4096 880 4152 Coinhefisium.
918 4099 1136 4152 FABRIC.

555 4169 665 4238 (16)
696 4170 817 4221 Ὧν.
853 4168 978 4237 Leg.
1009 4163 1096 4238 ἦν.
1124 4167 1259 4222 01η).

556 4235 666 4304 (17)
694 4239 800 4292 Καὶ
823 4235 1005 4308 μιξὶις
1029 4235 1109 4303 τῷ
1141 4237 1431 4308 ἀφθάρτῳ.
1466 4235 1585 4302 Quo
1629 4237 1719 4290 lux
1755 4237 1884 4308 huic
1922 4239 2042 4308 loco

481 4307 772 4379 alfulgeat_._
802 4305 1085 4379 consulere
1121 4318 1339 4377 praestat
1367 4305 1794 4379 _'_l'hopmassiuum
1838 4307 1912 4361 De
1943 4307 2038 4361 In-

481 4376 689 4433 carmlt.
733 4376 906 4444 Verbi,
936 4378 1028 4431 lib.
1077 4376 1161 4439 ni,
1195 4393 1327 4446 cap.
1363 4377 1414 4441 5,
1451 4377 1555 4446 ubi
1587 4377 1668 4430 vir
1699 4377 1888 4431 doctus
1928 4379 2042 4432 exi-

481 4449 622 4504 mios
649 4421 906 4517 quosque,
934 4464 964 4499 c
993 4421 1194 4502 Grzecis
1223 4421 1291 4501 et"
1313 4421 1519 4501 Latinis
1547 4445 1798 4501 Palribus
1822 4449 2038 4510 excitat,
2075 4421 2118 4477 Ῑ)

477 4519 571 4588 qui
609 4519 891 4586 utriusque
938 4528 1146 4570 natura:
1185 4518 1521 4571 inconfusam
1556 4517 1794 4585 quidem,
1825 4518 1922 4588 sed
1953 4535 2044 4587 pc-

479 4587 807 4643 liitissimam
848 4588 1304 4654 commistionem,
1336 4588 1557 4640 unitatis
1588 4587 1888 4655 personalis
1923 4591 2043 4642 viu—

479 4659 663 4714 Culum
703 4658 988 4725 ipsumque
1021 4674 1217 4711 nexum
1251 4673 1370 4712 esse
1397 4658 1754 4711 iuculcarunt.

555 4728 664 4798 (18)
693 4727 1142 4798 Διεργναζόμενοι.
1176 4726 1300 4796 Leg.
1342 4726 1384 4778 δ’
1412 4725 1782 4798 ἐργαζόμενοι.
1805 4725 1939 4781 Guo.

557 4797 668 4867 (19)
698 4799 937 4850 Λοιπόν.
968 4797 1174 4867 _Cuivis
1207 4807 1488 4867 appareat
1550 4813 1649 4867 pro
1706 4797 1889 4850 λοιπόν
1944 4797 2043 4866 legi

480 4865 734 4940 oportere
763 4865 1179 4940 OD$€V._TANaQ._
1201 4866 1327 4920 ΓΑΒ.

557 4938 668 5005 (20)
708 4935 970 4990 Ἄπαιτεῒ.
999 4937 1138 5001 Quin
1168 4936 1448 5006 legendum
1480 4937 1708 5006 ἐπείγει,
1741 4936 1921 4990 nullus
1947 4936 2047 4989 du-

481 5007 621 5063 bito.
651 5008 746 5064 Vel
777 5009 820 5061 si
847 5008 1084 5070 ἀπαιτεῖ,
1123 5007 1228 5059 alia
1257 5021 1359 5060 vox
1387 5007 1661 5077 jungenda
1692 5017 1864 5077 esset.
1879 5006 2044 5077 Clara

483 5094 615 5147 ergo
657 5078 918 5134 sententia
940 5119 955 5143 ,
1005 5078 1113 5145 iam
1147 5091 1336 5145 urgere
1368 5076 1578 5145 tempus
1606 5076 1890 5147 (tractandi
1939 5076 2045 5128 sci-

483 5145 611 5204 licet
635 5148 999 5218 occasionem)
1028 5147 1276 5218 expedito
1300 5147 1544 5218 exordio,
1578 5156 1636 5200 ut
1659 5146 1723 5218 ad
1748 5145 2042 5218 subjectum

484 5220 768 5274 materiam
802 5214 1142 5287 procedatur.
1179 5215 1363 5287 Itaque
1405 5216 1494 5287 hic
1537 5216 1715 5287 operis
1745 5214 1938 5287 divisio
1963 5222 2046 5287 est

482 5298 540 5345 et
572 5283 878 5358 argumenti
936 5287 1252 5358 insinuatio.
1278 5283 1537 5358 Colligit
1565 5283 1717 5358 hinc__
1740 5283 1948 5338 Gudius
1968 5283 2046 5358 _de

484 5359 604 5414 solo
633 5353 966 5413 Antichristo
994 5357 1327 5426 propositum
1355 5353 1636 5426 Hippolyto
1667 5354 1876 5426 dicere;
1910 5353 2046 5407 rela-

485 5430 665 5498 tisque
691 5429 876 5497 paucis
906 5423 1032 5482 hinc
1067 5423 1238 5490 lineis,
1275 5427 1347 5498 ita
1385 5423 1611 5480 assumit
1641 5443 1653 5478 :
1689 5443 1708 5476 ι
1737 5423 1885 5498 Quid
1902 5437 2045 5476 nunc

487 5495 838 5567 est—apertius
859 5538 874 5561 ,
903 5514 1065 5567 quam
1102 5497 1308 5567 nonad
1340 5506 1721 5567 argumentum
1755 5495 2043 5564 pertinere,

530 5582 611 5620 me
638 5565 703 5622 de
747 5565 964 5623 Christo
1002 5566 1244 5622 dixerat?
1281 5586 1300 5618 ›
1340 5565 1416 5620 lta
1457 5567 1654 5635 plane:
1687 5574 1744 5635 at
1773 5580 1898 5635 num
1928 5579 2048 5635 quae

530 5582 611 5620 ua:
638 5582 703 5622 ue
747 5582 964 5623 Christo
1002 5582 1244 5622 dixerat!
1281 5586 1300 5618 ›
1340 5582 1416 5620 lla
1457 5582 1613 5635 plane
1641 5582 1654 5616 ε
1687 5582 1742 5618 at
1773 5582 1898 5618 num
1928 5582 2047 5632 qua:

486 5582 756 5693 ﬂicturum
810 5653 870 5692 se
920 5639 1236 5708 pollicetur,
1271 5638 1338 5691 de
1388 5634 1674 5708 revelando
1712 5634 1919 5708 Christi
1953 5633 2047 5708 ad:

491 5719 651 5763 ventu
684 5708 750 5764 de
771 5703 942 5777 creto;
984 5709 1049 5764 de
1088 5717 1398 5764 sanctorum
1435 5722 1558 5763 cum
1594 5704 1813 5762 Christo
1846 5703 2050 5773 regno?

2144 2239 2416 2311 σταυρικῷ
2463 2240 2641 2304 πάθει,
2685 2243 2832 2304 ὅπως
2871 2241 3227 2313 συγκεράσας
3259 2241 3322 2293 τὸ
3352 2240 3537 2312 θνητὸν
3563 2241 3694 2310 ἡμῶν

2143 2333 2300 2403 σῶμα
2345 2335 2410 2404 τῇ
2460 2333 2651 2386 ἑαυτοῦ
2697 2334 2954 2404 δυνάμει,
3001 2336 3100 2388 καὶ
3146 2317 3312 2406 μίξας
3348 2333 3422 2403 τῷ
3467 2332 3692 2404 ἀφθάρτῳ

2143 2424 2256 2495 (17)
2290 2424 2349 2477 τὸ
2385 2425 2619 2496 φθαρτὸν
2669 2427 2761 2479 καὶ
2810 2426 2869 2479 τὸ
2916 2426 3148 2490 ἀσθενὲς
3202 2426 3283 2496 τῷ
3320 2425 3535 2496 ἰσχυρῷ,
3568 2423 3691 2497 σώσῃ

2141 2516 2231 2570 τὸν
2279 2516 2644 2588 ἀπολλύμενον
2687 2517 2989 2590 ἄνθρωπον.
3035 2519 3200 2572 Ἔστι
3235 2518 3334 2588 μὲν
3364 2513 3455 2570 οῦν
3495 2517 3521 2568 6
3549 2515 3686 2580 ἱστὸς,

2140 2609 2233 2662 τοῦ
2266 2609 2466 2680 Κυρίου
2518 2610 2578 2662 τὸ
2611 2609 2779 2673 πάθος
2820 2610 2881 2663 τὸ
2909 2610 3002 2663 ἐπὶ
3040 2609 3124 2680 τῷ
3176 2607 3404 2679 σταυρῷ
3428 2608 3690 2678 γεγενημέ-

2141 2716 2248 2752 νον·
2299 2701 2519 2770 στήμων
2566 2701 2621 2753 δὲ
2668 2701 2724 2752 ὲν
2756 2699 2937 2770 αὐτῷ,
2968 2703 3001 2771 ἡ
3047 2700 3146 2754 τοῦ
3203 2700 3364 2767 ἁγίου
3413 2697 3686 2767 Πνεῦματαῖ

2142 2790 2387 2862 δύναμις·
2424 2792 2596 2864 κρόκη
2627 2792 2705 2855 δὲ,
2735 2791 2921 2863 ήάγία
2949 2792 3089 2864 σὰρξ
3125 2790 3517 2860 ὲνυφαινομένη
3550 2786 3690 2842 Ilvati-

2145 2899 2292 2952 ματι·
2333 2881 2485 2952 μίτος
2515 2882 2610 2946 δὲ,
2662 2884 2696 2953 ή
2743 2881 2810 2935 δι’
2842 2883 3060 2954 ἀγάπης
3095 2881 3342 2953 Χριστοῦ
3375 2881 3520 2952 χάρις
3557 2877 3689 2946 σφίγ·

2142 2989 2313 3041 γουσα
2338 2973 2432 3027 καὶ
2463 2972 2657 3027 ἐνοῦσα
2683 2972 2752 3025 τὰ
2786 2973 3070 3046 ἀμφότερα
3127 2977 3210 3038 είς
3243 2974 3324 3027 ἓν·
3361 2971 3590 3044 κερκίδες
3615 2969 3696 3047 δὲ.

2141 3067 2170 3118 6
2221 3065 2409 3134 Λόγοςο
2459 3067 2507 3119 οἱ
2546 3064 2950 3136 διεργαζόμενοι
2988 3065 3130 3138 (18),
3172 3064 3504 3136 πατριάρχαι
3530 3079 3581 3114 τε
3606 3060 3682 3114 καὶ

2144 3157 2444 3228 προφῆται,
2489 3158 2540 3209 οἱ
2586 3157 2676 3209 τὸν
2709 3157 2872 3210 καλὸν
2906 3158 3120 3231 ποδήρη
3156 3159 3254 3212 καὶ
3293 3157 3490 3211 τέλειον
3515 3152 3682 3224 χιτῶνα

2140 3251 2450 3320 ὑφαίνοντες
2500 3247 2750 3320 Χριστῷ,
2782 3247 2850 3301 δι’
2901 3242 2975 3303 ὧν
3029 3249 3058 3301 6
3109 3249 3288 3318 Λόγος
3339 3244 3679 3316 διῖκνούμενοςν

2140 3336 2400 3407 κερκίδων
2432 3334 2922 3407 δίκην,οὲξυφαίνει
2952 3337 3018 3390 δι’
3051 3338 3240 3392 αὐτῶν
3273 3333 3423 3391 ταῦθ’
3445 3335 3572 3404 ἅπερ
3591 3329 3684 3401 βού-

2141 3427 2290 3481 λεται
2320 3429 2348 3480 6
2376 3426 2587 3498 Πατήρ.

2230 3525 2368 3578 Ἀλλ’
2403 3526 2590 3598 ἐπειδὴ
2621 3528 2807 3598 καιρὸς
2837 3528 3022 3581 λοιπὸν
3055 3527 3172 3599 (19)
3201 3527 3421 3582 άπαιτεί
3447 3523 3548 3592 (20)
3571 3519 3680 3590 πρὸς

2148 3617 2215 3670 τὰ
2245 3617 2610 3688 ὑποκείμενα,
2651 3619 2935 3691 αὑταρκῶν
2974 3620 3148 3673 ὄντων
3179 3619 3291 3673 τῶν
3331 3620 3387 3670 ὲν
3427 3614 3498 3686 τῷ
3529 3627 3679 3682 προοι-

2153 3707 2260 3778 μίῳ
2303 3708 2412 3778 (21)
2449 3711 2528 3772 εἰς
2571 3709 2725 3774 δόξαν
2777 3709 2911 3763 Θεοῦ
2957 3712 3287 3782 εἰρημένων,
3329 3707 3524 3762 δίκαιόν
3555 3707 3674 3756 ἐστιν

2141 3801 2288 3870 ἡμᾶς
2332 3799 2709 3872 ἐφαψαμένους
2743 3802 2851 3872 (22)
2893 3801 3067 3856 αὐτῶν
3112 3803 3226 3856 τῶν
3274 3801 3428 3854 θείων
3462 3794 3670 3868 Γραφῶνν

2147 4030 2392 4101 Cumque
2420 4038 2529 4086 tota
2561 4032 2886 4088 tractatione
2930 4033 3318 4090 Antichristum
3353 4030 3552 4103 Christo
3585 4037 3667 4103 op-

2148 4100 2330 4174 ponat,
2367 4117 2473 4155 non
2509 4103 2579 4156 ita
2612 4103 2899 4174 malersive
2929 4103 3040 4170 ipse
3071 4103 3410 4174 Hippolytus,
3437 4100 3542 4174 give
3565 4100 3667 4174 (ιυέ-

2150 4161 2232 4225 vis
2263 4161 2464 4255 alius,‘
2484 4161 2992 4255 praenotavitthllep‘t
3025 4161 3407 4255 Χριὰεξοοςκαι
3437 4161 3664 4255 ’θῇ-αρε

2150 4257 2292 4292 στουο
2323 4238 2586 4310 (ιυοᾱῖιιι
2633 4250 2753 4310 post
2799 4238 3118 4298 Photianum
3164 4238 3599 4312 codicem__etia_ln
3637 4238 3667 4282 ﬂ

2148 4303 2570 4384 repraesentant,
2627 4303 2935 4384 exquibus
2986 4329 3245 4384 expressa
3293 4309 3444 4384 Cudii
3491 4303 3663 4384 editio;
3703 4377 3705 4382 η

2147 4381 2344 4452 quibus
2373 4381 2601 4452 proinde
2629 4381 2795 4435 malui
2832 4380 3252 4452 haererefquam
3282 4381 3398 4449 ejus
3420 4380 3664 4452 mutationi

2147 4447 2792 4525 deferreJllieronynium
2837 4451 3016 4525 (cujus
3043 4447 3120 4525 let-
3149 4455 3262 4522 ipse
3284 4447 3661 4525 inagninaucto-

2149 4521 2360 4573 ritatem
2398 4519 2559 4584 facio)
2593 4515 2868 4574 adversari
2908 4515 3100 4576 Photio
3134 4515 3243 4577 non
3277 4515 3425 4574 facile
3447 4515 3661 4588 dixerint.

2146 4589 2290 4658 quod
2336 4582 2606 4660 Hippolyti
2661 4591 2835 4660 plura
2868 4593 3220 4656 recensendo,
3260 4590 3337 4643 De
3378 4582 3661 4660 Amic/irino

2147 4657 2488 4714 s’olummo’d‘o
2529 4657 2743 4714 dixerit.
2792 4657 2992 4728 Nempe
3032 4677 3129 4716 nec
3162 4663 3228 4715 de
3266 4657 3473 4715 Christo
3525 4659 3660 4728 "983-

2145 4729 2242 4788 vit,
2285 4728 2376 4783 sed
2428 4730 2508 4784 sic
2555 4745 2786 4791 summa.
2825 4725 2967 4783 unde
3014 4739 3274 4785 tractatus
3314 4733 3450 4783 esset
3493 4725 3658 4777 notior,

2146 4800 2427 4870 ascripsit;
2475 4797 2701 4853 Photius
2729 4816 2792 4852 ex
2823 4801 3006 4854 codice
3052 4801 3314 4870 integrum
3346 4792 3552 4870 titulum
3572 4797 3654 4870 ff

2145 4859 2374 4922 censuit.
2405 4859 2604 4924 Deinde
2661 4884 2726 4922 eo
2766 4879 2970 4938 spectat
3007 4878 3118 4924 tota
3155 4859 3422 4926 tractatio,
3455 4859 3654 4938 ριᾼεξιιῆζ

2146 4939 2334 4992 christi
2362 4955 2425 4992 ex
2458 4937 2756 5006 Scripturis
2779 4925 3255 5000 demonstratione,
3277 4938 3344 4990 ab
3367 4925 3429 4988 eo
3450 4925 3654 5006 fidelibus

2146 5019 2364 5070 caveat,
2411 5017 2464 5078 et
2503 4998 2720 5061 Christo
2772 5009 3057 5078 adjungat,
3093 4998 3469 5072 amborumque
3497 4998 3648 5078 disco;

2147 5092 2421 5152 nieorum
2453 5077 2506 5152 in_
2535 5078 2695 5131 tinem
2729 5074 2965 5146 aperiat;
2998 5080 3142 5152 quod
3169 5079 3433 5152 Christum
3465 5074 3651 5152 ηοηηςξς

2147 5147 2334 5209 (illum.
2381 5161 2448 5200 lle
2494 5147 2607 5214 ipse
2657 5138 2779 5215 pars
2828 5138 3128 5218 argumenti
3176 5148 3438 5218 videatur,
3477 5138 3647 5218 etilli]?

2147 5203 2411 5284 genuinus
2463 5203 2624 5286 atque
2657 5203 2922 5286 'proprius
2970 5217 3321 5283 tractationis,
3363 5203 3463 5266 nOn
3503 5203 3642 5260 solum

2147 5286 2500 5339 extrinsecus.
2528 5285 2789 5356 Couner.’
3246 5355 3249 5356 ν
3321 5353 3333 5356 ,
3487 5345 3498 5356 ,

2610 5337 2928 5425 προοιμίῳ.
2963 5357 3170 5411 Citatur
3203 5355 3300 5427 hi_c_
3321 5353 3460 5427 locus
3484 5345 3531 5398 in
3557 5337 3644 5427 (ἦς’

2147 5421 2321 5478 ταιιειζ
2351 5423 2622 5498 Damase.,
2651 5421 2893 5498 tomfll,
2938 5444 3060 5498 pag.
3089 5427 3210 5481 781.
3243 5423 3357 5479 Vid.
3394 5427 3538 5487 supra
3570 5421 3640 5458 ω·

2149 5504 2248 5549 ter.
2288 5497 2514 5556 testim.,
2540 5509 2690 5547 num.
2727 5495 2781 5550 9.

2217 5565 2330 5634 (Ξῖ)
2373 5564 2838 5633 Ἐφαψαμένους.
2871 5564 2942 5619 Ita
2971 5563 3278 5628 Combefis.;
3315 5562 3364 5617 in
3395 5555 3522 5614 edito
3560 5561 3636 5600 au-

2149 5633 2255 5690 tem
2283 5633 2600 5690 Fabriciauo
2628 5651 2885 5690 excusuut
2919 5634 3292 5707 ἐφαψαμένων.
