3860 6200
216 352 333 405 733

220 465 436 523 ἐπιδεῖν
481 461 546 513 δι’
589 457 789 517 αὐτῶν,
829 456 911 518 τίς
954 454 1046 507 καὶ
1092 448 1307 518 ποταπὴ
1336 448 1369 517 ἡ
1401 445 1493 498 τοῦ
1541 437 1805 510 Ἀντιχρί-
1834 439 1877 495 Α

228 576 368 613 στου
405 550 687 623 παρουσία·
725 548 862 617 ποίῳ
892 546 949 598 δὲ
981 541 1156 613 καιρῷ
1186 540 1279 592 καὶ
1326 537 1501 609 χρόνῳ
1542 537 1570 587 6
1608 533 1805 601 ἄνομος

228 621 769 714 ἀποκαλυφθήσεται·
803 637 965 690 πόθεν
989 635 1045 687 δὲ
1077 632 1169 686 καὶ
1201 633 1265 683 ὲκ
1299 629 1456 690 ποίας
1489 624 1679 694 φυλῆς,
1716 621 1809 673 καὶ

230 742 288 795 τί
320 740 514 794 τούτου
554 736 744 804 ὄνομα,
789 730 849 782 τὸ
888 728 975 782 διὰ
1023 724 1115 779 τοῦ
1148 720 1378 795 ἀριθμοῦ
1421 721 1478 773 ὲν
1521 720 1585 787 τῇ
1619 715 1807 786 Γραφῇ

236 831 597 905 μηνυόμενον·
644 823 759 886 πῶς
810 821 867 875 δὲ
908 818 1113 889 πλάνην
1160 816 1254 885 μὲν
1286 812 1375 883 τῷ
1408 809 1522 881 λαῷ
1558 806 1811 875 ὲγγεννή-

236 897 363 987 σει,
412 897 737 980 έπισυνάξας
777 911 970 973 αὐτοὺς
1015 910 1078 961 ὲκ
1119 906 1226 959 τῶν
1270 901 1657 974 περάτωνητῆς
1687 897 1808 965 γῆς·

238 1014 424 1083 θλίψιν
474 1012 528 1064 δὲ
575 1008 671 1061 καὶ
712 1003 949 1073 διωγμὸν
997 1000 1090 1052 ἐπὶ
1136 997 1260 1059 τοὺς
1306 995 1493 1063 ἁγίους
1538 991 1808 1059 ἐπεγερεῖ·

244 1081 492 1167 καὶψπιῖις
540 1100 729 1155 ἑαυτὸν
775 1096 985 1161 δοξάσει
1027 1092 1101 1156 ὡς
1143 1090 1306 1144 Θεόν·
1347 1087 1431 1149 τίς
1474 1084 1529 1137 δὲ
1561 1085 1595 1154 ὴ
1626 1081 1814 1135 τούτου

256 1194 557 1250 συντέλεια·
604 1189 717 1252 πῶς
762 1187 818 1241 δὲ
856 1187 891 1256 ἡ
924 1182 1208 1252 ἐπιφάνεια
1246 1177 1338 1230 τοῦ
1378 1174 1578 1245 Κυρίου
1611 1174 1817 1225 ἀποκα-

246 1285 579 1355 λυφθήσεται
615 1279 707 1332 ἀπ’
742 1273 1002 1347 οὐρανῶν·
1050 1272 1143 1325 καὶ
1174 1269 1255 1331 τίς
1289 1268 1322 1337 ἡ
1366 1264 1460 1318 τοῦ
1507 1262 1818 1332 σύμπαντος

252 1350 461 1446 κόσμου
493 1371 821 1441 ἐκπύρωσις·
866 1366 951 1428 τίς
981 1364 1037 1416 δὲ
1078 1364 1112 1433 ἡ
1153 1361 1260 1413 τῶν
1291 1357 1458 1426 ἁγίων
1490 1354 1693 1419 ἔνδοξος
1726 1350 1820 1404 καὶ

256 1466 573 1539 ἐπουράνιος
611 1459 854 1533 βασιλεία
897 1456 1005 1509 τῶν
1041 1450 1540 1524 συμϐασιλευόντων
1572 1444 1650 1514 τῷ
1686 1444 1819 1513 Χρι-

256 1535 516 1627 στῷίκαὶ
548 1553 630 1616 τίς
660 1553 693 1621 ἡ
732 1548 838 1601 τῶν
862 1546 1075 1615 ἀνόμων
1104 1542 1192 1595 διὰ
1215 1538 1383 1611 πυρὸς
1406 1535 1646 1595 κόλασις.

329 1620 438 1702 "1‘06
472 1647 569 1718 μὲν
606 1620 697 1696 οὖν
728 1639 931 1711 Κυρίου
970 1633 1142 1708 Ἰησοῦ
1182 1629 1415 1703 Χριστοῦ
1446 1625 1538 1680 τοῦ
1570 1622 1703 1677 Θεοῦ
1736 1620 1825 1675 διὰ

254 1740 315 1793 τὸ
344 1711 622 1809 βασιλικὸν
660 1731 750 1786 καὶ
781 1728 985 1792 ἔνδοξον
1017 1725 1092 1788 ὡς
1131 1723 1340 1783 λέοντος
1367 1711 1822 1789 προκεκηρυγμὲ-

258 1801 367 1883 νου·
404 1828 481 1899 τῷ
534 1823 681 1894 αὐτῷ
733 1821 914 1893 τρόπῳ
958 1817 1050 1871 καὶ
1091 1815 1180 1869 τὸν
1220 1810 1579 1882 Ἀντίχριστον
1624 1801 1824 1873 ὁμοίως

258 1896 463 1974 λέονταή
495 1914 967 1989 προανηγόρευσαν
994 1908 1103 1977 (9.5)
1143 1906 1198 1959 αἱ
1242 1901 1455 1973 Γραφαὶ
1496 1897 1582 1951 διὰ
1626 1896 1687 1947 τὸ
1726 1912 1821 1946 τυ-

263 2012 514 2085 ραννικὸν
536 1988 699 2063 αὑτοῦ
734 2006 825 2059 καὶ
860 2003 1047 2074 βίαιον.
1074 1996 1230 2052 Κατὰ
1260 1996 1437 2049 πάντα
1476 1989 1583 2060 γὰρ
1622 1988 1827 2056 ἐξομοι-

260 2097 447 2151 οῦσθαι
493 2094 735 2165 βούλεται
775 2093 803 2144 6
848 2088 1045 2150 πλάνος
1092 2084 1169 2156 τῷ
1206 2082 1321 2152 Υἱῷ
1354 2079 1447 2133 τοῦ
1490 2076 1643 2131 Θεοῦ.
1676 2074 1827 2128 Λέων

265 2191 364 2261 μὲν
396 2191 423 2241 6
452 2185 706 2258 Χριστὸς,
738 2183 829 2236 καὶ
861 2180 997 2234 λέων
1038 2182 1067 2231 6
1110 2176 1491 2245 Ἀντίχριστος·
1525 2168 1771 2240 βασιλεὺς
1801 2167 1829 2218 6

264 2253 528 2350 Κριστος,
572 2274 664 2327 καὶ
707 2270 956 2342 βασιλεὺς
1005 2268 1033 2319 6
1080 2262 1458 2334 Ἀντίχριστος.
1514 2253 1752 2324 Ἐδείχθη
1803 2254 1831 2305 6

265 2344 453 2439 Σωτὴρ
496 2366 571 2429 ὡς
611 2364 812 2436 ἀρνίον,
859 2362 952 2415 καὶ
994 2357 1153 2419 αὐτὸς
1193 2354 1391 2425 ὁμοίως
1431 2349 1727 2419 φανήσεται
1757 2344 1831 2407 ὡς

266 2436 473 2532 ἀρνίον,
525 2455 729 2511 ἔνδοθεν
780 2453 938 2515 λύκος
982 2448 1075 2501 ῶν.
1123 2448 1213 2500 Ἐν
1264 2443 1528 2515 περιτομῇ
1577 2441 1604 2491 ὁ
1645 2436 1833 2506 Σωτὴρ

268 2529 430 2624 ἦλθεν
466 2552 542 2611 είς
585 2548 675 2601 τὸν
718 2546 938 2616 κόσμον,
973 2542 1066 2595 καὶ
1097 2539 1256 2602 αὐτὸς
1296 2534 1494 2606 ὁμοίως
1537 2529 1831 2583 ἐλεύσεται.

281 2620 623 2697 ’Ἀπέστειλεν
648 2641 675 2692 6
697 2638 899 2709 Κύριος
925 2632 1248 2693 ἀποστόλους
1280 2630 1358 2691 είς
1391 2626 1565 2679 πάντα
1587 2621 1656 2675 τά
1686 2620 1833 2689 ἔθνη,

271 2734 366 2787 καὶ
390 2731 553 2793 αὐτὸς
584 2728 779 2799 ὁμοίως
816 2724 1019 2794 πέμψει
1056 2716 1531 2791 ψευδαποστόλους.
1560 2712 1837 2781 Συνήγαγε

272 2824 342 2877 τὰ
394 2819 850 2893 διεσκορπισμένα
902 2815 1148 2887 πρόϐατα
1191 2812 1219 2863 6
1264 2808 1491 2878 Σωτὴρ,
1542 2805 1635 2857 καὶ
1680 2801 1839 2863 αὐτὸς

272 2913 474 2983 ὁμοίως
520 2908 829 2973 ἐπισυνάξει
865 2907 953 2959 τὸν
981 2899 1458 2971 διεσκορπισμένω
1494 2896 1639 2949 λαόν.
1674 2892 1841 2945 Ἔδω-

276 3024 372 3059 κεν
413 3007 443 3058 6
474 3004 674 3075 Κύριος
715 2998 985 3073 σφραγῖδα
1017 3000 1129 3062 τοῖς
1176 2998 1255 3059 εἰς
1298 2994 1459 3048 αὑτὸν
1506 2988 1838 3071 πιστεύουσι,

276 3098 374 3150 καλ⁵
422 3096 581 3159 αὐτὸς
637 3093 796 3147 δώσει
845 3092 1061 3163 ὁμοίως.
1124 3090 1211 3142 Ἐν
1270 3089 1506 3158 σχήματι
1555 3079 1841 3152 ἀνθρώπου

280 3189 453 3259 ἐφάνη
500 3189 531 3240 6
572 3184 802 3256 Σωτὴρ,
848 3182 942 3236 καὶ
987 3180 1147 3243 αὐτὸς
1188 3180 1245 3231 ὲν
1284 3178 1519 3248 σχήματι
1559 3171 1841 3243 ἀνθρώπου

281 3280 581 3335 ἐλεύσεται.
623 3278 940 3346 ’Δνὲστησεν
963 3276 991 3327 6
1016 3272 1205 3344 Σωτὴρ
1234 3270 1328 3324 καὶ
1361 3268 1527 3332 ἔδειξε
1554 3266 1653 3337 τὴν
1686 3263 1845 3333 ἁγίαν

284 3375 458 3444 σάρκα
489 3371 565 3435 ὡς
601 3371 748 3432 ναὸν,
794 3369 886 3422 καὶ
930 3365 1088 3429 αὐτὸς
1125 3363 1417 3433 ἀναστήσει
1449 3363 1508 3414 ὲν
1550 3356 1846 3431 Ἰεροσολύ-

289 3484 407 3538 μοις
436 3465 529 3519 τίιν
568 3463 766 3516 λίθινον
796 3460 943 3514 ναόν.
982 3457 1091 3512 Καὶ
1118 3455 1184 3509 τὰ
1230 3456 1326 3526 μὲν
1354 3453 1529 3507 πλάνα
1569 3448 1732 3505 αὑτοῦ
1763 3465 1850 3501 τε-

1188 336 1197 345 '
1291 332 1379 385 DE
1418 322 1717 383 CllRlSTO
1755 318 1841 373 ET
1881 282 2367 370 ANTlCHltlSTO.

3356 277 3463 333 Ἱδό

1905 431 2011 484 illis
2040 428 2321 481 videamus
2347 418 2470 489 quis
2501 424 2549 470 et
2591 411 2768 481 qualis
2812 400 3129 460 Antichristi
3164 398 3463 463 adventus,

1907 536 2014 592 qua
2070 526 2225 572 aetate
2273 529 2335 567 ac
2367 487 2624 577 tempore
2679 497 3002 555 revelabitur
3058 491 3278 560 iniquus
3342 487 3463 551 ille;

1908 574 2181 665 undenam
2210 614 2262 659 et
2293 620 2356 657 ex
2384 574 2689 669 quavtribu,
2725 589 2937 660 quodve
2960 586 3037 640 illi
3066 595 3286 644 nomen,
3319 574 3464 646 quod

1908 717 2005 773 per
2048 711 2338 754 numerum
2373 693 2425 746 in
2474 688 2749 757 Scriptura
2790 680 3150 751 significatur;
3196 667 3470 741 quomodo

1910 794 2168 865 populum
2204 791 2259 844 in
2286 800 2527 843 errorem
2569 780 2807 841 inducet,
2844 783 3175 839 congregans
3207 781 3237 819 a
3269 761 3468 818 ﬁnibus

1912 855 2099 949 terra};
2126 895 2289 950 quam
2324 879 2446 931 item
2501 870 2703 929 sanctis
2747 863 3149 921 tribulationem
3189 855 3385 911 inferet
3414 861 3469 907 et

1913 974 2373 1048 persecutionem;
2401 977 2454 1022 et
2484 961 2756 1034 quomodo
2784 960 2898 1027 ipse
2927 971 2984 1010 se
3022 962 3082 1009 ut
3115 952 3280 1005 Deum
3310 946 3469 1000 clari-

1916 1033 2130 1129 ﬁcabit;
2162 1064 2286 1134 quis
2319 1060 2437 1129 ejus
2466 1033 2745 1116 interitus;
2786 1044 3056 1119 quomodo
3084 1037 3372 1097 revelanda
3402 1033 3471 1090 de

1918 1159 2069 1214 cuzlis
2104 1153 2319 1208 Domini
2350 1148 2636 1220 apparitio,
2667 1160 2729 1198 ac
2754 1157 2872 1212 quae
2900 1135 3135 1193 universi
3168 1132 3313 1187 orbis
3342 1144 3473 1183 con—

1918 1248 2193 1319 ﬂagratio;
2244 1243 2387 1315 quod
2425 1240 2749 1294 Sanctorum
2800 1233 3092 1302 gloriosum
3140 1241 3205 1281 ac
3255 1223 3478 1279 cmlestc

1920 1354 2147 1405 regnum
2178 1351 2299 1391 cum
2332 1332 2553 1387 Christo
2586 1326 2959 1394 regnantium;
2991 1337 3053 1376 ac
3084 1318 3229 1390 quod
3263 1316 3478 1384 iniquo-

1922 1448 2046 1487 rum
2075 1444 2170 1501 per
2196 1430 2375 1499 ignem
2408 1422 2750 1493 supplicium.

1995 1609 2082 1663 Vl.
2116 1606 2251 1662 Nam
2284 1620 2407 1662 cum
2436 1601 2702 1657 Dominus
2746 1607 2929 1652 noster
2955 1590 3113 1647 Jesus
3138 1588 3390 1645 Christus
3418 1602 3482 1641 ac

1927 1702 2092 1763 Deus,
2124 1698 2269 1769 regia
2313 1696 2557 1751 celsitate
2602 1702 2763 1761 atque
2801 1687 2985 1759 gloriae
3023 1683 3283 1744 claritate,
3311 1690 3371 1733 ut
3400 1678 3484 1732 leo

1854 1782 1896 1837 Β
1924 1790 2246 1861 praedicatus
2279 1786 2350 1841 sit
2376 1786 2431 1851 ⁸;
2466 1782 2655 1838 eodem
2690 1780 2849 1833 modo
2878 1785 2932 1830 et
2966 1772 3355 1827 Autichristum
3384 1782 3482 1836 pa--

1923 1884 2056 1937 riter
2089 1881 2300 1935 leonem
2346 1876 2637 1944 Scriptura:
2674 1870 3010 1929 vocitarunt,
3040 1880 3133 1934 pro
3157 1862 3277 1931 ejus
3305 1870 3487 1931 tyran-

1924 1974 2047 2030 nide
2073 1971 2458 2035 violentiaque.
2490 1966 2752 2021 Seductnr
2783 1961 2926 2015 enim
2960 1975 3053 2029 per
3086 1956 3266 2011 omnia
3294 1952 3488 2009 similis

1926 2066 2095 2121 videri
2127 2064 2241 2119 vult
2284 2062 2379 2116 Dei
2422 2059 2579 2115 Filio.
2613 2058 2723 2111 Leo
2758 2056 2973 2124 quidem
3003 2051 3275 2114 Christus,
3308 2057 3362 2100 et
3400 2046 3489 2099 leo

1928 2157 2333 2219 Antichristus;
2378 2170 2472 2208 rex
2520 2151 2771 2206 Christus
2793 2149 2836 2213 θ,
2867 2161 2930 2201 ac
2974 2161 3069 2199 rex
3102 2140 3488 2196 Antichristus.

1928 2250 2214 2305 Exhibitus
2259 2256 2342 2302 est
2389 2245 2641 2299 Salvator
2686 2249 2747 2295 ut
2794 2254 2964 2309 agnus
3010 2238 3090 2306 ,‘°;
3123 2235 3237 2303 ipse
3275 2245 3492 2301 quoque

1929 2343 2131 2413 pariter
2156 2350 2215 2395 ut
2244 2354 2417 2410 agnus
2448 2334 2744 2405 apparebit,
2773 2346 2894 2386 cum
2926 2329 3153 2383 interius
3196 2327 3265 2381 sit
3309 2325 3490 2394 lupus.

1932 2436 2090 2491 Venit
2118 2433 2362 2488 Salvator
2391 2430 2444 2484 in
2478 2427 2890 2484 circumcisione
2917 2426 2969 2478 in
3008 2421 3293 2485 mundum,
3315 2417 3497 2471 veniet

1916 2536 1988 2589 et
2020 2527 2107 2581 ille
2137 2524 2411 2579 similiter.
2445 2519 2590 2574 Misit
2620 2518 2880 2573 Dominus
2906 2514 3180 2585 apostolos
3212 2509 3266 2562 in
3303 2523 3495 2562 omnes

1935 2626 2153 2690 gentes;
2198 2614 2376 2668 mittet
2429 2620 2482 2664 et
2541 2611 2654 2679 ipse
2702 2606 2925 2678 perinde
2983 2598 3492 2673 pseudoapostolos.

1935 2706 2294 2777 Congregavit
2322 2702 2568 2757 Salvator
2605 2714 2732 2755 oves
2755 2738 2770 2761 ,
2798 2710 2917 2766 quae
2951 2694 3209 2762 dispersae
3235 2698 3389 2744 erant
3418 2689 3495 2754 ¹¹;

1939 2800 2053 2868 ipse
2080 2811 2297 2866 quoque
2342 2794 2543 2864 pariter
2586 2790 2842 2859 populum
2889 2783 3264 2854 eongregabit,
3292 2780 3385 2850 qui
3417 2779 3500 2835 di-

1940 2905 2160 2958 spersus
2194 2895 2294 2942 est.
2332 2884 2485 2941 Dedit
2514 2882 2775 2936 Dominus
2820 2877 3067 2933 ﬁdelibus
3099 2874 3213 2955 suis
3245 2872 3501 2941 signacu-

1940 2948 2089 3047 lum;
2133 2980 2249 3050 ipse
2285 2990 2500 3048 quoque
2546 2972 2795 3029 similiter
2823 2969 2991 3025 dabit.
3019 2948 3282 3036 Apparuit
3317 2960 3504 3015 Salva—

1946 3084 2033 3129 tor
2063 3071 2299 3127 hominis
2326 3069 2544 3131 hahitu;
2581 3065 2696 3135 ipse
2725 3076 2943 3133 quoque
2971 3060 3027 3114 in
3055 3056 3293 3113 hominis
3316 3053 3503 3108 habitu

1868 3134 1912 3193 ε
1947 3165 2146 3220 veniet.
2203 3158 2471 3215 Excitavit
2518 3134 2805 3218 Salvator,
2860 3166 2924 3205 ac
2984 3156 3226 3205 sanctam
3288 3157 3505 3198 carnem

1949 3270 2104 3313 suam
2152 3261 2212 3308 ut
2255 3250 2515 3320 templum
2560 3246 2687 3302 fecit
2739 3246 2813 3311 ¹¹;
2861 3244 2975 3313 ipse
3014 3240 3197 3296 itidem
3250 3236 3506 3306 templum

1948 3344 2218 3415 lapidibus
2264 3346 2636 3396 constructum
2686 3332 3076 3404 Hierosolymis
3119 3328 3393 3386 excitabit.
3434 3325 3511 3380 Ac

1950 3434 2167 3505 quidem
2211 3430 2331 3501 ejus
2359 3425 2651 3484 seducendi
2685 3424 2914 3480 artiﬁcia
2949 3419 3300 3490 sequentibus
3327 3415 3511 3471 decla-

286 3512 536 3632 ἱνήματα
584 3557 643 3608 ὲν
832 3512 970 3621 *ἑξῆς
1010 3512 1345 3620 δηλώσομεν·
1396 3545 1510 3597 νυνὶ
1539 3543 1593 3596 δὲ
1626 3541 1759 3611 πρὸς
1789 3538 1834 3591 τί

1951 3523 2230 3585 rabimus;
2281 3534 2425 3574 nunc
2478 3532 2607 3572 vero
2657 3514 2725 3570 ad
2780 3512 3085 3583 subjectum
3135 3521 3511 3579 argumentum

292 3650 650 3723 προκείμενον
674 3642 988 3717 τραπῶμεν.

356 3743 518 3810 Λέγει
563 3734 657 3792 οὖν
701 3739 730 3790 6
782 3734 1048 3805 μακάριος
1104 3728 1295 3784 Ἰακὼϐ
1329 3731 1385 3781 ὲν
1435 3728 1553 3788 ταῖς
1582 3722 1850 3790 εὐλογίαις

296 3829 698 3908 προαναφωνῶν
754 3827 823 3880 τά
878 3824 1005 3894 περὶ
1057 3820 1150 3875 τοῦ
1204 3820 1407 3890 Κυρίου
1462 3817 1555 3869 καὶ
1608 3814 1856 3882 Σωτῆρος

292 3925 466 3998 ἡμῶν.
515 3921 705 3982 οὕτως·
749 3938 766 3969 ‹
817 3915 1002 3977 Ἰούδα,
1052 3914 1114 3965 σὲ
1158 3909 1525 3964 αἱνεσάτωσαν
1563 3907 1611 3958 οἱ
1638 3900 1855 3970 ἀδελφοί
1959 3897 2130 3942 Sll‘um

1961 3979 2120 3998 ._A-__

293 4036 405 4073 σου.
437 4019 502 4069 Αἱ
538 4013 719 4085 χεῖρές
750 4027 840 4062 σου
884 4008 976 4060 ἐπὶ
1002 4006 1169 4058 νώτου
1210 4002 1318 4054 τῶν
1357 3998 1587 4071 ἐχθρῶν,
1624 4012 1860 4067 προσκυ-

291 4107 516 4182 νήσουσί
568 4122 647 4157 σοι
693 4104 740 4154 oi
788 4100 893 4153 υἱοὶ
935 4096 1026 4150 τοῦ
1059 4094 1262 4165 πατρός
1293 4109 1405 4144 σου.
1442 4089 1686 4159 Σκύμνος
1714 4086 1860 4138 λέον-

1954 3622 2248 3667 vertamur.

2026 3702 2137 3757 VII.
2169 3701 2306 3755 Dicit
2330 3700 2512 3767 itaque
2541 3698 2732 3752 beatus
2758 3692 2924 3749 Jacob
2945 3693 3001 3747 in
3027 3688 3512 3752 benedictionibus,

1955 3793 2326 3867 pra-nuntians
2367 3806 2487 3860 qua:
2525 3789 2589 3843 ad
2622 3787 2908 3841 Dominum
2951 3800 3013 3838 ac
3046 3781 3375 3836 Salvatorem
3414 3795 3514 3833 no-

2183 3890 2447 3952 spectant,
2502 3880 2576 3933 ita
2611 3878 2837 3947 loquens
2877 3894 2889 3929 :
2922 3894 2940 3925 ι
2988 3873 3160 3938 Juda,
3196 3872 3414 3925 laudent
3463 3877 3517 3923 te

1960 3979 2155 4033 fratres
2186 3975 2287 4031 tui.
2322 3973 2515 4027 Manus
2554 3981 2658 4025 tua:
2684 3970 2738 4023 in
2768 3967 2933 4023 dorso
2977 3964 3351 4025 inimicorum;
3388 3961 3519 4016 ado-

1958 4073 2159 4127 rabunt
2199 4079 2250 4123 te
2284 4067 2377 4121 ﬁlii
2420 4065 2587 4135 patris
2633 4063 2731 4117 tui.
2781 4060 3007 4116 Catulus
3040 4058 3212 4112 leonis
3243 4054 3380 4108 Juda
3407 4072 3420 4120 ;
3452 4070 3517 4107 ex

298 4145 516 4182 ἐιυνυυυ
568 4145 647 4157 νυ·
696 4145 740 4154 υ·
793 4145 892 4153 --ν-
1173 4145 1183 4165 .
1243 4145 1258 4156 ο
1559 4145 1571 4159 .
1667 4145 1677 4151 .

290 4221 378 4267 τος
416 4200 609 4254 Ἰούδα·
648 4199 710 4249 ὲκ
744 4190 993 4265 βλαστοῦ,
1039 4188 1123 4239 υἰέ
1159 4203 1281 4256 μου,
1319 4182 1538 4252 ἀνέϐης,
1575 4177 1834 4234 ἀναπεσὼι

1964 4166 2222 4236 germine,
2270 4162 2343 4216 ﬁli
2389 4161 2483 4223 mi,
2531 4154 2843 4212 ascendisti.
2890 4150 3227 4206 Recumbens
3272 4145 3519 4200 dormisti

2057 4258 2069 4267 .
2234 4263 2242 4267 .
2326 4262 2335 4267 .
2452 4261 2462 4267 .
2511 4251 2523 4267 1
2576 4266 2585 4267 ,
2640 4247 2811 4267 |,__-:_
2842 4262 2853 4267 -
2892 4244 3008 4267 ---ιη
3048 4239 3326 4267 -..ηηζιηιιιο
3357 4236 3519 4267 Μηνιῖ

294 4290 601 4361 ἐκοιμήθης
629 4287 702 4349 ῶς
728 4284 863 4337 λέων
904 4280 997 4333 καὶ
1026 4277 1101 4340 ὡς
1146 4275 1408 4345 σκύμνος·
1446 4272 1527 4334 τίς
1559 4272 1736 4341 ἐγερεῖ
1764 4268 1863 4321 αὐ..

291 4386 416 4449 τόν;
470 4382 588 4435 Ούκ
622 4376 856 4445 ἐκλείψει
903 4373 1098 4444 ἄρχων·
1126 4368 1182 4433 ἐξ
1240 4364 1406 4449 ’ἰούδα
1435 4364 1528 4416 καὶ
1569 4361 1865 4433 ἡγούμενος

1966 4268 2024 4311 ιιι
2057 4258 2160 4317 leo,
2196 4263 2251 4310 et
2283 4262 2343 4308 ut
2384 4251 2595 4307 catulus
2640 4247 2853 4302 leonis:
2887 4244 3011 4314 quis
3048 4239 3329 4296 suscitabit
3356 4236 3524 4292 eum?

1967 4347 2084 4401 Non
2116 4345 2328 4400 deﬁciet
2359 4343 2605 4413 princeps
2636 4354 2702 4393 ex
2730 4335 2867 4390 Juda
2903 4342 2957 4389 et
2998 4334 3106 4387 dux
3136 4347 3201 4386 ex
3229 4328 3525 4384 femoribus

296 4417 416 4449 “"9
471 4417 588 4435 νων
622 4417 856 4445 ""’“'"r‘"
903 4417 1078 4444 *ΓΛ-*-
1130 4417 1182 4433 -τι
1260 4417 1270 4418 ί
1591 4417 1631 4433 .-
1712 4417 1723 4431 .

296 4480 359 4529 ὲκ
384 4472 497 4527 τῶν
533 4466 719 4540 μηρῶν
750 4462 933 4527 αὐτοῦ,
964 4461 1067 4522 ἓως
1101 4457 1165 4510 ἂν
1188 4454 1333 4525 ἔλθῃ,
1357 4446 1400 4521 ᾧ
1432 4451 1731 4506 ἀπόκειται.
1757 4451 1834 4502 Kc

1940 4437 2107 4522 ’cjus,
2142 4435 2315 4489 donec
2360 4432 2538 4486 veniat
2567 4428 2653 4482 cui
2698 4426 2991 4494 repositum
3020 4429 3134 4486 est;
3170 4428 3224 4474 et
3268 4419 3383 4488 ipse
3424 4417 3528 4470 erit

2176 4535 2186 4540 -
2232 4525 2263 4540 .-
2690 4516 2918 4540 Αιιικηηη
2976 4513 3038 4540 ...Ι
3099 4512 3258 4540 “nam
3318 4508 3524 4540 ηρῖηαηει

298 4565 463 4627 αὐτὸς
516 4561 668 4613 ἔσται
715 4552 1012 4628 προσδοκία
1054 4547 1244 4601 ἐθνῶν.
1287 4543 1570 4615 Δεσμεύων
1598 4541 1730 4614 πρὸς
1760 4542 1866 4610 ἄμ-

1972 4525 2305 4597 exspeetatio
2359 4521 2617 4592 gentium.
2680 4516 2921 4586 Alligans
2975 4513 3042 4567 ad
3099 4512 3260 4565 vitem
3317 4508 3525 4563 asinam

299 4600 461 4627 νινε-νυ
516 4600 668 4613 νει-νυ·
721 4600 1009 4628 --ισννν--νην
1066 4600 1101 4601 η
1206 4600 1209 4601 ν
1395 4600 1408 4615 ,
1642 4600 1653 4614 ,
1712 4600 1725 4605 ν
1801 4600 1812 4610 _

299 4658 462 4711 πελον
518 4652 615 4723 τὴν
658 4649 776 4703 ὄνον
813 4643 997 4707 αὐτοῦ,
1030 4642 1122 4695 καὶ
1163 4643 1227 4711 τῇ
1262 4637 1402 4690 ἕλικι
1433 4635 1523 4687 τὸν
1566 4633 1741 4685 πῶλον
1771 4632 1834 4701 τῆ

1974 4633 2152 4683 suam,
2179 4625 2233 4670 et
2259 4614 2327 4668 ad
2360 4614 2583 4667 heliccm
2616 4610 2821 4679 pullum
2854 4606 3019 4662 asime
3061 4618 3192 4660 suae.
3220 4601 3443 4657 Lavabit
3475 4600 3527 4654 in

2013 4708 2023 4718 ο
2082 4722 2091 4723 ,
2160 4704 2341 4723 -.-1-Δ-
2402 4716 2550 4723 ----...
2640 4708 2686 4723 ..ι
2739 4698 2790 4723 ε..
2846 4696 3107 4723 Λιιηηιιῖιιιι
3153 4708 3271 4723 ...ιω
3311 4691 3527 4723 nulli-um

300 4691 461 4711 πων.
530 4691 614 4723 ..μ
660 4691 772 4703 υ.-.
813 4691 997 4707 an",
1178 4691 1227 4711 η,
1829 4691 1834 4701 Ι

300 4748 421 4801 ὖνου
455 4740 642 4796 αὐτοῦ.
674 4737 869 4790 Πλυνεῖ
900 4736 955 4786 ὲν
984 4731 1110 4801 οἴνῳ
1133 4727 1230 4799 τὴν
1258 4723 1451 4795 στολὴν
1482 4721 1673 4784 αὐτοῦ,
1694 4721 1788 4775 καὶ
1813 4722 1834 4772 ὲ

1977 4708 2102 4761 νὶιιο
2155 4704 2349 4759 stolam
2400 4716 2593 4763 suam,
2636 4708 2690 4754 et
2739 4698 2792 4751 in
2846 4696 3108 4764 sanguine
3153 4708 3271 4747 uvae
3311 4691 3531 4761 pallium

302 4780 499 4908 αίυματι
545 4829 818 4900 σταφυλῆς
866 4825 964 4896 τὴν
1010 4780 1297 4893 περιϐόλὴν
1334 4780 1524 4871 αὑτοῦ.
1553 4780 1834 4885 Χαροποὶι

1978 4816 2159 4856 suum.
2212 4797 2423 4852 llilares
2470 4792 2613 4849 oculi
2669 4791 2788 4860 ejus
2829 4804 2860 4842 a
2909 4788 3058 4852 vino,
3104 4794 3157 4839 et
3201 4783 3389 4837 dentes
3414 4780 3535 4849 ejus

1977 4897 1989 4908 ι
2064 4902 2074 4908 .
2155 4889 2476 4908 .-.1912--Α-
2510 4885 2551 4908 Ix
2609 4903 2622 4908 -

616 4885 884 4979 αύτοῦμὼς
923 4885 1035 4967 ’ἀπὸ
1066 4885 1228 4975 οἴνου,
1255 4885 1355 4962 καὶ
1386 4905 1567 4959 λευκοὶ
1596 4906 1643 4957 οἱ
1666 4902 1834 4957 όδόντε

1976 4897 2113 4948 lacte
2142 4889 2481 4947 candidiores
2510 4885 2572 4940 ³³.
2608 4903 2626 4934 ι

308 5019 474 5076 αὑτοῦ
508 5018 541 5087 ἢ
574 5014 731 5085 γάλα.
770 5030 789 5063 ι

380 5110 569 5164 Ταῦτα
626 5106 721 5177 μὲν
765 5096 855 5155 οὖν
916 5092 1288 5167 παραφρὰξειν
1346 5087 1701 5156 ἐπιστάμενός
1760 5102 1874 5143 σοι,

2056 5078 2189 5134 Vill.
2226 5076 2351 5133 llaec
2385 5092 2507 5131 cum
2537 5072 2780 5143 pluribus
2817 5084 2880 5122 ac
2905 5064 3133 5122 circuitu
3167 5058 3345 5129 eloqui
3374 5070 3539 5111 nove-

313 5206 455 5261 αὐτὰ
502 5148 788 5267 Bona?”
830 5148 1009 5246 τανῦν⁸
1040 5148 1447 5258 παρατίθεσθαι.
1512 5148 1646 5232 ’.ἀλλ’
1697 5177 1834 5229 ὲπειί

1987 5174 2113 5235 rim,
2139 5173 2314 5239 ipsum
2348 5167 2508 5222 modo
2546 5176 2753 5220 textum
2784 5172 3051 5231 apponere
3083 5151 3258 5208 libuit.
3290 5148 3426 5214 Quia
3454 5157 3539 5202 ta-

2148 5266 2151 5267 ν
2299 5263 2330 5267 --
2376 5263 2386 5267 -
2595 5259 2607 5267 -
2806 5256 2819 5267 ι
2900 5261 2911 5267 ι
2955 5253 2993 5267 ι.
3020 5247 3097 5267 -.με
3154 5260 3215 5267 η..
3247 5240 3538 5267 ῑ.1,...ι,ιΛ..-ι

316 5296 461 5351 αὐτὰ
488 5295 558 5347 τὰ
598 5293 816 5363 ῥήματα
858 5280 1151 5355 προτρέπει
1183 5275 1277 5328 τοῦ

318 5358 743 5461 παραλείψομαι·
795 5378 908 5431 ἔστι
941 5374 1049 5441 γὰρ
1093 5371 1257 5430 ὅντως
1296 5365 1413 5418 θεῖα
1436 5363 1529 5416 καὶ
1560 5358 1761 5422 ἔνδοξα,
1796 5358 1886 5409 δυ-

393 5552 415 5581 ⁸
444 5550 609 5614 Apoc.
639 5561 693 5608 ν,
726 5542 778 5596 5.

1323 5273 1520 5339 λέγειν,
1572 5270 1691 5324 οὐδὲ
1732 5266 1834 5320 τοῦ⁴

1989 5282 2110 5319 men
2142 5266 2258 5335 ipsa
2281 5263 2461 5319 divina
2498 5259 2661 5313 verba
2688 5256 2918 5311 suadent
2955 5247 3123 5317 loqui,
3152 5260 3218 5298 ne
3247 5242 3298 5295 id
3324 5240 3540 5310 quidem

1992 5332 2262 5411 omittam.
2313 5352 2477 5407 Plane
2520 5349 2662 5405 enim
2712 5345 2891 5400 divina
2922 5349 3049 5396 sunt
3087 5347 3139 5390 et
3186 5332 3434 5394 illustria,
3478 5344 3543 5384 ac

853 5540 873 5569 ⁹
904 5534 1061 5589 Joan.
1109 5529 1368 5597 “111,37.
1450 5526 1490 5557 ¹⁰
1518 5522 1671 5577 Joan.
1706 5537 1744 5585 ι,
1766 5518 1834 5572 29

1942 5516 1979 5550 ¹¹
2010 5514 2165 5570 Joan.
2198 5530 2274 5583 xi,
2309 5511 2397 5568 52.
2464 5512 2506 5543 ¹²
2540 5506 2694 5562 Joan.
2730 5518 2789 5568 ιι,
2824 5500 2910 5554 l9.
2991 5496 3033 5527 ³³
3056 5493 3189 5550 Gen.
3218 5506 3362 5558 ιιιι,
3392 5484 3541 5542 8-12.

398 5703 510 5769 (25)
536 5696 1087 5769 Hpoarmdpsuoar.
1112 5684 1432 5769 Eomlnieﬁsq
1460 5677 1834 5755 προηγόρευσα

1940 5672 2143 5727 Ε’ΔΒιιιο.

400 5753 513 5843 (iii
537 5753 731 5824 Emi.
756 5753 891 5833 'Le'g.
925 5761 1079 5817 δοκῶ.
1112 5757 1241 5812 τω.
1272 5753 1398 5808 Ρη.
