3860 6200
374 245 478 328 739

993 265 1050 320 S-
1094 263 1448 321 Hll’POLY'I‘I
1486 259 1632 317 OPP.
1671 258 1860 315 PARS
1899 259 1962 313 11.
2006 289 2074 299 —
2135 257 2440 313 DOGMAT.
2485 257 2573 312 ET
2634 257 2978 313 HISTORIC.

3493 260 3598 313 7&0

372 398 428 442 et
478 392 740 443 Ieremtas
796 384 876 440 sic
922 383 1044 437 ait:
1087 401 1106 434 ι
1165 382 1205 435 Ε
1250 382 1364 435 Dan
1415 380 1702 435 audiemus
1746 393 1933 433 vocem

2052 375 2414 447 Ἀντίχριστον
2443 377 2577 446 (57).
2613 375 2773 444 Λέγει
2813 376 2921 446 γὰρ
2961 377 3055 430 xui.
3096 377 3357 449 Ἱερεμίας
3396 378 3600 442 οὕτως·

373 476 668 534 celeritatis
702 490 966 546 equorum
998 475 1138 545 ejus,
1166 488 1196 526 a
1225 487 1357 527 voce
1385 472 1628 526 hinnitus
1657 471 1930 540 equitatus

372 584 636 639 equorum
685 568 804 638 ejus
856 575 1127 622 commota
1177 575 1263 620 est
1305 566 1559 618 universa
1607 573 1749 618 terra
1793 563 1860 616 ”.
1906 581 1924 613 ι

373 662 462 715 Ait
485 674 614 714 vero
658 667 711 713 et
736 659 875 714 alius
901 657 1163 726 prapheta
1200 675 1212 710 :
1253 675 1271 707 ι
1319 655 1683 726 Congregabit
1713 667 1930 706 omnem

373 755 624 808 virtutem
677 766 830 806 suam
881 765 912 804 a
959 750 1090 805 solis
1133 758 1257 804 ortu
1312 763 1486 818 usque
1536 747 1604 801 ad
1649 761 1928 801 occasum.

372 844 519 910 Quos
565 841 860 907 vocaverit,
908 849 961 896 et
1006 855 1144 909 quos
1184 855 1293 894 non
1337 838 1628 900 vocaverit,
1665 852 1788 890 cum
1839 836 1932 890 illo

374 937 546 990 ibunt.
577 933 913 989 Candescere
943 947 1091 988 mare
1118 931 1280 986 faciet
1311 945 1422 1000 pra:
1465 928 1814 983 multitudine
1841 944 1932 982 ve-

374 1028 552 1081 lorum
580 1025 822 1088 navium,
853 1032 907 1077 et
932 1023 1238 1092 nigrescere
1260 1035 1514 1089 campum
1543 1034 1655 1088 prae
1689 1017 1932 1072 multitu—

372 1119 499 1173 dine
527 1127 830 1172 scutorum.
856 1116 954 1179 Ac,
983 1114 1029 1168 si
1061 1113 1185 1182 quis
1223 1112 1272 1167 ei
1307 1112 1364 1165 in
1391 1111 1582 1180 proelio
1609 1110 1928 1172 occurrerit,

373 1207 552 1278 gladio
600 1215 816 1261 corruet
838 1203 904 1258 ³⁸.
941 1223 959 1254 ι
985 1203 1140 1270 Quod
1179 1203 1325 1256 enim
1379 1203 1493 1256 haec
1555 1215 1662 1254 non
1711 1201 1778 1255 de
1819 1200 1932 1254 ullo

375 1297 482 1352 alio
525 1297 667 1351 dicta
715 1296 842 1360 sint,
873 1311 1034 1364 quam
1080 1296 1146 1348 de
1194 1303 1425 1362 tyranno
1464 1291 1555 1344 illo
1605 1298 1716 1344 tum
1754 1289 1932 1358 impu-

373 1392 550 1454 dente,
578 1399 690 1444 tum
725 1387 818 1444 Dei
856 1387 1185 1452 adversario,
1213 1386 1267 1440 in
1296 1385 1646 1453 sequentibus
1681 1381 1933 1438 ostende-

376 1499 516 1537 IDUS.

444 1570 582 1627 XVI.
633 1570 736 1625 Sed
786 1579 840 1625 et
877 1569 1044 1625 Isaias
1070 1569 1152 1624 sic
1183 1568 1258 1623 ait
1290 1586 1304 1622 :
1358 1586 1376 1618 ι
1411 1565 1476 1620 Ει
1506 1567 1610 1621 erit
1647 1581 1770 1620 cum
1801 1579 1934 1619 con-

375 1664 725 1720 summaverit
758 1661 1018 1717 Dominus
1051 1662 1233 1715 omnia
1269 1659 1476 1714 faciens
1503 1659 1557 1713 in
1588 1667 1770 1713 monte
1801 1657 1932 1712 Sion

2043 488 2061 520 ι
2101 469 2287 539 Φωνὴν
2333 471 2398 521 ἐκ
2438 467 2544 521 Δάν
2590 468 2949 538 ἀκουσώμεθα
2977 467 3231 539 ὀξύτητος
3263 471 3443 524 ἴπταυν
3487 471 3606 542 (58)

2037 561 2224 624 αὑτοῦ,
2253 560 2384 631 [ἀπὸ
2402 560 2587 630 φωνῆς
2618 559 2984 631 χρεμετισμοῦ
3011 562 3269 626 ἱππασίας
3302 563 3483 616 ἵππων
3511 564 3613 616 αὐ-

2034 650 2154 722 τοῦ]
2177 651 2393 721 ἐσείσθη
2437 653 2647 721 πᾶσαὴ
2679 651 2772 720 γῆ.
2821 671 2836 701 ι
2865 653 3026 719 Λέγει
3047 651 3103 704 δὲ
3141 654 3234 705 καὶ
3265 653 3446 723 ἕτερος
3474 672 3616 725 προ-

2037 741 2238 810 φήτης·
2295 759 2312 791 ι
2350 741 2601 805 Ξυνάξει,
2621 742 2798 794 πᾶσαν
2845 740 3074 812 δύναμιν
3120 743 3285 796 αὐτοῦ
3319 745 3420 812 ἀφ’
3452 744 3612 815 ἡλίου

2036 834 2307 888 ἀνατολῶν
2339 834 2496 905 ἄχρις
2524 835 2673 905 ἡλίου
2704 837 2921 906 δυσμῶν
2945 853 2958 866 ⁸
2988 837 3081 900 οὓς
3109 837 3363 908 κεκλήκοι
3393 839 3487 892 καὶ
3511 839 3613 901 οῦς

2036 927 2096 978 οὐ
2123 926 2377 998 κεκλήκοι
2413 927 2836 997 πορευθήσονται
2862 932 2975 998 μετ’
3006 929 3188 982 αὐτοῦ.
3217 931 3485 983 Λευκανεῖ
3505 932 3613 1002 τὴν

2037 1016 2308 1070 Θάλασσαν
2334 1018 2440 1071 ἀπὸ
2460 1017 2568 1071 τῶν
2595 1019 2775 1073 ἱστίων
2791 1020 2896 1072 τῶν
2937 1021 3154 1084 πλοίων,
3179 1021 3272 1074 καὶ
3308 1021 3530 1091 μελανεῖ
3547 1022 3619 1074 τὸ

2039 1111 2215 1163 πεδίον
2260 1111 2366 1164 ἀπὸ
2395 1111 2501 1163 τῶν
2531 1110 2735 1182 θυρεῶν
2783 1111 2887 1164 τῶν
2917 1111 3093 1164 ὃπλων
3116 1128 3130 1141 °
3163 1113 3254 1165 xui.
3302 1114 3410 1176 πᾶς
3452 1115 3512 1178 ὃς
3540 1113 3619 1167 ἂν

2038 1204 2343 1274 συναντήσῃ
2369 1203 2516 1273 αὐτῷ
2543 1205 2600 1256 ἐν
2620 1203 2858 1274 πολέμῳ,
2887 1205 3126 1275 μαχαίρᾳ
3151 1209 3409 1258 πεσεῖται.
3441 1225 3461 1256 ι
3485 1208 3619 1259 Ὅτι

2041 1295 2138 1364 μὲν
2166 1290 2259 1347 οὖν
2291 1294 2463 1347 ταῦτα
2503 1294 2602 1346 οὐκ
2634 1297 2721 1346 ἐπ’
2751 1294 2906 1348 ἄλλον
2935 1294 3056 1348 τινὰ
3099 1295 3332 1366 εἴρηται,
3362 1297 3478 1349 ἀλλ’
3512 1295 3616 1350 ἐπὶ

2036 1384 2127 1437 τὸν
2163 1385 2422 1456 τύραννον
2454 1386 2548 1438 xui.
2579 1386 2768 1456 ἀναιδῆ
2802 1387 2895 1440 καὶ
2929 1386 3214 1458 θεομάχον,
3247 1387 3491 1458 δείξομεν
3513 1388 3614 1443 διὰ

2037 1476 2144 1531 τῶν
2175 1477 2318 1547 ἑξῆς.

2106 1569 2268 1639 Λέγει
2301 1571 2392 1622 καὶ
2428 1569 2654 1632 Ἡσαΐας
2681 1567 2882 1634 οὕτως·
2933 1589 2953 1620 ι
2994 1572 3100 1624 Καὶ
3129 1571 3277 1625 ἔσται
3322 1573 3449 1624 ὅταν
3481 1586 3613 1624 συν-

2038 1660 2230 1733 τελέσῃ
2260 1661 2461 1732 Κύριος
2494 1662 2668 1714 πάντα
2695 1661 2860 1714 ποιῶν
2888 1662 2979 1714 ἐπὶ
3000 1661 3077 1730 τῷ
3104 1662 3218 1732 δρει
3240 1661 3316 1732 τῷ
3344 1661 3481 1714 Σιὼν
3508 1661 3613 1713 καὶ

371 1767 426 1813 et
459 1755 788 1822 Jerusalem;
823 1754 1040 1808 inducet
1065 1767 1228 1822 super
1257 1760 1489 1806 mentem
1533 1765 1805 1819 magnam,
1840 1765 1932 1802 su-

2046 1751 2414 1824 Ἰερουσαλήμ,
2449 1752 2636 1817 ἐπάξει
2685 1753 2779 1804 ἐπὶ
2825 1753 2919 1806 τὸν
2965 1752 3087 1805 νοῦν
3132 1752 3221 1806 τὸν
3275 1754 3470 1823 μέγαν,
3511 1755 3613 1804 ἐπὶ

374 1864 468 1918 per
509 1847 806 1918 principem
852 1844 1234 1914 Assyriorum,
1285 1849 1340 1894 et
1384 1853 1546 1909 super
1598 1840 1932 1894 altitudinem

376 1938 562 2010 gloria:
596 1937 874 1992 oculorum
913 1935 1054 2003 ejus.
1103 1932 1249 1986 Dixit
1279 1931 1424 1987 enim
1461 1948 1473 1984 :
1514 1928 1572 1984 In
1621 1928 1936 1984 fortitudine

379 2029 596 2091 faciam,
635 2035 690 2080 et
734 2024 995 2094 sapientia
1041 2021 1343 2076 intellectus
1397 2017 1636 2073 auferam
1677 2019 1936 2072 terminos

378 2121 640 2191 gentium,
683 2125 742 2173 et
789 2113 1160 2170 fortitudinem
1207 2126 1395 2167 eorum
1449 2109 1828 2180 depraedabor;
1883 2118 1938 2164 et

375 2211 682 2267 concutiam
707 2209 954 2265 civitates
984 2207 1270 2272 habitatas,
1295 2214 1346 2259 et
1369 2204 1553 2258 orbem
1584 2213 1756 2258 totum
1785 2218 1936 2257 com-

378 2302 711 2378 prehendam
762 2317 927 2356 manu
973 2314 1094 2354 mea
1120 2299 1276 2368 quasi
1309 2297 1518 2358 nidum,
1547 2304 1600 2349 et
1645 2297 1802 2365 quasi
1833 2311 1934 2349 ova

375 2396 631 2454 derelicta
666 2394 852 2450 tollam
883 2411 900 2449 :
943 2401 999 2448 et
1035 2405 1144 2446 nou
1175 2399 1258 2446 est
1287 2389 1382 2458 qui
1413 2387 1632 2459 effugiat
1668 2398 1761 2442 aut
1804 2403 1938 2442 con-

377 2490 612 2546 tradicat
633 2487 764 2542 mihi
787 2505 803 2555 ;
831 2495 884 2542 et
907 2485 1000 2555 qui
1025 2483 1232 2553 aperiat
1257 2497 1319 2537 os
1340 2497 1393 2536 et
1418 2481 1637 2550 garriat.
1667 2478 1936 2549 Numquid

376 2581 765 2654 glorificabitur
795 2577 1004 2635 securis
1032 2577 1149 2630 sine
1169 2591 1234 2630 eo
1268 2576 1361 2644 qui
1392 2573 1548 2628 caedit
1581 2574 1633 2626 in
1668 2572 1820 2641 ipsa?
1846 2581 1939 2626 aut

376 2675 700 2730 exaltabitur
721 2687 871 2728 serra
902 2671 1019 2726 sine
1044 2685 1110 2724 eo
1137 2671 1232 2739 qui
1267 2668 1412 2721 illam
1447 2665 1651 2720 trahit?
1679 2664 1939 2719 Similiter

378 2767 423 2822 si
467 2766 591 2837 quis
624 2763 905 2821 sustulerit
953 2762 1158 2832 virgam
1207 2769 1301 2814 aut
1347 2759 1572 2829 lignum,
1613 2757 1940 2811 exaltabitur

378 2861 605 2930 lignum.
656 2856 722 2912 Et
765 2871 874 2911 non
915 2856 1014 2910 sic.
1061 2853 1166 2908 Sed
1218 2852 1391 2905 mittet
1434 2851 1634 2905 Adonai
1679 2849 1940 2904 Dominus

379 2950 616 3007 Sabaoth
648 2950 700 3004 in
733 2950 996 3004 honorem
1040 2955 1192 3001 tuum
1222 2943 1574 3013 ignominiam
1614 2962 1628 2997 :
1661 2952 1714 2996 et
1744 2943 1796 2996 in
1825 2943 1941 3012 glo-

381 3041 516 3096 riam
549 3051 695 3096 tuam
736 3038 877 3109 ignis
911 3037 1106 3091 ardens
1152 3034 1486 3090 exardescet.
1522 3032 1584 3086 Et
1617 3033 1720 3086 erit
1759 3033 1937 3085 lumen

379 3132 545 3189 Israel
571 3133 624 3186 in
650 3131 772 3201 igne
803 3148 818 3184 :
851 3139 906 3184 et
942 3127 1300 3183 sanetiticabit
1326 3126 1379 3178 in
1412 3124 1647 3190 flamma,
1676 3132 1730 3177 et
1754 3138 1937 3178 come-

379 3226 470 3280 det
497 3224 635 3278 sicut
689 3221 897 3284 fenum,
928 3220 1118 3274 silvam
1149 3219 1217 3272 ’⁸.
1255 3235 1274 3267 ι

448 3313 616 3369 XVII.
644 3313 774 3367 Item
799 3312 905 3366 alio
924 3324 1140 3381 quoque
1166 3309 1320 3363 loco:
1359 3325 1378 3358 ι
1408 3306 1690 3372 Quomodo
1711 3305 1942 3359 cessavit

379 3405 630 3463 exactor?
651 3419 822 3474 quave
851 3401 1061 3457 ratione
1090 3400 1324 3455 cessavit
1345 3395 1702 3453 sollicitator?
1725 3395 1942 3450 Contri-

379 3499 456 3553 vit
483 3497 624 3552 Deus
663 3497 852 3566 jugum
878 3493 1180 3563 principum
1219 3499 1584 3559 peccatorum,
1633 3487 1941 3558 percutiens

381 3599 592 3664 gentem
627 3589 807 3644 furore
824 3600 877 3641 et
895 3587 1046 3656 plaga
1075 3579 1704 3651 insanabili,percutiens
1729 3585 1940 3646 gentem

381 3685 536 3754 plaga
584 3678 872 3736 insanabili
900 3693 1008 3747 qua
1037 3689 1146 3729 non
1172 3674 1430 3745 pepercit.
1466 3671 1744 3742 Requievit
1772 3671 1943 3724 conti-

381 3779 602 3830 nenter:
631 3771 808 3826 omnis
850 3780 993 3826 terra
1017 3767 1218 3823 clamat
1253 3780 1378 3820 cum
1414 3763 1614 3818 laetitia.
1657 3761 1822 3832 Ligna
1855 3761 1942 3813 Li-

382 3865 510 3921 bani
547 3865 723 3918 laetata
745 3869 875 3918 sunt
925 3874 1087 3929 super
1133 3867 1207 3924 te,
1258 3864 1314 3910 et
1360 3855 1555 3910 cedrus
1617 3853 1828 3906 Libani.
1865 3852 1942 3908 Ex

382 3971 494 4028 quo
521 3965 578 4010 tu
603 3951 964 4015 obdormiisti,
991 3965 1097 4004 non
1123 3947 1386 4014 ascendit,
1411 3947 1504 4016 qui
1524 3961 1621 4001 nos
1639 3945 1825 4000 cadat.
1859 3943 1946 3997 ln-

385 4048 572 4103 fernus
603 4046 788 4100 subter
832 4043 1186 4098 exacerbatus
1209 4049 1311 4103 est,
1335 4053 1624 4094 occurrens
1659 4037 1773 4092 tibi.
1802 4035 1945 4090 Con-

385 4146 749 4195 surrexeruut
777 4149 968 4190 omnes
999 4133 1241 4203 gigantes
1266 4131 1477 4200 judices
1507 4139 1683 4194 terrm,
1744 4129 1946 4197 princi-

386 4247 482 4302 pes
512 4247 578 4286 ex
613 4230 764 4286 soliis
813 4229 950 4283 suis.
989 4225 1191 4281 Omnes
1244 4238 1398 4293 rcges
1439 4222 1699 4293 gentium,
1753 4235 1944 4274 omnes

387 4320 549 4375 simul
577 4318 996 4388 respondebunt,
1020 4324 1074 4368 et
1099 4315 1275 4369 dicent
1300 4332 1312 4366 :
1358 4311 1424 4366 Et
1471 4320 1526 4365 tu
1564 4319 1754 4381 captus
1779 4326 1837 4364 es
1863 4311 1940 4364 si-

385 4421 478 4466 cut
505 4420 559 4466 et
606 4427 728 4477 nos;
773 4410 912 4463 inter
961 4423 1061 4462 nos
1108 4415 1387 4475 reputatus
1438 4419 1518 4458 es.
1571 4402 1856 4458 Descendit
1887 4403 1941 4455 in

453 4616 500 4648 ⁸³
521 4613 718 4670 Jerem.
749 4631 866 4673 vin.
890 4615 976 4668 I6.
1052 4615 1098 4646 ’⁵
1119 4614 1276 4668 Forte
1302 4630 1364 4667 ex
1400 4613 1726 4682 apocrypha,
1765 4622 1819 4664 ut
1848 4609 1984 4663 infra
2013 4623 2132 4676 cap.
2165 4607 2252 4660 54.

457 4849 875 4972 53:2)”:13111'6?
923 4848 1338 4915 Ἀντίχριστον.
1372 4847 1448 4903 Id.
1485 4851 1576 4902 ἐπὶ
1622 4847 1716 4902 τοῦ
1770 4851 1938 4902 Ἀντι-

483 4937 605 4974 στου
613 4960 627 4972 .

389 4939 1138 5062 χρὶῦὲῗϊὸξύτητοςξππων.
1156 4987 1431 5062 Nobilius,
1456 4997 1516 5042 ut
1541 4997 1594 5042 et
1625 4986 1807 5062 vulg,
1834 4989 1938 5062 [re-

388 5059 576 5116 miturit
600 5075 867 5130 (quorum.
891 5059 965 5130 Et
996 5068 1296 5130 sape‘recte
1339 5059 1518 5128 Vulg.,
1557 5060 1701 5130 quod
1735 5060 1810 5113 ita
1835 5059 1940 5130 lle:

389 5133 533 5187 lmen
586 5127 785 5185 habent
829 5148 842 5182 :
891 5129 1001 5183 Leo
1046 5127 1206 5191 Juda,
1253 5127 1474 5182 ronchus
1518 5129 1726 5181 auditus
1758 5145 1776 5182 :
1805 5129 1940 5182 nihil

391 5216 522 5256 vero
563 5210 706 5256 recte
747 5197 1012 5263 Nobilius,
1045 5199 1139 5268 qui
1179 5200 1410 5252 litteram
1453 5199 1560 5250 τῶν
1591 5197 1938 5268 Septuaginta

391 5269 575 5326 debuit
601 5270 858 5336 reddere;
891 5270 1030 5338 apud
1063 5284 1200 5334 quos
1227 5285 1385 5322 nemo
1417 5269 1600 5322 Graece
1627 5267 1820 5322 doctus
1840 5267 1938 5338 τὴν

391 5340 622 5409 ὀξύτητα
668 5339 736 5394 ad
778 5341 1044 5394 ronchum
1085 5339 1168 5391 vel
1197 5339 1468 5392 fremitum
1498 5351 1762 5409 equorum
1801 5338 1940 5391 refe-

393 5420 498 5474 rat,
544 5407 638 5465 sed
690 5411 755 5464 ad
816 5411 1030 5463 illorum
1084 5411 1409 5463 celeritatem
1466 5423 1528 5461 ac
1581 5407 1938 5472 velocitatem,

395 5495 499 5548 qua
553 5480 772 5548 perinde
815 5496 878 5534 ac
927 5479 1142 5533 fremitu
1183 5489 1344 5548 atque
1392 5479 1626 5542 hinnitu,
1672 5478 1940 5546 equestris

396 5550 582 5602 militia
631 5552 824 5603 terrori
871 5560 972 5604 est.
1017 5551 1259 5617 Sequens
1298 5548 1592 5603 auctoritas
1622 5564 1784 5617 quam
1818 5563 1941 5618 pro-

397 5618 662 5687 pheticam
720 5619 883 5674 habet
936 5619 1274 5689 Hippolytus,
1312 5634 1576 5688 nusquam
1609 5617 1825 5674 exstare
1855 5617 1938 5668 vi-

395 5689 550 5744 detur
597 5689 649 5741 in
681 5689 831 5744 libris
869 5691 1065 5744 ttosttis
1130 5688 1268 5744 cuos
1317 5690 1382 5744 de
1440 5705 1649 5745 canone
1693 5688 1941 5752 agnosci-

2035 1844 2126 1896 τὸν
2171 1844 2404 1916 ἄρχοντα
2447 1843 2554 1896 τῶν
2609 1844 2924 1915 Ἀσσυρίων,
2957 1845 3050 1897 καὶ
3096 1845 3190 1896 ἐπὶ
3234 1844 3294 1896 τὸ
3340 1843 3470 1913 ὕψος
3500 1845 3608 1915 τῆς

2035 1935 2190 2006 δόξης
2238 1935 2346 1988 τῶν
2391 1933 2682 2006 ὀφθαλμῶν
2728 1935 2911 1988 αὑτοῦ.
2959 1931 3094 1988 Elite
3144 1935 3286 2006 γάρ*
3337 1937 3414 2007 Τῇ
3461 1937 3614 2006 ἰσχύϊ

2037 2028 2265 2098 ποιήσω,
2299 2027 2393 2079 καὶ
2419 2029 2484 2097 τῇ
2520 2027 2682 2098 σοφίᾳ
2714 2027 2810 2098 τῆς
2840 2028 3107 2091 συνέσεως
3155 2028 3334 2096 ἀφελῶ
3365 2029 3486 2102 ὅρια
3515 2030 3614 2082 ἐθ-

2036 2118 2162 2184 νῶν,
2194 2119 2288 2172 καὶ
2318 2120 2417 2190 τὴν
2461 2120 2612 2188 ίσχὺν
2658 2119 2836 2173 αὐτῶν
2879 2119 3253 2191 προνομεύσω,
3297 2121 3389 2175 καὶ
3437 2121 3612 2175 σείσω

2037 2210 2217 2273 πόλεις
2261 2209 2710 2280 κατοικουμένας,
2744 2211 2835 2264 καὶ
2863 2211 2958 2283 τὴν
2997 2212 3315 2286 οίκουμένην
3343 2214 3469 2285 ὃλην
3506 2233 3614 2269 κα-

2035 2301 2342 2372 ταλήψομαι
2372 2303 2438 2371 τῇ
2469 2301 2610 2372 χειρί
2646 2318 2766 2372 μου,
2797 2303 2871 2365 ὼς
2913 2303 3152 2366 νοσσιὰν,
3191 2303 3284 2357 καὶ
3329 2305 3404 2368 ὡς
3435 2323 3613 2359 κατα-

2036 2392 2362 2463 λελειμμένα
2402 2393 2486 2446 ὠά
2517 2393 2666 2464 ἀρῶσ
2702 2394 2797 2447 καὶ
2827 2395 2928 2448 οὐκ
2974 2394 3140 2458 ἐστιν,
3167 2396 3226 2460 ὃς
3263 2395 3612 2465 διαφεύξεται

2036 2485 2069 2556 ἢ
2098 2485 2323 2556 ἀντείπῃ
2374 2503 2482 2556 μοι,
2513 2484 2632 2556 [καὶ
2673 2486 2899 2554 ἀνοίγων
2934 2487 2994 2540 τὸ
3029 2487 3203 2558 στόμα
3238 2490 3332 2542 καὶ
3361 2489 3614 2560 στρουθί-

2039 2577 2163 2640 ζων.
2197 2577 2292 2646 Μὴ
2331 2575 2716 2648 δοξασθήσεται
2759 2576 2914 2647 ἀξίνη
2941 2577 3070 2632 ἄνευ
3101 2577 3193 2632 τοῦ
3222 2579 3510 2645 κόπτοντος
3549 2583 3612 2634 ἐν

2037 2669 2180 2739 αὐτῇ
2202 2686 2216 2732 ;
2241 2669 2274 2740 ἢ
2300 2667 2642 2739 ὑψωθήσεται
2671 2668 2844 2741 πρίων
2874 2669 3002 2723 ἀνευ
3031 2669 3124 2722 τοῦ
3147 2671 3389 2736 ἕλκοντος
3413 2673 3608 2735 αὑτόνς

2051 2753 2339 2818 Ὡσαύτως,
2374 2755 2468 2808 ἐάν
2509 2772 2594 2818 τις
2621 2755 2728 2827 ἄρῃ
2763 2756 2956 2826 ῥάϐδον
2988 2759 3020 2828 ἢ
3058 2758 3230 2824 ξύλον,
3261 2760 3609 2831 ὑψωθήσεται

2041 2843 2248 2920 ξύλονο]
2283 2847 2376 2899 καὶ
2403 2847 2499 2916 οὐχ
2543 2847 2733 2911 οὕτως.
2775 2847 2933 2900 Ἀλλά
2960 2850 3246 2903 ἀποστελεῖ
3279 2851 3499 2905 Ἀδωναῖ
3527 2854 3610 2916 είς

2039 2940 2143 3011 τὴν
2174 2941 2272 3009 σὴν
2294 2939 2456 3011 τιμὴν
2495 2941 2736 3011 ἀτιμίαν,
2772 2941 2863 2994 καὶ
2890 2943 2970 3004 είς
3005 2942 3101 3012 τὴν
3148 2944 3247 3015 σὴν
3290 2944 3445 3008 δόξαν
3495 2945 3611 3016 πῦρ

2041 3031 2327 3100 καιόμενον
2356 3032 2704 3102 καυθήσεται.
2734 3032 2844 3084 Καὶ
2874 3033 2936 3085 τὸ
2967 3034 3080 3102 φῶς
3111 3035 3204 3087 τοῦ
3234 3035 3444 3108 Ἰσραὴλ
3473 3036 3609 3107 πῦρ,

2039 3123 2134 3174 xui.
2161 3123 2376 3190 ἀγιάσει
2412 3123 2572 3175 αὐτὸν
2609 3125 2668 3177 ὲν
2701 3124 2880 3194 φλογὶ,
2913 3127 3004 3179 καὶ
3048 3126 3277 3196 φάγεται
3310 3128 3382 3192 ὡς
3417 3128 3610 3200 χόρτον

2040 3215 2139 3286 τὴν
2169 3215 2321 3284 ὓλην.

2113 3308 2222 3359 Καὶ
2254 3307 2414 3360 πάλιν
2437 3308 2494 3359 ἐν
2519 3306 2689 3378 ἑτέρῳ
2724 3307 2903 3376 λέγει·
2959 3329 2978 3361 ι
3019 3311 3142 3375 Πῶς
3175 3312 3553 3365 ἀναπέπαυται
3582 3316 3613 3366 ὁ

2048 3398 2315 3462 ἀπαιτῶν,
2336 3398 2429 3450 καὶ
2445 3397 2561 3461 πῶς
2576 3399 2744 3452 ἀναπέ
2753 3403 2994 3454 παυταιθ
3006 3403 3432 3476 ἐπισπουδαστής
3452 3405 3612 3467 ;Συν-

2044 3489 2259 3560 έτριψεν
2293 3491 2322 3542 ὁ
2353 3490 2483 3553 Θεὸς
2532 3492 2623 3544 τὸν
2655 3490 2816 3559 ζυγὸν
2848 3493 2956 3546 τῶν
3000 3493 3272 3564 ἀρχόντων
3297 3495 3403 3546 τῶν
3430 3496 3614 3566 ἀμαρ-

2042 3577 2224 3629 τωλὼν
2245 3595 2259 3608 ο
2294 3577 2538 3642 πατάξας
2556 3578 2704 3643 ἔθνος
2728 3583 2784 3632 ἐν
2809 3580 2964 3652 θυμῷ
2983 3583 3076 3635 καὶ
3102 3585 3160 3636 ἐν
3179 3583 3357 3654 πληγῇ
3374 3585 3607 3654 ἀνιάτω·

2043 3669 2218 3722 παίων
2251 3669 2400 3733 ἔθνος
2431 3669 2608 3741 πληγῇ
2644 3671 2862 3743 ἀνιάτῳ,
2993 3675 3092 3728 οὐκ
3142 3676 3412 3743 ἐφείσατο.
3462 3677 3611 3730 Ἀνε-

2045 3763 2291 3816 παύσατο
2323 3763 2611 3827 πεποιθὼς,
2635 3767 2780 3818 πᾶσα
2817 3767 2848 3836 ὴ
2876 3767 2947 3836 γῆ
2987 3767 3084 3838 βοᾷ
3107 3770 3219 3838 μετ’
3254 3768 3609 3840 εὐφροσύνης.

2045 3856 2124 3908 Τὰ
2153 3855 2285 3920 ξύλα
2307 3853 2400 3908 τοῦ
2428 3853 2656 3908 Λιϐάνου
2689 3856 3074 3927 ηὑφράνθησαν
3101 3857 3194 3910 ἐπὶ
3221 3859 3324 3920 σοὶ,
3349 3859 3491 3929 καὶὴ
3517 3859 3611 3911 κέ-

2043 3943 2166 4014 δρος
2193 3943 2285 3996 τοῦ
2319 3944 2571 3998 Λιϐάνου.
2623 3944 2738 4012 Ἀφ’
2770 3940 2829 3998 οῦ
2862 3945 2925 3997 σὺ
2944 3945 3291 4016 κεκοίμησαι,
3314 3948 3414 3999 οὐκ
3445 3946 3613 4017 ἀνέϐη

2047 4037 2075 4087 ὁ
2102 4035 2312 4087 κόπτων
2340 4036 2502 4104 ἡμᾶς.
2543 4033 2601 4086 Ὁ
2639 4033 2770 4105 ᾅδης
2802 4035 2948 4088 κάτω
2993 4036 3294 4108 ἐπικράνθη
3346 4040 3611 4107 συναντή-

2047 4143 2145 4189 σας
2181 4143 2293 4178 σοι·
2352 4125 2759 4196 συνηγέρθησαν
2810 4127 3010 4190 πάντες
3063 4129 3110 4180 οἱ
3148 4129 3398 4197 γίγαντες
3426 4131 3476 4182 οἱ
3513 4129 3612 4200 ἆρ-

2049 4217 2232 4282 ξαντες
2268 4219 2365 4288 τῆς
2393 4219 2514 4289 γῆς,
2549 4223 2596 4273 οἱ
2623 4221 2858 4289 κοίρανοι
2891 4221 3001 4290 (59)
3038 4223 3100 4273 ἐκ
3127 4221 3234 4274 τῶν
3277 4221 3482 4292 θρόνων
3511 4223 3606 4277 αὑ⁴

2047 4310 2174 4361 τῶν.
2228 4310 2431 4373 Πάντες
2493 4310 2724 4380 βασιλεῖς
2775 4311 2962 4373 ἐθνῶν,
3010 4311 3123 4382 ἃμα
3153 4313 3348 4377 πάντες
3379 4315 3610 4385 ἀποκριο

2048 4399 2302 4469 θήσονται
2326 4402 2417 4452 καὶ
2439 4400 2620 4471 ἐροῦσι
2635 4418 2647 4430 ·
2685 4403 2793 4455 Καὶ
2816 4403 2878 4454 σὺ
2901 4401 3071 4466 ἑάλως
3085 4402 3269 4475 ὥσπερ
3291 4404 3383 4457 καὶ
3417 4407 3572 4476 ἡμεῖς
3591 4423 3605 4435 ο

2330 4608 2373 4637 ³⁵
2394 4608 2498 4661 lsa.
2531 4622 2584 4673 x,
2615 4605 2800 4662 I247.

2043 4867 2188 4914 mus,
2241 4853 2599 4921 undecunque
2622 4852 2712 4906 ille
2741 4852 3030 4905 habuerit:
3076 4867 3138 4906 ac
3163 4861 3342 4922 putem
3367 4866 3435 4905 ex
3475 4867 3608 4922 apo-

2042 4924 2282 4992 crypliis,
2314 4938 2452 4991 quos
2481 4923 2651 4992 quasi
2697 4924 3038 4991 propheticos
3068 4925 3237 4976 libros
3276 4922 3463 4984 citare,
3498 4938 3604 4980 non

2042 4991 2313 5044 inSuetum
2349 4993 2469 5057 ejus
2515 4991 2690 5045 aetatis
2721 4993 3051 5047 hominibus.
3075 4993 3308 5046 Counsr.

2114 5063 2224 5129 (59)
2255 5065 2316 5114 Ol
2340 5062 2621 5127 κοίρανοι.
2653 5061 2767 5116 Vox
2796 5071 2879 5115 est
2909 5061 3193 5116 Ilomerica
3234 5060 3428 5114 Ἰλιάδ.
3464 5061 3524 5120 Β,
3551 5070 3606 5115 et

2046 5132 2221 5203 magis
2254 5132 2480 5203 poetica.
2535 5131 2706 5203 Aliter
2738 5131 2923 5203 Gratca
2980 5131 3162 5203 Vulg.,
3217 5132 3605 5203 οί-ἐγείραντες

2044 5201 2108 5253 ἐκ
2144 5199 2482 5272 τῶνίθρόνων
2511 5200 2711 5272 αὐτῶν
2733 5202 2939 5265 πάντας
2989 5199 3239 5271 βασιλεῖς.
3282 5199 3440 5256 Velut
3479 5202 3604 5255 olim

2043 5271 2254 5340 tyranni
2282 5271 2336 5324 et
2358 5271 2610 5324 violentia
2637 5271 2895 5334 celebres,
2923 5282 2977 5326 et
3010 5273 3103 5340 qui
3138 5273 3338 5326 multos
3359 5272 3499 5335 solio
3511 5286 3606 5326 ex-

2045 5349 2347 5411 cusserant,
2381 5341 2602 5411 perinde
2627 5356 2691 5411 ac
2713 5356 2804 5394 rex
2847 5341 3220 5411 Assyriorum.
3251 5343 3300 5395 ei
3328 5343 3606 5403 insultent,

2043 5410 2187 5478 quod
2213 5412 2327 5478 pari
2357 5420 2410 5464 et
2431 5411 2545 5478 ipse
2568 5410 2673 5464 illis
2715 5419 2864 5464 sorte
2891 5410 3066 5465 factus
3092 5412 3181 5466 sit.
3209 5411 3478 5480 Allegoria
3503 5422 3606 5476 est,

2045 5480 2188 5550 quod
2230 5483 2342 5534 haec
2366 5481 2432 5534 ad
2463 5479 2737 5550 diabolum
2774 5482 3084 5542 trahuntur,
3115 5492 3168 5535 et
3194 5479 3429 5550 quodad
3458 5483 3608 5534 Anti-

2047 5549 2332 5624 christum,
2368 5564 2530 5624 quem
2559 5550 2636 5604 ait
2684 5549 2886 5624 Paulus
2932 5549 3276 5607 interfectum
3304 5553 3368 5605 iri
3415 5553 3608 5621 spiritu

2047 5621 2158 5674 oris
2176 5618 2324 5675 Iesu.
2357 5619 2609 5678 Contactu
