  <div class='ocr_page' id='page_1' title='image "/cluster/home/n/w/nwhite01/storage/ocr_20150623/10/hvd.32044073501330/390.png"; bbox 0 0 3852 6208; ppageno 0'>
   <div class='ocr_carea' id='block_1_1' title="bbox 196 226 271 282">
    <p class='ocr_par' dir='ltr' id='par_1_1' title="bbox 196 226 271 282">
     <span class='ocr_line' id='line_1_1' title="bbox 196 226 271 282; baseline -0.027 0"><span class='ocrx_word' id='word_1_1' title='bbox 196 226 271 282; x_wconf 78' lang='grc'><strong>741</strong></span> 
     </span>
    </p>
   </div>
   <div class='ocr_carea' id='block_1_2' title="bbox 194 330 1761 406">
    <p class='ocr_par' dir='ltr' id='par_1_2' title="bbox 194 330 1761 406">
     <span class='ocr_line' id='line_1_2' title="bbox 194 330 1761 406; baseline -0.004 -17"><span class='ocrx_word' id='word_1_2' title='bbox 194 341 240 390; x_wconf 75' lang='grc' dir='ltr'><strong>ὲν</strong></span> <span class='ocrx_word' id='word_1_3' title='bbox 264 335 374 406; x_wconf 76' lang='grc' dir='ltr'>ἡμῖν</span> <span class='ocrx_word' id='word_1_4' title='bbox 398 333 450 387; x_wconf 72' lang='grc' dir='ltr'>δὲ</span> <span class='ocrx_word' id='word_1_5' title='bbox 466 330 860 403; x_wconf 85' lang='grc' dir='ltr'>κατελογίσθης·</span> <span class='ocrx_word' id='word_1_6' title='bbox 896 330 1096 402; x_wconf 83' lang='grc' dir='ltr'>κατέϐη</span> <span class='ocrx_word' id='word_1_7' title='bbox 1118 334 1196 396; x_wconf 86' lang='grc' dir='ltr'>εἰς</span> <span class='ocrx_word' id='word_1_8' title='bbox 1222 335 1323 405; x_wconf 79' lang='grc' dir='ltr'><strong>γῆν</strong></span> <span class='ocrx_word' id='word_1_9' title='bbox 1352 337 1386 405; x_wconf 83' lang='grc' dir='ltr'>ἡ</span> <span class='ocrx_word' id='word_1_10' title='bbox 1418 332 1543 400; x_wconf 80' lang='grc' dir='ltr'>δόξα</span> <span class='ocrx_word' id='word_1_11' title='bbox 1570 349 1686 396; x_wconf 86' lang='grc' dir='ltr'>σου,</span> <span class='ocrx_word' id='word_1_12' title='bbox 1718 338 1761 390; x_wconf 80' lang='grc' dir='ltr'><strong>Α</strong></span> 
     </span>
    </p>
   </div>
   <div class='ocr_carea' id='block_1_3' title="bbox 196 423 1689 501">
    <p class='ocr_par' dir='ltr' id='par_1_3' title="bbox 196 423 1689 501">
     <span class='ocr_line' id='line_1_3' title="bbox 196 423 1689 501; baseline -0.004 -20"><span class='ocrx_word' id='word_1_13' title='bbox 196 432 223 501; x_wconf 68' lang='grc' dir='ltr'><strong>ἡ</strong></span> <span class='ocrx_word' id='word_1_14' title='bbox 263 426 403 496; x_wconf 78' lang='grc' dir='ltr'>πολλὴ</span> <span class='ocrx_word' id='word_1_15' title='bbox 431 423 717 496; x_wconf 78' lang='grc' dir='ltr'>εὐφροσύνη</span> <span class='ocrx_word' id='word_1_16' title='bbox 772 439 897 476; x_wconf 89' lang='grc' dir='ltr'>σου·</span> <span class='ocrx_word' id='word_1_17' title='bbox 949 424 1201 477; x_wconf 79' lang='grc' dir='ltr'><strong>ὑποκάτω</strong></span> <span class='ocrx_word' id='word_1_18' title='bbox 1250 443 1342 479; x_wconf 91' lang='grc' dir='ltr'><strong>σου</strong></span> <span class='ocrx_word' id='word_1_19' title='bbox 1394 425 1689 496; x_wconf 86' lang='grc' dir='ltr'>στρὼσουσι</span> 
     </span>
    </p>
   </div>
   <div class='ocr_carea' id='block_1_4' title="bbox 197 514 1691 590">
    <p class='ocr_par' dir='ltr' id='par_1_4' title="bbox 197 514 1691 590">
     <span class='ocr_line' id='line_1_4' title="bbox 197 514 1691 590; baseline 0.009 1"><span class='ocrx_word' id='word_1_20' title='bbox 197 519 350 590; x_wconf 72' lang='grc' dir='ltr'>σῆψιν·</span> <span class='ocrx_word' id='word_1_21' title='bbox 386 516 441 568; x_wconf 84' lang='grc' dir='ltr'><strong>τὸ</strong></span> <span class='ocrx_word' id='word_1_22' title='bbox 483 515 536 568; x_wconf 83' lang='grc' dir='ltr'><strong>δέ</strong></span> <span class='ocrx_word' id='word_1_23' title='bbox 565 514 965 584; x_wconf 78' lang='grc' dir='ltr'>κατακάλυμμά</span> <span class='ocrx_word' id='word_1_24' title='bbox 1010 515 1119 587; x_wconf 54' lang='grc' dir='ltr'><strong>(λθ)</strong></span> <span class='ocrx_word' id='word_1_25' title='bbox 1175 533 1267 569; x_wconf 76' lang='grc' dir='ltr'><strong>σου</strong></span> <span class='ocrx_word' id='word_1_26' title='bbox 1302 516 1533 587; x_wconf 65' lang='grc' dir='ltr'><strong>σκώληξ·</strong></span> <span class='ocrx_word' id='word_1_27' title='bbox 1567 515 1691 578; x_wconf 63' lang='grc' dir='ltr'><strong>Πῶς</strong></span> 
     </span>
    </p>
   </div>
   <div class='ocr_carea' id='block_1_5' title="bbox 195 605 1691 679">
    <p class='ocr_par' dir='ltr' id='par_1_5' title="bbox 195 605 1691 679">
     <span class='ocr_line' id='line_1_5' title="bbox 195 605 1691 679; baseline -0.003 -18"><span class='ocrx_word' id='word_1_28' title='bbox 195 608 347 661; x_wconf 77' lang='grc' dir='ltr'>ἔπεσεν</span> <span class='ocrx_word' id='word_1_29' title='bbox 392 608 452 660; x_wconf 89' lang='grc' dir='ltr'><strong>ἐκ</strong></span> <span class='ocrx_word' id='word_1_30' title='bbox 489 605 575 658; x_wconf 77' lang='grc' dir='ltr'>τοῦ</span> <span class='ocrx_word' id='word_1_31' title='bbox 602 605 866 676; x_wconf 81' lang='grc' dir='ltr'>οὺρανοῦὁ</span> <span class='ocrx_word' id='word_1_32' title='bbox 886 606 1211 678; x_wconf 76' lang='grc' dir='ltr'>Ἑωσφόρος,</span> <span class='ocrx_word' id='word_1_33' title='bbox 1242 609 1271 660; x_wconf 99' lang='lat'><strong>6</strong></span> <span class='ocrx_word' id='word_1_34' title='bbox 1303 607 1443 679; x_wconf 77' lang='grc' dir='ltr'>πρωῒ</span> <span class='ocrx_word' id='word_1_35' title='bbox 1473 605 1691 660; x_wconf 89' lang='grc' dir='ltr'>ἀνατέλ-</span> 
     </span>
    </p>
   </div>
   <div class='ocr_carea' id='block_1_6' title="bbox 195 696 1691 769">
    <p class='ocr_par' dir='ltr' id='par_1_6' title="bbox 195 696 1691 769">
     <span class='ocr_line' id='line_1_6' title="bbox 195 696 1691 769; baseline -0.003 -15"><span class='ocrx_word' id='word_1_36' title='bbox 195 701 301 763; x_wconf 59' lang='lat' dir='ltr'><strong>inv;</strong></span> <span class='ocrx_word' id='word_1_37' title='bbox 332 697 597 767; x_wconf 82' lang='grc' dir='ltr'>Συνετρίϐη</span> <span class='ocrx_word' id='word_1_38' title='bbox 627 698 706 760; x_wconf 84' lang='grc' dir='ltr'><strong>είς</strong></span> <span class='ocrx_word' id='word_1_39' title='bbox 728 697 825 769; x_wconf 75' lang='grc' dir='ltr'><strong>τὴν</strong></span> <span class='ocrx_word' id='word_1_40' title='bbox 846 696 952 767; x_wconf 80' lang='grc' dir='ltr'><strong>γῆν</strong></span> <span class='ocrx_word' id='word_1_41' title='bbox 982 700 1011 750; x_wconf 92' lang='lat'><strong>6</strong></span> <span class='ocrx_word' id='word_1_42' title='bbox 1041 698 1379 752; x_wconf 79' lang='grc' dir='ltr'><strong>ἀποστέλλων</strong></span> <span class='ocrx_word' id='word_1_43' title='bbox 1405 700 1484 762; x_wconf 79' lang='grc' dir='ltr'><strong>εἰς</strong></span> <span class='ocrx_word' id='word_1_44' title='bbox 1516 699 1691 752; x_wconf 87' lang='grc' dir='ltr'>πάντα</span> 
     </span>
    </p>
   </div>
   <div class='ocr_carea' id='block_1_7' title="bbox 195 784 1690 860">
    <p class='ocr_par' dir='ltr' id='par_1_7' title="bbox 195 784 1690 860">
     <span class='ocr_line' id='line_1_7' title="bbox 195 784 1690 860; baseline -0.002 -17"><span class='ocrx_word' id='word_1_45' title='bbox 195 790 246 843; x_wconf 80' lang='grc' dir='ltr'>τὰ</span> <span class='ocrx_word' id='word_1_46' title='bbox 270 789 389 858; x_wconf 81' lang='grc' dir='ltr'>ἔθνη.</span> <span class='ocrx_word' id='word_1_47' title='bbox 426 789 494 841; x_wconf 80' lang='grc' dir='ltr'><strong>Σὺ</strong></span> <span class='ocrx_word' id='word_1_48' title='bbox 523 788 575 839; x_wconf 86' lang='grc' dir='ltr'>δὲ</span> <span class='ocrx_word' id='word_1_49' title='bbox 612 784 767 851; x_wconf 78' lang='grc' dir='ltr'>εἶπας</span> <span class='ocrx_word' id='word_1_50' title='bbox 816 790 873 841; x_wconf 90' lang='grc' dir='ltr'>ἐν</span> <span class='ocrx_word' id='word_1_51' title='bbox 926 791 993 859; x_wconf 79' lang='grc' dir='ltr'>τῇ</span> <span class='ocrx_word' id='word_1_52' title='bbox 1039 789 1243 860; x_wconf 77' lang='grc' dir='ltr'>διανοίᾳ</span> <span class='ocrx_word' id='word_1_53' title='bbox 1304 805 1424 841; x_wconf 90' lang='grc' dir='ltr'>σου·</span> <span class='ocrx_word' id='word_1_54' title='bbox 1461 789 1553 851; x_wconf 77' lang='grc' dir='ltr'><strong>Εἰς</strong></span> <span class='ocrx_word' id='word_1_55' title='bbox 1600 788 1690 840; x_wconf 85' lang='grc' dir='ltr'>τὸν</span> 
     </span>
    </p>
   </div>
   <div class='ocr_carea' id='block_1_8' title="bbox 191 880 1689 954">
    <p class='ocr_par' dir='ltr' id='par_1_8' title="bbox 191 880 1689 954">
     <span class='ocr_line' id='line_1_8' title="bbox 191 880 1689 954; baseline -0.002 -19"><span class='ocrx_word' id='word_1_56' title='bbox 191 882 371 954; x_wconf 76' lang='grc' dir='ltr'>οὐρανὸν</span> <span class='ocrx_word' id='word_1_57' title='bbox 406 881 761 952; x_wconf 84' lang='grc' dir='ltr'>ἀναϐήσομαι,</span> <span class='ocrx_word' id='word_1_58' title='bbox 812 881 995 935; x_wconf 94' lang='grc' dir='ltr'>ἐπάνω</span> <span class='ocrx_word' id='word_1_59' title='bbox 1038 880 1145 933; x_wconf 83' lang='grc' dir='ltr'>τῶν</span> <span class='ocrx_word' id='word_1_60' title='bbox 1189 882 1401 951; x_wconf 79' lang='grc' dir='ltr'><strong>ἄστρων</strong></span> <span class='ocrx_word' id='word_1_61' title='bbox 1453 880 1563 949; x_wconf 72' lang='grc'><strong>(41)</strong></span> <span class='ocrx_word' id='word_1_62' title='bbox 1595 881 1689 933; x_wconf 80' lang='grc' dir='ltr'><strong>τοῦ</strong></span> 
     </span>
    </p>
   </div>
   <div class='ocr_carea' id='block_1_9' title="bbox 192 970 1691 1042">
    <p class='ocr_par' dir='ltr' id='par_1_9' title="bbox 192 970 1691 1042">
     <span class='ocr_line' id='line_1_9' title="bbox 192 970 1691 1042; baseline 0.004 -22"><span class='ocrx_word' id='word_1_63' title='bbox 192 970 373 1042; x_wconf 72' lang='grc' dir='ltr'>οὐρανοῦ</span> <span class='ocrx_word' id='word_1_64' title='bbox 402 970 541 1040; x_wconf 87' lang='grc' dir='ltr'>θήσω</span> <span class='ocrx_word' id='word_1_65' title='bbox 567 970 655 1023; x_wconf 84' lang='grc' dir='ltr'><strong>τὸν</strong></span> <span class='ocrx_word' id='word_1_66' title='bbox 687 970 870 1041; x_wconf 83' lang='grc' dir='ltr'>θρόνον</span> <span class='ocrx_word' id='word_1_67' title='bbox 908 988 1030 1041; x_wconf 90' lang='grc' dir='ltr'>μου,</span> <span class='ocrx_word' id='word_1_68' title='bbox 1064 972 1235 1024; x_wconf 80' lang='grc' dir='ltr'>καθιῶ</span> <span class='ocrx_word' id='word_1_69' title='bbox 1258 974 1313 1024; x_wconf 86' lang='grc' dir='ltr'><strong>ἐν</strong></span> <span class='ocrx_word' id='word_1_70' title='bbox 1349 971 1527 1041; x_wconf 81' lang='grc' dir='ltr'>δρεσιν</span> <span class='ocrx_word' id='word_1_71' title='bbox 1556 971 1691 1040; x_wconf 63' lang='grc' dir='ltr'>ὑψη-</span> 
     </span>
    </p>
   </div>
   <div class='ocr_carea' id='block_1_10' title="bbox 189 1060 1687 1133">
    <p class='ocr_par' dir='ltr' id='par_1_10' title="bbox 189 1060 1687 1133">
     <span class='ocr_line' id='line_1_10' title="bbox 189 1060 1687 1133; baseline 0.001 -20"><span class='ocrx_word' id='word_1_72' title='bbox 189 1062 274 1124; x_wconf 83' lang='grc' dir='ltr'>λοῖς</span> <span class='ocrx_word' id='word_1_73' title='bbox 293 1064 388 1124; x_wconf 87' lang='grc' dir='ltr'>τοῖς</span> <span class='ocrx_word' id='word_1_74' title='bbox 415 1061 542 1133; x_wconf 84' lang='grc' dir='ltr'>πρὸς</span> <span class='ocrx_word' id='word_1_75' title='bbox 572 1060 795 1132; x_wconf 73' lang='grc' dir='ltr'>βορρᾶν·</span> <span class='ocrx_word' id='word_1_76' title='bbox 825 1062 1169 1133; x_wconf 81' lang='grc' dir='ltr'>ἀναϐήσομαι</span> <span class='ocrx_word' id='word_1_77' title='bbox 1221 1063 1404 1115; x_wconf 85' lang='grc' dir='ltr'>ἐπάνω</span> <span class='ocrx_word' id='word_1_78' title='bbox 1447 1062 1553 1115; x_wconf 84' lang='grc' dir='ltr'>τῶν</span> <span class='ocrx_word' id='word_1_79' title='bbox 1600 1080 1687 1114; x_wconf 84' lang='grc' dir='ltr'><strong>νε-</strong></span> 
     </span>
    </p>
   </div>
   <div class='ocr_carea' id='block_1_11' title="bbox 190 1151 1689 1225">
    <p class='ocr_par' dir='ltr' id='par_1_11' title="bbox 190 1151 1689 1225">
     <span class='ocr_line' id='line_1_11' title="bbox 190 1151 1689 1225; baseline 0.003 -22"><span class='ocrx_word' id='word_1_80' title='bbox 190 1151 341 1220; x_wconf 72' lang='grc' dir='ltr'>φελῶν,</span> <span class='ocrx_word' id='word_1_81' title='bbox 374 1151 552 1222; x_wconf 76' lang='grc' dir='ltr'>ἔσομαι</span> <span class='ocrx_word' id='word_1_82' title='bbox 581 1153 759 1223; x_wconf 83' lang='grc' dir='ltr'>ὅμοιος</span> <span class='ocrx_word' id='word_1_83' title='bbox 804 1153 883 1223; x_wconf 82' lang='grc' dir='ltr'>τῷ</span> <span class='ocrx_word' id='word_1_84' title='bbox 920 1153 1171 1225; x_wconf 61' lang='grc' dir='ltr'>’Υψίστιελ</span> <span class='ocrx_word' id='word_1_85' title='bbox 1206 1156 1339 1207; x_wconf 71' lang='grc' dir='ltr'>Νυνὶ</span> <span class='ocrx_word' id='word_1_86' title='bbox 1365 1156 1421 1208; x_wconf 84' lang='grc' dir='ltr'><strong>δὲ</strong></span> <span class='ocrx_word' id='word_1_87' title='bbox 1451 1157 1530 1218; x_wconf 87' lang='grc' dir='ltr'><strong>είς</strong></span> <span class='ocrx_word' id='word_1_88' title='bbox 1560 1155 1689 1225; x_wconf 76' lang='grc' dir='ltr'>ᾅδην</span> 
     </span>
    </p>
   </div>
   <div class='ocr_carea' id='block_1_12' title="bbox 188 1245 1688 1318">
    <p class='ocr_par' dir='ltr' id='par_1_12' title="bbox 188 1245 1688 1318">
     <span class='ocr_line' id='line_1_12' title="bbox 188 1245 1688 1318; baseline -0.001 -21"><span class='ocrx_word' id='word_1_89' title='bbox 188 1245 418 1316; x_wconf 76' lang='grc' dir='ltr'>καταϐήσῃ</span> <span class='ocrx_word' id='word_1_90' title='bbox 458 1245 588 1315; x_wconf 66' lang='lat'><strong>($2),</strong></span> <span class='ocrx_word' id='word_1_91' title='bbox 625 1247 715 1299; x_wconf 78' lang='grc' dir='ltr'>καὶ</span> <span class='ocrx_word' id='word_1_92' title='bbox 752 1248 830 1310; x_wconf 88' lang='grc' dir='ltr'>εἰς</span> <span class='ocrx_word' id='word_1_93' title='bbox 862 1246 928 1299; x_wconf 77' lang='grc' dir='ltr'><strong>τὰ</strong></span> <span class='ocrx_word' id='word_1_94' title='bbox 957 1246 1179 1318; x_wconf 82' lang='grc' dir='ltr'>θεμέλια</span> <span class='ocrx_word' id='word_1_95' title='bbox 1205 1248 1302 1318; x_wconf 80' lang='grc' dir='ltr'>τῆς</span> <span class='ocrx_word' id='word_1_96' title='bbox 1320 1248 1439 1317; x_wconf 77' lang='grc' dir='ltr'>γῆς.</span> <span class='ocrx_word' id='word_1_97' title='bbox 1462 1248 1523 1299; x_wconf 85' lang='grc' dir='ltr'><strong>υἱ</strong></span> <span class='ocrx_word' id='word_1_98' title='bbox 1553 1246 1688 1299; x_wconf 83' lang='grc' dir='ltr'>ἰδόν-</span> 
     </span>
    </p>
   </div>
   <div class='ocr_carea' id='block_1_13' title="bbox 188 1332 1689 1409">
    <p class='ocr_par' dir='ltr' id='par_1_13' title="bbox 188 1332 1689 1409">
     <span class='ocr_line' id='line_1_13' title="bbox 188 1332 1689 1409; baseline 0.001 -21"><span class='ocrx_word' id='word_1_99' title='bbox 188 1353 254 1399; x_wconf 86' lang='grc' dir='ltr'><strong>τες</strong></span> <span class='ocrx_word' id='word_1_100' title='bbox 282 1353 328 1388; x_wconf 89' lang='grc' dir='ltr'><strong>σε</strong></span> <span class='ocrx_word' id='word_1_101' title='bbox 356 1336 707 1407; x_wconf 83' lang='grc' dir='ltr'>θαυμάσουσιν</span> <span class='ocrx_word' id='word_1_102' title='bbox 766 1337 858 1391; x_wconf 79' lang='grc' dir='ltr'><strong>ἐπὶ</strong></span> <span class='ocrx_word' id='word_1_103' title='bbox 894 1340 976 1392; x_wconf 75' lang='grc' dir='ltr'><strong>σοὶ</strong></span> <span class='ocrx_word' id='word_1_104' title='bbox 1029 1340 1122 1393; x_wconf 78' lang='grc' dir='ltr'><strong>καὶ</strong></span> <span class='ocrx_word' id='word_1_105' title='bbox 1178 1339 1418 1409; x_wconf 77' lang='grc' dir='ltr'>ἐροῦσιν·</span> <span class='ocrx_word' id='word_1_106' title='bbox 1464 1332 1630 1400; x_wconf 73' lang='grc' dir='ltr'>Οὗτος</span> <span class='ocrx_word' id='word_1_107' title='bbox 1662 1340 1689 1390; x_wconf 93' lang='lat'><strong>6</strong></span> 
     </span>
    </p>
   </div>
   <div class='ocr_carea' id='block_1_14' title="bbox 190 1428 1689 1501">
    <p class='ocr_par' dir='ltr' id='par_1_14' title="bbox 190 1428 1689 1501">
     <span class='ocr_line' id='line_1_14' title="bbox 190 1428 1689 1501; baseline 0 -20"><span class='ocrx_word' id='word_1_108' title='bbox 190 1428 417 1498; x_wconf 73' lang='grc' dir='ltr'>ἄνθρωπος</span> <span class='ocrx_word' id='word_1_109' title='bbox 449 1430 476 1482; x_wconf 91' lang='lat'><strong>6</strong></span> <span class='ocrx_word' id='word_1_110' title='bbox 498 1429 808 1500; x_wconf 77' lang='grc' dir='ltr'>παροξύνων</span> <span class='ocrx_word' id='word_1_111' title='bbox 834 1430 932 1501; x_wconf 80' lang='grc' dir='ltr'>τὴν</span> <span class='ocrx_word' id='word_1_112' title='bbox 970 1430 1091 1501; x_wconf 80' lang='grc' dir='ltr'>γῆν,</span> <span class='ocrx_word' id='word_1_113' title='bbox 1118 1431 1145 1481; x_wconf 93' lang='grc' dir='ltr'>ὀ</span> <span class='ocrx_word' id='word_1_114' title='bbox 1175 1430 1331 1481; x_wconf 81' lang='grc' dir='ltr'>σείων</span> <span class='ocrx_word' id='word_1_115' title='bbox 1374 1429 1627 1499; x_wconf 82' lang='grc' dir='ltr'>βασιλεῖς,</span> <span class='ocrx_word' id='word_1_116' title='bbox 1661 1431 1689 1481; x_wconf 84' lang='grc' dir='ltr'><strong>ὁ</strong></span> 
     </span>
    </p>
   </div>
   <div class='ocr_carea' id='block_1_15' title="bbox 188 1520 1686 1592">
    <p class='ocr_par' dir='ltr' id='par_1_15' title="bbox 188 1520 1686 1592">
     <span class='ocr_line' id='line_1_15' title="bbox 188 1520 1686 1592; baseline 0.001 -21"><span class='ocrx_word' id='word_1_117' title='bbox 188 1520 358 1591; x_wconf 68' lang='grc' dir='ltr'>Θεὶςτήν</span> <span class='ocrx_word' id='word_1_118' title='bbox 373 1522 678 1592; x_wconf 71' lang='grc' dir='ltr'>οἰκουμένην</span> <span class='ocrx_word' id='word_1_119' title='bbox 704 1522 828 1592; x_wconf 82' lang='grc' dir='ltr'>ὅλην</span> <span class='ocrx_word' id='word_1_120' title='bbox 850 1522 1073 1592; x_wconf 75' lang='grc' dir='ltr'>ἔρημον,</span> <span class='ocrx_word' id='word_1_121' title='bbox 1107 1522 1199 1575; x_wconf 73' lang='grc' dir='ltr'><strong>καὶ</strong></span> <span class='ocrx_word' id='word_1_122' title='bbox 1224 1522 1322 1584; x_wconf 76' lang='grc' dir='ltr'>τὰς</span> <span class='ocrx_word' id='word_1_123' title='bbox 1347 1521 1527 1584; x_wconf 86' lang='grc' dir='ltr'>πόλεις</span> <span class='ocrx_word' id='word_1_124' title='bbox 1558 1520 1686 1573; x_wconf 84' lang='grc' dir='ltr'>καθ-</span> 
     </span>
    </p>
   </div>
   <div class='ocr_carea' id='block_1_16' title="bbox 187 1612 1697 1685">
    <p class='ocr_par' dir='ltr' id='par_1_16' title="bbox 187 1612 1697 1685">
     <span class='ocr_line' id='line_1_16' title="bbox 187 1612 1697 1685; baseline 0.001 -20"><span class='ocrx_word' id='word_1_125' title='bbox 187 1614 282 1677; x_wconf 78' lang='grc' dir='ltr'>εῖλε,</span> <span class='ocrx_word' id='word_1_126' title='bbox 310 1614 416 1676; x_wconf 75' lang='grc' dir='ltr'>τοὺς</span> <span class='ocrx_word' id='word_1_127' title='bbox 461 1616 516 1666; x_wconf 85' lang='grc' dir='ltr'><strong>ἐν</strong></span> <span class='ocrx_word' id='word_1_128' title='bbox 561 1615 820 1684; x_wconf 78' lang='grc' dir='ltr'><strong>ἐπαγωγῇ</strong></span> <span class='ocrx_word' id='word_1_129' title='bbox 891 1614 998 1683; x_wconf 70' lang='grc'><strong>(45)</strong></span> <span class='ocrx_word' id='word_1_130' title='bbox 1027 1614 1125 1666; x_wconf 79' lang='grc' dir='ltr'><strong>οὐκ</strong></span> <span class='ocrx_word' id='word_1_131' title='bbox 1181 1612 1351 1665; x_wconf 80' lang='grc' dir='ltr'>ἔλυσε.</span> <span class='ocrx_word' id='word_1_132' title='bbox 1384 1614 1588 1676; x_wconf 83' lang='grc' dir='ltr'>Πάντες</span> <span class='ocrx_word' id='word_1_133' title='bbox 1639 1615 1697 1685; x_wconf 36' lang='grc' dir='ltr'><strong>οἱ,</strong></span> 
     </span>
    </p>
   </div>
   <div class='ocr_carea' id='block_1_17' title="bbox 189 1704 1685 1777">
    <p class='ocr_par' dir='ltr' id='par_1_17' title="bbox 189 1704 1685 1777">
     <span class='ocr_line' id='line_1_17' title="bbox 189 1704 1685 1777; baseline 0 -20"><span class='ocrx_word' id='word_1_134' title='bbox 189 1706 372 1773; x_wconf 72' lang='grc' dir='ltr'>βασιλεῖς</span> <span class='ocrx_word' id='word_1_135' title='bbox 411 1707 503 1776; x_wconf 74' lang='grc' dir='ltr'>τῆς</span> <span class='ocrx_word' id='word_1_136' title='bbox 541 1706 649 1775; x_wconf 75' lang='grc' dir='ltr'>γῆς</span> <span class='ocrx_word' id='word_1_137' title='bbox 697 1704 1061 1777; x_wconf 76' lang='grc' dir='ltr'>ἐκοιμήθησαν</span> <span class='ocrx_word' id='word_1_138' title='bbox 1096 1706 1153 1758; x_wconf 84' lang='grc' dir='ltr'>ἐν</span> <span class='ocrx_word' id='word_1_139' title='bbox 1198 1707 1353 1775; x_wconf 80' lang='grc' dir='ltr'>τιμῇ,</span> <span class='ocrx_word' id='word_1_140' title='bbox 1404 1706 1685 1776; x_wconf 83' lang='grc' dir='ltr'>ἄνθρωπος</span> 
     </span>
    </p>
   </div>
   <div class='ocr_carea' id='block_1_18' title="bbox 186 1794 1685 1867">
    <p class='ocr_par' dir='ltr' id='par_1_18' title="bbox 186 1794 1685 1867">
     <span class='ocr_line' id='line_1_18' title="bbox 186 1794 1685 1867; baseline -0.001 -20"><span class='ocrx_word' id='word_1_141' title='bbox 186 1798 228 1847; x_wconf 85' lang='grc' dir='ltr'><strong>ἐν</strong></span> <span class='ocrx_word' id='word_1_142' title='bbox 251 1796 311 1866; x_wconf 84' lang='grc' dir='ltr'>τῷ</span> <span class='ocrx_word' id='word_1_143' title='bbox 327 1796 446 1867; x_wconf 80' lang='grc' dir='ltr'>οἴκῳ</span> <span class='ocrx_word' id='word_1_144' title='bbox 469 1796 633 1849; x_wconf 76' lang='grc' dir='ltr'>αὐτοῦ</span> <span class='ocrx_word' id='word_1_145' title='bbox 658 1813 672 1827; x_wconf 93' lang='grc'><strong>·</strong></span> <span class='ocrx_word' id='word_1_146' title='bbox 722 1796 784 1848; x_wconf 81' lang='grc' dir='ltr'><strong>σὺ</strong></span> <span class='ocrx_word' id='word_1_147' title='bbox 817 1795 872 1848; x_wconf 82' lang='grc' dir='ltr'>δὲ</span> <span class='ocrx_word' id='word_1_148' title='bbox 909 1794 1142 1865; x_wconf 78' lang='grc' dir='ltr'>ριφθήσῃ</span> <span class='ocrx_word' id='word_1_149' title='bbox 1171 1794 1227 1847; x_wconf 91' lang='grc' dir='ltr'>ἐν</span> <span class='ocrx_word' id='word_1_150' title='bbox 1252 1798 1361 1858; x_wconf 88' lang='grc' dir='ltr'>τοῖς</span> <span class='ocrx_word' id='word_1_151' title='bbox 1394 1794 1591 1865; x_wconf 79' lang='grc' dir='ltr'>ὄρεσιν,</span> <span class='ocrx_word' id='word_1_152' title='bbox 1612 1794 1685 1857; x_wconf 84' lang='grc' dir='ltr'>ὡς</span> 
     </span>
    </p>
   </div>
   <div class='ocr_carea' id='block_1_19' title="bbox 186 1886 1687 1957">
    <p class='ocr_par' dir='ltr' id='par_1_19' title="bbox 186 1886 1687 1957">
     <span class='ocr_line' id='line_1_19' title="bbox 186 1886 1687 1957; baseline 0 -20"><span class='ocrx_word' id='word_1_153' title='bbox 186 1886 329 1956; x_wconf 82' lang='grc' dir='ltr'>νεκρὸς</span> <span class='ocrx_word' id='word_1_154' title='bbox 357 1886 753 1957; x_wconf 77' lang='grc' dir='ltr'>ἐϐδελυγμένος,</span> <span class='ocrx_word' id='word_1_155' title='bbox 801 1887 933 1957; x_wconf 86' lang='grc' dir='ltr'><strong>μετά</strong></span> <span class='ocrx_word' id='word_1_156' title='bbox 963 1886 1169 1938; x_wconf 85' lang='grc' dir='ltr'>πολλῶν</span> <span class='ocrx_word' id='word_1_157' title='bbox 1197 1886 1554 1939; x_wconf 78' lang='grc' dir='ltr'>πεπτωκότων</span> <span class='ocrx_word' id='word_1_158' title='bbox 1597 1888 1687 1938; x_wconf 91' lang='grc' dir='ltr'>ἐκ-</span> 
     </span>
    </p>
   </div>
   <div class='ocr_carea' id='block_1_20' title="bbox 186 1974 1685 2047">
    <p class='ocr_par' dir='ltr' id='par_1_20' title="bbox 186 1974 1685 2047">
     <span class='ocr_line' id='line_1_20' title="bbox 186 1974 1685 2047; baseline -0.001 -19"><span class='ocrx_word' id='word_1_159' title='bbox 186 1977 531 2047; x_wconf 77' lang='grc' dir='ltr'>κεκεντημένων</span> <span class='ocrx_word' id='word_1_160' title='bbox 559 1976 820 2047; x_wconf 86' lang='grc' dir='ltr'>μαχαίρᾳ,</span> <span class='ocrx_word' id='word_1_161' title='bbox 850 1974 1282 2029; x_wconf 87' lang='grc' dir='ltr'>καταϐαινόντων</span> <span class='ocrx_word' id='word_1_162' title='bbox 1314 1977 1391 2037; x_wconf 90' lang='grc' dir='ltr'>εἰς</span> <span class='ocrx_word' id='word_1_163' title='bbox 1412 1974 1561 2045; x_wconf 76' lang='grc' dir='ltr'>ᾅδην.</span> <span class='ocrx_word' id='word_1_164' title='bbox 1591 1974 1685 2026; x_wconf 89' lang='grc' dir='ltr'><strong>Ὃν</strong></span> 
     </span>
    </p>
   </div>
   <div class='ocr_carea' id='block_1_21' title="bbox 185 2066 1687 2141">
    <p class='ocr_par' dir='ltr' id='par_1_21' title="bbox 185 2066 1687 2141">
     <span class='ocr_line' id='line_1_21' title="bbox 185 2066 1687 2141; baseline -0.002 -18"><span class='ocrx_word' id='word_1_165' title='bbox 185 2071 334 2141; x_wconf 83' lang='grc' dir='ltr'>τρόπον</span> <span class='ocrx_word' id='word_1_166' title='bbox 355 2069 550 2139; x_wconf 81' lang='grc' dir='ltr'>ἱμάτιον</span> <span class='ocrx_word' id='word_1_167' title='bbox 588 2069 648 2121; x_wconf 88' lang='grc' dir='ltr'>ἐν</span> <span class='ocrx_word' id='word_1_168' title='bbox 674 2069 862 2138; x_wconf 78' lang='grc' dir='ltr'>αἵματι</span> <span class='ocrx_word' id='word_1_169' title='bbox 897 2066 1238 2137; x_wconf 76' lang='grc' dir='ltr'>πεφυρμένον</span> <span class='ocrx_word' id='word_1_170' title='bbox 1267 2066 1365 2118; x_wconf 83' lang='grc' dir='ltr'><strong>οὐκ</strong></span> <span class='ocrx_word' id='word_1_171' title='bbox 1393 2066 1506 2119; x_wconf 74' lang='grc' dir='ltr'>ἐστι</span> <span class='ocrx_word' id='word_1_172' title='bbox 1529 2066 1687 2120; x_wconf 90' lang='grc' dir='ltr'>καθα-</span> 
     </span>
    </p>
   </div>
   <div class='ocr_carea' id='block_1_22' title="bbox 185 2154 1684 2231">
    <p class='ocr_par' dir='ltr' id='par_1_22' title="bbox 185 2154 1684 2231">
     <span class='ocr_line' id='line_1_22' title="bbox 185 2154 1684 2231; baseline -0.003 -19"><span class='ocrx_word' id='word_1_173' title='bbox 185 2161 267 2231; x_wconf 59' lang='grc' dir='ltr'>ρὸν,</span> <span class='ocrx_word' id='word_1_174' title='bbox 289 2158 437 2222; x_wconf 76' lang='grc' dir='ltr'>οὕτως</span> <span class='ocrx_word' id='word_1_175' title='bbox 455 2158 575 2211; x_wconf 80' lang='grc' dir='ltr'>οὐδὲ</span> <span class='ocrx_word' id='word_1_176' title='bbox 598 2159 662 2210; x_wconf 84' lang='grc' dir='ltr'><strong>σὺ</strong></span> <span class='ocrx_word' id='word_1_177' title='bbox 691 2155 788 2228; x_wconf 75' lang='grc' dir='ltr'><strong>ἔσῃ</strong></span> <span class='ocrx_word' id='word_1_178' title='bbox 818 2155 1023 2226; x_wconf 79' lang='grc' dir='ltr'>κομψός</span> <span class='ocrx_word' id='word_1_179' title='bbox 1057 2156 1163 2226; x_wconf 70' lang='grc'><strong>(44)</strong></span> <span class='ocrx_word' id='word_1_180' title='bbox 1185 2173 1199 2185; x_wconf 95' lang='grc'><strong>·</strong></span> <span class='ocrx_word' id='word_1_181' title='bbox 1230 2155 1310 2207; x_wconf 86' lang='grc' dir='ltr'>ὅτι</span> <span class='ocrx_word' id='word_1_182' title='bbox 1341 2154 1437 2225; x_wconf 74' lang='grc' dir='ltr'><strong>τὴν</strong></span> <span class='ocrx_word' id='word_1_183' title='bbox 1457 2155 1558 2225; x_wconf 80' lang='grc' dir='ltr'>γῆν</span> <span class='ocrx_word' id='word_1_184' title='bbox 1584 2172 1684 2225; x_wconf 89' lang='grc' dir='ltr'><strong>μου</strong></span> 
     </span>
    </p>
   </div>
   <div class='ocr_carea' id='block_1_23' title="bbox 184 2245 1688 2317">
    <p class='ocr_par' dir='ltr' id='par_1_23' title="bbox 184 2245 1688 2317">
     <span class='ocr_line' id='line_1_23' title="bbox 184 2245 1688 2317; baseline -0.005 -12"><span class='ocrx_word' id='word_1_185' title='bbox 184 2251 430 2315; x_wconf 78' lang='grc' dir='ltr'>ἀπώλεσας,</span> <span class='ocrx_word' id='word_1_186' title='bbox 463 2250 554 2304; x_wconf 77' lang='grc' dir='ltr'>καὶ</span> <span class='ocrx_word' id='word_1_187' title='bbox 580 2248 672 2301; x_wconf 80' lang='grc' dir='ltr'>τὸν</span> <span class='ocrx_word' id='word_1_188' title='bbox 702 2246 829 2301; x_wconf 88' lang='grc' dir='ltr'>λαόν</span> <span class='ocrx_word' id='word_1_189' title='bbox 862 2265 960 2317; x_wconf 91' lang='grc' dir='ltr'><strong>μου</strong></span> <span class='ocrx_word' id='word_1_190' title='bbox 997 2247 1337 2309; x_wconf 82' lang='grc' dir='ltr'>ἀπέκτεινας.</span> <span class='ocrx_word' id='word_1_191' title='bbox 1358 2247 1431 2298; x_wconf 77' lang='grc' dir='ltr'><strong>Οὐ</strong></span> <span class='ocrx_word' id='word_1_192' title='bbox 1468 2245 1542 2317; x_wconf 81' lang='grc' dir='ltr'>μὴ</span> <span class='ocrx_word' id='word_1_193' title='bbox 1578 2246 1688 2316; x_wconf 85' lang='grc' dir='ltr'>μεί-</span> 
     </span>
    </p>
   </div>
   <div class='ocr_carea' id='block_1_24' title="bbox 184 2335 1685 2418">
    <p class='ocr_par' dir='ltr' id='par_1_24' title="bbox 184 2335 1685 2418">
     <span class='ocr_line' id='line_1_24' title="bbox 184 2335 1685 2418; baseline -0.005 -21"><span class='ocrx_word' id='word_1_194' title='bbox 184 2360 254 2418; x_wconf 70' lang='grc' dir='ltr'>νῃς</span> <span class='ocrx_word' id='word_1_195' title='bbox 292 2345 358 2410; x_wconf 67' lang='grc' dir='ltr'><strong>είς</strong></span> <span class='ocrx_word' id='word_1_196' title='bbox 384 2342 471 2396; x_wconf 82' lang='grc' dir='ltr'>τὸν</span> <span class='ocrx_word' id='word_1_197' title='bbox 500 2340 675 2395; x_wconf 79' lang='grc' dir='ltr'>αἰῶνα</span> <span class='ocrx_word' id='word_1_198' title='bbox 701 2338 929 2411; x_wconf 85' lang='grc' dir='ltr'>χρόνιος,</span> <span class='ocrx_word' id='word_1_199' title='bbox 965 2337 1181 2408; x_wconf 86' lang='grc' dir='ltr'>σπέρμα</span> <span class='ocrx_word' id='word_1_200' title='bbox 1206 2335 1457 2408; x_wconf 88' lang='grc' dir='ltr'>πονηρόν.</span> <span class='ocrx_word' id='word_1_201' title='bbox 1517 2336 1685 2389; x_wconf 84' lang='grc' dir='ltr'>Ἑτοί-</span> 
     </span>
    </p>
   </div>
   <div class='ocr_carea' id='block_1_25' title="bbox 176 2422 1686 2504">
    <p class='ocr_par' dir='ltr' id='par_1_25' title="bbox 176 2422 1686 2504">
     <span class='ocr_line' id='line_1_25' title="bbox 176 2422 1686 2504; baseline -0.005 -16"><span class='ocrx_word' id='word_1_202' title='bbox 176 2422 314 2504; x_wconf 65' lang='lat' dir='ltr'><strong>pum</strong></span> <span class='ocrx_word' id='word_1_203' title='bbox 336 2434 396 2487; x_wconf 71' lang='grc' dir='ltr'><strong>τά</strong></span> <span class='ocrx_word' id='word_1_204' title='bbox 416 2434 579 2487; x_wconf 84' lang='grc' dir='ltr'>τέκνα</span> <span class='ocrx_word' id='word_1_205' title='bbox 610 2448 703 2485; x_wconf 91' lang='grc' dir='ltr'><strong>σου</strong></span> <span class='ocrx_word' id='word_1_206' title='bbox 738 2432 818 2494; x_wconf 81' lang='grc' dir='ltr'><strong>εἰς</strong></span> <span class='ocrx_word' id='word_1_207' title='bbox 865 2429 1077 2501; x_wconf 81' lang='grc' dir='ltr'>σφαγὴν</span> <span class='ocrx_word' id='word_1_208' title='bbox 1107 2431 1225 2492; x_wconf 88' lang='grc' dir='ltr'>ταῖς</span> <span class='ocrx_word' id='word_1_209' title='bbox 1274 2428 1565 2499; x_wconf 82' lang='grc' dir='ltr'>ἁμαρτίαις</span> <span class='ocrx_word' id='word_1_210' title='bbox 1591 2427 1686 2483; x_wconf 84' lang='grc' dir='ltr'>τοῦ</span> 
     </span>
    </p>
   </div>
   <div class='ocr_carea' id='block_1_26' title="bbox 185 2518 1685 2597">
    <p class='ocr_par' dir='ltr' id='par_1_26' title="bbox 185 2518 1685 2597">
     <span class='ocr_line' id='line_1_26' title="bbox 185 2518 1685 2597; baseline -0.004 -20"><span class='ocrx_word' id='word_1_211' title='bbox 185 2526 340 2597; x_wconf 76' lang='grc' dir='ltr'>πατρός</span> <span class='ocrx_word' id='word_1_212' title='bbox 362 2543 471 2591; x_wconf 87' lang='grc' dir='ltr'>σου,</span> <span class='ocrx_word' id='word_1_213' title='bbox 503 2525 593 2577; x_wconf 84' lang='grc' dir='ltr'>ἵνα</span> <span class='ocrx_word' id='word_1_214' title='bbox 626 2523 704 2595; x_wconf 78' lang='grc' dir='ltr'>μὴ</span> <span class='ocrx_word' id='word_1_215' title='bbox 759 2520 1049 2584; x_wconf 86' lang='grc' dir='ltr'>ἀναστῶσι,</span> <span class='ocrx_word' id='word_1_216' title='bbox 1097 2520 1191 2574; x_wconf 75' lang='grc' dir='ltr'>καὶ</span> <span class='ocrx_word' id='word_1_217' title='bbox 1238 2518 1333 2589; x_wconf 82' lang='grc' dir='ltr'><strong>τὴν</strong></span> <span class='ocrx_word' id='word_1_218' title='bbox 1362 2518 1464 2588; x_wconf 81' lang='grc' dir='ltr'>γῆν</span> <span class='ocrx_word' id='word_1_219' title='bbox 1495 2535 1595 2589; x_wconf 84' lang='grc' dir='ltr'><strong>μου</strong></span> <span class='ocrx_word' id='word_1_220' title='bbox 1624 2518 1685 2572; x_wconf 82' lang='grc' dir='ltr'>οὐ</span> 
     </span>
    </p>
   </div>
   <div class='ocr_carea' id='block_1_27' title="bbox 186 2616 641 2688">
    <p class='ocr_par' dir='ltr' id='par_1_27' title="bbox 186 2616 641 2688">
     <span class='ocr_line' id='line_1_27' title="bbox 186 2616 641 2688; baseline -0.004 -19"><span class='ocrx_word' id='word_1_221' title='bbox 186 2616 641 2688; x_wconf 72' lang='grc' dir='ltr'>κληρονομήσουσιν.</span> 
     </span>
    </p>
   </div>
   <div class='ocr_carea' id='block_1_28' title="bbox 240 2699 1682 2776">
    <p class='ocr_par' dir='ltr' id='par_1_28' title="bbox 240 2699 1682 2776">
     <span class='ocr_line' id='line_1_28' title="bbox 240 2699 1682 2776; baseline -0.008 -15"><span class='ocrx_word' id='word_1_222' title='bbox 240 2708 460 2774; x_wconf 73' lang='grc' dir='ltr'>Ἰεζεκιὴλ</span> <span class='ocrx_word' id='word_1_223' title='bbox 521 2708 582 2760; x_wconf 85' lang='grc' dir='ltr'>δὲ</span> <span class='ocrx_word' id='word_1_224' title='bbox 635 2706 831 2776; x_wconf 83' lang='grc' dir='ltr'>ὁμοίως</span> <span class='ocrx_word' id='word_1_225' title='bbox 888 2706 1033 2773; x_wconf 85' lang='grc' dir='ltr'>λέγει</span> <span class='ocrx_word' id='word_1_226' title='bbox 1088 2704 1212 2774; x_wconf 69' lang='grc' dir='ltr'>περὶ</span> <span class='ocrx_word' id='word_1_227' title='bbox 1265 2700 1425 2754; x_wconf 82' lang='grc' dir='ltr'>αὑτοῦ</span> <span class='ocrx_word' id='word_1_228' title='bbox 1477 2699 1682 2761; x_wconf 67' lang='grc' dir='ltr'>οὕτως·</span> 
     </span>
    </p>
   </div>
   <div class='ocr_carea' id='block_1_29' title="bbox 190 2788 1683 2869">
    <p class='ocr_par' dir='ltr' id='par_1_29' title="bbox 190 2788 1683 2869">
     <span class='ocr_line' id='line_1_29' title="bbox 190 2788 1683 2869; baseline -0.005 -20"><span class='ocrx_word' id='word_1_229' title='bbox 190 2800 340 2853; x_wconf 72' lang='grc' dir='ltr'>(Τάδε</span> <span class='ocrx_word' id='word_1_230' title='bbox 368 2801 501 2869; x_wconf 80' lang='grc' dir='ltr'>λέγει</span> <span class='ocrx_word' id='word_1_231' title='bbox 563 2798 766 2869; x_wconf 76' lang='grc' dir='ltr'>Κύριος</span> <span class='ocrx_word' id='word_1_232' title='bbox 813 2800 841 2850; x_wconf 95' lang='lat'><strong>6</strong></span> <span class='ocrx_word' id='word_1_233' title='bbox 887 2797 1047 2859; x_wconf 86' lang='grc' dir='ltr'>Θεός·</span> <span class='ocrx_word' id='word_1_234' title='bbox 1106 2795 1242 2847; x_wconf 81' lang='grc' dir='ltr'>Ἀνθ’</span> <span class='ocrx_word' id='word_1_235' title='bbox 1299 2788 1372 2846; x_wconf 82' lang='grc' dir='ltr'>ὧν</span> <span class='ocrx_word' id='word_1_236' title='bbox 1413 2792 1596 2861; x_wconf 65' lang='grc' dir='ltr'>ὑψώθη</span> <span class='ocrx_word' id='word_1_237' title='bbox 1650 2793 1683 2861; x_wconf 88' lang='grc' dir='ltr'><strong>ή</strong></span> 
     </span>
    </p>
   </div>
   <div class='ocr_carea' id='block_1_30' title="bbox 186 2882 1689 2959">
    <p class='ocr_par' dir='ltr' id='par_1_30' title="bbox 186 2882 1689 2959">
     <span class='ocr_line' id='line_1_30' title="bbox 186 2882 1689 2959; baseline -0.007 -16"><span class='ocrx_word' id='word_1_238' title='bbox 186 2891 333 2959; x_wconf 78' lang='grc' dir='ltr'>καρδία</span> <span class='ocrx_word' id='word_1_239' title='bbox 382 2909 508 2955; x_wconf 87' lang='grc' dir='ltr'>σου,</span> <span class='ocrx_word' id='word_1_240' title='bbox 571 2891 668 2942; x_wconf 87' lang='grc' dir='ltr'><strong>καί</strong></span> <span class='ocrx_word' id='word_1_241' title='bbox 722 2883 916 2951; x_wconf 75' lang='grc' dir='ltr'>εἴπας,</span> <span class='ocrx_word' id='word_1_242' title='bbox 967 2886 1096 2950; x_wconf 86' lang='grc' dir='ltr'>Θεός</span> <span class='ocrx_word' id='word_1_243' title='bbox 1155 2887 1267 2955; x_wconf 84' lang='grc' dir='ltr'>εἰμι</span> <span class='ocrx_word' id='word_1_244' title='bbox 1320 2882 1464 2951; x_wconf 86' lang='grc' dir='ltr'>ἐγὼ,</span> <span class='ocrx_word' id='word_1_245' title='bbox 1515 2897 1689 2934; x_wconf 88' lang='grc' dir='ltr'>κατοι-</span> 
     </span>
    </p>
   </div>
   <div class='ocr_carea' id='block_1_31' title="bbox 188 2973 1753 3074">
    <p class='ocr_par' dir='ltr' id='par_1_31' title="bbox 188 2973 1753 3074">
     <span class='ocr_line' id='line_1_31' title="bbox 188 2973 1753 3074; baseline -0.006 -41"><span class='ocrx_word' id='word_1_246' title='bbox 188 2983 277 3034; x_wconf 81' lang='grc' dir='ltr'>κίαν</span> <span class='ocrx_word' id='word_1_247' title='bbox 316 2982 433 3035; x_wconf 81' lang='grc' dir='ltr'>Θεοῦ</span> <span class='ocrx_word' id='word_1_248' title='bbox 467 2981 719 3052; x_wconf 79' lang='grc' dir='ltr'>ἐνῴκησα</span> <span class='ocrx_word' id='word_1_249' title='bbox 749 2983 805 3033; x_wconf 87' lang='grc' dir='ltr'><strong>ἐν</strong></span> <span class='ocrx_word' id='word_1_250' title='bbox 856 2978 1050 3048; x_wconf 79' lang='grc' dir='ltr'>καρδίᾳ</span> <span class='ocrx_word' id='word_1_251' title='bbox 1082 2976 1379 3045; x_wconf 77' lang='grc' dir='ltr'>θαλάσσης·</span> <span class='ocrx_word' id='word_1_252' title='bbox 1417 2977 1479 3027; x_wconf 80' lang='grc' dir='ltr'><strong>σὺ</strong></span> <span class='ocrx_word' id='word_1_253' title='bbox 1512 2974 1568 3026; x_wconf 77' lang='grc' dir='ltr'>δὲ</span> <span class='ocrx_word' id='word_1_254' title='bbox 1596 2973 1687 3026; x_wconf 82' lang='grc' dir='ltr'><strong>ἄν·</strong></span> <span class='ocrx_word' id='word_1_255' title='bbox 1712 3016 1753 3074; x_wconf 78' lang='lat' dir='ltr'><strong>C</strong></span> 
     </span>
    </p>
   </div>
   <div class='ocr_carea' id='block_1_32' title="bbox 187 3067 1685 3142">
    <p class='ocr_par' dir='ltr' id='par_1_32' title="bbox 187 3067 1685 3142">
     <span class='ocr_line' id='line_1_32' title="bbox 187 3067 1685 3142; baseline -0.006 -17"><span class='ocrx_word' id='word_1_256' title='bbox 187 3072 349 3142; x_wconf 77' lang='grc' dir='ltr'>ῦρωτιος</span> <span class='ocrx_word' id='word_1_257' title='bbox 378 3075 463 3126; x_wconf 73' lang='grc' dir='ltr'><strong>καὶ</strong></span> <span class='ocrx_word' id='word_1_258' title='bbox 476 3075 535 3127; x_wconf 78' lang='grc' dir='ltr'><strong>οὐ</strong></span> <span class='ocrx_word' id='word_1_259' title='bbox 560 3074 714 3136; x_wconf 82' lang='grc' dir='ltr'>Θεὸς,</span> <span class='ocrx_word' id='word_1_260' title='bbox 737 3072 939 3135; x_wconf 77' lang='grc' dir='ltr'>ἔδωκας</span> <span class='ocrx_word' id='word_1_261' title='bbox 954 3072 1052 3141; x_wconf 85' lang='grc' dir='ltr'>τὴν</span> <span class='ocrx_word' id='word_1_262' title='bbox 1068 3069 1291 3139; x_wconf 83' lang='grc' dir='ltr'>καρδίαν</span> <span class='ocrx_word' id='word_1_263' title='bbox 1326 3085 1415 3120; x_wconf 89' lang='grc' dir='ltr'><strong>σου</strong></span> <span class='ocrx_word' id='word_1_264' title='bbox 1445 3067 1518 3129; x_wconf 83' lang='grc' dir='ltr'>ὡς</span> <span class='ocrx_word' id='word_1_265' title='bbox 1552 3083 1685 3137; x_wconf 86' lang='grc' dir='ltr'>καρ-</span> 
     </span>
    </p>
   </div>
   <div class='ocr_carea' id='block_1_33' title="bbox 185 3158 1684 3238">
    <p class='ocr_par' dir='ltr' id='par_1_33' title="bbox 185 3158 1684 3238">
     <span class='ocr_line' id='line_1_33' title="bbox 185 3158 1684 3238; baseline -0.003 -23"><span class='ocrx_word' id='word_1_266' title='bbox 185 3164 269 3218; x_wconf 82' lang='grc' dir='ltr'>δίαν</span> <span class='ocrx_word' id='word_1_267' title='bbox 290 3166 420 3219; x_wconf 75' lang='grc' dir='ltr'>Θεοῦ.</span> <span class='ocrx_word' id='word_1_268' title='bbox 460 3167 553 3238; x_wconf 84' lang='grc' dir='ltr'><strong>Μὴ</strong></span> <span class='ocrx_word' id='word_1_269' title='bbox 586 3164 888 3236; x_wconf 77' lang='grc' dir='ltr'>σοφώτερος</span> <span class='ocrx_word' id='word_1_270' title='bbox 921 3159 970 3216; x_wconf 80' lang='grc' dir='ltr'>εἶ</span> <span class='ocrx_word' id='word_1_271' title='bbox 996 3161 1087 3217; x_wconf 82' lang='grc' dir='ltr'>τοῦ</span> <span class='ocrx_word' id='word_1_272' title='bbox 1135 3160 1358 3230; x_wconf 88' lang='grc' dir='ltr'>Δανιήλ;</span> <span class='ocrx_word' id='word_1_273' title='bbox 1404 3158 1564 3226; x_wconf 69' lang='grc' dir='ltr'>Σοφοὶ</span> <span class='ocrx_word' id='word_1_274' title='bbox 1586 3158 1684 3210; x_wconf 80' lang='grc' dir='ltr'><strong>οὐκ</strong></span> 
     </span>
    </p>
   </div>
   <div class='ocr_carea' id='block_1_34' title="bbox 187 3252 1686 3328">
    <p class='ocr_par' dir='ltr' id='par_1_34' title="bbox 187 3252 1686 3328">
     <span class='ocr_line' id='line_1_34' title="bbox 187 3252 1686 3328; baseline -0.004 -21"><span class='ocrx_word' id='word_1_275' title='bbox 187 3257 442 3312; x_wconf 74' lang='grc' dir='ltr'>ἐπαίδευσαν</span> <span class='ocrx_word' id='word_1_276' title='bbox 486 3276 546 3312; x_wconf 89' lang='grc' dir='ltr'><strong>σε</strong></span> <span class='ocrx_word' id='word_1_277' title='bbox 580 3261 648 3328; x_wconf 83' lang='grc' dir='ltr'>τῇ</span> <span class='ocrx_word' id='word_1_278' title='bbox 697 3257 968 3327; x_wconf 78' lang='grc' dir='ltr'>ἐπιστήμῃ</span> <span class='ocrx_word' id='word_1_279' title='bbox 997 3252 1206 3312; x_wconf 73' lang='grc' dir='ltr'>αὐτῶνς</span> <span class='ocrx_word' id='word_1_280' title='bbox 1262 3252 1335 3322; x_wconf 86' lang='grc' dir='ltr'>μὴ</span> <span class='ocrx_word' id='word_1_281' title='bbox 1376 3252 1432 3303; x_wconf 93' lang='grc' dir='ltr'>ἐν</span> <span class='ocrx_word' id='word_1_282' title='bbox 1458 3252 1523 3320; x_wconf 82' lang='grc' dir='ltr'>τῇ</span> <span class='ocrx_word' id='word_1_283' title='bbox 1569 3252 1686 3302; x_wconf 86' lang='grc' dir='ltr'>ἐπι-</span> 
     </span>
    </p>
   </div>
   <div class='ocr_carea' id='block_1_35' title="bbox 188 3339 1685 3418">
    <p class='ocr_par' dir='ltr' id='par_1_35' title="bbox 188 3339 1685 3418">
     <span class='ocr_line' id='line_1_35' title="bbox 188 3339 1685 3418; baseline -0.006 -19"><span class='ocrx_word' id='word_1_284' title='bbox 188 3344 322 3417; x_wconf 80' lang='grc' dir='ltr'>στήμῃ</span> <span class='ocrx_word' id='word_1_285' title='bbox 349 3363 450 3412; x_wconf 87' lang='grc' dir='ltr'>σου,</span> <span class='ocrx_word' id='word_1_286' title='bbox 487 3347 520 3418; x_wconf 84' lang='grc' dir='ltr'>ἢ</span> <span class='ocrx_word' id='word_1_287' title='bbox 581 3346 641 3397; x_wconf 90' lang='grc' dir='ltr'>ἐν</span> <span class='ocrx_word' id='word_1_288' title='bbox 675 3347 742 3415; x_wconf 76' lang='grc' dir='ltr'>τῇ</span> <span class='ocrx_word' id='word_1_289' title='bbox 767 3345 1021 3415; x_wconf 84' lang='grc' dir='ltr'>φρονήσει</span> <span class='ocrx_word' id='word_1_290' title='bbox 1055 3358 1149 3394; x_wconf 92' lang='grc' dir='ltr'><strong>σου</strong></span> <span class='ocrx_word' id='word_1_291' title='bbox 1191 3340 1448 3411; x_wconf 87' lang='grc' dir='ltr'>ἐποίησας</span> <span class='ocrx_word' id='word_1_292' title='bbox 1481 3339 1685 3410; x_wconf 87' lang='grc' dir='ltr'>σεαυτῷ</span> 
     </span>
    </p>
   </div>
   <div class='ocr_carea' id='block_1_36' title="bbox 185 3432 1685 3509">
    <p class='ocr_par' dir='ltr' id='par_1_36' title="bbox 185 3432 1685 3509">
     <span class='ocr_line' id='line_1_36' title="bbox 185 3432 1685 3509; baseline -0.002 -21"><span class='ocrx_word' id='word_1_293' title='bbox 185 3434 354 3507; x_wconf 74' lang='grc' dir='ltr'>δύναμιν</span> <span class='ocrx_word' id='word_1_294' title='bbox 370 3439 456 3491; x_wconf 76' lang='grc' dir='ltr'><strong>καὶ</strong></span> <span class='ocrx_word' id='word_1_295' title='bbox 486 3436 712 3509; x_wconf 84' lang='grc' dir='ltr'>χρυσίον</span> <span class='ocrx_word' id='word_1_296' title='bbox 744 3436 837 3487; x_wconf 73' lang='grc' dir='ltr'><strong>καὶ</strong></span> <span class='ocrx_word' id='word_1_297' title='bbox 868 3432 1125 3506; x_wconf 76' lang='grc' dir='ltr'>ἀργύριον</span> <span class='ocrx_word' id='word_1_298' title='bbox 1156 3434 1212 3484; x_wconf 84' lang='grc' dir='ltr'>ἐν</span> <span class='ocrx_word' id='word_1_299' title='bbox 1243 3435 1353 3495; x_wconf 86' lang='grc' dir='ltr'>τοῖς</span> <span class='ocrx_word' id='word_1_300' title='bbox 1396 3432 1685 3504; x_wconf 86' lang='grc' dir='ltr'>θησαυροῖς</span> 
     </span>
    </p>
   </div>
   <div class='ocr_carea' id='block_1_37' title="bbox 186 3522 1686 3599">
    <p class='ocr_par' dir='ltr' id='par_1_37' title="bbox 186 3522 1686 3599">
     <span class='ocr_line' id='line_1_37' title="bbox 186 3522 1686 3599; baseline -0.003 -22"><span class='ocrx_word' id='word_1_301' title='bbox 186 3540 279 3589; x_wconf 67' lang='lat' dir='ltr'><strong>eos;</strong></span> <span class='ocrx_word' id='word_1_302' title='bbox 305 3528 383 3597; x_wconf 81' lang='grc' dir='ltr'><strong>Μὴ</strong></span> <span class='ocrx_word' id='word_1_303' title='bbox 414 3529 467 3580; x_wconf 90' lang='grc' dir='ltr'>ἐν</span> <span class='ocrx_word' id='word_1_304' title='bbox 499 3531 568 3599; x_wconf 80' lang='grc' dir='ltr'>τῇ</span> <span class='ocrx_word' id='word_1_305' title='bbox 622 3525 787 3595; x_wconf 84' lang='grc' dir='ltr'>πολλῇ</span> <span class='ocrx_word' id='word_1_306' title='bbox 820 3525 1092 3593; x_wconf 87' lang='grc' dir='ltr'>ἐπιστήμῃ</span> <span class='ocrx_word' id='word_1_307' title='bbox 1124 3539 1237 3584; x_wconf 92' lang='grc' dir='ltr'>σου,</span> <span class='ocrx_word' id='word_1_308' title='bbox 1272 3524 1363 3575; x_wconf 71' lang='grc' dir='ltr'><strong>καὶ</strong></span> <span class='ocrx_word' id='word_1_309' title='bbox 1391 3523 1447 3574; x_wconf 93' lang='grc' dir='ltr'><strong>ἐν</strong></span> <span class='ocrx_word' id='word_1_310' title='bbox 1485 3525 1550 3592; x_wconf 80' lang='grc' dir='ltr'>τῇ</span> <span class='ocrx_word' id='word_1_311' title='bbox 1589 3522 1686 3592; x_wconf 87' lang='grc' dir='ltr'>ἐμ-</span> 
     </span>
    </p>
   </div>
   <div class='ocr_carea' id='block_1_38' title="bbox 184 3611 1683 3687">
    <p class='ocr_par' dir='ltr' id='par_1_38' title="bbox 184 3611 1683 3687">
     <span class='ocr_line' id='line_1_38' title="bbox 184 3611 1683 3687; baseline -0.003 -20"><span class='ocrx_word' id='word_1_312' title='bbox 184 3617 446 3687; x_wconf 71' lang='grc' dir='ltr'>πειρίᾳμέἢ</span> <span class='ocrx_word' id='word_1_313' title='bbox 480 3635 574 3671; x_wconf 90' lang='grc' dir='ltr'><strong>σου</strong></span> <span class='ocrx_word' id='word_1_314' title='bbox 627 3615 922 3685; x_wconf 83' lang='grc' dir='ltr'>ἐπλήθυνας</span> <span class='ocrx_word' id='word_1_315' title='bbox 969 3613 1193 3682; x_wconf 82' lang='grc' dir='ltr'>δύναμίν</span> <span class='ocrx_word' id='word_1_316' title='bbox 1223 3628 1354 3675; x_wconf 88' lang='grc' dir='ltr'>σου;</span> <span class='ocrx_word' id='word_1_317' title='bbox 1400 3611 1614 3681; x_wconf 75' lang='grc' dir='ltr'>’Υψώθη</span> <span class='ocrx_word' id='word_1_318' title='bbox 1650 3613 1683 3681; x_wconf 85' lang='grc' dir='ltr'>ἡ</span> 
     </span>
    </p>
   </div>
   <div class='ocr_carea' id='block_1_39' title="bbox 185 3701 1686 3778">
    <p class='ocr_par' dir='ltr' id='par_1_39' title="bbox 185 3701 1686 3778">
     <span class='ocr_line' id='line_1_39' title="bbox 185 3701 1686 3778; baseline -0.004 -19"><span class='ocrx_word' id='word_1_319' title='bbox 185 3709 331 3777; x_wconf 81' lang='grc' dir='ltr'>καρδία</span> <span class='ocrx_word' id='word_1_320' title='bbox 359 3726 443 3761; x_wconf 87' lang='grc' dir='ltr'><strong>σου</strong></span> <span class='ocrx_word' id='word_1_321' title='bbox 472 3711 529 3763; x_wconf 82' lang='grc' dir='ltr'>ἐν</span> <span class='ocrx_word' id='word_1_322' title='bbox 564 3710 633 3778; x_wconf 80' lang='grc' dir='ltr'>τῇ</span> <span class='ocrx_word' id='word_1_323' title='bbox 663 3706 884 3775; x_wconf 84' lang='grc' dir='ltr'>δυνάμει</span> <span class='ocrx_word' id='word_1_324' title='bbox 915 3722 1025 3757; x_wconf 87' lang='grc' dir='ltr'>σου.</span> <span class='ocrx_word' id='word_1_325' title='bbox 1063 3702 1160 3755; x_wconf 87' lang='grc' dir='ltr'>Διά</span> <span class='ocrx_word' id='word_1_326' title='bbox 1210 3703 1365 3756; x_wconf 78' lang='grc' dir='ltr'>τοῦτο</span> <span class='ocrx_word' id='word_1_327' title='bbox 1391 3702 1515 3755; x_wconf 88' lang='grc' dir='ltr'>τάδε</span> <span class='ocrx_word' id='word_1_328' title='bbox 1542 3701 1686 3771; x_wconf 86' lang='grc' dir='ltr'>λέγει</span> 
     </span>
    </p>
   </div>
   <div class='ocr_carea' id='block_1_40' title="bbox 186 3792 1687 3869">
    <p class='ocr_par' dir='ltr' id='par_1_40' title="bbox 186 3792 1687 3869">
     <span class='ocr_line' id='line_1_40' title="bbox 186 3792 1687 3869; baseline -0.005 -19"><span class='ocrx_word' id='word_1_329' title='bbox 186 3796 341 3869; x_wconf 72' lang='grc' dir='ltr'>Κύριος</span> <span class='ocrx_word' id='word_1_330' title='bbox 367 3803 392 3854; x_wconf 90' lang='lat'><strong>6</strong></span> <span class='ocrx_word' id='word_1_331' title='bbox 413 3801 541 3864; x_wconf 86' lang='grc' dir='ltr'>Θεός</span> <span class='ocrx_word' id='word_1_332' title='bbox 564 3816 577 3829; x_wconf 94' lang='grc'><strong>·</strong></span> <span class='ocrx_word' id='word_1_333' title='bbox 629 3798 842 3869; x_wconf 82' lang='grc' dir='ltr'>Ἐπειδὴ</span> <span class='ocrx_word' id='word_1_334' title='bbox 885 3796 1087 3858; x_wconf 78' lang='grc' dir='ltr'>ἔδωκας</span> <span class='ocrx_word' id='word_1_335' title='bbox 1115 3793 1211 3865; x_wconf 77' lang='grc' dir='ltr'><strong>τὴν</strong></span> <span class='ocrx_word' id='word_1_336' title='bbox 1244 3792 1469 3865; x_wconf 90' lang='grc' dir='ltr'>καρδίαν</span> <span class='ocrx_word' id='word_1_337' title='bbox 1502 3810 1590 3844; x_wconf 88' lang='grc' dir='ltr'><strong>σου</strong></span> <span class='ocrx_word' id='word_1_338' title='bbox 1613 3793 1687 3855; x_wconf 87' lang='grc' dir='ltr'>ὠς</span> 
     </span>
    </p>
   </div>
   <div class='ocr_carea' id='block_1_41' title="bbox 186 3886 1687 3960">
    <p class='ocr_par' dir='ltr' id='par_1_41' title="bbox 186 3886 1687 3960">
     <span class='ocr_line' id='line_1_41' title="bbox 186 3886 1687 3960; baseline -0.004 -18"><span class='ocrx_word' id='word_1_339' title='bbox 186 3890 359 3960; x_wconf 78' lang='grc' dir='ltr'>καρδίαν</span> <span class='ocrx_word' id='word_1_340' title='bbox 392 3892 544 3955; x_wconf 83' lang='grc' dir='ltr'>Θεοῦ,</span> <span class='ocrx_word' id='word_1_341' title='bbox 579 3892 700 3945; x_wconf 79' lang='grc' dir='ltr'>ἀντὶ</span> <span class='ocrx_word' id='word_1_342' title='bbox 739 3889 947 3952; x_wconf 78' lang='grc' dir='ltr'>τούτου,</span> <span class='ocrx_word' id='word_1_343' title='bbox 991 3888 1100 3941; x_wconf 74' lang='grc' dir='ltr'>ἰδοὺ</span> <span class='ocrx_word' id='word_1_344' title='bbox 1142 3886 1251 3955; x_wconf 86' lang='grc' dir='ltr'>ἐγὼ</span> <span class='ocrx_word' id='word_1_345' title='bbox 1284 3886 1472 3953; x_wconf 84' lang='grc' dir='ltr'>ἐπάγω</span> <span class='ocrx_word' id='word_1_346' title='bbox 1511 3886 1599 3937; x_wconf 84' lang='grc' dir='ltr'><strong>ἐπί</strong></span> <span class='ocrx_word' id='word_1_347' title='bbox 1628 3886 1687 3937; x_wconf 79' lang='grc' dir='ltr'>σὲ</span> 
     </span>
    </p>
   </div>
   <div class='ocr_carea' id='block_1_42' title="bbox 186 3974 1686 4053">
    <p class='ocr_par' dir='ltr' id='par_1_42' title="bbox 186 3974 1686 4053">
     <span class='ocr_line' id='line_1_42' title="bbox 186 3974 1686 4053; baseline -0.005 -21"><span class='ocrx_word' id='word_1_348' title='bbox 186 3978 437 4051; x_wconf 78' lang='grc' dir='ltr'>ἀλλοτρίους</span> <span class='ocrx_word' id='word_1_349' title='bbox 459 3982 681 4053; x_wconf 80' lang='grc' dir='ltr'>λοιμοὺς</span> <span class='ocrx_word' id='word_1_350' title='bbox 704 3979 810 4033; x_wconf 86' lang='grc' dir='ltr'><strong>ἀπὸ</strong></span> <span class='ocrx_word' id='word_1_351' title='bbox 834 3978 999 4031; x_wconf 84' lang='grc' dir='ltr'>ἐθνῶν</span> <span class='ocrx_word' id='word_1_352' title='bbox 1032 3977 1165 4045; x_wconf 70' lang='grc'>(46),</span> <span class='ocrx_word' id='word_1_353' title='bbox 1211 3976 1305 4029; x_wconf 73' lang='grc' dir='ltr'>καὶ</span> <span class='ocrx_word' id='word_1_354' title='bbox 1333 3974 1686 4027; x_wconf 80' lang='grc' dir='ltr'>ἐκκενώσουσι</span> 
     </span>
    </p>
   </div>
   <div class='ocr_carea' id='block_1_43' title="bbox 186 4065 1688 4146">
    <p class='ocr_par' dir='ltr' id='par_1_43' title="bbox 186 4065 1688 4146">
     <span class='ocr_line' id='line_1_43' title="bbox 186 4065 1688 4146; baseline 0 -28"><span class='ocrx_word' id='word_1_355' title='bbox 186 4070 255 4135; x_wconf 75' lang='grc' dir='ltr'>τὰς</span> <span class='ocrx_word' id='word_1_356' title='bbox 283 4075 529 4146; x_wconf 77' lang='grc' dir='ltr'>μαχαίρας</span> <span class='ocrx_word' id='word_1_357' title='bbox 576 4072 755 4126; x_wconf 76' lang='grc' dir='ltr'>αὐτῶν</span> <span class='ocrx_word' id='word_1_358' title='bbox 784 4072 878 4126; x_wconf 74' lang='grc' dir='ltr'><strong>ἐπὶ</strong></span> <span class='ocrx_word' id='word_1_359' title='bbox 912 4072 971 4124; x_wconf 82' lang='grc' dir='ltr'><strong>σὲ</strong></span> <span class='ocrx_word' id='word_1_360' title='bbox 1001 4069 1095 4123; x_wconf 73' lang='grc' dir='ltr'><strong>καὶ</strong></span> <span class='ocrx_word' id='word_1_361' title='bbox 1144 4069 1236 4120; x_wconf 76' lang='grc' dir='ltr'><strong>ἐπὶ</strong></span> <span class='ocrx_word' id='word_1_362' title='bbox 1284 4066 1344 4119; x_wconf 80' lang='grc' dir='ltr'>τὸ</span> <span class='ocrx_word' id='word_1_363' title='bbox 1378 4065 1569 4128; x_wconf 85' lang='grc' dir='ltr'>κάλλος</span> <span class='ocrx_word' id='word_1_364' title='bbox 1594 4065 1688 4135; x_wconf 79' lang='grc' dir='ltr'>τῆς</span> 
     </span>
    </p>
   </div>
   <div class='ocr_carea' id='block_1_44' title="bbox 188 4157 1689 4235">
    <p class='ocr_par' dir='ltr' id='par_1_44' title="bbox 188 4157 1689 4235">
     <span class='ocr_line' id='line_1_44' title="bbox 188 4157 1689 4235; baseline -0.003 -23"><span class='ocrx_word' id='word_1_365' title='bbox 188 4163 440 4235; x_wconf 80' lang='grc' dir='ltr'>ἐπιστήμης</span> <span class='ocrx_word' id='word_1_366' title='bbox 485 4183 602 4227; x_wconf 87' lang='grc' dir='ltr'>σου,</span> <span class='ocrx_word' id='word_1_367' title='bbox 648 4164 739 4217; x_wconf 71' lang='grc' dir='ltr'><strong>καὶ</strong></span> <span class='ocrx_word' id='word_1_368' title='bbox 789 4162 1083 4234; x_wconf 84' lang='grc' dir='ltr'>στρώσουσι</span> <span class='ocrx_word' id='word_1_369' title='bbox 1134 4158 1195 4212; x_wconf 80' lang='grc' dir='ltr'><strong>τὸ</strong></span> <span class='ocrx_word' id='word_1_370' title='bbox 1242 4158 1435 4220; x_wconf 80' lang='grc' dir='ltr'>κάλλος</span> <span class='ocrx_word' id='word_1_371' title='bbox 1472 4173 1564 4209; x_wconf 91' lang='grc' dir='ltr'><strong>σου</strong></span> <span class='ocrx_word' id='word_1_372' title='bbox 1613 4157 1689 4218; x_wconf 86' lang='grc' dir='ltr'><strong>είς</strong></span> 
     </span>
    </p>
   </div>
   <div class='ocr_carea' id='block_1_45' title="bbox 186 4246 1689 4322">
    <p class='ocr_par' dir='ltr' id='par_1_45' title="bbox 186 4246 1689 4322">
     <span class='ocr_line' id='line_1_45' title="bbox 186 4246 1689 4322; baseline -0.004 -18"><span class='ocrx_word' id='word_1_373' title='bbox 186 4252 424 4322; x_wconf 69' lang='grc' dir='ltr'>ἀπώλειαν,</span> <span class='ocrx_word' id='word_1_374' title='bbox 445 4259 538 4311; x_wconf 74' lang='grc' dir='ltr'><strong>καὶ</strong></span> <span class='ocrx_word' id='word_1_375' title='bbox 592 4253 1009 4310; x_wconf 85' lang='grc' dir='ltr'>καταϐιϐάσουσί</span> <span class='ocrx_word' id='word_1_376' title='bbox 1052 4268 1129 4315; x_wconf 87' lang='grc' dir='ltr'><strong>σε,</strong></span> <span class='ocrx_word' id='word_1_377' title='bbox 1184 4250 1276 4304; x_wconf 76' lang='grc' dir='ltr'><strong>καὶ</strong></span> <span class='ocrx_word' id='word_1_378' title='bbox 1320 4248 1560 4316; x_wconf 81' lang='grc' dir='ltr'>ἀποθανῇ</span> <span class='ocrx_word' id='word_1_379' title='bbox 1593 4246 1689 4299; x_wconf 87' lang='grc' dir='ltr'>θα-</span> 
     </span>
    </p>
   </div>
   <div class='ocr_carea' id='block_1_46' title="bbox 1721 1680 1761 1734">
    <p class='ocr_par' dir='ltr' id='par_1_46' title="bbox 1721 1680 1761 1734">
     <span class='ocr_line' id='line_1_46' title="bbox 1721 1680 1761 1734; baseline 0 0"><span class='ocrx_word' id='word_1_380' title='bbox 1721 1680 1761 1734; x_wconf 85' lang='grc' dir='ltr'><strong>Β</strong></span> 
     </span>
    </p>
   </div>
   <div class='ocr_carea' id='block_1_47' title="bbox 1187 216 2257 277">
    <p class='ocr_par' dir='ltr' id='par_1_47' title="bbox 1187 216 2257 277">
     <span class='ocr_line' id='line_1_47' title="bbox 1187 216 2257 277; baseline -0.004 0"><span class='ocrx_word' id='word_1_381' title='bbox 1187 221 1273 277; x_wconf 88' lang='lat' dir='ltr'><strong>DE</strong></span> <span class='ocrx_word' id='word_1_382' title='bbox 1309 220 1606 277; x_wconf 78' lang='lat' dir='ltr'><strong>CllRlSTO</strong></span> <span class='ocrx_word' id='word_1_383' title='bbox 1644 220 1731 275; x_wconf 81' lang='lat' dir='ltr'><strong>ET</strong></span> <span class='ocrx_word' id='word_1_384' title='bbox 1778 216 2257 275; x_wconf 79' lang='lat' dir='ltr'><strong>ANTICHRISTO.</strong></span> 
     </span>
    </p>
   </div>
   <div class='ocr_carea' id='block_1_48' title="bbox 3236 217 3339 270">
    <p class='ocr_par' dir='ltr' id='par_1_48' title="bbox 3236 217 3339 270">
     <span class='ocr_line' id='line_1_48' title="bbox 3236 217 3339 270; baseline 0.01 -1"><span class='ocrx_word' id='word_1_385' title='bbox 3236 217 3339 270; x_wconf 64' lang='grc'><strong>742</strong></span> 
     </span>
    </p>
   </div>
   <div class='ocr_carea' id='block_1_49' title="bbox 1787 330 3343 402">
    <p class='ocr_par' dir='ltr' id='par_1_49' title="bbox 1787 330 3343 402">
     <span class='ocr_line' id='line_1_49' title="bbox 1787 330 3343 402; baseline -0.001 -16"><span class='ocrx_word' id='word_1_386' title='bbox 1787 342 1984 387; x_wconf 87' lang='lat' dir='ltr'><strong>terram</strong></span> <span class='ocrx_word' id='word_1_387' title='bbox 2021 333 2186 402; x_wconf 83' lang='lat' dir='ltr'><strong>gloria</strong></span> <span class='ocrx_word' id='word_1_388' title='bbox 2213 341 2324 395; x_wconf 89' lang='lat' dir='ltr'><strong>tua,</strong></span> <span class='ocrx_word' id='word_1_389' title='bbox 2362 331 2527 385; x_wconf 90' lang='lat' dir='ltr'><strong>multa</strong></span> <span class='ocrx_word' id='word_1_390' title='bbox 2546 331 2727 385; x_wconf 70' lang='lat' dir='ltr'><strong>laetitia</strong></span> <span class='ocrx_word' id='word_1_391' title='bbox 2761 339 2887 397; x_wconf 87' lang='lat' dir='ltr'><strong>tua;</strong></span> <span class='ocrx_word' id='word_1_392' title='bbox 2916 330 3101 385; x_wconf 90' lang='lat' dir='ltr'><strong>subter</strong></span> <span class='ocrx_word' id='word_1_393' title='bbox 3129 340 3181 384; x_wconf 89' lang='lat' dir='ltr'><strong>te</strong></span> <span class='ocrx_word' id='word_1_394' title='bbox 3205 342 3343 385; x_wconf 84' lang='lat' dir='ltr'><strong>ster-</strong></span> 
     </span>
    </p>
   </div>
   <div class='ocr_carea' id='block_1_50' title="bbox 1792 421 3343 493">
    <p class='ocr_par' dir='ltr' id='par_1_50' title="bbox 1792 421 3343 493">
     <span class='ocr_line' id='line_1_50' title="bbox 1792 421 3343 493; baseline 0 -15"><span class='ocrx_word' id='word_1_395' title='bbox 1792 434 1923 478; x_wconf 93' lang='lat' dir='ltr'><strong>nent</strong></span> <span class='ocrx_word' id='word_1_396' title='bbox 1949 425 2180 491; x_wconf 90' lang='lat' dir='ltr'><strong>saniem,</strong></span> <span class='ocrx_word' id='word_1_397' title='bbox 2208 434 2263 479; x_wconf 88' lang='lat' dir='ltr'><strong>et</strong></span> <span class='ocrx_word' id='word_1_398' title='bbox 2290 425 2684 493; x_wconf 79' lang='lat' dir='ltr'><strong>operimentum</strong></span> <span class='ocrx_word' id='word_1_399' title='bbox 2738 431 2888 477; x_wconf 89' lang='lat' dir='ltr'><strong>tuum</strong></span> <span class='ocrx_word' id='word_1_400' title='bbox 2937 423 3157 477; x_wconf 87' lang='lat' dir='ltr'><strong>vermis.</strong></span> <span class='ocrx_word' id='word_1_401' title='bbox 3197 421 3343 487; x_wconf 73' lang='lat' dir='ltr'><strong>Quo-</strong></span> 
     </span>
    </p>
   </div>
   <div class='ocr_carea' id='block_1_51' title="bbox 1790 514 3346 584">
    <p class='ocr_par' dir='ltr' id='par_1_51' title="bbox 1790 514 3346 584">
     <span class='ocr_line' id='line_1_51' title="bbox 1790 514 3346 584; baseline -0.003 -13"><span class='ocrx_word' id='word_1_402' title='bbox 1790 518 1949 571; x_wconf 86' lang='lat' dir='ltr'><strong>modo</strong></span> <span class='ocrx_word' id='word_1_403' title='bbox 1970 517 2164 571; x_wconf 75' lang='lat' dir='ltr'><strong>cecidit</strong></span> <span class='ocrx_word' id='word_1_404' title='bbox 2202 518 2266 571; x_wconf 92' lang='lat' dir='ltr'><strong>de</strong></span> <span class='ocrx_word' id='word_1_405' title='bbox 2295 518 2429 571; x_wconf 77' lang='lat' dir='ltr'><strong>ctelo</strong></span> <span class='ocrx_word' id='word_1_406' title='bbox 2448 514 2682 581; x_wconf 80' lang='lat' dir='ltr'><strong>Lucifer,</strong></span> <span class='ocrx_word' id='word_1_407' title='bbox 2715 516 2807 584; x_wconf 89' lang='lat' dir='ltr'><strong>qui</strong></span> <span class='ocrx_word' id='word_1_408' title='bbox 2841 531 2996 569; x_wconf 90' lang='lat' dir='ltr'><strong>mane</strong></span> <span class='ocrx_word' id='word_1_409' title='bbox 3028 514 3302 569; x_wconf 77' lang='lat' dir='ltr'><strong>oriebatur</strong></span> <span class='ocrx_word' id='word_1_410' title='bbox 3321 516 3346 567; x_wconf 71' lang='lat'><strong><em>3</em></strong></span> 
     </span>
    </p>
   </div>
   <div class='ocr_carea' id='block_1_52' title="bbox 1788 608 3345 677">
    <p class='ocr_par' dir='ltr' id='par_1_52' title="bbox 1788 608 3345 677">
     <span class='ocr_line' id='line_1_52' title="bbox 1788 608 3345 677; baseline 0 -15"><span class='ocrx_word' id='word_1_411' title='bbox 1788 608 2067 664; x_wconf 87' lang='lat' dir='ltr'><strong>Contritus</strong></span> <span class='ocrx_word' id='word_1_412' title='bbox 2112 618 2193 663; x_wconf 89' lang='lat' dir='ltr'><strong>est</strong></span> <span class='ocrx_word' id='word_1_413' title='bbox 2243 610 2308 663; x_wconf 89' lang='lat' dir='ltr'><strong>ad</strong></span> <span class='ocrx_word' id='word_1_414' title='bbox 2351 619 2572 672; x_wconf 89' lang='lat' dir='ltr'><strong>terram,</strong></span> <span class='ocrx_word' id='word_1_415' title='bbox 2623 610 2714 677; x_wconf 91' lang='lat' dir='ltr'><strong>qui</strong></span> <span class='ocrx_word' id='word_1_416' title='bbox 2766 610 3008 662; x_wconf 87' lang='lat' dir='ltr'><strong>mittebat</strong></span> <span class='ocrx_word' id='word_1_417' title='bbox 3045 608 3111 662; x_wconf 90' lang='lat' dir='ltr'><strong>ad</strong></span> <span class='ocrx_word' id='word_1_418' title='bbox 3157 623 3345 663; x_wconf 89' lang='lat' dir='ltr'><strong>omnes</strong></span> 
     </span>
    </p>
   </div>
   <div class='ocr_carea' id='block_1_53' title="bbox 1790 699 3343 770">
    <p class='ocr_par' dir='ltr' id='par_1_53' title="bbox 1790 699 3343 770">
     <span class='ocr_line' id='line_1_53' title="bbox 1790 699 3343 770; baseline -0.002 -15"><span class='ocrx_word' id='word_1_419' title='bbox 1790 709 1994 770; x_wconf 81' lang='lat' dir='ltr'><strong>gentes.</strong></span> <span class='ocrx_word' id='word_1_420' title='bbox 2037 699 2117 753; x_wconf 92' lang='lat' dir='ltr'><strong>Tu</strong></span> <span class='ocrx_word' id='word_1_421' title='bbox 2162 710 2339 754; x_wconf 89' lang='lat' dir='ltr'><strong>autem</strong></span> <span class='ocrx_word' id='word_1_422' title='bbox 2371 700 2586 754; x_wconf 75' lang='lat' dir='ltr'><strong>dixeras</strong></span> <span class='ocrx_word' id='word_1_423' title='bbox 2620 701 2672 753; x_wconf 90' lang='lat' dir='ltr'><strong>in</strong></span> <span class='ocrx_word' id='word_1_424' title='bbox 2696 709 2877 753; x_wconf 84' lang='lat' dir='ltr'><strong>mente</strong></span> <span class='ocrx_word' id='word_1_425' title='bbox 2911 708 3035 753; x_wconf 90' lang='lat' dir='ltr'><strong>tua:</strong></span> <span class='ocrx_word' id='word_1_426' title='bbox 3069 700 3124 753; x_wconf 90' lang='lat' dir='ltr'><strong>In</strong></span> <span class='ocrx_word' id='word_1_427' title='bbox 3148 700 3343 754; x_wconf 63' lang='lat' dir='ltr'><strong>malum</strong></span> 
     </span>
    </p>
   </div>
   <div class='ocr_carea' id='block_1_54' title="bbox 1789 784 3346 859">
    <p class='ocr_par' dir='ltr' id='par_1_54' title="bbox 1789 784 3346 859">
     <span class='ocr_line' id='line_1_54' title="bbox 1789 784 3346 859; baseline -0.001 -14"><span class='ocrx_word' id='word_1_428' title='bbox 1789 792 2183 856; x_wconf 87' lang='lat' dir='ltr'><strong>conscendam;</strong></span> <span class='ocrx_word' id='word_1_429' title='bbox 2239 807 2398 859; x_wconf 84' lang='lat' dir='ltr'><strong>supra</strong></span> <span class='ocrx_word' id='word_1_430' title='bbox 2446 792 2626 845; x_wconf 87' lang='lat' dir='ltr'><strong>stellas</strong></span> <span class='ocrx_word' id='word_1_431' title='bbox 2679 793 2798 845; x_wconf 77' lang='lat' dir='ltr'><strong>coeli</strong></span> <span class='ocrx_word' id='word_1_432' title='bbox 2850 806 3043 859; x_wconf 91' lang='lat' dir='ltr'><strong>ponam</strong></span> <span class='ocrx_word' id='word_1_433' title='bbox 3092 784 3346 845; x_wconf 77' lang='lat' dir='ltr'><strong>thronum</strong></span> 
     </span>
    </p>
   </div>
   <div class='ocr_carea' id='block_1_55' title="bbox 1789 883 3344 952">
    <p class='ocr_par' dir='ltr' id='par_1_55' title="bbox 1789 883 3344 952">
     <span class='ocr_line' id='line_1_55' title="bbox 1789 883 3344 952; baseline 0.001 -16"><span class='ocrx_word' id='word_1_434' title='bbox 1789 898 2003 948; x_wconf 81' lang='lat' dir='ltr'><strong>meum,</strong></span> <span class='ocrx_word' id='word_1_435' title='bbox 2041 884 2235 938; x_wconf 85' lang='lat' dir='ltr'><strong>sedebo</strong></span> <span class='ocrx_word' id='word_1_436' title='bbox 2286 884 2339 936; x_wconf 91' lang='lat' dir='ltr'><strong>in</strong></span> <span class='ocrx_word' id='word_1_437' title='bbox 2381 884 2657 937; x_wconf 83' lang='lat' dir='ltr'><strong>montibus</strong></span> <span class='ocrx_word' id='word_1_438' title='bbox 2690 885 2922 937; x_wconf 79' lang='lat' dir='ltr'><strong>excelsis</strong></span> <span class='ocrx_word' id='word_1_439' title='bbox 2975 884 3067 952; x_wconf 90' lang='lat' dir='ltr'><strong>qui</strong></span> <span class='ocrx_word' id='word_1_440' title='bbox 3117 892 3243 936; x_wconf 86' lang='lat' dir='ltr'><strong>sunt</strong></span> <span class='ocrx_word' id='word_1_441' title='bbox 3277 883 3344 937; x_wconf 82' lang='lat' dir='ltr'><strong>ad</strong></span> 
     </span>
    </p>
   </div>
   <div class='ocr_carea' id='block_1_56' title="bbox 1789 975 3347 1044">
    <p class='ocr_par' dir='ltr' id='par_1_56' title="bbox 1789 975 3347 1044">
     <span class='ocr_line' id='line_1_56' title="bbox 1789 975 3347 1044; baseline 0.001 -18"><span class='ocrx_word' id='word_1_442' title='bbox 1789 975 2125 1042; x_wconf 88' lang='lat' dir='ltr'><strong>aquilonem;</strong></span> <span class='ocrx_word' id='word_1_443' title='bbox 2153 975 2437 1029; x_wconf 84' lang='lat' dir='ltr'><strong>ascendam</strong></span> <span class='ocrx_word' id='word_1_444' title='bbox 2459 991 2619 1044; x_wconf 87' lang='lat' dir='ltr'><strong>super</strong></span> <span class='ocrx_word' id='word_1_445' title='bbox 2641 976 2827 1040; x_wconf 85' lang='lat' dir='ltr'><strong>nubes;</strong></span> <span class='ocrx_word' id='word_1_446' title='bbox 2857 990 2951 1030; x_wconf 88' lang='lat' dir='ltr'><strong>ero</strong></span> <span class='ocrx_word' id='word_1_447' title='bbox 2971 976 3163 1029; x_wconf 89' lang='lat' dir='ltr'><strong>similis</strong></span> <span class='ocrx_word' id='word_1_448' title='bbox 3186 976 3347 1028; x_wconf 81' lang='lat' dir='ltr'><strong>Altis-</strong></span> 
     </span>
    </p>
   </div>
   <div class='ocr_carea' id='block_1_57' title="bbox 1789 1065 3343 1130">
    <p class='ocr_par' dir='ltr' id='par_1_57' title="bbox 1789 1065 3343 1130">
     <span class='ocr_line' id='line_1_57' title="bbox 1789 1065 3343 1130; baseline 0 -11"><span class='ocrx_word' id='word_1_449' title='bbox 1789 1068 1949 1121; x_wconf 90' lang='lat' dir='ltr'><strong>simo.</strong></span> <span class='ocrx_word' id='word_1_450' title='bbox 1990 1065 2144 1121; x_wconf 91' lang='lat' dir='ltr'><strong>Nunc</strong></span> <span class='ocrx_word' id='word_1_451' title='bbox 2206 1076 2383 1119; x_wconf 86' lang='lat' dir='ltr'><strong>autem</strong></span> <span class='ocrx_word' id='word_1_452' title='bbox 2424 1066 2477 1119; x_wconf 90' lang='lat' dir='ltr'><strong>in</strong></span> <span class='ocrx_word' id='word_1_453' title='bbox 2532 1066 2800 1119; x_wconf 86' lang='lat' dir='ltr'><strong>infernum</strong></span> <span class='ocrx_word' id='word_1_454' title='bbox 2825 1066 3137 1130; x_wconf 88' lang='lat' dir='ltr'><strong>descendes,</strong></span> <span class='ocrx_word' id='word_1_455' title='bbox 3191 1074 3243 1121; x_wconf 88' lang='lat' dir='ltr'><strong>et</strong></span> <span class='ocrx_word' id='word_1_456' title='bbox 3274 1066 3343 1119; x_wconf 90' lang='lat' dir='ltr'><strong>ad</strong></span> 
     </span>
    </p>
   </div>
   <div class='ocr_carea' id='block_1_58' title="bbox 1790 1156 3344 1222">
    <p class='ocr_par' dir='ltr' id='par_1_58' title="bbox 1790 1156 3344 1222">
     <span class='ocr_line' id='line_1_58' title="bbox 1790 1156 3344 1222; baseline 0 -11"><span class='ocrx_word' id='word_1_457' title='bbox 1790 1157 2136 1212; x_wconf 89' lang='lat' dir='ltr'><strong>fundamenta</strong></span> <span class='ocrx_word' id='word_1_458' title='bbox 2163 1167 2335 1211; x_wconf 64' lang='lat' dir='ltr'><strong>terrae.</strong></span> <span class='ocrx_word' id='word_1_459' title='bbox 2371 1156 2472 1222; x_wconf 86' lang='lat' dir='ltr'><strong>Qui</strong></span> <span class='ocrx_word' id='word_1_460' title='bbox 2500 1158 2728 1211; x_wconf 78' lang='lat' dir='ltr'><strong>viderint</strong></span> <span class='ocrx_word' id='word_1_461' title='bbox 2758 1167 2829 1221; x_wconf 92' lang='lat' dir='ltr'><strong>te,</strong></span> <span class='ocrx_word' id='word_1_462' title='bbox 2881 1158 3219 1211; x_wconf 85' lang='lat' dir='ltr'><strong>mirabuntur</strong></span> <span class='ocrx_word' id='word_1_463' title='bbox 3251 1174 3344 1211; x_wconf 85' lang='lat' dir='ltr'><strong>su—</strong></span> 
     </span>
    </p>
   </div>
   <div class='ocr_carea' id='block_1_59' title="bbox 1787 1249 3340 1318">
    <p class='ocr_par' dir='ltr' id='par_1_59' title="bbox 1787 1249 3340 1318">
     <span class='ocr_line' id='line_1_59' title="bbox 1787 1249 3340 1318; baseline -0.001 -15"><span class='ocrx_word' id='word_1_464' title='bbox 1787 1264 1882 1318; x_wconf 89' lang='lat' dir='ltr'><strong>per</strong></span> <span class='ocrx_word' id='word_1_465' title='bbox 1934 1257 2005 1313; x_wconf 88' lang='grc' dir='ltr'><strong>ιε,</strong></span> <span class='ocrx_word' id='word_1_466' title='bbox 2029 1260 2080 1302; x_wconf 86' lang='lat' dir='ltr'><strong>et</strong></span> <span class='ocrx_word' id='word_1_467' title='bbox 2125 1250 2337 1304; x_wconf 86' lang='lat' dir='ltr'><strong>dicent:</strong></span> <span class='ocrx_word' id='word_1_468' title='bbox 2380 1251 2477 1304; x_wconf 89' lang='lat' dir='ltr'><strong>Hic</strong></span> <span class='ocrx_word' id='word_1_469' title='bbox 2512 1251 2674 1303; x_wconf 92' lang='lat' dir='ltr'><strong>homo</strong></span> <span class='ocrx_word' id='word_1_470' title='bbox 2707 1250 2799 1318; x_wconf 89' lang='lat' dir='ltr'><strong>qui</strong></span> <span class='ocrx_word' id='word_1_471' title='bbox 2838 1249 3081 1304; x_wconf 79' lang='lat' dir='ltr'><strong>irritabat</strong></span> <span class='ocrx_word' id='word_1_472' title='bbox 3121 1260 3340 1316; x_wconf 86' lang='lat' dir='ltr'><strong>terram,</strong></span> 
     </span>
    </p>
   </div>
   <div class='ocr_carea' id='block_1_60' title="bbox 1787 1340 3339 1413">
    <p class='ocr_par' dir='ltr' id='par_1_60' title="bbox 1787 1340 3339 1413">
     <span class='ocr_line' id='line_1_60' title="bbox 1787 1340 3339 1413; baseline 0.001 -21"><span class='ocrx_word' id='word_1_473' title='bbox 1787 1340 1877 1410; x_wconf 93' lang='lat' dir='ltr'><strong>qui</strong></span> <span class='ocrx_word' id='word_1_474' title='bbox 1907 1341 2249 1395; x_wconf 87' lang='lat' dir='ltr'><strong>concutiebat</strong></span> <span class='ocrx_word' id='word_1_475' title='bbox 2279 1358 2452 1413; x_wconf 71' lang='lat' dir='ltr'><strong>rcges,</strong></span> <span class='ocrx_word' id='word_1_476' title='bbox 2496 1342 2585 1409; x_wconf 91' lang='lat' dir='ltr'><strong>qui</strong></span> <span class='ocrx_word' id='word_1_477' title='bbox 2640 1341 2900 1394; x_wconf 80' lang='lat' dir='ltr'><strong>desolavit</strong></span> <span class='ocrx_word' id='word_1_478' title='bbox 2936 1351 3106 1394; x_wconf 89' lang='lat' dir='ltr'><strong>totum</strong></span> <span class='ocrx_word' id='word_1_479' title='bbox 3132 1342 3339 1406; x_wconf 88' lang='lat' dir='ltr'><strong>orbem,</strong></span> 
     </span>
    </p>
   </div>
   <div class='ocr_carea' id='block_1_61' title="bbox 1786 1429 3338 1498">
    <p class='ocr_par' dir='ltr' id='par_1_61' title="bbox 1786 1429 3338 1498">
     <span class='ocr_line' id='line_1_61' title="bbox 1786 1429 3338 1498; baseline 0.002 -17"><span class='ocrx_word' id='word_1_480' title='bbox 1786 1429 2011 1498; x_wconf 86' lang='lat' dir='ltr'><strong>ejusque</strong></span> <span class='ocrx_word' id='word_1_481' title='bbox 2044 1430 2205 1483; x_wconf 88' lang='lat' dir='ltr'><strong>urbes</strong></span> <span class='ocrx_word' id='word_1_482' title='bbox 2220 1432 2503 1492; x_wconf 79' lang='lat' dir='ltr'><strong>destruxit,</strong></span> <span class='ocrx_word' id='word_1_483' title='bbox 2539 1430 2748 1483; x_wconf 85' lang='lat' dir='ltr'><strong>vinctos</strong></span> <span class='ocrx_word' id='word_1_484' title='bbox 2774 1444 2989 1482; x_wconf 88' lang='lat' dir='ltr'><strong>carcere</strong></span> <span class='ocrx_word' id='word_1_485' title='bbox 3023 1445 3130 1482; x_wconf 90' lang='lat' dir='ltr'><strong>non</strong></span> <span class='ocrx_word' id='word_1_486' title='bbox 3157 1429 3338 1483; x_wconf 61' lang='lat' dir='ltr'><strong>solvit.</strong></span> 
     </span>
    </p>
   </div>
   <div class='ocr_carea' id='block_1_62' title="bbox 1786 1520 3339 1591">
    <p class='ocr_par' dir='ltr' id='par_1_62' title="bbox 1786 1520 3339 1591">
     <span class='ocr_line' id='line_1_62' title="bbox 1786 1520 3339 1591; baseline -0.001 -15"><span class='ocrx_word' id='word_1_487' title='bbox 1786 1520 1986 1577; x_wconf 90' lang='lat' dir='ltr'><strong>Omnes</strong></span> <span class='ocrx_word' id='word_1_488' title='bbox 2015 1537 2167 1591; x_wconf 83' lang='lat' dir='ltr'><strong>reges</strong></span> <span class='ocrx_word' id='word_1_489' title='bbox 2193 1531 2348 1576; x_wconf 71' lang='lat' dir='ltr'><strong>terra:</strong></span> <span class='ocrx_word' id='word_1_490' title='bbox 2370 1522 2706 1577; x_wconf 90' lang='lat' dir='ltr'><strong>dormierunt</strong></span> <span class='ocrx_word' id='word_1_491' title='bbox 2747 1522 2799 1575; x_wconf 93' lang='lat' dir='ltr'><strong>in</strong></span> <span class='ocrx_word' id='word_1_492' title='bbox 2835 1521 3057 1585; x_wconf 87' lang='lat' dir='ltr'><strong>honore,</strong></span> <span class='ocrx_word' id='word_1_493' title='bbox 3091 1522 3253 1575; x_wconf 91' lang='lat' dir='ltr'><strong>homo</strong></span> <span class='ocrx_word' id='word_1_494' title='bbox 3284 1523 3339 1575; x_wconf 88' lang='lat' dir='ltr'><strong>in</strong></span> 
     </span>
    </p>
   </div>
   <div class='ocr_carea' id='block_1_63' title="bbox 1788 1613 3341 1682">
    <p class='ocr_par' dir='ltr' id='par_1_63' title="bbox 1788 1613 3341 1682">
     <span class='ocr_line' id='line_1_63' title="bbox 1788 1613 3341 1682; baseline 0 -15"><span class='ocrx_word' id='word_1_495' title='bbox 1788 1615 1948 1669; x_wconf 91' lang='lat' dir='ltr'><strong>domo</strong></span> <span class='ocrx_word' id='word_1_496' title='bbox 1987 1630 2119 1676; x_wconf 87' lang='lat' dir='ltr'><strong>sua;</strong></span> <span class='ocrx_word' id='word_1_497' title='bbox 2152 1627 2207 1669; x_wconf 88' lang='lat' dir='ltr'><strong>tu</strong></span> <span class='ocrx_word' id='word_1_498' title='bbox 2236 1629 2363 1668; x_wconf 84' lang='lat' dir='ltr'><strong>vero</strong></span> <span class='ocrx_word' id='word_1_499' title='bbox 2386 1614 2656 1682; x_wconf 86' lang='lat' dir='ltr'><strong>projectus</strong></span> <span class='ocrx_word' id='word_1_500' title='bbox 2682 1614 2789 1667; x_wconf 90' lang='lat' dir='ltr'><strong>eris</strong></span> <span class='ocrx_word' id='word_1_501' title='bbox 2813 1614 2865 1667; x_wconf 91' lang='lat' dir='ltr'><strong>in</strong></span> <span class='ocrx_word' id='word_1_502' title='bbox 2894 1613 3168 1667; x_wconf 90' lang='lat' dir='ltr'><strong>montibus</strong></span> <span class='ocrx_word' id='word_1_503' title='bbox 3198 1614 3341 1667; x_wconf 82' lang='lat' dir='ltr'><strong>velut</strong></span> 
     </span>
    </p>
   </div>
   <div class='ocr_carea' id='block_1_64' title="bbox 1787 1703 3343 1771">
    <p class='ocr_par' dir='ltr' id='par_1_64' title="bbox 1787 1703 3343 1771">
     <span class='ocr_line' id='line_1_64' title="bbox 1787 1703 3343 1771; baseline 0 -12"><span class='ocrx_word' id='word_1_504' title='bbox 1787 1707 2015 1759; x_wconf 77' lang='lat' dir='ltr'><strong>cadaver</strong></span> <span class='ocrx_word' id='word_1_505' title='bbox 2063 1706 2445 1771; x_wconf 90' lang='lat' dir='ltr'><strong>abominabile,</strong></span> <span class='ocrx_word' id='word_1_506' title='bbox 2470 1721 2592 1759; x_wconf 90' lang='lat' dir='ltr'><strong>cum</strong></span> <span class='ocrx_word' id='word_1_507' title='bbox 2622 1705 2807 1759; x_wconf 88' lang='lat' dir='ltr'><strong>multis</strong></span> <span class='ocrx_word' id='word_1_508' title='bbox 2852 1706 3083 1758; x_wconf 87' lang='lat' dir='ltr'><strong>mortuis</strong></span> <span class='ocrx_word' id='word_1_509' title='bbox 3122 1703 3343 1759; x_wconf 42' lang='lat' dir='ltr'><strong>confos:</strong></span> 
     </span>
    </p>
   </div>
   <div class='ocr_carea' id='block_1_65' title="bbox 1787 1794 3338 1867">
    <p class='ocr_par' dir='ltr' id='par_1_65' title="bbox 1787 1794 3338 1867">
     <span class='ocr_line' id='line_1_65' title="bbox 1787 1794 3338 1867; baseline -0.002 -15"><span class='ocrx_word' id='word_1_510' title='bbox 1787 1799 1863 1853; x_wconf 86' lang='lat' dir='ltr'><strong>sis</strong></span> <span class='ocrx_word' id='word_1_511' title='bbox 1895 1797 2090 1867; x_wconf 87' lang='lat' dir='ltr'><strong>gladio,</strong></span> <span class='ocrx_word' id='word_1_512' title='bbox 2141 1797 2585 1852; x_wconf 87' lang='lat' dir='ltr'><strong>descendentibus</strong></span> <span class='ocrx_word' id='word_1_513' title='bbox 2637 1797 2690 1849; x_wconf 94' lang='lat' dir='ltr'><strong>in</strong></span> <span class='ocrx_word' id='word_1_514' title='bbox 2724 1796 3017 1851; x_wconf 90' lang='lat' dir='ltr'><strong>infernum.</strong></span> <span class='ocrx_word' id='word_1_515' title='bbox 3066 1794 3338 1862; x_wconf 86' lang='lat' dir='ltr'><strong>Quemad-</strong></span> 
     </span>
    </p>
   </div>
   <div class='ocr_carea' id='block_1_66' title="bbox 1787 1888 3340 1956">
    <p class='ocr_par' dir='ltr' id='par_1_66' title="bbox 1787 1888 3340 1956">
     <span class='ocr_line' id='line_1_66' title="bbox 1787 1888 3340 1956; baseline -0.001 -13"><span class='ocrx_word' id='word_1_516' title='bbox 1787 1890 2005 1943; x_wconf 91' lang='lat' dir='ltr'><strong>modum</strong></span> <span class='ocrx_word' id='word_1_517' title='bbox 2044 1891 2423 1942; x_wconf 85' lang='lat' dir='ltr'><strong>vestimentum</strong></span> <span class='ocrx_word' id='word_1_518' title='bbox 2474 1890 2525 1944; x_wconf 90' lang='lat' dir='ltr'><strong>in</strong></span> <span class='ocrx_word' id='word_1_519' title='bbox 2564 1888 2826 1956; x_wconf 79' lang='lat' dir='ltr'><strong>sanguine</strong></span> <span class='ocrx_word' id='word_1_520' title='bbox 2848 1902 3199 1956; x_wconf 88' lang='lat' dir='ltr'><strong>conspersum</strong></span> <span class='ocrx_word' id='word_1_521' title='bbox 3230 1902 3340 1941; x_wconf 89' lang='lat' dir='ltr'><strong>non</strong></span> 
     </span>
    </p>
   </div>
   <div class='ocr_carea' id='block_1_67' title="bbox 1785 1978 3339 2049">
    <p class='ocr_par' dir='ltr' id='par_1_67' title="bbox 1785 1978 3339 2049">
     <span class='ocr_line' id='line_1_67' title="bbox 1785 1978 3339 2049; baseline -0.001 -14"><span class='ocrx_word' id='word_1_522' title='bbox 1785 1992 1866 2035; x_wconf 85' lang='lat' dir='ltr'><strong>est</strong></span> <span class='ocrx_word' id='word_1_523' title='bbox 1889 1981 2173 2045; x_wconf 90' lang='lat' dir='ltr'><strong>mundum,</strong></span> <span class='ocrx_word' id='word_1_524' title='bbox 2208 1981 2287 2033; x_wconf 92' lang='lat' dir='ltr'><strong>sic</strong></span> <span class='ocrx_word' id='word_1_525' title='bbox 2314 1994 2488 2049; x_wconf 91' lang='lat' dir='ltr'><strong>neque</strong></span> <span class='ocrx_word' id='word_1_526' title='bbox 2527 1988 2584 2033; x_wconf 91' lang='lat' dir='ltr'><strong>tu</strong></span> <span class='ocrx_word' id='word_1_527' title='bbox 2624 1980 2733 2033; x_wconf 89' lang='lat' dir='ltr'><strong>eris</strong></span> <span class='ocrx_word' id='word_1_528' title='bbox 2780 1980 3051 2044; x_wconf 85' lang='lat' dir='ltr'><strong>mundus;</strong></span> <span class='ocrx_word' id='word_1_529' title='bbox 3080 1978 3339 2049; x_wconf 90' lang='lat' dir='ltr'><strong>quoniam</strong></span> 
     </span>
    </p>
   </div>
   <div class='ocr_carea' id='block_1_68' title="bbox 1786 2072 3339 2142">
    <p class='ocr_par' dir='ltr' id='par_1_68' title="bbox 1786 2072 3339 2142">
     <span class='ocr_line' id='line_1_68' title="bbox 1786 2072 3339 2142; baseline -0.001 -17"><span class='ocrx_word' id='word_1_530' title='bbox 1786 2082 1982 2127; x_wconf 89' lang='lat' dir='ltr'><strong>terram</strong></span> <span class='ocrx_word' id='word_1_531' title='bbox 2006 2088 2179 2126; x_wconf 90' lang='lat' dir='ltr'><strong>meam</strong></span> <span class='ocrx_word' id='word_1_532' title='bbox 2205 2072 2504 2141; x_wconf 88' lang='lat' dir='ltr'><strong>perdidisti,</strong></span> <span class='ocrx_word' id='word_1_533' title='bbox 2538 2082 2591 2127; x_wconf 91' lang='lat' dir='ltr'><strong>et</strong></span> <span class='ocrx_word' id='word_1_534' title='bbox 2618 2072 2875 2142; x_wconf 91' lang='lat' dir='ltr'><strong>populum</strong></span> <span class='ocrx_word' id='word_1_535' title='bbox 2908 2088 3087 2127; x_wconf 88' lang='lat' dir='ltr'><strong>meum</strong></span> <span class='ocrx_word' id='word_1_536' title='bbox 3117 2072 3339 2127; x_wconf 84' lang='lat' dir='ltr'><strong>interfe-</strong></span> 
     </span>
    </p>
   </div>
   <div class='ocr_carea' id='block_1_69' title="bbox 1784 2164 3341 2234">
    <p class='ocr_par' dir='ltr' id='par_1_69' title="bbox 1784 2164 3341 2234">
     <span class='ocr_line' id='line_1_69' title="bbox 1784 2164 3341 2234; baseline -0.001 -15"><span class='ocrx_word' id='word_1_537' title='bbox 1784 2166 1931 2219; x_wconf 91' lang='lat' dir='ltr'><strong>cisti.</strong></span> <span class='ocrx_word' id='word_1_538' title='bbox 1986 2164 2104 2219; x_wconf 90' lang='lat' dir='ltr'><strong>Non</strong></span> <span class='ocrx_word' id='word_1_539' title='bbox 2147 2165 2393 2219; x_wconf 89' lang='lat' dir='ltr'><strong>manebis</strong></span> <span class='ocrx_word' id='word_1_540' title='bbox 2440 2165 2496 2218; x_wconf 93' lang='lat' dir='ltr'><strong>in</strong></span> <span class='ocrx_word' id='word_1_541' title='bbox 2542 2174 2801 2219; x_wconf 59' lang='lat' dir='ltr'><strong>aeternum</strong></span> <span class='ocrx_word' id='word_1_542' title='bbox 2830 2164 3123 2234; x_wconf 69' lang='lat' dir='ltr'><strong>longaevus,</strong></span> <span class='ocrx_word' id='word_1_543' title='bbox 3158 2180 3341 2219; x_wconf 84' lang='lat' dir='ltr'><strong>semen</strong></span> 
     </span>
    </p>
   </div>
   <div class='ocr_carea' id='block_1_70' title="bbox 1785 2254 3344 2326">
    <p class='ocr_par' dir='ltr' id='par_1_70' title="bbox 1785 2254 3344 2326">
     <span class='ocr_line' id='line_1_70' title="bbox 1785 2254 3344 2326; baseline 0.001 -17"><span class='ocrx_word' id='word_1_544' title='bbox 1785 2270 2038 2325; x_wconf 86' lang='lat' dir='ltr'><strong>nequam.</strong></span> <span class='ocrx_word' id='word_1_545' title='bbox 2054 2254 2299 2324; x_wconf 82' lang='lat' dir='ltr'><strong>Praepara</strong></span> <span class='ocrx_word' id='word_1_546' title='bbox 2315 2255 2454 2310; x_wconf 82' lang='lat' dir='ltr'><strong>filios</strong></span> <span class='ocrx_word' id='word_1_547' title='bbox 2466 2268 2587 2309; x_wconf 89' lang='lat' dir='ltr'><strong>tuos</strong></span> <span class='ocrx_word' id='word_1_548' title='bbox 2603 2254 2984 2324; x_wconf 85' lang='lat' dir='ltr'><strong>utjugulentur</strong></span> <span class='ocrx_word' id='word_1_549' title='bbox 2997 2270 3094 2325; x_wconf 92' lang='lat' dir='ltr'><strong>pro</strong></span> <span class='ocrx_word' id='word_1_550' title='bbox 3109 2257 3344 2326; x_wconf 85' lang='lat' dir='ltr'><strong>peccatis</strong></span> 
     </span>
    </p>
   </div>
   <div class='ocr_carea' id='block_1_71' title="bbox 1785 2349 3343 2419">
    <p class='ocr_par' dir='ltr' id='par_1_71' title="bbox 1785 2349 3343 2419">
     <span class='ocr_line' id='line_1_71' title="bbox 1785 2349 3343 2419; baseline 0.001 -18"><span class='ocrx_word' id='word_1_551' title='bbox 1785 2349 1956 2419; x_wconf 89' lang='lat' dir='ltr'><strong>patris</strong></span> <span class='ocrx_word' id='word_1_552' title='bbox 1980 2349 2081 2411; x_wconf 89' lang='lat' dir='ltr'><strong>tui,</strong></span> <span class='ocrx_word' id='word_1_553' title='bbox 2106 2364 2173 2403; x_wconf 92' lang='lat' dir='ltr'><strong>ne</strong></span> <span class='ocrx_word' id='word_1_554' title='bbox 2198 2357 2531 2419; x_wconf 78' lang='lat' dir='ltr'><strong>consurgant</strong></span> <span class='ocrx_word' id='word_1_555' title='bbox 2560 2358 2614 2403; x_wconf 90' lang='lat' dir='ltr'><strong>et</strong></span> <span class='ocrx_word' id='word_1_556' title='bbox 2642 2360 2839 2405; x_wconf 86' lang='lat' dir='ltr'><strong>terram</strong></span> <span class='ocrx_word' id='word_1_557' title='bbox 2882 2364 3061 2404; x_wconf 88' lang='lat' dir='ltr'><strong>meam</strong></span> <span class='ocrx_word' id='word_1_558' title='bbox 3116 2349 3343 2405; x_wconf 68' lang='lat' dir='ltr'><strong>hazredi-</strong></span> 
     </span>
    </p>
   </div>
   <div class='ocr_carea' id='block_1_72' title="bbox 1789 2440 2342 2511">
    <p class='ocr_par' dir='ltr' id='par_1_72' title="bbox 1789 2440 2342 2511">
     <span class='ocr_line' id='line_1_72' title="bbox 1789 2440 2342 2511; baseline -0.004 -17"><span class='ocrx_word' id='word_1_559' title='bbox 1789 2449 1895 2495; x_wconf 85' lang='lat' dir='ltr'><strong>tate</strong></span> <span class='ocrx_word' id='word_1_560' title='bbox 1937 2440 2205 2511; x_wconf 83' lang='lat' dir='ltr'><strong>accipiant</strong></span> <span class='ocrx_word' id='word_1_561' title='bbox 2227 2441 2291 2495; x_wconf 82' lang='lat'><strong>&quot;.</strong></span> <span class='ocrx_word' id='word_1_562' title='bbox 2322 2458 2342 2492; x_wconf 73' lang='grc' dir='ltr'><strong>ι</strong></span> 
     </span>
    </p>
   </div>
   <div class='ocr_carea' id='block_1_73' title="bbox 1856 2682 3339 2753">
    <p class='ocr_par' dir='ltr' id='par_1_73' title="bbox 1856 2682 3339 2753">
     <span class='ocr_line' id='line_1_73' title="bbox 1856 2682 3339 2753; baseline -0.003 -14"><span class='ocrx_word' id='word_1_563' title='bbox 1856 2684 2040 2740; x_wconf 81' lang='lat' dir='ltr'><strong>XVIII.</strong></span> <span class='ocrx_word' id='word_1_564' title='bbox 2100 2684 2346 2739; x_wconf 85' lang='lat' dir='ltr'><strong>Ezechiel</strong></span> <span class='ocrx_word' id='word_1_565' title='bbox 2403 2698 2621 2753; x_wconf 88' lang='lat' dir='ltr'><strong>quoque</strong></span> <span class='ocrx_word' id='word_1_566' title='bbox 2680 2682 2929 2737; x_wconf 87' lang='lat' dir='ltr'><strong>similiter</strong></span> <span class='ocrx_word' id='word_1_567' title='bbox 2985 2682 3227 2752; x_wconf 89' lang='lat' dir='ltr'><strong>loquitur</strong></span> <span class='ocrx_word' id='word_1_568' title='bbox 3285 2682 3339 2735; x_wconf 93' lang='lat' dir='ltr'><strong>in</strong></span> 
     </span>
    </p>
   </div>
   <div class='ocr_carea' id='block_1_74' title="bbox 1786 2772 3341 2830">
    <p class='ocr_par' dir='ltr' id='par_1_74' title="bbox 1786 2772 3341 2830">
     <span class='ocr_line' id='line_1_74' title="bbox 1786 2772 3341 2830; baseline 0 -1"><span class='ocrx_word' id='word_1_569' title='bbox 1786 2776 1928 2830; x_wconf 89' lang='lat' dir='ltr'><strong>hunc</strong></span> <span class='ocrx_word' id='word_1_570' title='bbox 1960 2776 2207 2830; x_wconf 89' lang='lat' dir='ltr'><strong>modum:</strong></span> <span class='ocrx_word' id='word_1_571' title='bbox 2246 2794 2263 2826; x_wconf 83' lang='grc' dir='ltr'><strong>ι</strong></span> <span class='ocrx_word' id='word_1_572' title='bbox 2306 2773 2429 2829; x_wconf 66' lang='grc' dir='ltr'>Ιίιεε</span> <span class='ocrx_word' id='word_1_573' title='bbox 2464 2775 2595 2829; x_wconf 88' lang='lat' dir='ltr'><strong>dicit</strong></span> <span class='ocrx_word' id='word_1_574' title='bbox 2624 2773 2885 2827; x_wconf 89' lang='lat' dir='ltr'><strong>Dominus</strong></span> <span class='ocrx_word' id='word_1_575' title='bbox 2926 2772 3115 2828; x_wconf 57' lang='lat' dir='ltr'><strong>Densa</strong></span> <span class='ocrx_word' id='word_1_576' title='bbox 3141 2773 3243 2828; x_wconf 87' lang='lat' dir='ltr'><strong>Pro</strong></span> <span class='ocrx_word' id='word_1_577' title='bbox 3277 2790 3341 2829; x_wconf 92' lang='lat' dir='ltr'><strong>eo</strong></span> 
     </span>
    </p>
   </div>
   <div class='ocr_carea' id='block_1_75' title="bbox 1785 2864 3342 2936">
    <p class='ocr_par' dir='ltr' id='par_1_75' title="bbox 1785 2864 3342 2936">
     <span class='ocr_line' id='line_1_75' title="bbox 1785 2864 3342 2936; baseline -0.001 -16"><span class='ocrx_word' id='word_1_578' title='bbox 1785 2866 1928 2936; x_wconf 89' lang='lat' dir='ltr'><strong>quod</strong></span> <span class='ocrx_word' id='word_1_579' title='bbox 1978 2866 2267 2920; x_wconf 80' lang='lat' dir='ltr'><strong>exaltatum</strong></span> <span class='ocrx_word' id='word_1_580' title='bbox 2315 2875 2397 2919; x_wconf 89' lang='lat' dir='ltr'><strong>est</strong></span> <span class='ocrx_word' id='word_1_581' title='bbox 2448 2881 2543 2919; x_wconf 88' lang='lat' dir='ltr'><strong>cor</strong></span> <span class='ocrx_word' id='word_1_582' title='bbox 2592 2874 2785 2930; x_wconf 85' lang='lat' dir='ltr'><strong>tuum,</strong></span> <span class='ocrx_word' id='word_1_583' title='bbox 2832 2874 2883 2917; x_wconf 91' lang='lat' dir='ltr'><strong>et</strong></span> <span class='ocrx_word' id='word_1_584' title='bbox 2916 2865 3134 2918; x_wconf 77' lang='lat' dir='ltr'><strong>dixisti:</strong></span> <span class='ocrx_word' id='word_1_585' title='bbox 3198 2864 3342 2919; x_wconf 88' lang='lat' dir='ltr'><strong>Deus</strong></span> 
     </span>
    </p>
   </div>
   <div class='ocr_carea' id='block_1_76' title="bbox 1787 2956 3342 3029">
    <p class='ocr_par' dir='ltr' id='par_1_76' title="bbox 1787 2956 3342 3029">
     <span class='ocr_line' id='line_1_76' title="bbox 1787 2956 3342 3029; baseline -0.001 -16"><span class='ocrx_word' id='word_1_586' title='bbox 1787 2972 1887 3029; x_wconf 88' lang='lat' dir='ltr'><strong>ego</strong></span> <span class='ocrx_word' id='word_1_587' title='bbox 1940 2972 2058 3011; x_wconf 88' lang='lat' dir='ltr'><strong>sum</strong></span> <span class='ocrx_word' id='word_1_588' title='bbox 2102 2975 2116 3023; x_wconf 90' lang='lat'><strong>;</strong></span> <span class='ocrx_word' id='word_1_589' title='bbox 2171 2956 2555 3011; x_wconf 87' lang='lat' dir='ltr'><strong>habitationem</strong></span> <span class='ocrx_word' id='word_1_590' title='bbox 2622 2957 2712 3011; x_wconf 89' lang='lat' dir='ltr'><strong>Dei</strong></span> <span class='ocrx_word' id='word_1_591' title='bbox 2775 2957 3010 3010; x_wconf 71' lang='lat' dir='ltr'><strong>habitari</strong></span> <span class='ocrx_word' id='word_1_592' title='bbox 3064 2957 3119 3010; x_wconf 92' lang='lat' dir='ltr'><strong>in</strong></span> <span class='ocrx_word' id='word_1_593' title='bbox 3179 2956 3342 3012; x_wconf 90' lang='lat' dir='ltr'><strong>corde</strong></span> 
     </span>
    </p>
   </div>
   <div class='ocr_carea' id='block_1_77' title="bbox 1786 3047 3342 3114">
    <p class='ocr_par' dir='ltr' id='par_1_77' title="bbox 1786 3047 3342 3114">
     <span class='ocr_line' id='line_1_77' title="bbox 1786 3047 3342 3114; baseline 0 -11"><span class='ocrx_word' id='word_1_594' title='bbox 1786 3049 1992 3114; x_wconf 88' lang='lat' dir='ltr'><strong>maris;</strong></span> <span class='ocrx_word' id='word_1_595' title='bbox 2034 3057 2088 3102; x_wconf 92' lang='lat' dir='ltr'><strong>tu</strong></span> <span class='ocrx_word' id='word_1_596' title='bbox 2117 3061 2295 3103; x_wconf 89' lang='lat' dir='ltr'><strong>autem</strong></span> <span class='ocrx_word' id='word_1_597' title='bbox 2330 3048 2512 3109; x_wconf 89' lang='lat' dir='ltr'><strong>homo,</strong></span> <span class='ocrx_word' id='word_1_598' title='bbox 2544 3057 2597 3102; x_wconf 93' lang='lat' dir='ltr'><strong>et</strong></span> <span class='ocrx_word' id='word_1_599' title='bbox 2627 3064 2733 3103; x_wconf 87' lang='lat' dir='ltr'><strong>non</strong></span> <span class='ocrx_word' id='word_1_600' title='bbox 2774 3047 2915 3103; x_wconf 90' lang='lat' dir='ltr'><strong>Deus</strong></span> <span class='ocrx_word' id='word_1_601' title='bbox 2940 3089 2954 3111; x_wconf 90' lang='lat'><strong>,</strong></span> <span class='ocrx_word' id='word_1_602' title='bbox 3013 3048 3202 3102; x_wconf 86' lang='lat' dir='ltr'><strong>dedisti</strong></span> <span class='ocrx_word' id='word_1_603' title='bbox 3246 3064 3342 3103; x_wconf 90' lang='lat' dir='ltr'><strong>cor</strong></span> 
     </span>
    </p>
   </div>
   <div class='ocr_carea' id='block_1_78' title="bbox 1788 3138 3344 3210">
    <p class='ocr_par' dir='ltr' id='par_1_78' title="bbox 1788 3138 3344 3210">
     <span class='ocr_line' id='line_1_78' title="bbox 1788 3138 3344 3210; baseline -0.001 -15"><span class='ocrx_word' id='word_1_604' title='bbox 1788 3150 1939 3195; x_wconf 91' lang='lat' dir='ltr'><strong>tuum</strong></span> <span class='ocrx_word' id='word_1_605' title='bbox 1966 3140 2120 3210; x_wconf 85' lang='lat' dir='ltr'><strong>quasi</strong></span> <span class='ocrx_word' id='word_1_606' title='bbox 2143 3154 2238 3194; x_wconf 91' lang='lat' dir='ltr'><strong>cor</strong></span> <span class='ocrx_word' id='word_1_607' title='bbox 2260 3138 2372 3192; x_wconf 91' lang='lat' dir='ltr'><strong>Dei.</strong></span> <span class='ocrx_word' id='word_1_608' title='bbox 2412 3138 2666 3208; x_wconf 88' lang='lat' dir='ltr'><strong>Nunquid</strong></span> <span class='ocrx_word' id='word_1_609' title='bbox 2700 3140 2994 3207; x_wconf 84' lang='lat' dir='ltr'><strong>sapientior</strong></span> <span class='ocrx_word' id='word_1_610' title='bbox 3024 3156 3083 3193; x_wconf 92' lang='lat' dir='ltr'><strong>es</strong></span> <span class='ocrx_word' id='word_1_611' title='bbox 3133 3142 3209 3193; x_wconf 81' lang='lat' dir='ltr'><strong>tu&#39;</strong></span> <span class='ocrx_word' id='word_1_612' title='bbox 3240 3140 3344 3193; x_wconf 59' lang='lat' dir='ltr'><strong>Dav</strong></span> 
     </span>
    </p>
   </div>
   <div class='ocr_carea' id='block_1_79' title="bbox 1785 3230 3345 3301">
    <p class='ocr_par' dir='ltr' id='par_1_79' title="bbox 1785 3230 3345 3301">
     <span class='ocr_line' id='line_1_79' title="bbox 1785 3230 3345 3301; baseline -0.001 -15"><span class='ocrx_word' id='word_1_613' title='bbox 1785 3233 1958 3287; x_wconf 80' lang='lat' dir='ltr'><strong>niele?</strong></span> <span class='ocrx_word' id='word_1_614' title='bbox 1998 3232 2277 3301; x_wconf 83' lang='lat' dir='ltr'><strong>Sapientes</strong></span> <span class='ocrx_word' id='word_1_615' title='bbox 2310 3247 2417 3286; x_wconf 91' lang='lat' dir='ltr'><strong>non</strong></span> <span class='ocrx_word' id='word_1_616' title='bbox 2450 3233 2763 3286; x_wconf 78' lang='lat' dir='ltr'><strong>erudierunt</strong></span> <span class='ocrx_word' id='word_1_617' title='bbox 2786 3242 2838 3285; x_wconf 91' lang='lat' dir='ltr'><strong>te</strong></span> <span class='ocrx_word' id='word_1_618' title='bbox 2883 3230 3168 3301; x_wconf 87' lang='lat' dir='ltr'><strong>disciplina</strong></span> <span class='ocrx_word' id='word_1_619' title='bbox 3208 3233 3345 3286; x_wconf 86' lang='lat' dir='ltr'><strong>sua?</strong></span> 
     </span>
    </p>
   </div>
   <div class='ocr_carea' id='block_1_80' title="bbox 1785 3322 3343 3394">
    <p class='ocr_par' dir='ltr' id='par_1_80' title="bbox 1785 3322 3343 3394">
     <span class='ocr_line' id='line_1_80' title="bbox 1785 3322 3343 3394; baseline -0.001 -16"><span class='ocrx_word' id='word_1_620' title='bbox 1785 3323 2038 3394; x_wconf 85' lang='lat' dir='ltr'><strong>Nunquid</strong></span> <span class='ocrx_word' id='word_1_621' title='bbox 2069 3326 2123 3378; x_wconf 91' lang='lat' dir='ltr'><strong>in</strong></span> <span class='ocrx_word' id='word_1_622' title='bbox 2146 3323 2452 3378; x_wconf 88' lang='lat' dir='ltr'><strong>eruditione</strong></span> <span class='ocrx_word' id='word_1_623' title='bbox 2475 3332 2588 3388; x_wconf 89' lang='lat' dir='ltr'><strong>tua,</strong></span> <span class='ocrx_word' id='word_1_624' title='bbox 2620 3330 2713 3376; x_wconf 90' lang='lat' dir='ltr'><strong>aut</strong></span> <span class='ocrx_word' id='word_1_625' title='bbox 2761 3322 2813 3375; x_wconf 90' lang='lat' dir='ltr'><strong>in</strong></span> <span class='ocrx_word' id='word_1_626' title='bbox 2859 3322 3143 3390; x_wconf 87' lang='lat' dir='ltr'><strong>prudentia</strong></span> <span class='ocrx_word' id='word_1_627' title='bbox 3171 3322 3343 3377; x_wconf 81' lang='lat' dir='ltr'><strong>fecisti</strong></span> 
     </span>
    </p>
   </div>
   <div class='ocr_carea' id='block_1_81' title="bbox 1784 3414 3346 3483">
    <p class='ocr_par' dir='ltr' id='par_1_81' title="bbox 1784 3414 3346 3483">
     <span class='ocr_line' id='line_1_81' title="bbox 1784 3414 3346 3483; baseline -0.001 -13"><span class='ocrx_word' id='word_1_628' title='bbox 1784 3416 1883 3471; x_wconf 88' lang='lat' dir='ltr'><strong>tibi</strong></span> <span class='ocrx_word' id='word_1_629' title='bbox 1912 3415 2301 3477; x_wconf 85' lang='lat' dir='ltr'><strong>fortitudinem,</strong></span> <span class='ocrx_word' id='word_1_630' title='bbox 2334 3422 2387 3467; x_wconf 94' lang='lat' dir='ltr'><strong>et</strong></span> <span class='ocrx_word' id='word_1_631' title='bbox 2407 3428 2600 3467; x_wconf 91' lang='lat' dir='ltr'><strong>aurum</strong></span> <span class='ocrx_word' id='word_1_632' title='bbox 2639 3424 2692 3468; x_wconf 92' lang='lat' dir='ltr'><strong>et</strong></span> <span class='ocrx_word' id='word_1_633' title='bbox 2726 3427 3006 3483; x_wconf 81' lang='lat' dir='ltr'><strong>argentum</strong></span> <span class='ocrx_word' id='word_1_634' title='bbox 3042 3414 3097 3467; x_wconf 92' lang='lat' dir='ltr'><strong>in</strong></span> <span class='ocrx_word' id='word_1_635' title='bbox 3128 3416 3346 3469; x_wconf 82' lang='lat' dir='ltr'><strong>thesau-</strong></span> 
     </span>
    </p>
   </div>
   <div class='ocr_carea' id='block_1_82' title="bbox 1786 3504 3343 3573">
    <p class='ocr_par' dir='ltr' id='par_1_82' title="bbox 1786 3504 3343 3573">
     <span class='ocr_line' id='line_1_82' title="bbox 1786 3504 3343 3573; baseline -0.002 -13"><span class='ocrx_word' id='word_1_636' title='bbox 1786 3507 1864 3561; x_wconf 88' lang='lat' dir='ltr'><strong>ris</strong></span> <span class='ocrx_word' id='word_1_637' title='bbox 1894 3505 2039 3560; x_wconf 83' lang='lat' dir='ltr'><strong>tuis?</strong></span> <span class='ocrx_word' id='word_1_638' title='bbox 2081 3504 2333 3573; x_wconf 88' lang='lat' dir='ltr'><strong>Nunquid</strong></span> <span class='ocrx_word' id='word_1_639' title='bbox 2382 3505 2436 3557; x_wconf 93' lang='lat' dir='ltr'><strong>in</strong></span> <span class='ocrx_word' id='word_1_640' title='bbox 2498 3506 2666 3559; x_wconf 87' lang='lat' dir='ltr'><strong>multa</strong></span> <span class='ocrx_word' id='word_1_641' title='bbox 2717 3505 3021 3559; x_wconf 91' lang='lat' dir='ltr'><strong>eruditione</strong></span> <span class='ocrx_word' id='word_1_642' title='bbox 3064 3514 3155 3558; x_wconf 88' lang='lat' dir='ltr'><strong>tua</strong></span> <span class='ocrx_word' id='word_1_643' title='bbox 3192 3512 3246 3559; x_wconf 85' lang='lat' dir='ltr'><strong>et</strong></span> <span class='ocrx_word' id='word_1_644' title='bbox 3290 3505 3343 3557; x_wconf 92' lang='lat' dir='ltr'><strong>in</strong></span> 
     </span>
    </p>
   </div>
   <div class='ocr_carea' id='block_1_83' title="bbox 1788 3593 3348 3663">
    <p class='ocr_par' dir='ltr' id='par_1_83' title="bbox 1788 3593 3348 3663">
     <span class='ocr_line' id='line_1_83' title="bbox 1788 3593 3348 3663; baseline -0.001 -15"><span class='ocrx_word' id='word_1_645' title='bbox 1788 3595 2150 3663; x_wconf 84' lang='lat' dir='ltr'><strong>negotiatione</strong></span> <span class='ocrx_word' id='word_1_646' title='bbox 2172 3604 2261 3646; x_wconf 86' lang='lat' dir='ltr'><strong>tua</strong></span> <span class='ocrx_word' id='word_1_647' title='bbox 2312 3593 2681 3661; x_wconf 87' lang='lat' dir='ltr'><strong>multiplicasli</strong></span> <span class='ocrx_word' id='word_1_648' title='bbox 2739 3594 3110 3647; x_wconf 81' lang='lat' dir='ltr'><strong>fortitudinem</strong></span> <span class='ocrx_word' id='word_1_649' title='bbox 3161 3594 3348 3646; x_wconf 80' lang='lat' dir='ltr'><strong>tuam?</strong></span> 
     </span>
    </p>
   </div>
   <div class='ocr_carea' id='block_1_84' title="bbox 1790 3684 3344 3753">
    <p class='ocr_par' dir='ltr' id='par_1_84' title="bbox 1790 3684 3344 3753">
     <span class='ocr_line' id='line_1_84' title="bbox 1790 3684 3344 3753; baseline 0 -15"><span class='ocrx_word' id='word_1_650' title='bbox 1790 3686 2002 3739; x_wconf 85' lang='lat' dir='ltr'><strong>Elatum</strong></span> <span class='ocrx_word' id='word_1_651' title='bbox 2025 3694 2107 3738; x_wconf 84' lang='lat' dir='ltr'><strong>est</strong></span> <span class='ocrx_word' id='word_1_652' title='bbox 2153 3700 2247 3739; x_wconf 91' lang='lat' dir='ltr'><strong>cor</strong></span> <span class='ocrx_word' id='word_1_653' title='bbox 2274 3693 2425 3737; x_wconf 92' lang='lat' dir='ltr'><strong>tuum</strong></span> <span class='ocrx_word' id='word_1_654' title='bbox 2478 3684 2531 3738; x_wconf 92' lang='lat' dir='ltr'><strong>in</strong></span> <span class='ocrx_word' id='word_1_655' title='bbox 2566 3685 2883 3739; x_wconf 90' lang='lat' dir='ltr'><strong>fortitudine</strong></span> <span class='ocrx_word' id='word_1_656' title='bbox 2918 3694 3027 3738; x_wconf 88' lang='lat' dir='ltr'><strong>tua.</strong></span> <span class='ocrx_word' id='word_1_657' title='bbox 3056 3684 3344 3753; x_wconf 89' lang='lat' dir='ltr'><strong>Propterea</strong></span> 
     </span>
    </p>
   </div>
   <div class='ocr_carea' id='block_1_85' title="bbox 1787 3774 3343 3841">
    <p class='ocr_par' dir='ltr' id='par_1_85' title="bbox 1787 3774 3343 3841">
     <span class='ocr_line' id='line_1_85' title="bbox 1787 3774 3343 3841; baseline -0.003 -10"><span class='ocrx_word' id='word_1_658' title='bbox 1787 3779 1901 3831; x_wconf 56' lang='lat' dir='ltr'><strong>hac</strong></span> <span class='ocrx_word' id='word_1_659' title='bbox 1927 3776 2057 3830; x_wconf 91' lang='lat' dir='ltr'><strong>dicit</strong></span> <span class='ocrx_word' id='word_1_660' title='bbox 2099 3775 2361 3829; x_wconf 87' lang='lat' dir='ltr'><strong>Dominus</strong></span> <span class='ocrx_word' id='word_1_661' title='bbox 2409 3774 2586 3829; x_wconf 88' lang='lat' dir='ltr'><strong>Deus:</strong></span> <span class='ocrx_word' id='word_1_662' title='bbox 2638 3775 2775 3841; x_wconf 86' lang='lat' dir='ltr'><strong>Quia</strong></span> <span class='ocrx_word' id='word_1_663' title='bbox 2828 3776 3022 3829; x_wconf 85' lang='lat' dir='ltr'><strong>dedisti</strong></span> <span class='ocrx_word' id='word_1_664' title='bbox 3053 3791 3145 3829; x_wconf 90' lang='lat' dir='ltr'><strong>cor</strong></span> <span class='ocrx_word' id='word_1_665' title='bbox 3190 3782 3343 3828; x_wconf 84' lang='lat' dir='ltr'><strong>tuum</strong></span> 
     </span>
    </p>
   </div>
   <div class='ocr_carea' id='block_1_86' title="bbox 1786 3865 3348 3938">
    <p class='ocr_par' dir='ltr' id='par_1_86' title="bbox 1786 3865 3348 3938">
     <span class='ocr_line' id='line_1_86' title="bbox 1786 3865 3348 3938; baseline -0.003 -16"><span class='ocrx_word' id='word_1_666' title='bbox 1786 3868 1943 3938; x_wconf 87' lang='lat' dir='ltr'><strong>quasi</strong></span> <span class='ocrx_word' id='word_1_667' title='bbox 1973 3883 2067 3922; x_wconf 92' lang='lat' dir='ltr'><strong>cor</strong></span> <span class='ocrx_word' id='word_1_668' title='bbox 2101 3865 2228 3932; x_wconf 90' lang='lat' dir='ltr'><strong>Dei;</strong></span> <span class='ocrx_word' id='word_1_669' title='bbox 2256 3881 2381 3920; x_wconf 90' lang='lat' dir='ltr'><strong>ecce</strong></span> <span class='ocrx_word' id='word_1_670' title='bbox 2405 3881 2504 3936; x_wconf 81' lang='lat' dir='ltr'><strong>ego</strong></span> <span class='ocrx_word' id='word_1_671' title='bbox 2526 3867 2735 3921; x_wconf 87' lang='lat' dir='ltr'><strong>adduco</strong></span> <span class='ocrx_word' id='word_1_672' title='bbox 2769 3882 2931 3935; x_wconf 87' lang='lat' dir='ltr'><strong>super</strong></span> <span class='ocrx_word' id='word_1_673' title='bbox 2951 3874 3001 3920; x_wconf 88' lang='lat' dir='ltr'><strong>te</strong></span> <span class='ocrx_word' id='word_1_674' title='bbox 3031 3866 3236 3919; x_wconf 86' lang='lat' dir='ltr'><strong>alienos</strong></span> <span class='ocrx_word' id='word_1_675' title='bbox 3262 3880 3348 3933; x_wconf 88' lang='lat' dir='ltr'><strong>pe-</strong></span> 
     </span>
    </p>
   </div>
   <div class='ocr_carea' id='block_1_87' title="bbox 1788 3960 3347 4030">
    <p class='ocr_par' dir='ltr' id='par_1_87' title="bbox 1788 3960 3347 4030">
     <span class='ocr_line' id='line_1_87' title="bbox 1788 3960 3347 4030; baseline -0.001 -15"><span class='ocrx_word' id='word_1_676' title='bbox 1788 3960 2048 4026; x_wconf 88' lang='lat' dir='ltr'><strong>stilentes,</strong></span> <span class='ocrx_word' id='word_1_677' title='bbox 2082 3970 2134 4015; x_wconf 85' lang='lat' dir='ltr'><strong>et</strong></span> <span class='ocrx_word' id='word_1_678' title='bbox 2174 3960 2533 4030; x_wconf 82' lang='lat' dir='ltr'><strong>evaginahunt</strong></span> <span class='ocrx_word' id='word_1_679' title='bbox 2586 3960 2793 4029; x_wconf 82' lang='lat' dir='ltr'><strong>gladios</strong></span> <span class='ocrx_word' id='word_1_680' title='bbox 2855 3976 2981 4015; x_wconf 84' lang='lat' dir='ltr'><strong>suos</strong></span> <span class='ocrx_word' id='word_1_681' title='bbox 3003 3975 3165 4029; x_wconf 86' lang='lat' dir='ltr'><strong>super</strong></span> <span class='ocrx_word' id='word_1_682' title='bbox 3213 3968 3261 4014; x_wconf 89' lang='lat' dir='ltr'><strong>te</strong></span> <span class='ocrx_word' id='word_1_683' title='bbox 3293 3969 3347 4014; x_wconf 89' lang='lat' dir='ltr'><strong>et</strong></span> 
     </span>
    </p>
   </div>
   <div class='ocr_carea' id='block_1_88' title="bbox 1788 4052 3346 4123">
    <p class='ocr_par' dir='ltr' id='par_1_88' title="bbox 1788 4052 3346 4123">
     <span class='ocr_line' id='line_1_88' title="bbox 1788 4052 3346 4123; baseline -0.002 -16"><span class='ocrx_word' id='word_1_684' title='bbox 1788 4069 1950 4123; x_wconf 90' lang='lat' dir='ltr'><strong>super</strong></span> <span class='ocrx_word' id='word_1_685' title='bbox 1973 4052 2424 4123; x_wconf 87' lang='lat' dir='ltr'><strong>pulchritudinem</strong></span> <span class='ocrx_word' id='word_1_686' title='bbox 2451 4052 2709 4106; x_wconf 67' lang='lat' dir='ltr'><strong>doctrinae</strong></span> <span class='ocrx_word' id='word_1_687' title='bbox 2735 4064 2857 4115; x_wconf 72' lang='lat' dir='ltr'><strong>tuae,</strong></span> <span class='ocrx_word' id='word_1_688' title='bbox 2886 4061 2938 4105; x_wconf 91' lang='lat' dir='ltr'><strong>et</strong></span> <span class='ocrx_word' id='word_1_689' title='bbox 2960 4061 3201 4107; x_wconf 91' lang='lat' dir='ltr'><strong>sternent</strong></span> <span class='ocrx_word' id='word_1_690' title='bbox 3223 4052 3346 4121; x_wconf 86' lang='lat' dir='ltr'><strong>pul-</strong></span> 
     </span>
    </p>
   </div>
   <div class='ocr_carea' id='block_1_89' title="bbox 1789 4142 3347 4213">
    <p class='ocr_par' dir='ltr' id='par_1_89' title="bbox 1789 4142 3347 4213">
     <span class='ocr_line' id='line_1_89' title="bbox 1789 4142 3347 4213; baseline -0.001 -15"><span class='ocrx_word' id='word_1_691' title='bbox 1789 4144 2149 4199; x_wconf 87' lang='lat' dir='ltr'><strong>chritudinem</strong></span> <span class='ocrx_word' id='word_1_692' title='bbox 2185 4153 2333 4197; x_wconf 88' lang='lat' dir='ltr'><strong>tuam</strong></span> <span class='ocrx_word' id='word_1_693' title='bbox 2388 4144 2442 4196; x_wconf 93' lang='lat' dir='ltr'><strong>in</strong></span> <span class='ocrx_word' id='word_1_694' title='bbox 2498 4142 2887 4213; x_wconf 89' lang='lat' dir='ltr'><strong>perditionem;</strong></span> <span class='ocrx_word' id='word_1_695' title='bbox 2921 4150 2972 4195; x_wconf 89' lang='lat' dir='ltr'><strong>et</strong></span> <span class='ocrx_word' id='word_1_696' title='bbox 3021 4142 3347 4196; x_wconf 86' lang='lat' dir='ltr'><strong>descendere</strong></span> 
     </span>
    </p>
   </div>
   <div class='ocr_carea' id='block_1_90' title="bbox 1791 4232 3348 4301">
    <p class='ocr_par' dir='ltr' id='par_1_90' title="bbox 1791 4232 3348 4301">
     <span class='ocr_line' id='line_1_90' title="bbox 1791 4232 3348 4301; baseline -0.002 -13"><span class='ocrx_word' id='word_1_697' title='bbox 1791 4236 1989 4290; x_wconf 87' lang='lat' dir='ltr'><strong>facient</strong></span> <span class='ocrx_word' id='word_1_698' title='bbox 2009 4244 2083 4301; x_wconf 88' lang='lat' dir='ltr'><strong>te,</strong></span> <span class='ocrx_word' id='word_1_699' title='bbox 2119 4243 2173 4289; x_wconf 90' lang='lat' dir='ltr'><strong>et</strong></span> <span class='ocrx_word' id='word_1_700' title='bbox 2200 4234 2448 4289; x_wconf 87' lang='lat' dir='ltr'><strong>morieris</strong></span> <span class='ocrx_word' id='word_1_701' title='bbox 2481 4243 2654 4288; x_wconf 91' lang='lat' dir='ltr'><strong>morte</strong></span> <span class='ocrx_word' id='word_1_702' title='bbox 2680 4233 3080 4288; x_wconf 84' lang='lat' dir='ltr'><strong>vulneratorum</strong></span> <span class='ocrx_word' id='word_1_703' title='bbox 3109 4232 3159 4284; x_wconf 93' lang='lat' dir='ltr'><strong>in</strong></span> <span class='ocrx_word' id='word_1_704' title='bbox 3186 4232 3348 4286; x_wconf 88' lang='lat' dir='ltr'><strong>corde</strong></span> 
     </span>
    </p>
   </div>
   <div class='ocr_carea' id='block_1_91' title="bbox 189 4322 1691 4421">
    <p class='ocr_par' dir='ltr' id='par_1_91' title="bbox 189 4338 1687 4421">
     <span class='ocr_line' id='line_1_91' title="bbox 189 4338 1687 4421; baseline -0.005 -24"><span class='ocrx_word' id='word_1_705' title='bbox 189 4344 293 4416; x_wconf 74' lang='grc' dir='ltr'><strong>νὰτῳ</strong></span> <span class='ocrx_word' id='word_1_706' title='bbox 329 4348 662 4421; x_wconf 80' lang='grc' dir='ltr'>τραυματιῶν</span> <span class='ocrx_word' id='word_1_707' title='bbox 706 4349 764 4401; x_wconf 88' lang='grc' dir='ltr'>ἐν</span> <span class='ocrx_word' id='word_1_708' title='bbox 823 4346 1015 4415; x_wconf 86' lang='grc' dir='ltr'>καρδίᾳ</span> <span class='ocrx_word' id='word_1_709' title='bbox 1069 4341 1359 4412; x_wconf 86' lang='grc' dir='ltr'>θαλάσσης.</span> <span class='ocrx_word' id='word_1_710' title='bbox 1403 4338 1493 4409; x_wconf 81' lang='grc' dir='ltr'><strong>Μὴ</strong></span> <span class='ocrx_word' id='word_1_711' title='bbox 1513 4338 1687 4407; x_wconf 88' lang='grc' dir='ltr'>λέγων</span> 
     </span>
    </p>
   </div>
   <div class='ocr_carea' id='block_1_92' title="bbox 1794 4322 3344 4421">
    <p class='ocr_par' dir='ltr' id='par_1_92' title="bbox 1794 4322 3344 4395">
     <span class='ocr_line' id='line_1_92' title="bbox 1794 4322 3344 4395; baseline -0.005 -14"><span class='ocrx_word' id='word_1_712' title='bbox 1794 4328 1975 4382; x_wconf 88' lang='lat' dir='ltr'><strong>maris.</strong></span> <span class='ocrx_word' id='word_1_713' title='bbox 2018 4324 2272 4395; x_wconf 84' lang='lat' dir='ltr'><strong>Nunquid</strong></span> <span class='ocrx_word' id='word_1_714' title='bbox 2329 4326 2557 4394; x_wconf 88' lang='lat' dir='ltr'><strong>ioquens</strong></span> <span class='ocrx_word' id='word_1_715' title='bbox 2610 4324 2855 4380; x_wconf 85' lang='lat' dir='ltr'><strong>dicturus</strong></span> <span class='ocrx_word' id='word_1_716' title='bbox 2908 4339 2995 4378; x_wconf 90' lang='lat' dir='ltr'><strong>es:</strong></span> <span class='ocrx_word' id='word_1_717' title='bbox 3038 4322 3181 4379; x_wconf 91' lang='lat' dir='ltr'><strong>Deus</strong></span> <span class='ocrx_word' id='word_1_718' title='bbox 3226 4339 3344 4378; x_wconf 80' lang='lat' dir='ltr'><strong>sum</strong></span> 
     </span>
    </p>
   </div>
   <div class='ocr_carea' id='block_1_93' title="bbox 188 4427 1693 4508">
    <p class='ocr_par' dir='ltr' id='par_1_93' title="bbox 188 4427 1693 4508">
     <span class='ocr_line' id='line_1_93' title="bbox 188 4427 1693 4508; baseline -0.003 -24"><span class='ocrx_word' id='word_1_719' title='bbox 188 4434 320 4503; x_wconf 56' lang='grc' dir='ltr'>ἔρεξ’</span> <span class='ocrx_word' id='word_1_720' title='bbox 345 4437 468 4501; x_wconf 84' lang='grc' dir='ltr'>Θεός</span> <span class='ocrx_word' id='word_1_721' title='bbox 498 4439 615 4508; x_wconf 82' lang='grc' dir='ltr'>εἰμι</span> <span class='ocrx_word' id='word_1_722' title='bbox 646 4437 777 4505; x_wconf 86' lang='grc' dir='ltr'>ἐγω,</span> <span class='ocrx_word' id='word_1_723' title='bbox 800 4434 1024 4487; x_wconf 84' lang='grc' dir='ltr'>ἐνώπιον</span> <span class='ocrx_word' id='word_1_724' title='bbox 1053 4430 1182 4503; x_wconf 83' lang='grc' dir='ltr'>[τῶν</span> <span class='ocrx_word' id='word_1_725' title='bbox 1210 4427 1570 4500; x_wconf 84' lang='grc' dir='ltr'>ἀναιρούντων</span> <span class='ocrx_word' id='word_1_726' title='bbox 1602 4443 1693 4492; x_wconf 93' lang='grc' dir='ltr'>σε;</span> 
     </span>
    </p>
   </div>
   <div class='ocr_carea' id='block_1_94' title="bbox 190 4518 1699 4601">
    <p class='ocr_par' dir='ltr' id='par_1_94' title="bbox 190 4518 1699 4601">
     <span class='ocr_line' id='line_1_94' title="bbox 190 4518 1699 4601; baseline -0.005 -24"><span class='ocrx_word' id='word_1_727' title='bbox 190 4524 236 4577; x_wconf 75' lang='grc' dir='ltr'><strong>σὺ</strong></span> <span class='ocrx_word' id='word_1_728' title='bbox 252 4526 297 4578; x_wconf 84' lang='grc' dir='ltr'>δὲ</span> <span class='ocrx_word' id='word_1_729' title='bbox 319 4523 364 4580; x_wconf 78' lang='grc' dir='ltr'>εἴ</span> <span class='ocrx_word' id='word_1_730' title='bbox 384 4529 683 4601; x_wconf 77' lang='grc' dir='ltr'>ἄνθρωπος,</span> <span class='ocrx_word' id='word_1_731' title='bbox 714 4526 807 4580; x_wconf 73' lang='grc' dir='ltr'>καὶ</span> <span class='ocrx_word' id='word_1_732' title='bbox 830 4525 890 4578; x_wconf 79' lang='grc' dir='ltr'><strong>οὐ</strong></span> <span class='ocrx_word' id='word_1_733' title='bbox 926 4524 1077 4586; x_wconf 78' lang='grc' dir='ltr'>Θεὸς,</span> <span class='ocrx_word' id='word_1_734' title='bbox 1118 4524 1177 4576; x_wconf 90' lang='grc' dir='ltr'><strong>ἐν</strong></span> <span class='ocrx_word' id='word_1_735' title='bbox 1202 4522 1344 4593; x_wconf 81' lang='grc' dir='ltr'>χειρὶ</span> <span class='ocrx_word' id='word_1_736' title='bbox 1376 4518 1699 4589; x_wconf 85' lang='grc' dir='ltr'>τιτρωσκόν-</span> 
     </span>
    </p>
   </div>
   <div class='ocr_carea' id='block_1_95' title="bbox 189 4608 1693 4687">
    <p class='ocr_par' dir='ltr' id='par_1_95' title="bbox 189 4608 1693 4687">
     <span class='ocr_line' id='line_1_95' title="bbox 189 4608 1693 4687; baseline -0.008 -16"><span class='ocrx_word' id='word_1_737' title='bbox 189 4626 269 4666; x_wconf 74' lang='grc' dir='ltr'><strong>των</strong></span> <span class='ocrx_word' id='word_1_738' title='bbox 305 4633 372 4671; x_wconf 85' lang='grc' dir='ltr'><strong>σε.</strong></span> <span class='ocrx_word' id='word_1_739' title='bbox 424 4618 683 4680; x_wconf 87' lang='grc' dir='ltr'>Θανάτοις</span> <span class='ocrx_word' id='word_1_740' title='bbox 728 4615 1113 4687; x_wconf 87' lang='grc' dir='ltr'>ἀπεριτμήτων</span> <span class='ocrx_word' id='word_1_741' title='bbox 1162 4611 1334 4681; x_wconf 86' lang='grc' dir='ltr'>ἀπολῇ</span> <span class='ocrx_word' id='word_1_742' title='bbox 1381 4612 1439 4663; x_wconf 93' lang='grc' dir='ltr'>ἐν</span> <span class='ocrx_word' id='word_1_743' title='bbox 1467 4608 1693 4680; x_wconf 78' lang='grc' dir='ltr'>χερσὶν]</span> 
     </span>
    </p>
   </div>
   <div class='ocr_carea' id='block_1_96' title="bbox 190 4703 1495 4778">
    <p class='ocr_par' dir='ltr' id='par_1_96' title="bbox 190 4703 1495 4778">
     <span class='ocr_line' id='line_1_96' title="bbox 190 4703 1495 4778; baseline -0.005 -19"><span class='ocrx_word' id='word_1_744' title='bbox 190 4703 455 4778; x_wconf 77' lang='grc' dir='ltr'>ἀλλοτρίων·</span> <span class='ocrx_word' id='word_1_745' title='bbox 503 4711 585 4764; x_wconf 86' lang='grc' dir='ltr'>ὃτι</span> <span class='ocrx_word' id='word_1_746' title='bbox 611 4708 719 4778; x_wconf 87' lang='grc' dir='ltr'><strong>ἐγὼ</strong></span> <span class='ocrx_word' id='word_1_747' title='bbox 746 4707 997 4778; x_wconf 85' lang='grc' dir='ltr'>ἐλάλησα,</span> <span class='ocrx_word' id='word_1_748' title='bbox 1028 4705 1176 4773; x_wconf 81' lang='grc' dir='ltr'>λέγει</span> <span class='ocrx_word' id='word_1_749' title='bbox 1213 4703 1431 4774; x_wconf 84' lang='grc' dir='ltr'>Κύριος.</span> <span class='ocrx_word' id='word_1_750' title='bbox 1477 4721 1495 4752; x_wconf 78' lang='grc' dir='ltr'><strong>ι</strong></span> 
     </span>
    </p>
   </div>
   <div class='ocr_carea' id='block_1_97' title="bbox 239 4791 1703 4871">
    <p class='ocr_par' dir='ltr' id='par_1_97' title="bbox 239 4791 1703 4871">
     <span class='ocr_line' id='line_1_97' title="bbox 239 4791 1703 4871; baseline -0.005 -20"><span class='ocrx_word' id='word_1_751' title='bbox 239 4797 421 4855; x_wconf 79' lang='grc' dir='ltr'>Τούτων</span> <span class='ocrx_word' id='word_1_752' title='bbox 432 4802 535 4855; x_wconf 78' lang='grc' dir='ltr'>τῶν</span> <span class='ocrx_word' id='word_1_753' title='bbox 546 4797 639 4854; x_wconf 74' lang='grc' dir='ltr'>οὖν</span> <span class='ocrx_word' id='word_1_754' title='bbox 657 4800 909 4871; x_wconf 74' lang='grc' dir='ltr'>ῥημάτων</span> <span class='ocrx_word' id='word_1_755' title='bbox 919 4796 1289 4867; x_wconf 85' lang='grc' dir='ltr'>δεδειγμένων,</span> <span class='ocrx_word' id='word_1_756' title='bbox 1308 4794 1502 4863; x_wconf 79' lang='grc' dir='ltr'>ἴδωμεν</span> <span class='ocrx_word' id='word_1_757' title='bbox 1518 4791 1574 4844; x_wconf 91' lang='grc' dir='ltr'><strong>λε</strong></span> <span class='ocrx_word' id='word_1_758' title='bbox 1580 4809 1703 4845; x_wconf 88' lang='grc' dir='ltr'>πτο-</span> 
     </span>
    </p>
   </div>
   <div class='ocr_carea' id='block_1_98' title="bbox 243 4979 1447 5050">
    <p class='ocr_par' dir='ltr' id='par_1_98' title="bbox 243 4979 1447 5050">
     <span class='ocr_line' id='line_1_98' title="bbox 243 4979 1447 5050; baseline 0 -15"><span class='ocrx_word' id='word_1_759' title='bbox 243 4979 391 5038; x_wconf 61' lang='grc' dir='ltr'>ηιμ.</span> <span class='ocrx_word' id='word_1_760' title='bbox 414 5000 524 5050; x_wconf 76' lang='grc' dir='ltr'>ιιν,</span> <span class='ocrx_word' id='word_1_761' title='bbox 560 4982 705 5040; x_wconf 70' lang='grc' dir='ltr'>ι-ει.</span> <span class='ocrx_word' id='word_1_762' title='bbox 774 4987 816 5017; x_wconf 75' lang='grc'><strong>’⁷</strong></span> <span class='ocrx_word' id='word_1_763' title='bbox 849 4984 1040 5040; x_wconf 83' lang='lat' dir='ltr'><strong>Ezech.</strong></span> <span class='ocrx_word' id='word_1_764' title='bbox 1067 5000 1256 5048; x_wconf 79' lang='lat' dir='ltr'><strong>xxvrn,</strong></span> <span class='ocrx_word' id='word_1_765' title='bbox 1289 4983 1447 5036; x_wconf 69' lang='grc' dir='ltr'>ε-ιο.</span> 
     </span>
    </p>
   </div>
   <div class='ocr_carea' id='block_1_99' title="bbox 243 5145 1689 5221">
    <p class='ocr_par' dir='ltr' id='par_1_99' title="bbox 243 5145 1689 5221">
     <span class='ocr_line' id='line_1_99' title="bbox 243 5145 1689 5221; baseline -0.006 -12"><span class='ocrx_word' id='word_1_766' title='bbox 243 5145 335 5221; x_wconf 54' lang='grc' dir='ltr'><strong>(βο)</strong></span> <span class='ocrx_word' id='word_1_767' title='bbox 360 5149 423 5202; x_wconf 86' lang='lat' dir='ltr'>T6</span> <span class='ocrx_word' id='word_1_768' title='bbox 452 5150 518 5203; x_wconf 84' lang='grc' dir='ltr'>δὲ</span> <span class='ocrx_word' id='word_1_769' title='bbox 536 5150 978 5221; x_wconf 74' lang='grc' dir='ltr'>κατακάλυμμα.</span> <span class='ocrx_word' id='word_1_770' title='bbox 1006 5150 1133 5221; x_wconf 86' lang='lat' dir='ltr'><strong>Erat</strong></span> <span class='ocrx_word' id='word_1_771' title='bbox 1160 5150 1525 5221; x_wconf 84' lang='grc' dir='ltr'>κατάλειμμα,</span> <span class='ocrx_word' id='word_1_772' title='bbox 1545 5148 1689 5221; x_wconf 67' lang='lat' dir='ltr'><strong>quod</strong></span> 
     </span>
    </p>
   </div>
   <div class='ocr_carea' id='block_1_100' title="bbox 192 5216 1687 5291">
    <p class='ocr_par' dir='ltr' id='par_1_100' title="bbox 192 5216 1687 5291">
     <span class='ocr_line' id='line_1_100' title="bbox 192 5216 1687 5291; baseline 0.006 -24"><span class='ocrx_word' id='word_1_773' title='bbox 192 5216 643 5291; x_wconf 52' lang='lat' dir='ltr'><strong>cadaverrdiquite,</strong></span> <span class='ocrx_word' id='word_1_774' title='bbox 672 5216 1049 5291; x_wconf 56' lang='lat' dir='ltr'><strong>reddi&#39;p&#39;osset.</strong></span> <span class='ocrx_word' id='word_1_775' title='bbox 1084 5220 1187 5274; x_wconf 90' lang='lat' dir='ltr'><strong>Sed</strong></span> <span class='ocrx_word' id='word_1_776' title='bbox 1216 5236 1339 5274; x_wconf 90' lang='lat' dir='ltr'><strong>cum</strong></span> <span class='ocrx_word' id='word_1_777' title='bbox 1372 5216 1451 5274; x_wconf 83' lang='lat' dir='ltr'><strong>sic</strong></span> <span class='ocrx_word' id='word_1_778' title='bbox 1482 5216 1687 5291; x_wconf 47' lang='lat' dir='ltr'><strong>ab:_He-</strong></span> 
     </span>
    </p>
   </div>
   <div class='ocr_carea' id='block_1_101' title="bbox 191 5284 1691 5361">
    <p class='ocr_par' dir='ltr' id='par_1_101' title="bbox 191 5284 1691 5361">
     <span class='ocr_line' id='line_1_101' title="bbox 191 5284 1691 5361; baseline 0.001 -20"><span class='ocrx_word' id='word_1_779' title='bbox 191 5284 597 5361; x_wconf 34' lang='lat' dir='ltr'><strong>hmoAabhot-r&#39;eat</strong></span> <span class='ocrx_word' id='word_1_780' title='bbox 622 5284 675 5346; x_wconf 88' lang='lat' dir='ltr'><strong>et</strong></span> <span class='ocrx_word' id='word_1_781' title='bbox 701 5284 930 5361; x_wconf 76' lang='lat' dir='ltr'><strong>vulgatis</strong></span> <span class='ocrx_word' id='word_1_782' title='bbox 976 5290 1203 5361; x_wconf 76' lang='lat' dir='ltr'><strong>Graecis,</strong></span> <span class='ocrx_word' id='word_1_783' title='bbox 1251 5299 1465 5361; x_wconf 71' lang='lat' dir='ltr'><strong>mutare</strong></span> <span class='ocrx_word' id='word_1_784' title='bbox 1502 5288 1691 5361; x_wconf 84' lang='lat' dir='ltr'><strong>religio</strong></span> 
     </span>
    </p>
   </div>
   <div class='ocr_carea' id='block_1_102' title="bbox 191 5355 1691 5431">
    <p class='ocr_par' dir='ltr' id='par_1_102' title="bbox 191 5355 1691 5431">
     <span class='ocr_line' id='line_1_102' title="bbox 191 5355 1691 5431; baseline 0.003 -24"><span class='ocrx_word' id='word_1_785' title='bbox 191 5355 413 5431; x_wconf 86' lang='lat' dir='ltr'><strong>non__fuit.</strong></span> <span class='ocrx_word' id='word_1_786' title='bbox 444 5359 691 5431; x_wconf 76' lang='lat' dir='ltr'><strong>Ejusdem</strong></span> <span class='ocrx_word' id='word_1_787' title='bbox 716 5355 926 5431; x_wconf 79' lang='lat' dir='ltr'><strong>generis</strong></span> <span class='ocrx_word' id='word_1_788' title='bbox 944 5371 1043 5423; x_wconf 86' lang='lat' dir='ltr'><strong>est,</strong></span> <span class='ocrx_word' id='word_1_789' title='bbox 1068 5360 1209 5430; x_wconf 83' lang='lat' dir='ltr'><strong>quod</strong></span> <span class='ocrx_word' id='word_1_790' title='bbox 1247 5361 1385 5428; x_wconf 89' lang='lat' dir='ltr'><strong>apud</strong></span> <span class='ocrx_word' id='word_1_791' title='bbox 1429 5355 1691 5431; x_wconf 81' lang='lat' dir='ltr'><strong>Cyrillum</strong></span> 
     </span>
    </p>
   </div>
   <div class='ocr_carea' id='block_1_103' title="bbox 192 5426 1692 5501">
    <p class='ocr_par' dir='ltr' id='par_1_103' title="bbox 192 5426 1692 5501">
     <span class='ocr_line' id='line_1_103' title="bbox 192 5426 1692 5501; baseline 0.006 -24"><span class='ocrx_word' id='word_1_792' title='bbox 192 5426 434 5501; x_wconf 68' lang='grc' dir='ltr'>κατάλυμα</span> <span class='ocrx_word' id='word_1_793' title='bbox 450 5426 653 5501; x_wconf 74' lang='lat' dir='ltr'><strong>legitur,</strong></span> <span class='ocrx_word' id='word_1_794' title='bbox 669 5426 819 5501; x_wconf 73' lang='lat' dir='ltr'><strong>quasi</strong></span> <span class='ocrx_word' id='word_1_795' title='bbox 837 5426 1138 5501; x_wconf 64' lang='lat' dir='ltr'><strong>hospitium,</strong></span> <span class='ocrx_word' id='word_1_796' title='bbox 1171 5426 1529 5501; x_wconf 65' lang='grc' dir='ltr'><strong>άοηίὶσὶιίιιῃὶ,⁸</strong></span> <span class='ocrx_word' id='word_1_797' title='bbox 1546 5428 1692 5501; x_wconf 66' lang='grc' dir='ltr'>(ιυρᾲ</span> 
     </span>
    </p>
   </div>
   <div class='ocr_carea' id='block_1_104' title="bbox 192 5498 1691 5572">
    <p class='ocr_par' dir='ltr' id='par_1_104' title="bbox 192 5498 1691 5572">
     <span class='ocr_line' id='line_1_104' title="bbox 192 5498 1691 5572; baseline 0.001 -22"><span class='ocrx_word' id='word_1_798' title='bbox 192 5504 233 5545; x_wconf 80' lang='lat' dir='ltr'><strong>et</strong></span> <span class='ocrx_word' id='word_1_799' title='bbox 269 5498 523 5572; x_wconf 71' lang='lat' dir='ltr'><strong>remotius</strong></span> <span class='ocrx_word' id='word_1_800' title='bbox 526 5517 565 5572; x_wconf 64' lang='grc' dir='ltr'><strong>ε</strong></span> <span class='ocrx_word' id='word_1_801' title='bbox 591 5498 902 5572; x_wconf 79' lang='lat' dir='ltr'><strong>metaphora</strong></span> <span class='ocrx_word' id='word_1_802' title='bbox 930 5498 1032 5556; x_wconf 86' lang='lat' dir='ltr'><strong>est.</strong></span> <span class='ocrx_word' id='word_1_803' title='bbox 1073 5499 1306 5556; x_wconf 73' lang='lat' dir='ltr'><strong>Coussr.</strong></span> <span class='ocrx_word' id='word_1_804' title='bbox 1332 5530 1393 5539; x_wconf 89' lang='lat'>—</span> <span class='ocrx_word' id='word_1_805' title='bbox 1428 5498 1533 5555; x_wconf 89' lang='lat' dir='ltr'><strong>Sed</strong></span> <span class='ocrx_word' id='word_1_806' title='bbox 1558 5498 1691 5554; x_wconf 91' lang='lat' dir='ltr'><strong>nihil</strong></span> 
     </span>
    </p>
   </div>
   <div class='ocr_carea' id='block_1_105' title="bbox 194 5568 730 5625">
    <p class='ocr_par' dir='ltr' id='par_1_105' title="bbox 194 5568 730 5625">
     <span class='ocr_line' id='line_1_105' title="bbox 194 5568 730 5625; baseline 0.017 -12"><span class='ocrx_word' id='word_1_807' title='bbox 194 5568 489 5624; x_wconf 82' lang='lat' dir='ltr'><strong>mutandum.</strong></span> <span class='ocrx_word' id='word_1_808' title='bbox 522 5570 730 5625; x_wconf 71' lang='lat' dir='ltr'><strong>FABRIC.</strong></span> 
     </span>
    </p>
   </div>
   <div class='ocr_carea' id='block_1_106' title="bbox 249 5635 1227 5709">
    <p class='ocr_par' dir='ltr' id='par_1_106' title="bbox 249 5635 1227 5709">
     <span class='ocr_line' id='line_1_106' title="bbox 249 5635 1227 5709; baseline -0.002 -15"><span class='ocrx_word' id='word_1_809' title='bbox 249 5635 341 5708; x_wconf 58' lang='grc' dir='ltr'><strong>(Η)</strong></span> <span class='ocrx_word' id='word_1_810' title='bbox 367 5639 640 5709; x_wconf 78' lang='grc' dir='ltr'>Ἀστρων.</span> <span class='ocrx_word' id='word_1_811' title='bbox 671 5640 938 5705; x_wconf 82' lang='lat' dir='ltr'><strong>Cumbef.,</strong></span> <span class='ocrx_word' id='word_1_812' title='bbox 968 5640 1227 5709; x_wconf 80' lang='grc' dir='ltr'>ἀστέρων.</span> 
     </span>
    </p>
   </div>
   <div class='ocr_carea' id='block_1_107' title="bbox 1791 4416 3349 4493">
    <p class='ocr_par' dir='ltr' id='par_1_107' title="bbox 1791 4416 3349 4493">
     <span class='ocr_line' id='line_1_107' title="bbox 1791 4416 3349 4493; baseline -0.003 -17"><span class='ocrx_word' id='word_1_813' title='bbox 1791 4437 1911 4493; x_wconf 89' lang='lat' dir='ltr'><strong>ego,</strong></span> <span class='ocrx_word' id='word_1_814' title='bbox 1927 4422 1982 4475; x_wconf 89' lang='lat' dir='ltr'><strong>in</strong></span> <span class='ocrx_word' id='word_1_815' title='bbox 2003 4430 2293 4489; x_wconf 85' lang='lat' dir='ltr'><strong>conspectu</strong></span> <span class='ocrx_word' id='word_1_816' title='bbox 2312 4419 2746 4474; x_wconf 83' lang='lat' dir='ltr'><strong>interficientium</strong></span> <span class='ocrx_word' id='word_1_817' title='bbox 2773 4418 2861 4472; x_wconf 86' lang='lat' dir='ltr'><strong>te?</strong></span> <span class='ocrx_word' id='word_1_818' title='bbox 2882 4416 2959 4471; x_wconf 91' lang='lat' dir='ltr'><strong>Tu</strong></span> <span class='ocrx_word' id='word_1_819' title='bbox 2982 4426 3160 4472; x_wconf 85' lang='lat' dir='ltr'><strong>autem</strong></span> <span class='ocrx_word' id='word_1_820' title='bbox 3187 4418 3349 4471; x_wconf 90' lang='lat' dir='ltr'><strong>homo</strong></span> 
     </span>
    </p>
   </div>
   <div class='ocr_carea' id='block_1_108' title="bbox 1792 4509 3351 4579">
    <p class='ocr_par' dir='ltr' id='par_1_108' title="bbox 1792 4509 3351 4579">
     <span class='ocr_line' id='line_1_108' title="bbox 1792 4509 3351 4579; baseline -0.004 -11"><span class='ocrx_word' id='word_1_821' title='bbox 1792 4529 1871 4579; x_wconf 89' lang='lat' dir='ltr'><strong>es,</strong></span> <span class='ocrx_word' id='word_1_822' title='bbox 1905 4521 1958 4567; x_wconf 90' lang='lat' dir='ltr'><strong>et</strong></span> <span class='ocrx_word' id='word_1_823' title='bbox 1987 4528 2095 4567; x_wconf 92' lang='lat' dir='ltr'><strong>non</strong></span> <span class='ocrx_word' id='word_1_824' title='bbox 2137 4512 2299 4575; x_wconf 91' lang='lat' dir='ltr'><strong>Deus,</strong></span> <span class='ocrx_word' id='word_1_825' title='bbox 2338 4512 2392 4564; x_wconf 93' lang='lat' dir='ltr'><strong>in</strong></span> <span class='ocrx_word' id='word_1_826' title='bbox 2424 4526 2586 4564; x_wconf 87' lang='lat' dir='ltr'><strong>manu</strong></span> <span class='ocrx_word' id='word_1_827' title='bbox 2617 4511 3016 4565; x_wconf 82' lang='lat' dir='ltr'><strong>vulnerantium</strong></span> <span class='ocrx_word' id='word_1_828' title='bbox 3051 4518 3121 4565; x_wconf 90' lang='lat' dir='ltr'><strong>te.</strong></span> <span class='ocrx_word' id='word_1_829' title='bbox 3166 4509 3351 4563; x_wconf 83' lang='lat' dir='ltr'><strong>Morti-</strong></span> 
     </span>
    </p>
   </div>
   <div class='ocr_carea' id='block_1_109' title="bbox 1795 4603 3349 4660">
    <p class='ocr_par' dir='ltr' id='par_1_109' title="bbox 1795 4603 3349 4660">
     <span class='ocr_line' id='line_1_109' title="bbox 1795 4603 3349 4660; baseline -0.003 -1"><span class='ocrx_word' id='word_1_830' title='bbox 1795 4605 2426 4660; x_wconf 91' lang='lat' dir='ltr'><strong>busincircumcisorum</strong></span> <span class='ocrx_word' id='word_1_831' title='bbox 2455 4603 2698 4658; x_wconf 87' lang='lat' dir='ltr'><strong>interibis</strong></span> <span class='ocrx_word' id='word_1_832' title='bbox 2758 4604 2812 4657; x_wconf 93' lang='lat' dir='ltr'><strong>in</strong></span> <span class='ocrx_word' id='word_1_833' title='bbox 2865 4604 3117 4658; x_wconf 90' lang='lat' dir='ltr'><strong>manibus</strong></span> <span class='ocrx_word' id='word_1_834' title='bbox 3144 4603 3349 4657; x_wconf 88' lang='lat' dir='ltr'><strong>alieno-</strong></span> 
     </span>
    </p>
   </div>
   <div class='ocr_carea' id='block_1_110' title="bbox 1795 4692 3242 4765">
    <p class='ocr_par' dir='ltr' id='par_1_110' title="bbox 1795 4692 3242 4765">
     <span class='ocr_line' id='line_1_110' title="bbox 1795 4692 3242 4765; baseline -0.005 -15"><span class='ocrx_word' id='word_1_835' title='bbox 1795 4712 1953 4760; x_wconf 88' lang='lat' dir='ltr'><strong>rum;</strong></span> <span class='ocrx_word' id='word_1_836' title='bbox 1982 4696 2106 4765; x_wconf 91' lang='lat' dir='ltr'><strong>quia</strong></span> <span class='ocrx_word' id='word_1_837' title='bbox 2134 4709 2233 4764; x_wconf 81' lang='lat' dir='ltr'><strong>ego</strong></span> <span class='ocrx_word' id='word_1_838' title='bbox 2266 4696 2478 4749; x_wconf 89' lang='lat' dir='ltr'><strong>locutus</strong></span> <span class='ocrx_word' id='word_1_839' title='bbox 2504 4708 2647 4760; x_wconf 91' lang='lat' dir='ltr'><strong>sum,</strong></span> <span class='ocrx_word' id='word_1_840' title='bbox 2675 4693 2805 4749; x_wconf 88' lang='lat' dir='ltr'><strong>dicit</strong></span> <span class='ocrx_word' id='word_1_841' title='bbox 2839 4692 3099 4749; x_wconf 92' lang='lat' dir='ltr'><strong>Dominus</strong></span> <span class='ocrx_word' id='word_1_842' title='bbox 3122 4693 3186 4745; x_wconf 77' lang='grc'><strong>’⁷.</strong></span> <span class='ocrx_word' id='word_1_843' title='bbox 3221 4709 3242 4743; x_wconf 74' lang='grc' dir='ltr'><strong>ι</strong></span> 
     </span>
    </p>
   </div>
   <div class='ocr_carea' id='block_1_111' title="bbox 1866 4783 3351 4859">
    <p class='ocr_par' dir='ltr' id='par_1_111' title="bbox 1866 4783 3351 4859">
     <span class='ocr_line' id='line_1_111' title="bbox 1866 4783 3351 4859; baseline -0.003 -18"><span class='ocrx_word' id='word_1_844' title='bbox 1866 4787 2009 4842; x_wconf 74' lang='lat' dir='ltr'><strong>XIX.</strong></span> <span class='ocrx_word' id='word_1_845' title='bbox 2037 4786 2198 4843; x_wconf 84' lang='lat' dir='ltr'><strong>Hisce</strong></span> <span class='ocrx_word' id='word_1_846' title='bbox 2235 4789 2309 4843; x_wconf 88' lang='lat' dir='ltr'><strong>ita</strong></span> <span class='ocrx_word' id='word_1_847' title='bbox 2348 4787 2584 4843; x_wconf 88' lang='lat' dir='ltr'><strong>ostensis</strong></span> <span class='ocrx_word' id='word_1_848' title='bbox 2616 4787 2815 4853; x_wconf 87' lang='lat' dir='ltr'><strong>verbis,</strong></span> <span class='ocrx_word' id='word_1_849' title='bbox 2872 4783 3150 4859; x_wconf 82' lang='lat' dir='ltr'><strong>videamtis</strong></span> <span class='ocrx_word' id='word_1_850' title='bbox 3179 4784 3351 4839; x_wconf 89' lang='lat' dir='ltr'><strong>subti-</strong></span> 
     </span>
    </p>
   </div>
   <div class='ocr_carea' id='block_1_112' title="bbox 1887 5144 2817 5217">
    <p class='ocr_par' dir='ltr' id='par_1_112' title="bbox 1887 5144 2817 5217">
     <span class='ocr_line' id='line_1_112' title="bbox 1887 5144 2817 5217; baseline -0.005 -16"><span class='ocrx_word' id='word_1_851' title='bbox 1887 5146 1975 5217; x_wconf 71' lang='grc'><strong>42)</strong></span> <span class='ocrx_word' id='word_1_852' title='bbox 2011 5146 2353 5217; x_wconf 77' lang='grc' dir='ltr'>Καταϐήσῃ.</span> <span class='ocrx_word' id='word_1_853' title='bbox 2390 5147 2488 5210; x_wconf 88' lang='lat' dir='ltr'><strong>ld.,</strong></span> <span class='ocrx_word' id='word_1_854' title='bbox 2518 5144 2817 5217; x_wconf 84' lang='grc' dir='ltr'>καταθήσῃ.</span> 
     </span>
    </p>
   </div>
   <div class='ocr_carea' id='block_1_113' title="bbox 1864 5147 3349 5287">
    <p class='ocr_par' dir='ltr' id='par_1_113' title="bbox 1864 5147 3349 5287">
     <span class='ocr_line' id='line_1_113' title="bbox 1887 5147 2817 5217; baseline -0.005 -16"><span class='ocrx_word' id='word_1_855' title='bbox 1887 5147 1955 5201; x_wconf 71' lang='grc'><strong>42</strong></span> <span class='ocrx_word' id='word_1_856' title='bbox 2011 5147 2353 5214; x_wconf 76' lang='grc' dir='ltr'>Καταϐἠσῃ.</span> <span class='ocrx_word' id='word_1_857' title='bbox 2390 5147 2488 5210; x_wconf 88' lang='lat' dir='ltr'><strong>ld.,</strong></span> <span class='ocrx_word' id='word_1_858' title='bbox 2518 5147 2817 5217; x_wconf 84' lang='grc' dir='ltr'>καταθήσῃ.</span> 
     </span>
     <span class='ocr_line' id='line_1_114' title="bbox 1864 5147 3349 5287; baseline -0.005 -18"><span class='ocrx_word' id='word_1_859' title='bbox 1864 5147 1975 5287; x_wconf 29' lang='lat' dir='ltr'><strong>LW);</strong></span> <span class='ocrx_word' id='word_1_860' title='bbox 2017 5216 2335 5287; x_wconf 66' lang='grc' dir='ltr'>Ἐπαιρωγῇ.</span> <span class='ocrx_word' id='word_1_861' title='bbox 2373 5216 2549 5271; x_wconf 80' lang='lat' dir='ltr'><strong>Malim</strong></span> <span class='ocrx_word' id='word_1_862' title='bbox 2578 5216 2868 5283; x_wconf 81' lang='grc' dir='ltr'>ἀπαγωγῇ,</span> <span class='ocrx_word' id='word_1_863' title='bbox 2895 5225 3011 5281; x_wconf 63' lang='lat' dir='ltr'><strong>quae</strong></span> <span class='ocrx_word' id='word_1_864' title='bbox 3042 5209 3147 5264; x_wconf 86' lang='lat' dir='ltr'><strong>alia</strong></span> <span class='ocrx_word' id='word_1_865' title='bbox 3168 5209 3349 5265; x_wconf 86' lang='lat' dir='ltr'><strong>lectio.</strong></span> 
     </span>
    </p>
   </div>
   <div class='ocr_carea' id='block_1_114' title="bbox 1791 5287 3171 5426">
    <p class='ocr_par' dir='ltr' id='par_1_114' title="bbox 1791 5287 3171 5426">
     <span class='ocr_line' id='line_1_115' title="bbox 1791 5287 3171 5426; baseline -0.009 -8"><span class='ocrx_word' id='word_1_866' title='bbox 1791 5287 2264 5426; x_wconf 50' lang='grc' dir='ltr'>ϐοᾶῗῗέίομψός.</span> <span class='ocrx_word' id='word_1_867' title='bbox 2300 5356 2397 5419; x_wconf 91' lang='lat' dir='ltr'><strong>ld.,</strong></span> <span class='ocrx_word' id='word_1_868' title='bbox 2426 5354 2681 5426; x_wconf 76' lang='grc' dir='ltr'>καθαρός.</span> <span class='ocrx_word' id='word_1_869' title='bbox 2714 5384 2783 5396; x_wconf 90' lang='grc'><strong><em>--</em></strong></span> <span class='ocrx_word' id='word_1_870' title='bbox 2817 5350 2906 5426; x_wconf 80' lang='lat' dir='ltr'><strong>Sic</strong></span> <span class='ocrx_word' id='word_1_871' title='bbox 2929 5360 2983 5406; x_wconf 88' lang='lat' dir='ltr'><strong>et</strong></span> <span class='ocrx_word' id='word_1_872' title='bbox 3008 5349 3171 5426; x_wconf 79' lang='lat' dir='ltr'><strong>LX_X.</strong></span> 
     </span>
    </p>
   </div>
   <div class='ocr_carea' id='block_1_115' title="bbox 1864 5360 3352 5506">
    <p class='ocr_par' dir='ltr' id='par_1_115' title="bbox 1864 5360 3352 5506">
     <span class='ocr_line' id='line_1_116' title="bbox 1886 5360 3171 5426; baseline -0.003 -17"><span class='ocrx_word' id='word_1_873' title='bbox 1886 5360 1973 5425; x_wconf 66' lang='grc' dir='ltr'>ιιι)</span> <span class='ocrx_word' id='word_1_874' title='bbox 2000 5360 2264 5426; x_wconf 70' lang='grc' dir='ltr'>Κομψός.</span> <span class='ocrx_word' id='word_1_875' title='bbox 2300 5360 2397 5419; x_wconf 91' lang='lat' dir='ltr'><strong>ld.,</strong></span> <span class='ocrx_word' id='word_1_876' title='bbox 2426 5360 2681 5425; x_wconf 80' lang='grc' dir='ltr'>καθαρός.</span> <span class='ocrx_word' id='word_1_877' title='bbox 2714 5384 2783 5396; x_wconf 90' lang='grc'><strong><em>--</em></strong></span> <span class='ocrx_word' id='word_1_878' title='bbox 2817 5360 2906 5407; x_wconf 81' lang='lat' dir='ltr'><strong>Sic</strong></span> <span class='ocrx_word' id='word_1_879' title='bbox 2929 5360 2983 5406; x_wconf 88' lang='lat' dir='ltr'><strong>et</strong></span> <span class='ocrx_word' id='word_1_880' title='bbox 3008 5360 3171 5405; x_wconf 63' lang='lat' dir='ltr'><strong>LXX.</strong></span> 
     </span>
     <span class='ocr_line' id='line_1_117' title="bbox 1864 5360 3352 5506; baseline -0.001 -27"><span class='ocrx_word' id='word_1_881' title='bbox 1864 5360 2341 5506; x_wconf 41' lang='grc' dir='ltr'><strong>λιψῃῃωωμψ</strong></span> <span class='ocrx_word' id='word_1_882' title='bbox 2388 5423 2631 5480; x_wconf 80' lang='lat' dir='ltr'><strong>Combef.</strong></span> <span class='ocrx_word' id='word_1_883' title='bbox 2679 5422 2935 5493; x_wconf 80' lang='grc' dir='ltr'>ἐμπορίᾳ.</span> <span class='ocrx_word' id='word_1_884' title='bbox 2982 5451 3049 5465; x_wconf 75' lang='grc' dir='ltr'><strong>σ-</strong></span> <span class='ocrx_word' id='word_1_885' title='bbox 3092 5420 3167 5473; x_wconf 83' lang='lat' dir='ltr'><strong>Ita</strong></span> <span class='ocrx_word' id='word_1_886' title='bbox 3218 5436 3352 5491; x_wconf 88' lang='lat' dir='ltr'><strong>quo-</strong></span> 
     </span>
    </p>
   </div>
   <div class='ocr_carea' id='block_1_116' title="bbox 1796 5496 3347 5637">
    <p class='ocr_par' dir='ltr' id='par_1_116' title="bbox 1796 5496 3347 5637">
     <span class='ocr_line' id='line_1_118' title="bbox 1796 5496 3347 5637; baseline -0.006 -15"><span class='ocrx_word' id='word_1_887' title='bbox 1796 5496 2261 5637; x_wconf 50' lang='grc' dir='ltr'><strong>ᾳυῗδέῑχιὲίιμοὺς</strong></span> <span class='ocrx_word' id='word_1_888' title='bbox 2290 5566 2404 5622; x_wconf 76' lang='grc' dir='ltr'>ἀπὸ</span> <span class='ocrx_word' id='word_1_889' title='bbox 2430 5562 2636 5619; x_wconf 76' lang='grc' dir='ltr'><strong>ἐθνῶν.</strong></span> <span class='ocrx_word' id='word_1_890' title='bbox 2676 5559 2777 5627; x_wconf 84' lang='lat' dir='ltr'><strong>ld.,</strong></span> <span class='ocrx_word' id='word_1_891' title='bbox 2804 5561 2991 5632; x_wconf 77' lang='grc' dir='ltr'>λιμοὺς</span> <span class='ocrx_word' id='word_1_892' title='bbox 3030 5560 3135 5613; x_wconf 79' lang='grc' dir='ltr'><strong>τῶν</strong></span> <span class='ocrx_word' id='word_1_893' title='bbox 3164 5559 3347 5614; x_wconf 77' lang='grc' dir='ltr'>ἐθνῶν.</span> 
     </span>
    </p>
   </div>
  </div>
