3860 6200
529 178 634 235 7ιὸ

525 299 633 354 lius
653 298 783 369 quid
811 298 956 355 dicat
975 298 1158 355 Daniel
1185 299 1238 354 in
1267 301 1586 358 visionibus.
1613 300 1713 358 llic
1732 303 1877 358 enim
1898 303 2077 360 futura

525 390 779 460 deinceps
814 406 984 463 regna
1011 392 1370 462 distinguens,
1403 394 1641 449 ostendit
1665 396 1924 451 extremis
1946 406 2080 452 tem-

522 482 746 555 poribus
795 483 958 537 etiam
1007 484 1326 538 Antichristi
1373 482 1619 539 futurum
1667 486 1978 553 adventum,
2027 496 2080 540 et

522 573 709 627 mundi
740 573 980 628 universi
1007 573 1551 629 consummationem.
1578 575 1667 629 Ait
1713 575 1894 644 itaque
1947 577 2075 631 dum

520 664 681 720 solvit
700 662 1253 730 Nabuchodonosaris
1289 665 1504 720 visum:
1534 685 1554 719 ι
1599 666 1680 720 Tu
1709 681 1805 721 rex
1833 667 2073 733 videbas,

518 764 572 810 et
618 770 744 811 ecce
792 756 1142 811 simulacrum
1190 771 1448 827 magnum
1495 766 1647 815 stans
1700 768 1825 814 ante
1877 759 2071 816 faciem

516 857 700 916 tuam;
732 850 890 920 cujus
927 861 1087 921 caput
1117 867 1184 907 ex
1234 866 1369 906 auro
1416 853 1653 923 optimo:
1701 853 1924 910 brachia
1953 856 2073 925 ejus

514 950 569 996 et
595 940 827 1004 humeri,
858 953 1147 1010 argentea;
1196 949 1385 998 venter
1415 952 1471 997 et
1523 941 1752 1000 femora.
1800 959 1979 1007 terea;
2019 955 2072 999 et

514 1032 657 1087 tibiae
681 1031 896 1099 ferreze;
956 1035 1139 1103 pedes,
1192 1050 1321 1105 pars
1380 1035 1600 1105 quidem
1631 1036 1826 1103 ferrea,
1870 1046 1925 1091 et
1946 1052 2070 1107 pars

512 1130 701 1177 testea.
732 1121 964 1178 Videhas
1008 1123 1192 1195 igitur,
1220 1126 1392 1181 donec
1419 1126 1697 1181 abscissus
1732 1137 1814 1182 est
1844 1128 1979 1197 lapis
2001 1129 2069 1184 de

510 1224 696 1269 monte
721 1216 839 1270 sine
865 1217 1148 1271 manilius:
1202 1226 1257 1273 et
1287 1219 1556 1286 percussit
1601 1219 1952 1273 simulacrum
1975 1234 2069 1273 su-

509 1318 605 1372 per
633 1305 795 1373 pedes
827 1304 1031 1361 ferreos
1078 1316 1132 1361 et
1160 1315 1383 1372 testeos,
1417 1317 1473 1362 et
1516 1308 1839 1364 comminuit
1875 1322 1971 1363 eos
2011 1309 2063 1362 in

507 1395 689 1449 linem.
722 1394 874 1451 Tunc
892 1398 1105 1466 penitus
1124 1398 1460 1452 comminuta
1491 1407 1620 1452 sunt
1640 1407 1802 1461 testa,
1836 1398 2063 1465 ferrum,

504 1502 597 1551 aes,
638 1498 939 1556 argentum,
968 1502 1186 1553 aurum,
1220 1495 1275 1542 et
1301 1487 1444 1544 facta
1465 1498 1591 1545 sunt
1610 1489 1767 1559 quasi
1791 1489 1968 1559 pulvis
1995 1489 2063 1544 de

502 1591 628 1631 area
658 1577 870 1641 aestiva;
910 1586 965 1631 et
989 1578 1209 1632 sustulit
1252 1592 1317 1633 ea
1342 1579 1595 1647 copiosus
1622 1590 1836 1647 ventus,
1881 1588 1935 1635 et
1974 1580 2059 1636 la-

500 1685 599 1726 cus
639 1686 747 1725 non
780 1677 862 1725 est
892 1669 1142 1725 inventus
1171 1670 1270 1727 eis.
1295 1670 1364 1726 Et
1399 1673 1537 1742 lapis
1563 1673 1655 1742 qui
1699 1671 1967 1743 percussit
1987 1672 2062 1728 si-

503 1765 825 1831 mulacrum,
857 1764 1033 1820 factus
1055 1773 1139 1820 est
1182 1765 1238 1819 in
1287 1776 1525 1821 montem
1559 1780 1837 1836 magnum.
1867 1773 1921 1820 et
1948 1766 2055 1820 im-

500 1859 663 1928 plevit
691 1860 999 1915 universam
1027 1869 1222 1914 terram
1249 1859 1312 1912 ".
1352 1875 1374 1911 ι

569 2037 688 2092 XX.
717 2037 799 2092 Ad
853 2037 966 2091 haec
1007 2036 1172 2107 igitur
1202 2043 1476 2090 nectentes
1529 2036 1675 2106 ipsas
1715 2033 1952 2090 Danielis
1972 2035 2053 2089 vi—

497 2131 699 2195 siones,
724 2143 888 2183 unam
937 2129 1182 2197 utrisque
1223 2126 1614 2195 expositionem
1653 2127 2050 2195 adhibebimus,

494 2229 862 2277 monstrantes
891 2235 1055 2290 quam
1103 2220 1205 2277 sibi
1240 2220 1604 2283 consentiant,
1635 2234 1880 2290 veraeque
1908 2219 2054 2276 exsi-

492 2322 659 2369 stant.
688 2309 824 2366 Nam
858 2313 939 2366 sic
988 2311 1100 2365 ait:
1154 2329 1175 2363 ι
1210 2309 1322 2381 Ego
1373 2309 1560 2366 Daniel
1607 2310 1966 2380 aspiciebam:
1998 2319 2054 2367 et

491 2420 617 2462 ecce
651 2416 887 2476 quatuor
936 2404 1081 2459 venti
1126 2403 1250 2459 coeli
1292 2403 1571 2460 irruebant
1630 2404 1685 2458 in
1730 2418 1878 2458 mare
1930 2417 2049 2457 ma-

489 2511 691 2568 gnum;
738 2505 790 2551 et
817 2504 1050 2566 quatuor
1075 2495 1262 2550 bestiae
1300 2495 1531 2561 grandes
1582 2494 1945 2550 ascendebant
1982 2494 2050 2548 de

489 2589 650 2657 mari,
683 2590 910 2646 diversa:
938 2589 1078 2644 inter
1107 2602 1185 2643 se.
1213 2586 1394 2642 Prima
1442 2588 1599 2658 quasi
1640 2587 1828 2653 leaena,
1863 2594 1917 2640 et
1949 2585 2049 2641 alae

487 2681 607 2752 ejus
632 2682 772 2736 sicut
797 2681 1009 2751 aquilae.
1063 2679 1407 2749 Aspicieham
1460 2678 1633 2733 donec
1675 2678 1873 2733 evulsa:
1922 2661 2048 2732 suht

486 2773 588 2828 ala:
606 2772 756 2842 ejus:
790 2782 846 2829 et
894 2772 1106 2827 sublata
1162 2779 1245 2826 est
1272 2771 1338 2825 dc
1372 2778 1547 2838 terra;
1580 2779 1636 2825 ct
1682 2785 1844 2839 super
1886 2769 2048 2839 pedes

487 2866 725 2922 hominis
754 2866 925 2932 stetit,
953 2873 1008 2919 et
1045 2880 1140 2920 cor
1169 2863 1405 2918 hominis
1434 2863 1617 2918 datum
1641 2872 1724 2919 est
1762 2865 1832 2918 ei.
1869 2862 1935 2917 Et
1962 2879 2048 2917 se-

484 2960 660 3017 cunda
694 2958 863 3014 bestia
892 2957 1087 3013 similis
1118 2971 1270 3022 urso,
1301 2964 1355 3010 et
1386 2955 1439 3008 in
1471 2965 1623 3024 parte
1648 2971 1754 3009 una
1776 2955 1959 3020 stetit;
1991 2962 2044 3007 et

484 3059 594 3106 tres
617 3058 781 3105 costae
806 3049 859 3102 in
885 3063 981 3103 ore
1009 3048 1127 3116 ejus
1160 3047 1300 3101 inter
1333 3047 1523 3101 dentes
1552 3047 1699 3115 ejus;
1731 3054 1786 3102 et
1837 3046 1917 3100 sic
1954 3045 2039 3099 di-

483 3142 675 3198 cebaut
706 3141 787 3196 ei:
830 3140 1021 3208 Surge,
1058 3138 1280 3193 comede
1302 3152 1496 3192 carnes
1548 3137 1767 3191 multas.
1793 3135 2040 3205 Aspicie-

481 3235 628 3299 bam,
653 3242 711 3288 et
740 3247 867 3288 ecce
893 3230 1064 3287 bestia
1088 3229 1246 3297 quasi
1276 3229 1507 3299 pardus:
1547 3237 1600 3281 et
1625 3228 1755 3283 huic
1778 3228 1878 3282 ala:
1902 3242 2039 3298 qua-

479 3332 605 3377 tuor
628 3321 864 3376 volucris
887 3335 1050 3390 super
1086 3334 1228 3384 eam,
1257 3327 1312 3374 et
1352 3327 1585 3388 quatuor
1615 3318 1792 3387 capita
1828 3318 2033 3373 hestiaa.

478 3412 609 3469 Post
643 3414 783 3468 hanc
816 3414 1168 3482 aspiciebam,
1211 3420 1264 3467 et
1288 3426 1415 3465 ecce
1440 3411 1609 3465 bestia
1651 3420 1842 3480 quarta
1874 3411 2034 3464 terri-

476 3507 602 3562 bilis
629 3521 693 3563 ac
711 3506 995 3575 stupenda,
1018 3513 1071 3559 et
1094 3503 1250 3559 fortis
1276 3504 1473 3569 nimis;
1499 3504 1687 3558 dentes
1710 3503 1829 3572 ejus
1850 3501 2031 3567 ferrei,

477 3608 531 3652 ct
562 3612 769 3668 ungues
792 3598 909 3667 ejus
930 3597 1083 3660 mnei,
1109 3595 1399 3650 comedens
1443 3603 1497 3648 et
1541 3595 1935 3659 comminuens,
1979 3602 2034 3648 et

473 3694 679 3762 reliqua
714 3691 940 3763 pedibus
974 3691 1088 3745 suis
1122 3689 1513 3754 conculcabat;
1557 3701 1613 3743 et
1659 3689 1774 3760 ipsa
1816 3688 2031 3744 diversa

472 3784 636 3839 nimis
658 3798 767 3853 pra:
795 3782 1048 3838 omnibus
1071 3782 1282 3847 bestiis,
1308 3796 1430 3850 quae
1466 3791 1589 3834 ante
1624 3794 1781 3847 eam;
1833 3787 1886 3833 et
1910 3779 2031 3849 ejus

472 3890 678 3930 cornua
699 3874 905 3929 decem.
935 3872 1365 3928 Considerabam
1395 3888 1601 3928 cornua
1641 3872 1760 3942 ejus
1778 3911 1795 3936 ,
1824 3880 1878 3926 et
1904 3886 2030 3927 ecce

470 3983 641 4022 cornu
665 3967 811 4044 aliud
843 3981 1066 4036 parvum
1097 3965 1340 4020 ascendit
1370 3966 1425 4019 in
1480 3963 1656 4019 medio
1705 3978 1892 4019 eorum
1918 3980 1932 4026 ;
1976 3976 2030 4017 et

469 4063 572 4117 tria
596 4077 800 4118 cornua
823 4077 890 4117 ex
911 4060 1285 4131 superioribus
1308 4058 1491 4113 evulsa
1520 4065 1646 4112 sunt
1666 4073 1697 4112 e
1718 4056 1854 4112 facie
1886 4058 2022 4126 ejus.

466 4153 535 4209 Et
569 4168 695 4210 ecce
725 4153 891 4218 oculi,
930 4153 1087 4224 quasi
1145 4151 1290 4208 oculi
1319 4150 1558 4205 hominis
1588 4149 1641 4203 in
1685 4164 1856 4205 cornu
1911 4151 2022 4217 illo,

465 4258 520 4303 et
550 4265 616 4305 as
648 4249 883 4320 loquens
917 4246 1143 4317 grandia
1167 4245 1211 4276 ²⁹

548 4443 567 4474 ‹
608 4422 750 4478 XXI.
788 4441 807 4475 ι
842 4423 1182 4492 Aspicieham
1214 4421 1385 4478 donec
1408 4422 1587 4478 throni
1617 4421 1780 4491 positi
1816 4431 2016 4478 suntet

462 4515 734 4584 Antiquus
767 4515 975 4570 dierum
1009 4515 1164 4569 sedit.
1190 4513 1255 4568 Et
1283 4514 1660 4569 vestimentum
1687 4513 1806 4583 ejus
1829 4514 2016 4568 candi-

460 4606 591 4660 dum
614 4605 772 4675 quasi
808 4605 921 4669 nix,
953 4614 1007 4659 ct
1032 4604 1260 4674 capillus
1294 4603 1486 4672 capitis
1512 4602 1630 4671 ejus
1677 4602 1834 4672 quasi
1889 4602 2013 4656 lana

462 4696 697 4755 munda..
726 4696 979 4751 Thronus
1030 4698 1148 4765 ejus
1190 4695 1404 4750 ﬂamma
1460 4696 1620 4766 ignis.
1658 4704 1710 4750 et
1740 4704 1872 4750 rotae
1897 4695 2015 4764 ejus

527 4822 572 4855 ³⁸
606 4810 755 4875 Dan:
783 4837 844 4881 ll,
877 4818 1062 4877 51-35.
1138 4822 1184 4852 ’⁸
1212 4819 1344 4873 Dan.
1376 4835 1471 4884 vn,
1497 4818 1606 4873 2-8.

527 4963 637 5049 (4'7)
662 4961 1072 5029 Ἐπέδειξενὲν
1086 4962 1380 5033 ἐσχάτοις.
1407 4963 1505 5027 ld.,
1521 4961 1797 5029 ἀπέδειξεν
1817 4966 1876 5017 ἐν
1905 4966 2014 5028 τοῖς

456 5035 1051 5174 βασιλεῦ.
1096 5101 1306 5157 Citatur
1332 5104 1426 5157 hic’
1458 5103 1606 5159 locus
1632 5103 1687 5157 in
1712 5120 1812 5159 ms.
1857 5112 2009 5158 vetu-

456 5172 699 5229 stissima
727 5174 857 5230 bibl.
885 5172 1348 5243 Mediceae,inquo
1375 5174 1576 5228 Catena
1609 5175 1675 5228 ad
1702 5190 1753 5228 iv
1782 5175 2012 5243 prophe-

458 5253 541 5297 tas
566 5246 821 5313 majores.
848 5243 982 5300 (ἔοι).

527 5309 771 5382 (49)”Εν
793 5314 875 5381 τῷ
897 5315 1145 5383 στόματι
1175 5309 1383 5379 αὐτῆς.
1407 5313 1590 5383 ίΑιιόὶι
1626 5312 2005 5373 Combelisius.

454 5382 721 5456 ἀναμέσον
746 5384 853 5438 τῶν
875 5382 1098 5440 ὀδόντων
1127 5382 1429 5456 αὐτῆς,νκαὶ
1456 5382 1630 5449 οὕτως
1650 5384 1831 5453 ἔλεγον
1854 5385 2009 5456 αὐτῇ·

455 5451 780 5585 {mimae
823 5456 960 5525 φάγε
981 5457 1186 5525 σάρκας
1224 5451 1437 5518 πολλάς.
1473 5456 1629 5520 Quod
1652 5451 1883 5510 reddidit
1927 5451 2011 5510 iti-

527 5590 636 5661 (50)
662 5594 769 5648 Kal
807 5599 862 5650 al
893 5597 1107 5666 ὄνυχες
1131 5597 1317 5652 αὐτοῦ
1347 5596 1578 5666 χαλκοῖ.
1613 5595 1825 5668 Reliqui
1859 5597 2005 5655 desi~

1181 177 1239 236 S.
1278 178 1632 236 HlPPOLYTl
1670 177 1821 236 OPP.
1864 182 2047 239 PARS
2102 184 2243 240 IL—
2280 184 2584 243 DOGMAT.
2625 187 2714 243 ET
2752 186 3094 248 HISTORIC.

3579 205 3662 262 τις

2108 315 2153 369 Α
2183 306 2506 379 μερέστερον
2537 309 2591 360 τί
2617 307 2763 377 λέγει
2789 308 2989 380 Δανιὴλ
3025 311 3081 363 ἐν
3120 313 3226 375 τοῖς
3255 312 3513 386 δράμασιν.
3537 314 3666 383 Οὗτος

2180 395 2290 465 γὰρ
2320 396 2638 451 διαστέλλων
2665 397 2763 463 τὰς
2793 399 2931 470 μετά
2954 399 3122 453 ταῦτα
3147 404 3391 473 ἐσομένας
3426 404 3667 475 βασιλείας,

2176 486 2445 552 ἐπέδειξεν
2473 490 2533 545 ἐν
2562 489 2810 559 ἐσχάτοις
2844 490 2959 561 (47)
2987 495 3192 563 καιροῖς
3221 495 3310 546 καὶ
3355 495 3441 565 τὴν
3468 496 3547 550 τοῦ
3578 498 3670 552 Ἀν-

2173 577 2446 649 τιχρίστου
2475 579 2792 647 παρουσίαν,
2824 581 2918 633 καὶ
2943 579 3035 650 τὴν
3064 580 3156 633 τοῦ
3190 582 3375 646 παντὸς
3388 585 3562 654 κόσμου
3578 604 3671 640 σνν-

2174 668 2405 721 τέλειαν.
2450 669 2611 738 Λέγει
2648 665 2739 723 οὖν
2765 669 2997 724 ἐπιλύων
3028 672 3086 724 τὸ
3122 673 3296 742 ὅραμα
3342 674 3672 746 Ναϐουχοδονό-

2175 776 2271 830 σορ
2291 776 2304 789 ⁸
2348 779 2366 812 t
2402 761 2473 813 Σὺ
2505 760 2721 831 βασιλεῦ
2746 761 2857 832 (48)
2892 761 3162 834 ἐθεώρεις,
3193 765 3281 816 καὶ
3316 765 3414 817 ἰδοὺ
3437 767 3573 820 εἰκὼν
3596 787 3670 839 με-

2172 849 2310 921 γάλη
2339 850 2549 904 ἑστῶσα
2577 850 2682 922 πρὸ
2714 851 3000 922 προσώπου
3027 869 3118 905 σου
3137 867 3151 882 ⁸
3214 849 3279 924 ἧς
3307 856 3338 924 η
3365 855 3548 924 κεφαλὴ
3568 876 3673 929 χρυ.

2172 941 2285 994 σίου
2334 942 2595 1014 χρηστοῦ·
2652 944 2701 996 οἰ
2753 943 3028 1015 βραχίονες
3072 944 3241 1013 αὐτῆς
3272 985 3286 1008 ,
3341 947 3427 999 καὶ
3474 949 3518 1000 οἱ
3560 944 3674 1019 ὦμοι

2169 1032 2401 1105 ἀργυροῖ
2422 1051 2433 1063 ⁸
2461 1036 2493 1105 ἡ
2524 1034 2699 1087 κοιλία
2724 1036 2817 1089 καὶ
2836 1038 2883 1088 οἱ
2917 1037 3080 1107 μηροὶ
3109 1036 3416 1107 χαλκοῖσκαὶ
3437 1042 3484 1092 αἱ
3508 1043 3673 1113 κνῆμαι

2171 1124 2412 1195 σιδηραῖ*
2442 1127 2488 1178 οἱ
2522 1126 2700 1189 πόδες,
2738 1127 2901 1198 μέρος
2955 1129 3055 1197 μέν
3087 1146 3170 1182 τοι
3217 1129 3474 1200 σιδηροῦν,
3495 1134 3575 1185 καὶ
3595 1135 3673 1203 μέν

2167 1230 2259 1284 ρος
2286 1214 2617 1285 ὀστράκινον.
2662 1216 2942 1289 Ἕθεώρεις
2965 1215 3057 1272 οὖν
3099 1219 3203 1282 ἕως
3232 1212 3291 1271 οὗ
3326 1220 3529 1292 ἐσχίσθη
3557 1221 3673 1288 λίθος

2165 1304 2289 1357 ἄνευ
2323 1305 2542 1376 χειρῶν,
2575 1308 2669 1360 καὶ
2689 1306 2920 1372 ἐπάταξε
2954 1308 3055 1380 τὴν
3081 1309 3261 1361 εἰκόνα
3303 1311 3519 1373 ἐπίτοῦς
3537 1312 3668 1376 πόδας

2163 1394 2286 1455 τοὺς
2318 1394 2566 1465 σιδηροῦς
2587 1397 2680 1448 καὶ
2702 1397 3073 1466 ὀστρακίνους,
3105 1400 3199 1450 καὶ
3224 1399 3489 1451 ἐλέπτυνεν
3511 1401 3671 1466 αὐτοὺς

2163 1484 2245 1545 είς
2281 1484 2431 1547 τέλος
2452 1525 2465 1538 .
2498 1486 2629 1538 Τότε
2660 1486 3061 1560 ἐλεπτύνθησαν
3100 1488 3325 1556 εἰσάπαξ
3353 1490 3409 1543 τὸ
3432 1489 3671 1562 ὄστρακον,

2159 1576 2189 1627 6
2216 1574 2447 1647 σίδηρος,
2475 1578 2504 1630 6
2550 1576 2767 1647 χαλκὸς,
2802 1580 2831 1632 6
2860 1579 3121 1651 ἄργυρος,
3155 1581 3184 1632 ὁ
3220 1581 3428 1652 χρυσὸς,
3458 1583 3539 1635 καί
3577 1582 3672 1651 ἐγέ-

2091 1673 2133 1728 B
2161 1659 2311 1718 νοντο
2330 1666 2460 1720 ὡσεὶ
2488 1668 2760 1739 κονιορτὸς
2795 1668 2901 1721 ἀπὸ
2933 1670 3140 1733 ἅλωνος
3153 1670 3381 1741 θερινῆς,
3416 1673 3498 1724 καὶ
3516 1674 3669 1743 ἐξῇρεν

2154 1756 2293 1810 αὑτά
2322 1757 2383 1810 τὸ
2411 1758 2609 1829 πλῆθος
2661 1760 2756 1813 τοῦ
2786 1760 3120 1831 πνεύματος,
3149 1763 3241 1814 καὶ
3288 1763 3442 1826 τόπος
3485 1764 3568 1834 οὐχ
3600 1766 3670 1816 εὖ·

2156 1847 2290 1917 ρέθη
2337 1850 2394 1901 ἐν
2428 1852 2638 1914 αὐτοῖς’
2674 1854 2767 1905 καὶ
2794 1855 2823 1905 6
2859 1851 3002 1916 λίθος
3024 1854 3055 1904 ὁ
3105 1853 3344 1917 πατάξας
3377 1855 3467 1926 τὴν
3504 1858 3667 1923 εἰκόνα,

2153 1939 2381 2010 ἐγενήθη
2400 1942 2477 2004 εἰς
2499 1941 2619 2013 ὅρος
2638 1942 2800 2013 μέγα,
2817 1944 2908 1997 καὶ
2942 1944 3225 2016 ἐπλήρωσε
3246 1946 3512 2017 πᾶσαντὴν
3530 1948 3665 2017 ι

2209 2035 2546 2103 Συνάψαντες
2559 2032 2648 2089 οὖν
2665 2036 2799 2109 πρὸς
2813 2038 3019 2101 τούτοις
3034 2039 3240 2103 καὶτὰς
3252 2040 3403 2093 αὐτοῦ
3416 2041 3498 2095 τοῦ
3511 2042 3667 2114 Δανιὴλ

2150 2121 2388 2193 ὁράσεις,
2422 2123 2550 2194 μίαν
2592 2125 2917 2196 ἀμφοτέροις
2951 2126 3048 2197 τὴν
3085 2128 3328 2198 διήγησιν
3362 2131 3664 2199 ποιησόμεθα.

2151 2213 2543 2279 ἐπιδεικνύντες
2555 2217 2701 2280 ὅπως
2722 2218 2806 2287 εἴη
2825 2217 3092 2288 σύμφωνα
3113 2219 3206 2272 καὶ
3227 2220 3410 2291 ἀληθῆ.
3436 2220 3665 2290 Λέγειγάρ

2148 2305 2337 2370 οὕτως·
2367 2305 2506 2374 Ἐγὼ
2520 2308 2715 2380 Δανιὴλ
2730 2309 3014 2380 ἐθεώρουν,
3032 2312 3132 2365 καὶ
3152 2311 3255 2364 ἰδοὺ
3267 2314 3313 2364 οἱ
3327 2314 3560 2382 τέσσαρες
3570 2312 3664 2364 ἄνε-

2151 2413 2239 2467 μοι
2268 2395 2361 2449 τοῦ
2375 2397 2600 2469 οὐρανοῦ
2624 2398 2951 2470 προσέϐαλον
2980 2403 3063 2464 εἰς
3078 2401 3175 2472 τὴν
3205 2400 3460 2455 θάλασσαν
3484 2402 3567 2473 τὴν
3587 2398 3679 2470 με..

2147 2487 2315 2558 γάλην
2339 2505 2352 2518 ’
2383 2489 2478 2542 καὶ
2503 2489 2746 2562 τέσσαρα
2781 2490 2942 2564 θηρία
2977 2493 3193 2563 μεγάλα
3224 2492 3485 2547 ἀνέϐαινον
3510 2493 3565 2545 ἐκ
3585 2492 3661 2561 τῆς

2147 2577 2437 2650 θαλάσσης,
2467 2578 2787 2651 διαφέροντα
2813 2582 3082 2653 ἀλλήλων.
3113 2584 3186 2637 Τὸ
3210 2584 3431 2655 πρῶτον,
3458 2583 3570 2636 ὡσεὶ
3590 2583 3659 2637 λέ-

2145 2686 2289 2730 αινα,
2313 2669 2405 2732 καὶ
2436 2670 2611 2743 πτερὰ
2636 2672 2771 2744 αὐτῇ
2808 2672 2882 2736 ὡς
2910 2674 3098 2729 ἀετοῦ.
3139 2676 3422 2748 Ἐθεώρουν
3450 2676 3542 2742 ἐως
3568 2675 3659 2739 ἐξε-

2144 2759 2263 2831 τίλη
2295 2761 2365 2815 τὰ
2394 2762 2566 2833 πτερά
2593 2762 2781 2834 αὐτῆς,
2809 2765 2902 2818 καὶ
2958 2766 3172 2839 ἐξήρθη
3214 2768 3317 2821 ἀπὸ
3343 2762 3432 2838 τῆς
3459 2769 3566 2838 γῆς,
3592 2767 3664 2821 καὶ

2145 2852 2237 2905 ἐπὶ
2266 2852 2440 2906 ποδῶν
2470 2852 2756 2926 ἀνθρώπου
2808 2857 3028 2930 ἐστάθη,
3058 2860 3168 2912 καὶ
3213 2861 3397 2933 καρδία
3426 2860 3661 2933 ἀνθρώπου

2146 2940 2297 3012 ἐδόθη
2326 2943 2480 3013 αὐτῇ.
2505 2945 2613 2998 Καὶ
2636 2945 2745 2998 ἰδοὺ
2810 2947 2994 3020 θηρίον
3032 2949 3290 3022 δεύτερον
3330 2952 3495 3022 ὅμοιον
3524 2953 3659 3020 ἄρκῳ,

2068 3014 2109 3071 (ἶ
2143 3033 2238 3087 καὶ
2266 3036 2343 3097 εἰς
2377 3035 2538 3105 μέρος
2574 3036 2773 3107 ἐστάθη
2804 3014 3000 3102 ἒνζκαὶ
3017 3042 3157 3112 τρία
3189 3014 3384 3112 πλευρά
3407 3045 3459 3097 ἐν
3484 3014 3660 3114 τῷστό·

2144 3139 2273 3193 ματι
2305 3124 2475 3194 αὐτῆς
2531 3124 2663 3194 (49).
2711 3126 3025 3200 Ἐθεώρουν,
3075 3133 3181 3186 καὶ
3215 3134 3318 3188 ἰδοὺ
3367 3133 3532 3205 θηρίον
3556 3130 3659 3185 ὡσεὶ

2140 3212 2420 3284 πάρδαλις,
2440 3214 2533 3268 καὶ
2552 3216 2687 3288 αὐτῇ
2719 3220 2893 3292 πτερά
2912 3221 3159 3295 τέσσαρα
3200 3225 3430 3279 πετεινοῦ
3451 3224 3657 3296 ὑπεράνω

2137 3304 2324 3376 αὐτῆς,
2341 3307 2434 3359 καὶ
2455 3307 2715 3382 τέσσαρες
2737 3311 2970 3380 κεφαλαὶ
2990 3314 3065 3386 τῷ
3088 3316 3285 3388 Θηρίῳ.
3307 3317 3489 3371 Ὀπίσω
3509 3316 3654 3370 τούτου

2138 3397 2426 3469 ἐθεώρουν,
2449 3402 2543 3455 καὶ
2561 3402 2667 3456 ίδοὺ
2692 3404 2872 3477 θηρίον
2896 3407 3159 3479 τέταρτον
3176 3410 3393 3482 φοϐερὸν
3405 3411 3486 3464 mi
3499 3408 3657 3478 ἐκθαμο

2135 3488 2228 3543 θον
2261 3492 2354 3545 καὶ
2385 3493 2601 3569 ἰσχυρὸν
2642 3498 2917 3570 περισσῶς
2942 3516 2954 3529 ·
2991 3503 3039 3553 οί
3068 3503 3286 3567 ὀδόντες
3317 3505 3467 3558 αὑτοῦ
3488 3504 3655 3573 σιδηροῖ

2137 3577 2250 3651 [καὶ
2268 3582 2316 3633 οἱ
2337 3581 2522 3653 ὄνυχες
2544 3586 2706 3640 αὑτοῦ
2732 3587 2920 3658 χαλκοῖ
2933 3589 3089 3662 (50)],
3119 3594 3297 3649 ἐσθίον
3312 3595 3399 3647 καὶ
3419 3593 3651 3658 λεπτόνον,

2132 3671 2224 3723 καὶ
2272 3671 2341 3724 τὰ
2380 3674 2633 3729 ἐπίλοιπα
2674 3681 2786 3742 τοῖς
2815 3682 2972 3734 ποσὶν
3018 3684 3189 3738 αὑτοῦ
3247 3687 3539 3740 συνεπὰτει·
3580 3685 3651 3737 καὶ

2130 3760 2261 3813 αὐτὸ
2280 3761 2551 3836 διαφόρως
2577 3766 2699 3838 ἕχον
2725 3770 2875 3842 παρά
2907 3773 3083 3827 πάντα
3115 3776 3185 3829 τὰ
3212 3778 3370 3850 θηρία
3390 3778 3452 3831 τὰ
3483 3777 3650 3848 ἔμπρο-

2133 3851 2256 3906 σθεν
2281 3855 2466 3923 αὑτοῦ,
2501 3858 2594 3912 καὶ
2623 3860 2827 3931 κέρατα
2867 3864 2999 3918 δέκα
3020 3866 3192 3938 αὐτῷ.
3229 3869 3537 3940 Προσενόουν
3565 3868 3650 3927 τοῖς

2130 3941 2351 4012 κέρασιν
2377 3946 2561 4011 αὐτοῦ,
2592 3948 2685 4001 καὶ
2737 3950 2844 4004 ίδοὺ
2875 3951 3042 4024 κέρας
3085 3955 3273 4027 ἕτερον
3315 3958 3494 4027 μικρὸν
3518 3954 3648 4023 ἀνέθη

2128 4029 2186 4080 ἐν
2220 4029 2367 4101 μέσῳ
2399 4033 2596 4099 αὐτῶν,
2629 4036 2722 4090 καὶ
2749 4040 2876 4111 τρία
2903 4042 3113 4113 κέρατα
3133 4047 3242 4098 τῶν
3264 4046 3547 4118 ἔμπροσθεν
3574 4046 3649 4097 αὐ·

2125 4120 2218 4172 τοῦ
2270 4122 2600 4196 ἐξεῤῥιξώθη
2652 4129 2759 4183 ἀπὸ
2821 4134 3115 4203 προσώπου
3178 4139 3337 4192 αὐτοῦ
3368 4158 3379 4170 ·
3431 4139 3516 4193 καὶ
3562 4138 3646 4191 ἰδοὺ

2125 4211 2389 4284 ὀφθαλμοὶ
2434 4217 2565 4270 (bo-al.
2600 4221 2884 4293 ἀνθρώπου
2931 4227 2989 4279 ἐν
3038 4227 3116 4298 τῷ
3168 4231 3352 4302 κέρατι
3393 4230 3548 4301 τούτῳ
3575 4228 3646 4282 καὶ

2054 4348 2095 4402 D
2127 4302 2296 4373 στόμα
2320 4304 2509 4361 λαλοῦν
2544 4311 2775 4381 μεγάλα.

2196 4436 2214 4467 ι
2256 4418 2545 4493 Ἐθεώρουν
2572 4425 2675 4489 ἕως
2702 4421 2762 4479 οὖ
2784 4427 2958 4499 θρόνοι
2977 4432 3260 4506 ἐτέθησαν,
3294 4436 3385 4489 καὶ
3407 4433 3644 4495 ὁῐῐαλαιὺς
3718 4432 3733 4454 ’

2119 4511 2226 4563 τῶν
2267 4514 2488 4586 ἡμερῶν
2516 4517 2753 4590 ἐκάθητο
2776 4540 2788 4552 '
2831 4526 2925 4578 καὶ
2950 4526 3011 4578 τὸ
3043 4525 3249 4599 ἔνδυμα
3293 4528 3452 4583 αὐτοῦ
3480 4526 3639 4580 λευκὸν

2117 4603 2252 4657 ὡσεὶ
2271 4604 2425 4675 χιὼν,
2454 4610 2548 4663 καὶ
2577 4613 2610 4682 ἠ
2640 4612 2763 4684 θρὶξ
2795 4616 2892 4686 τῆς
2920 4620 3163 4690 κεφαλῆς
3189 4623 3350 4677 αὑτοῦ
3381 4623 3504 4674 ὡσεὶ
3525 4620 3642 4690 ἔριον

2120 4697 2376 4773 καθαρόνσ
2398 4704 2427 4755 6
2455 4703 2642 4775 θρόνος
2663 4708 2824 4762 αὐτοῦ
2862 4710 2993 4779 φλὸξ
3013 4715 3204 4785 πυρὸς,
3232 4719 3280 4770 οἱ
3309 4716 3480 4787 τροχοὶ
3505 4712 3638 4768 αὑτοῦ

2110 4952 2318 5036 derant,
2350 4955 2509 5038 etiam
2540 4956 2727 5038 ΗΘΜ-,ξ
2744 4959 2990 5038 inferius
3014 4972 3211 5029 tamen,
3239 4965 3293 5022 in
3321 4968 3633 5038 explicatione

2110 5026 2334 5108 risionis
2369 5026 2528 5097 (Dan.
2560 5044 2665 5108 vit,
2705 5031 2816 5099 19),
2857 5032 2911 5108 in
2951 5033 3138 5108 ϐιαιοο
3170 5026 3446 5100 habentur,
3475 5038 3633 5108 viden-

2110 5102 2312 5177 turque.
2346 5102 2671 5177 necessaria,
2721 5109 2783 5177 ut
2833 5102 2972 5177 sicut
3021 5105 3260 5177 dentium
3313 5108 3391 5177 ris
3440 5105 3634 5161 commi-

2113 5163 2396 5248 nuendilin
2430 5164 2557 5245 ferri
2585 5169 2807 5248 materia
2843 5172 3172 5248 designatur,
3207 5176 3283 5231 sic
3314 5176 3364 5230 in
3398 5177 3631 5248 unguibus

2111 5240 2167 5285 et
2188 5232 2422 5313 pedibus
2455 5235 2535 5313 vis
2565 5241 2880 5313 conterendi
2906 5232 3333 5301 rtvconculcandi
3366 5252 3413 5299 in
3440 5232 3629 5299 mineris

2108 5306 2264 5382 aeris;
2314 5306 2426 5383 sive
2473 5308 2522 5357 οξ
2571 5306 2915 5383 septuaginta
2964 5313 3266 5370 habuerunt
3313 5317 3363 5369 in
3404 5317 3626 5369 Hebre-0.

2110 5372 2237 5452 sive.
2280 5372 2800 5452 aliqua-traditione
2839 5381 2939 5450 ipsi
2994 5385 3328 5440 addiderunt.
3383 5389 3483 5440 Nec
3524 5400 3628 5436 vero
3680 5414 3683 5417 ›

2112 5440 2679 5527 credendi'addjdisse
2721 5449 2774 5501 in
2810 5440 3190 5527 explicatione,
3217 5457 3342 5524 quin
3385 5458 3520 5525 prius
3548 5468 3627 5527 p0—

2113 5521 2348 5596 suiss‘ent
2390 5521 2444 5596 in
2478 5521 2716 5596 uisione;
2741 5529 2808 5596 _ut
2853 5522 3071 5596 reliquis
3102 5521 3303 5591 plenior
3327 5521 3621 5580 et‘enienda-

2116 5580 2217 5635 tior
2243 5580 2511 5653 Hippolyti
2540 5580 2716 5642 littera
2741 5589 2854 5644 haec
2884 5580 3145 5651 videatur.
3212 5595 3427 5649 Cauncr.
