3852 6208
237 279 324 335 ἶιίὸ

1230 258 1316 317 DE
1355 258 1653 317 CHRISTO
1693 255 1780 314 ET
1822 255 2310 315 AN'I‘lCHRlSTO.

3316 261 3417 322 τω

239 396 326 466 πῦρ
347 391 530 462 φλέγον.
554 385 796 458 Ποταμὸς
816 384 987 458 πυρὸς
1011 380 1189 437 εἷλκεν
1213 382 1528 455 ἔμπροσθεν
1550 381 1716 436 αὐτοῦ

1844 380 1986 452 ignis
2015 381 2232 437 ardens.
2261 378 2482 434 Fluvios
2517 378 2708 450 igneus
2743 379 2991 437 trahebat
3032 391 3158 438 ante
3192 398 3422 455 conspe-

235 484 383 539 Χίλιαι
404 478 610 551 χιλιάδες
631 475 1001 547 ἐλειτούργουν
1021 473 1190 544 αὐτῷ,
1206 474 1301 527 καὶ
1324 474 1513 545 μύριαι
1543 471 1740 544 μυριά-

235 576 304 639 δες
337 571 741 644 περιεστήκεισαν
788 565 956 638 αὐτῷ.
1000 567 1300 638 Κριτήριον
1350 565 1593 629 ἐκάθισε,
1646 565 1740 620 καὶ

237 667 365 737 βίϐλοι
390 662 734 734 ἠνεῴχθησαν.
795 659 1094 732 Ἐθεώρουν
1121 659 1241 712 τότε
1285 659 1394 712 ἀπὸ
1425 661 1607 728 φωνῆς
1633 659 1740 712 τῶν

235 758 366 824 λόγων
383 755 476 808 τῶν
511 753 771 825 μεγάλων,
793 745 866 806 ὧν
887 751 948 805 τὸ
971 752 1138 823 κέρας
1159 751 1356 813 ἐλάλει,
1382 751 1487 815 ἕως
1504 751 1740 821 ἀνῃρέθη

229 849 275 902 τὸ
289 847 441 919 θηρίον
465 845 551 900 καὶ
573 845 838 909 ἀπώλετο,
873 844 969 898 καὶ
998 843 1059 897 τὸ
1088 845 1248 914 σῶμα
1289 843 1453 898 αὑτοῦ
1475 843 1628 914 ἐδόθη
1661 845 1739 906 είς

230 940 380 992 καῦσιν
401 939 572 1010 πυρός.
605 937 716 992 Καὶ
737 937 846 991 τῶν
876 936 1078 992 λοιπῶν
1102 937 1307 1009 θηρίων
1336 940 1368 1008 ή
1417 936 1558 1009 ἀρχὴ
1584 953 1740 1006 μετε-

229 1033 376 1103 στάθη.

280 1143 295 1174 ι
328 1121 590 1193 Ἐθεώρουν
617 1123 673 1175 ἐν
699 1122 935 1194 ὁράματι
954 1121 1054 1192 τῆς
1085 1122 1296 1187 νυκτὸς,
1318 1125 1413 1178 καὶ
1448 1123 1558 1178 ίδοὺ
1592 1125 1733 1195 μετὰ

223 1214 304 1267 τῶν
323 1213 529 1282 νεφελῶν
561 1213 654 1266 τοῦ
684 1213 913 1285 οὐρανοῦ
931 1255 945 1276 ,
973 1213 1050 1278 ὡς
1082 1213 1210 1277 Υἱὸς
1254 1213 1546 1285 ἀνθρώπου
1581 1216 1740 1286 ἐρχόο

225 1325 348 1378 μενος
373 1303 430 1378 ἧν
451 1325 464 1338 ·
485 1307 575 1360 καὶ
608 1308 709 1372 ἕως
738 1306 832 1360 τοῦ
857 1306 1096 1361 Παλαιοῦ
1122 1307 1230 1360 τῶν
1262 1308 1484 1379 ἡμερῶν
1513 1308 1734 1377 ἔφθασε,

223 1401 291 1453 καὶ
329 1397 640 1471 προσηνέχθη
671 1399 838 1470 αὐτῷ.
878 1399 988 1453 Καὶ
1015 1397 1165 1470 αὐτῷ
1214 1399 1368 1471 ἐδόθη
1404 1401 1438 1470 ἡ
1467 1401 1608 1472 ἁρχὴ
1644 1401 1736 1454 καὶ

222 1490 373 1560 ἡτιμὴ
393 1531 406 1552 ,
436 1492 522 1543 καὶ
548 1495 581 1561 ἡ
615 1491 890 1562 βασιλείαο
923 1493 1018 1545 καὶ
1053 1493 1253 1556 πάντες
1292 1492 1341 1544 οἱ
1375 1491 1526 1557 λαοὶ,
1571 1493 1736 1563 φυλαὶ

221 1583 290 1634 καὶ
314 1581 524 1649 γλῶσσαι
547 1583 922 1638 δουλεύσουσιν
955 1583 1124 1654 αὐτῷ.
1171 1584 1237 1637 Ἦ
1271 1583 1486 1650 ἐξουσία
1533 1584 1697 1638 αὐτοῦ
1717 1625 1732 1650 ,

219 1675 384 1738 ἐξουσία
407 1675 609 1740 αἰώνιος
629 1716 643 1740 ,
677 1678 797 1748 ἥτις
828 1678 888 1731 οὑ
922 1677 1350 1749 παρελεύσεται,
1380 1678 1476 1731 καὶ
1505 1679 1538 1749 ἠ
1574 1677 1728 1749 βασι-

219 1766 304 1818 λεία
324 1766 464 1820 αὑτοῦ
490 1768 548 1820 οὐ
581 1768 1030 1841 διαφθαρήσεται.
1068 1789 1086 1821 ι

275 1860 396 1913 Ἐπεὶ
417 1856 504 1914 οὖν
523 1859 789 1933 δυσνόητά
817 1879 926 1915 τισι
961 1861 1110 1915 δοκεῖ
1138 1857 1272 1917 εἶναι
1306 1861 1482 1917 ταῦτα
1519 1862 1587 1916 τὰ
1625 1881 1727 1935 μυ-

217 1951 368 2014 στικῶς
403 1952 664 2023 εἰρημένα
684 1993 698 2016 ,
745 1952 898 2006 οὐδὲν
931 1953 1137 2007 τούτων
1171 1953 1561 2027 ἀποκρύψομεν
1593 1957 1728 2028 πρὸς

215 2043 448 2110 ἐπίγνωσιν
476 2047 588 2107 τοῖς
623 2044 750 2114 ὑγιῆ
785 2044 908 2098 νοῦν
943 2046 1320 2116 κεκτημένοις.
1356 2047 1590 2101 Λέαιναν
1620 2047 1728 2120 γὰρ

213 2132 326 2188 εἶπεν
350 2137 723 2190 ἁναϐαίνουσαν
768 2137 834 2191 ἐκ
880 2138 979 2204 τῆς
1012 2138 1316 2210 θαλάσσης·
1353 2139 1450 2210 τὴν
1489 2138 1598 2192 τῶν
1631 2140 1730 2192 Βα-

212 2225 429 2280 ϐυλωνίων
471 2227 745 2298 βασιλείαν
788 2231 846 2281 ἐν
878 2229 954 2299 τῷ
1001 2229 1190 2299 κόσμῳ
1222 2231 1493 2300 ἐσήμανε,
1527 2229 1726 2302 ταύτης

212 2311 332 2369 οὖσαν
353 2319 436 2388 τῆς
457 2320 663 2382 είκόνος
687 2319 891 2390 χρυσῆν
922 2319 1184 2391 κεφαλήν.
1206 2321 1278 2377 Τὸ
1302 2321 1358 2374 δὲ
1382 2320 1492 2393 (51)
1524 2321 1721 2390 λέγειν·

215 2407 396 2478 «Πτερᾶ
436 2407 569 2479 αὐτῇ
623 2407 977 2471 ὡσεὶ·ἀετοῦ,
1013 2428 1032 2460 ι
1075 2409 1158 2461 ὅτι
1192 2408 1380 2482 ὑψώθη
1415 2411 1443 2463 6
1475 2410 1726 2480 βασιλεὺς

209 2495 640 2572 Ναῦουχοδονόσορ,
664 2501 755 2553 καὶ
782 2501 921 2555 κατὰ
944 2498 1036 2553 τοῦ
1060 2500 1194 2553 Θεοῦ
1221 2501 1454 2574 ἐπήρθη.
1469 2499 1602 2557 Εἶτά
1623 2521 1726 2574 φη-

211 2605 296 2640 σιν’
330 2591 605 2664 «Ἑξετίλη
653 2593 721 2648 τὰ
776 2593 951 2666 πτερὰ
1003 2595 1212 2665 αὐτῆς,
1256 2614 1274 2646 ι
1313 2596 1396 2649 ὅτι
1444 2596 1723 2669 καθῃρέθη

207 2680 326 2733 αὐτοῦ
345 2685 372 2753 ἡ
392 2683 509 2747 δόξα
525 2701 539 2714 ⁶
561 2683 854 2756 ἐξεδιώχθη
876 2685 987 2756 γὰρ
1016 2687 1080 2739 ἐκ
1102 2687 1199 2757 τῆς
1232 2685 1510 2755 βασιλείας
1533 2685 1720 2740 αὐτοῦ.

206 2770 258 2825 Τὸ
285 2775 331 2827 δὲ
369 2778 528 2829 εἰπεῖν
551 2793 565 2806 ·
618 2796 636 2826 ι
667 2778 879 2848 Καρδία
915 2775 1201 2849 ἀνθρώπου
1237 2777 1390 2850 ἐδόθη
1424 2779 1594 2852 αὐτῇ,
1631 2780 1725 2832 καὶ

209 2865 276 2915 ἐπὶ
296 2868 443 2919 ποδῶν
468 2868 756 2940 ἀνθρώπου
786 2869 984 2941 ἐστάθη
1005 2885 1020 2900 ’
1051 2890 1068 2919 ι
1095 2872 1177 2923 ὅτι
1218 2871 1542 2942 μετενόησεν
1561 2913 1575 2937 ,
1604 2875 1724 2926 ἐπι·

204 2959 324 3023 γνοὺς
340 2960 532 3027 ἑαυτὸν,
550 2964 636 3016 ὅτι
656 2961 938 3034 ἄνθρωπός
953 2967 1098 3017 ἐστι’
1131 2964 1226 3017 καὶ
1250 2963 1417 3017 ἔδωκε
1442 2965 1540 3036 τὴν
1567 2964 1722 3031 δόξαν

203 3048 259 3117 τῷ
285 3049 399 3121 Θεῷ.

251 3139 375 3195 Μετὰ
419 3143 544 3212 γοῦν
603 3145 702 3218 τὴν
758 3144 1014 3209 λέαιναν,
1067 3146 1318 3220 δεύτερον
1370 3145 1558 3220 θηρίον
1618 3152 1720 3222 όρᾷ

202 3228 339 3298 ὃμοιον
361 3237 556 3308 ἄρκτῳ,
589 3238 727 3308 ὅπερ
748 3233 886 3308 ἦσαν
907 3240 955 3291 oi
984 3238 1210 3310 Πέρσαι.
1237 3240 1392 3294 Μετὰ
1411 3241 1518 3313 γὰρ
1543 3242 1718 3294 Βαϐυ-

203 3319 373 3390 λωνίους
405 3329 611 3401 Πέρσαι
643 3326 1020 3401 διεκράτησαν.
1066 3331 1138 3382 Τὸ
1170 3331 1225 3384 δὲ
1257 3331 1468 3400 λέγειν’
1519 3353 1537 3384 ι
1580 3333 1720 3404 Τρία

204 3411 360 3485 πλευρὰ
402 3419 456 3470 ὲν
487 3419 566 3490 τῷ
618 3420 842 3491 στόματι
883 3420 1086 3489 αὐτῆς,
1120 3439 1137 3470 ι
1174 3422 1300 3493 τρία
1343 3421 1470 3493 ἔθνη
1518 3423 1715 3488 ἔδειξε,

202 3499 393 3573 Πέρσας,
439 3510 528 3563 καὶ
575 3511 828 3581 Μήδους,
875 3513 968 3565 καὶ
1012 3511 1418 3580 Βαϐυλωνίους,
1461 3515 1599 3587 ὅπερ
1630 3515 1716 3568 δέ-

197 3590 355 3651 δεικται
398 3603 530 3670 μετὰ
578 3601 672 3656 τὸν
703 3603 902 3676 χρυσὸν
943 3607 972 3658 6
1013 3606 1252 3677 ἄργυρος
1300 3609 1358 3660 ἐν
1401 3607 1467 3679 τῇ
1526 3609 1712 3661 είκόνι.

201 3683 379 3743 Ἔπειτα
405 3693 460 3746 τὸ
489 3695 673 3766 τρίτον
703 3695 890 3767 θηρίον
931 3695 1194 3768 πάρδαλις
1216 3740 1230 3764 ,
1265 3699 1463 3763 οἵτινες
1499 3695 1637 3771 ἦσαν
1669 3702 1714 3753 οἱ

199 3775 423 3851 Ἕλληνες.
452 3786 612 3839 Μετὰ
648 3787 755 3857 γὰρ
793 3789 1006 3860 Πέρσας
1041 3789 1386 3862 Ἀλέξανδρος
1412 3793 1715 3864 ἐκράτησεν

197 3868 459 3930 ὀΜακεδὼν
478 3921 492 3943 ,
532 3879 777 3933 καθελὼν
820 3884 1040 3954 Δαρεῖον
1059 3923 1072 3946 ,
1102 3883 1177 3948 ὡς
1207 3877 1474 3938 δέδεικται
1515 3884 1624 3955 (5‘2)
1657 3889 1715 3939 ἐν

195 3965 242 4031 τῇ
282 3968 424 4022 εἰκόνι
455 3972 481 4023 6
513 3972 733 4042 χαλκός.
768 3973 840 4026 Τὸ
872 3974 928 4027 δὲ
958 3974 1136 4043 λέγειν
1162 3992 1174 4006 ·
1210 3995 1229 4027 ι
1259 3976 1442 4048 Πτερὰ
1473 3977 1714 4050 τέσσαρα

197 4059 412 4124 πετεινοῦ,
439 4082 456 4112 ι
487 4064 797 4134 σαφέστατα
827 4066 1049 4133 ἐδίδαξεν
1072 4067 1186 4132 πῶς
1211 4068 1527 4141 διεμερίσθη
1561 4071 1594 4139 ἡ
1626 4069 1715 4140 βω

197 4146 330 4202 cile-Ia
369 4155 744 4228 'Azegavapou-
791 4178 810 4210 ι
841 4160 1111 4233 τέσσαρας
1143 4161 1251 4232 γὰρ
1294 4163 1535 4232 κεφαλὰς
1571 4183 1589 4215 ³
1632 4165 1711 4216 εί·

197 4235 299 4305 πέιν,
323 4247 434 4309 τοὺς
461 4249 731 4319 τέσσαρας
766 4250 998 4320 βασιλεῖς
1022 4293 1037 4315 ,
1084 4254 1209 4317 τοὺς
1257 4253 1315 4320 ἐξ
1364 4255 1534 4326 αὐτῆς
1581 4258 1712 4311 ἀνα-

196 4328 375 4427 ξτάντας
392 4336 780 4409 ἐμνημόνευσε.
801 4341 1075 4395 Τελευτῶν
1099 4343 1206 4415 γὰρ
1230 4343 1572 4418 Ἀλέξανδρος
1597 4348 1708 4418 (55)

194 4420 314 4473 διεῖλε
334 4425 420 4496 τὴν
448 4429 722 4498 βασιλείαν
755 4432 919 4485 αὑτοῦ
950 4436 1028 4498 είς
1051 4433 1294 4508 τέσσαρα
1327 4439 1488 4510 μέρη.

243 4548 278 4579 ⁸⁸
305 4551 424 4610 Dan.
453 4574 547 4625 vn,
590 4560 740 4616 9-12.
816 4563 856 4593 ³¹
887 4562 1020 4620 Ibid.
1055 4581 1164 4630 vn,
1193 4567 1374 4623 15-14.

372 4668 435 4746 Τρ
469 4664 732 4746 δᾴς-[οδε
759 4675 833 4744 τῷ
859 4675 938 4729 δέ.
986 4675 1076 4746 Sic
1103 4687 1156 4730 et
1197 4693 1322 4732 mox
1367 4677 1527 4733 infra.
1559 4677 1695 4734 Gen.

378 4735 816 4818 δέδςιλῖταιί
843 4745 1108 4818 Comhef.,
1142 4747 1200 4810 ὃς
1237 4748 1521 4802 δέδεικται.

242 4805 681 4888 (ἓῆχΤελε-υεῶν
715 4815 831 4888 ,γὰρ
884 4805 1285 4884 Ἀλέξαῶὖρος.
1344 4817 1520 4874 Varia:
1570 4830 1699 4875 sunt

188 4883 423 4956 S‘ententize
462 4885 526 4956 de
563 4885 664 4938 hac
699 4883 985 4941 Alexandri
1032 4883 1278 4942 instituta
1329 4891 1694 4945 successione.

186 4939 600 5029 AnLdaciuscnlum
626 4965 726 5029 est,
746 4939 888 5026 quod
913 4939 1694 5029 ’Gmuu‘s’iﬁﬁgiﬁi

191 5010 479 5108 Efﬁngun-
506 5024 594 5108 h_ic
640 5010 980 5098 Hippolytum

186 5078 325 5169 [ii-Ilii
352 5078 884 5169 Ποςίιοιιιιιοτιῖιῖιξξδί
898 5078 1010 5166 quo
1031 5078 1373 5169 Vis-upe—rrc-i'lio“
1386 5078 1486 5156 εἰς*

186 5159 332 5236 etatis
352 5161 529 5236 homo,
556 5167 754 5236 nedum
796 5159 1057 5234 divinam,
1105 5159 1195 5224 sed
1224 5181 1277 5224 et
1310 5172 1602 5226 humanam
1636 5173 1697 5225 ti-

182 5225 279 5312 ?fjl
396 5231 646 5312 detrahit.
677 5236 948 5312 Quidquid
977 5225 1057 5312 sit,
1077 5241 1143 5295 de
1179 5225 1481 5312 Hippolyto.
1515 5243 1607 5311 qui
1640 5253 1698 5297 ιιι

185 5287 320 5382 ligato
343 5297 448 5382 falli
472 5287 661 5382 potuit,

184 5356 300 5451 [uili
325 5356 555 5451 auctoris
584 5356 766 5451 Iib'ril
811 5356 1280 5446 Maehabzeoru‘m:
1315 5356 1698 5437 nihil-

339 5439 466 5522 lides
506 5454 596 5522 aut
636 5430 1449 5522 diligentia

181 5508 306 5585 illus
334 5508 626 5585 Alexander
653 5508 758 5572 ιιοῆ
799 5520 1010 5585 divisit,
1043 5508 1294 5577 divisisse
1324 5523 1517 5578 merito
1547 5508 1698 5579 di'ca4

182 5578 426 5668 31353909
461 5583 903 5668 saltentjmperio
927 5578 1694 5668 dividendumreliquit,dato

182 5652 489 5730 Ἶξξειιιι-τειι)
522 5651 780 5712 Perdicca}
804 5661 1020 5730 annulo
1036 5662 1334 5730 signatorio
1358 5706 1373 5728 ,
1418 5651 1542 5720 cum
1567 5682 1691 5720 eum

184 5719 264 5762 vox
295 5717 563 5787 deﬁceret,
594 5736 650 5780 ut
679 5738 864 5783 auctor
893 5741 975 5784 est
996 5717 1243 5788 Jusliuus
1266 5717 1691 5806 lib.'|l.iAliquid

420 5814 682 5880 Ρλτιιοι..
727 5821 842 5883 Gn.
884 5823 964 5886 Χ.

1844 485 1993 528 etum
2041 473 2183 542 ejus.
2231 471 2374 526 Mille
2420 471 2585 525 millia
2630 471 3016 527 ministrabant
3039 472 3114 538 ei,
3149 481 3203 528 et
3240 474 3421 530 decies

1842 574 2070 620 centena
2095 565 2262 618 millia
2287 564 2619 620 assistebant
2643 563 2712 618 ei.
2730 562 3002 620 Judicium
3029 564 3191 630 sedit,
3213 575 3268 620 et
3296 567 3418 621 litui

1843 659 2014 730 aperti
2038 670 2185 715 sunt.
2207 659 2555 730 Aspiciebant
2573 669 2701 715 tunc
2724 676 2754 714 a
2778 675 2911 716 voce
2925 676 3237 716 sermonum
3263 675 3422 732 grano

1841 752 2016 815 dium,
2052 767 2192 821 quos
2213 767 2384 806 cornu
2419 752 2550 806 illud
2580 752 2923 821 loquebatur,
2953 751 3313 822 quoadusque
3341 753 3422 807 ina

1841 844 2065 900 terfecta
2103 853 2188 898 est
2220 844 2393 898 bestia
2424 853 2476 900 ct
2501 845 2690 914 periit;
2729 854 2782 899 et
2842 859 3045 915 corpus
3075 846 3195 916 ejus
3225 846 3414 900 datum

1839 945 1923 992 est
1953 937 2006 990 in
2038 937 2473 992 combustionem
2513 937 2674 1007 ignis.
2715 935 2779 990 Et
2836 946 3154 993 cve-terarum
3215 937 3416 994 bestia.

1839 1043 1962 1082 rum
1991 1027 2290 1082 translatus
2316 1035 2400 1081 est
2427 1027 2769 1098 principatus
2794 1028 2860 1082 ³ο.

1908 1115 2074 1172 XXII.
2104 1137 2124 1170 ‹
2147 1117 2488 1188 Aspiciebam
2517 1119 2571 1171 in
2604 1119 2810 1174 visione
2843 1119 3048 1174 noctis:
3069 1127 3124 1174 et
3146 1135 3272 1176 ecce
3287 1133 3412 1176 cum

1841 1212 2075 1266 nubibus
2120 1211 2243 1266 caeli
2279 1211 2439 1281 quasi
2488 1209 2660 1265 Filius
2706 1211 2944 1266 hominis
2989 1231 3002 1267 :
3045 1221 3102 1267 et
3132 1229 3306 1284 usque
3344 1213 3413 1268 ad

1836 1303 2132 1372 Antiquum
2167 1303 2379 1359 dierum
2423 1303 2700 1373 pervenit,
2747 1314 2801 1359 et
2841 1305 3057 1360 oblatus
3099 1314 3185 1360 est
3231 1306 3302 1360 ei.
3349 1305 3416 1360 Et

1835 1397 2020 1451 datum
2067 1405 2150 1452 est
2195 1396 2245 1451 ei
2299 1395 2587 1465 imperium
2631 1405 2685 1450 et
2733 1397 2906 1450 honor
2947 1407 3000 1452 et
3047 1413 3311 1471 regnum;
3359 1404 3414 1453 et

1835 1502 2027 1542 omnes
2058 1487 2243 1557 populi
2264 1526 2279 1550 ,
2305 1487 2478 1542 tribus
2499 1495 2554 1542 et
2573 1487 2770 1558 lingua:
2797 1489 3037 1542 servient
3057 1489 3128 1544 ei.
3162 1488 3412 1545 Potestas

1835 1581 1988 1651 ejus,
2039 1589 2280 1651 potestas
2325 1589 2564 1643 aeterna,
2615 1595 2738 1650 qum
2791 1595 2897 1635 non
2934 1583 3316 1652 pet-transibit,
3356 1592 3412 1640 ct

1837 1689 2061 1744 regnum
2094 1673 2214 1743 ejus
2249 1687 2357 1728 non
2389 1672 2628 1727 interibit
2651 1671 2714 1724 ⁸¹.
2753 1691 2772 1724 ι

1900 1852 2090 1909 XXIII.
2131 1852 2269 1919 Quia
2315 1852 2480 1923 igitur
2519 1868 2642 1922 qua:
2687 1851 2769 1908 sic
2808 1867 3010 1908 arcano
3051 1868 3213 1910 sensu
3261 1853 3404 1910 dicta

1829 1957 1988 2013 sunt,
2039 1946 2320 2002 nonnullis
2374 1947 2627 2000 videntur
2674 1955 2835 2014 captu
2886 1945 3152 2012 dillicilia;
3212 1962 3404 2002 eorum

1829 2038 1963 2092 nihil
2003 2036 2436 2101 abscondemus,
2477 2047 2538 2088 ut
2570 2035 2874 2106 intelligant
2912 2037 3006 2106 qui
3042 2052 3175 2092 sana
3224 2049 3404 2092 mente

1828 2130 2036 2202 praediti
2069 2138 2216 2185 sunt.
2247 2128 2495 2184 Lemnam
2526 2127 2673 2182 enim
2703 2127 2935 2182 dicendo
2958 2130 3338 2184 ascendentem
3373 2145 3405 2184 e

1829 2223 1988 2290 mari,
2017 2222 2441 2294 Babyloniorum
2474 2235 2701 2289 regnum
2734 2219 3021 2274 inmundo
3052 2221 3402 2291 signiﬁcavit,

1827 2315 1974 2386 quod
2007 2314 2172 2385 hujus
2203 2313 2482 2368 simulacri
2507 2321 2626 2367 erat
2649 2321 2814 2382 caput
2845 2328 3094 2367 aureum.
3127 2311 3284 2379 Quod
3307 2328 3404 2366 au-

1827 2419 1936 2466 tem
1970 2411 2140 2466 dicit:
2181 2427 2199 2460 ι
2227 2407 2341 2463 Alae
2372 2407 2492 2478 ejus
2533 2407 2694 2478 quasi
2725 2407 2951 2478 aquilre;
2989 2425 3009 2457 ι
3043 2407 3171 2476 quia
3197 2409 3405 2463 exalta-

1829 2513 1916 2560 tus
1946 2514 2028 2560 est
2054 2520 2148 2559 rex
2182 2502 2688 2558 Nabuchodonosor
2716 2511 2768 2554 et
2793 2502 3054 2555 adversus
3087 2500 3256 2556 Deum
3285 2503 3399 2557 ela-

1829 2606 1935 2652 tus.
1969 2595 2106 2651 Tum
2141 2597 2217 2651 ait
2247 2613 2260 2648 :
2302 2615 2321 2647 ι
2353 2595 2567 2650 Evulsa:
2601 2603 2731 2650 sunt
2760 2595 2858 2648 ala:
2891 2594 3041 2663 ejus;
3074 2614 3093 2646 ι
3121 2595 3249 2664 quia
3281 2595 3401 2664 ejus

1826 2689 2005 2744 ablata
2045 2689 2212 2760 gloria
2245 2698 2330 2743 est
2363 2706 2378 2744 :
2416 2688 2518 2742 fuit
2555 2687 2700 2743 enim
2753 2685 2959 2754 ejeclus
3008 2702 3038 2741 e
3078 2703 3246 2758 regno
3276 2703 3397 2743 suo.

1826 2779 2066 2834 Dicendo
2115 2789 2297 2835 autem
2333 2799 2346 2834 :
2388 2799 2407 2830 ι
2436 2778 2543 2833 Cor
2583 2775 2824 2833 hominis
2882 2777 3068 2830 datum
3110 2786 3193 2832 est
3225 2778 3306 2844 ei,
3346 2789 3402 2832 et

1827 2887 1990 2942 super
2018 2873 2182 2942 pedes
2217 2872 2454 2926 hominis
2480 2870 2663 2936 stetit;
2707 2889 2725 2920 ι
2752 2869 2878 2939 quia
2911 2869 3107 2924 ductus
3132 2869 3400 2939 paeniten-

1826 2965 1899 3019 tia
1929 2973 2034 3028 est,
2066 2964 2182 3034 ipse
2214 2978 2274 3018 se
2300 2968 2480 3033 ipsum
2507 2976 2833 3033 agnoscens,
2857 2961 3004 3030 quod
3031 2961 3193 3016 homo
3216 2971 3394 3024 esset;

1749 3080 1790 3136 ρ
1825 3066 1879 3111 et
1905 3057 2054 3112 dedit
2081 3057 2308 3127 gloriam
2348 3054 2476 3111 Deo.

1897 3148 2083 3205 XXIV.
2125 3150 2256 3203 Post
2278 3149 2502 3203 leaenam
2528 3163 2678 3219 ergo,
2700 3149 2998 3204 secundum
3022 3147 3220 3203 animal
3254 3147 3398 3202 videt

1821 3259 1953 3300 urso
1975 3244 2173 3310 simile,
2199 3242 2343 3313 quod
2373 3251 2501 3297 sunt
2525 3240 2724 3297 Persae.
2753 3239 2883 3297 Post
2907 3241 3228 3314 Babylonios
3246 3241 3389 3294 enim

1818 3335 1998 3391 Persae
2044 3351 2226 3389 rerum
2279 3335 2431 3404 potiti
2482 3344 2628 3389 sunt.
2674 3334 2913 3390 Dicendo
2950 3342 3220 3389 autemzt
3260 3327 3396 3389 Tres

1817 3437 1985 3482 costa:
2017 3427 2154 3493 (sive
2179 3426 2422 3494 ordines)
2448 3426 2499 3478 in
2531 3441 2625 3480 ore
2655 3426 2794 3496 ejus,
2830 3445 2849 3477 ι
2878 3435 2987 3481 tres
3015 3436 3200 3497 gentes
3225 3427 3396 3498 signi-

1820 3513 2015 3576 iicavit,
2035 3511 2252 3574 Persas,
2278 3511 2464 3566 Medos
2491 3523 2544 3566 et
2565 3513 2891 3585 Babylonios
2918 3531 2933 3568 :
2966 3515 3127 3586 idque
3155 3518 3393 3572 ostendit

1817 3615 2105 3675 argentum
2137 3604 2457 3674 adjunctum
2489 3621 2626 3659 auro
2673 3606 2726 3659 in
2771 3606 3084 3663 simulacro.
3135 3607 3392 3678 Sequitur

1817 3696 1974 3750 tertia
2023 3695 2224 3760 bestia,
2279 3695 2514 3763 pardus,
2557 3711 2750 3766 nempe
2793 3695 2989 3756 Graeci.
3035 3696 3164 3753 Post
3194 3697 3390 3753 Persas

1815 3789 1961 3843 enim
1983 3788 2289 3842 Alexander
2311 3787 2531 3843 Macedo
2554 3805 2734 3843 rerum
2767 3789 2971 3858 potitus
2999 3800 3102 3854 est,
3124 3789 3391 3843 debellato

1820 3881 1982 3936 Dario
2004 3921 2018 3944 ,
2051 3882 2145 3952 qui
2179 3881 2232 3934 in
2277 3882 2576 3937 simulacro
2618 3883 2742 3937 aaris
2775 3883 2955 3960 specie
2997 3893 3252 3938 ostensus
3281 3894 3384 3937 est.

1817 3973 2055 4028 Dicendo
2109 3980 2288 4027 autem
2323 3990 2337 4028 :
2377 3991 2394 4024 ι
2426 3975 2672 4040 Quatuor
2715 3974 2832 4029 alas
2860 3974 3130 4040 volucris,
3164 3994 3182 4024 ι
3233 3989 3390 4043 aper:

1815 4067 2027 4121 tissime
2069 4067 2254 4122 docuit
2285 4067 2562 4137 quomodo
2603 4065 2897 4122 Alexandri
2930 4067 3218 4136 imperium
3249 4067 3389 4122 divi.

1815 4175 1937 4213 sum
1997 4158 2118 4214 fuit.
2165 4157 2404 4215 Dicendo
2436 4160 2581 4215 enim
2632 4179 2650 4212 ι
2683 4168 2918 4230 quatuor
2952 4159 3153 4228 capita,
3196 4179 3215 4210 ι
3250 4175 3387 4230 qua-

1815 4262 1938 4308 tuor
1982 4255 2074 4324 qui
2123 4270 2189 4308 ex
2240 4254 2333 4308 illo
2384 4263 2771 4318 surrexerunt,
2835 4268 2990 4323 reges
3040 4254 3383 4307 memoravit.

1813 4347 2117 4401 Alexander
2157 4347 2302 4400 enim
2370 4346 2650 4412 moriens,
2697 4344 2983 4415 imperium
3036 4345 3273 4399 solidum
3329 4344 3384 4399 in

1737 4438 1778 4492 Ι)
1810 4449 2046 4509 quatuor
2073 4450 2256 4509 partes
2277 4439 2477 4492 divisit.

1808 4675 2096 4760 certeejus
2127 4683 2711 4760 nutnsinterccssisse,
2738 4685 2874 4760 utin
2902 4699 3102 4755 tantos,
3128 4685 3283 4760 quasi
3312 4699 3379 4760 ex

1807 4751 2094 4812 condicto,
2124 4761 2271 4805 tanta
2304 4753 2416 4806 haec
2449 4754 2658 4823 imperii
2700 4751 2879 4813 moles
2906 4751 3256 4822 divideretur,
3289 4756 3378 4812 cui

1808 4837 1968 4897 nemo
2012 4838 2153 4876 unus
2180 4833 2373 4897 praeter
2405 4824 2772 4897 Alexandrum
2799 4844 2897 4897 par
2933 4829 3049 4884 fore
3080 4831 3376 4886 videretur,

1808 4891 2008 4945 iudicio
2033 4900 2136 4954 est,
2179 4895 2326 4962 quod
2362 4895 2508 4949 nullo
2535 4897 2634 4951 sibi
2665 4891 3035 4954 monarchiam
3068 4901 3377 4954 universam

1805 4969 2125 5034 usurpante,
2157 4964 2390 5033 quisque
2421 4976 2572 5034 parte
2600 4978 2911 5034 contentus,
2957 4970 3154 5024 aciliulo
3185 4967 3380 5023 cedere

1803 5032 1952 5087 visus
1996 5042 2080 5087 est
2107 5050 2121 5085 ι
2150 5032 2403 5111 etsi“th
2425 5032 2434 5034 ἡ
2453 5037 2837 5111 πολυκοιρανίη
2860 5079 2874 5103 ,
2899 5032 3050 5111 inter
3087 5037 3378 5111 Alexandri

1803 5118 2151 5159 successores
2179 5105 2442 5161 bellorum
2475 5105 2837 5164 seminarium
2863 5111 2984 5165 fuit.
3011 5110 3233 5165 Curtius
3260 5110 3295 5162 Ι.
3322 5123 3375 5173 x,

1803 5190 1864 5250 (ξ.⁸
1897 5173 2476 5250 10:5tlrediderunt,
2529 5180 2735 5250 inquit,
2782 5183 3004 5250 quidam
3054 5190 3377 5235 testamento

1803 5244 2094 5325 Alexandri
2125 5247 2446 5325 distributas
2464 5244 2962 5325 esse'provincias;
2993 5272 3016 5325 »ί
3043 5252 3203 5322 idque
3228 5266 3259 5306 a
3286 5267 3378 5304 va-

1803 5318 1901 5395 riis
1933 5318 2541 5395 auctoribus‘tradituui
2565 5318 2771 5395 asserit
2793 5365 2825 5395 ,_
2849 5324 2973 5376 licet
3007 5318 3127 5391 ipse
3150 5332 3375 5377 contra-

1805 5389 1946 5440 rium
1982 5389 2200 5441 sentiat.
2233 5389 2393 5455 Quod
2421 5393 2503 5445 vel
2531 5392 2575 5444 si
2614 5393 2684 5446 ita
2717 5393 2946 5447 dixisset
2979 5389 3133 5447 sacer
3162 5405 3376 5457 auctor,

1803 5457 1980 5532 major
2004 5458 2163 5532 nobis
2186 5461 2318 5514 lides
2343 5474 2507 5525 esset,
2537 5479 2701 5528 quam
2723 5478 2914 5516 eorum
2943 5463 3036 5532 qui
3061 5481 3089 5517 a
3113 5461 3377 5519 Perdicca

1802 5523 1998 5597 factam
2037 5529 2225 5582 volunt
2255 5545 2374 5583 eam
2409 5523 2765 5597 divisionem,
2803 5523 2976 5587 modo'
3012 5535 3105 5588 illo
3137 5550 3167 5588 a
3215 5535 3378 5589 nobis

1801 5611 1865 5650 ex
1889 5595 2106 5653 Justino
2143 5599 2414 5666 indicato,
2439 5614 2493 5656 et
2525 5604 2594 5654 ah
2628 5603 2720 5654 illo
2751 5595 2996 5670 pluribus
3039 5605 3238 5660 tradito
3274 5622 3285 5656 :
3325 5610 3376 5658 in

1800 5683 1963 5741 quam
2010 5671 2331 5741 sententiam
2375 5671 2554 5725 ierunt
2602 5670 2903 5740 Diodorus,
2948 5676 3206 5741 (Iunius,
3241 5675 3370 5731 Oro-

1801 5739 1952 5804 sius,
1977 5749 2082 5793 etc.
2118 5739 2298 5810 Ipsum
2329 5741 2698 5799 Alexandrum
2734 5739 2958 5815 regnum
2987 5739 3246 5803 divisisse
3288 5763 3377 5799 as-

2937 5845 3012 5904 2!.
