3860 6200
324 222 430 278 7L7
958 219 1015 273 S.
1056 218 1417 276 HIPPOLYTI
1457 220 1608 278 OPP.
1652 222 1833 280 PARS
1871 224 1938 280 ll.
1978 256 2048 267 —
2085 223 2385 281 DOGMAT.
2427 224 2516 282 ET
2557 223 2900 284 HISTORIC.
3467 230 3571 288 7‘8

399 340 564 396 XXV.
605 338 811 396 Deinde
860 338 977 394 ait:
1016 358 1035 393 ι
1072 339 1250 397 Bestia
1295 352 1492 413 quarta
1536 342 1796 399 terribilis
1832 358 1896 398 ae

2077 343 2309 398 Ἔπειτα
2337 360 2469 415 φησι
2491 361 2505 375 ’
2541 362 2560 396 ι
2586 343 2788 418 Θηρίον
2810 345 3065 418 τέταρτον
3093 346 3324 421 φοϐερὸν
3356 348 3453 404 καὶ
3485 350 3578 404 ἐκ-

326 432 591 506 stupenda
618 451 633 488 :
661 432 853 488 dentes
874 430 994 502 ejus
1015 430 1200 500 ferrei,
1227 442 1281 488 et
1301 448 1513 504 ungues
1541 434 1662 504 ejus
1690 434 1843 491 :enei.
1870 454 1889 487 ι

2007 436 2208 507 θαμόον
2225 452 2239 466 ·
2259 436 2307 489 οἱ
2332 435 2541 500 ὀδόντες
2567 435 2731 491 αὑτοῦ
2767 436 2995 509 σιδηροῖ,
3016 438 3112 492 καὶ
3129 439 3178 493 οἱ
3192 438 3384 512 δνυχες
3413 442 3578 496 αὑτοῦ

325 527 561 595 Quinam
597 525 688 582 isti
720 525 827 581 nisi
874 522 1143 579 Romani?
1169 526 1316 596 quod
1359 534 1443 581 est
1477 525 1681 582 ferrum
1702 567 1719 590 ,
1750 527 1895 598 quod

323 634 473 674 nunc
494 626 603 674 stat
626 625 918 687 manetque
943 617 1233 687 imperium
1259 630 1274 672 :
1297 634 1458 674 crura
1479 611 1626 674 ehim
1650 619 1770 688 ejus
1794 618 1896 674 l'er-

322 724 436 766 rea.
466 708 598 766 Post
623 709 739 764 haec
763 709 929 776 enim,
950 708 1081 779 quid
1113 708 1259 764 aliud
1292 720 1530 780 superat,
1554 712 1894 780 charissime,

320 812 517 874 praeter
548 801 776 873 vestigia
809 800 1007 871 pedum
1060 801 1375 870 simulacri,
1421 803 1475 857 in
1515 804 1717 875 quibus
1769 821 1896 876 pars

323 895 570 965 quaedam
595 891 793 958 ferrea,
825 907 954 962 pars
978 908 1111 948 vero
1136 902 1306 949 testea
1338 903 1442 958 est,
1473 896 1780 952 commistis
1812 898 1896 953 in-

322 994 405 1042 ter
430 1000 490 1041 se
520 984 846 1055 speciebus?
882 983 987 1042 Per
1028 1000 1241 1057 ungues
1266 985 1463 1058 pedum
1493 1001 1695 1044 arcano
1730 1004 1894 1046 sensu

320 1093 481 1150 reges
504 1094 572 1133 ex
598 1077 692 1132 illo
720 1086 904 1133 ortum
937 1077 1223 1135 habituros
1252 1076 1578 1150 designavit,
1605 1080 1682 1136 uti
1708 1080 1896 1139 Daniel

321 1170 441 1225 ait:
484 1187 503 1220 ι
532 1167 853 1240 Cogitabam
897 1167 1165 1236 bestiam;
1205 1175 1261 1222 et
1300 1182 1428 1224 ecce
1459 1169 1646 1225 decem
1689 1184 1896 1225 cornua

318 1272 468 1318 retro
495 1276 615 1317 eam
643 1278 655 1313 :
677 1261 818 1317 inter
839 1275 962 1331 quae
988 1269 1175 1332 surget
1200 1260 1545 1317 minusculus
1568 1262 1709 1319 stolo
1733 1262 1894 1329 alius,

319 1365 373 1410 et
416 1354 519 1408 tria
552 1368 675 1425 quae
722 1362 846 1408 ante
903 1352 1083 1423 ipsum
1129 1361 1326 1420 erant,
1366 1369 1576 1409 cornua
1624 1354 1837 1411 evellet.
1871 1372 1890 1406 ι

320 1449 443 1516 Quo
471 1463 578 1504 non
610 1447 758 1502 aliud
791 1461 956 1517 quam
991 1446 1361 1502 Antichristus
1402 1455 1747 1502 monstratus
1777 1456 1895 1512 est,

323 1540 417 1611 qui
439 1549 494 1594 et
525 1539 641 1610 ipse
664 1537 918 1594 Judaeoru
929 1553 977 1591 ιιι
1004 1555 1232 1610 regnum
1257 1538 1622 1595 suscitaturus
1645 1548 1749 1595 est.
1771 1538 1899 1594 Tria

320 1647 525 1688 cornua
569 1647 667 1703 per
698 1647 822 1687 eum
855 1632 1066 1697 evulsa,
1104 1640 1216 1688 tres
1245 1646 1402 1701 reges
1430 1641 1612 1697 vocat,
1647 1631 1896 1704 Egypti,

1998 528 2205 599 χαλκοῖ.
2232 546 2251 579 ι
2280 528 2437 591 Τίνες
2463 519 2609 580 οὗτοι
2641 526 2757 581 ἀλλ’
2786 527 2821 598 ἢ
2859 528 3157 599 Ῥωμαῖοις
3187 530 3325 601 ὅπερ
3365 530 3519 583 ἐστὶν
3550 532 3581 584 ό

1999 621 2246 692 σίδηρος,
2277 624 2311 693 ή
2338 619 2433 673 νῦν
2460 618 2673 672 ἑστῶσα
2702 618 2980 689 βασιλεία’
3011 622 3067 674 αἱ
3101 622 3307 693 κνῆμαι
3335 622 3447 696 γὰρ
3480 624 3580 677 αύ-
3660 686 3669 703 λ

1996 712 2096 782 τῆς
2128 711 2361 784 σιδηραῖ.
2402 712 2555 766 Μετὰ
2592 712 2701 783 γὰρ
2730 710 2889 766 τοῦτο
2927 711 2981 765 τί
3011 712 3393 784 παρείλειπται
3429 714 3576 787 (54),

1996 804 2248 873 ἀγαπητέ
2267 844 2281 869 ,
2308 804 2423 858 ἀλλ’
2463 803 2497 876 ἢ
2530 804 2599 858 τὰ
2622 804 2745 875 ἴχνη
2776 803 2885 858 τῶν
2917 803 3095 870 ποδῶν
3122 805 3221 875 τῆς
3249 805 3485 870 εἰκόνος,
3518 808 3580 861 ἐν

1996 889 2077 958 οἷς
2123 893 2288 965 μέρος
2338 892 2523 964 μέντοι
2569 891 2681 965 (55)
2728 893 2845 947 ἐστὶ
2879 891 3164 964 σιδηροῦν,
3218 893 3385 966 μέρος
3430 895 3490 949 δέ
3524 912 3581 950 τι

1995 986 2314 1058 ὀστράκινον
2333 1026 2348 1050 ,
2375 984 2821 1057 ἀναμεμιγμένον
2854 984 2964 1057 (56)
2997 987 3075 1050 είς
3100 985 3337 1058 ἄλληλα;
3367 987 3580 1041 Μυστιε

1996 1078 2109 1142 κῶς
2138 1077 2370 1149 ἐδήλωσε
2402 1077 2491 1132 διὰ
2521 1077 2631 1131 τῶν
2660 1076 2938 1132 δακτύλων
2963 1076 3073 1132 τῶν
3099 1077 3276 1132 ποδῶν
3315 1079 3442 1143 τοὺς
3477 1078 3578 1149 βαι

1999 1169 2163 1234 σιλεῖς
2182 1210 2197 1236 ,
2234 1170 2359 1235 τοὺς
2390 1169 2452 1235 ἐξ
2477 1169 2657 1224 αὐτῶν
2678 1169 3060 1241 ἐγειρομένους
3076 1211 3091 1235 ,
3129 1170 3274 1242 ἅπερ
3297 1171 3445 1240 λέγει
3472 1174 3581 1225 Δα-

1997 1261 2118 1332 νιήλ
2139 1278 2152 1290 ·
2188 1280 2206 1313 ι
2237 1260 2572 1333 Προσενόουν
2603 1259 2665 1314 τὸ
2695 1259 2882 1331 θηρίον
2902 1298 2917 1324 ,
2948 1259 3044 1313 καὶ
3073 1241 3182 1314 ίδοῦ
3205 1241 3337 1315 δέκα
3363 1260 3579 1334 κέρατα

1996 1351 2169 1405 ὀπίσω
2198 1350 2457 1415 αὐτοῦ,ἐν
2490 1344 2571 1414 οἷς
2596 1349 2930 1421 ἀναϐήσεται
2960 1350 3146 1423 ἕτερον
3178 1352 3575 1421 παραφυάδιον,

1997 1444 2092 1496 καὶ
2139 1442 2267 1513 τρία
2308 1440 2417 1495 τῶν
2471 1441 2578 1512 πρὸ
2627 1441 2792 1496 αὐτοῦ
2841 1440 3169 1513 ἐκριζώσει·
3220 1461 3240 1494 ι
3288 1444 3429 1515 ὅπερ
3491 1443 3580 1496 δέ·

1997 1532 2204 1586 δεικται
2251 1532 2360 1603 (57)
2395 1533 2495 1602 οὐχ
2520 1531 2745 1605 ἕτερον,
2790 1532 2903 1587 ἀλλ’
2946 1535 2979 1605 ἢ
3019 1534 3049 1586 ὁ
3089 1533 3483 1605 ’Δντίχριστος,
3515 1534 3578 1596 ὂς

2000 1625 2094 1679 καὶ
2126 1625 2290 1688 αὐτὸς
2319 1624 2416 1697 τὴν
2468 1624 2735 1680 Ἰουδαίων
2768 1625 3042 1696 βασιλείαν
3075 1628 3391 1698 ἀναστήσει.
3435 1627 3581 1698 Τρία

323 1722 505 1796 Libya:
544 1732 598 1779 et
644 1722 941 1794 EthiOpiae
964 1764 979 1788 ,
1022 1738 1162 1794 quos
1192 1724 1481 1780 interliciet
1512 1725 1564 1779 in
1598 1724 1723 1779 belli
1756 1728 1894 1781 acie.

2007 1717 2208 1790 κέρατα
2236 1716 2382 1786 λέγει
2410 1716 2502 1769 ὑπ’
2536 1716 2697 1771 αὐτοῦ
2733 1717 3104 1790 ἐκριζοῦσθαι,
3136 1719 3262 1783 τοὺς
3293 1721 3442 1792 τρεῖς
3476 1719 3578 1790 βα-

321 1811 424 1870 1’1ἱο
474 1813 737 1869 nimirum
779 1813 1025 1868 omnium
1061 1812 1215 1884 gravi
1258 1808 1486 1883 imperio
1516 1815 1722 1884 potitus
1747 1853 1763 1878 ,
1804 1814 1896 1884 qui

319 1886 499 1960 saevus
544 1913 812 1976 tyrannus
864 1904 964 1969 sit,
1008 1903 1414 1959 tribulationem
1450 1919 1516 1960 ac
1564 1905 1899 1974 persecutio-

318 2011 443 2051 nem
477 1996 534 2050 in
562 1995 815 2052 homines
841 1995 1120 2061 movebit,
1154 1995 1419 2051 adversus
1446 2011 1587 2066 quos
1616 1995 1894 2052 ederetur.

317 2082 408 2136 Ait
463 2082 611 2137 enim
675 2082 863 2137 Daniel
913 2101 928 2140 :
991 2099 1011 2134 ι
1051 2082 1437 2154 Attentiusque
1484 2084 1898 2144 considerabam

318 2188 525 2238 cornu;
571 2182 627 2229 et
669 2188 797 2230 ecce
843 2188 1017 2230 cornu
1060 2174 1196 2231 illud
1230 2175 1477 2245 (faciebat
1519 2176 1718 2233 bellum
1769 2194 1895 2234 cum

317 2271 556 2337 sanctis,
585 2278 640 2326 et
685 2270 1014 2341 praevalebat
1054 2271 1318 2328 adversus
1350 2286 1476 2339 eos;
1508 2272 1683 2330 donec
1726 2275 1897 2331 inter-

321 2372 461 2429 fecta
490 2381 575 2428 est
597 2371 772 2427 bestia
801 2380 857 2427 et
886 2371 1113 2437 interiit,
1145 2381 1200 2428 et
1223 2387 1423 2444 corpus
1453 2371 1575 2443 ejus
1598 2372 1786 2429 datum
1813 2385 1898 2431 est

319 2468 381 2522 in
403 2464 840 2521 combustionem
870 2464 1011 2535 ignis
1034 2465 1098 2519 ⁸⁸.
1133 2483 1153 2518 ι

390 2644 584 2700 XXVI.
614 2644 771 2701 Brevi
799 2654 916 2716 post
945 2644 1124 2700 veniet
1141 2643 1208 2700 de
1232 2644 1386 2700 ccelis
1415 2644 1555 2716 lapis
1580 2644 1625 2677 ³³
1648 2645 1745 2715 qui
1767 2660 1895 2716 per-

318 2740 493 2797 cussit
531 2740 893 2797 simulacrum
936 2746 992 2795 et
1026 2738 1158 2793 illud
1200 2738 1490 2805 contrivit,
1535 2748 1699 2810 atque
1729 2754 1896 2815 regna

320 2833 630 2897 transtulit,
675 2841 729 2888 et
753 2832 958 2888 sanctis
1009 2830 1275 2887 Altissimi
1306 2847 1535 2902 regnum
1578 2833 1747 2888 dedit.
1796 2831 1897 2888 Hic

317 2935 403 2982 est
427 2925 520 2996 qui
552 2924 731 2980 factus
772 2934 857 2980 est
889 2924 944 2978 in
994 2932 1233 2979 montem
1280 2939 1537 2995 magnum
1569 2935 1624 2980 et
1655 2926 1897 2995 implevit

2002 1807 2169 1870 σιλεῖς
2193 1805 2489 1875 Αἰγύπτου,
2520 1805 2734 1861 Λιϐύων
2767 1824 2825 1860 τε
2858 1807 2951 1860 καὶ
2979 1807 3267 1875 Αἰθιόπων,
3293 1809 3387 1873 οὓς
3418 1811 3577 1864 ἀναι-

2003 1902 2086 1972 ρεῖ
2136 1902 2193 1952 ἐν
2243 1897 2543 1971 παρατάξει
2591 1898 2826 1971 πολέμου
2847 1917 2858 1930 ·
2909 1901 2969 1965 ὃς
3026 1903 3301 1973 κρατήσας
3354 1903 3576 1957 πάντων

1998 1992 2221 2059 δεινῶς,
2255 1993 2405 2064 ὅμως
2437 1992 2549 2065 (58)
2581 1992 2841 2065 τύραννος
2874 1993 2968 2058 ὢν,
2998 1992 3176 2065 θλίψιν
3208 1995 3303 2048 καὶ
3332 1994 3578 2067 διωγμὸν

1998 2084 2091 2136 ἐπὶ
2120 2083 2245 2148 τοὺς
2278 2080 2597 2154 ἀνθρώπους
2630 2084 2886 2156 ποιήσει,
2923 2085 3282 2158 ἐπαιρόμενος
3317 2088 3439 2140 κατ’
3477 2086 3582 2141 αὺ-

1998 2172 2125 2228 τῶν.
2160 2171 2326 2240 Λέγει
2356 2171 2464 2244 γὰρ
2506 2172 2741 2244 Δανιὴλ*
2785 2192 2802 2225 ι
2844 2174 3176 2246 Προσενόουν
3228 2175 3306 2247 τῷ
3348 2175 3575 2247 κέρατι,

1998 2264 2094 2317 καὶ
2142 2262 2250 2316 ἰδοὺ
2293 2262 2355 2316 τὸ
2395 2263 2562 2335 κέρας
2594 2264 2771 2317 ἐκεῖνο
2815 2263 2988 2318 ἐποίει
3032 2266 3266 2337 πόλεμον
3296 2268 3436 2337 μετὰ
3466 2268 3579 2321 τῶν

1999 2357 2190 2428 ἁγίων,
2224 2356 2317 2409 καὶ¹
2349 2354 2502 2428 ἴσχυε
2536 2355 2672 2430 πρὸς
2705 2358 2902 2422 αὐτοὺς
2923 2398 2935 2422 ,
2973 2357 3079 2424 ἕως
3108 2360 3346 2433 ἀνῃρέθη
3377 2362 3438 2415 τὸ
3470 2363 3575 2435 θη·-

1997 2449 2113 2521 ρίον
2163 2449 2258 2504 καὶ
2298 2449 2576 2514 ἀπώλετο,
2632 2452 2726 2504 καὶ
2767 2450 2827 2504 τὸ
2874 2450 3033 2522 σῶμα
3072 2453 3231 2507 αὐτοῦ
3282 2453 3439 2527 ἐδόθη
3492 2457 3580 2519 εἰς

1998 2538 2192 2593 καῦσιν
2228 2539 2418 2612 πυρός.
2456 2558 2475 2591 ι

2068 2632 2205 2686 Μετ’
2233 2631 2411 2701 ὀλίγον
2442 2631 2560 2703 ἥξει
2592 2632 2686 2686 ἀπ’
2730 2633 2974 2704 οὐρανῶν
3007 2635 3036 2688 ό
3066 2632 3213 2699 λίθος
3251 2634 3281 2687 ὁ
3327 2634 3579 2700 πατάξας

1998 2722 2097 2797 τὴν
2126 2723 2305 2777 εἰκόνα
2327 2764 2342 2789 ,
2384 2726 2479 2777 καὶ
2512 2723 2801 2796 συντρίψας
2844 2714 3050 2798 αὐτὴν,
3086 2726 3180 2781 καὶ
3225 2728 3580 2798 μεταστήσας

1999 2816 2180 2881 πάσας
2214 2816 2311 2880 τὰς
2344 2816 2651 2887 βασιλείας,
2684 2817 2779 2871 καὶ
2810 2817 2933 2882 δοὺς
2964 2818 3060 2890 τὴν
3095 2817 3366 2889 βασιλείαν
3394 2820 3580 2887 ἁγίοις

2012 2909 2286 2980 Ὑψίστου.
2329 2901 2495 2973 Οὗτος
2522 2910 2551 2962 ὁ
2580 2907 2827 2981 γενηθεὶς
2856 2911 2936 2975 είς
2964 2910 3087 2983 ὅρος
3117 2910 3282 2981 μέγα,
3314 2911 3406 2964 καὶ
3436 2910 3584 2982 πλη.

318 3019 635 3074 universam
667 3025 889 3081 terram,
916 3016 984 3071 de
1005 3032 1115 3086 quo
1144 3014 1332 3086 Daniel
1357 3018 1469 3071 ait:
1511 3036 1529 3069 ι
1551 3018 1891 3088 Aspiciebam

2007 2999 2182 3072 ρὼσας
2206 3001 2383 3054 πᾶσαν
2411 2999 2508 3071 τὴν
2528 3000 2652 3070 γῆν,
2672 3000 2798 3072 περὶ
2818 2996 2879 3055 οὗ
2903 3000 3098 3072 Δανιὴλ
3130 3000 3276 3069 λέγει
3294 3017 3308 3031 ο
3332 3020 3351 3051 ε
3373 3000 3581 3053 Ἐθεώ-

321 3108 375 3164 in
407 3109 619 3164 visione
650 3109 829 3163 noctis
861 3126 875 3162 :
906 3116 959 3162 et
991 3122 1120 3163 ecce
1149 3123 1275 3162 eum
1305 3109 1545 3164 nubibus
1576 3109 1699 3165 coeli
1733 3110 1894 3180 quasi

2007 3109 2129 3165 pouv
2163 3095 2220 3145 ἐν
2251 3091 2487 3165 ὁράματι
2518 3091 2619 3160 τῆς
2649 3091 2873 3156 νυκτὸς,
2903 3093 2998 3146 καὶ
3034 3093 3142 3146 ίδοὺ
3176 3092 3317 3163 μετὰ
3347 3092 3457 3145 τῶν
3486 3110 3586 3147 vs-

324 3203 495 3258 Filius
524 3201 764 3257 hominis
790 3202 1049 3266 veniens;
1074 3208 1130 3255 et
1158 3214 1333 3269 usque
1361 3200 1428 3255 ad
1452 3199 1752 3271 Antiquum
1779 3200 1896 3256 die-

328 3310 450 3350 rum
480 3294 764 3365 pervenit,
799 3301 854 3348 et
892 3292 1106 3348 oblatus
1135 3300 1224 3348 est
1265 3293 1336 3347 ei.
1384 3290 1453 3346 Et
1497 3290 1684 3347 datum
1711 3302 1794 3350 est
1844 3293 1897 3349 ei

325 3387 615 3458 imperium
662 3394 717 3441 et
763 3385 941 3439 honor
980 3392 1035 3439 et
1060 3399 1324 3455 regnum;
1357 3391 1411 3438 et
1443 3398 1636 3439 omnes
1666 3384 1894 3454 populi,

323 3478 502 3533 tribus
523 3484 578 3532 et
605 3475 804 3547 linguae
825 3474 1066 3530 servient
1086 3473 1183 3528 illi.
1216 3471 1466 3528 Potestas
1492 3471 1630 3542 ejus,
1653 3478 1898 3543 potestas

321 3579 546 3636 aeterna,
582 3582 705 3637 qua:
734 3582 843 3622 non
877 3563 1263 3635 pertransibit;
1293 3570 1348 3618 et
1380 3577 1607 3632 regnum
1634 3562 1755 3632 ejus
1786 3577 1896 3617 non

322 3662 568 3719 interibit
592 3660 661 3715 “.
705 3678 724 3711 ι
762 3660 992 3715 Omnem
1039 3665 1362 3729 potestatem
1406 3655 1677 3723 ostendit,
1710 3669 1833 3724 quae
1864 3669 1897 3708 a

321 3754 481 3811 Patre
511 3754 637 3808 data
666 3750 807 3806 Filio
836 3750 978 3805 est”
997 3792 1013 3817 ,
1042 3750 1136 3819 qui
1164 3747 1470 3804 emlestium
1495 3790 1510 3814 ,
1554 3748 1895 3803 terrestrium

320 3859 376 3904 et
413 3847 755 3902 inl'crnorum
780 3859 873 3899 rex
894 3843 961 3908 “,
991 3843 1348 3912 omniumque
1377 3840 1544 3911 judex
1567 3840 1898 3907 constitutus

319 3947 404 3995 est
433 3954 446 3991 :
472 3936 778 3993 caelestium
813 3935 1031 4006 quidem
1052 3975 1068 4001 ,
1112 3932 1260 4004 quod
1287 3930 1523 3987 Verbum
1557 3930 1737 3986 Patris
1772 3939 1898 3986 ante

321 4030 519 4087 szncula
549 4029 850 4090 exstiterit;
877 4026 1218 4082 terrestrium
1247 4039 1398 4090 vero,
1435 4024 1582 4093 quod
1610 4023 1775 4078 homo
1812 4022 1897 4076 in-

324 4133 405 4177 ter
435 4123 686 4177 homines
712 4131 875 4176 natus
900 4127 1018 4182 est,
1050 4127 1159 4173 uta
1191 4132 1250 4172 se
1276 4116 1391 4186 ipse
1415 4115 1687 4170 Adamum
1722 4112 1897 4169 refor-

321 4223 527 4279 maret;
561 4211 901 4267 infernorum
936 4217 1119 4262 autem
1147 4248 1163 4273 ,
1189 4205 1335 4276 quod
1359 4204 1498 4258 inter
1527 4211 1774 4256 mortuos
1804 4216 1894 4255 re—

321 4317 575 4380 pntatus,
602 4315 919 4364 sanctorum
950 4303 1240 4360 animabus
1279 4299 1668 4372 praedicans",
1719 4308 1896 4354 morte

322 4402 498 4458 vietor
529 4401 724 4456 mortis
750 4399 978 4454 exstitit.

393 4560 608 4619 XXVII.
651 4560 789 4615 Cum
833 4559 948 4615 haec
986 4560 1169 4629 itaque
1204 4556 1386 4612 futura
1420 4555 1566 4622 sint,
1597 4553 1897 4625 decemque

1999 3184 2175 3254 φελῶν
2201 3184 2295 3239 τοῦ
2321 3184 2550 3256 ούρανοῦ
2574 3185 2649 3248 ὡς
2674 3184 2809 3250 Υἱὸς
2832 3185 3116 3259 ἀνθρώπου
3148 3184 3460 3257 ἐρχόμενος,
3477 3185 3586 3239 καὶ

1999 3276 2201 3345 ἔφθασε
2231 3276 2336 3342 ἕως
2369 3276 2463 3331 τοῦ
2497 3276 2736 3331 Παλαιοῦ
2771 3277 2877 3330 τῶν
2910 3276 3159 3350 ἡμερῶν,
3183 3278 3276 3330 καὶ
3305 3276 3584 3348 προσηνὲ-

1998 3369 2101 3442 χθη
2122 3387 2136 3401 ⁸
2170 3372 2264 3424 καὶ
2292 3369 2439 3441 αύτῷ
2468 3369 2624 3441 ἐδόθη
2664 3371 2698 3442 ἡ
2743 3368 2883 3443 ἀρχὴ
2912 3369 3021 3441 (59)
3060 3369 3154 3421 καὶ
3181 3369 3215 3437 ἡ
3247 3367 3377 3439 τιμὴ
3411 3367 3505 3419 καὶ
3542 3368 3583 3437 ἠ

1999 3461 2274 3534 βασιλεία,
2327 3461 2423 3515 καὶ
2474 3461 2676 3525 πάντες
2706 3463 2756 3514 οἱ
2789 3462 2941 3527 λαοὶ,
2986 3461 3150 3531 φυλαὶ
3190 3461 3285 3515 καὶ
3332 3460 3581 3530 γλῶσσαι

1998 3554 2370 3610 δουλεύσουσιν
2422 3553 2601 3625 αύτῷ·
2653 3555 2748 3607 καὶ
2788 3556 2821 3625 ἡ
2858 3552 3074 3618 ἐξουσία
3104 3553 3268 3607 αὐτοῦ
3291 3594 3308 3619 ,
3355 3552 3580 3619 ἐξουσία

1998 3645 2217 3709 αἰώνιος
2238 3686 2252 3711 ,
2287 3647 2409 3716 ἥτις
2434 3646 2493 3699 ού
2519 3644 2926 3717 παρελεύσεται
2946 3685 2962 3706 ,
2990 3647 3083 3698 καὶ
3112 3647 3146 3717 ἡ
3191 3644 3437 3715 βασιλεία
3476 3646 3585 3698 αύ-

1999 3735 2092 3790 τοῦ
2119 3737 2178 3788 ού
2201 3735 2648 3807 διαφθαρήσεται.
2684 3754 2702 3787 ι
2735 3736 2845 3807 Τὴν
2879 3733 3127 3799 ἐξουσίαν
3160 3736 3340 3789 πᾶσαν
3372 3734 3470 3807 τὴν
3489 3735 3584 3789 δε-

1997 3826 2227 3898 δομένην
2276 3827 2427 3898 παρὰ
2475 3826 2567 3880 τοῦ
2623 3827 2837 3899 Πατρὸς
2880 3827 2957 3898 τῷ
3002 3827 3117 3898 Υἱῷ
3153 3827 3462 3894 ὑπέδειξεν,
3515 3829 3581 3897 ὂς

1998 3918 2335 3989 ἐπουρανίων
2356 3958 2370 3983 ,
2399 3916 2495 3971 καὶ
2528 3917 2816 3986 ἐπιγείων,
2856 3918 2953 3970 καὶ
2994 3918 3362 3989 καταχθονίων
3415 3920 3579 3990 βασι-

1999 4006 2123 4071 λεὺς
2156 4009 2251 4061 καὶ
2300 4007 2491 4079 κριτὴς
2530 4009 2748 4061 πάντων
2783 4008 3158 4062 ἀποδέδεικται
3179 4023 3193 4036 ·
3234 4010 3581 4082 ἐπουρανίων

2001 4098 2120 4169 μὲν,
2159 4098 2240 4151 ὅτι
2268 4098 2441 4167 Λόγος
2471 4097 2563 4151 τοῦ
2594 4097 2806 4167 Πατρὸς
2835 4098 2940 4169 πρὸ
2965 4098 3182 4152 πάντων
3208 4100 3582 4170 γεγενημένος

1995 4187 2065 4263 ἦν
2082 4209 2095 4221 ·
2117 4190 2370 4260 ἐπιγείων
2385 4190 2461 4255 δὲ,
2477 4192 2558 4244 ὅτι
2577 4189 2672 4244 ἄνθ
2682 4208 2858 4262 ρωπος
2882 4193 2939 4244 ἐν
2961 4188 3265 4259 ἀνθρώποις
3282 4192 3579 4265 ἐγεννήθη,

1998 4282 2359 4338 ἀναπλάσσων
2383 4282 2448 4336 δι’
2475 4282 2667 4336 ἐαυτοῦ
2700 4283 2793 4337 τὸν
2833 4283 3002 4355 Ἀδάμ
3021 4301 3034 4313 ’
3076 4284 3444 4355 καταχθονίων
3477 4285 3542 4338 δὲ
3562 4325 3581 4347 ,

1927 4395 1972 4451 D
2000 4376 2084 4430 ὅτι
2110 4376 2205 4430 καὶ
2234 4378 2291 4430 ἐν
2317 4378 2531 4449 νεκροῖς
2559 4375 2937 4447 κατελογίσθη,
2963 4376 3448 4449 εὐαγγελιζόμενος
3473 4379 3582 4441 τὰς

2003 4469 2113 4523 τῶν
2159 4469 2330 4538 ἁγίων
2361 4468 2572 4538 ψυχὰς,
2614 4468 2701 4521 διὰ
2733 4467 2962 4521 θανάτου
3001 4470 3092 4521 τὸν
3131 4468 3357 4522 θάνατον
3385 4468 3579 4523 νικῶν.

2075 4561 2290 4615 Τούτων
2313 4557 2407 4616 οὖν
2431 4561 2726 4633 ἐσομένων,
2755 4561 2976 4615 καὶτῶν
2999 4560 3130 4616 δέκα
3154 4561 3432 4615 δακτύλων
3460 4560 3584 4634 (60)

396 4705 440 4737 ³³
468 4702 606 4758 Dan.
637 4716 712 4755 vu
733 4743 750 4767 ,
780 4701 842 4773 2|
878 4711 931 4756 et
954 4702 1040 4754 11.
1121 4700 1167 4731 ³³
1184 4699 1318 4753 Dan.
1349 4713 1409 4764 ιι,
1434 4696 1503 4751 54
1529 4705 1583 4753 et
1610 4697 1700 4752 45.
1777 4697 1896 4753 “D:

2008 4716 2103 4769 vn,
2140 4703 2227 4771 15,
2255 4702 2343 4758 14.
2420 4704 2465 4736 ⁸³
2487 4702 2680 4757 Matth.
2712 4718 2904 4769 xxviii,
2931 4700 3021 4757 18.
3098 4703 3143 4734 ³⁸
3165 4700 3363 4773 Philip.
3392 4718 3454 4768 ιι,
3481 4700 3580 4757 10.

327 4779 369 4809 ³⁷
400 4774 420 4829 ι
446 4774 594 4830 Petr.
631 4788 722 4837 Ill,
755 4772 841 4831 19.

327 4895 459 4951 serit
488 4892 763 4962 Josephus
791 4890 1116 4946 Gorionidcs
1149 4889 1241 4962 lib.
1299 4907 1359 4947 ιιι
1385 4933 1400 4958 ,
1441 4889 1678 4962 Cyrillus
1700 4888 1896 4946 Hiero-

327 4968 520 5037 solyni.
546 4960 758 5019 entecli.
783 4964 835 5025 4,
864 4967 927 5037 (te
953 4960 1520 5037 §_acra_Scriptura,_et
1546 4961 1670 5037 alii;
1698 4962 1896 5037 quibus

325 5030 488 5101 Guilii
524 5037 675 5097 dica.
711 5048 819 5087 non
864 5031 1021 5088 facile
1060 5032 1204 5086 adeo
1245 5030 1658 5100 praescripserit.
1714 5030 1897 5102 Longe

327 5123 462 5163 sane
493 5117 610 5170 est,
643 5114 702 5160 ut
734 5106 895 5158 rebus
929 5102 1275 5157 interfuerit:
1303 5101 1385 5157 vel
1428 5110 1702 5154 auctorem
1737 5101 1896 5157 nobis

329 5179 409 5234 sic
433 5179 789 5249 ἱστορήσαντα
814 5174 985 5242 possit
1010 5173 1339 5249 producere;
1367 5170 1453 5227 cui
1485 5172 1576 5249 qui
1604 5172 1896 5249 adversm-2

328 5258 417 5303 tur
441 5290 456 5314 ,
499 5242 690 5302 omnes
730 5243 1113 5316 ἀνιστορησίας
1159 5242 1264 5316 hoc
1300 5242 1355 5295 in
1388 5242 1616 5316 negotio
1647 5242 1898 5296 damnari

328 5311 527 5373 merito
552 5318 721 5389 ipsius
750 5311 1086 5389 πολυμαθείᾳ
1117 5311 1614 5389 possint.__Couer:_r.

402 5389 517 5509 (Si)
558 5380 756 5447 Τοῦτο,
790 5387 847 5441 τι
876 5380 1304 5454 ἐταρείζῖέιπτιιι.
1333 5382 1608 5448 Combel'.,
1631 5381 1822 5449 ταῦτα,
1849 5380 1902 5436 τί

402 5475 475 5509 ιοε
502 5475 722 5509 Ατλπται.

332 5475 408 5510 πα
418 5459 722 5530 ρείληπξαι.

403 5525 514 5598 (55)
555 5525 791 5584 Μέντορ.
822 5525 924 5591 1‹Ι.,
960 5526 1059 5597 μέν
1086 5543 1158 5583 τι.

332 5666 372 5721 G
406 5596 520 5669 (56)
586 5596 1094 5670 Ἀναμεμιγμὲνον.
1152 5597 1349 5665 Forte,
1416 5596 1899 5670 ἀναμεμιγμένων.

380 5683 468 5721 un.
1880 5688 1887 5695 ·

380 5683 468 5724 υο.
1880 5688 1887 5695 “

2077 4892 2189 4965 (57)
2231 4894 2407 4961 Ὅπερ
2431 4891 2740 4946 δέδεικται.
2769 4886 2876 4944 Ista
2902 4889 3086 4965 omnia
3106 4930 3120 4953 ,
3150 4889 3239 4959 pia
3276 4897 3406 4965 tunc
3433 4903 3578 4965 eon-

1999 4958 2210 5033 jectura
2243 4958 2413 5025 dicta,
2455 4971 2650 5033 eventu
2684 4976 2790 5015 non
2822 4961 3049 5029 probata
3070 4999 3087 5027 ,
3129 4962 3402 5029 quomodo
3431 4958 3583 5016 Deus

2002 5032 2174 5097 novit,
2207 5034 2494 5102 implenda.
2527 5032 2764 5087 Couasr.

2228 5099 2432 5174 Ὅμως.
2466 5103 2644 5176 orte,
2675 5101 2842 5176 ὠμός.
2873 5099 3010 5176 Gen.

2224 5167 2685 5246 Προσὴνέχθη...
2711 5167 2755 5246 ἡ
2792 5167 3584 5246 ἀρχὴς-ϐοωδείίη-προσηνέ-

2004 5240 2108 5317 χθη
2142 5240 2318 5315 αὐτῷ’
2352 5245 2446 5298 καὶ
2476 5240 2631 5315 ἐδόθη
2664 5244 2696 5313 ή
2734 5243 2897 5314 ἀρχή.
2939 5240 3030 5295 Sic
3062 5255 3195 5296 sane
3226 5240 3367 5295 infra
3396 5256 3448 5295 (τ.
3471 5240 3579 5309 ⁷44,

2009 5319 2099 5370 ubi
2130 5317 2316 5369 eadem
2343 5325 2649 5369 recurrunt.

2079 5385 2190 5458 (60)
2227 5384 2346 5440 Τῶν
2375 5384 2521 5458 δέκα
2548 5378 3436 5458 δακτύλωνηΝοὺιιοίιοὰοηοεοιί
3456 5381 3579 5436 visa

2005 5453 2184 5514 statua
2227 5465 2280 5510 et
2326 5457 2715 5521 simulacrum,
2748 5468 2845 5509 seu
2879 5453 3092 5521 imago,
3138 5467 3261 5506 Clllll
3294 5454 3579 5506 hominem

2003 5526 2267 5593 referret,
2298 5526 2514 5581 duobus
2541 5526 2770 5595 pedibus
2804 5527 3122 5595 constabat,
3176 5532 3338 5595 atque
3372 5523 3427 5595 in
3466 5521 3583 5576 illis

2005 5597 2060 5652 in
2089 5591 2284 5667 digitos
2300 5598 2485 5652 decem
2516 5591 2816 5659 desinebat,
2836 5607 2975 5667 quos
2996 5593 3076 5646 sic
3094 5606 3162 5667 es
3182 5594 3369 5667 argilla
3394 5591 3580 5667 ferro-

2005 5683 2111 5740 que
2138 5663 2490 5739 éompositos,
2513 5681 2633 5738 quae
2655 5681 2762 5721 non
2786 5665 3115 5730 cohaereant,
3138 5663 3376 5734 hincque
3396 5664 3579 5718 ruinae
