3860 6200
192 305 297 362 749

1259 299 1347 354 DE
1386 298 1685 354 CHRISTO
1722 296 1807 351 ET
1849 294 2333 352 ANTICHRISTO.

3340 292 3447 351 750

192 424 298 493 τῆς
326 421 537 483 εἰκόνος
574 421 653 483 εἰς
698 420 1070 491 δημοκρατίας
1109 422 1507 494 χωρησάντων,
1544 421 1638 474 καὶ
1671 418 1778 473 τῶν

1906 417 2035 489 ligiti
2068 415 2347 473 simulacri
2391 421 2443 470 et
2486 420 2677 467 statua:
2728 426 2822 467 seu
2856 410 3141 482 imaginis.
3172 410 3225 463 in
3258 409 3446 465 demo-

188 516 331 571 δέκα
360 513 610 583 κεράτων
636 512 730 565 τοῦ
750 513 1010 585 τετάρτου
1036 511 1226 585 θηρίου
1252 516 1333 577 είς
1353 513 1483 567 δέκα
1502 512 1777 584 βασιλείας

196 603 593 676 μερισθέντων,
622 601 823 673 ἴδωμεν
853 602 1183 675 σαφέστερον
1206 602 1275 657 τά
1296 604 1653 676 προκείμενα,
1682 606 1778 658 καὶ

196 698 632 767 κατανοήσωμεν
662 695 804 749 αὐτὰ
829 694 1277 767 όφθαλμοφανῶς.

274 874 504 945 Κεφαλὴ
531 875 632 945 τῆς
659 876 867 940 εἰκόνος
895 875 1069 946 χρυσῆ
1094 917 1107 940 ,
1148 877 1181 946 ἡ
1214 874 1420 938 λέαινα,
1454 873 1780 932 Βαϐυλώνιοι

200 964 343 1037 ἦσαν
364 985 378 997 ο
403 962 547 1039 ὦμοι
574 969 669 1021 καὶ
700 969 978 1039 βραχίονες
1003 968 1251 1039 ἀργυροῖ,
1276 970 1308 1038 ἡ
1337 968 1554 1039 ἄρκτος,
1573 967 1781 1037 Πέρσαι

202 1062 297 1111 καὶ
325 1062 533 1130 Μῆδοι·
577 1062 752 1115 κοιλία
781 1063 875 1115 καὶ
916 1060 1088 1131 μηρὸς
1119 1060 1385 1132 χαλκοῦς,
1420 1060 1453 1129 ἡ
1488 1059 1778 1131 πάρδαλις,

202 1159 251 1209 οἱ
285 1157 395 1209 άπὸ
442 1156 791 1229 Ἀλεξάνδρου
832 1158 1203 1227 κρατήσαντες
1240 1155 1530 1227 Ἕλληνες·
1576 1155 1782 1225 κνῆμαι

208 1247 456 1317 σιδηραῖ,
493 1248 680 1319 θηρίον
718 1247 991 1318 ἕκθαμϐον
1027 1248 1119 1300 κει)⁸
1148 1246 1410 1319 φοϐερὸν,
1440 1247 1697 1317 Ῥωμαῖοι
1736 1247 1783 1298 οἱ

205 1337 301 1389 νῦν
340 1338 694 1409 κρατοῦντες·
732 1340 851 1410 ἴχνη
880 1338 1056 1391 ποδῶν
1077 1379 1092 1402 ,
1120 1338 1381 1410 ὄστρακον
1419 1339 1511 1392 καλ⁹
1538 1338 1781 1409 σίδηρος,

206 1429 301 1481 καὶ
334 1431 406 1483 τὰ
450 1431 583 1484 δέκα
628 1432 868 1503 κέρατα,
901 1431 971 1483 τὰ
1020 1430 1283 1500 μέλλοντα
1319 1429 1571 1483 ἔσεσθαι”
1619 1429 1783 1500 κέρας

207 1526 399 1596 ἓτερον
422 1526 620 1597 μικρὸν
641 1526 1075 1595 ἀναφυόμενον,ὀ
1104 1527 1161 1576 ὲν
1184 1525 1363 1587 αὐτοῖς
1388 1527 1749 1597 Ἀντίχριστος
1770 1545 1782 1557 ’

208 1616 355 1680 λίθος
388 1620 686 1675 πατάσσων
712 1618 811 1689 τὴν
834 1619 970 1689 γῆν,
1001 1618 1095 1669 καὶ
1121 1618 1342 1686 ἐπάγων
1364 1620 1440 1689 τῷ
1468 1620 1657 1690 κόσμῳ
1691 1621 1787 1690 τὴν

210 1716 413 1789 κρίσιν,
447 1712 700 1785 Χριστός.

279 1891 471 1945 Ταῦτά
516 1908 629 1950 σοι,
676 1889 953 1957 άγαπητὲ,
1010 1889 1148 1958 μετὰ
1198 1889 1359 1958 φόϐου
1417 1890 1786 1961 μεταδίδομεν,

209 1985 450 2047 εὐκόλως
493 1982 583 2035 διὰ
624 1981 723 2053 τὴν
768 1979 1208 2050 ὑπερϐάλλουσαν
1258 1982 1493 2052 Χριστοῦ
1546 1985 1786 2055 ἀγάπην.

210 2079 271 2129 ΕΞ
294 2077 407 2147 γὰρ
432 2075 481 2128 οί
511 2073 617 2144 πρὸ
641 2074 796 2143 ἡμῶν
824 2075 1084 2144 μακάριοι
1111 2072 1383 2143 προφῆται
1413 2075 1788 2144 γεγενημένοι,

211 2169 417 2231 εἱῶτες
443 2168 583 2220 αὐτὰ
607 2166 705 2218 οὐκ
732 2165 1001 2236 ἠθέλησαν
1031 2167 1168 2237 μετὰ
1198 2166 1508 2237 παρρησίας
1537 2165 1790 2237 κηρύξαι,

210 2262 296 2313 ἵνα
323 2258 402 2330 μὴ
427 2260 662 2330 τάραχον
690 2261 958 2330 ποιήσωσι
980 2261 1098 2323 ταῖς
1122 2257 1225 2312 τῶν
1252 2257 1549 2329 ἀνθρώπων
1574 2260 1789 2329 ψυχαῖς,

391 2350 668 2421 μυστικῶς
716 2349 1044 2421 διηγήσαντο
1080 2350 1169 2403 διὰ
1216 2349 1537 2421 παραϐολῶν
1585 2352 1677 2403 καὶ
1709 2354 1793 2404 αἱ-

212 2444 497 2514 νιγμάτων
541 2442 787 2510 λέγοντες
810 2458 823 2471 ο
864 2463 882 2492 ι
909 2438 1035 2495 ’Ὧδε
1085 2445 1113 2496 ό
1143 2442 1266 2507 νοῦς
1297 2444 1325 2495 ό
1348 2440 1484 2512 ἔχων
1522 2442 1736 2510 σοφίαν·
1770 2463 1787 2495 ι

214 2537 370 2604 πόσῳ
432 2532 633 2603 μᾶλλον
683 2534 841 2603 ἡμεῖς
896 2533 1313 2603 κινδυνεύσομεν
1371 2534 1676 2604 τολμῶντες
1727 2536 1795 2589 τὰ

215 2628 304 2678 ὑπ’
331 2626 562 2679 ἐκείνων
588 2623 919 2694 ἁποκρὺφως
945 2626 1209 2697 εἰρημένα
1236 2628 1313 2689 εἰς
1336 2627 1564 2697 φανερὸν
1588 2626 1792 2695 λέγειν;

220 2719 453 2788 Ἷδωμεν
482 2716 657 2769 τοίνυν
684 2716 749 2769 τὰ
786 2716 1169 2787 συμϐησόμενα
1197 2718 1282 2770 ἐπ’
1307 2718 1547 2788 ἐσχάτων
1577 2718 1668 2771 ἐπὶ
1699 2718 1796 2789 τὴν

217 2813 429 2882 πόρνην
460 2809 558 2879 τὴν
588 2807 892 2877 ἀκάθαρτον
919 2808 1146 2878 ταύτηνο
1182 2810 1339 2863 ὁποία
1366 2811 1422 2863 δὲ
1456 2811 1549 2863 καὶ
1580 2811 1794 2881 ποταπὴ

218 2907 250 2972 ἡ
276 2903 419 2955 κατὰ
446 2902 600 2971 χόλον
622 2899 755 2953 Θεοῦ
783 2900 1127 2953 ἐπελεύσεται
1156 2903 1291 2973 αὐτῇ
1319 2902 1420 2974 πρὸ
1446 2902 1542 2973 τῆς
1565 2901 1796 2973 κρίσεως

222 2996 424 3067 μερικὴ
462 2995 711 3065 βάσανος.

290 3268 464 3338 Δεῦρο
515 3267 625 3337 (61)
675 3265 787 3331 οῦν,
833 3261 877 3321 ὧ
913 3268 1148 3340 μακάριε
1189 3267 1406 3329 Ἡσαῖα,
1458 3266 1793 3338 ἐξεγέρθητι,

225 3359 343 3409 εἰπὲ
380 3357 567 3425 σαφῶς
598 3358 650 3410 τί
683 3358 1095 3429 προεφήτευσας
1125 3356 1235 3425 (6‘2)
1268 3356 1395 3428 περὶ
1422 3356 1519 3426 τῆς
1556 3356 1798 3428 μεγάλης

227 3446 561 3510 Βαϐυλῶνος.
615 3442 787 3510 Εἷπας
834 3446 941 3517 γὰρ
994 3448 1086 3500 καὶ
1137 3447 1265 3518 περὶ
1320 3447 1672 3518 Ἰερουσαλὴμ
1704 3449 1797 3500 καὶ

226 3536 555 3590 τετέλεσται.
606 3538 677 3590 Σὺ
708 3538 815 3608 γὰρ
848 3532 1005 3599 εἶπας
1048 3537 1185 3607 μετὰ
1233 3538 1561 3609 παρρησίας
1613 3539 1798 3591 (Ἔστι

226 3629 260 3697 ἡ
292 3629 364 3699 γῆ
409 3629 567 3699 ὑμῶν
608 3628 839 3699 ἔρημος,
885 3630 941 3680 αἱ
992 3628 1172 3691 πόλεις
1206 3629 1357 3698 ὑμῶν
1405 3629 1793 3699 πυρίκαυστον

229 3722 321 3792 τὴν
347 3720 536 3791 χώραν
566 3720 719 3791 ὑμῶν
751 3721 1018 3793 ἀλλότριοι
1066 3720 1437 3773 κατεσθίουσιν
1467 3720 1633 3791 αὐτὴν
1666 3721 1799 3774 ἐνώ-

232 3829 348 3863 πιον
378 3812 558 3882 ὑμῶν,
595 3814 688 3865 καὶ
719 3814 1008 3888 ἠρήμωται
1042 3812 1497 3883 κατεστραμμένη
1531 3812 1635 3865 ὑπὸ
1669 3812 1798 3865 πολ·

234 3902 332 3954 λῶν
366 3903 481 3973 (65)
514 3903 828 3974 ἀλλοτρίων.
873 3903 1456 3973 Ἐγκαταλειφθήσεται
1490 3904 1523 3974 ἡ
1558 3902 1800 3976 θυγάτηρ

233 3994 384 4057 Σιὼν,
411 3995 490 4057 ὡς
520 3995 692 4066 σκηνὴ
722 3998 779 4047 ὲν
802 3994 1103 4064 ἀμπελῶνι,
1139 3995 1233 4047 καὶ
1262 3994 1335 4057 ῶς
1360 3993 1803 4064 ὀπωροφυλάκιον

235 4089 286 4137 ἐν
314 4087 634 4157 σικυηράτῳ
684 4087 815 4157 (64),
861 4086 935 4149 ῶς
980 4085 1132 4149 πόλις
1172 4084 1621 4157 πολιορκουμένη.
1657 4104 1676 4137 ι
1740 4086 1803 4137 Τί

232 4174 354 4241 οὖνς
395 4178 471 4229 Uti
522 4178 810 4249 γεγένηται
856 4178 955 4249 ἤδη
986 4176 1190 4242 ταῦτα;
1236 4177 1311 4230 οὐ
1342 4176 1695 4248 πεπλήρωται
1737 4177 1803 4229 τὰ

297 4368 342 4398 ³⁸
366 4367 545 4436 Apoc.
570 4383 702 4429 xvn,
736 4366 787 4419 9.
866 4366 910 4396 ³⁹
932 4366 1036 4419 Isa.
1064 4382 1103 4426 ι,
1127 4363 1178 4427 7,
1205 4363 1259 4417 8.

1880 509 2080 564 cratias
2107 508 2408 570 cesserint;
2454 507 2640 561 decem
2666 519 2795 559 vero
2828 504 3001 574 capita
3030 513 3235 575 quartae
3261 501 3445 556 bestim

1880 601 1935 655 in
1964 601 2150 656 decem
2183 615 2349 671 regna
2377 599 2551 652 divisa
2582 597 2691 651 sint
2718 615 2732 651 :
2762 596 3046 651 videamus
3082 596 3284 651 clarius
3327 609 3448 663 quae

1882 700 2201 763 argumento
2240 690 2518 760 pr0posita
2548 697 2708 753 sunt,
2750 700 2925 755 eaque
2967 685 3126 756 quasi
3155 684 3226 741 ob
3258 683 3450 739 oculos

1881 782 2053 851 posita
2086 781 2169 836 sic
2202 795 2385 835 coram
2418 780 2846 836 consideremus.

1952 870 2187 925 XXVIII.
2231 872 2467 923 Aureum
2495 878 2655 938 caput
2696 866 3013 931 simulacri,
3045 866 3243 933 leaena,
3272 862 3452 935 Baby-

1882 962 2010 1015 lonii
2041 973 2241 1029 erant;
2284 960 2498 1015 humeri
2549 966 2603 1013 et
2651 958 2871 1013 brachia
2912 966 3200 1029 argentea,
3250 972 3450 1019 ursus,

1882 1048 2062 1106 Persze
2096 1060 2150 1105 et
2176 1049 2349 1116 Medi;
2384 1057 2573 1103 venter
2616 1048 2900 1117 femurque
2930 1062 3170 1111 aeneum,
3216 1045 3451 1116 pardus,

1884 1143 1977 1211 qui
2018 1143 2087 1197 ab
2115 1142 2422 1197 Alexandro
2452 1139 2623 1195 Graeci
2670 1154 2852 1193 rerum
2901 1139 3055 1209 potiti
3091 1147 3253 1205 sunt;
3292 1148 3452 1192 crura

1887 1236 2092 1301 ferrea,
2124 1234 2390 1305 stupenda
2426 1233 2605 1288 bellua
2634 1248 2697 1287 ac
2728 1233 3015 1296 terribilis,
3060 1231 3324 1296 Romani,
3359 1231 3453 1301 qui

1886 1314 2033 1383 nunc
2069 1345 2247 1383 rerum
2278 1328 2586 1397 potiuntur;
2634 1326 2859 1398 vestigia
2896 1326 3129 1395 pedum,
3174 1333 3314 1379 testa
3346 1323 3453 1377 Ier—

1887 1438 2149 1491 rumque,
2183 1436 2245 1475 ac
2274 1424 2456 1474 decem
2493 1436 2722 1483 cornua,
2762 1434 2882 1489 qua:
2915 1417 3099 1471 futura
3129 1425 3258 1471 sunt
3290 1432 3453 1486 regna

1887 1513 2227 1581 etimpcria;
2271 1527 2439 1565 cornu
2473 1512 2617 1564 aliud
2666 1526 2895 1581 parvum
2948 1506 3453 1578 succrescens,qui

1890 1607 2030 1661 inter
2064 1606 2153 1659 illa
2182 1614 2520 1668 numeratur,
2551 1605 2948 1667 Antichristus;
2984 1605 3122 1673 lapis
3148 1606 3457 1674 percutiens

1892 1709 2286 1769 conterensque
2332 1698 2723 1762 simulacrum,
2754 1696 2847 1767 qui
2880 1707 3077 1752 terram
3110 1698 3459 1769 adimplevit,

1819 1774 1861 1828 Β
1889 1801 1944 1847 et
1974 1792 2239 1861 judicium
2273 1790 2481 1845 mundo
2511 1790 2708 1855 infert,
2741 1788 3011 1845 Christus.

1960 1882 2151 1939 XXIX.
2171 1882 2295 1937 Ilaec
2320 1882 2437 1948 tibi,
2462 1882 2924 1948 charissime,non
2950 1883 3067 1937 sine
3087 1882 3279 1938 timore
3306 1898 3461 1939 com-

1892 1975 2143 2041 munico,
2166 1988 2435 2045 propensa
2467 1983 2643 2027 tamen
2677 1974 2971 2040 voluntate,
3002 1973 3072 2028 ob
3108 1964 3456 2029 excellentem

1894 2068 2211 2122 charitatem
2245 2066 2467 2121 Christi.
2504 2064 2637 2119 Nam
2667 2066 2710 2121 si
2757 2066 3073 2121 decessores
3116 2066 3289 2121 nostri
3318 2068 3456 2123 beati

1906 2161 2183 2229 propheta:
2232 2160 2324 2228 qui
2372 2159 2486 2214 hazc
2541 2158 2819 2227 explorata
2861 2158 3140 2224 haberent,
3170 2158 3461 2213 noluerunt

1893 2252 2069 2322 palam
2103 2253 2426 2323 praedicare,
2467 2269 2534 2307 ne
2578 2254 2855 2307 hominum
2886 2253 3097 2308 animos
3149 2254 3459 2319 turbarent,

1896 2346 1989 2400 sed
2019 2361 2215 2400 arcana
2248 2346 2453 2399 ratione
2481 2344 2857 2415 parabolarum
2884 2352 3025 2400 tecta
3057 2345 3373 2410 involucris,
3409 2358 3463 2399 et

1894 2438 2169 2509 perplexis
2219 2438 2576 2507 obscurisque
2621 2436 2966 2491 sermonibus
3005 2446 3335 2491 enarrarunt
3380 2437 3465 2491 di-

1894 2541 2080 2585 centes
2111 2548 2123 2581 :
2160 2549 2178 2581 ι
2216 2527 2417 2584 Praesto
2446 2530 2516 2583 sit
2547 2530 2762 2585 animus
2790 2530 3051 2599 sapientia
3079 2529 3458 2599 praaditus”;i

1896 2631 2102 2688 quanto
2135 2619 2291 2674 nobis
2338 2619 2516 2689 potius
2557 2635 2664 2673 non
2699 2620 2911 2675 vacabit
2958 2619 3219 2689 periculo,
3256 2604 3349 2690 qui
3394 2623 3465 2675 ab

1897 2712 2004 2766 illis
2043 2711 2253 2766 occulte
2294 2712 2435 2765 dicta
2466 2720 2627 2781 atque
2659 2711 2891 2778 obtecta,
2924 2711 2977 2764 in
3020 2721 3268 2780 apertum
3316 2711 3465 2768 dica-

1897 2803 2061 2857 mus?
2106 2802 2399 2857 Videamus
2456 2803 2621 2873 igitur
2663 2818 2784 2873 quaa
2829 2803 2883 2856 in
2918 2804 3173 2857 extremis
3206 2812 3461 2857 eventura

1898 2904 2026 2949 sunt
2052 2911 2213 2964 super
2260 2895 2539 2948 immunda
2572 2896 2675 2951 hac
2706 2896 2988 2951 meretrice
3017 2912 3033 2949 :
3079 2897 3367 2966 qualisque
3399 2913 3464 2951 ac

1899 2996 2138 3057 quantus
2180 2988 2477 3051 cruciatus,
2504 2985 2596 3040 Dei
2630 2988 2998 3058 indignatione
3048 2997 3173 3043 ante
3204 2989 3348 3043 diem
3373 2990 3463 3060 ju-

1828 3110 1869 3165 ς
1902 3076 2026 3132 dicii
2073 3086 2370 3146 przerogata
2410 3076 2462 3130 in
2496 3087 2835 3131 antecessum
2868 3094 3150 3148 poenarum
3188 3092 3359 3149 parte,
3391 3083 3465 3136 illi

1903 3175 2228 3236 superventu
2239 3183 2351 3220 rus.

1974 3258 2142 3314 XXX.
2184 3259 2327 3313 Ades
2380 3259 2563 3328 igitur,
2612 3276 2645 3314 ο
2680 3260 2832 3315 beate
2862 3261 3029 3330 Isaia;
3069 3280 3335 3337 exsurge,
3379 3266 3468 3322 dic

1903 3353 2081 3422 palam
2124 3368 2244 3422 quae
2287 3354 2616 3408 vaticinatus
2662 3368 2722 3407 es
2761 3354 2829 3408 de
2875 3355 3090 3410 civitate
3128 3372 3321 3425 magna
3365 3356 3469 3409 Ba.

1908 3445 2125 3516 bylone.
2196 3443 2331 3499 Nam
2393 3446 2553 3499 etiam
2610 3446 2676 3498 de
2725 3446 3059 3503 Hierusalem
3120 3449 3338 3504 locutus
3390 3466 3469 3513 es,

1908 3540 2094 3607 sicque
2150 3536 2350 3592 factum
2401 3549 2500 3592 est.
2532 3537 2610 3590 Tu
2642 3540 2786 3592 enim
2816 3550 2997 3608 aperte
3021 3541 3203 3595 dixisti
3230 3559 3241 3593 :
3274 3541 3469 3599 «Terra

1910 3638 2090 3683 vestra
2150 3630 2398 3695 deserta;
2451 3630 2697 3683 civitates
2744 3639 2939 3683 vestra:
2998 3631 3118 3700 igne
3173 3645 3469 3690 succensae.

1910 3720 2203 3789 Regionem
2262 3730 2501 3774 vestram
2552 3721 2710 3774 alieni
2769 3723 3025 3779 devorant
3077 3724 3130 3777 in
3180 3736 3471 3794 conspectu

1908 3821 2111 3873 vestro.
2142 3820 2194 3867 et
2224 3812 2464 3867 desolata
2499 3822 2602 3875 est,
2639 3814 2897 3867 subversa
2940 3831 2969 3868 a
3012 3816 3222 3885 populis
3260 3817 3471 3872 alienis.

1912 3905 2332 3973 Derelinquctur
2396 3904 2503 3958 lilia
2554 3906 2681 3959 Sion
2728 3905 2884 3974 quasi
2952 3905 3357 3960 tabernaculum
3418 3907 3472 3960 in

1908 3999 2087 4063 vinea,
2124 4006 2178 4051 et
2208 3998 2350 4052 sicut
2379 4014 2665 4071 pomorum
2700 3997 2944 4052 custodia
2976 3997 3029 4050 in
3063 3997 3469 4055 cucumerario.

1910 4090 2054 4144 sicut
2103 4090 2294 4145 civitas
2340 4099 2642 4162 expugnata
2682 4089 2746 4142 ”.
2786 4109 2803 4139 ι
2878 4088 3016 4155 Quid
3070 4088 3279 4158 igitur?
3331 4086 3471 4143 Num

1910 4181 2025 4237 haec
2070 4182 2182 4251 jam
2237 4198 2345 4238 non
2393 4184 2769 4239 exstiterunt?
2812 4181 3001 4237 Nonne
3054 4182 3271 4252 impleta
3323 4195 3473 4247 sunt,

233 4462 531 4516 obnoxium
562 4477 759 4533 corpus
792 4457 1586 4533 quodsustentantareddant,
1608 4458 1801 4533 merito
1836 4462 1877 4516 D
1908 4459 2205 4533 piendum?
2266 4462 2482 4530 Quanta
2539 4464 2797 4518 nimirum
2862 4478 2958 4533 per
3003 4476 3125 4516 eum
3174 4462 3474 4518 discessio?

236 4533 534 4601 assumpsit
585 4531 905 4603 Hippolytus
947 4532 1000 4585 in
1034 4532 1377 4603 democratiae
1404 4531 1679 4599 popularis
1713 4545 1799 4603 re-

233 4600 450 4671 giminis
484 4600 705 4671 typum.
736 4600 877 4669 quod
914 4616 1037 4654 raro
1068 4602 1417 4668 tranquillum
1444 4610 1559 4663 est,
1590 4600 1800 4671 populis

236 4670 325 4741 per
350 4670 628 4725 licentiam
662 4673 781 4725 aliis
813 4672 865 4724 in
897 4672 1033 4725 alios
1062 4671 1378 4741 plerumque
1418 4670 1800 4741 tumultuanti-

238 4750 333 4795 bus
354 4782 369 4805 ,
410 4743 680 4810 malisque
710 4744 761 4795 in
793 4756 919 4801 eos,
954 4742 1047 4810 qui
1087 4749 1213 4794 sunt
1240 4740 1530 4801 meliores,
1573 4740 1803 4810 illosque

238 4808 691 4879 opprimentilius.
740 4812 893 4877 Quod
942 4808 1267 4880 sequebatur
1322 4818 1570 4880 monstro
1601 4808 1799 4880 simile,

237 4878 559 4961 frigeratque
575 4881 732 4961 Gudii
761 4878 1115 4961 diligentiam,
1135 4880 1229 4961 καί
1257 4881 1364 4961 τῶν
1395 4879 1525 4961 δέκα
1556 4878 1801 4961 κεράτων

237 4950 325 5004 τοῦ
374 4950 805 5021 θυσιαστηρίου,
859 4950 1000 5004 haud
1060 4952 1372 5021 pmnitendo
1424 4959 1570 5021 p_uto_
1600 4950 1801 5021 conatu

238 5021 521 5074 emendavi
560 5017 721 5089 atque
748 5022 982 5083 mutavi,
1017 5020 1106 5073 τοῦ
1140 5017 1655 5091 τετάρτουςθηρίου.
1690 5017 1803 5071 Hu-

237 5092 323 5157 jus
351 5092 500 5143 enim
532 5088 660 5145 sunt
691 5091 876 5145 decem
912 5106 1150 5153 cornua,
1193 5100 1243 5145 et
1277 5088 1342 5158 in
1379 5088 1801 5158 illis'designata

241 5163 426 5231 decem
471 5175 633 5231 regna
654 5200 693 5231 ,ν
714 5176 779 5215 ac
812 5161 1017 5228 reliqua
1054 5176 1083 5213 a
1108 5175 1272 5229 regno
1296 5157 1671 5231 Romanorum
1704 5173 1801 5231 seu

243 5230 470 5309 imperio
496 5245 509 5279 :
538 5228 699 5300 quasi
731 5240 880 5309 certo
912 5245 1140 5309 numero
1169 5228 1265 5298 pro
1294 5228 1501 5283 incerto
1534 5245 1546 5279 :
1595 5229 1648 5309 in
1675 5228 1801 5309 qui-

244 5301 361 5360 bus,
418 5314 551 5353 num
594 5315 761 5354 cornu
814 5301 942 5354 illud
974 5316 1172 5353 novum
1207 5309 1260 5354 et
1298 5314 1525 5367 parvum
1568 5299 1802 5368 origine,

242 5379 388 5423 tanta
412 5370 750 5440 immanitate
771 5378 1105 5440 provectum,
1134 5369 1346 5438 aliaque
1366 5369 1601 5424 evellens
1624 5368 1803 5440 capita

244 5441 404 5508 inque
439 5439 547 5493 illis
576 5438 948 5501 succrescens,
984 5439 1332 5504 Mahometes,
1365 5447 1445 5493 tot
1469 5440 1581 5508 jam
1620 5438 1804 5508 regnis

246 5506 446 5577 potitus
498 5512 741 5579 primum,
784 5512 838 5563 in
894 5510 1008 5565 suis
1061 5510 1334 5563 Arabibus
1381 5520 1436 5564 et
1474 5506 1801 5568 Saracenis,

247 5579 582 5646 postmodum
620 5582 672 5634 in
703 5578 897 5635 Turcis
936 5590 989 5634 et
1030 5579 1447 5634 Osmanidarnm
1504 5586 1690 5649 gente;
1739 5591 1803 5630 ac

249 5664 369 5701 nam
399 5664 526 5703 vere
567 5649 966 5715 Antichristus,
1011 5652 1124 5704 sive
1169 5650 1314 5702 illius
1339 5663 1571 5717 operans
1603 5656 1803 5716 myste—

250 5734 382 5772 rium
404 5759 423 5785 ,
454 5718 507 5771 in
538 5728 689 5775 certo
724 5736 831 5775 uno
872 5722 1047 5791 (haud
1078 5718 1216 5775 forte
1259 5719 1330 5773 ita
1360 5720 1605 5786 remoto)
1656 5729 1805 5770 com-

1905 4532 2126 4606 quantis
2158 4535 2455 4606 provinciis
2485 4549 2548 4588 ac
2579 4536 2758 4606 regnis
2786 4532 3113 4606 exStinctum
3142 4533 3471 4606 jugesacri-

1904 4602 2193 4675 liciu‘mac
2230 4604 2608 4675 _Christianttm
2645 4602 2900 4675 'nomen.
2945 4604 3077 4675 dum
3128 4604 3332 4659 nostris
3356 4606 3471 4675 ipsi

1903 4672 2145 4726 dissidiis
2177 4673 2243 4743 ad
2270 4674 2476 4742 reliqua
2506 4675 2798 4729 sternimus
2832 4674 2996 4737 viam,
3030 4673 3257 4743 ejusque
3286 4672 3464 4727 acina-

1904 4756 2021 4794 cem
2056 4742 2212 4810 quasi
2246 4757 2436 4810 sponte
2481 4743 2534 4797 in
2587 4746 2825 4799 cervices
2866 4753 3083 4797 nostras
3116 4742 3469 4798 accersimns.

1904 4811 2106 4865 Altaris
2167 4827 2375 4866 cornua
2443 4815 2673 4877 decem,
2732 4814 3071 4873 inauditum,
3151 4814 3251 4883 sed,
3301 4815 3473 4883 magis

1903 4891 2141 4949 quatuor
2176 4898 2188 4932 :
2220 4892 2274 4936 et
2300 4883 2425 4939 licet
2453 4893 2633 4938 essent
2662 4893 2716 4939 ct
2743 4886 2832 4939 illa
2870 4886 3086 4946 decem,
3122 4882 3255 4935 nihil
3290 4882 3469 4937 tamen

1904 4950 1973 5072 Ed
2038 4949 2349 5023 Hippolyti,
2406 4955 2766 5024 explicatione
2834 4953 3100 5019 Danielis,
3180 4953 3469 5007 intentum.

1951 5036 2142 5072 ouanr.

1951 5036 2142 5075 0MBEF.

1980 5091 2095 5161 (GI)
2128 5092 2333 5159 Δεῦρο,
2359 5110 2413 5147 κ.
2437 5111 2489 5148 τ.
2511 5093 2560 5163 λέ.
2586 5093 2710 5150 Ηωε
2741 5103 2795 5149 et
2822 5094 3101 5163 sequentia
3136 5094 3475 5163 illustrantur

1907 5175 1936 5234 a
1967 5176 2164 5234 magno
2188 5162 2472 5234 Bossuetio
2504 5162 2761 5220 Meldensi
2794 5162 3050 5234 episcopo
3082 5165 3135 5217 in
3168 5162 3375 5233 praefat.
3409 5165 3473 5217 ad

1906 5230 2289 5303 Apocalypsin,
2319 5232 2347 5303 ς
2375 5234 2463 5287 5'5.

1979 5300 2092 5372 (62)
2115 5300 2198 5357 ⁷Τι
2234 5300 2708 5374 πρὸεφήτευσας.
2761 5301 3031 5369 Combel'.,
3065 5303 3101 5356 ἂ
3135 5306 3477 5377 προεφήτευ-

1911 5386 2029 5433 σας.

1980 5441 2091 5510 (63)
2131 5440 2631 5512 Κατεστραμμένη
2693 5442 2811 5497 ὑπὸ
2860 5440 3126 5498 πολλῶν.
3199 5442 3471 5507 Combef.,

1913 5512 2365 5584 PE?§i‘_“9?:l*l“’—Wl
2405 5515 2508 5584 ὑπὸ
2541 5514 2701 5567 λαῶν-

1911 5580 2094 5702 ϐέξι)
2118 5580 2605 5651 Ἓνὰικὺηρὰτῳ.
2641 5583 2853 5639 Ebroic.
2890 5598 3017 5649 ms.,
3047 5586 3103 5637 ἐν
3138 5582 3471 5657 σικυηλάτῳ.

1956 5664 2046 5703 HD.
