3860 6200
231 257 334 312 733

1323 263 1411 319 DE
1448 259 1745 318 CHRISTO
1785 259 1870 314 ET
1906 253 2383 314 ANTlCHRlSTO.

3359 253 3467 310 7M

228 377 440 430 πάντα·
489 375 592 450 ἤδη
635 377 930 435 ὕποτάσσει
987 380 1192 444 πάντας
1231 383 1356 446 τοὺς
1405 382 1478 453 μὴ
1514 381 1795 444 θέλοντας·

1906 387 1959 432 et
1988 375 2310 432 comminuit
2330 373 2545 435 omnia;
2573 369 2684 440 jam
2710 368 2911 424 invitos
2931 383 3121 424 omnes
3153 370 3254 424 sub
3273 369 3467 438 jugum

225 468 324 538 ἤδη
370 467 643 539 βλέπομεν
683 470 823 524 αὑτά
849 472 1038 542 ἡμεῖς’
1074 472 1170 544 ήδη
1214 471 1504 543 δοξάζομεν
1544 471 1634 526 τὸν
1666 471 1796 525 Θεὸν

225 544 329 612 ὑπὸ
361 559 458 611 σού
491 559 888 631 διδασκόμενοι.
1278 554 1282 557 ’

306 648 448 700 Ἀλλ’
513 651 699 722 ἐπειδὴ
731 651 1023 724 προύκειτο
1074 653 1204 724 ἡμῖν
1257 651 1384 723 περὶ
1434 651 1533 723 τῆς
1594 651 1799 723 πόρνης

225 742 422 801 είπεῖν,
485 743 754 813 πάρελθε,
802 738 847 797 ὦ
898 745 1134 815 μακάριε
1199 743 1414 798 Ἦσαῖα.
1472 743 1700 814 Ἰδωμεν
1747 743 1798 796 τί

223 829 408 898 λέγεις
447 834 573 903 περὶ
619 831 953 899 Βαϐυλῶνος.
1006 855 1024 888 ι
1063 835 1378 906 Κατάδηθι,
1439 834 1659 888 κάθισον
1707 835 1797 888 ἐπὶ

219 921 360 990 γῆς,
399 923 644 996 θυγάτηρ
677 924 944 996 παρθένος
976 925 1320 989 Βαϐυλῶνοςο
1357 925 1606 992 κάθισον,
1629 925 1797 993 θυγά-

220 1028 330 1080 τηρ
386 1013 667 1068 Χαλδαίων
695 1032 709 1045 ·
803 1016 985 1068 οὐκέτι
1051 1015 1318 1088 προστεθῇ
1390 1033 1472 1069 σοι
1536 1016 1798 1087 κληθῆναι

221 1101 409 1174 ἁπαλὴ
442 1104 537 1156 καὶ
569 1104 830 1178 τρυφερά.
865 1106 1009 1159 Λάϐε
1049 1107 1299 1177 μύλωνα,
1332 1105 1519 1160 ἄλεσον
1548 1105 1794 1176 ἄλευρον,

219 1194 580 1264 ἁποκάλυψαι
617 1195 680 1247 τὸ
717 1196 978 1267 κάλυμμά
1027 1213 1143 1261 σου,
1192 1196 1517 1268 ἀναξύρισον
1553 1197 1665 1268 (72)
1700 1196 1798 1260 τὰς

223 1285 450 1350 πολιὰς,
479 1286 814 1357 ἀνακάλυψαι
842 1287 941 1352 τὰς
968 1289 1203 1360 κνήμας,
1235 1288 1451 1358 διάϐηθι
1487 1288 1761 1360 ποταμούς
1780 1304 1794 1319 ο

224 1377 738 1450 ἁνακαλυφθήσεται
780 1381 813 1451 ἡ
854 1380 1227 1451 αίσχημοσύνη
1280 1397 1409 1446 σου,
1471 1384 1798 1453 φανήσονται

227 1472 274 1524 ot
302 1470 596 1541 ὀνειδισμοί
643 1487 768 1524 σουο
814 1471 874 1526 τὸ
915 1473 1120 1526 δίκαιον
1159 1474 1223 1526 ἐκ
1262 1471 1355 1525 σοῦ
1390 1472 1625 1543 λήψομαι
1663 1473 1795 1547 (7'5),

229 1563 406 1616 ούκέτι
446 1564 507 1615 ού
555 1563 628 1634 μὴ
670 1563 894 1634 παραδῶ
935 1580 995 1617 σε
1035 1563 1360 1636 ἀνθρώποις.
1409 1565 1466 1618 Ὀ
1499 1565 1800 1637 ρυσάμενός

236 1671 292 1707 σε
321 1655 523 1726 Κύριος
574 1653 835 1722 Σαϐαὼθ,
893 1655 1064 1728 Ι5νομα
1121 1655 1266 1726 αύτῷ
1308 1657 1497 1724 ’Ἄγιος
1561 1656 1793 1728 Ἰσραήλο

1905 468 2089 522 mittit.
2125 465 2250 521 Hmc
2279 479 2376 519 nos
2403 463 2512 532 jam
2539 461 2820 526 videmus;
2850 461 2962 531 jam
2993 476 3025 516 a
3050 470 3102 517 te
3132 461 3274 517 docti
3297 461 3465 517 Deum

1903 561 2289 630 gloriﬁcamus.

1971 653 2213 708 XXXIV.
2273 650 2540 718 Quoniam
2573 665 2702 722 vero
2733 647 3071 720 propositum
3107 649 3261 703 nobis
3293 647 3471 702 fuerat

1907 758 1965 803 ut
2003 748 2069 803 de
2107 748 2395 802 meretrice
2441 745 2812 815 loqueremur,
2857 742 3067 807 adesto,
3111 742 3264 796 beate
3305 741 3465 796 Isaia.

1906 839 2200 895 Videamus
2248 839 2376 909 quid
2426 838 2575 892 dicas
2623 837 2689 892 de
2738 835 3030 906 Babylone.
3099 852 3118 886 ι
3172 832 3464 900 Descende,

1906 932 2032 987 sede
2079 931 2133 985 in
2184 940 2360 994 terra,
2412 929 2517 983 ﬁlia
2567 928 2717 997 virgo
2761 925 3086 996 Babylonis;
3147 924 3306 988 sede,
3357 925 3467 980 ﬁlia

1903 1023 2318 1087 Chaldaeorum;
2367 1037 2474 1075 non
2513 1019 2746 1089 amplius
2790 1018 3075 1088 adjicietur
3120 1017 3214 1071 tibi
3269 1025 3328 1070 ut
3371 1030 3468 1069 vo-

1905 1114 2047 1169 oeris
2085 1113 2263 1167 mollis
2299 1120 2353 1166 et
2391 1111 2639 1166 delicata.
2683 1109 2835 1164 Tolle
2873 1109 3073 1164 molam
3117 1125 3130 1162 :
3167 1107 3308 1162 mole
3337 1105 3469 1160 fari-

1905 1221 2051 1272 nam,
2095 1205 2270 1259 revela
2311 1204 2705 1274 operimentum
2759 1211 2934 1268 tuum,
2971 1202 3098 1256 rade
3133 1215 3323 1264 canos,
3356 1199 3469 1254 dis-

1905 1295 2122 1365 cooperi
2169 1295 2349 1358 tibias,
2395 1295 2562 1350 transi
2610 1294 2868 1361 ﬁumina;
2926 1293 3254 1349 revelabitur
3291 1292 3467 1360 turpi-

1904 1387 2036 1441 tudo
2076 1396 2199 1453 tua;
2237 1387 2569 1456 apparebunt
2603 1386 2894 1457 opprobria
2940 1395 3070 1451 tua;
3109 1385 3368 1440 ultionem
3400 1400 3464 1438 ex

1905 1487 1957 1533 te
1983 1493 2227 1545 sumam;
2265 1494 2604 1548 nequaquam
2640 1477 2782 1533 ultra
2812 1488 2864 1533 te
2890 1477 3200 1532 hominibus
3234 1478 3464 1532 tradam.

1905 1569 2008 1637 Qui
2039 1571 2182 1625 eruit
2222 1579 2274 1625 te
2299 1569 2559 1625 Dominus
2592 1569 2862 1635 Sabaoth,
2897 1585 3094 1625 nomen
3143 1569 3192 1623 ei
3233 1567 3467 1624 Sanctus

1905 1659 2086 1715 Israel.
2145 1659 2282 1715 Sede
2331 1669 2688 1731 compuncta;
2752 1659 3033 1731 ingredere
3088 1659 3143 1713 in
3187 1660 3463 1725 tenebras,

236 1745 452 1798 κάθισον
510 1746 987 1818 κατανενυγμένη.
1061 1747 1270 1801 εἴσελθε
1339 1750 1419 1812 εις
1473 1746 1534 1801 τὸ
1589 1747 1795 1813 σκότος,

1904 1751 2012 1806 ﬁlia
2042 1750 2456 1818 Chaldaeorum;
2492 1767 2833 1823 nequaquam
2871 1751 3010 1806 ultra
3041 1750 3321 1806 vocaberis
3353 1750 3464 1806 for-

232 1838 475 1910 Θυγάτηρ
523 1838 828 1907 Χαλδαίων,
884 1839 1064 1893 οὐκέτι
1118 1840 1180 1893 ού
1234 1838 1310 1911 μὴ
1353 1838 1602 1912 κληθήσῃ
1648 1839 1800 1909 ἰσχὺς

233 1931 526 2001 βασιλείας.

299 2041 317 2073 ι
350 2022 720 2094 Παρωξύνθην
753 2025 846 2078 ἐπὶ
875 2024 966 2078 τὸν
995 2024 1121 2078 λαόν
1150 2041 1250 2096 μου
1273 2042 1286 2055 ·
1325 2025 1522 2096 ἐμίανα
1560 2025 1669 2098 (74)
1703 2028 1800 2098 τὴν

227 2115 594 2186 κληρονομίαν
641 2133 761 2186 μου.
820 2114 962 2185 Ἐγὼ
1011 2116 1185 2170 ἔδωκα
1227 2119 1306 2181 είς
1347 2118 1446 2187 τὴν
1488 2119 1644 2189 χεῖρά
1679 2136 1796 2172 σου’

222 2208 287 2260 σὺ
333 2208 392 2260 δὲ
439 2209 542 2261 οὐκ
587 2209 805 2273 ἔδωκας·
847 2208 1030 2272 αὐτοῖς
1081 2209 1260 2264 ἔλεον
1323 2209 1387 2263 σὺ
1435 2210 1493 2264 δὲ
1537 2211 1631 2263 ἐπὶ
1675 2211 1800 2275 τοὺς

221 2297 632 2370 πρεσϐυτέρους
669 2298 938 2372 ἐϐάρυνας
978 2300 1069 2354 τὸν
1112 2298 1293 2370 ζυγὸν,
1343 2301 1438 2354 καὶ
1480 2296 1672 2369 εἶπας,
1705 2303 1800 2368 Et;

217 2389 311 2441 τὸν
353 2388 532 2442 αἰῶνα
579 2389 772 2460 ἔσομαι
815 2391 1074 2462 ἄρχουσα.
1119 2392 1231 2445 Οὐκ
1273 2391 1500 2462 ἐνόησας
1538 2392 1708 2446 ταῦτα
1741 2395 1798 2446 ἐν

217 2481 285 2551 τῇ
317 2477 523 2550 καρδίᾳ
565 2495 682 2544 σου,
716 2479 838 2534 οὐδὲ
880 2480 1158 2554 ἐμνήσθης
1183 2481 1253 2534 τὰ
1289 2480 1493 2552 ἐσχατά
1530 2500 1643 2538 σου.
1685 2483 1800 2538 Νῦν

217 2571 274 2624 δὲ
312 2572 484 2624 ἄκουε
523 2569 715 2636 ταῦτα,
751 2574 785 2643 ἡ
813 2573 1080 2644 τρυφερά,
1127 2574 1160 2643 ή
1194 2573 1508 2646 καθημένη,
1548 2577 1581 2646 ἡ
1610 2591 1799 2629 πεποι-

220 2661 345 2715 θυῖα
367 2703 384 2729 ,
421 2664 456 2733 ἡ
497 2662 816 2736 λέγουσαηέν
849 2666 912 2735 τῇ
952 2663 1181 2736 καρδίᾳ·
1227 2666 1366 2734 Ἐγώ
1401 2669 1536 2739 εἰμι,
1572 2668 1666 2722 καὶ
1697 2667 1798 2722 οὐκ

218 2753 370 2806 ἔστιν
419 2753 615 2824 ἑτέραο
683 2754 740 2806 οὑ
801 2752 974 2807 καθιῶ
1016 2755 1179 2825 χήρα,
1222 2756 1343 2810 ούδέ
1375 2756 1652 2829 γνώσομαι
1702 2759 1798 2831 ὀρ.

221 2845 368 2916 φανὴ
419 2844 554 2915 (75).
612 2846 746 2898 Νυνὶ
785 2846 841 2899 δὲ
884 2845 1004 2916 ἥξει
1043 2847 1137 2900 ἐπὶ
1186 2847 1244 2901 σὲ
1292 2848 1360 2902 τά
1393 2848 1487 2903 δύο
1525 2849 1698 2906 ταῦτα
1741 2853 1796 2904 ἐν

220 2936 408 3008 ἡμέρᾳ
440 2938 559 3007 μιᾷ,
593 2937 785 3009 χηρεία
823 2940 918 2992 καὶ
955 2939 1197 2992 άτεκνία.
1228 2939 1383 3005 ’Ἥξει
1421 2941 1677 3015 ἐξαίφνης
1706 2944 1798 2997 ἐπὶ

221 3028 282 3080 σὲ
311 3029 377 3081 ἐν
405 3030 473 3098 τῇ
523 3031 840 3100 φαρμακεία
875 3045 992 3095 σου,
1021 3030 1078 3081 ἐν
1105 3032 1170 3100 τῇ
1203 3029 1346 3100 ίσχύῖ
1383 3030 1488 3084 τῶν
1531 3033 1797 3087 ἐπαοιδῶν

219 3137 317 3174 σου
360 3121 598 3192 σφόδρα,
644 3125 709 3192 τῇ
751 3121 928 3175 ἐλπίδι
972 3123 1073 3192 τῆς
1115 3124 1370 3194 πορνείας
1415 3141 1529 3179 σου.
1581 3126 1652 3179 Σὺ
1692 3125 1800 3197 γὰρ

218 3207 416 3275 εἴπας,
470 3209 608 3279 Ἐγώ
646 3215 780 3282 εἰμι,
823 3211 914 3265 καὶ
961 3213 1061 3265 οὐκ
1101 3212 1247 3266 ἔστιν
1276 3213 1457 3284 ἐτέρα.
1506 3215 1616 3267 Καὶ
1645 3214 1797 3268 ἔσται

223 3301 258 3370 ὴ
296 3299 524 3371 πορνεία
564 3316 657 3354 σου
695 3301 777 3354 σο).
808 3299 1066 3373 αἰσχύνη,
1111 3303 1190 3355 ὅτι
1218 3297 1379 3366 εἶπας
1416 3303 1473 3354 ἐν
1507 3307 1572 3375 τῇ
1607 3304 1802 3376 καρδίᾳ

227 3409 339 3460 σου,
359 3394 503 3463 Ἐγώ
523 3397 658 3466 είμι.
692 3395 799 3449 Καὶ
829 3395 947 3465 ἥξει
978 3395 1071 3448 ἐπὶ
1105 3395 1165 3448 σὲ
1198 3393 1472 3460 ἀπώλεια,
1506 3397 1600 3450 καὶ
1628 3397 1688 3449 ού
1725 3396 1798 3468 μὴ

228 3486 385 3558 γνῷς.
419 3485 694 3557 [Βόθυνος.
725 3487 818 3540 καὶ
845 3488 1057 3558 ἐμπεσῇ
1086 3488 1164 3550 είς
1191 3487 1370 3541 αὐτόν.
1413 3487 1522 3540 Καὶ
1556 3487 1674 3558 ἥξει
1705 3489 1798 3540 ἐπὶ

229 3578 285 3631 σέ
312 3577 688 3648 ταλαιπωρία,
729 3579 822 3631 καί
845 3578 906 3631 ού
937 3578 1010 3648 μὴ
1037 3577 1240 3651 δυνήσῃ
1277 3578 1490 3650 καθαρὰ
1520 3580 1794 3648 γενέσθαι.

225 3673 332 3726 Καὶ
375 3671 500 3741 ἥξει
557 3671 650 3724 ἐπὶ
701 3672 762 3726 σέ
817 3670 1077 3743 ἐξαπίνης
1131 3671 1411 3740 ἀπώλεία’
1466 3677 1560 3729 καὶ
1608 3676 1668 3728 οὐ
1725 3677 1800 3748 μὴ

219 3761 459 3835 γνώσῃ]
495 3761 662 3831 Στῆθι
697 3761 792 3816 νῦν
821 3764 880 3817 ἐν
919 3767 1037 3827 ταῖς
1066 3763 1344 3827 ἐπαοιδαῖς
1375 3781 1493 3829 σου,
1523 3765 1617 3819 καὶ
1647 3766 1704 3818 ἐν
1731 3769 1797 3837 τῇ

217 3852 391 3923 πολλῇ
429 3853 745 3924 φαρμακείᾳ
774 3869 887 3919 σου,
915 3852 951 3906 ἆ
979 3852 1279 3924 ἐμάνθανες
1309 3856 1374 3908 ἐκ
1401 3854 1650 3925 νεότητός
1679 3872 1795 3919 σου,

216 3942 266 3994 εί
305 3941 515 4015 δυνήσῃ
548 3941 912 4012 ὠφεληθῆναι.
959 3943 1310 4008 Κεκοπίακας
1337 3946 1396 3998 ἐν
1437 3947 1558 4007 ταῖς
1584 3943 1800 4014 βουλαῖς

217 4050 314 4086 σου
335 4051 350 4063 ·
393 4035 675 4104 στήτωσαν
705 4033 798 4087 καὶ
837 4034 1162 4089 σωσάτωσάν
1189 4052 1248 4088 σε
1284 4036 1334 4089 οἱ
1362 4035 1676 4106 ἀστρολόγοι
1705 4036 1798 4088 τοῦ

215 4126 456 4199 ούρανοῦ
476 4144 490 4157 ο
541 4127 591 4180 οἱ
633 4126 866 4199 ὁρῶντες
902 4128 1028 4190 τοὺς
1057 4127 1292 4200 ἀστέρας
1321 4127 1798 4196 ἀναγγειλάτωσάν

221 4237 328 4284 σοι,
383 4219 436 4271 τί
493 4218 673 4290 μέλλει
725 4219 818 4272 ἐπὶ⁹
861 4219 920 4271 σε
966 4218 1238 4291 ἔρχεσθαι.
1301 4218 1431 4272 Ἰδοὺ
1481 4220 1680 4282 πάντες
1725 4219 1800 4282 ὡς

219 4311 481 4382 φρύγανα
547 4309 754 4381 πυρὸς,
813 4308 954 4362 οὕτω
1009 4308 1404 4381 καυθήσονται,
1465 4309 1559 4362 καὶ
1606 4309 1666 4362 ού
1725 4309 1799 4380 μὴ

1901 1837 2074 1895 titudo
2101 1838 2274 1908 regni.

1971 2011 2185 2068 XXXV.
2249 2031 2267 2064 ι
2309 2017 2489 2068 Iratus
2549 2029 2672 2069 sum
2731 2030 2897 2086 super
2947 2015 3205 2085 populum
3247 2032 3461 2081 meum;

1900 2100 2267 2155 contaminavi
2309 2100 2680 2158 haereditatem
2728 2118 2924 2158 meam.
2973 2103 3085 2175 Ego
3127 2105 3249 2161 dedi
3280 2122 3375 2162 eos
3406 2107 3462 2161 in

1900 2203 2064 2244 manu
2099 2198 2224 2259 tua;
2259 2201 2316 2246 tu
2346 2208 2475 2248 vero
2512 2210 2619 2249 non
2647 2194 2840 2251 dedisti
2871 2196 2950 2251 eis
2993 2195 3456 2264 misericordiam;

1901 2291 1958 2334 tu
1984 2297 2113 2338 vero
2138 2299 2300 2354 super
2325 2285 2568 2343 seniores
2595 2290 2896 2359 aggravasti
2918 2289 3133 2360 jugum,
3160 2300 3214 2346 et
3239 2292 3452 2351 dixisti:

1900 2373 1956 2428 In
2008 2383 2269 2430 aeternum
2320 2393 2416 2433 ero
2459 2379 2698 2438 domina.
2751 2379 2869 2438 Non
2919 2383 3166 2454 cogitasti
3227 2384 3343 2440 haec
3405 2386 3460 2440 in

1899 2467 2065 2521 corde
2104 2475 2222 2534 tuo,
2253 2485 2354 2526 nec
2393 2472 2815 2528 novissimorum
2868 2475 3148 2531 recordata
3179 2491 3258 2532 es.
3311 2475 3468 2533 Nunc

1900 2570 2079 2616 autem
2107 2564 2234 2618 audi
2260 2565 2394 2631 hzec,
2423 2565 2675 2630 delicata,
2708 2584 2829 2639 quae
2859 2570 3037 2635 sedes,
3066 2587 3186 2642 qua:
3213 2573 3463 2638 conﬁdis,

1900 2670 2021 2724 qua:
2045 2654 2182 2711 dicis
2211 2657 2264 2710 iu
2294 2658 2455 2711 corde
2480 2669 2608 2714 tuo:
2631 2659 2741 2731 Ego
2765 2677 2907 2725 sum,
2935 2670 2990 2717 et
3018 2678 3127 2718 non
3159 2673 3240 2719 est
3264 2665 3463 2734 altera;

1900 2758 1953 2800 et
1986 2761 2092 2800 non
2120 2747 2319 2803 sedebo
2349 2749 2527 2816 vidua,
2557 2766 2732 2822 neque
2759 2754 2926 2808 sciam
2954 2755 3260 2810 orbitatem.
3309 2755 3466 2813 Nunc

1899 2846 2079 2892 autem
2125 2838 2345 2894 venient
2375 2855 2540 2910 super
2580 2851 2632 2897 te
2662 2843 2777 2899 haec
2804 2843 2912 2900 duo
2945 2845 3000 2900 in
3043 2862 3147 2901 una
3174 2845 3282 2911 die,
3318 2848 3464 2918 quod

1899 2928 2058 2982 vidua
2087 2929 2164 2984 sis
2202 2945 2266 2985 ac
2297 2930 2427 2986 orba
2464 2931 2670 2989 liberis.
2698 2932 2926 2989 Venient
2966 2945 3186 3007 repente
3218 2937 3270 2992 iu
3304 2954 3466 2994 vene-

1899 3019 2024 3075 ﬁcio
2076 3029 2208 3084 tuo,
2267 3022 2321 3076 in
2373 3021 2689 3080 fortitudine
2755 3026 3181 3084 incantationum
3246 3039 3464 3085 tuarum

1902 3109 2076 3177 valde,
2111 3127 2207 3181 spe
2233 3111 2609 3170 fornicationis
2640 3124 2763 3171 tute.
2799 3115 2877 3172 Tu
2913 3119 3056 3173 enim
3088 3120 3271 3176 dixisti
3305 3137 3318 3175 :
3352 3121 3464 3191 Ego

1903 3215 2044 3266 sum,
2093 3213 2146 3257 et
2186 3218 2293 3258 non
2339 3213 2423 3260 est
2469 3206 2658 3262 altera.
2705 3206 2770 3261 Et
2798 3208 2900 3262 erit
2931 3207 3217 3266 fornicatio
3243 3219 3336 3266 tua
3367 3212 3464 3267 tibi

1900 3291 2170 3358 confusio,
2226 3297 2371 3365 quod
2418 3296 2602 3353 dixisti
2661 3299 2716 3352 in
2765 3303 2928 3356 corde
2975 3310 3070 3357 tuo
3110 3318 3124 3354 :
3170 3301 3280 3372 Ego
3318 3320 3459 3359 sum.

1899 3381 1967 3436 Et
2000 3384 2180 3439 veniet
2225 3401 2390 3454 super
2434 3395 2485 3442 te
2531 3389 2781 3458 perditio,
2815 3399 2869 3446 et
2898 3393 3142 3462 nescies;
3187 3404 3241 3448 et
3284 3394 3459 3461 fovea,

1899 3485 1954 3532 et
1981 3479 2184 3532 incides
2241 3480 2293 3534 in
2339 3497 2478 3535 cam.
2530 3481 2596 3536 Et
2642 3484 2818 3539 veniet
2864 3500 3026 3555 super
3057 3495 3107 3542 te
3137 3488 3376 3553 miseria,
3410 3498 3464 3544 et

1901 3581 2008 3620 non
2033 3570 2236 3644 poteris
2267 3573 2468 3626 munda
2498 3573 2633 3628 ﬁeri.
2662 3573 2726 3629 Et
2749 3576 2928 3631 veniet
2957 3593 3122 3647 super
3157 3585 3209 3633 te
3242 3589 3463 3649 repente

1902 3656 2183 3726 interitus,
2219 3670 2271 3715 et
2305 3678 2412 3716 non
2447 3663 2730 3735 intelliges.
2758 3665 2851 3721 Sta
2878 3683 3021 3724 nunc
3051 3671 3104 3723 in
3135 3669 3459 3728 incantatio-

1900 3748 2061 3803 nibus
2095 3751 2223 3816 tuis,
2256 3761 2309 3805 et
2347 3753 2400 3805 in
2437 3755 2623 3810 multis
2652 3758 2929 3814 veneﬁciis
2971 3760 3100 3828 tuis,
3129 3776 3251 3831 quae
3285 3763 3450 3818 disce-

1899 3840 1998 3896 bas
2037 3856 2068 3895 a
2091 3842 2374 3911 juventute
2399 3855 2521 3912 tua,
2561 3847 2605 3901 si
2636 3849 2838 3916 poteris
2871 3849 3136 3919 adjuvari.
3172 3852 3462 3910 Laborasti

1901 3933 1955 3987 in
1986 3935 2226 3990 consiliis
2258 3937 2365 3991 tuis
2391 3955 2404 3991 :
2435 3948 2579 3993 stent
2621 3948 2675 3994 et
2712 3939 2916 3995 salvam
2951 3951 3001 3997 te
3029 3941 3232 3999 faciant
3274 3954 3459 4001 astro-

1899 4028 2005 4098 logi
2056 4029 2176 4084 cceli
2223 4047 2236 4083 :
2281 4031 2372 4100 qui
2419 4032 2855 4103 contemplantur
2897 4037 3101 4103 stellas,
3138 4042 3464 4096 annuntient

1900 4121 1996 4175 tibi
2041 4122 2169 4191 quid
2211 4122 2451 4178 futurum
2495 4125 2561 4179 sit
2603 4125 2765 4195 super
2808 4136 2878 4184 te.
2922 4127 3061 4184 Ecce
3107 4145 3295 4189 omnes
3343 4143 3463 4188 tan-

1899 4231 2061 4285 quam
2093 4217 2288 4287 stipula
2323 4217 2482 4287 ignis,
2511 4219 2591 4275 sic
2622 4221 3030 4288 comburentur,
3055 4234 3108 4278 et
3133 4239 3239 4278 non
3269 4237 3464 4282 eruent

1899 4309 2137 4364 animam
2187 4326 2341 4366 suam
2395 4312 2462 4366 de
2505 4310 2741 4368 ﬂamma.
2796 4313 3246 4385 Quandoquidem
3293 4317 3462 4373 habes

217 4403 514 4470 ἐξέλωνται
565 4405 664 4474 τὴν
706 4403 882 4473 ψυχὴν
925 4402 1102 4456 αὐτῶν
1145 4403 1211 4456 ἐκ
1246 4401 1460 4473 φλογός.
1504 4402 1623 4456 Ὅτι
1656 4400 1795 4472 ἔχεις

1904 4403 2164 4458 carbones
2197 4404 2356 4473 ignis,
2387 4405 2514 4460 sede
2541 4420 2704 4476 super
2727 4422 2820 4464 eos
2847 4424 2860 4460 :
2901 4407 2980 4463 sic
3019 4408 3141 4464 inde
3162 4409 3459 4479 juvaberis.

217 4495 508 4568 ἄνθρακας
542 4493 740 4564 πυρὸς,
775 4491 995 4546 κάθισαι
1041 4493 1127 4547 ἐπ’
1162 4493 1377 4557 αὐτούς.
1423 4491 1611 4556 Οὕτως
1643 4493 1793 4546 ἔσται

219 4604 316 4640 σου
354 4585 466 4657 (76)
507 4585 586 4648 εἰς
628 4583 898 4655 βοήθειαν.
950 4583 1277 4648 Ἐκοπίασας
1321 4586 1379 4638 ἐν
1417 4585 1483 4654 τῇ
1526 4583 1791 4655 μεταδολῇ

295 4725 342 4758 ⁸⁸
364 4724 470 4780 lsa.
497 4739 662 4790 nvn,
693 4723 829 4778 1-15.

292 4867 410 4939 (72)
444 4866 848 4939 Ἁναξύρισον.
877 4863 1046 4931 Quasi
1079 4883 1098 4919 ι
1120 4865 1383 4939 novacula
1411 4864 1564 4939 rade;
1593 4883 1612 4918 ι
1643 4865 1789 4939 qugd

217 4935 542 5008 expressius
567 4946 670 5008 est,
704 4937 988 5006 majusque
1031 4935 1307 5008 servitutis
1339 4949 1403 5008 ac
1441 4935 1790 5008 luctusindi-

219 5003 394 5062 cium.
429 5006 642 5075 Reliqui
675 5003 852 5060 tamen
889 5003 1247 5074 ἀνακάλυψαι,
1284 5023 1303 5054 ι
1336 5005 1571 5070 denuda,
1604 5006 1791 5075 detege

219 5093 440 5133 comam
487 5074 670 5141 tuam;
711 5094 731 5127 ι
790 5092 892 5132 nec
941 5077 1096 5131 aliter
1125 5075 1376 5139 Hebraea;
1433 5083 1493 5128 ut
1533 5075 1605 5130 sit
1646 5074 1789 5130 iStud

220 5147 502 5218 Hippolyti
533 5147 722 5218 scribae
755 5146 1029 5202 mendum.
1064 5143 1372 5218 Προστεθῇ
1403 5159 1522 5199 σοι.
1554 5144 1714 5218 Forte
1736 5152 1790 5199 et

222 5215 444 5288 ipsum'
485 5216 829 5286 expressius,
893 5232 1056 5286 quam
1114 5215 1455 5287 προστεθήσῃ
1533 5215 1785 5270 aliorum.

216 5293 463 5345 COIBEF.

293 5359 408 5427 (73)
450 5355 520 5410 Τὸ
550 5353 782 5410 δίκαιον
804 5355 873 5408 ἐκ
896 5355 1011 5410 σοῦ
1031 5353 1317 5427 λήψομαι.
1352 5353 1517 5408 Plana
1551 5351 1786 5427 phrasis,

219 5422 410 5499 quam
445 5427 529 5481 sic
583 5441 900 5499 expressere
940 5422 1149 5499 _omnes
1183 5422 1567 5499 ;iritet-pretes._
1590 5422 1782 5499 ‘Vulg.

225 5490 252 5549 ἱ
279 5496 508 5566 Capiam
548 5490 830 5566 ultionem.
860 5514 879 5547 ι
940 5494 1159 5566 Targ._t
1183 5490 1456 5566 Ultionem
1488 5490 1783 5566 perfectam

221 5563 437 5637 capiam
491 5581 556 5620 ex
590 5574 715 5637 ιθ.»
749 5565 1005 5637 Syriae.
1032 5563 1080 5637 uir
1101 5563 1437 5637 Supplicium
1465 5563 1547 5637 _de
1597 5572 1647 5617 te
1691 5578 1786 5616 su-

227 5633 394 5699 mam,
429 5655 447 5687 ι
487 5647 592 5690 etc.
626 5633 717 5688 Sic
748 5633 883 5690 belle
910 5634 1156 5690 Nobilius
1181 5633 1244 5687 Ξὶ
1274 5633 1431 5700 Quod
1458 5633 1667 5704 justum
1703 5640 1787 5685 cst

227 5713 289 5766 de
325 5718 387 5779 te
429 5705 696 5760 auferam.
727 5723 747 5757 ι
808 5704 1086 5775 Signiﬁcat
1136 5703 1397 5774 propheta
1420 5745 1434 5770 ,
1464 5703 1468 5704 “
1494 5703 1785 5773 ipsummet

1900 4491 2183 4548 Laborasti
2231 4495 2285 4550 in
2319 4496 2622 4551 mutatione
2673 4505 2765 4552 tua
2813 4513 2843 4553 a
2866 4498 3169 4570 juventute.
3208 4498 3382 4555 Homo
3407 4499 3464 4554 in

1901 4585 2192 4656 semetipso
2234 4589 2433 4642 erravit
2469 4607 2482 4643 :
2518 4590 2614 4644 tibi
2649 4597 2829 4645 autem
2882 4606 2992 4646 non
3022 4592 3125 4646 erit
3165 4591 3399 4647 salus“.
3435 4607 3457 4645 ι

1897 4865 2065 4920 Deum
2121 4867 2350 4919 ultorem
2404 4862 2540 4931 fore,
2573 4881 2673 4921 nec
2707 4867 2829 4924 aliis
2871 4868 3132 4923 tradendo
3183 4867 3462 4926 ulturum:

1895 4935 2040 5006 quod
2069 4935 2285 5006 gravius
2318 4934 2382 4988 ad
2419 4943 2701 4991 terrorem.
2740 4937 2829 4992 Sic
2850 4938 3055 4994 Paulus
3080 4937 3243 4994 Hebr.
3279 4955 3335 5004 ι,
3354 4939 3416 4992 21
3444 4957 3458 4994 :

1896 5004 1924 5129 li
1951 5004 2291 5060 Horrendum
2325 5012 2408 5060 est
2441 5006 2680 5061 incidere
2712 5007 2764 5061 in
2799 5024 2992 5064 manus
3027 5007 3121 5064 Dei
3150 5008 3399 5065 viventis.
3435 5026 3457 5062 ι

1917 5091 2045 5129 neu.

1917 5091 2045 5130 DEI.

1967 5145 2077 5216 (74)
2114 5145 2372 5218 Ἐμίανα.
2403 5143 2493 5218 Sic
2519 5146 2697 5215 palam
2726 5144 2946 5202 Hebraea
2975 5163 3039 5203 ac
3068 5147 3259 5218 reliqui
3289 5150 3464 5204 inter-

1897 5225 2076 5288 pretes
2096 5231 2272 5288 ;__n_ec
2305 5217 2430 5288 nisi
2478 5232 2665 5288 errgre
2708 5219 2981 5288 scriptum
3011 5217 3282 5288 ἐμίανας,
3315 5218 3459 5288 quod

1896 5283 2082 5357 Caeca
2110 5283 2269 5356 Vulg.
2284 5286 2520 5357 habent.
2566 5285 2777 5340 Passim
2807 5283 3044 5343 occurrit
3064 5283 3148 5342 'in
3178 5283 3460 5357 Scriptura

1892 5355 1946 5409 in
1988 5371 2217 5426 persona
2279 5355 2375 5428 Dei
2443 5357 2924 5428 sic_ulciscenlis,
2993 5368 3047 5411 et
3093 5355 3456 5428 permittentis

1891 5423 2080 5480 sancta
2111 5425 2490 5481 contaminari.
2533 5423 2682 5479 luent.
3093 5423 3112 5428 '
3460 5486 3466 5492 ί

1891 5495 2072 5618 mgf)
2119 5493 2392 5564 ’Opsaawj.
2443 5494 2712 5562 Combef.,
2746 5493 3028 5567 ὀρφανίαν.
3087 5494 3179 5554 Sic
3208 5505 3265 5555 et
3311 5497 3450 5568 apud

1961 5632 2072 5704 (76)
2103 5635 2306 5693 Ἔσται
2349 5649 2483 5692 σου.
2511 5631 2612 5702 ld.,
2637 5633 2786 5688 ἔσται
2818 5651 2932 5689 σοι..
