3860 6200
451 334 550 390 εδδ

1077 334 1136 389 S.
1177 331 1534 388 HIPPOLYTI
1575 331 1724 386 OPP.
1769 328 1946 384 PARS
1984 325 2047 382 ll.
2089 357 2156 368 —
2196 327 2498 386 DOGMAT.
2539 327 2629 383 ET
2670 326 3010 384 HISTORIC.
3551 325 3639 380 736

447 452 571 508 llaec
600 452 820 524 quidem
853 452 950 507 tibi
983 451 1152 509 Isaias
1181 454 1504 509 vaticinatur
1529 471 1542 508 ε
1567 453 1846 509 videamus
1878 468 2007 508 num

2117 468 2205 504 σου
2220 452 2283 505 ὲκ
2299 453 2565 523 νεότητος.
2589 450 2906 523 Ἀνθρωπος
2919 447 3038 502 καθ’
3056 446 3247 500 ἑαυτὸν
3259 443 3519 515 ἐπλάγχθη
3532 444 3642 514 (77)-

443 555 500 601 et
523 545 763 601 Joannes
788 544 986 601 similia
1015 545 1228 602 locutus
1255 548 1342 603 sit.

523 821 762 880 XXXVI.
795 824 896 880 Hic
926 827 1075 881 enim
1109 843 1233 885 cum
1267 829 1321 884 in
1351 829 1543 884 Patmo
1570 831 1744 886 insula
1768 846 2010 886 versare-

450 923 559 977 tur,
597 917 1136 992 videt‘apocaiypsim
1185 937 1293 990 qua
1327 921 1536 976 detecta
1573 923 1839 978 horrenda
1891 938 2008 993 my-

447 1005 633 1071 steria,
682 1022 853 1077 eaque
891 1025 1141 1074 narrans,
1189 1011 1354 1066 etiam
1407 1012 1542 1068 alios
1576 1011 1779 1068 atl‘atim
1829 1013 2007 1070 docet.

448 1097 570 1162 Dic,
600 1112 803 1168 {103380,
821 1102 976 1159 beate
997 1102 1231 1160 Joannes
1254 1106 1498 1174 apostole
1526 1115 1580 1160 et
1615 1105 1828 1161 Domini
1853 1108 2011 1163 disci-

449 1190 592 1258 pule,
624 1193 882 1262 quidnam
909 1194 1107 1250 audisti
1134 1205 1186 1252 et
1228 1197 1408 1254 vidisti
1449 1199 1516 1253 de
1553 1199 1862 1270 Babylone?
1902 1198 2012 1253 Ex-

451 1283 757 1353 pergiscere
786 1296 842 1341 et
875 1288 1095 1359 loquere
1137 1308 1151 1342 :
1217 1306 1340 1344 nam
1370 1299 1425 1346 et
1455 1291 1570 1346 haec
1592 1302 1643 1346 te
1673 1293 1727 1346 in
1754 1291 2007 1347 exsilium

451 1374 725 1446 relegavit.
797 1396 815 1428 ι
841 1377 908 1433 Et
940 1380 1083 1434 venit
1129 1396 1270 1437 unus
1319 1382 1386 1436 de
1417 1392 1622 1451 septem
1677 1383 1885 1454 angelis
1916 1384 2010 1452 qui

451 1465 727 1522 habebant
775 1478 980 1538 septem
1009 1472 1241 1540 phialas,
1298 1483 1352 1528 et
1379 1475 1592 1531 locutus
1614 1484 1698 1530 est
1732 1475 1886 1538 mihi,
1928 1475 2011 1531 di-

445 1571 576 1610 cens
604 1573 617 1610 ;
657 1553 809 1620 Veni,
833 1559 1114 1612 ostendam
1155 1560 1252 1615 tibi
1279 1561 1682 1617 damnationem
1710 1563 2011 1619 meretricis

447 1661 676 1719 magna),
739 1665 860 1719 quae
903 1651 1052 1706 sedet
1095 1668 1258 1722 super
1310 1671 1482 1724 aquas
1514 1657 1730 1718 multas,
1757 1672 1879 1712 cum
1903 1673 2011 1728 qua

447 1736 694 1793 fornicati
751 1750 879 1794 sunt
927 1757 1086 1812 reges
1117 1753 1293 1810 terrae,
1326 1754 1381 1799 et
1441 1745 1692 1802 inebriati
1738 1757 1866 1803 sunt
1916 1747 2010 1818 qui

445 1829 749 1885 inhabitant
808 1843 1034 1898 terram,
1084 1835 1151 1889 de
1178 1836 1303 1889 vino
1353 1838 1751 1906 prostitutionis
1775 1839 1913 1908 ejus.
1949 1841 2012 1894 Et

446 1920 669 1975 abstulit
700 1937 785 1976 me
815 1922 868 1976 in
912 1924 1106 1992 spiritu
1149 1927 1203 1978 in
1246 1927 1555 1983 desertum:
1589 1940 1643 1983 et
1683 1929 1791 1983 vidi
1821 1931 2010 1986 mulie-

447 2027 559 2065 rem
613 2013 886 2067 sedentem
937 2029 1101 2083 super
1152 2016 1380 2071 bestiam
1432 2019 1764 2085 coccineam,
1797 2023 2008 2092 plenam

446 2103 762 2158 nominibus
790 2105 1160 2174 blasphemiae,
1206 2108 1492 2165 habentem
1525 2113 1701 2181 capita
1731 2127 1935 2185 septem
1959 2131 2011 2172 et

445 2208 652 2248 cornua
679 2194 886 2250 decem.
937 2197 1002 2250 Et
1035 2201 1231 2254 mulier
1291 2211 1409 2256 erat
1453 2205 1648 2260 amicta
1694 2224 1931 2278 purpura
1958 2226 2011 2267 et

444 2285 692 2352 coccino,
724 2296 776 2341 et
808 2286 1058 2346 inaurata
1091 2308 1226 2347 auro
1253 2304 1304 2349 et
1329 2295 1506 2364 lapide
1533 2301 1771 2368 pretioso
1793 2312 1845 2356 et
1867 2319 2010 2358 mar—

445 2376 655 2445 garitis,
691 2378 899 2435 habens
921 2383 1176 2450 poculum
1199 2400 1425 2441 aureum
1458 2388 1512 2442 in
1547 2406 1709 2446 manu
1751 2407 1850 2447 sua
1894 2395 2009 2463 ple-

446 2483 575 2522 num
617 2468 1590 2540 abominationibus,etimmunditias
1630 2481 2009 2542 fornicationis

445 2569 620 2616 terrm.
660 2561 714 2616 ln
743 2562 918 2618 fronte
944 2566 1064 2636 ejus
1095 2582 1290 2622 nomen
1324 2570 1585 2640 scriptum
1617 2592 1628 2626 :
1659 2573 2004 2645 Mysterium;

449 2648 688 2721 Babylon
725 2668 943 2724 magna,
991 2664 1163 2711 mater
1217 2659 1605 2713 scortationum
1643 2667 1697 2715 et
1727 2663 2010 2738 abomina-

443 2742 649 2798 tionum
677 2752 850 2799 terrae.

513 2857 777 2913 XXXVII.
815 2878 834 2911 ι
859 2859 923 2914 Et
947 2861 1055 2916 vidi
1092 2863 1372 2919 mulierem
1408 2865 1613 2920 ebriam
1648 2865 1714 2920 de
1749 2865 2009 2936 sanguine

444 2957 781 3014 sanctorum,
817 2961 870 3004 ct
900 2951 966 3004 de
996 2953 1260 3022 sanguine
1315 2965 1614 3026 martyrum
1643 2953 1793 3011 Jesu.
1821 2955 1888 3008 Et
1915 2955 2011 3009 mi-

444 3048 599 3095 ratus
647 3056 770 3096 sum
826 3043 1018 3100 videns
1051 3044 1220 3108 illam,
1274 3045 1632 3100 admiratione
1681 3063 1897 3117 magna.
1944 3045 2010 3101 Et

441 3132 578 3186 dixit
605 3132 736 3186 mihi
768 3133 994 3203 angelus
1039 3154 1052 3188 :

442 3232 841 3278 sacramentum
870 3225 1111 3280 mulieris
1150 3235 1204 3281 et
1237 3226 1425 3282 bestia:
1469 3243 1590 3296 quae
1632 3230 1778 3284 illam
1809 3240 2005 3300 portat,

441 3330 562 3383 qua:
587 3314 748 3368 habet
773 3315 948 3385 capita
999 3325 1203 3386 septem
1255 3327 1307 3372 et
1343 3332 1548 3372 cornua
1587 3319 1796 3374 decem.
1831 3321 2006 3378 Bestia

442 3420 606 3474 quam
641 3405 847 3469 vidisti,
883 3415 1020 3468 erat,
1050 3415 1232 3460 etnon
1256 3416 1340 3463 est
1371 3425 1386 3462 :
1441 3407 1794 3480 futurumque
1822 3422 1903 3467 est
1951 3421 2011 3467 ut

441 3497 700 3552 ascendat
729 3496 798 3551 de
826 3498 1044 3567 abysso,
1085 3509 1140 3554 et
1178 3499 1232 3553 in
1274 3500 1550 3555 interitum
1581 3509 1689 3558 eat.
1726 3501 1794 3557 Et
1843 3503 2009 3559 mira-

445 3591 648 3644 huntur
675 3589 1045 3646 inhabitantes
1080 3601 1278 3645 terram
1309 3591 1561 3661 (quorum
1596 3610 1702 3650 non
1748 3597 2006 3666 scriptum

440 3693 522 3736 est
561 3699 755 3737 nomen
786 3683 837 3736 in
871 3683 1010 3739 libro
1041 3685 1161 3738 vita:
1200 3700 1230 3738 a
1259 3686 1646 3741 constitutione
1677 3689 1885 3759 mundi)
1924 3690 2006 3744 vi-

440 3775 629 3829 dentes
660 3775 887 3830 bestiam
935 3792 1058 3846 qua:
1115 3784 1250 3842 erat,
1283 3785 1337 3831 et
1389 3793 1496 3832 non
1519 3786 1621 3843 est,
1655 3790 1856 3850 etquae
1885 3798 2008 3837 vcn-

397 3880 400 3883 '
443 3877 561 3920 tura
595 3877 696 3922 est.

509 3979 794 4035 XXXVIII.
825 4001 844 4034 ι
867 3980 965 4037 Hic
993 3999 1204 4048 sensus,
1234 3983 1328 4054 qui
1360 3983 1521 4040 habet
1541 3986 1882 4055 sapientiam.
1913 3988 2009 4045 Se-

442 4083 586 4141 ptem
619 4074 816 4145 capita,
850 4083 1056 4144 septem
1084 4086 1294 4131 montes
1333 4087 1480 4144 sunt,
1529 4094 1692 4149 super
1719 4096 1856 4149 quos
1888 4097 2008 4136 mu-

2113 541 2195 594 σοὶ
2233 541 2290 594 δὲ
2327 542 2427 594 οὐκ
2469 540 2584 594 ἔστι
2627 539 2890 610 σωτηρία.
2916 558 2933 590 ι
2982 536 3174 590 Ταῦτα
3217 534 3313 605 μὲν
3351 535 3647 605 προφητεύει

2113 651 2193 687 σοι
2231 633 2458 697 Ἡσαΐας
2476 650 2491 664 ·
2523 631 2718 702 ἴδωμεν
2741 629 2798 684 δὲ
2822 632 2869 683 εί
2895 631 2962 684 τὰ
2991 630 3157 700 ὅμοια
3183 625 3360 679 αὐτῶν
3387 624 3650 693 ἐφθέγξατο

2110 727 2138 778 ὁ
2177 724 2445 796 Ἰωάννης.

2181 834 2348 901 Οῦτος
2375 837 2483 908 γὰρ
2505 840 2562 891 ὲν
2598 836 2805 907 Πάτμῳ
2833 839 2900 908 τῇ
2952 835 3100 906 νήσῳ
3133 833 3233 897 ὣν,
3286 833 3386 904 ὁρᾷ
3413 833 3650 886 ἀποκαλυ-

2109 927 2201 996 ψιν
2230 928 2541 1000 μυστηρίων
2573 927 2836 999 φρικτῶν,
2869 926 3025 980 ἅτινα
3056 923 3408 996 διηγούμενος
3440 925 3652 993 ἀφθόνως

2111 1019 2205 1073 καὶ
2249 1017 2470 1090 ἑτέρους
2525 1018 2786 1072 διδάσκει.
2821 1018 2961 1085 Λέγε
3003 1031 3117 1086 μοι,
3157 1015 3391 1086 μακάριε
3445 1015 3651 1084 Ἰωάννη,

2111 1111 2373 1165 ἀπόστολε
2406 1111 2500 1164 καὶ
2534 1109 2750 1182 μαθητὰ
2775 1109 2869 1163 τοῦ
2898 1108 3129 1180 Κυρίου,
3164 1108 3219 1160 τί
3251 1103 3386 1171 εἶδες
3410 1108 3496 1160 καὶ
3516 1107 3652 1177 ηκου-

2113 1220 2211 1267 σας
2237 1203 2365 1275 περὶ
2395 1201 2744 1268 Βαϐυλῶνος;
2773 1201 3126 1273 Γρηγόρησον
3157 1199 3254 1253 καὶ
3288 1199 3426 1251 εἶπεν
3455 1199 3541 1251 καὶ
3564 1199 3655 1267 γὰρ

2111 1296 2245 1366 αὐτή
2278 1312 2337 1349 σε
2396 1296 2639 1366 ἐξώρισε.
2686 1314 2705 1347 ι
2733 1297 2842 1350 Καὶ
2872 1291 3034 1365 ἦλθεν
3073 1287 3158 1355 εἷς
3194 1294 3260 1344 ὲκ
3288 1291 3393 1344 τῶν
3419 1289 3546 1343 ἑπτὰ
3572 1290 3657 1358 ἀγ-

2111 1386 2282 1456 γέλων
2307 1385 2416 1440 τῶν
2463 1386 2695 1458 ἐχόντων
2746 1385 2846 1451 τὰς
2877 1384 3016 1439 ἑπτὰ
3045 1383 3270 1454 φιάλας,
3315 1381 3406 1434 καὶ
3455 1380 3655 1449 ἐλάλησέ

2113 1494 2203 1548 μοι
2249 1478 2440 1546 λέγων’
2475 1477 2664 1549 Δεῦρο,
2693 1478 2852 1543 δείξω
2905 1493 2988 1530 σοι
3032 1476 3096 1530 τὸ
3126 1477 3304 1546 κρῖμα
3352 1473 3447 1544 τῆς
3481 1471 3656 1542 πόρνης

2110 1569 2208 1639 τῆς
2233 1569 2492 1640 μεγάλης,
2551 1570 2651 1640 τῆς
2703 1568 3020 1640 καθημένης
3055 1568 3152 1620 ἐπὶ
3205 1566 3409 1619 ὑδάτων
3457 1563 3651 1640 πολλῶν,

2114 1663 2233 1733 μεθ’
2261 1656 2328 1734 ἦς
2361 1662 2694 1734 ἐπόρνευσαν
2727 1663 2778 1715 οἱ
2808 1661 3045 1732 βασιλεῖς
3077 1660 3178 1730 τῆς
3207 1659 3333 1728 γῆς,
3368 1655 3459 1708 καὶ
3487 1654 3655 1726 easea-

2116 1755 2321 1825 σθησαν
2371 1755 2419 1808 oi
2451 1753 2830 1818 κατοικοῦντες
2863 1753 2964 1823 τὴν
3015 1753 3121 1822 γῆν
3155 1753 3222 1803 ὲκ
3267 1747 3363 1802 τοῦ
3415 1747 3547 1800 οἴνου
3573 1746 3657 1814 τῆς

2114 1846 2367 1918 πορνείας
2412 1845 2600 1916 αὐτῆς.
2634 1846 2743 1898 Καὶ
2801 1844 3078 1914 ἀπήνεγκε
3144 1859 3214 1913 με
3263 1842 3344 1905 είς
3387 1839 3574 1910 ἔρημον
3609 1840 3658 1890 ὲν

2115 1938 2400 2008 πνεύματι·
2432 1938 2528 1990 καὶ
2561 1931 2704 1989 εἶδον
2751 1938 2986 2004 γυναῖκα
3018 1931 3342 2004 καθημένην
3375 1933 3464 1985 ἐπὶ
3497 1931 3656 2002 θηρίον

2113 2023 2384 2087 κόκκινον,
2416 2023 2585 2094 γέμον
2617 2023 2896 2094 ὀνομάτων
2953 2021 3329 2093 βλασφημίας,
3375 2020 3490 2091 ἔχον
3518 2037 3659 2087 κεφα-

2113 2113 2207 2178 λὰς
2237 2113 2377 2166 ἑπτὰ
2429 2112 2523 2165 καὶ
2558 2112 2763 2183 κέρατα
2800 2111 2951 2165 δέκα.
2989 2111 3102 2165 Kal.
3149 2113 3183 2182 ή
3217 2109 3355 2180 γυνὴ
3381 2105 3446 2180 ἦν
3477 2109 3660 2181 περιϐε-

2114 2206 2359 2278 ϐλημένη
2422 2203 2734 2276 πορφυροῦν
2807 2206 2900 2257 καὶ
2969 2204 3247 2266 κόκκινον,
3304 2203 3658 2274 κεχρυσωμένη

2113 2298 2319 2370 χρυσῷ,
2347 2297 2442 2352 καὶ
2494 2296 2624 2367 λίθῳ
2674 2295 2862 2367 τιμίῳ,
2897 2297 2990 2349 καὶ
3046 2295 3439 2367 μαργαρίταις,
3487 2293 3658 2364 ἔχουσα

2115 2393 2370 2463 ποτήριον
2394 2388 2624 2462 χρυσοῦν
2653 2391 2711 2441 ὲν
2741 2391 2808 2459 τῇ
2832 2390 2974 2460 χειρί¹
3001 2388 3179 2457 αὐτῆς
3196 2387 3365 2457 γέμον
3392 2383 3659 2456 βδελυγμάο

2113 2505 2238 2552 των,
2264 2486 2451 2541 καὶτὰ
2483 2485 2769 2557 ἀκάθαρτα
2804 2485 2912 2556 (78)
2969 2485 3063 2554 τῆς
3098 2483 3360 2554 πορνείας
3416 2481 3508 2550 τῆς
3549 2481 3636 2550 γῆς

2123 2579 2246 2632 Ἐπὶ
2273 2579 2333 2632 τὸ
2360 2579 2608 2650 μέτωπον
2642 2578 2809 2648 αὐτῆς
2837 2577 3005 2647 ὄνομα
3025 2574 3435 2647 γεγραμμένονο
3465 2571 3656 2639 Musei;-

2115 2689 2245 2742 ptmr
2280 2671 2589 2741 Βαϐυλὼνή
2632 2670 2863 2742 μεγάλη,
2897 2672 2930 2739 ἡ
2966 2669 3153 2741 μήτηρ
3178 2731 3194 2744 ο
3214 2665 3323 2720 τῶν
3356 2662 3552 2736 πορνῶν
3575 2663 3652 2715 καὶ

2109 2762 2218 2817 τῶν
2245 2763 2626 2834 βδελυγμάτων
2655 2762 2755 2832 τῆς
2781 2761 2905 2828 γῆς.

2185 2897 2204 2929 ί
2231 2879 2341 2932 Καὶ
2368 2874 2506 2931 εἶδον
2527 2877 2624 2948 τὴν
2652 2879 2883 2945 γυναῖκα
2917 2874 3224 2946 μεθύουσαν
3255 2873 3318 2926 ἐκ
3340 2869 3428 2924 τοῦ
3456 2869 3650 2940 αἵματος

2109 2967 2215 3021 τῶν
2243 2968 2434 3036 ἁγίων,
2466 2969 2558 3020 καὶ
2614 2969 2676 3020 ὲκ
2703 2964 2797 3018 τοῦ
2848 2964 3075 3034 αἵματος
3103 2964 3216 3016 τῶν
3253 2959 3528 3033 μαρτύρων
3572 2955 3650 3007 τοῦ

2123 3058 2315 3130 Ἰησοῦ·
2352 3059 2446 3111 καὶ
2495 3056 2780 3128 ἐθαύμασα
2811 3055 2934 3108 ίδὼν
2962 3056 3156 3126 αὐτὴν,
3189 3054 3373 3124 θαῦμα
3403 3045 3651 3122 μὲγα.Καὶ

1112 3134 1223 3190 Cur
1270 3136 1531 3191 miraris?
1557 3136 1670 3208 Ego
1696 3139 1873 3192 dicam
1907 3140 2001 3194 tibi

2117 3147 2228 3204 εἷπέ
2277 3168 2366 3222 μοι
2395 3151 2423 3202 ό
2456 3149 2701 3218 ἄγγελοςο
2730 3147 2881 3200 Διατί
2915 3146 3267 3218 ἐθαύμασας;
3309 3142 3443 3211 Ἐγὼ
3467 3138 3564 3210 ὲρῶ
3583 3153 3649 3190 σοι

2110 3242 2171 3295 τὸ
2201 3243 2494 3314 μυστήριον
2523 3241 2622 3312 τῆς
2655 3238 2912 3308 γυναικὸς
2944 3238 3038 3292 καὶ
3065 3237 3164 3291 τοῦ
3199 3235 3410 3308 θηρίου,
3453 3229 3538 3284 τοῦ
3567 3227 3646 3298 βα-

2113 3333 2398 3397 στάζοντος
2429 3331 2618 3403 αὐτὴν,
2648 3329 2742 3383 τοῦ
2771 3329 2984 3400 ἔχοντος
3018 3329 3119 3392 τὰς
3155 3327 3297 3381 ἑπτὰ
3328 3320 3552 3393 κεφαλὰς
3574 3317 3651 3370 καὶ

2109 3426 2177 3479 τὰ
2223 3424 2354 3478 δέκα
2407 3424 2630 3494 κέρατα.
2667 3423 2741 3476 Τὸ
2803 3421 2990 3492 θηρίον
3043 3419 3072 3472 ὃ
3128 3415 3305 3481 εἶδες,
3333 3412 3418 3486 ἦν,
3449 3410 3532 3466 καὶ
3570 3407 3650 3460 οὐκ

2110 3514 2244 3568 ἐστι·
2284 3515 2379 3568 καὶ
2414 3513 2595 3583 μέλλει
2624 3512 2933 3566 ἀναϐαίνειν
2971 3511 3035 3562 ἐκ
3065 3510 3164 3580 τῆς
3211 3499 3564 3566 ﬁdo-comica!
3585 3496 3651 3558 είς

2110 3605 2385 3661 ἀπώλειαν
2415 3605 2665 3674 ὑπάγειν.
2715 3607 2824 3660 Καὶ
2861 3603 3238 3674 θαυμάσουσιν
3277 3601 3326 3653 οί
3370 3590 3650 3650 κατοικοῦν-

2107 3713 2200 3760 τες
2228 3697 2328 3767 τὴν
2356 3696 2481 3767 γῆν,
2537 3688 2612 3750 ὧν
2640 3695 2701 3747 οὐ
2757 3695 3065 3766 γέγραπται
3097 3691 3156 3743 τὸ
3188 3691 3359 3759 ὄνομα
3413 3686 3466 3738 ἐν
3508 3678 3648 3767 βίδλιι⁹

2108 3788 2206 3859 τῆς
2259 3765 2425 3858 ζωῆς.
2453 3787 2560 3841 ἀπὸ
2621 3765 2928 3853 καταϐολῆς
2983 3783 3217 3852 κόσμου,
3277 3779 3547 3850 βλέποντες
3595 3765 3646 3821 τὺ

2110 3878 2298 3951 θηρίον
2317 3921 2331 3945 ,
2363 3879 2391 3931 ὅ
2419 3896 2471 3931 τι
2501 3873 2588 3949 ἦν,
2623 3877 2718 3930 καὶ
2740 3875 2840 3928 οὐκ
2861 3874 2997 3938 ἔστι,
3028 3875 3120 3928 καὶ
3152 3873 3419 3944 παρέσται
3449 3866 3566 3936 (79).

2187 4011 2206 4047 ε
2249 3986 2378 4046 Ὦδε
2406 3993 2435 4044 ό
2466 3991 2586 4052 νοῦς
2613 3993 2640 4044 ὁ
2661 3989 2797 4061 ἔχων
2831 3989 3039 4058 σοφίαν.
3062 3989 3236 4042 Ἑπτὰ
3267 3982 3504 4054 κεφαὶαὶ,
3532 3973 3647 4030 ἑπτὰ

2108 4088 2209 4160 ὅρη
2238 4087 2394 4150 εἰσὶν,
2425 4086 2557 4139 ὅπου
2585 4087 2619 4156 ή
2657 4085 2792 4156 γυνὴ
2837 4084 3068 4155 κάθηται
3107 4086 3194 4138 ἐπ’
3231 4082 3422 4138 αὐτῶν·
3452 4076 3536 4133 καὶ
3562 4074 3643 4144 βα-

445 4165 544 4218 lier
564 4165 742 4230 sedet;
771 4174 825 4221 et
878 4181 1032 4237 reges
1079 4178 1282 4240 septem
1337 4179 1484 4225 sunt.
1521 4171 1771 4242 Quinque
1799 4176 2007 4230 cecide-

2117 4177 2272 4242 σιλεῖς
2301 4177 2442 4230 ἑπτά
2472 4179 2628 4230 εἰσιν.
2664 4175 2729 4231 Oi
2786 4177 2946 4230 πέντε
2979 4175 3202 4240 ἔπεσαν,
3239 4177 3268 4228 ό
3304 4174 3358 4226 δὲ
3393 4166 3469 4233 εἷς
3497 4167 3640 4225 ἐστιν.

443 4263 568 4308 runt
594 4274 607 4308 :
643 4271 784 4311 unus
812 4266 990 4312 autem
1017 4267 1118 4324 est,
1146 4259 1282 4313 alter
1311 4261 1553 4314 nondum
1588 4263 1768 4330 venit;
1799 4273 1852 4318 et
1881 4281 2005 4320 cum

2117 4275 2138 4325 ό
2169 4269 2325 4334 ἄλλος
2348 4269 2500 4323 οὔπω
2529 4265 2680 4340 ἦλθεν
2717 4269 2810 4322 καὶ
2839 4270 2965 4322 ὅταν
2994 4268 3141 4338 ἔλθῃ,
3197 4267 3372 4334 ὀλίγον
3409 4259 3554 4316 αὑτὸν
3577 4255 3644 4308 δεῖ

440 4349 666 4415 venerit,
718 4357 932 4417 oportet
979 4349 1130 4403 illum
1195 4350 1357 4406 breve
1397 4363 1610 4428 tempus
1664 4372 1902 4411 manere.
1943 4357 2007 4412 Et

2117 4363 2308 4431 μεῖναι.
2342 4359 2451 4412 Kai
2505 4358 2565 4411 τὸ
2599 4356 2784 4428 θηρίον
2839 4355 2866 4409 ὃ
2910 4356 2997 4426 ἢν,
3043 4355 3146 4408 οὐκ
3184 4353 3300 4407 ἔστι
3341 4351 3451 4423 [καὶ
3505 4341 3642 4402 αὐτὸς

439 4439 634 4505 bestia,
665 4456 787 4514 qua:
809 4451 924 4495 erat
949 4449 1004 4494 et
1031 4458 1139 4496 non
1168 4451 1270 4507 est,
1297 4452 1350 4497 et
1373 4443 1488 4514 ipsa
1512 4456 1702 4502 octava
1729 4459 1828 4514 est,
1858 4460 1910 4505 et
1939 4451 2006 4506 de

2117 4452 2290 4521 ὃγδοός
2329 4449 2469 4522 ἐστι]
2501 4451 2592 4502 καὶ
2621 4451 2684 4502 ὲκ
2711 4447 2817 4502 τῶν
2845 4449 2982 4500 ἑπτά
3010 4449 3144 4511 ἐστι,
3175 4447 3269 4500 καὶ
3297 4447 3374 4508 εἰς
3402 4436 3641 4543 ambifth

440 4539 644 4600 septem
676 4539 780 4594 est,
810 4542 863 4586 et
892 4531 946 4584 in
977 4531 1253 4587 interitum
1279 4534 1445 4589 vadit.
1494 4534 1560 4590 Et
1587 4537 1770 4592 decem
1803 4555 2005 4595 cornua

438 4641 561 4694 qua:
598 4623 799 4687 vidisti,
821 4625 1006 4679 decent
1038 4641 1192 4696 reges
1214 4636 1361 4690 sunt,
1386 4629 1480 4697 qui
1510 4644 1734 4700 regnum
1764 4633 2004 4686 nondum

439 4726 784 4788 acceperunt,
846 4717 942 4773 sed
1001 4727 1319 4787 potestatem
1377 4729 1634 4792 tanquam
1691 4739 1842 4792 reges
1899 4740 2005 4779 una

441 4810 576 4867 hora
627 4809 895 4878 accipient
941 4825 1064 4864 cum
1117 4809 1308 4866 bestia.
1354 4811 1420 4866 Ili
1453 4830 1617 4868 unam
1670 4815 2004 4872 voluntatem

443 4900 661 4964 habent,
692 4913 745 4957 et
772 4903 1026 4959 virtutem
1061 4914 1115 4960 et
1141 4916 1462 4976 potestatem
1490 4923 1645 4962 suam
1679 4907 1865 4962 besﬁae
1898 4919 2008 4963 tra-

440 4993 588 5052 dent.
617 4994 683 5050 Iii
708 5011 830 5051 cum
863 4998 1017 5066 Agno
1054 4999 1391 5067 pugnabunt,
1417 5008 1470 5054 et
1492 4998 1678 5070 Agnus
1719 5001 1897 5055 vincet
1939 5001 2008 5055 il-

440 5087 560 5156 los;
602 5088 863 5160 quoniam
907 5088 1170 5150 Dominus
1213 5089 1560 5146 dominorum
1583 5099 1686 5158 est,
1716 5100 1769 5146 et
1793 5107 1886 5147 rex
1915 5107 2004 5146 re-

509 5307 621 5376 (77)
692 5304 1051 5376 Ἐπλάτχθη.
1106 5304 1206 5370 Id.,
1249 5303 1546 5375 ἐπλανήθη.
1604 5302 1668 5358 Et
1708 5320 1858 5369 mox,
1907 5305 2008 5358 οὐκ

436 5377 607 5429 ἔσται.

507 5446 617 5516 (78)
672 5446 783 5501 Kal
824 5446 898 5526 σὰ
935 5444 1254 5526 ᾀκάθαρζα.
1284 5444 1518 5526 Reliqui:
1549 5445 2008 5526 ament-promens,

439 5531 561 5588 quae
611 5532 723 5588 vox,
763 5518 896 5572 satis
945 5519 1102 5572 dura.
1147 5517 1253 5572 Pro
1302 5517 1404 5586 τῆς
1454 5517 1590 5588 γῆς,
1654 5516 1852 5588 reliqui
1908 5517 2008 5588 αὑ-

439 5585 560 5654 τῆς·
609 5585 866 5656 Syriacus
921 5598 1102 5642 tamen
1153 5607 1172 5637 ε
1201 5585 1452 5650 terram,»
1511 5585 1667 5656 quasi
1704 5586 1865 5640 aliam
1915 5587 2004 5641 lit-

442 5666 614 5726 trram
648 5657 788 5709 hanc
818 5658 1086 5722 habuerit,
1132 5659 1214 5711 vel
1266 5658 1488 5712 alterius
1526 5656 1997 5726 supplementum;

441 5742 502 5782 ac
536 5725 581 5779 si
615 5726 857 5795 mulieris
902 5728 1267 5790 immunditia,
1304 5727 1422 5795 ipsa
1451 5737 1606 5782 terrae
1636 5725 2003 5783 'immunditia

441 5799 581 5859 dicta
623 5796 724 5860 sit.
761 5794 853 5858 Sic
883 5799 1028 5854 enim
1070 5794 1465 5867 comparatum,
1517 5809 1574 5854 ut
1625 5797 1774 5856 labes
1797 5813 1864 5854 ex
1894 5813 2002 5854 uno

2114 4542 2334 4610 ὑπάγει.
2367 4539 2477 4594 Καὶ
2502 4539 2571 4592 τὰ
2606 4538 2736 4592 δέκα
2766 4539 2971 4610 κέρατα
3017 4537 3052 4592 ἃ
3081 4534 3241 4602 εἶδες,
3275 4537 3400 4590 δέκα
3435 4524 3641 4601 βασιλεῖς

2114 4637 2270 4700 εἰσιν,
2299 4635 2495 4697 οἵτινες
2523 4631 2796 4703 βασιλείαν
2841 4631 2992 4684 οὔπω
3026 4631 3237 4694 ἔλαϐον,
3289 4629 3397 4684 ἀλλ’
3426 4619 3640 4690 ἐξουθῖίαν

2111 4728 2187 4792 ὡς
2217 4727 2453 4797 βασιλεῖς
2484 4725 2610 4796 μίαν
2636 4723 2784 4795 ὥραν
2815 4721 3150 4795 λαμϐάνουσι
3175 4722 3311 4794 μετὰ
3340 4716 3428 4773 τοῦ
3460 4710 3636 4797 θηρίουγι

2259 4817 2385 4890 μίαν
2415 4815 2524 4887 (80)
2556 4813 2780 4886 γνώμην
2822 4813 3031 4909 ἔχουσι,
3075 4815 3169 4909 καὶ
3315 4796 3637 4909 damnari?-

2107 4909 2203 4980 τὴν
2260 4907 2507 4973 ἐξουσίαν
2564 4906 2743 4959 αὐτῶν
2797 4905 2875 4976 τῷ
2907 4905 3080 4978 θηρίῳ
3116 4905 3472 4959 διαδώσουσιν.
3503 4896 3637 4997 Οῦτοι

2113 5000 2253 5070 μετὰ
2282 4998 2378 5054 τοῦ
2408 4999 2595 5071 ἀρνίου
2627 4997 3015 5068 πολεμήσουσι,
3047 4997 3140 5049 καὶ
3164 4995 3226 5049 τὸ
3257 4993 3432 5065 ἀρνίον
3457 4993 3635 5048 νικήσει

2113 5091 2326 5156 αὐτούς·
2357 5092 2438 5144 ὅτι
2471 5089 2674 5162 Κύριος
2705 5089 2907 5160 κυρίων
2935 5087 3072 5152 ἐστὶ,
3122 5086 3214 5141 καὶ
3248 5081 3485 5158 βασιλεὺς
3507 5075 3635 5147 βασι-

2117 5314 2322 5366 scorto,
2356 5304 2409 5358 in
2443 5303 2624 5373 plures
2656 5316 2720 5355 ac
2749 5299 2930 5370 ipsum
2973 5315 3126 5371 paene
3149 5300 3333 5355 orbem
3357 5294 3627 5349 diducatur.

2115 5376 2428 5518 “(#33212
2461 5441 2776 5518 «apsenti.
2819 5441 2912 5518 Sic
2945 5441 3105 5518 etiam
3149 5441 3316 5518 codex
3352 5425 3627 5518 Αιθιιιιῇίρξς

2113 5495 2441 5570 et‘vi'de—tnr
2499 5495 2700 5582 optima
2765 5495 2977 5582 lectio;
2997 5510 3154 5581 Vulg.
3215 5495 3631 5582 Graeca,_xaiczef

2115 5567 2493 5638 ἐστίλιᾷοιίηει
2536 5567 2898 5637 ’ᾶθείάθνειιι.
2955 5580 3046 5652 Sic
3087 5567 3302 5652 quoque
3352 5573 3537 5646 Syriae.
3583 5567 3626 5613 ei

2108 5656 2324 5727 Arabia.
2370 5663 2639 5727 «ventura
2671 5651 3117 5727 illabentzlofzn.
3218 5651 3237 5727 ⁷,
3349 5715 3397 5727 Μ

2182 5721 2323 5796 (80)”
2349 5724 2467 5794 Τὴν
2493 5725 2660 5795 μίαν.
2708 5721 2956 5778 Comhct‘.
2982 5714 3126 5778 οὗτοι
3177 5721 3322 5793 μίαν.
3349 5715 3431 5772 Sic
3474 5713 3625 5763 textus

2109 5795 2346 5855 Grazcus.
