3852 6208
204 337 289 393 πει
1228 325 1315 384 DE
1354 325 1653 383 CHRISTO
1693 324 1780 380 ET
1820 324 2301 384 ANTICHRISTO.

3278 334 3380 390 758

205 456 424 511 λευόντων
457 450 593 504 ἐστί’
632 448 726 503 καὶ⁵
749 449 796 501 oi
834 449 949 519 μετ’
979 444 1166 511 αὑτοῦ,
1202 446 1407 518 κλητοὶ,
1430 446 1533 499 ικαὶ
1564 444 1706 496 ἐκλε-

1817 458 1981 513 gum;
2031 455 2083 500 et
2131 447 2224 516 qui
2277 461 2401 503 cum
2457 447 2569 515 illo,
2614 449 2824 515 vocati,
2878 452 3032 508 electi
3081 462 3136 507 et
3201 455 3383 514 fideles

203 550 314 612 κτοὶ,
341 547 422 600 καὶ
448 543 637 597 πιστοί.

264 660 278 692 ε
309 641 401 693 Καὶ
446 637 579 705 λέγει
613 652 727 707 μοι·
763 634 843 687 Τὰ
873 633 1041 688 ὕδατα
1070 632 1105 686 ἃ
1134 628 1290 697 εἶδες,
1326 624 1387 685 οὗ
1421 630 1708 702 κάθηταιὴ

204 737 359 806 πόρνη,
390 732 498 784 λαοὶ
547 730 636 783 καὶ
668 728 812 799 δχλοι
854 728 949 781 καὶ
1004 726 1129 797 ἔθνη
1164 726 1273 779 εἰσὶ
1315 726 1409 778 καὶ
1446 723 1708 793 γλῶσσαι.

203 825 365 880 Καὶτὰ
410 822 531 876 δέκα
588 821 793 893 κέρατα
826 820 861 874 ἃ
908 816 1069 883 εἶδες,
1102 819 1199 872 καὶ
1225 818 1286 871 τὸ
1331 817 1538 889 θηρίον,
1567 808 1711 869 οῦτοι

203 918 444 988 μισήσουσι
510 913 605 983 τὴν
661 913 903 985 πόρνην,
962 911 1057 965 καὶ
1109 910 1481 984 ἠρημωμένην
1540 909 1711 979 αὐτὴν

201 1011 437 1079 ποιήσουσι
471 1007 558 1059 καὶ
612 1006 842 1077 γυμνὴν,
872 1004 967 1056 καὶ
1010 1003 1108 1067 τὰς
1153 1002 1362 1072 σάρκας
1406 1001 1576 1071 αὐτῆς
1605 1001 1709 1069 φά-

198 1116 365 1168 γονται,
396 1099 480 1151 καὶ
530 1098 695 1168 αὐτὴν
740 1095 1178 1148 κατακαύσουσιν
1214 1095 1270 1147 ὲν
1314 1092 1464 1163 πυρί.
1508 1093 1564 1144 Ὀ
1602 1091 1711 1161 γὰρ

196 1190 299 1253 Θεδς
324 1190 501 1242 ἔδωκεν
532 1191 607 1251 είς
634 1188 729 1259 τὴν
760 1186 981 1258 καρδίαν
1006 1184 1183 1240 αὐτῶν
1209 1184 1430 1254 ποιῆσαι
1456 1182 1554 1254 τὴν
1574 1182 1712 1251 γνώ-

199 1300 281 1353 μην
308 1280 474 1343 αὐτοῦ,
524 1280 615 1333 καὶ
672 1279 895 1349 ποιῆσαι
930 1276 1153 1348 γνώμην
1212 1278 1362 1347 μίαν,
1398 1277 1490 1329 καὶ
1529 1276 1708 1329 δοῦναι

194 1375 270 1443 τὴν
294 1371 544 1443 βασιλείαν
576 1370 753 1423 αὐτῶν
782 1370 858 1441 τῷ
891 1369 1084 1440 θηρίῳ,
1111 1368 1238 1439 ἄχρι
1292 1368 1709 1438 τελεσθήσονται

193 1467 230 1517 οἱ
254 1465 376 1533 λόγοι
401 1463 486 1516 τοῦ
518 1462 671 1517 Θεοῦ.
714 1463 823 1515 Καὶ
850 1464 882 1531 ἡ
911 1460 1047 1531 γυνὴ
1077 1460 1143 1531 ἢν
1169 1456 1329 1524 εἶδες,
1386 1459 1586 1529 ἐστὶνὴ
1617 1460 1710 1512 πό-

194 1558 308 1627 λιςὴ
335 1554 553 1627 μεγάλη,
588 1556 619 1626 ἡ
650 1554 845 1624 ἔχουσα
883 1552 1156 1622 βασιλείαν
1185 1553 1277 1605 ἐπὶ
1308 1552 1413 1605 τῶν
1449 1551 1710 1621 βασιλέων

193 1650 269 1720 τῆς
297 1650 405 1719 γῆς·
872 1645 893 1667 ’

248 1760 263 1791 ι
286 1739 419 1793 Μετὰ
443 1739 613 1792 ταῦτα
639 1734 774 1792 εἶδον
798 1738 955 1792 ἄλλον
978 1736 1205 1806 ἄγγελον
1231 1735 1625 1790 καταϐαίνοντα
1645 1736 1709 1787 ὲκ

191 1832 261 1885 τοῦ
288 1830 519 1902 οὐρανοῦ,
553 1830 740 1900 ἔχοντα
796 1830 1049 1895 ἐξουσίαν
1094 1826 1351 1898 μεγάλην*
1418 1827 1512 1879 καὶ
1558 1828 1590 1897 ἡ
1639 1827 1710 1896 Υῆ

191 1922 413 1993 ἐφωτίσθη
444 1923 507 1975 ἐκ
566 1922 665 1992 τῆς
698 1922 854 1993 δόξης
900 1921 1084 1975 αὑτοῦ.
1134 1922 1243 1973 Καί
1291 1918 1518 1990 ἔκραξεν
1564 1920 1712 1988 ἰσχυ-

192 2016 241 2085 ρᾷ
267 2015 357 2085 (8|)
390 2017 533 2086 φωνῇ
568 2014 794 2085 μεγάλῃ,
823 2013 1015 2083 λέγων·
1053 2014 1305 2077 Ἔπεσεν,
1342 2012 1502 2065 ἔπεσε
1532 2012 1710 2066 Βαϐυ-

189 2107 314 2177 λὼνὴ
344 2108 564 2177 μεγάλη,
600 2108 691 2160 καὶ
721 2106 937 2175 ἐγένετο
978 2106 1395 2179 κατοικητήριον
1419 2104 1707 2175 δαιμόνων,

189 2199 467 2268 καὶςυλακὴ
516 2198 717 2261 παντὸς
746 2197 1053 2267 πνεύματος
1112 2196 1419 2269 ἀκαθάρτου
1467 2193 1583 2267 [καὶ
1613 2214 1711 2265 φυ-

188 2291 295 2362 λακὴ
330 2293 515 2356 παντὸς
577 2291 762 2362 ὀρνέου
797 2289 1154 2363 ἀκαθάρτου],
1186 2291 1279 2343 καὶ
1314 2308 1515 2361 μεμιση
1527 2291 1704 2360 μένου·

188 2385 246 2435 ὅτι
268 2385 320 2436 ὲιι
346 2383 429 2437 τοῦ
480 2384 627 2437 οἴνου
657 2382 749 2436 τοῦ
780 2382 952 2453 θυμοῦ
983 2383 1083 2452 τῆς
1136 2383 1388 2454 πορνείας
1416 2383 1583 2453 αὐτῆς
1612 2384 1709 2435 πέ-

190 2492 305 2527 πωκε
332 2478 495 2530 πάντα
539 2475 608 2528 τά
637 2476 782 2548 ἔθνη.
816 2476 927 2528 Καὶ
955 2477 1004 2528 οἱ
1050 2475 1286 2545 βασιλεῖς
1320 2476 1416 2545 τῆς
1446 2475 1547 2545 γῆς
1593 2477 1708 2545 μετ’

188 2565 323 2634 αὐτῆς
369 2567 719 2638 ἐπόρνευσαν,
754 2568 848 2621 καὶ
884 2569 931 2620 οί
981 2567 1215 2640 ἔμποροι
1248 2568 1345 2638 τῆς
1374 2567 1479 2638 γῆς
1523 2569 1586 2620 ὲκ
1614 2568 1710 2638 τῆς

188 2654 419 2726 δυνάμεως
469 2658 569 2711 τοῦ
636 2660 896 2730 στρήνους
954 2659 1122 2730 αὐτῆς
1188 2660 1543 2730 ἐπλούτησαν.
1602 2660 1709 2713 Καὶ

188 2748 353 2815 ἥκουσα
378 2750 539 2821 ἀλλην
572 2751 749 2823 φωνὴν
777 2754 841 2805 ὲκ
871 2753 978 2807 τῶν
1008 2753 1251 2825 οὐρανῶν
1272 2753 1552 2821 λέγουσαν·
1597 2753 1710 2817 Ἐξ-

189 2839 331 2894 έλθετε
352 2843 404 2906 ἐξ
426 2843 617 2913 αὐτῆς,
648 2846 676 2897 ό
712 2844 839 2908 λαός
874 2862 996 2915 μου,
1028 2846 1111 2898 ἵνα
1140 2846 1211 2916 μὴ
1242 2847 1707 2917 συγκοινωνήσητε

186 2934 279 2994 ταῖς
299 2932 580 3005 ἁμαρτίαις
605 2935 794 3006 αὐτῆς,
822 2936 915 2989 καὶ
940 2938 1003 2989 ὲκ
1039 2936 1144 2989 τῶν
1176 2934 1393 3006 πληγῶν
1424 2935 1593 3004 αὐτῆς
1624 2936 1709 2989 ἶνα

190 3022 246 3093 μὴ
280 3024 480 3097 λάϐητεο
515 3027 598 3080 ὅτι
627 3027 993 3100 ἐκολλήθησαν
1028 3028 1138 3100 (89.)
1197 3031 1252 3081 αί
1295 3029 1560 3101 ἁμαρτίαι
1599 3028 1706 3098 (83)

186 3112 265 3176 ἓως
288 3115 369 3168 τοῦ
401 3116 654 3188 ούρανοῦ,
678 3120 767 3171 καί
788 3119 1186 3190 ἐμνημόνευσεν
1212 3121 1240 3171 ό
1261 3120 1391 3183 Θεὸς
1419 3119 1487 3173 τὰ
1518 3119 1705 3191 ἀδική-
1734 3126 1780 3189 c

190 3223 301 3274 ματα
328 3209 509 3279 αὐτῆς.

239 3316 254 3349 ι
281 3301 508 3355 Ἀπόδοτε
535 3303 671 3373 αὐτῇ
702 3302 776 3366 ὡς
805 3305 897 3357 καὶ¹
935 3304 1071 3374 αὐτὴ
1096 3304 1341 3358 ἀπέδωκε
1366 3306 1494 3375 (84),
1514 3308 1605 3359 καὶ
1625 3307 1704 3359 δι·-

185 3390 376 3447 ι-λάσατε
402 3395 469 3448 τὰ
501 3395 668 3449 διπλᾶ
692 3396 831 3449 κατὰ
854 3396 923 3449 τὰ
956 3395 1092 3466 ἔργα
1118 3397 1306 3467 αύτῆςο
1344 3399 1400 3450 ὲν
1430 3397 1507 3468 τῷ
1540 3416 1705 3469 ποτη-

186 3482 261 3553 ρίῳ
280 3478 316 3552 ᾧ
338 3487 585 3559 ἐκέρασε,
616 3487 882 3559 κεράσατε
910 3488 1045 3559 αὐτῇ
1074 3488 1313 3543 διπλοῦν.
1354 3489 1493 3542 Ὅσα
1527 3489 1706 3555 ἐδόξα-

184 3590 249 3626 σεν
266 3579 459 3650 ἑαυτὴν,
503 3580 600 3633 καὶ
629 3582 967 3652 ἐστρηνίασε,
1015 3580 1266 3635 τοσοῦτον
1292 3582 1408 3635 δότε
1436 3584 1573 3653 αὐτῇ
1607 3584 1703 3653 βα-

186 3670 398 3740 σανισμὸν
427 3671 525 3724 καὶ
558 3670 767 3736 πένθος·
805 3672 886 3725 ὅτι
917 3674 973 3725 ὲν
1019 3675 1085 3744 τῇ
1114 3673 1309 3746 καρδίᾳ
1338 3675 1509 3745 αὐτῆς
1536 3676 1700 3745 λέγει’

182 3758 395 3830 Κάθημαι
427 3762 714 3832 βασίλισσα
755 3762 851 3817 καὶ
880 3765 1023 3835 χήρα
1051 3765 1151 3817 οὐκ
1210 3766 1344 3836 εἰμὶ,
1387 3767 1481 3820 καὶ
1508 3767 1705 3830 πένθος

180 3849 225 3900 οὐ
249 3851 311 3922 μὴ
343 3853 448 3907 ἴδω.
476 3853 578 3906 Διὰ
624 3854 781 3908 τοῦτο
824 3856 881 3910 ὲν
915 3856 1011 3927 μιᾷ
1034 3856 1218 3928 ἡμέρᾳ
1237 3858 1457 3927 ἥξουσιν
1478 3861 1533 3911 αί
1570 3859 1705 3930 πλη-

179 3942 249 4007 γαὶ
275 3944 425 4015 αὐτῆς
475 3945 725 4012 θάνατος,
750 3947 844 4001 καὶ
887 3947 1101 4010 πένθος,
1159 3949 1253 4003 καὶ
1289 3948 1465 4020 λιμὸς,
1525 3952 1617 4004 καὶ
1646 3953 1702 4003 ἐν

180 4038 283 4106 πυρὶ
309 4039 805 4111 κατακαυθήσεται·
853 4040 933 4094 ὅτι
970 4041 1187 4111 ἰσχυρὸς
1233 4041 1437 4115 Κύριος
1468 4043 1496 4095 ό
1548 4044 1699 4107 Θεὸς,

176 4126 389 4197 ὁκρίνας
439 4132 629 4202 αὑτήν.
665 4132 773 4186 Καὶ
831 4132 1153 4187 κλαύσονται
1191 4135 1284 4189 καὶ
1332 4135 1587 4206 κόψονται
1615 4139 1699 4189 ἐπ’

178 4217 313 4289 αὐτην
340 4224 383 4275 οἱ
410 4222 649 4292 βασιλεῖς
672 4224 768 4294 τῆς
791 4224 911 4294 γῆς,
944 4225 992 4276 oi
1036 4224 1151 4295 μετ’
1182 4225 1354 4296 αὐτῆς
1382 4227 1703 4298 πορνεύσαν-

177 4326 245 4373 τες
262 4314 344 4367 καὶ
372 4315 808 4386 στρηνιάσαντες,
837 4317 963 4370 ὅταν
1007 4315 1243 4386 βλέπωσι
1264 4319 1355 4371 τὸν
1378 4320 1581 4374 καπνὸν
1605 4320 1701 4391 τῆς

180 4403 432 4473 πδρώσεως
466 4407 657 4477 αὐτῆς,
692 4407 797 4460 ἀπὸ
830 4408 1101 4479 μακρόθεν
1131 4410 1439 4480 ἑστηκότες,
1494 4412 1581 4465 διὰ
1610 4411 1700 4465 τὸν

1812 543 1957 591 ευηι.

1888 631 2129 687 XXXIX.
2171 652 2189 687 ι
2228 635 2291 690 Ει
2321 636 2458 691 dixit
2487 636 2659 691 mihi:
2694 638 2862 708 Aqua:
2906 655 3042 709 quas
3082 641 3265 696 vidisti
3292 643 3383 697 ubi

1816 727 2077 780 meretrix
2109 727 2282 794 sedet,
2338 730 2523 798 populi
2557 738 2685 784 sunt
2745 741 2797 784 et
2830 733 2999 786 turba:
3026 742 3079 787 et
3118 743 3303 803 gentes
3331 744 3387 788 et

1817 817 2035 888 lingua.
2069 818 2133 871 Et
2156 820 2339 874 decem
2371 836 2576 875 cornua
2608 837 2729 890 qme
2765 822 2968 887 vidisti,
3003 833 3058 879 et
3093 825 3261 879 bestia
3283 866 3298 892 ,
3331 826 3385 879 hi

1818 909 2005 963 odicnt
2037 913 2399 975 meretricem,
2424 922 2477 968 ct
2508 914 2807 967 desolatam
2837 931 2955 969 eam
2983 914 3182 971 facient
3203 928 3256 972 et
3284 935 3385 972 nu-

1815 1000 1962 1065 dam,
1988 1008 2039 1054 et
2068 1016 2261 1055 carnes
2312 1002 2430 1070 ejus
2476 1005 2782 1067 comedent,
2828 1015 2881 1058 et
2916 1005 3085 1075 ipsam
3118 1008 3224 1077 igni
3255 1024 3385 1061 con—

1816 1091 2156 1145 cremabunt.
2194 1090 2335 1146 Deus
2398 1092 2542 1146 enim
2578 1094 2723 1148 dedit
2754 1094 2805 1147 in
2855 1112 2948 1151 cor
2985 1113 3172 1153 eorum
3206 1109 3260 1154 ut
3304 1098 3383 1154 fa-

1815 1182 1962 1237 ciant
1994 1182 2137 1253 quod
2170 1184 2244 1239 illi
2280 1185 2562 1256 placuerit,
2594 1194 2647 1238 ct
2702 1185 2902 1242 faciant
2939 1206 3097 1243 unam
3134 1191 3384 1246 volunta-

1816 1277 1945 1342 tem;
1967 1288 2021 1331 et
2066 1278 2194 1333 dent
2223 1295 2447 1349 regnum
2478 1295 2635 1333 suum
2666 1280 2871 1344 bestiae,
2931 1282 3101 1336 donec
3128 1298 3384 1337 consum-

1820 1378 2038 1423 mentur
2088 1370 2253 1424 verba
2304 1369 2415 1425 Dei.
2470 1370 2537 1425 Et
2592 1370 2785 1425 mulier
2837 1388 2999 1441 quam
3051 1374 3251 1438 vidisti,
3300 1384 3384 1428 est

1815 1461 2009 1515 civitas
2075 1478 2307 1532 magna,
2375 1478 2496 1533 qua:
2557 1464 2715 1519 habet
2767 1480 2989 1535 regnum
3029 1481 3188 1535 super
3232 1484 3383 1537 reges

1814 1563 1969 1609 terra:
1996 1555 2058 1608 ".

1886 1734 1997 1789 XL.
2036 1752 2053 1785 ί
2078 1734 2200 1791 Post
2242 1736 2355 1789 haec
2382 1736 2487 1791 vidi
2519 1737 2745 1791 alterum
2772 1737 3020 1806 angelum
3050 1737 3383 1795 descenden-

1818 1838 1922 1882 tem
1952 1830 2017 1883 de
2071 1829 2231 1895 coelo,
2292 1829 2574 1884 habentem
2626 1841 2941 1899 potestatem
2990 1846 3278 1902 magnam;
3328 1842 3384 1887 et

1818 1929 1959 1974 terra
1997 1921 2294 1974 illuminata
2330 1932 2412 1976 est
2442 1937 2471 1975 a
2504 1922 2750 1976 claritate
2774 1923 2911 1991 ejus.
2953 1922 3017 1977 Et
3041 1924 3296 1979 clamavit
3326 1926 3382 1979 in

1815 2010 2134 2067 fortitudine
2195 2028 2327 2068 voce
2380 2028 2595 2084 magna,
2653 2014 2839 2069 dicens
2874 2033 2889 2069 ι
2928 2014 3156 2083 Cecidit,
3190 2017 3384 2072 cecidit

1818 2101 2057 2174 Babylon
2088 2118 2303 2171 magna,
2324 2112 2378 2159 et
2406 2103 2545 2159 facta
2569 2113 2652 2161 est
2679 2105 2936 2162 habitatio
2964 2108 3379 2163 daemoniorum:

1816 2203 1869 2249 et
1895 2195 2140 2249 custodia
2178 2196 2360 2252 omnis
2420 2197 2647 2267 spiritus
2696 2198 2980 2265 immundi,
3031 2207 3085 2253 et
3132 2199 3383 2254 custodia

1812 2286 1993 2341 omnis
2021 2287 2255 2343 volucris
2310 2287 2603 2345 immunda:
2629 2300 2682 2344 et
2703 2305 2915 2355 exosaz;
2977 2290 3102 2361 quia
3151 2291 3217 2345 de
3255 2291 3382 2346 vino

1812 2378 1907 2431 ira:
1936 2379 2284 2434 scortationis
2308 2380 2425 2449 ejus
2452 2380 2706 2435 biberunt
2752 2397 2941 2436 omnes
2973 2392 3178 2453 gentes.
3209 2381 3275 2436 Et
3299 2400 3383 2438 re-

1813 2484 1906 2539 ges
1932 2478 2087 2524 terra:
2146 2485 2269 2524 cum
2321 2471 2413 2524 illa
2442 2469 2694 2527 fornicati
2749 2482 2894 2538 sunt,
2942 2484 2997 2527 et
3047 2482 3381 2529 mercatores

1815 2567 1971 2615 terra:
2006 2560 2073 2613 de
2104 2561 2306 2615 virtute
2334 2561 2650 2616 deliciarum
2701 2563 2819 2632 ejus
2849 2564 3045 2618 divites
3072 2562 3201 2618 facti
3229 2576 3378 2619 sunt.

1814 2650 1878 2705 Et
1899 2651 2082 2706 audivi
2112 2652 2274 2706 aliam
2308 2668 2492 2708 vocem
2526 2654 2592 2709 de
2620 2654 2758 2709 caelo
2798 2654 3064 2709 dicentem
3092 2673 3104 2708 :
3132 2654 3288 2709 Exite
3311 2654 3378 2709 de

1813 2743 1924 2807 illa,
1956 2745 2188 2813 populus
2224 2760 2399 2808 meus,
2451 2760 2517 2799 ne
2566 2746 2858 2815 participes
2894 2746 3013 2802 sitis
3055 2746 3376 2802 delictorum

1811 2835 1951 2905 ejus,
1982 2844 2035 2890 et
2062 2835 2129 2891 de
2162 2836 2333 2906 plagis
2367 2836 2485 2906 ejus
2519 2851 2585 2890 ne
2632 2837 2929 2907 accipiatis.
2983 2836 3251 2903 Quoniam
3278 2840 3379 2893 ad»

1813 2927 2085 2982 haeserunt
2115 2936 2332 2996 peccata
2386 2926 2506 2995 ejus
2551 2942 2724 2997 usque
2765 2927 2832 2981 ad
2856 2928 3077 2993 ccelutn,
3109 2938 3162 2983 et
3191 2941 3375 2982 recor-

1812 3019 1971 3075 datus
1999 3027 2082 3073 est
2110 3016 2372 3073 Dominus
2401 3018 2747 3088 iniquitatum
2778 3019 2918 3089 ejus.

1880 3283 2015 3337 XLI.
2050 3302 2068 3335 σ
2103 3281 2327 3338 Reddite
2359 3282 2434 3336 illi
2462 3282 2603 3337 sicut
2627 3290 2680 3336 et
2705 3282 2820 3352 ipsa
2845 3282 3075 3338 reddidit
3096 3284 3250 3339 vobis
3281 3299 3297 3337 :
3326 3291 3380 3339 et

1809 3377 2083 3447 duplicate
2117 3376 2353 3445 duplicia
2382 3374 2680 3430 secundum
2725 3390 2888 3445 opera
2909 3376 3048 3445 ejus.
3082 3374 3139 3430 In
3182 3376 3377 3446 poculo

1811 3485 1919 3539 quo
1953 3469 2192 3535 miscuit,
2248 3468 2471 3523 miscete
2518 3467 2593 3521 illi
2622 3466 2867 3538 duplum.
2896 3467 3168 3534 Quantum
3211 3469 3378 3539 glori-

1811 3562 1994 3618 ficavit
2020 3576 2077 3617 se
2100 3570 2153 3616 et
2187 3561 2239 3615 in
2264 3560 2473 3615 deliciis
2502 3560 2623 3627 fuit,
2662 3569 2869 3615 tantum
2892 3561 3016 3615 date
3044 3562 3121 3615 illi
3146 3571 3379 3616 tormen-

1812 3668 1924 3710 tum
1955 3664 2008 3711 et
2035 3656 2275 3716 luctum;
2310 3652 2435 3723 quia
2468 3652 2522 3705 in
2552 3653 2716 3707 corde
2749 3666 2849 3706 suo
2876 3652 3041 3706 dicit:
3088 3650 3259 3707 Sedeo
3293 3668 3377 3707 re-

1810 3748 1956 3819 gina,
1990 3757 2044 3800 et
2076 3746 2238 3799 vidua
2301 3758 2408 3798 non
2473 3759 2625 3809 sum;
2677 3752 2731 3797 et
2772 3743 2978 3797 luctum
3011 3758 3117 3796 non
3159 3743 3373 3797 videbo.

1809 3840 1933 3894 ideo
1956 3839 2009 3892 in
2034 3854 2139 3892 una
2198 3836 2285 3889 die
2313 3835 2533 3889 venient
2567 3836 2736 3905 plagae
2766 3834 2908 3903 ejus,
2942 3850 3090 3890 mors
3116 3844 3170 3889 et
3196 3836 3375 3891 luctus

1808 3939 1861 3984 et
1890 3928 2083 3994 fames,
2114 3938 2169 3982 et
2191 3925 2299 3997 igni
2325 3924 2704 3989 comburetur;
2739 3923 2869 3992 quia
2915 3924 3074 3978 fortis
3099 3932 3181 3978 est
3208 3922 3369 3989 Deus,

1806 4021 2181 4094 quijudicavit
2218 4034 2360 4076 eam.
2411 4017 2477 4074 Et
2527 4018 2784 4089 lugebant
2830 4027 2883 4072 et
2918 4017 3173 4088 plangent
3211 4032 3375 4086 super

1806 4133 1924 4174 eam
1963 4131 2118 4187 reges
2149 4123 2327 4180 terra},
2358 4112 2450 4183 qui
2479 4127 2599 4167 cum
2650 4111 2740 4165 illa
2782 4108 3037 4164 fornicati
3071 4118 3217 4175 sunt,
3242 4118 3296 4164 et
3317 4110 3372 4163 in

1804 4209 2013 4266 deliciis
2038 4208 2310 4269 vixerunt,
2328 4222 2452 4262 cum
2476 4204 2708 4260 viderint
2734 4202 2941 4258 fumum
2966 4201 3199 4257 incendii
3232 4202 3371 4272 ejus,

1809 4307 1967 4376 longe
2015 4312 2221 4359 stantes
2261 4308 2479 4373 propter
2532 4307 2735 4354 metum
2795 4304 3190 4352 tormentorum
3228 4295 3371 4366 ejus,

1804 4397 2047 4451 dicentes
2086 4411 2100 4449 :
2133 4392 2247 4457 Vae,
2272 4408 2372 4457 vae,
2407 4390 2598 4445 civitas
2626 4389 2717 4444 illa
2752 4404 2967 4459 magna,
2998 4386 3258 4459 Babylon,
3291 4387 3373 4441 ci-

180 4464 309 4558 φὸόον
335 4464 429 4551 τοῦ
462 4464 793 4569 βασανισμοῦ
827 4464 1015 4571 αὐτ-ης,
1045 4464 1310 4570 λέγοντές·
1373 4464 1696 4569 (iacintini,

1817 4490 1948 4544 vitas
1975 4488 2067 4542 illa
2100 4486 2278 4553 fortis,
2303 4483 2559 4556 quoniam
2608 4498 2717 4537 una
2761 4482 2897 4535 hora
2929 4481 3077 4536 venit
3105 4479 3371 4551 judicium

180 4584 413 4660 ἡπόλιςὴ
445 4589 672 4661 μεγάλη,
730 4591 1004 4655 Βαϐυλὼν,
1041 4594 1073 4663 ή
1107 4593 1257 4657 πόλις
1294 4596 1326 4665 ἠ
1370 4597 1581 4667 ἰσχυρά
1620 4600 1700 4651 ὅτι

181 4677 257 4746 μιᾷ
300 4678 410 4751 ὥρᾳ
436 4677 599 4750 ἦλθεν
638 4684 671 4752 ἠ
700 4681 876 4753 κρίσις
926 4700 1039 4739 σου.
1098 4677 1207 4738 Καὶ
1238 4688 1285 4739 oi
1345 4686 1575 4760 ἔμποροι
1603 4692 1700 4759 τῆς

177 4766 259 4835 γῆς
282 4771 563 4845 κλαύσουσι
589 4774 680 4825 καὶ
732 4772 1081 4845 πενθήσουσιν
1116 4776 1203 4827 ἐπ’
1229 4777 1397 4847 αὑτήν
1416 4794 1429 4808 ⁸
1485 4779 1565 4831 ὅτι
1611 4780 1701 4833 τὸν

176 4857 312 4927 γόμον
336 4863 508 4917 αὐτῶν
531 4864 701 4928 οὐδεὶς
732 4865 989 4935 ἀγοράσει
1015 4865 1221 4919 οὐκέτι·
1247 4867 1414 4938 γόμον
1453 4869 1696 4940 χρυσίου,

176 4952 249 5004 καὶ
276 4955 547 5029 ἀργυρίου,
578 4958 669 5011 καὶ
707 4958 850 5011 λίθου
874 4959 1075 5029 τιμίου,
1104 4960 1197 5013 καὶ
1226 4962 1585 5031 μαργαρίτου,
1606 4964 1699 5017 καὶ

177 5038 362 5110 βύσσου,
397 5050 489 5101 καὶ
521 5048 820 5120 πορφύρας,
858 5051 951 5103 καὶ
1011 5049 1257 5123 σηρικοῦ,
1298 5052 1391 5104 καὶ
1423 5055 1695 5107 κοκκίνου·

178 5137 253 5189 καὶ
278 5142 375 5193 πᾶν
407 5142 557 5205 ξύλον
580 5142 775 5207 θύῖνον,
823 5146 915 5198 καὶ
958 5146 1065 5198 πᾶν
1101 5144 1291 5209 σκεῦος
1334 5145 1696 5217 ἐλεφάντινον,

231 5318 270 5352 ⁵⁸
301 5322 461 5393 Apoc.
484 5340 615 5389 xvu,
645 5325 789 5380 1-18.

173 5482 621 5617 ναῖἓέἒυέσχυρᾷ.
672 5491 770 5557 ld.,
814 5494 871 5547 ὲν
922 5492 1080 5564 ίσχύῖ.
1118 5493 1209 5550 Sic
1254 5503 1432 5550 textus
1476 5497 1695 5554 Graecus

232 5625 247 5691 (

200 5621 819 5707 ,ςδἍ-ᾘκοτιτλήθῃσαν.
880 5653 898 5685 ι
920 5632 1336 5707 _Adbazseru_nt.t
1366 5625 1564 5691 Eadem
1595 5638 1694 5707 Sy-

178 5698 287 5745 ηπ.
312 5705 362 5748 et
387 5698 595 5754 Arabic.
624 5700 805 5759 Graeca
844 5704 930 5757 vul
975 5744 989 5757 .
1018 5703 1409 5829 ἡκολθύθησαν,
1448 5726 1465 5758 ε
1517 5698 1692 5762 secuta

179 5770 287 5816 διιηι
327 5778 530 5829 Peccata
559 5786 728 5829 usaue
765 5774 831 5829 ad
855 5720 1103 5829 cmfum.»
1182 5775 1289 5829 ula.
1324 5794 1339 5829 :
1380 5794 1395 5828 ι
1427 5776 1692 5829 Pervene-

179 5770 287 5816 sunt
327 5778 530 5834 peccata
559 5786 728 5842 usque
765 5774 831 5830 ad
855 5770 1103 5832 malum.»
1138 5770 1289 5847 Vulg.
1324 5794 1339 5834 :
1380 5794 1395 5828 ι
1427 5776 1694 5834 Pervene-

1808 4593 1984 4638 tuum.
2038 4581 2104 4636 Et
2150 4581 2517 4651 negotiatores
2563 4586 2718 4633 terrm
2755 4574 2959 4630 ﬂebunt
3010 4586 3064 4632 et
3116 4576 3374 4648 lugebunt

1811 4691 1973 4745 super
1999 4690 2139 4737 eam,
2198 4672 2456 4743 quoniam
2514 4683 2724 4724 merces
2773 4682 2965 4723 eorum
3016 4684 3176 4724 nemo
3230 4674 3371 4723 emet

1810 4769 2044 4839 amplius
2078 4786 2090 4821 :
2118 4780 2329 4821 merces
2364 4764 2504 4828 auri,
2550 4774 2604 4818 et
2652 4762 2883 4833 argenti,
2915 4773 2970 4818 et
3002 4760 3194 4831 lapidis
3242 4774 3369 4829 pre-

1810 4862 1957 4925 tiosi,
1984 4868 2037 4914 et
2068 4858 2393 4929 margaritae,
2423 4863 2477 4910 et
2503 4855 2672 4927 byssi.
2702 4864 2756 4911 et
2804 4871 3076 4925 purpurae,
3107 4862 3160 4908 et
3185 4852 3368 4919 serici,

1809 4968 1863 5013 et
1888 4956 2094 5012 coccini
2130 4953 2205 5023 (et
2232 4968 2392 5008 omne
2421 4952 2625 5021 lignum
2664 4950 2934 5020 thyinum,
2960 4959 3012 5002 et
3034 4948 3213 5003 omnia
3238 4962 3365 5003 vasa

1809 5048 2012 5111 eboris,
2042 5054 2096 5100 et
2121 5059 2282 5100 omne
2302 5059 2399 5099 vas
2428 5059 2494 5098 ex
2530 5043 2675 5114 ligno
2708 5041 3124 5113 pretiosissimo,
3150 5049 3203 5094 et
3228 5054 3368 5095 tera-

1808 5150 2011 5205 mento,
2039 5148 2092 5195 et
2124 5138 2289 5204 ferro,
2317 5146 2372 5193 et
2400 5150 2717 5203 marmore;
2746 5144 2800 5191 et
2848 5135 3275 5199 cinnamomum,
3316 5142 3369 5187 et

1804 5503 1949 5553 rant.
1996 5512 2014 5544 ι
2079 5489 2211 5559 Qua:
2250 5504 2360 5544 non
2418 5486 2645 5559 multum
2675 5498 2853 5559 _se_nsu
2884 5482 3099 5559 absunt.
3131 5483 3364 5559 cogat-2r.

1875 5563 1986 5633 (85)
2039 5552 2125 5616 Αῖ
2145 5558 2436 5631 ἁμαρτίαι.
2487 5555 2585 5623 ld.,
2630 5554 2798 5624 αὐτῆς
2844 5557 2900 5610 αἱ
2931 5556 3144 5629 ἁμαρτ.
3190 5552 3263 5609 Ut
3315 5555 3386 5645 in;

1802 5633 1984 5781 (frg?)
2028 5702 2328 5781 Ἁαςέδωκε.
2375 5696 2479 5766 ld.,
2510 5695 2785 5752 ἀπέδωκεν
2828 5697 2976 5771 ὑμίν.
3000 5692 3187 5766 Neque
3215 5695 3363 5751 aliti'

1801 5774 2007 5831 Graeca.
2103 5774 2118 5781 '
2690 5819 2717 5831 ι
