3860 6200
212 320 308 375 75!

1312 316 1399 372 DE
1438 317 1736 373 CHRISTO
1777 319 1864 373 ET
1903 317 2389 374 ANTICHRISTO.

3375 319 3482 375 πει

212 439 544 512 ςανέρωσιν,
584 436 678 491 καὶ
709 436 808 509 τὴν
850 435 941 490 τοῦ
977 436 1168 508 θηρίου
1210 435 1304 489 τοῦ
1343 434 1574 508 φοϐεροῦ
1615 436 1797 502 δεῖξιν,

1905 437 2035 490 iacri
2070 453 2166 492 seu
2216 436 2467 507 imaginis
2505 445 2559 491 et
2592 443 2786 490 statua:
2812 435 3332 504 manifestationcm,
3382 438 3478 494 he-

211 529 395 593 καθὼς
453 531 792 601 σεσήμανται
839 531 897 584 ἐν
945 532 1057 593 τοῖς
1107 529 1435 600 ἔμπροσθεν,
1473 525 1556 594 οἷς
1589 533 1798 601 καιροῖς

209 623 240 677 ὁ
268 623 486 691 σίδηρος
515 622 611 674 καὶ
643 621 702 674 τὸ
729 621 996 692 ὄστρακον
1033 623 1112 684 είς
1143 622 1338 675 ταυτὸν
1375 623 1796 693 ἀναμιγήσεται.

214 714 389 779 Δείξει
431 714 492 767 δὲ
527 715 657 783 ἡμῖν
701 713 901 784 Δανιὴλ
933 712 1004 766 τὰ
1043 713 1399 785 προκείμενα.
1455 713 1616 783 Λέγει
1656 717 1795 786 γάρ·

223 829 240 858 σ
277 809 386 860 Καὶ
413 806 659 876 διαθήσει
685 805 792 876 (88)
819 805 1083 878 διαθήκην
1127 805 1343 870 πολλοῖς
1388 807 1624 877 ἑϐδομὰς
1671 807 1802 880 μία;

218 899 309 953 καὶ
353 899 532 960 ἔσται,
571 899 628 951 ἐν
665 897 743 968 τῷ
782 898 968 968 ἡμίσει
1014 899 1111 969 τῆς
1161 897 1455 968 ἑϐδομάδος
1501 899 1799 970 ἀρθήσεται

221 1010 321 1063 μου
373 991 536 1044 θυσία
585 991 678 1043 καὶ
730 991 952 1062 σπονδή.
985 1010 1004 1041 ι
1065 991 1210 1044 Μίαν
1253 992 1351 1062 μὲν
1381 987 1474 1045 οὖν
1532 993 1801 1064 ἑϐδομάδα

217 1084 354 1136 ἐτῶν
391 1083 494 1154 τὴν
525 1082 761 1154 ἐσχάτην
793 1082 888 1154 τὴν
918 1083 1012 1136 ἐπὶ
1045 1081 1124 1153 τῷ
1154 1084 1386 1154 τέρματι
1426 1083 1521 1137 τοῦ
1555 1084 1802 1156 σύμπαν-

218 1193 307 1240 τκ
346 1176 556 1245 κόσμου
601 1173 866 1246 ἐσομένην
908 1175 996 1228 ἐπ’
1044 1176 1294 1246 ἐσχάτων
1335 1176 1447 1248 (89)
1493 1177 1797 1248 ἐσήμανεν·

220 1263 285 1337 ἧς
321 1266 611 1337 ἑϐδομάδος
654 1266 715 1318 τὸ
759 1266 856 1336 μὲν
887 1267 1060 1336 ἥμισυ
1099 1267 1362 1338 λήψονται
1390 1269 1440 1320 oi
1471 1269 1566 1322 δύο
1593 1269 1804 1340 προφῆ-

224 1374 328 1420 ται,
357 1355 530 1427 Ἑνὼχ
557 1357 651 1410 καὶ
680 1355 883 1419 Ἠλίας.
903 1348 1064 1410 Οὗτοι
1095 1355 1205 1428 γὰρ
1232 1356 1559 1429 κηρύξουσιν
1590 1359 1802 1430 ἡμέρας
1828 1401 1839 1413 .

227 1447 396 1517 χιλίας
423 1446 707 1509 διακοσίας
735 1445 1015 1517 ἐξήκοντα,
1051 1448 1506 1520 περιϐεϐλημένοι
1545 1451 1799 1516 σάκκους,

231 1541 513 1610 μετάνοιαν
558 1537 636 1608 τῷ
678 1537 792 1609 λαῷ
835 1541 928 1593 καὶ
961 1542 1094 1594 πᾶσι
1122 1543 1237 1606 τοῖς
1275 1541 1453 1596 ἔθνεσι
1501 1544 1803 1614 καταγγέλ-

227 1632 420 1694 λοντες.

289 1723 498 1793 Ὠσπερ
527 1723 637 1794 γάρ
671 1723 766 1776 δύο
807 1724 1100 1795 παρουσίαι
1126 1723 1221 1777 τοῦ
1247 1725 1454 1798 Κυρίου
1493 1725 1588 1780 καὶ
1622 1727 1803 1798 Σωτῆ-

222 1829 308 1884 ρος
345 1789 638 1883 ήῷνδδιά
679 1813 786 1866 τῶν
819 1789 1052 1885 Γρναφῶν
1094 1789 1444 1887 ἐδείχθησαν·
1485 1817 1584 1888 μία
1628 1819 1726 1889 μὲν
1834 1789 1873 1844 Β

217 1903 406 1975 πρώτη
451 1905 594 1958 κατὰ
638 1905 815 1975 σάρκα
853 1905 1119 1978 γενομένη
1155 1905 1348 1977 ἄτιμος
1383 1905 1470 1960 διὰ
1500 1908 1560 1960 τὸ
1588 1905 1804 1972 ἐξουθε-

215 2000 442 2073 νηθῆναι
483 2001 594 2070 (90)
643 2002 839 2067 αὐτὸν,
908 1999 1093 2065 καθὼς
1141 2000 1515 2073 προανεφώνει
1576 2003 1803 2067 Ἡσαΐας

209 2092 425 2159 λέγων·
491 2112 510 2143 ι
540 2091 764 2162 Εἶδομεν
812 2091 972 2145 αὑτὸν
1028 2092 1122 2145 καὶ
1155 2092 1256 2144 οὐκ
1301 2089 1449 2162 εἶχεν
1497 2087 1636 2155 εἶδος
1683 2093 1803 2146 οὐδὲ

209 2184 409 2248 κάλλος
432 2201 446 2214 ·
482 2183 620 2238 ἀλλὰ
651 2184 711 2237 τὸ
740 2179 878 2246 εἶδος
914 2183 1081 2237 αὑτοῦ
1130 2183 1346 2254 ἄτιμον,
1375 2183 1623 2238 ἐκλεῖπον
1653 2185 1804 2257 παρὰ

210 2277 424 2338 πάντας
470 2277 598 2340 τοὺς
645 2273 984 2346 ἀνθρώπους.
1027 2274 1345 2347 Ἀνθρωπος
1388 2277 1447 2330 ἐν
1485 2276 1666 2348 πληγῂ
1701 2276 1798 2342 ὢν,

211 2369 302 2420 καὶ
350 2368 517 2431 εἰδὼς
563 2367 750 2437 φέρειν
801 2366 1095 2437 μαλακίαν,
1161 2365 1263 2438 (ὅτι
1308 2367 1693 2439 ἀπέστραπται
1737 2369 1800 2422 τὸ

214 2461 512 2530 πρόσωπον
561 2458 775 2530 αὑτοῦ,]
829 2458 1106 2531 ἠτιμάσθη
1155 2461 1250 2512 καὶ
1299 2459 1401 2513 οὐκ
1453 2459 1738 2531 ἐλογίσθη·
1773 2479 1793 2514 ι

213 2552 316 2621 ἠδὲ
341 2550 580 2623 δευτέρα
604 2552 874 2623 παρουσία
897 2551 1062 2605 αὐτοῦ
1084 2553 1418 2624 κεκήρυκται
1441 2552 1646 2619 ἔνδοξος
1660 2553 1796 2624 (91),

210 2644 282 2707 ὡς
338 2646 786 2717 παραγενήσεται
857 2645 951 2698 ἀπ’
1007 2645 1252 2718 οὐρα·θῶν
1321 2647 1461 2716 μετὰ
1515 2647 1798 2718 δυνάμεως

210 2735 461 2804 ἀγγέλων
490 2737 623 2807 (92),
657 2739 750 2792 καὶ
787 2737 1063 2810 Πατρικῆς
1096 2738 1276 2810 δόξης,
1304 2739 1382 2804 ὥς
1419 2757 1583 2810 φησιν
1613 2741 1642 2794 ὁ
1666 2756 1800 2811 προ-

288 2929 331 2959 δ’
372 2927 512 2981 Dan.
549 2943 621 2992 Ix,
655 2927 745 2981 9.7.

825 2932 870 2964 “
906 2932 1076 3002 Apoc.
1109 2945 1184 2995 ιιι,
1221 2931 1276 2984 5.
1351 2931 1398 2964 δ’
1437 2927 1542 2988 lsa.
1581 2930 1778 3000 ιιιι,2,
1811 2932 1868 2987 3.

1903 530 2130 597 stiteque
2180 528 2543 582 formidabilis
2594 529 2870 598 speciem,
2918 530 2992 582 uti
3023 529 3075 582 in
3105 527 3480 597 superioribus

1901 622 2246 691 designatum
2274 630 2390 686 est;
2429 620 2647 688 quando
2679 619 2925 674 futurum
2953 629 3070 686 est,
3104 628 3166 674 ut
3196 617 3399 674 ferrum
3427 630 3482 674 et

1904 720 2042 766 testa
2077 713 2131 768 in
2161 728 2328 768 unutn
2361 713 2710 766 misceantur.
2745 710 3004 765 Ostendet
3027 726 3158 765 vero
3189 710 3348 764 nobis
3372 708 3480 764 Da-

1903 803 2012 858 niel
2049 803 2164 857 haec
2194 802 2264 856 ita
2294 801 2592 871 proposita.
2626 801 2716 854 Ait
2744 802 2884 854 enim
2929 820 2941 856 :
2982 818 3000 852 ι
3029 800 3096 854 Ει
3125 801 3375 870 disponet
3403 807 3482 854 te-

1906 902 2238 949 stamentum
2275 894 2462 949 multis
2491 893 2830 947 hebdomada
2868 908 2995 947 una.
3035 891 3100 946 Et
3124 893 3226 947 crit
3263 911 3276 946 :
3311 892 3363 946 in
3398 893 3484 946 di-

1902 988 2072 1043 tnidio
2123 986 2480 1041 hebdomadte
2519 984 2800 1038 auferetur
2848 984 3178 1038 sacriﬁcium
3217 999 3396 1038 meum
3428 995 3483 1038 et

1903 1080 2092 1135 libatio
2145 1079 2214 1133 ⁸⁷.
2276 1099 2295 1133 ι
2371 1077 2546 1132 Unam
2593 1092 2722 1148 ergo
2775 1092 3042 1132 annorum
3085 1077 3478 1132 hebdomadam

1902 1182 2204 1228 extremam
2239 1171 2586 1243 signiﬁcavit,
2621 1187 2739 1240 qua:
2768 1171 2822 1225 in
2847 1171 2954 1225 ﬁne
2985 1172 3151 1226 totius
3182 1171 3367 1225 mumii
3395 1172 3483 1226 fu-

1905 1275 2025 1320 tura
2062 1266 2166 1323 sit:
2222 1265 2380 1335 cujus
2417 1263 2770 1318 hebdomada:
2809 1264 3095 1319 dimidium
3127 1274 3344 1320 sument
3371 1265 3481 1320 duo

1903 1358 2201 1428 prophetae,
2230 1355 2415 1412 Enoch
2444 1367 2496 1411 et
2517 1355 2684 1412 Elias.
2719 1355 2784 1410 lii
2806 1358 2949 1411 enim
2973 1357 3343 1428 praedicabunt
3363 1357 3482 1413 dies

1903 1449 2052 1502 mille
2100 1447 2366 1503 ducentos
2430 1447 2746 1518 sexaginta,
2803 1448 2987 1503 amicti
3040 1449 3215 1505 saccis
3244 1450 3334 1518 ‘3;
3387 1451 3480 1520 qui

1905 1539 2165 1594 nimirum
2211 1540 2411 1611 populo
2461 1541 2784 1611 cunctisque
2823 1542 3074 1613 gentibus
3104 1543 3479 1613 penitentiam

1903 1632 2167 1688 indicant.

1978 1725 2165 1780 XLlV.
2206 1723 2674 1792 Quemadmodum
2701 1726 2845 1781 enim
2875 1726 3072 1796 duplex
3109 1726 3266 1782 nobis
3299 1726 3484 1783 Domi-

1905 1818 1958 1874 ni
1987 1833 2050 1872 ac
2085 1817 2386 1873 Salvatoris
2409 1817 2678 1872 adventus
2719 1815 3127 1887 Scripturarnm
3168 1819 3482 1874 testimonio

1906 1909 2154 1982 proditus
2198 1919 2314 1976 est;
2379 1925 2522 1963 unus
2563 1909 2782 1979 quidem
2829 1925 2893 1964 ac
2936 1911 3146 1979 primus
3191 1912 3246 1965 in
3298 1927 3478 1977 carne,

1906 2005 2053 2061 nulla
2084 2005 2352 2057 honorum
2397 2018 2596 2073 pompa
2629 2019 2694 2059 ac
2724 2003 3002 2070 claritate,
3053 2014 3112 2058 ut
3137 2005 3482 2076 despicabilis

1906 2097 2068 2160 foret,
2118 2104 2178 2149 ut
2223 2096 2352 2149 olim
2402 2096 2730 2150 vaticinatus
2779 2095 2956 2150 fuerat
3002 2095 3190 2160 Isaias,
3243 2097 3476 2154 dicens:

1913 2206 1932 2240 ι
1965 2187 2216 2242 Vidimus
2243 2203 2391 2253 eum,
2423 2198 2475 2242 et
2507 2203 2612 2242 non
2649 2185 2881 2242 habebat
2915 2187 3148 2257 speciem
3181 2204 3357 2258 neque
3388 2191 3483 2246 de-

1905 2297 2089 2337 corem
2122 2299 2134 2335 :
2166 2279 2259 2336 sed
2297 2282 2506 2352 species
2531 2281 2651 2352 ejus
2680 2289 2993 2350 contempta
3026 2290 3081 2336 et
3107 2281 3364 2337 deliciens
3390 2298 3484 2337 su-

1901 2390 2001 2446 pra
2043 2391 2235 2431 omnes
2295 2375 2566 2429 homines.
2635 2372 2811 2428 Homo
2855 2375 2909 2428 in
2955 2375 3110 2445 plaga
3158 2373 3401 2444 positus,
3429 2386 3484 2430 et

1903 2465 2085 2521 sciens
2131 2464 2274 2520 ferre
2320 2465 2722 2532 inﬁrmitatem;
2778 2466 2905 2535 quia
2950 2481 3139 2520 aversa
3191 2474 3276 2544 est
3312 2464 3482 2522 facies

1898 2559 2052 2628 ejus,
2106 2558 2388 2629 despecta,
2436 2559 2747 2629 nulliusqne
2800 2560 3029 2615 rationis
3085 2559 3271 2614 habita
3313 2560 3402 2627 ";
3456 2579 3477 2613 ι

1900 2649 2040 2703 alter
2074 2665 2205 2704 vero
2238 2651 2358 2720 ejus
2393 2649 2659 2704 adventus
2685 2651 2738 2704 in
2771 2649 3059 2720 majestate
3091 2649 3309 2706 futurus
3337 2666 3480 2722 prae-

1906 2741 2122 2798 dicatus
2147 2749 2250 2808 est,
2304 2740 2525 2810 quando
2552 2741 2619 2798 de
2645 2741 2799 2797 ctelis
2825 2742 3004 2798 veniet
3031 2743 3346 2813 angelorum
3377 2743 3478 2799 sti-

285 3092 394 3163 (88)
436 3091 547 3145 Kal
587 3091 890 3166 διαθήσει,
938 3114 957 3146 ι
991 3095 1260 3164 disponet.
1315 3114 1334 3148 ι
1384 3095 1597 3166 Reliqui
1637 3097 1800 3152 δυνα-
1827 3101 1869 3158 C
1905 3095 2180 3165 majestas,
2211 3093 2282 3149 sit
2303 3093 2504 3166 Christi
2537 3092 2794 3166 majestas
2823 3102 2875 3147 ct
2903 3092 3074 3163 gloria
3101 3108 3197 3148 seu
3228 3093 3476 3161 claritas,

220 3162 388 3232 μέέισει
410 3202 425 3225 ,
478 3162 624 3232 quod
673 3166 1036 3219 conununitcr
1063 3162 1292 3220 reddunt
1327 3185 1344 3218 ι
1375 3162 1738 3222 conﬁrmabit.
1775 3187 1792 3217 ι

218 3235 379 3298 Quasi
426 3233 716 3308 robustum
769 3235 1096 3308 ﬁrmumque
1125 3236 1345 3308 reddet,
1386 3238 1613 3308 devictis
1642 3240 1800 3308 plane

218 3320 375 3376 grave
422 3322 436 3358 :
487 3303 631 3376 unde
673 3318 746 3376 ct,
769 3305 979 3376 Syriae.
1009 3303 1030 3360 ἰ
1069 3324 1091 3358 ι
1119 3305 1295 3362 Grave
1325 3308 1512 3362 reddet
1540 3303 1734 3364 fmd'us.
1773 3327 1793 3360 ι

217 3374 371 3427 Nullo
405 3373 582 3450 modo
627 3373 932 3450 audiendus
958 3376 1170 3450 videtur
1196 3376 1522 3450 Hippolytus
1543 3421 1557 3443 ,
1609 3380 1702 3450 qui
1731 3379 1798 3433 ad

216 3445 520 3499 secundum
555 3449 667 3502 hate
691 3446 979 3500 adventum
1006 3446 1207 3501 Christi
1235 3445 1287 3502 ct
1310 3445 1379 3503 ad
1399 3445 1795 3505 'Antichristum

217 3517 430 3579 tnhat;
489 3532 614 3571 cum
661 3517 852 3589 reliqui
896 3517 1090 3589 melius
1121 3518 1185 3570 ad
1215 3518 1413 3574 Christi
1445 3521 1680 3589 primum
1711 3521 1800 3573 ad-

213 3595 714 3660 ventunrspectare
746 3588 950 3660 velint,
1007 3587 1235 3660 ejusque
1267 3587 1460 3645 mortis
1488 3605 1706 3660 poenam
1744 3599 1796 3644 ct

211 3654 720 3727 Hierosolymorum
753 3654 1049 3724 excidium,
1077 3654 1449 3714 Romanorum
1473 3654 1611 3714 duce
1635 3660 1793 3714 Tito:

211 3725 440 3796 quando
468 3725 663 3783 exusto
694 3728 912 3796 templo,
948 3729 1028 3781 sic
1059 3729 1277 3782 victima
1325 3731 1559 3785 cessavit
1587 3741 1641 3785 et
1668 3731 1799 3784 liba-

213 3797 593 3870 tio.4desolato
624 3800 764 3859 loco,
797 3813 908 3865 quo
935 3799 1109 3870 solum
1141 3798 1318 3854 facere
1353 3801 1566 3855 licehat.
1599 3801 1796 3870 Capta-

213 3870 286 3920 tio
319 3868 441 3920 lucc
474 3871 606 3922 certi
645 3870 901 3937 temporis
930 3868 1274 3932 Antichristi,
1320 3880 1375 3924 ut
1405 3880 1458 3924 et
1483 3868 1693 3925 Christi
1728 3870 1794 3924 ad

207 3938 482 4009 judicium
516 3939 728 4009 venturi
759 3939 982 3992 omnino
1017 3941 1278 4000 cavenda,
1307 3941 1453 4009 quod
1488 3957 1650 3996 nosse
1680 3941 1796 3996 haec

213 4008 478 4063 mortales
515 4008 863 4064 Providentia
913 4009 1177 4066 noluerit.
1255 4008 1531 4066 Videndus
1588 4011 1786 4068 Chrvs.

213 4078 366 4153 Itoni.
395 4078 430 4130 2
460 4077 1010 4153 aduersushludtgos,
1072 4091 1126 4134 ct
1178 4080 1541 4153 Hieronymus
1583 4083 1640 4135 in
1688 4077 1794 4136 Da-

212 4147 338 4200 niel.
380 4165 456 4223 ιιι,
491 4152 692 4220 aliique
724 4149 854 4203 ibid.
886 4149 1128 4222 Scaliger
1164 4153 1201 4206 ι.
1236 4169 1288 4208 vt
1330 4147 1553 4211 Emend.
1598 4163 1794 4223 tenipo-

213 4236 354 4272 rum.
387 4219 629 4274 Const-'7.

283 4289 404 4359 (89)
439 4292 584 4365 *Ἐπ’
617 4291 911 4365 ἐσχάτων.
964 4290 1056 4348 Sic
1082 4295 1266 4360 modo,
1302 4294 1456 4348 initio
1485 4294 1647 4365 hujus
1670 4310 1789 4364 cap.

210 4358 582 4416 Coinbeﬁsius
606 4358 810 4422 tau—icti.
841 4364 926 4415 ἐπ’
959 4366 1209 4422 ἐσγάτου.

447 4431 973 4507 ξξξρυᾴενηῼῆνᾳι.
997 4429 1268 4494 Cbtnbcf..
1287 4433 1724 4507 ἐξουδενωθῆναι.

284 4503 400 4569 (9i)
447 4502 759 4575 Ἔνδοξος.
785 4503 874 4575 Ita
891 4505 1252 4561 Combeﬁsius
1283 4525 1296 4560 :
1327 4506 1474 4575 quod
1504 4502 1688 4574 postea
1716 4505 1795 4559 vi-

213 4587 336 4647 sum
366 4573 784 4647 probatumque
832 4572 1040 4644 Tanaq.
1071 4575 1269 4631 Fahro.
1301 4572 1444 4630 Edit.
1478 4572 1618 4631 Gud.
1652 4576 1796 4647 apud

213 4640 552 4706 Fabricium,
581 4642 828 4708 ἐνδόξως.

287 4711 402 4779 (92)
445 4711 612 4766 Metti
636 4713 944 4787 δυνάμεως
969 4714 1272 4787 ἀγγέλων.
1293 4715 1503 4785 Ubique
1530 4719 1684 4787 quasi
1706 4733 1796 4772 re-

214 4781 300 4850 gia
331 4797 528 4855 pompa
551 4825 566 4846 ,
625 4781 939 4855 angelorum
969 4781 1224 4840 satellitio
1255 4781 1512 4855 frequens
1535 4781 1798 4842 describi-

214 4863 307 4906 tur
335 4854 608 4929 gloriosus
642 4854 957 4929 liictihristi
988 4857 1251 4929 adventus
1284 4876 1298 4910 :
1329 4854 1428 4929 nec
1451 4859 1610 4913 aliter
1639 4875 1798 4929 expo-

217 4923 396 5000 nenda
435 4923 486 4976 in
520 4923 826 5000 tivangeliis
850 4941 952 5000 vos
984 4925 1242 5000 δύναμις,
1271 4928 1469 5000 ubi_i_ta
1501 4923 1796 5000 usurpatur

216 4994 283 5045 ad
341 4995 704 5062 propositum.
760 4995 975 5059 Mattli.,
1005 4994 1151 5062 xxiv,
1181 4999 1286 5051 30:
1320 5018 1338 5050 ι
1373 4994 1684 5054 Venienteiu
1743 5000 1796 5054 in

215 5065 458 5141 putribus
504 5065 651 5141 geli,
712 5066 849 5141 μετὰ
893 5065 1172 5138 δυνάμεως
1224 5070 1316 5122 καὶ
1359 5068 1525 5141 δόξης
1574 5071 1792 5141 πολλῆς.

222 5132 380 5208 Vulg.
443 5153 462 5185 ι
497 5134 632 5208 Cium
680 5132 1114 5208 v'irtute_magtia
1167 5148 1220 5192 et
1263 5132 1578 5208 majestate,
1615 5161 1632 5193 ι
1682 5132 1797 5196 sive

215 5206 475 5282 gloriaet
501 5207 773 5282 claritate;
825 5206 919 5282 cui
950 5206 1143 5282 reliqui
1189 5206 1798 5282 cuerra-cisjungunt

214 5275 565 5346 adjectivum.
629 5276 725 5336 At.
776 5276 920 5342 quod
965 5275 1096 5331 an.
1147 5295 1234 5345 ix,
1280 5281 1385 5346 ‘26,
1426 5283 1496 5335 ita
1524 5275 1792 5336 habitur:

215 5347 391 5424 f0?“
418 5344 548 5424 ἑλθῃ
560 5348 620 5424 ἐν
649 5349 714 5416 τῇ
742 5346 868 5424 δόξῃ
891 5347 1178 5424 αὑτοῦ-καὶ
1202 5344 1296 5424 τοῦ
1327 5344 1542 5424 Πατρὸς
1566 5355 1660 5408 καὶ
1688 5352 1797 5424 τῶν

213 5417 390 5486 άγίων
433 5417 701 5485 ἀγγέλων·
755 5429 807 5471 et
842 5421 914 5472 ita
949 5429 1008 5472 ut
1045 5420 1232 5475 Graeca
1282 5417 1513 5486 habent,
1567 5423 1798 5479 reddidit

218 5485 379 5554 Vulg.
431 5503 453 5537 ι
489 5488 626 5540 Cum
671 5489 878 5542 venerit
925 5489 977 5542 in
1005 5492 1285 5559 majestate
1331 5509 1426 5548 sua
1458 5485 1509 5547 et
1538 5493 1714 5548 Patris
1742 5503 1798 5547 et

214 5560 886 5634 sanctorumangelorum
918 5599 933 5624 ,
970 5579 987 5610 ι
1034 5563 1164 5615 mihi
1197 5579 1422 5632 prorsus
1458 5576 1796 5634 suspectum,

211 5641 393 5695 exque
418 5625 672 5682 Iattha’o
705 5637 759 5682 et
783 5627 966 5683 Marco
986 5671 1000 5694 ,
1035 5625 1283 5686 currulem
1317 5643 1520 5688 textum
1557 5625 1788 5689 referen?

217 5698 400 5774 tibus,
450 5699 889 5774 emendandum;
935 5708 995 5753 ιιι
1040 5703 1241 5770 ubique
1268 5705 1443 5774 angeli
1471 5706 1675 5759 Christi
1708 5721 1800 5760 sa-

217 5767 414 5822 tellitio
441 5767 668 5825 comites
695 5769 1100 5840 describantur,
1132 5767 1239 5828 non
1268 5767 1504 5845 quorum
1531 5776 1700 5846 gloria
1736 5788 1789 5830 et

1902 3162 2044 3221 sicut
2075 3167 2189 3234 ipsa
2224 3180 2323 3220 sua
2350 3173 2404 3218 et
2432 3162 2610 3218 Patris
2630 3206 2645 3229 ,
2673 3165 2747 3217 uti
2782 3162 2974 3218 horum
3008 3166 3294 3218 verborum
3330 3174 3477 3221 totus

1904 3246 2082 3299 tenor,
2143 3251 2304 3290 sensu
2341 3235 2524 3288 minus
2571 3235 2855 3302 apposito,
2906 3234 3212 3304 srgnilicare
3243 3236 3475 3290 videtur.

1903 3305 1994 3361 Sic
2043 3313 2188 3359 certe
2234 3306 2426 3375 reliqui
2477 3305 2818 3372 interpretes.
2859 3305 2981 3374 Syr.
3045 3323 3061 3354 ι
3100 3304 3236 3358 Cum
3264 3307 3475 3360 venerit

1901 3377 1955 3430 in
1987 3377 2155 3447 gloria
2204 3375 2384 3430 Patris
2434 3376 2541 3436 sui,
2579 3390 2703 3447 cum
2729 3376 2938 3444 angelis
2969 3376 3141 3443 ipsius
3187 3391 3479 3447 sacrosan-a

1900 3443 2039 3502 etis":
2080 3466 2098 3498 ι
2155 3463 2275 3514 qua:
2317 3455 2447 3516 sunt
2492 3443 2825 3516 ipsa_Marci
2862 3447 3022 3500 verba
3053 3462 3166 3510 viil,
3200 3446 3288 3509 58,
3319 3448 3375 3498 ἐν
3407 3448 3474 3516 τῇ

1897 3516 2026 3591 δόξῃ
2077 3513 2184 3569 τοῦ
2223 3515 2433 3588 Πατρὸς
2483 3513 2682 3579 αὑτοῦ,
2736 3516 2872 3638 μετὰ
2920 3516 3027 3570 τῶν
3077 3516 3323 3586 ἀγγέλων
3369 3513 3474 3569 τῶν

1899 3588 2090 3638 ἁγίων.
2123 3586 2310 3638 Matth.
2341 3603 2450 3638 xvii
2474 3628 2487 3638 .
2517 3586 2585 3638 27
2619 3603 2632 3638 ε
2686 3604 2704 3637 ι
2766 3604 2795 3638 ιι
2830 3587 2999 3638 cloria
3031 3585 3209 3638 Patris
3238 3587 3321 3638 sui
3349 3602 3470 3638 cum

1899 3585 2090 3656 ἁγίων.
2123 3586 2310 3640 Matth.
2341 3585 2450 3640 ιινιι
2474 3628 2487 3647 ,
2517 3586 2585 3639 27
2619 3603 2632 3638 :
2686 3604 2704 3637 ι
2738 3585 2795 3639 In
2830 3587 2999 3656 gloria
3031 3585 3215 3656 Patris
3238 3587 3321 3641 sui
3349 3602 3470 3640 cum

1899 3655 2105 3726 angelis
2139 3658 2273 3720 suis,
2310 3676 2329 3708 ι
2373 3656 2510 3727 μετὰ
2537 3656 2644 3709 τῶν
2675 3655 2918 3727 ἀγγέλων
2943 3657 3128 3709 αὐτοῦ.
3179 3655 3288 3711 Nec
3317 3657 3474 3710 aliter

1899 3729 1954 3782 in
1978 3725 2133 3780 Luca
2166 3729 2328 3780 etiam
2372 3725 2638 3780 Arabicus
2683 3739 2735 3780 et
2774 3725 3028 3782 Persicus
3074 3727 3471 3781 reddiderunt:

1899 3814 2006 3851 non
2032 3798 2135 3850 alia
2170 3798 2324 3865 plane
2353 3798 2584 3861 ratione,
2616 3813 2780 3866 quam
2815 3799 2944 3867 quia
2974 3797 3225 3851 meliores
3253 3797 3474 3850 Graecos

1897 3868 2112 3922 codices
2139 3867 2280 3920 nacti
2311 3875 2468 3928 sunt,
2499 3867 2598 3920 etsi
2642 3867 2804 3920 modo
2839 3883 2947 3921 non
2975 3878 3298 3935 suppetunt,
3333 3881 3474 3935 quos

1897 3939 2163 4000 noverim,
2191 3939 2282 4006 qui
2317 3938 2389 3990 ita
2421 3937 2674 3991 habeant.
2716 3935 2988 4006 Obrepere
3027 3939 3188 3990 etiam
3226 3936 3473 4004 Scriptu-

1897 4009 1972 4063 ris
1997 4007 2307 4070 canonicis,
2353 4008 2589 4061 humana
2621 4007 2704 4062 vel
2731 4007 3018 4076 fragilitate
3042 4010 3125 4061 vel
3156 4007 3471 4071 oscitantia,

1895 4079 2114 4133 fallente
2165 4095 2328 4132 manu
2371 4077 2596 4141 scribie,
2649 4079 2847 4132 menda
2894 4079 3110 4146 aliqua,
3151 4077 3335 4132 notius
3360 4088 3466 4142 est,

1895 4166 2058 4219 quam
2087 4159 2146 4203 ut
2175 4158 2331 4219 egeat
2359 4147 2466 4200 ulla
2497 4149 2814 4217 probatione
2835 4188 2849 4212 ,
2899 4149 3041 4219 apud
3069 4163 3164 4202 eos
3196 4149 3288 4217 qui
3322 4146 3470 4201 Scri-

1894 4215 2082 4289 pturas
2115 4215 2299 4273 sacras
2341 4229 2400 4272 ut
2431 4215 2739 4288 apographa
2769 4215 3117 4282 venerantur,
3171 4215 3252 4271 vel
3304 4219 3472 4271 etiam

1895 4300 1956 4344 ut
1987 4291 2265 4344 versiones
2285 4330 2300 4355 ,
2337 4305 2444 4343 non
2475 4299 2532 4342 ut
2574 4290 2688 4357 ipsa
2720 4291 2877 4358 quasi
2927 4289 3020 4342 Dei
3070 4289 3241 4357 digito
3267 4289 3472 4357 scripta

1894 4361 2266 4429 autographa,
2318 4376 2382 4414 ac
2435 4359 2817 4428 prophetarum
2865 4375 3029 4413 manu
3062 4369 3318 4424 exarata,
3371 4374 3468 4412 seu

1825 4434 2062 4500 Deliam
2113 4431 2217 4485 illis
2264 4431 2448 4484 divino
2500 4430 2702 4498 Spiritu
2753 4429 3470 4500 et~pr0pheticorccognita

1901 4513 2062 4570 atque
2093 4502 2420 4570 subscripta.
2484 4499 2738 4554 Ecclesiae
2772 4499 2874 4563 sit,
2907 4501 3146 4554 virorum
3179 4500 3468 4554 doctorum

1897 4587 2060 4640 opera
2103 4588 2164 4625 ac
2209 4571 2427 4626 solertia
2449 4610 2464 4634 ,
2493 4570 2636 4623 κατὰ
2669 4572 2889 4642 καιροὺς
2921 4573 3244 4636 emendare,
3278 4571 3468 4625 melio-

1898 4657 2018 4696 rum
2055 4642 2302 4697 codicum
2335 4657 2434 4710 ope
2459 4657 2523 4694 ac
2559 4641 2853 4710 antiquibri
2890 4641 3211 4706 traditione,
3265 4655 3372 4694 non
3402 4655 3473 4694 ex.

1897 4727 2001 4766 suo
2027 4713 2222 4780 capite,
2253 4714 2397 4780 quod
2427 4712 2587 4765 nulla:
2613 4711 2726 4779 jam
2753 4721 2964 4766 exstent
2989 4712 3109 4780 ejus
3129 4712 3341 4781 generis
3364 4725 3476 4763 no-

1897 4799 1978 4837 va:
2010 4783 2399 4848 reVelationes;
2437 4782 2701 4852 nullaque
2730 4782 2800 4836 sit
2836 4782 2980 4836 illius
3010 4783 3162 4847 ﬁdes,
3199 4781 3290 4850 qui
3324 4781 3473 4834 dicat

1898 4869 1957 4908 se
1983 4853 2184 4906 habere
2215 4871 2228 4906 :
2259 4852 2425 4906 divini
2460 4850 2871 4921 vero‘Spiritus
2918 4853 3162 4906 tenueris
3207 4854 3276 4905 sit
3306 4860 3470 4919 atque

1897 4924 2141 4978 numinis
2167 4938 2276 4993 quo
2307 4937 2520 4991 semper
2565 4923 2861 4976 Ecclesiam
2905 4924 3075 4992 regit,
3120 4932 3180 4976 ut
3219 4936 3315 4993 per
3343 4935 3468 4993 eam

1897 4990 2260 5058 occasionem,
2293 4990 2438 5047 nihil
2460 5009 2570 5062 quo
2594 4993 2776 5046 divina
2809 4993 2942 5047 ﬁdes
2965 4990 3228 5057 laedatur,
3256 4991 3308 5044 in
3347 4990 3471 5044 uni-

1897 5080 2108 5117 versam
2158 5065 2455 5119 Ecclesiam
2479 5061 2561 5118 iet
2605 5064 2926 5118 catholicam
2968 5064 3228 5132 obrepere
3263 5061 3412 5132 rsinat
3449 5079 3470 5114 ι

1897 5135 2025 5189 aliis
2053 5137 2267 5190 interim
2298 5135 2682 5189 minutioribus
2707 5135 2986 5188 hominum
3016 5131 3368 5202 disputationi
3400 5146 3469 5186 ac

1897 5206 2100 5260 critica:
2130 5206 2351 5261 relictis.
2410 5203 2630 5274 Hocque
2665 5205 2902 5258 maxime
2939 5205 3073 5258 satis
3118 5211 3466 5274 prospectum

1899 5276 2306 5344 Scripturarum
2339 5273 2630 5346 integritati
2666 5291 2730 5330 ac
2765 5275 2983 5346 puritati
3019 5293 3032 5329 :
3066 5275 3261 5346 vixque
3293 5273 3468 5346 ιιόιιιιτ

1897 5341 2056 5402 catur
2088 5356 2146 5401 ut
2166 5348 2324 5402 aliter
2354 5341 2538 5401 credat
2564 5357 2725 5416 atque
2752 5341 2968 5410 sentiat,
3000 5343 3093 5414 qui
3121 5341 3282 5416 corde
3301 5341 3465 5416 docili

1897 5434 1962 5472 ac
1985 5417 2204 5472 erudito
2253 5419 2512 5489 praaditus
2561 5413 2667 5482 sit';
2720 5416 2966 5489 maleque
2994 5413 3212 5489 sectarii
3246 5413 3468 5489 quidvis

1897 5489 2042 5542 aliud
2073 5485 2356 5544 catholicis
2381 5488 2678 5556 objectant,
2717 5486 2860 5555 quod
2893 5485 3214 5540 modestiam
3243 5487 3467 5554 pluscu-

1899 5558 2008 5612 lum
2039 5561 2242 5625 colant,
2288 5575 2387 5614 nec
2434 5555 2593 5612 facile
2621 5565 2800 5626 vetera
2828 5555 2966 5625 (ipsa
2989 5572 3088 5610 sua
3115 5556 3467 5626 simplicitate

1897 5629 2203 5684 veneranda
2228 5671 2242 5694 ,
2299 5630 2582 5699 magisque
2623 5643 2689 5681 ex
2721 5625 2975 5699 Ecclesiae
3003 5625 3332 5699 traditione,
3360 5641 3465 5699 eu-

1896 5700 2072 5768 jusvis
2098 5703 2250 5756 scioli
2283 5695 2712 5770 opinationibus,
2749 5695 3035 5770 Vatiniano
3055 5697 3468 5770 in_pontiﬁcios,

1898 5783 1956 5824 ut
1983 5772 2187 5828 insulse
2215 5768 2430 5836 vocant.
2459 5769 2607 5843 odio)
2627 5768 2852 5825 convelli
2879 5769 3081 5826 sinant.
3110 5768 3327 5825 Utinam
3354 5781 3471 5822 uno
