3860 6200
346 290 455 347 763

982 289 1040 344 S.
1084 285 1440 343 HlPPOLVtt
1475 286 1625 342 OPP.
1665 286 1845 342 PARS
1882 284 1944 341 ll.
1986 318 2054 328 -—
2095 283 2395 343 DOGMAT.
2442 286 2527 343 ΕΤ
2572 286 2920 345 HISTORIC.

3479 292 3591 347 764

349 419 514 482 pante
552 410 767 476 militia,
825 419 879 465 et
928 410 982 464 in
1008 408 1240 464 Paterna
1266 408 1512 465 claritate
1541 408 1620 474 “;
1674 423 1906 479 quomo-

2031 408 2211 479 ρήτης·
2232 427 2250 459 ι
2275 408 2507 462 Βασιλέα
2533 410 2671 481 μετὰ
2698 408 2855 482 δόξης
2883 409 3079 481 ὄψεσθε
3098 428 3111 441 ·
3137 413 3229 465 καί
3247 428 3261 442 ’
3295 412 3599 486 Ἐθεώρουν

348 501 422 557 do
460 502 535 556 ait
583 501 844 571 propheta
880 518 894 555 :
937 519 956 552 ι
994 498 1260 555 Videbitis
1302 514 1482 571 regem
1530 500 1584 554 in
1626 499 1823 555 decore
1863 511 1919 554 et

351 594 633 661 majestate
669 593 748 660 ";
792 611 813 645 ι
889 601 943 647 et
978 609 993 646 :
1047 611 1067 643 ι
1108 591 1453 661 Aspicieham
1516 606 1640 647 cum
1683 591 1918 648 nubibus

348 682 473 737 (ιωιί
500 690 760 751 tanquam
813 678 1010 734 Filium
1057 679 1295 734 hominis
1319 679 1642 745 venientem,
1668 687 1724 735 et
1746 694 1920 750 usque

352 773 420 828 ad
448 771 748 841 Antiquum
796 772 1007 827 dierum
1057 770 1303 841 pervenit
1334 788 1347 824 :
1380 780 1435 827 et
1471 771 1685 827 oblatus
1727 780 1810 827 est
1834 771 1915 838 ei;

354 874 408 921 et
434 864 621 920 datum
649 871 735 920 est
761 863 810 919 ei
836 863 1122 934 imperium
1161 870 1218 918 et
1246 863 1421 918 honor
1469 872 1523 918 et
1557 862 1729 933 gloria
1753 871 1807 917 et
1832 878 1920 917 re-

355 973 543 1029 gnum,
570 971 763 1013 omnes
793 956 970 1011 tribus
996 966 1049 1011 et
1076 956 1274 1028 lingua:
1308 957 1547 1012 servient
1573 956 1653 1023 ei;
1691 972 1917 1027 regnum

352 1051 474 1121 ejus
518 1065 743 1120 regnum
788 1061 1084 1116 aeternum,
1132 1050 1276 1119 quod
1322 1066 1429 1105 non
1488 1050 1731 1106 interibit
1776 1050 1844 1104 ⁸⁸.
1893 1069 1912 1101 ι

355 1136 449 1196 Sic
492 1148 547 1196 et
589 1139 700 1195 duo
736 1154 1103 1209 praecursores
1151 1140 1435 1195 monstrati
1487 1148 1634 1196 sunt.
1700 1140 1918 1196 Primus

354 1230 457 1286 l‘uit
482 1229 741 1298 Joannes,
779 1229 1060 1285 Zachariae
1096 1232 1259 1298 lilius,
1288 1232 1382 1301 qui
1411 1232 1465 1285 in
1489 1232 1746 1288 omnibus
1775 1249 1915 1303 prae-

353 1337 546 1378 cursor
576 1338 641 1379 ac
666 1337 844 1393 praeco
872 1322 1170 1378 Salvatoris
1203 1323 1442 1390 exstitit;
1474 1323 1805 1395 caalesteque
1834 1326 1917 1381 lu-

355 1432 478 1471 men
512 1415 658 1488 quod
684 1415 887 1470 mundo
936 1415 1206 1477 illuxerat,
1255 1417 1608 1480 annuntians,
1641 1430 1707 1470 ex
1727 1416 1920 1472 matris

354 1517 511 1564 utero
544 1508 897 1578 praecursoris
928 1516 1110 1577 partes
1160 1506 1401 1577 implevit
1436 1506 1664 1576 primus,
1713 1506 1783 1561 ab
1807 1500 1918 1561 Eli-

355 1600 551 1655 sabcth
594 1607 922 1669 conceptus;
982 1608 1040 1654 ut
1082 1607 1135 1653 et
1186 1598 1273 1655 his
1302 1598 1396 1669 qui
1427 1613 1496 1653 ex
1535 1597 1726 1653 matris
1759 1597 1919 1653 vulva

352 1690 562 1761 parvuli
595 1700 790 1755 erant,
826 1705 1021 1745 novam
1049 1705 1117 1745 ex
1145 1672 1352 1760 Spiritu
1378 1699 1569 1746 sancto
1594 1697 1649 1744 et
1675 1687 1916 1760 Virgine,

356 1797 464 1853 qua
501 1782 740 1837 donandi
766 1791 974 1847 essent,
1006 1780 1341 1835 nativitatem
1372 1780 1698 1835 ostenderet.

427 1870 593 1926 XLV.
634 1870 735 1927 llic
762 1872 947 1926 audita
974 1871 1166 1925 matris
1194 1868 1537 1934 salutatione,
1572 1868 1774 1924 exsiliit
1793 1884 1923 1939 gau-

353 1963 490 2018 dens
525 1963 579 2016 in
610 1968 763 2016 utero
787 1960 833 1993 ³³
858 2001 874 2026 ,
924 1960 980 2014 ἱιι
1030 1957 1271 2029 Virginis
1314 1957 1518 2027 pariter
1551 1966 1702 2011 utero
1730 1971 1923 2012 conce-

353 2062 503 2125 ptum
539 2052 709 2106 Deum
742 2050 980 2106 Verbum
1012 2049 1250 2105 intuens.
1298 2048 1500 2103 Deinde
1534 2047 1923 2118 praedicaturus

352 2139 406 2194 in
433 2140 711 2193 desertum
756 2138 922 2202 venit,
968 2136 1298 2191 annuntians
1344 2136 1542 2207 populo
1595 2136 1922 2207 baptismum

356 2228 724 2299 pmnitentiaa;
779 2242 974 2297 nempe
1019 2226 1316 2298 gentilibus
1363 2227 1418 2280 in
1467 2226 1656 2281 mundi
1710 2227 1923 2284 deserto

352 2320 684 2385 viventibus,
716 2320 949 2376 salutem
984 2319 1378 2389 praenuntians.
1440 2317 1579 2373 Tum
1609 2319 1664 2373 in
1687 2317 1923 2376 Jordane

351 2413 529 2482 ipsum
570 2427 754 2467 coram
786 2411 1125 2467 Salvatorem
1159 2410 1418 2475 ostendit,
1458 2410 1684 2466 dicens:
1730 2430 1749 2462 ι
1785 2410 1924 2465 Ecce

352 2505 540 2576 Agnus
581 2503 713 2572 Dei,
767 2505 862 2576 qui
907 2505 1048 2560 tollit
1101 2512 1383 2574 peccatum
1430 2505 1617 2562 mundi
1646 2503 1711 2557 ⁸⁸.
1744 2521 1763 2554 ι
1823 2502 1923 2559 llic

352 2598 423 2653 iis
450 2596 617 2653 etiam
644 2597 739 2666 qui
767 2605 925 2653 erant
970 2597 1025 2651 in
1080 2580 1293 2651 inferno
1330 2595 1479 2665 prior
1508 2596 1920 2667 evangelizavit,

353 2688 603 2745 sublatus
658 2687 890 2744 Herodis
934 2686 1145 2760 gladio,
1200 2687 1312 2743 illic
1364 2686 1538 2743 factus
1583 2703 1923 2757 praecursor;

357 2795 548 2851 nempe
572 2780 648 2836 ibi
681 2796 900 2850 quoque
930 2781 1268 2835 indicaturus
1289 2778 1713 2849 exspectandum
1736 2777 1926 2833 Salva-

354 2873 490 2930 toris
519 2873 837 2930 descensum
859 2911 875 2937 ,
913 2872 1006 2942 qui
1038 2880 1351 2927 sanctorum
1401 2870 1611 2927 animas
1653 2871 1720 2927 de
1761 2886 1925 2925 manu

360 2967 550 3024 mortis
577 2974 721 3023 esset
748 2966 1095 3020 liberaturus.

424 3141 610 3198 XLVI.
651 3141 807 3209 Quod
838 3140 1115 3196 enimvero
1173 3135 1419 3192 Salvator
1456 3147 1774 3194 cunctorum
1821 3140 1921 3195 ho-

357 3236 566 3291 minum
589 3232 1006 3290 resurrectionis
1032 3231 1357 3303 principium
1381 3239 1677 3301 auctorque
1705 3231 1920 3286 l‘uturus

355 3335 495 3393 erat,
551 3330 792 3397 par'erat
821 3331 881 3379 ut
904 3339 1048 3380 unus
1082 3323 1196 3392 ipse
1221 3339 1252 3376 a
1280 3321 1511 3377 mortuis
1543 3322 1919 3390 suscitaretur,

358 3432 454 3487 per
480 3431 642 3487 quem
670 3414 937 3487 judicium
969 3414 1025 3469 in
1054 3428 1271 3469 omnem
1300 3414 1565 3469 mundum
1600 3415 1802 3470 intrare
1826 3415 1923 3470 de-

359 3509 548 3576 beret;
604 3515 664 3562 ut
686 3507 782 3577 qui
810 3506 971 3579 digne
1008 3505 1179 3561 functi
1210 3505 1506 3563 certamine
1530 3515 1735 3572 essent,
1761 3506 1926 3582 digne

358 3616 579 3673 quoque
601 3600 671 3656 ab
697 3614 764 3657 eo
800 3608 1225 3667 coronarentur;
1265 3600 1527 3669 praclaro
1552 3599 1761 3655 scilicet
1796 3615 1927 3671 ago-

360 3693 447 3750 nis
499 3693 761 3765 positore,
800 3700 856 3748 et
891 3691 986 3763 qui
1026 3691 1240 3762 primus
1279 3691 1515 3747 stadium
1558 3690 1926 3749 confecisset:

359 3787 454 3859 qui
486 3788 543 3842 in
572 3786 769 3842 caalum
798 3793 1049 3856 receptus
1074 3826 1090 3852 ,
1134 3785 1192 3840 in
1237 3783 1334 3841 Dei
1380 3800 1446 3840 ac
1486 3783 1662 3841 Patris
1712 3784 1931 3841 dextera

363 3880 547 3945 sedet,
585 3893 651 3934 ac
691 3893 885 3933 rursus
913 3878 969 3932 in
1001 3876 1191 3933 mundi
1215 3876 1715 3943 consummatione,
1762 3876 1930 3947 judex

363 3969 800 4027 manifestandus
839 3975 943 4025 est.
1008 3966 1239 4024 Necesse
1281 3975 1365 4023 est
1392 3976 1453 4022 ut
1477 3967 1596 4037 ejus
1628 3980 1930 4037 praecurso-

363 4078 453 4119 res
481 4070 608 4118 ante
652 4058 1096 4127 manifestentur,
1147 4057 1604 4129 quemadmodum
1633 4072 1728 4127 per
1754 4055 1923 4111 Mala-

363 4156 544 4213 chiam
595 4163 650 4211 et
692 4154 939 4226 angelum
987 4151 1119 4206 dicit
1163 4170 1176 4206 :
1243 4170 1261 4203 ‹
1293 4149 1498 4205 Mittam
1546 4149 1700 4204 vobis
1751 4146 1926 4202 Eliam

365 4248 678 4312 Thesbiten,
731 4253 1025 4315 antequam
1071 4241 1250 4297 veniat
1292 4241 1407 4295 dies
1437 4239 1653 4293 Domini
1700 4254 1930 4308 magnus

363 4349 419 4396 et
448 4337 849 4395 manifestus”.
900 4334 966 4389 Et
991 4334 1209 4390 reducet
1233 4331 1395 4388 corda
1427 4340 1643 4401 patrum
1675 4329 1744 4385 ad
1770 4330 1930 4395 ﬁlios,

434 4481 481 4512 '°
519 4476 652 4531 Luc.
686 4491 775 4540 ιι,
806 4474 896 4530 26.
970 4472 1015 4506 "
1053 4471 1155 4527 lsa.
1184 4485 1376 4536 χχχιιι,
1406 4469 1489 4523 l7.
1565 4470 1611 4501 "
1651 4466 1785 4523 Dan.
1816 4484 1912 4537 vu,
1942 4469 2026 4531 15,
2055 4472 2142 4528 14.

369 4566 442 4615 tv,
473 4548 528 4613 5,
561 4547 615 4602 6.

2022 501 2158 571 μετὰ
2199 500 2305 553 τῶν
2337 501 2575 570 νεφελῶν
2618 500 2715 555 τοῦ
2766 503 2825 555 οὐ
2836 502 2998 572 ρανοῦ
3023 503 3098 567 ὡς
3128 504 3256 557 Υἱδν
3301 504 3599 577 ἀνθρώπου

2018 591 2326 663 ἐρχόμενον,
2351 592 2445 645 καὶ
2469 592 2574 656 ἓως
2595 593 2690 646 τοῦ
2718 592 2955 648 Παλαιοῦ
2979 592 3089 647 τῶν
3114 594 3334 667 ἡμερῶν
3355 595 3596 665 ἐφθασεο

2018 685 2112 737 καὶ
2178 685 2527 757 προσηνέχθη
2577 685 2753 756 αὐτῷ,
2806 687 2901 740 καὶ
2949 686 3096 758 αύτῷ
3154 687 3309 760 ἐδόθη
3355 692 3388 759 ἡ
3425 689 3595 762 ἀρχὴ.

2019 777 2112 831 καὶ
2147 778 2375 850 ἡτιμὴ,
2419 779 2515 832 καὶ
2560 780 2593 850 ἡ
2629 777 2780 846 δόξα,
2817 779 2911 833 καὶ
2952 782 2985 849 ή
3014 780 3288 851 βασιλείαο
3320 784 3491 835 πᾶσαι
3535 780 3599 835 αί

2020 869 2212 937 φυλαὶ,
2253 873 2345 924 καὶ
2380 869 2622 939 γλῶσσαι
2646 872 3020 926 δουλεύσουσιν
3049 872 3230 943 αύτῷ·
3276 876 3309 945 ἡ
3348 873 3600 944 βασιλεία

2017 959 2205 1022 αὐτοῦ,
2248 960 2494 1031 βασιλεία
2534 961 2771 1031 αίὼνιος,
2817 964 2940 1033 ἥτις
2983 964 3045 1016 ού
3090 964 3540 1035 διαφθαρήσεται.
3574 984 3595 1013 ι

2019 1050 2172 1104 Οὕτω
2214 1050 2428 1106 καὶδύο
2452 1052 2746 1125 πρόδρομοι
2796 1052 3145 1123 ἐδείχθησαν·
3181 1057 3210 1107 ό
3237 1054 3336 1125 μὲν
3372 1054 3602 1125 πρῶτος

2020 1143 2307 1214 γενόμενος
2364 1144 2649 1217 Ἰωάννης,
2700 1148 2730 1199 ὸ
2770 1144 2862 1199 τοῦ
2912 1146 3176 1217 Ζαχαρίου
3241 1147 3385 1212 υίὸς,
3447 1146 3605 1200 κατὰ

2020 1233 2195 1287 πάντα
2242 1234 2547 1307 πρόδρομος
2607 1237 2701 1290 καὶ
2754 1236 2929 1308 κῆρυξ
2976 1236 3071 1289 τοῦ
3125 1238 3376 1307 Σωτῆρος
3432 1236 3603 1307 ῆμιῖιν

2019 1324 2293 1395 γενηθεὶς,
2341 1325 2822 1397 εὐαγγελιζόμενος
2865 1328 2925 1380 τὸ
2978 1328 3296 1398 ἐπουράνιον
3342 1326 3482 1395 φῶς,
3531 1326 3599 1378 τὸ

2020 1417 2078 1468 ἐν
2132 1415 2320 1487 κόσμῳ
2373 1416 2558 1486 φανὲν,
2592 1417 2934 1489 προέδραμεν
2990 1419 3056 1471 ἐκ
3109 1418 3315 1482 κοιλίας
3380 1421 3596 1491 μητρὸς

2019 1505 2266 1579 πρῶτος,
2322 1507 2646 1579 συλληφθεὶς
2690 1510 2796 1563 ὑπὸ
2845 1510 2947 1580 τῆς
3003 1509 3310 1573 Ἐλισάδετ,
3361 1512 3447 1564 ἵνα
3490 1513 3597 1564 καὶ

2018 1602 2128 1663 τοῖς
2156 1602 2220 1652 ἐκ
2245 1599 2448 1664 κοιλίας
2480 1600 2687 1672 μητρὸς
2721 1601 2936 1673 νηπίοις
2965 1603 3318 1673 ὑπάρχουσιν,
3346 1603 3595 1675 ἐπιδείξῃ

2018 1692 2115 1762 τὴν
2145 1692 2407 1763 ἐσομένην
2447 1693 2628 1756 αὐτοῖς
2654 1692 2741 1746 διὰ
2767 1692 3080 1765 Πνεύματος
3118 1694 3272 1761 ἁγίου
3308 1695 3399 1748 καὶ
3443 1696 3597 1767 Παρ-

1956 1753 1997 1807 Β
2024 1753 2198 1849 θένου,
2232 1753 2423 1856 καινῆν
2455 1753 2725 1856 γέννησιν.

2106 1872 2277 1940 Οὗτος
2332 1875 2569 1940 ἀκούσας
2630 1875 2723 1930 τὸν
2777 1876 3066 1949 ἀσπασμὸν
3123 1878 3220 1948 τῆς
3291 1878 3596 1939 Ἐλισάὸετ,

2025 1969 2347 2041 ἐσκίρτησεν
2401 1970 2459 2022 ἐν
2512 1968 2690 2041 κοιλία
2758 1970 2963 2041 μητρὸς
3023 1968 3385 2040 ἀγαλλόμενος
3445 1970 3599 2039 (95),

2025 2058 2223 2129 ἐνορῶν
2259 2058 2349 2112 τὸν
2393 2060 2452 2111 ἐν
2491 2058 2666 2131 κοιλίᾳ
2706 2060 2803 2130 τῆς
2846 2060 3121 2130 Παρθένου
3171 2062 3604 2133 συνειλημμένον

2022 2151 2154 2205 Θεὸν
2181 2150 2371 2219 Λόγον.
2407 2150 2635 2203 Ἔπειτα
2683 2151 2973 2222 κηρύσσων
3001 2153 3059 2205 ἐν
3093 2156 3157 2224 τῇ
3189 2155 3380 2225 ἐρήμῳ
3419 2172 3601 2224 παρε-

2026 2242 2234 2310 γένετο,
2276 2240 2555 2311 βάπτισμα
2597 2243 2882 2311 μετανοίας
2924 2241 3000 2312 τῷ
3039 2242 3150 2313 λαῷ
3190 2244 3599 2313 καταγγέλλιιιιν⁶

2028 2334 2351 2404 προμηνύων
2401 2332 2666 2402 σωτηρίαν
2703 2335 2817 2396 τοῖς
2843 2333 2900 2384 ἐν
2942 2332 3147 2403 ἐρημία
3193 2332 3398 2405 κόσμου
3443 2333 3604 2389 πολι-

2025 2424 2329 2494 τευομένοις
2393 2422 2586 2477 ἔθνεσι.
2651 2424 2807 2479 Μετά
2863 2424 3036 2478 ταῦτα
3090 2425 3147 2477 ἐν
3211 2424 3289 2496 τῷ
3347 2426 3598 2499 Ἰορδάνῃ

2026 2519 2247 2589 αύτοψεὶ
2282 2519 2512 2574 δεικνύει
2550 2521 2641 2572 τὸν
2669 2518 2925 2589 Σωτῆρα,
2974 2519 3068 2571 καὶ
3105 2516 3287 2586 λέγει·
3342 2536 3360 2569 ι
3391 2519 3524 2583 Ἴδε,
3571 2524 3602 2574 ό

2037 2609 2229 2682 Ἀμνὺς
2251 2610 2343 2664 τοῦ
2363 2610 2519 2676 Θεοῦ,
2538 2611 2746 2681 ὁαῐρων
2773 2610 2874 2681 τὴν
2902 2610 3171 2682 ἁμαρτίαν
3201 2608 3291 2661 τού
3318 2610 3548 2680 κόσμου.
3576 2630 3596 2662 ι

2025 2699 2193 2767 Οὗτος
2259 2702 2568 2776 προέφθασε
2631 2703 2727 2755 καὶ
2787 2705 2898 2765 τοῖς
2957 2703 3015 2755 ἐν
3079 2700 3182 2772 ἀδη
3241 2700 3601 2769 εὐαγγελίσα-

2028 2796 2148 2850 σθαι
2176 2795 2317 2867 (94),
2354 2794 2660 2866 ἀναιρεθεὶς
2694 2794 2796 2848 ὑπὸ
2843 2794 3117 2866 Ἡρώδου,
3164 2794 3466 2869 πρόδρομος
3507 2810 3603 2861 γε·

2026 2886 2246 2958 νόμενος
2277 2888 2417 2940 ἐκεῖ’
2454 2885 2733 2958 σημαίνειν
2769 2885 2973 2956 μέλλων
3007 2886 3230 2957 κᾴκεῖσε
3276 2884 3604 2939 κατελεύσε-

2030 2976 2151 3030 σθαι
2181 2978 2271 3031 τὸν
2306 2978 2532 3049 Σωτῆρα
2567 2976 2924 3049 λυτρούμενον
2955 2976 3051 3040 τάς
3081 2976 3187 3031 τῶν
3216 2976 3383 3045 ἁγίων
3420 2975 3604 3046 ψυχάς

1947 3097 1990 3156 c
2027 3069 2090 3122 ἐκ
2115 3068 2298 3140 χειρὸς
2329 3067 2579 3123 θανάτου.

2106 3159 2243 3212 Ἀλλ’
2271 3158 2455 3228 ἐπειδὴ
2498 3157 2638 3230 ἀρχὴ
2675 3157 3020 3222 ἀναστάσεως
3052 3158 3267 3212 πάντων
3299 3155 3604 3227 ἀνθρώπων

2023 3246 2091 3321 ἦν
2130 3250 2159 3303 ό
2189 3248 2399 3320 Σωτὴρ,
2446 3248 2551 3301 ἔδει
2590 3248 2682 3301 τὸν
2720 3248 2920 3320 Κύριον
2965 3248 3125 3319 μόνον
3166 3246 3488 3302 ἀνίστασθαι
3537 3249 3605 3300 ἐκ

2027 3340 2133 3395 τῶν
2154 3339 2384 3412 νεκρῶν,
2404 3339 2473 3392 δι’
2497 3334 2558 3394 οὗ
2593 3342 2626 3410 ἡ
2651 3341 2832 3413 κρίσις
2861 3340 3024 3396 παντὶ
3048 3339 3125 3411 τῷ
3151 3340 3338 3411 κόσμῳ
3364 3337 3607 3393 εἰσελεύ-

2033 3448 2211 3485 σεται·
2254 3430 2343 3484 ἴνα
2379 3432 2429 3484 οἱ
2457 3430 2623 3497 ἀξίως
2659 3433 3083 3502 ἀγωνισάμενοι,
3124 3430 3292 3496 ἀξίως
3333 3432 3427 3484 καί⁵
3466 3431 3605 3504 παρ’

2032 3521 2197 3576 αὑτοῦ
2259 3520 2674 3593 στεφανωθῶσιν
2697 3540 2709 3553 ’
2759 3524 2863 3576 ὑπὸ
2900 3523 2992 3576 τοῦ
3036 3522 3199 3576 καλοῦ
3239 3520 3602 3591 ἀγωνοθέτου,

2030 3613 2247 3686 πρώτου
2276 3614 2337 3668 τὸ
2367 3614 2575 3669 στάδιον
2606 3615 2938 3685 διηνυκότος,
2967 3614 3061 3668 τοῦ
3089 3613 3488 3685 ἀναληφθέντος
3518 3615 3604 3676 είς

2028 3704 2322 3775 οὐρανοὺς,
2366 3706 2460 3758 καὶ
2504 3707 2562 3757 ἐν
2596 3704 2745 3776 δεξιᾷ
2785 3704 2878 3758 τοῦ
2906 3705 3041 3757 Θεοῦ
3072 3705 3165 3757 καὶ
3204 3704 3416 3776 Πατρὺς
3467 3703 3605 3757 καθ-

2031 3794 2308 3862 εσθέντος,
2353 3796 2446 3850 καί⁸
2489 3795 2650 3850 πάλιν
2694 3797 2788 3849 ἐπὶ
2826 3798 2892 3867 τῇ
2946 3795 3223 3866 συντελείᾳ
3260 3794 3353 3848 τοῦ
3394 3795 3605 3865 κόσμου

2030 3887 2217 3959 κριτοῦ
2273 3887 2860 3959 πεφανερωθησομένου
2913 3888 3061 3960 (95).
3129 3886 3468 3956 Ἀναγκαίως
3524 3887 3610 3940 δεῖ

2033 3976 2283 4049 πρώτους
2310 3980 2434 4043 τοὺς
2476 3979 2815 4053 προδρόμους
2841 3980 3004 4034 αὐτοῦ
3041 3970 3449 4052 φανερωθῆναι,
3470 3980 3610 4033 καθ-

2029 4062 2105 4129 ὼς
2141 4065 2229 4120 διὰ
2269 4067 2547 4137 Μαλαχίου
2584 4071 2677 4121 καὶ
2717 4069 2949 4138 ἀγγέλου
2999 4068 3109 4141 (96)
3143 4071 3302 4141 φησί·
3339 4090 3357 4121 ι
3393 4069 3607 4141 Πέμψω

2032 4156 2158 4227 ὑμῖν
2194 4156 2377 4211 Ἠλίαν
2406 4158 2498 4212 τὸν
2524 4159 2808 4231 Θεσδίτην,
2841 4163 2969 4232 πρὶν
3000 4162 3033 4232 ἢ
3064 4161 3240 4214 ἐλθεῖν
3267 4160 3364 4232 τὴν
3391 4162 3609 4234 ἡμέραν

2033 4244 2373 4315 Κυρίου,τὴν
2405 4247 2647 4318 μεγάλην
2673 4249 2767 4303 καὶ
2791 4249 3048 4319 ἐπιφανῆο
3080 4250 3137 4313 ὃς
3164 4250 3612 4320 ἀποκαταστήσει

2037 4336 2262 4409 καρδίας
2300 4339 2552 4412 πατέρων
2581 4341 2677 4395 ἐπὶ
2712 4342 2899 4409 τέκνα,
2927 4342 3022 4396 καὶ
3050 4341 3293 4406 ἀπειθεῖς
3320 4344 3378 4395 ἐν
3409 4343 3614 4413 φρονή-

2247 4476 2293 4508 ⁸³
2329 4475 2463 4533 Luc.
2496 4494 2535 4545 t,
2568 4478 2658 4534 41.
2758 4478 2804 4511 ⁸⁸
2843 4478 3000 4534 Joan.
3035 4477 3077 4546 l,
3109 4479 3198 4534 29.
3300 4478 3345 4510 ⁸⁸
3372 4476 3613 4537 Malach.

366 4677 557 4719 omnes
604 4659 846 4731 veritatis
882 4658 1072 4731 studio
1114 4657 1424 4731 Christiana
1446 4657 1646 4727 pietate
1674 4671 1739 4712 ac
1766 4654 1923 4710 εὐλα-
1952 4661 1997 4719 D
2026 4675 2151 4714 cum
2185 4659 2289 4717 hac
2315 4660 2597 4717 Malachiae
2618 4661 2983 4717 auctoritate?
3029 4660 3289 4730 Ἀγγελος
3329 4674 3459 4714 vero
3487 4668 3613 4731 ety-

367 4734 491 4804 6είᾳ
534 4732 592 4787 in
627 4730 826 4804 divinis
863 4728 1172 4804 _Scripturis
1198 4744 1419 4804 operam
1452 4742 1806 4798 poneremus,
1832 4742 1925 4804 ea-

368 4797 601 4885 rumqtte
628 4799 983 4856 elucidatione
1000 4797 1259 4886 ;ac‘cultu,
1290 4797 1459 4853 vitam
1485 4809 1744 4853 aeternam
1767 4797 1925 4853 nobis

368 4871 589 4945 praemio
612 4871 1015 4941 quareremus!
1045 4871 1283 4924 COIBBF.

438 4943 553 5079 $93k
602 4941 1047 5049 Ἀγαλλόμενος.
1074 4939 1200 5007 Leg.
1236 4936 1656 5059 dyalltmétevoq.
1691 4935 1829 4992 Gun.

465 5014 532 5069 9‘
592 5011 1129 5079 Είαττελίσασθαι.
1168 5006 1428 5079 Joannem
1505 5015 1761 5079 apttstam
1799 5022 1829 5076 p

465 5006 553 5077 9‘)
592 5006 1129 5077 Εὖαττελίσασθαι.
1160 5006 1428 5077 Ίοειιιηειιι
1461 5006 1761 5077 Baptistam
1799 5022 1931 5076 prat-

370 5076 902 5165 cursoremnCliristi
947 5080 1111 5165 etiam
1154 5078 1300 5165 aprili.
1329 5076 1932 5165 inferos’l‘uiss‘e.,'com-

372 5154 607 5209 muniter
651 5150 824 5207 Graeci
880 5156 1144 5205 statuunt.
1190 5145 1337 5202 'Vide
1388 5145 1622 5201 Leonem
1678 5146 1935 5200 Allatium

376 5223 446 5278 De
495 5222 649 5276 libris
697 5220 1065 5277 ecclesiasticis
1109 5216 1433 5282 ercorum,
1479 5232 1599 5287 pag.
1658 5215 1762 5271 505
1818 5231 1933 5286 seq.

371 5291 1270 5433 ΙἶλίἱθιιὲἓῗἰΙιιςριινιιρωιίὶηοόμένου.
1292 5353 1717 5433 ηηὶίοδιαιιάιιξ
1737 5364 1836 5433 es_t_.
1863 5353 1940 5410 Ita

373 5424 764 5494 Coinbeﬁsitis,
802 5424 917 5500 pro
971 5424 1423 5500 πειρανερωμένου
1479 5424 1662 5500 apud_
1679 5424 1937 5500 Gudium.

379 5445 805 5494 uomueusms,
857 5446 917 5485 ro
971 5445 1423 5500 πεφανερωμενου
1479 5445 1620 5495 apuu
1679 5445 1937 5481 uuututn.

379 5500 562 5570 Lectio
609 5445 1008 5559 Combeﬁsiana
1056 5498 1315 5570 probatur
1361 5511 1576 5566 quoque
1620 5492 1940 5570 Tauaquillo

379 5569 576 5711 “(1)925.
598 5640 911 5710 Μαλαχίου
937 5638 1037 5711 καί
1071 5639 1350 5711 ἀγγέλου.
1404 5637 1496 5711 Sic
1519 5638 1771 5711 restitui,
1814 5652 1940 5694 cum

381 5708 734 5768 fmdo‘errore
757 5708 919 5778 esset,
948 5710 1042 5765 καὶ
1080 5708 1350 5781 ’Δγγαίοω
1387 5708 1524 5778 Quid
1575 5711 1723 5785 enim
1747 5709 1941 5781 Aggaec

2029 4746 2180 4785 mum
2223 4739 2307 4786 est
2353 4734 2505 4788 vocis
2552 4732 2861 4796 Malacliite,
2899 4741 2958 4786 ut
2997 4732 3254 4786 omnibus
3286 4738 3475 4785 notum
3502 4739 3614 4797 est,

2031 4800 2187 4870 cujus
2243 4802 2407 4857 unius
2452 4803 2653 4858 citatus
2700 4803 2892 4868 locus,
2940 4802 3057 4871 ipse
3111 4801 3359 4871 illustris,
3396 4799 3611 4871 additis

2031 4873 2218 4942 etiam,
2261 4889 2385 4940 qua:
2436 4873 2505 4928 ab
2547 4873 2737 4942 angelo
2778 4873 2923 4926 dicta
2966 4870 3097 4926 Sunt
3148 4870 3357 4942 Luc._l,
3387 4870 3472 4942 l7,
3518 4872 3616 4923 καὶ

2032 4940 2271 5015 ἀπειθεῖς
2300 4945 2356 4995 ἐν
2384 4940 2641 5015 φρονήσει
2664 4942 2913 4996 δικαίων·
2952 4951 3045 5015 ret
3073 4940 3399 5015 incredulos,
3424 4940 3619 4995 inobo-

2033 5013 2266 5074 dientes,
2318 5010 2702 5079 contumaces,
2756 5015 2823 5066 ad
2851 5011 3191 5080 prudentiam
3222 5010 3497 5080 justorum
3532 5027 3547 5062 :
3590 5028 3609 5060 ι

2035 5098 2147 5152 quo
2170 5090 2368 5152 tamen
2399 5097 2505 5136 non
2538 5082 2752 5137 videtur
2778 5080 3097 5152 Hippolytus
3136 5081 3478 5152 respexisse,
3512 5080 3615 5134 ad-

2042 5151 2363 5222 dendo,xat
2394 5151 2627 5220 ἀγγέλου
2651 5191 2666 5216 ,
2692 5150 2915 5222 alioqui
2931 5150 3279 5207 scribendum
3307 5150 3385 5222 illi
3412 5150 3616 5222 luerat,

2044 5223 2135 5275 καὶ
2166 5220 2257 5275 τοῦ
2288 5222 2521 5291 ἀγγέλου
2541 5263 2557 5287 ,
2589 5232 2648 5276 ιιι
2674 5220 2857 5277 Graece
2886 5220 3031 5291 docti
3056 5230 3286 5283 norunt;
3340 5220 3620 5291 videatur-

2043 5308 2149 5360 que
2172 5293 2289 5347 haec
2313 5290 2427 5362 ipsa
2446 5308 2572 5360 pars
2589 5290 3145 5354 vaticiniiMalachize,
3198 5306 3321 5360 qua:
3361 5290 3544 5362 modo
3562 5291 3617 5343 in

2044 5359 2165 5430 ejus
2193 5359 2724 5426 libro'des’ideretnr,
2756 5371 2816 5417 ut
2851 5368 2980 5417 sunt
3005 5362 3170 5415 etiam
3203 5359 3469 5431 postremi
3498 5359 3622 5428 ejus

2045 5432 2239 5502 capitis
2267 5446 2458 5488 versus
2504 5432 2558 5487 in
2584 5431 2787 5488 Graecis
2812 5431 3011 5487 turbati
3037 5446 3054 5483 :
3089 5432 3144 5484 in
3174 5430 3375 5501 quibus
3404 5430 3523 5498 ipse
3554 5430 3622 5483 ti-

2045 5504 2211 5555 tulus.
2256 5504 2544 5555 Προφήτης
2596 5501 2826 5555 ἄγγελος
2877 5500 3190 5555 Μαλαγίας.
3238 5502 3380 5555 unde
3429 5499 3625 5555 procul

2045 5501 2211 5571 tulus,
2256 5504 2544 5629 Προφήτης
2596 5501 2826 5571 ἄγγελος
2877 5501 3190 5571 Μαλαχίας,
3238 5502 3380 5556 unde
3429 5501 3622 5568 procul

2046 5574 2283 5700 agt)”.
2324 5574 2631 5645 ippolytus,
2690 5573 2837 5644 quod
2891 5572 2965 5628 ita
3017 5572 3277 5642 scripsit,
3344 5571 3622 5626 habuerit.

2092 5661 2283 5701 ΟΜΠΕΡ.
