3852 6208
178 351 267 406 765
1211 346 1297 402 DE
1338 346 1637 404 CHRISTO
1677 345 1762 400 ET

1801 345 2283 401 AN'I‘ICHRISTO.
3269 347 3368 402 766

181 488 248 522 σει
275 464 495 528 δικαίων,
521 463 727 534 μήποτε
773 459 941 515 ἐλθὼν
972 461 1197 528 πατάξω
1226 463 1324 535 τὴν
1349 463 1448 534 γῆν
1471 463 1655 536 ἄρδην.
1678 481 1695 512 ›

1803 471 1855 516 et
1881 461 2254 517 inobedientes
2283 459 2350 515 ad
2382 458 2724 529 prudentiam
2755 437 3048 528 'justorum
3085 477 3099 514 :
3132 475 3197 514 ne
3231 461 3368 518 forte

179 553 310 615 Οὗτοι
349 551 435 610 οῦν
476 553 903 626 παραγενόμενοι
950 553 1242 626 κηρύξουσι
1274 554 1372 626 τὴν
1403 554 1696 626 μέλλουσαν

181 646 363 704 ἔσεσθαι
402 643 506 698 ἀπὸ
551 642 791 714 οὐρανῶν
833 643 1070 713 Χριστοῦ
1117 644 1467 713 ἐπιφάνειαν·
1509 644 1558 698 οἳ
1603 644 1696 696 καὶ¹

177 737 416 806 ποιήσουσι
475 734 670 803 σημεῖα
724 732 817 786 καὶ
872 732 1074 804 τέρατα
1124 735 1204 796 εἰς
1253 733 1314 786 τὸ
1363 733 1466 787 κᾶν
1526 731 1696 796 οὕτως

175 824 449 896 δυσωπῆσαι
507 823 602 875 καὶ
666 821 988 893 ἐπιστρέψαι
1058 822 1186 884 τοὺς
1247 819 1561 892 ἀνθρώπους
1616 821 1694 883 εἰς

177 915 451 987 μετάνοιαν,
493 911 580 966 διὰ
620 912 719 984 τὴν
757 911 1200 986 ὑπερϐάλλουσαν
1243 910 1422 965 αὐτῶν
1465 911 1692 982 ἀνομίαν

172 1025 220 1061 τε
251 1005 332 1059 καὶ
360 1003 628 1058 ἀσέϐειαν.
1321 1049 1325 1053 .

225 1099 364 1167 Λέγει
383 1097 486 1169 γὰρ
536 1095 820 1167 Ἰωάννηςο
865 1114 883 1146 ι
924 1095 1034 1150 Καὶ
1062 1094 1216 1149 δώσω
1251 1099 1359 1160 τοῖς
1391 1097 1512 1150 δυσὶ
1551 1097 1691 1168 μάρ-

172 1189 265 1242 τυσί
289 1203 398 1260 μου,
432 1188 525 1240 καὶ
547 1185 1017 1258 προφητεύσουσιν
1043 1185 1252 1257 ἡμέρας
1287 1185 1462 1255 χιλίας
1507 1186 1690 1240 διακο-

173 1285 266 1347 σίας
287 1281 554 1354 ἑξήκοντα,
588 1277 1037 1350 περιϐεϐλημένοι
1064 1276 1300 1341 σάκκους
1318 1295 1330 1308 ·
1359 1298 1376 1330 ι
1415 1279 1688 1345 Τουτέστι,

172 1375 216 1427 τὸ
237 1374 384 1443 ἥμισυ
412 1371 510 1441 τῆς
528 1369 840 1442 ἑϐδομάδος,
869 1365 937 1441 ἧς
980 1370 1168 1440 εἴρηκε
1211 1369 1428 1440 Δανιήλ.
1480 1389 1498 1421 ι
1534 1365 1690 1424 Οὗτοί

172 1467 276 1516 εἰσιν
299 1465 347 1518 αί
374 1461 462 1515 δύο
491 1461 672 1515 ἐλαῖαι
699 1461 791 1514 καὶ¹
814 1461 871 1513 αἱ
903 1459 998 1516 δύο
1019 1459 1227 1531 λυχνίαι
1255 1462 1308 1514 αἱ
1341 1459 1568 1514 ἐνώπιον
1598 1461 1690 1514 τοῦ

173 1555 335 1626 Κυρίου
363 1555 455 1626 τῆς
481 1555 584 1626 γῆς
611 1553 844 1607 ἑστῶσαι
863 1570 876 1584 ο
908 1553 999 1607 καὶ
1027 1552 1082 1606 εἴ
1107 1570 1190 1616 τις
1235 1552 1430 1617 αὐτοὺς
1478 1551 1691 1624 θελήσει

173 1643 396 1714 ἀδικῆσαι,
424 1641 534 1714 πῦρ
565 1641 907 1708 ἐξελεύσεται
945 1643 1009 1696 ἐκ
1042 1639 1137 1695 τοῦ
1175 1642 1439 1714 στόματος
1487 1642 1689 1708 αὐτῶν,

174 1733 243 1785 καὶ
259 1730 508 1785 κατεσθίει
533 1733 667 1795 τοὺς
689 1731 915 1803 ἐχθροὺς
943 1730 1123 1784 αὐτῶν
1141 1747 1154 1762 ·
1187 1731 1279 1784 καὶ¹
1304 1731 1360 1785 εἴ
1375 1749 1456 1795 τις
1478 1731 1690 1802 θελήσει

173 1822 216 1874 ἐν
235 1822 413 1884 τούτοις
434 1801 724 1890 ἀδικῆσαι,
742 1801 913 1884 οῦτως
951 1819 1032 1873 δεῖ
1068 1820 1232 1876 αὑτὸν
1269 1801 1690 1891 ἀποκτανθῆναι.
1724 1801 1768 1856 Β

171 1903 294 1966 Οὗτοι
320 1910 520 1981 ἔχουσιν
548 1910 800 1976 ἐξουσίαν
827 1911 1034 1965 κλεῖσαι
1057 1910 1150 1965 τὸν
1181 1911 1408 1983 οὐρανὸν
1426 1952 1440 1977 ,
1486 1912 1571 1964 ’ίνα
1621 1911 1696 1983 μὴ

173 2004 289 2068 ὑετὸς
310 2003 462 2074 βρέξῃ
491 2001 593 2067 τὰς
625 2003 838 2075 ἡμέρας
858 2005 958 2074 τῆς
989 2005 1324 2076 προφητείας
1353 2004 1530 2057 αὐτῶν
1553 2045 1568 2069 ,
1602 2007 1695 2060 καὶ

171 2095 365 2159 ἐξουσίαν
392 2095 604 2165 ἔχουσιν
642 2094 869 2148 ἐπὶτῶν
897 2095 1104 2148 ὑδάτων
1147 2095 1398 2167 στρέφειν
1438 2095 1577 2150 αὐτὰ
1615 2098 1695 2160 είς

172 2182 291 2259 αἷμα,
325 2188 410 2242 καὶ
435 2188 677 2252 πατάξαι
708 2186 804 2259 τὴν
835 2187 940 2259 γῆν
967 2189 1026 2242 ὲν
1060 2187 1207 2260 πάσῃ
1255 2188 1470 2260 πληγῇ,
1507 2189 1694 2253 ὁσάκις

171 2280 241 2332 ἐὰν
263 2279 564 2352 [θελήσωσι.
608 2299 630 2332 ι
652 2281 764 2334 Καὶ
791 2275 958 2349 ὅταν]
980 2279 1236 2333 τελέσωσι
1262 2280 1354 2333 τὸν
1379 2280 1574 2352 δρόμον
1593 2282 1692 2335 αὑ-

172 2371 250 2425 τῶν
269 2373 348 2426 καὶ
370 2373 463 2444 τὴν
492 2370 806 2444 μαρτυρίαν
832 2371 1030 2436 αὐτῶν,
1057 2372 1112 2425 τί
1136 2390 1298 2444 φησιν
1318 2374 1347 2426 ὁ
1373 2375 1655 2445 προφήτης
1677 2391 1692 2440 ;

176 2465 268 2516 ιΤὸ
287 2465 453 2535 θηρίον
503 2464 565 2518 τὸ
617 2462 904 2517 ἀναϐαῖνον
932 2463 996 2516 ἐκ
1049 2463 1152 2534 τῆς
1195 2463 1430 2517 ἀϐύσσου
1479 2467 1693 2536 ποιήσει

175 2555 261 2622 μετ’
283 2556 441 2610 αὐτῶν
482 2556 754 2626 πόλεμον,
782 2557 876 2609 καὶ
906 2557 1114 2627 νικήσει
1158 2557 1353 2620 αὐτοὺς
1377 2598 1392 2620 ,
1435 2557 1528 2611 καὶ
1562 2559 1695 2612 ἀπο-

172 2651 308 2700 κτενεῖ
327 2649 531 2714 αὑτοῦς,
552 2668 582 2713 ,ι
621 2648 711 2702 διὰ
736 2649 797 2701 τὸ
832 2649 905 2720 μὴ
936 2647 1107 2702 θέλειν
1125 2649 1322 2713 αὐτοὺς
1336 2649 1488 2714 δόξαν
1511 2648 1693 2704 δοῦναι

171 2737 227 2807 τῷ
257 2740 608 2812 Ἀντιχρίστῳ.
633 2741 912 2805 Τουτέστι,
938 2740 998 2793 τὸ
1023 2740 1258 2809 άναφύον
1281 2742 1476 2813 μικρὸν
1504 2743 1689 2814 κέρας.

173 2828 245 2891 Ὃς
266 2829 496 2900 ἐπαρθεὶς
521 2830 717 2884 λοιπὸν
735 2833 801 2902 τῇ
830 2831 1044 2903 καρδία,
1067 2832 1288 2903 ἄρχεται
1315 2835 1502 2888 ἑαυτὸν
1529 2835 1694 2905 ὑψοῦν

173 2920 241 2972 καὶ
261 2920 474 2988 δοξάζειν
499 2923 577 2988 ὡς
606 2922 760 2987 Θεὸν,
789 2923 998 2978 διώκων
1023 2925 1147 2987 τοὺς
1178 2925 1399 2994 ἁγίους,
1429 2929 1522 2981 καὶ
1561 2928 1693 2999 βλα-

172 3014 351 3083 σφημῶν
375 3015 460 3068 τὸν
481 3015 742 3089 Χριστὸν,
779 3015 959 3080 καθὼς
991 3015 1136 3085 λέγει
1165 3017 1361 3089 Δανιήλ
1385 3035 1398 3049 ·
1437 3038 1455 3070 ι
1485 3020 1691 3090 Προσε-

171 3101 285 3154 νόουν
307 3105 376 3176 τῷ
401 3105 594 3178 κέρατι
615 3145 631 3169 ,
661 3108 755 3160 καὶ
783 3107 893 3160 ίδοὺ
933 3106 1199 3178 ὀφθαλμοὶ
1227 3109 1360 3162 ὡσεὶ
1406 3109 1693 3182 ἀνθρώπου

170 3193 290 3264 ἐντῷ
307 3196 504 3268 κέρατι,
540 3197 646 3251 καὶ
674 3197 849 3268 στόμα
884 3197 1078 3251 λαλοῦν
1107 3199 1346 3269 μεγάλα,
1379 3201 1474 3254 καὶ
1515 3201 1691 3273 ήνοιξε

171 3282 214 3334 τι
236 3286 378 3356 στόμα
401 3287 565 3342 αὑτοῦ
602 3289 685 3352 εἰς
714 3286 1060 3359 βλασφημίαν
1089 3289 1224 3361 πρὸς
1260 3290 1350 3344 τὸν
1382 3290 1514 3345 Θεόν
1532 3309 1546 3323 ο
1602 3296 1694 3348 καὶ

171 3373 214 3426 τὸ
232 3375 372 3446 κέρας
397 3379 572 3433 ἐκεῖνο
613 3378 785 3431 ἐποίει
813 3378 1047 3450 πόλεμον
1077 3378 1216 3450 μετά
1237 3379 1346 3434 τῶν
1378 3381 1568 3449 ἁγίων,
1600 3384 1694 3438 καὶ

171 3465 312 3536 ίσχυσε
336 3471 462 3542 πρὸς
481 3471 710 3535 αὐτοὺς,
737 3470 842 3534 ἕως
869 3470 935 3524 ἂν
963 3471 1204 3543 ἀνῃρέθη
1233 3473 1294 3526 τὸ
1323 3473 1511 3547 θηρίον
1534 3517 1549 3541 ,
1601 3477 1694 3530 καὶ

171 3558 396 3628 ἀπώλετο,
423 3563 514 3617 κα)⁸
542 3563 616 3617 τὸ
646 3561 805 3634 σῶμα
833 3562 996 3617 αὐτοῦ
1043 3563 1197 3634 ἐδόθη
1251 3567 1331 3629 είς
1363 3565 1560 3621 καῦσιν
1591 3585 1695 3620 πυο

172 3647 303 3716 ρός.»

229 3739 342 3793 Ἀλλ’
370 3743 485 3796 ἐπεὶ
513 3745 603 3798 δεῖ
630 3741 1120 3816 λεπτομερέστερον
1156 3746 1284 3818 περὶ
1311 3747 1476 3800 αὐτοῦ
1507 3747 1709 3821 διηγή-,

171 3830 340 3898 σασθαι,
364 3834 476 3899 πῶς
493 3852 554 3888 τε
580 3833 647 3887 τὸ
675 3834 826 3902 ἅγιον
846 3835 1088 3906 ’Πνεῦμα
1117 3835 1183 3889 δι’
1220 3837 1454 3909 ἀριθμοῦ
1496 3840 1590 3892 καὶ
1635 3840 1696 3892 τὸ

166 3919 298 3992 δνομα
314 3925 466 3980 αὐτοῦ
499 3924 785 3997 μυστικῶς
810 3923 1066 3997 ἐδήλωσε,
1100 3927 1435 4000 σαφέστερον
1475 3928 1544 3982 τὰ
1571 3930 1697 4002 περὶ

167 4013 296 4067 αὑτοῦ
311 4017 694 4090 διηγησόμεθα.
719 4018 880 4088 Λέγει
913 4019 1018 4090 γὰρ
1043 4019 1294 4092 Ἰωάννης
1317 4018 1484 4086 οὕτως
1502 4037 1516 4051 ·
1543 4039 1562 4074 ι
1587 4021 1698 4075 Καὶ

167 4097 274 4158 εἶδον
295 4107 410 4162 ἄλλο
437 4109 634 4182 θηρίον
662 4109 946 4164 ἀναϐαῖνον
975 4112 1041 4164 ἐκ
1064 4111 1162 4183 τῆς
1190 4111 1314 4182 γῆς,
1341 4112 1435 4166 καὶ
1466 4109 1579 4185 εἶχε
1606 4112 1696 4167 κέ-

170 4210 276 4262 ρατα
299 4199 382 4254 δύο
405 4240 420 4265 ,
469 4204 639 4274 ὅμοια
665 4202 855 4274 ἀρνίῳ,
887 4205 984 4257 καὶ
1005 4202 1182 4258 ἐλάλει
1212 4203 1287 4268 ὡς
1310 4204 1544 4274 δράκων.
1587 4205 1698 4260 Καὶ

167 4285 240 4358 τὴν
255 4289 482 4357 ἐξουσίαν
505 4291 609 4347 τοῦ
626 4293 841 4364 πρώτου
863 4293 1051 4365 θηρίου
1079 4295 1256 4347 πᾶσαν
1273 4295 1446 4349 ἐποίει
1469 4293 1696 4349 ἐνώπιον

167 4375 315 4444 αὑτοῦ,
341 4383 429 4435 καὶ
453 4383 635 4436 ἐποίει
668 4383 768 4454 τὴν
798 4384 903 4454 γῆν
919 4371 1040 4437 ’καὶ
1080 4384 1206 4448 τοὺς
1243 4386 1301 4438 ἐν
1341 4386 1476 4457 αὐτῇ
1515 4403 1697 4440 κατοι-

168 4465 372 4536 κοῦντας,
404 4473 492 4527 ἵνα
520 4475 942 4546 προσκυνήσωσι
970 4475 1031 4528 τὸ
1060 4473 1247 4547 θηρίον
1273 4475 1332 4529 τὸ
1361 4476 1593 4548 πρῶτον,
1632 4470 1693 4531 οὗ
1726 4485 1772 4543 D

167 4553 457 4634 ἐθεραπεύθη
492 4565 527 4636 ἡ
554 4562 738 4636 πληγὴ
762 4562 854 4616 τοῦ
901 4563 1130 4618 θανάτου
1170 4564 1356 4619 αὑτοῦζ
1392 4567 1503 4619 Καὶ
1527 4567 1698 4620 ἐποίει

168 4658 329 4722 σημεῖα
351 4657 598 4727 μεγάλα,
622 4657 709 4710 ἵνα
749 4656 844 4710 καὶ
874 4655 986 4730 πῦρ
1008 4659 1133 4728 ποιῇ
1159 4657 1462 4728 καταϐῆναι
1501 4659 1566 4712 ἐκ
1603 4659 1698 4712 τοῦ

165 4741 354 4812 οὖρανοῦ
382 4750 461 4811 είς
487 4748 590 4819 τὴν
618 4748 722 4818 γῆν
748 4747 1079 4802 κατενώπιον
1108 4749 1216 4803 τῶν
1239 4749 1561 4823 ἀνθρώπων.
1592 4753 1700 4806 Καὶ

170 4833 309 4908 πλανᾷ
331 4841 452 4904 τοὺς
483 4840 872 4906 κατοικοῦντας
898 4844 990 4896 ἐπὶ
1020 4844 1118 4915 τῆς
1142 4843 1246 4914 γῆς
1260 4843 1348 4897 διὰ
1375 4844 1442 4898 τά
1476 4847 1695 4914 σημεῖα,

165 4923 192 4976 ἃ
215 4928 346 5003 ἐδόθη
377 4933 524 5004 αὐτῷ
541 4934 765 5005 ποιῆσαι
787 4933 1016 4988 ἐνώπιον
1045 4935 1138 4988 τοῦ
1168 4935 1378 5008 θηρίου,
1410 4935 1569 5004 λέγον
1587 4939 1699 5000 τοῖς

167 5023 437 5076 κατοικοῦσι
456 5025 558 5097 τὴν
585 5026 710 5096 γῆν,
742 5026 964 5098 ποιῆσαι
993 5027 1176 5080 είκόνα
1205 5025 1281 5096 τῷ
1310 5025 1502 5098 θηρίῳ,
1531 5025 1559 5078 ὃ
1589 5025 1699 5097 ἔχει

167 5108 241 5177 τὴν
265 5113 461 5188 πληγὴν
491 5117 594 5187 τῆς
611 5117 882 5188 μαχαίρας
915 5117 1009 5171 καὶ
1032 5117 1212 5189 ἔζησε.
1241 5119 1351 5172 Καὶ
1373 5118 1526 5190 ἐδόθη
1553 5119 1700 5190 αὐτῷ

168 5199 350 5272 πνεῦμα
378 5205 563 5260 δοῦναι
589 5209 654 5278 τῇ
673 5208 840 5262 είκόνι
867 5207 960 5261 τοῦ
992 5206 1179 5280 θηρίου
1206 5207 1330 5280 [ἵνα
1363 5209 1456 5262 καὶ
1493 5208 1701 5282 λαλήσῃ

167 5290 352 5355 ἡείκὼν
385 5296 479 5350 τοῦ
521 5297 764 5371 θηρίου],
814 5299 909 5354 καὶ
945 5300 1143 5371 ποιήσῃ
1175 5339 1189 5364 ,
1231 5299 1317 5353 ἵνα
1360 5300 1472 5352 ὅσοι
1491 5299 1587 5353 ἐὰν
1619 5299 1692 5371 μὴ

170 5389 545 5458 προσκυνήσωσι
589 5394 652 5462 τῇ
703 5390 868 5445 είκὸνι
912 5390 1006 5444 τοῦ
1032 5391 1253 5463 θηρίου,
1293 5388 1690 5445 ἀποκτανθῶσι.

169 5471 254 5526 Καὶ
280 5484 412 5534 ποιεῖ
443 5482 666 5547 πάντας,
692 5486 818 5548 τοὺς
848 5485 1071 5556 μικροὺς
1112 5485 1206 5537 καὶ
1244 5484 1367 5548 τοὺς
1409 5484 1693 5554 μεγάλους,

170 5561 374 5629 καὶτοὺς
405 5569 688 5636 πλουσίους
716 5574 952 5636 καὶτοὺς
982 5575 1246 5643 πτωχοὺς,
1275 5575 1367 5626 καὶ
1394 5574 1518 5637 τοὺς
1549 5573 1697 5626 ἐλευ-

1721 3152 1764 3210 C

1798 553 2010 606 veniam
2038 593 2053 618 ,
2111 561 2166 606 et
2198 551 2496 622 percutiam
2533 563 2730 606 terram
2762 552 2976 620 penitus
3006 552 3070 606 “.
3105 571 3123 603 ι
3182 550 3246 606 Hi
3269 553 3370 607 ita-

1798 658 1903 713 que
1934 643 2212 699 venientes
2244 642 2611 712 prazdicabunt
2651 642 2887 696 futuram
2933 643 3134 698 Christi
3161 658 3191 698 e
3213 645 3366 699 ccelis

1797 734 2224 804 apparitionem;
2274 734 2582 803 facientque
2626 733 2778 804 signa
2807 743 2860 787 et
2903 733 3166 804 prodigia,
3201 744 3258 788 ut
3283 735 3367 790 vel

1795 825 1875 880 sic
1907 824 2182 879 inﬂectant
2204 835 2366 895 atque
2403 833 2719 880 convertant
2749 824 3029 878 hominum
3053 825 3265 878 animos
3297 829 3366 878 ad

1795 916 2193 985 ptenitentiam,
2222 916 2292 970 ob
2319 916 2540 970 nimiam
2580 915 2980 986 improbitatem
3023 932 3087 971 ac
3119 916 3366 986 impieta-

1796 1015 1904 1059 tem
1937 1022 2043 1074 qua
2072 1006 2340 1060 laborant.

1865 1095 2071 1150 XLVII.
2101 1097 2189 1151 Ait
2216 1097 2360 1150 enim
2394 1095 2666 1150 Joannes:
2708 1115 2726 1149 ι
2762 1096 2828 1150 Et
2861 1097 3000 1153 dabo
3034 1098 3248 1155 duobus
3287 1109 3379 1165 te-_

1793 1189 1968 1244 stibus
2018 1190 2184 1252 meis,
2228 1198 2282 1244 et
2329 1189 2728 1259 prophetabunt
2769 1190 2885 1244 dies
2919 1191 3064 1244 mille
3105 1192 3368 1247 ducentos

1793 1281 2104 1350 sexaginta,
2156 1279 2338 1333 amicti
2385 1281 2559 1335 saccis
2597 1281 2661 1333 ⁵⁷.
2703 1299 2720 1331 ι
2774 1279 2889 1334 Iloc
2925 1289 3039 1336 est:
3081 1282 3363 1338 dimidium

1794 1370 1937 1428 istud
1988 1370 2362 1435 hebdomadas,
2417 1372 2484 1426 de
2527 1387 2632 1440 qua
2680 1370 2866 1425 Daniel
2919 1371 3133 1428 locutus
3175 1375 3221 1412 ⁵⁸
3261 1386 3364 1432 est.

1799 1479 1818 1514 ‹
1852 1461 1940 1516 Isti
1985 1470 2112 1516 sunt
2138 1461 2258 1515 duae
2286 1461 2440 1516 olivae
2473 1471 2525 1515 et
2558 1463 2666 1515 duo
2692 1462 3014 1517 candelabra
3055 1464 3108 1516 in
3139 1480 3370 1535 conspe-

1792 1563 1881 1609 ctu
1904 1553 1996 1608 Dei
2030 1562 2187 1608 terra:
2215 1553 2432 1608 stantia.
2460 1551 2524 1606 Et
2555 1553 2600 1607 si
2625 1553 2748 1622 quis
2777 1554 3012 1632 voluerit
3037 1554 3116 1608 eis
3146 1571 3364 1621 nocere,

1793 1646 1933 1718 ignis
1965 1646 2106 1700 exiet
2135 1647 2200 1700 de
2232 1662 2324 1700 ore
2351 1661 2538 1700 eorum
2557 1686 2570 1709 ,
2607 1656 2659 1699 et
2683 1645 2962 1701 devorabit
2992 1647 3244 1704 inimicos
3271 1664 3367 1702 eo-

1795 1754 1938 1792 rum.
1970 1738 2035 1793 Et
2059 1740 2102 1794 si
2135 1739 2257 1809 quis
2278 1739 2508 1794 voluerit
2535 1756 2627 1794 eos
2658 1740 2865 1807 laedere,
2893 1741 2972 1796 sic
3004 1752 3215 1812 Oportet
3241 1759 3364 1797 eum

1795 1827 1988 1883 occidi.
2036 1828 2099 1882 Ili
2135 1829 2332 1883 habent
2366 1838 2684 1899 potestatem
2713 1830 2997 1885 claudendi
3029 1834 3224 1887 coelum
3247 1873 3261 1894 ,
3300 1848 3368 1887 ne

1793 1919 1942 1988 pluat
1972 1919 2162 1974 diebus
2191 1921 2486 1990 prOphetite
2522 1920 2799 1990 ipsorum:
2838 1929 2890 1976 et
2921 1931 3236 1991 potestatem
3272 1924 3368 1978 ha-

1793 2012 1922 2065 bent
1948 2026 2112 2081 super
2139 2028 2330 2082 aquas,
2360 2013 2600 2068 vertendi
2636 2029 2728 2068 eas
2763 2013 2816 2067 in
2849 2015 3187 2082 sanguinem,
3223 2023 3278 2068 et
3308 2024 3367 2067 ut

1794 2109 1992 2155 terram
2037 2101 2338 2170 percutiant
2381 2103 2526 2157 omni
2566 2104 2755 2175 plaga,
2800 2104 3229 2174 quotiescunque
3274 2121 3370 2157 vo-

1794 2193 1994 2249 luerint
2032 2195 2100 2250 ".
2154 2215 2172 2247 ι
2231 2193 2330 2249 Ubi
2359 2204 2538 2250 autem
2578 2212 2797 2250 cursum
2845 2212 3002 2251 suum
3042 2196 3369 2266 perfecerint

1793 2299 2062 2355 suumque
2117 2286 2524 2352 testimonium,
2584 2287 2844 2356 quidnam
2890 2286 3020 2341 dicit
3064 2274 3370 2356 propheta?

1801 2399 1818 2432 ι
1857 2380 2036 2436 Bestia
2073 2396 2194 2452 qua:
2237 2381 2479 2436 ascendit
2520 2382 2586 2435 de
2617 2382 2834 2452 abysso,
2895 2380 3056 2436 faciet
3109 2382 3370 2444 adversus

1794 2490 1887 2531 eos
1930 2475 2150 2539 bellum,
2187 2482 2242 2528 et
2274 2474 2453 2528 vincet
2499 2474 2654 2536 illos,
2707 2484 2760 2526 et
2801 2473 3012 2527 occidet
3065 2473 3186 2527 illos
3235 2474 3311 2536 6°;
3345 2492 3362 2523 ι

1793 2568 1938 2638 quod
1971 2568 2225 2621 nimirum
2275 2567 2563 2620 noluerunt
2590 2567 2718 2620 dare
2753 2566 2977 2636 gloriam
3011 2566 3365 2621 Antichristo.

1796 2660 1908 2714 IIoc
1949 2660 2092 2714 enim
2156 2672 2240 2714 est
2296 2674 2463 2713 cornu
2519 2658 2646 2712 illud
2710 2674 2934 2728 parvum
3000 2674 3366 2714 succrescens.

1795 2747 1846 2804 Is
1895 2762 2128 2816 namque
2151 2745 2264 2815 jam
2294 2746 2467 2800 elatus
2515 2746 2706 2810 corde,
2740 2743 2979 2814 seipsum
3011 2745 3248 2800 exaltare
3283 2745 3370 2798 in-

1794 2840 1954 2908 cipiet
1980 2848 2034 2893 et
2060 2846 2117 2893 ut
2145 2837 2312 2892 Deum
2339 2837 2661 2908 glorificare,
2699 2852 3026 2906 persequens
3056 2846 3274 2893 sanctos
3307 2853 3370 2892 ac

1794 2928 2073 2986 Christum
2101 2928 2515 2997 hlasphemans,
2547 2927 3005 2997 quemadmodum
3037 2927 3111 2980 ait
3144 2925 3363 2982 Daniel:

1801 3037 1819 3071 ι
1854 3018 1920 3074 Ει
1961 3017 2371 3074 considerabam
2419 3033 2624 3082 cornu;
2664 3025 2718 3071 et
2759 3031 2883 3071 ecce
2923 3017 3066 3070 oculi
3109 3025 3370 3087 tanquam

1797 3114 2032 3170 hominis
2062 3113 2115 3167 in
2150 3129 2342 3177 cornu,
2371 3121 2423 3166 et
2450 3126 2513 3166 os
2539 3112 2766 3181 loquens
2789 3111 3032 3180 grandia.
3068 3110 3131 3164 Et
3159 3111 3372 3180 aperuit

1796 3219 1858 3258 os
1890 3217 2050 3257 suum
2083 3202 2137 3255 in
2173 3200 2565 3270 blasphemiam
2598 3200 2855 3254 adversus
2887 3197 3080 3252 Deum.
3113 3197 3179 3252 Et
3201 3212 3370 3252 cornu

1796 3293 1925 3348 illud
1955 3292 2187 3348 faciebat
2215 3291 2411 3346 bellum
2443 3290 2705 3345 adversus
2733 3298 2948 3344 sanctos
2968 3331 2982 3353 ,
3013 3297 3064 3342 et
3094 3288 3374 3356 praevaluit

1795 3389 2055 3444 adversus
2097 3402 2225 3452 eos;
2259 3386 2614 3455 quoadusque
2644 3382 2925 3438 interfecta
2955 3390 3039 3436 est
3083 3381 3254 3436 bestia
3273 3422 3288 3447 ,
3315 3391 3372 3437 et

1794 3479 1972 3549 periit,
2005 3487 2059 3532 et
2097 3472 2298 3546 corpus
2318 3475 2436 3546 ejus
2461 3475 2716 3530 traditum
2739 3482 2822 3528 est
2850 3474 2904 3528 in
2937 3472 3370 3528 combustionem

1795 3570 1938 3642 ignis
1964 3572 2027 3624 “.
2066 3589 2086 3621 ι

1867 3741 2098 3798 XLVIII.
2143 3740 2246 3796 Sed
2274 3741 2401 3811 quia
2441 3756 2661 3796 necesse
2697 3749 2782 3796 est
2816 3741 3069 3797 subtilius
3098 3741 3165 3796 de
3182 3755 3247 3796 eo
3271 3741 3373 3795 dis-

1793 3815 2019 3904 putare,
2101 3842 2154 3887 et
2186 3832 2457 3902 quomodo
2501 3830 2735 3900 Spiritus
2773 3841 2993 3887 sanctus
3040 3845 3108 3885 ex
3146 3846 3370 3884 numero

1796 3925 1958 3980 etiam
1998 3924 2116 3994 ejus
2168 3937 2363 3976 nomen
2415 3919 2838 3988 significaverit.
2901 3937 3024 3990 quae
3063 3921 3137 3974 ad
3194 3921 3369 3989 ipsum

1797 4017 2057 4079 attinent,
2109 4014 2308 4070 clarius
2351 4013 2732 4068 edisseremus.
2785 4013 2876 4067 Sic
2901 4013 3046 4067 enim
3083 4013 3159 4066 ait
3202 4011 3366 4066 Joan-

1799 4124 1931 4164 nes:
1971 4126 1991 4160 ι
2026 4105 2094 4160 Et
2112 4105 2219 4161 vidi
2245 4105 2404 4160 aliam
2441 4103 2668 4158 bestiam
2697 4104 3074 4159 ascendentem
3109 4103 3176 4157 de
3206 4113 3368 4164 terra,

1797 4210 1851 4256 et
1893 4199 2125 4255 habebat
2163 4213 2367 4253 cornua
2415 4197 2522 4252 duo
2579 4195 2776 4250 similia
2816 4195 2972 4263 agni,
3016 4204 3070 4248 et
3117 4195 3371 4263 loqueba-

1799 4301 1887 4346 tur
1906 4291 2046 4346 sicut
2073 4289 2256 4344 draco.
2285 4286 2350 4342 Et
2377 4295 2690 4356 potestatem
2717 4284 2915 4355 prioris
2945 4284 3128 4339 bestiae
3153 4298 3368 4337 onmem

1799 4384 2030 4439 faciebat
2074 4383 2129 4436 in
2173 4390 2464 4450 conspectu
2507 4378 2665 4449 ejus:
2716 4386 2770 4432 et
2807 4376 3038 4432 faciebat
3079 4385 3276 4430 terra-tn
3317 4385 3374 4429 et

1800 4475 2102 4530 habitantes
2148 4473 2204 4527 in
2251 4489 2312 4528 ea
2352 4471 2579 4526 adorare
2617 4469 2848 4539 primam
2901 4467 3164 4533 bestiam,
3212 4466 3371 4536 cujus

1795 4577 1982 4623 curata
2019 4575 2103 4622 est
2130 4565 2285 4635 plaga
2324 4563 2514 4618 mortis
2549 4562 2687 4631 ejus.
2722 4561 2788 4614 Et
2816 4560 3045 4615 faciebat
3072 4559 3224 4630 signa
3257 4574 3372 4612 ma-

1795 4675 1920 4732 gna,
1963 4668 2024 4714 ut
2051 4658 2216 4713 etiam
2248 4658 2423 4726 ignem
2463 4655 2663 4710 faceret
2691 4655 2756 4709 de
2783 4655 2922 4709 cmlo
2955 4653 3286 4709 descendere
3317 4651 3370 4704 in

1794 4761 1994 4806 terram
2028 4749 2080 4802 in
2114 4755 2408 4817 conspectu
2441 4745 2745 4800 hominum.
2790 4743 2854 4798 Et
2883 4744 3090 4799 seducit
3123 4742 3374 4796 habitan-

1797 4851 1876 4896 tes
1907 4843 1962 4893 in
1995 4851 2157 4903 terra,
2193 4847 2410 4908 propter
2443 4837 2604 4906 signa
2624 4851 2742 4906 qua:
2781 4833 2906 4888 data
2935 4843 3061 4888 sunt
3091 4832 3167 4886 illi
3195 4830 3372 4886 facere

1797 4930 1852 4985 in
1883 4937 2177 4999 conspectu
2217 4927 2429 4991 bestia,
2474 4926 2660 4980 dicens
2701 4924 3068 4980 habitantibus
3109 4923 3163 4976 in
3207 4931 3369 4986 terra,

1798 5031 1858 5077 ut
1885 5021 2086 5076 faciant
2116 5019 2407 5089 imaginem
2441 5016 2627 5072 bestize
2663 5031 2785 5086 quae
2828 5015 2988 5068 habet
3015 5013 3227 5083 plagam
3258 5013 3371 5081 gla-

1797 5113 1893 5181 dii,
1923 5122 1977 5168 et
2005 5113 2156 5166 vixit.
2192 5109 2257 5164 Et
2277 5109 2464 5164 datum
2493 5116 2576 5162 est
2603 5107 2678 5161 illi
2711 5117 2768 5162 ut
2790 5107 2944 5162 daret
2961 5106 3209 5176 spiritum
3244 5105 3374 5158 ima-

1797 5204 1907 5276 gini
1937 5203 2156 5266 bestiae,
2195 5210 2255 5257 ut
2291 5211 2344 5256 et
2375 5202 2628 5270 loquatur
2658 5200 2835 5269 imago
2859 5198 3070 5264 bestiae,
3104 5205 3158 5252 et
3190 5195 3372 5262 faciat,

1799 5305 1860 5351 ut
1904 5296 2218 5366 quicunque
2259 5310 2364 5348 non
2413 5291 2757 5348 adoraverint
2805 5289 3094 5359 imaginem
3149 5288 3373 5352 bestize,

1801 5387 2138 5444 occidantur.
2185 5384 2252 5439 Et
2289 5385 2447 5441 faciet
2489 5399 2711 5450 omnes,
2748 5381 2974 5452 pusillos
3013 5388 3069 5434 et
3109 5394 3372 5449 magnos,

1803 5480 1995 5535 divites
2031 5489 2086 5534 et
2134 5494 2430 5550 pauperes,
2475 5477 2672 5531 liberos
2711 5482 2763 5529 et
2802 5488 3024 5540 servos,
3063 5480 3124 5526 ut
3164 5473 3252 5528 det
3292 5471 3374 5529 eis

1807 5574 2180 5629 characterem
2224 5572 2341 5644 ejus
2382 5571 2435 5625 in
2479 5584 2640 5625 manu
2673 5583 2860 5624 eorum
2894 5568 3149 5632 dextera,
3187 5578 3280 5624 aut
3319 5568 3376 5624 in

231 5764 410 5826 “Luc.
445 5788 485 5841 ι,
523 5773 605 5830 I'I.
676 5776 720 5810 ’τ
747 5777 912 5850 Apoc.
944 5793 1020 5842 ιι,
1047 5779 1097 5832 3.
1175 5779 1220 5811 ⁵³
1248 5777 1379 5833 Dan.
1415 5793 1489 5848 '1,
1522 5779 1588 5835 “27
1689 5780 1697 5811 ³

1803 5791 1925 5849 por-
1960 5795 2035 5834 ιι.
2065 5779 2185 5841 4-6.
2258 5780 2302 5812 ‘°
2332 5779 2466 5836 Ibid.
2499 5779 2548 5834 7.
2629 5779 2670 5810 “
2699 5775 2833 5834 Dan.
2861 5792 2954 5845 vn,
2993 5776 3048 5842 8,
3077 5773 3133 5830 9.
