3860 6200
252 255 355 312 769

1341 264 1428 320 DE
1465 264 1760 324 CllRlSTO
1801 269 1889 324 ET
1931 269 2416 332 ANTICHRISTO.

3406 289 3512 346 770

247 375 406 441 Θεοῦ,
443 374 764 448 βουλόμενος
787 376 1056 433 ἐκθλίϐειν
1092 381 1188 436 καὶ
1212 383 1490 440 ἐκδιώκειν
1535 389 1730 452 αὐτοὺς
1759 391 1801 443 ἐι

1923 389 2108 460 perbia
2137 391 2332 473 elatus,
2363 409 2460 450 eos
2489 397 2792 467 exstirpdre
2816 398 2944 454 velit
2985 415 3161 473 exque
3179 405 3382 462 mundo
3415 408 3504 462 fn-

247 468 342 521 τοῦ
359 468 589 539 κόσμου,
615 471 710 522 καὶ
732 469 821 524 διὰ
843 471 903 525 τὸ
930 474 1005 544 μὴ
1031 473 1230 528 διδόναι
1257 477 1454 542 αὐτοὺς
1476 479 1621 550 αὑτῷ
1645 479 1822 548 δόξαν,

247 561 496 615 κελεύσει
539 563 746 629 πάντας
785 565 1057 638 πανταχοῦ
1095 572 1296 640 πυρεῖα
1329 571 1405 641 (2)
1445 572 1704 645 τεθῆναι,
1739 575 1823 628 ἵνα

251 651 440 724 μηδεὶς
459 653 684 726 δύνηται
703 655 810 710 τῶν
831 657 1004 726 ἁγίων
1032 660 1166 730 μήτε
1182 661 1447 732 ἀγοράσαι
1473 664 1610 734 μήτε
1642 664 1823 734 πωλῆ-

248 762 359 808 σαι,
392 745 489 800 ἐὰν
521 747 596 818 μὴ
622 748 836 818 πρῶτον
865 749 1126 824 ἐπιθύσῃ”
1159 751 1317 806 τοῦτο
1351 754 1459 824 γάρ
1481 755 1595 807 ἐστι
1628 755 1689 808 τὸ
1725 756 1822 825 χά-

250 854 459 908 ραγμα,
484 839 543 892 τὺ
572 859 590 891 ι
624 840 716 892 ἐπὶ
751 842 850 912 τῆς
897 843 1078 914 χειρὸς
1115 844 1214 914 τῆς
1249 845 1427 912 δεξιᾶς
1463 865 1481 898 ι
1525 846 1816 919 διδόμενον.

244 931 319 984 Τὸ
349 930 409 983 δὲ
425 931 530 984 ἐπὶ
561 932 628 986 τὸ
646 933 924 1001 μέτωπον
953 938 1145 1002 εἰπεῖν,
1179 938 1266 992 ἵνα
1289 939 1486 1004 πάντες
1511 936 1643 995 ὦσιν
1669 943 1820 995 ἐστε-

245 1023 580 1092 φανωμένοι,
604 1025 827 1096 πύρινον
860 1027 955 1080 καὶ
979 1029 1039 1080 οὐ
1069 1029 1236 1100 ζωῆς,
1275 1029 1410 1084 ἀλλὰ
1434 1031 1662 1086 Θανάτου
1699 1035 1818 1088 στέ-

247 1130 408 1182 φανον
433 1114 555 1183 μεθ’
579 1116 786 1168 ἑαυτῶν
818 1118 1204 1191 περιφέροντες
1227 1121 1326 1191 (5).
1369 1122 1525 1176 Οὕτω
1557 1124 1664 1196 γὰρ
1697 1127 1815 1178 ἐτε-

243 1205 474 1273 χνάσατο
506 1208 643 1260 κατά
674 1208 782 1261 τῶν
821 1209 1086 1264 Ἰουδαίων
1118 1213 1213 1266 καὶ
1282 1213 1550 1285 Ἀντίοχος
1591 1218 1620 1268 6
1663 1217 1814 1268 Ἑπι-

243 1297 432 1366 φανὴς,
468 1301 498 1352 6
531 1301 627 1371 τῆς
656 1301 855 1372 Συρίας
884 1303 1172 1374 γενόμενος
1200 1303 1472 1374 βασιλεὺς,
1495 1306 1570 1359 ὢν
1597 1306 1816 1376 ἔκγονος

253 1386 598 1460 Ἀλεξάνδρου
629 1390 723 1442 τοῦ
751 1393 1078 1457 Μακεδόνος.
1107 1396 1216 1448 Καὶ
1236 1397 1396 1459 αὐτὸς
1416 1399 1529 1462 τοῖς
1555 1399 1673 1452 τότε
1695 1417 1813 1453 και-

240 1480 348 1547 ρεῑς
373 1479 640 1552 ἐπαρθεὶς
680 1484 745 1552 τῇ
781 1484 978 1556 καρδίᾳ
1001 1484 1204 1556 ἔγραψε
1223 1487 1501 1559 ψήφισμα,
1534 1508 1552 1540 ι
1595 1489 1812 1561 βωμοὺς

236 1569 338 1641 πρὸ
361 1571 478 1623 τῶν
520 1572 698 1644 θυρῶν
741 1574 992 1639 τιθέντας
1029 1596 1046 1628 ι
1098 1577 1342 1643 ἅπαντας
1364 1581 1670 1646 ἐπιθύσειν,
1717 1585 1811 1638 καὶ

235 1681 255 1714 ι
289 1665 516 1726 κισσοὺς
563 1664 638 1735 (4)
668 1666 1141 1737 ἐστεφανωμένους
1191 1671 1489 1740 πομπεύειν
1553 1672 1630 1744 τῷ
1693 1677 1810 1728 Aio-

229 1757 372 1826 νᾶσῳ
391 1773 404 1786 ·
432 1759 561 1820 τοὺς
589 1757 646 1810 δὲ
671 1757 745 1830 μὴ
764 1758 1116 1830 βουλομένους
1144 1762 1564 1828 ὑποτάσσεσθαι,
1587 1765 1808 1830 τούτους
1842 1738 1881 1792 Β

231 1849 365 1918 μετὰ
395 1849 750 1920 άπαγχισμὺν
783 1849 857 1919 (5)
891 1851 988 1904 καὶ
1019 1853 1251 1924 ἐτασμδν
1280 1852 1528 1924 βασάνων
1570 1857 1810 1929 ἀναιρεῖ-

228 1941 370 1997 σθαι.
413 1960 437 1993 ι
477 1943 639 1996 Ἀλλά
663 1943 756 1996 καὶ
777 1943 940 2007 αὐτὸς
964 1944 1030 1998 τά
1053 1945 1278 2012 ἀντάξια
1301 1947 1450 2020 παρὰ
1479 1949 1571 2002 τοῦ
1602 1950 1806 2021 Κυρίου

222 2034 315 2087 καὶ
342 2035 720 2107 δικαιοκρίτου
753 2037 847 2090 καὶ
874 2038 1254 2092 παντεπόπτου
1277 2039 1410 2094 Θεοῦ
1433 2039 1590 2093 ἔλαϐε
1612 2056 1626 2070 ο
1657 2041 1810 2110 γενό-

225 2144 385 2198 μενος
415 2128 528 2200 γὰρ
555 2128 1016 2202 σκωληκόϐρωτος
1051 2131 1350 2202 μετήλλαξε
1400 2133 1490 2186 τὸν
1523 2133 1654 2204 βίον.
1699 2135 1808 2188 Καὶ

221 2218 399 2274 ταῦτα
435 2222 538 2292 μὲν
569 2222 624 2274 εἴ
659 2239 741 2285 τις
789 2221 1028 2292 βούλοιτο
1052 2223 1404 2298 λεπομερῶς
1439 2226 1804 2298 ἐνιστορῆσαι,

223 2314 567 2383 σεσήμανται
604 2317 662 2368 ἐν
692 2317 804 2379 τοῖς
827 2315 1263 2380 Μακκαϐαῖκοῖς.

287 2407 431 2459 Νυνὶ
459 2407 520 2460 δὲ
551 2407 688 2478 πρὸς
713 2408 774 2461 τὸ
803 2407 1159 2479 προκείμενον
1190 2408 1444 2482 ἐροῦμεν.
1477 2410 1660 2465 Ταῦτα
1696 2411 1806 2484 γὰρ

220 2502 309 2555 καὶ
343 2502 514 2566 αὐτὸς
527 2501 864 2572 τεχνάσεται,
888 2504 1028 2558 κατὰ
1055 2503 1232 2558 πάντα
1251 2504 1451 2558 θλίϐειν
1472 2507 1596 2568 τοὺς
1620 2506 1804 2576 ἁγίους

220 2592 393 2646 Θελων
415 2610 428 2622 ο
455 2593 608 2662 λέγει
635 2594 741 2666 γὰρ
773 2597 801 2648 ὀ
829 2597 1114 2668 προφήτης
1146 2595 1241 2650 καὶ
1269 2596 1596 2660 ἀπόστολος·
1633 2615 1652 2648 ι
1676 2592 1803 2651 Ὧδε

218 2681 246 2731 6
285 2679 438 2744 νοῦς.
483 2682 542 2734 '0
575 2681 711 2752 ἔχων
744 2684 934 2752 σοφίαν
965 2684 1258 2755 ψηφισάτω
1287 2686 1375 2739 τὸν
1427 2685 1659 2758 ἀριθμὸν
1709 2688 1802 2742 τοῦ

217 2769 414 2843 Θηρίου
437 2789 451 2802 ·
517 2772 748 2846 ἀριθμὸς
779 2775 887 2847 γὰρ
917 2775 1204 2848 ἀνθρώπου
1228 2777 1363 2840 ἐστὶ,
1390 2778 1482 2832 καὶ
1513 2780 1540 2831 ό
1571 2778 1803 2850 ἀριθμὸς

217 2861 387 2914 αὑτοῦ
434 2865 586 2916 ἐστιν
633 2863 774 2934 χξςα
820 2885 838 2918 ι
889 2867 1025 2938 Περὶ
1063 2867 1160 2938 μὲν
1189 2867 1280 2921 τοῦ
1304 2868 1563 2940 ὀνόματος
1606 2869 1798 2936 αὐτοῦ,

217 2957 320 3008 οὐκ
348 2959 406 3009 ἐν
441 2959 574 3027 ἡμῖν
602 2957 850 3012 τοσοῦτον
885 2960 1108 3032 ἀκριϐὲς
1139 2961 1401 3026 ἐξειπεῖν,
1439 2962 1514 3026 ὡς
1550 2964 1800 3035 ἐνενόησε

219 3051 315 3103 καὶ
349 3050 599 3122 ἐδιδάχθη
633 3051 759 3122 περὶ
787 3053 950 3106 αὑτοῦ
983 3056 1010 3106 6
1044 3055 1307 3126 μακάριος
1355 3055 1606 3128 Ἰωάννης
1631 3099 1646 3121 ,
1679 3058 1801 3109 ὅσον
1827 3080 1871 3139 c

222 3143 384 3212 μόνον
428 3141 756 3213 ὑπονοῆσαιο
805 3143 1193 3211 άναφαίνοντος
1215 3144 1323 3215 γάρ
1370 3145 1532 3198 αὑτοῦ
1572 3143 1736 3210 δείξει
1767 3145 1796 3199 6

219 3232 494 3302 μακάριος
533 3232 591 3284 τὸ
625 3230 971 3303 ζητούμενον.
1022 3233 1168 3306 Πλὴν
1219 3235 1342 3288 ὅσον
1373 3235 1598 3307 νοοῦμεν
1629 3237 1798 3307 ἀμφι-

219 3323 508 3387 ϐάλλοντες
554 3323 800 3396 λέγομεν.
835 3325 1012 3379 Πολλά
1053 3326 1152 3397 μὲν
1188 3327 1512 3398 εὑρίσκομεν
1557 3331 1798 3402 ὀνόματα

215 3413 394 3485 τούτῳ
433 3414 509 3485 τῷ
560 3416 777 3488 ἀριθμῷ
825 3417 1060 3489 ίσόψηφα
1107 3419 1468 3490 περιεχόμενα
1499 3420 1615 3490 (6),
1661 3417 1793 3487 οἷον,

214 3505 406 3577 ὥσπερ
441 3509 632 3569 εἰπεῖν,
667 3506 727 3560 τὸ
766 3507 965 3560 Τειτάν
995 3509 1162 3570 ἐστιν,
1188 3508 1412 3578 ἀρχαῖον
1452 3510 1545 3561 καὶ
1587 3509 1795 3575 ἔνδοξον

214 3597 390 3668 ὃνομα
425 3599 522 3668 (7),
555 3599 588 3670 ἦ
623 3599 682 3652 τὸ
707 3599 982 3665 Εὑάνθας
1011 3600 1084 3671 (8)
1105 3617 1118 3630 ο
1151 3601 1376 3673 καὶγὰρ
1396 3601 1527 3655 αὐτὸ
1559 3604 1623 3673 τῇ
1655 3603 1790 3672 αὐτῇ

294 3713 388 3769 ⁸³1
419 3714 592 3770 Maeli.
623 3731 661 3782 ι,
695 3714 795 3782 58;
832 3715 874 3768 ll
901 3715 1075 3771 Maeli.
1111 3732 1186 3784 vI,
1226 3717 1278 3772 7.

290 3835 368 3903 (9.)
405 3836 660 3909 Hopsi‘a.
698 3856 717 3890 ι
756 3836 1057 3904 Tripodes,
1101 3853 1352 3904 acerras,
1402 3859 1420 3892 I
1465 3849 1520 3894 et
1566 3839 1612 3894 si
1663 3840 1795 3909 quid

215 3906 485 3979 ejusmodi
521 3919 606 3962 est
649 3908 703 3962 in
733 3909 875 3977 quod
907 3910 1144 3978 proclive
1189 3909 1396 3965 incensi
1438 3906 1793 3979 pulvisculum

215 3977 452 4039 mittere,
490 3979 719 4032 solemni
773 3977 1158 4033 immolationis
1191 3981 1335 4043 ritu,
1383 3977 1451 4033 ad
1495 3982 1796 4034 testandam

215 4048 387 4118 animi
433 4047 808 4112 devotionem;
857 4050 1002 4118 quod
1050 4049 1284 4105 maxime
1332 4050 1583 4104 sacriﬁcii
1626 4065 1795 4118 genus

214 4117 506 4190 exigebant
535 4091 888 4188 gentiksiab'
924 4121 988 4174 iis
1019 4136 1252 4189 quorum
1281 4091 1799 4190 suspectaml’Iabe-

214 4198 336 4240 rent
359 4188 693 4257 religionem.
725 4188 1244 4245 Antiochnshedera
1272 4188 1558 4246 coronatos
1584 4189 1796 4246 Baccho

213 4259 486 4333 circuire__
514 4259 768 4333 COgebat:
824 4260 1260 4333 Christianorum
1327 4263 1540 4333 tyranni
1571 4300 1585 4323 ,
1616 4263 1794 4333 thure

215 4329 408 4403 saltem
457 4328 640 4403 litare;
694 4331 924 4403 hincque
956 4332 1090 4403 adeo
1131 4328 1365 4403 πύρινον
1390 4333 1489 4403 sibi
1535 4332 1794 4400 στέφανον

213 4399 484 4472 asciscere
523 4399 657 4472 scite
685 4401 762 4454 ait
793 4416 914 4454 mox
955 4399 1299 4472 Hippolytus,
1341 4402 1433 4471 qui
1472 4403 1554 4456 sic
1600 4403 1795 4456 immo-

215 4449 1120 4540 ῑέιίιὶέέ’Ᾱυὶῖὸιῐι-ιξιὶι’ᾗιῖἑὶκὶἱιῖἷῖ
1131 4449 1584 4542 ἴέῖιζῶἕόπζτῖπ.
1601 4449 1798 4526 Τίηὲὲῖιι
1829 4449 1871 4503 ι)

215 4543 567 4613 πειρατήρια,
591 4557 718 4613 qua:
743 4557 844 4595 vox
884 4542 971 4597 hic
1001 4542 1149 4612 fungi
1184 4553 1300 4605 est,
1352 4543 1466 4596 sive
1501 4543 1796 4613 antiquarii

214 4610 330 4663 sive
353 4613 476 4677 ejus
508 4612 599 4679 qui
632 4613 922 4680 exscripsit
950 4610 1152 4666 errato.
1185 4613 1419 4668 Conone.
1567 4617 1570 4620 ’

285 4682 362 4755 (ᾗ)
403 4680 846 4755 Περιρέρονζες.
877 4682 1146 4755 Combel'.,_
1175 4683 1544 4755 ἐπιφέροντες.

285 4752 363 4823 (ί)
403 4754 689 4823 Κίσσούς.
740 4752 818 4807 ld.
863 4753 1072 4808 κισσοῦ.
1120 4753 1190 4808 Αι
1234 4751 1436 4817 κισσοῖς
1467 4753 1591 4823 legit
1619 4751 1796 4808 Tana-

207 4821 416 4896 quill’us
446 4821 638 4896 Faber.

283 4895 360 4963 t5)
400 4893 579 4964 Mardi
631 4895 1035 4964 ἀπαγχισμόν.
1103 4892 1312 4963 Duplici
1382 4893 1579 4948 mendo
1631 4903 1790 4961 erat,

212 4963 615 5035 ἐπαγχονισμόν
642 5003 657 5027 ,
729 4963 1007 5019 debuisset
1071 4964 1478 5035 ἀπαγχονισμόν
1533 4965 1790 5019 scribere.

212 5036 326 5104 Ego
374 5036 572 5106 minori
615 5038 944 5098 mutatione,
989 5035 1360 5106 άπαγχισμόν,
1411 5050 1532 5106 qut?
1573 5045 1678 5089 Vox
1719 5036 1794 5088 si-

212 5105 571 5176 gnantissima
598 5113 703 5171 est,
733 5108 798 5160 ad
836 5106 1217 5173 exprimendus
1237 5105 1463 5160 dolores
1493 5105 1790 5161 immensos

211 5192 274 5230 ac
301 5178 612 5237 cruciatus.
655 5177 854 5245 quibus
888 5191 1024 5245 pene
1051 5179 1174 5245 quis
1213 5187 1469 5230 enecelur
1501 5191 1566 5229 ac
1605 5185 1789 5230 stran-

210 5247 448 5318 guletur.
487 5245 622 5318 Tgb.
659 5262 739 5306 III.
775 5249 832 5300 ll
869 5261 882 5297 :
916 5245 1182 5317 Ἐλυπήθη
1215 5246 1418 5318 σφόδρα
1443 5245 1586 5299 ὥστε
1610 5245 1791 5315 ἀπάγ-

209 5315 422 5381 ξασθαι.
466 5334 486 5366 ι
528 5315 762 5372 Tristata
793 5325 878 5372 est
904 5315 1184 5380 valde,‘ut'
1219 5315 1375 5386 quasi
1417 5319 1788 5387 strangulare-

211 5399 335 5451 tur;
375 5405 392 5437 ι
421 5389 580 5456 quasi
610 5403 904 5457 suppresso
929 5388 1121 5456 spiritu
1155 5387 1359 5441 doloris
1384 5388 1432 5440 vi
1465 5388 1786 5440 immorereo

212 5466 316 5527 tur.
353 5457 490 5510 Cum
517 5473 646 5527 ergo
673 5460 970 5513 habeamus
994 5458 1213 5511 verbum
1241 5457 1580 5527 ἁπάγχομαι,
1614 5474 1645 5511 a
1676 5472 1786 5526 quo

211 5525 371 5580 facile
402 5525 636 5580 derivari
668 5530 840 5597 possit
866 5529 948 5590 τὸ,
981 5528 1350 5598 άπαγχισμός,
1373 5525 1526 5581 nihil
1562 5525 1786 5582 necesse

210 5600 273 5650 ad
307 5598 415 5650 alia
443 5599 732 5652 remotiora
760 5614 1059 5654 recurrere.
1091 5601 1325 5652 tiones.

283 5670 362 5738 (6)
417 5668 707 5736 Ἰσόψηφα
747 5669 1152 5738 περιεχόμενα.
1212 5667 1410 5721 Notum
1460 5675 1544 5721 est
1600 5666 1783 5722 vocari

219 5737 457 5805 ἰσόψηφοι
491 5741 730 5808 nomina,
760 5737 992 5811 quorum
1018 5740 1209 5794 linem:
1240 5751 1594 5793 numerorum
1632 5753 1782 5793 more

1355 3717 1400 3748 ⁸³
1436 3717 1602 3787 Apoc.
1646 3734 1769 3783 XIII,
1798 3717 1888 3774 18.

1925 495 2052 548 gare
2076 481 2146 535 ob
2178 469 2424 553 negatam
2459 485 2535 538 illi
2563 487 2822 556 gloriam;
2850 469 3278 556 jubebit'omnes
3305 494 3506 566 ubique

1924 587 2085 642 rogos
2105 589 2307 642 ponere
2329 592 2392 632 ac
2422 578 2716 642 thuribula.
2751 596 2818 634 ne
2838 582 2962 651 quis
2987 594 3300 641 sanctorum
3323 602 3504 642 emere

1922 666 2096 734 possit
2139 675 2230 720 aut
2277 670 2511 725 vendere
2538 712 2554 737 ,
2603 672 2733 742 quin
2769 673 2922 742 prius
2969 675 3350 732 immolaverit.
3393 677 3505 734 Hoc

1921 755 2064 808 enim
2104 755 2235 810 illud
2273 758 2610 828 signaculum
2641 771 2750 827 est,
2788 764 2934 832 quod
2971 764 3132 819 datur
3171 785 3189 819 I
3244 768 3299 822 in
3337 785 3501 824 manu

1921 848 2162 904 dextera.
2203 870 2221 902 I
2257 850 2411 918 Quod
2449 869 2578 908 vero
2631 873 2648 906 I
2686 856 2738 910 in
2777 855 2951 913 fronte
2987 877 3006 911 ι
3056 861 3207 926 dicit,
3255 863 3358 916 hoc
3394 872 3498 928 est,

1919 952 1980 996 ut
2012 956 2201 997 omnes
2231 945 2474 1000 coronati
2503 946 2641 1012 sint,
2697 950 3052 1020 igneumque,
3081 967 3190 1007 non
3233 955 3373 1018 vitae,
3401 955 3496 1010 sed

1918 1035 2131 1101 mortis,
2163 1050 2345 1090 secum
2377 1036 2612 1092 inferant
2648 1050 2872 1094 sertum.
2927 1040 3017 1096 Sic
3058 1059 3295 1114 namque
3331 1047 3494 1100 etiam

1917 1128 2176 1182 adversus
2202 1127 2419 1184 Iudaeos
2450 1131 2671 1186 molitus
2704 1142 2789 1187 est
2820 1133 3126 1191 Antiochus
3158 1135 3496 1207 Epiphanes,

1918 1215 2088 1289 Syria:
2139 1235 2266 1285 rex,
2322 1221 2612 1276 Alexandri
2662 1221 2972 1280 Macedonis
3009 1242 3201 1296 nepos.
3249 1227 3385 1284 Nam
3439 1239 3497 1287 et

1915 1309 2004 1364 ille
2031 1327 2126 1380 per
2162 1313 2276 1368 hinc
2313 1323 2554 1384 tempora
2591 1316 2754 1370 corde
2776 1316 2989 1384 elatus,
3027 1318 3300 1374 decretum
3337 1321 3491 1387 tulit,

1920 1417 1940 1451 ι
1977 1403 2089 1457 aris
2119 1418 2215 1471 pro
2249 1402 2456 1458 foribus
2486 1406 2678 1474 positis
2700 1446 2714 1471 ,
2759 1425 2778 1459 ι
2818 1419 3044 1464 cunctos
3082 1410 3491 1481 immolaturos,

1913 1503 2076 1560 atque
2113 1512 2132 1545 I
2171 1495 2368 1550 hedera
2399 1507 2723 1563 coronatos,
2760 1497 2973 1554 Baccho
3000 1502 3345 1560 circuituros.
3385 1507 3491 1572 Qui

1912 1587 2084 1642 nolint
2113 1602 2320 1656 parere,
2350 1587 2449 1642 hos
2475 1589 2810 1644 cruciatibus
2849 1600 3012 1661 atque
3045 1597 3328 1650 tormentis
3360 1610 3492 1650 exa—

1911 1677 2166 1740 minatos,
2199 1678 2313 1731 ncci
2341 1679 2634 1734 tradendos
2657 1695 2777 1736 esse
2799 1681 2862 1735 ⁸³.
2895 1702 2912 1733 I
2949 1680 3142 1736 Verum
3174 1683 3220 1738 is
3246 1699 3488 1756 quoque,

1909 1771 2176 1839 condigna
2212 1786 2242 1824 a
2269 1769 2516 1837 Domino,
2544 1772 2801 1843 justoque
2821 1775 3005 1845 judice
3036 1791 3099 1832 ac
3128 1779 3373 1832 omnium
3407 1779 3491 1834 in-

1909 1866 2155 1927 spectore
2187 1857 2319 1922 Deo,
2353 1861 2552 1930 recepit
2582 1863 2823 1932 praemia.
2873 1862 3081 1920 Exesus
3108 1867 3253 1920 enim
3287 1868 3489 1922 vermi-

1908 1948 2032 2010 bus,
2066 1949 2174 2003 vita
2211 1960 2495 2020 exemptus
2535 1961 2640 2008 est.
2688 1954 2766 2007 Ac
2797 1955 2842 2010 si
2885 1957 3008 2026 quis
3050 1956 3163 2011 haec
3206 1958 3484 2029 sigillatim

1907 2038 2085 2110 legere
2139 2040 2263 2094 velit
2302 2041 2622 2114 singulaque
2673 2045 2940 2112 lustrare,
2988 2047 3041 2102 in
3076 2047 3230 2105 libris
3265 2049 3487 2106 Macha-

1907 2129 2146 2186 baaorum
2174 2132 2470 2205 perscripta
2499 2135 2758 2191 inveniet.

1975 2403 2037 2458 L.
2080 2403 2236 2462 Nunc
2269 2422 2396 2463 vero
2436 2408 2503 2463 ad
2546 2410 2891 2480 propositum
2927 2413 3074 2483 quod
3103 2416 3295 2472 attinet
3333 2417 3482 2475 dice-

1903 2512 2047 2552 mus.
2094 2496 2206 2554 Hoc
2231 2501 2376 2554 enim
2407 2502 2520 2571 ipse
2546 2518 2762 2573 quoque
2795 2506 3064 2572 Inolictur,
3098 2510 3272 2565 modis
3300 2512 3480 2566 omni-

1902 2587 2006 2644 bus
2042 2601 2260 2645 sanctos
2306 2593 2541 2664 amigere
2565 2595 2774 2651 volens.
2818 2596 2909 2650 Ait
2957 2598 3101 2652 enim
3139 2601 3400 2671 propheta
3426 2612 3479 2658 et

1903 2684 2220 2752 apostolus:
2261 2701 2280 2734 ι
2326 2684 2424 2739 llic
2462 2685 2766 2740 intellectus
2795 2694 2898 2741 est.
2930 2687 3032 2754 Qui
3064 2691 3225 2745 habet
3261 2692 3476 2762 sapien-

1903 2773 2069 2837 tiam,
2123 2783 2400 2844 computet
2440 2790 2730 2829 numerum
2778 2776 2983 2832 bestiae.
3030 2777 3302 2837 Numerus
3330 2783 3477 2837 enim

1903 2863 2138 2917 hominis
2181 2873 2298 2931 est;
2345 2873 2397 2919 et
2442 2880 2704 2921 numerus
2750 2867 2870 2936 ejus
2913 2873 3152 2925 sexcenti
3200 2873 3478 2944 sexaginta

1905 2970 1998 3010 Sex
2019 2955 2084 3007 ⁸⁸.
2127 2975 2146 3007 I
2184 2954 2326 3011 Sane
2357 2956 2425 3011 ad
2458 2957 2576 3026 ejus
2601 2973 2797 3013 nomen
2829 2961 2973 3030 quod
3011 2961 3220 3028 attinet,
3269 2979 3376 3018 non
3421 2965 3476 3020 in

1904 3044 2061 3098 nobis
2093 3054 2237 3099 tanta
2288 3047 2569 3117 sapientia;
2605 3049 2688 3104 vis
2711 3091 2727 3116 ,
2772 3058 2832 3104 ut
2861 3066 3118 3107 enarrare
3160 3054 3436 3122 possimus
3459 3095 3474 3122 ,

1903 3137 2358 3205 quemadmodum
2406 3137 2472 3192 de
2521 3138 2612 3194 illo
2659 3141 2924 3196 intellexit
2958 3143 3255 3214 didicitque
3284 3146 3476 3204 beatus

1901 3227 2162 3293 Joannes,
2195 3245 2259 3283 ac
2282 3231 2364 3284 vel
2398 3230 2575 3286 solum
2605 3233 2916 3302 conjectura
2947 3234 3178 3290 tradere.
3206 3234 3301 3292 lllo
3329 3239 3475 3292 enim

1903 3328 2227 3390 apparente,
2277 3321 2491 3378 docebit
2535 3326 2620 3379 vir
2665 3326 2855 3381 beatus
2894 3341 3004 3397 quo
3041 3326 3109 3382 de
3144 3330 3468 3400 quzerimus.

1901 3411 2171 3467 Caeterum
2197 3423 2461 3482 quantum
2497 3415 2808 3471 haesitantes
2847 3417 3138 3488 animoque
3183 3420 3331 3475 dubii
3376 3436 3471 3476 ca-

1902 3506 2116 3576 pimus,
2151 3507 2403 3561 dicimus.
2447 3506 2610 3562 Multa
2638 3510 2857 3579 quidem
2884 3513 3107 3567 nomina
3141 3513 3474 3572 inveniemus

1901 3601 2017 3670 pari
2052 3615 2280 3656 numero
2312 3609 2474 3672 atque
2496 3611 2754 3672 computo
2774 3607 3188 3674 comprehensa,
3222 3618 3299 3675 ut,
3325 3611 3470 3667 verbi

1902 3846 2248 3909 computataa.
2275 3837 2521 3909 eamdem
2557 3851 2828 3909 summam
2859 3835 3176 3892 conﬁciunt.
3218 3835 3470 3894 Vocabu-

1903 3908 2420 3980 ιιιιιιπεριεχόμενα
2471 3908 2646 3962 Gudio
2696 3908 2988 3962 tollendum
3048 3909 3359 3974 videbatur;
3417 3922 3472 3965 et

1902 3983 2094 4034 abesse
2126 3980 2278 4033 salvo
2310 3995 2472 4033 sensu
2520 3987 2728 4047 potest,
2764 3994 2862 4032 nec
2912 3988 3090 4031 tamen
3128 3981 3282 4032 obest
3327 3981 3468 4034 idem

1903 4051 1948 4105 si
1997 4050 2170 4115 adsit,
2220 4065 2318 4104 nec
2357 4064 2577 4102 sensum
2613 4049 2947 4116 corrumpit;
3003 4049 3130 4117 quia
3180 4064 3376 4105 nomen
3415 4061 3471 4106 et

1905 4120 2166 4192 ἰσόψηφον
2194 4136 2314 4175 esse
2339 4121 2514 4183 alteri,
2534 4130 2584 4173 et
2610 4120 2890 4192 continere
2914 4120 2967 4173 in
2992 4135 3049 4174 se
3080 4117 3339 4190 ἰσόψηφα,
3359 4123 3466 4176 sci-

1902 4187 2024 4246 licet
2046 4187 2366 4263 ﬂagitaret,
2397 4199 2590 4263 potest.
2609 4187 2850 4263 finitio.

1977 4258 2330 4330 (7)”1'sit'z‘zr.
2360 4301 2374 4314 .
2399 4258 2420 4313 ζ
2451 4259 2700 4329 ἀρχαῖον
2720 4261 2815 4313 καὶ
2838 4259 3090 4324 ἔνδοξον
3109 4258 3314 4328 ὄνομα.
3344 4259 3462 4312 lmi-

1901 4341 2046 4386 tatur
2071 4331 2388 4402 Hippolytus
2412 4332 2730 4402 magistrum
2760 4347 2916 4385 suum
2942 4333 3249 4402 IrenaeumL
3251 4331 3342 4402 qui
3366 4331 3458 4385 lib.

1901 4419 1934 4455 v
1985 4399 2155 4456 contr.
2179 4399 2344 4466 1min,
2366 4417 2485 4470 cap.
2508 4399 2610 4463 ’50,
2646 4399 2674 4471 §
2705 4401 2758 4466 5,
2795 4402 2908 4455 haec
2937 4401 3124 4455 habet:
3159 4417 3178 4451 ι
3209 4399 3462 4457 Titan....

1902 4483 1955 4527 et
1987 4475 2292 4541 antiquum,
2323 4480 2377 4525 et
2405 4473 2506 4525 lide
2527 4472 2772 4541 dignum,
2797 4481 2849 4525 et
2881 4471 3055 4541 regale
3193 4485 3460 4541 noman

1904 4541 2073 4596 Paulo
2095 4539 2219 4596 ante
2248 4539 2614 4596 dixeratidern
2640 4541 2903 4595 Irenaens:
2936 4539 2959 4591 ἱ
2985 4539 3088 4594 Se'd
3112 4539 3462 4606 et.TE|TAN,

1899 4615 2074 4681 prima
2105 4614 2309 4683 syllaba
2348 4614 2616 4683 periduas
2648 4611 2866 4666 Graecas
2899 4611 3110 4683 vocales
3141 4628 3166 4663 ε
3193 4621 3293 4683 ct_I
3327 4613 3462 4666 scri-

1899 4693 2012 4752 pta,
2049 4681 2293 4737 omnium
2325 4682 2606 4736 nominum
2634 4697 2754 4751 quae
2783 4681 2924 4751 apud
2965 4696 3065 4736 nos
3095 4681 3462 4749 inveniuntur,

1902 4754 2073 4823 magis
2098 4753 2198 4807 lide
2225 4753 2446 4822 dignum
2466 4761 2565 4806 est.
2594 4752 2800 4806 Etenim
2832 4752 3147 4822 praedictum
3174 4767 3460 4823 numerum

1900 4821 2062 4878 habet
2095 4823 2147 4876 in
2175 4839 2253 4884 se,
2287 4821 2338 4876 et
2368 4823 2671 4877 litterarum
2703 4831 2786 4875 est
2809 4821 2901 4877 sex
2925 4863 2940 4887 ,
2978 4823 3208 4891 singulis
3237 4821 3461 4892 syllabis

1898 4909 1966 4948 ex
1984 4894 2153 4950 ternis
2179 4893 2373 4948 litteris
2397 4893 2795 4957 constantibus,
2818 4903 2869 4947 ct
2891 4901 3068 4957 vetus,
3083 4902 3134 4946 et
3166 4902 3458 4946 semotum:

1900 4979 2074 5033 neque
2097 4965 2239 5018 enim
2267 4979 2454 5017 eorum
2484 4979 2670 5032 regum
2703 4964 2794 5032 qui
2826 4964 3124 5018 secundum
3172 4975 3271 5015 nos
3310 4968 3458 5022 sunt.

1897 5034 2096 5103 aliquis
2121 5043 2342 5089 vocatus
2363 5043 2448 5088 est
2469 5033 2658 5100 Titan;
2691 5049 2862 5103 neque
2887 5049 3075 5088 eorum
3107 5049 3226 5101 quae
3249 5033 3459 5103 publice

1897 5101 2194 5159 adorantur
2221 5103 2488 5158 idolorum
2513 5105 2654 5174 apud
2683 5101 2901 5159 Graecos
2924 5113 2976 5157 et
3003 5103 3283 5174 barbaros,
3301 5101 3456 5174 habet

1897 5175 2216 5230 vocabulum
2265 5175 2404 5229 hoc:
2447 5183 2502 5228 ct
2547 5171 2792 5245 divinum
2837 5183 3055 5245 putatur
3085 5173 3224 5245 apud
3257 5171 3460 5245 multos

1896 5245 2001 5302 hoc
2029 5261 2222 5300 nomen
2248 5263 2263 5311 ;
2300 5256 2356 5300 ut
2390 5247 2552 5299 etiam
2583 5247 2684 5310 sol,
2714 5241 2870 5298 Titan
2896 5241 3133 5297 vocetur’
3155 5243 3223 5295 ab
3256 5241 3340 5295 his
3363 5242 3457 5310 qui

1895 5332 2043 5370 nunc
2074 5324 2289 5370 tenent:
2331 5325 2385 5370 et
2417 5318 2833 5370 ostentationem
2872 5315 3163 5384 quamdam
3217 5313 3455 5384 continet

1897 5386 2118 5439 ultionis
2163 5395 2218 5440 et
2255 5386 2546 5441 vindictam
2599 5383 2917 5445 inferentis,
2959 5387 3102 5452 quod
3136 5383 3225 5436 ille
3263 5383 3456 5451 (Atili-

1892 5458 2162 5522 christus)
2190 5457 2411 5510 simulat
2438 5472 2496 5510 se
2527 5457 2666 5509 male
2707 5463 2964 5508 tractatos
2993 5455 3287 5506 vindicare.
3323 5471 3344 5504 ι

1921 5528 2038 5594 ,(8)
2078 5525 2371 5593 Εὐάνθης.
2410 5526 2549 5580 Idem
2577 5527 2809 5578 lI-cnaaus
2835 5525 2869 5577 l.
2897 5539 2986 5580 c.:
3027 5542 3044 5574 I
3074 5523 3340 5590 Quoniam
3365 5539 3453 5577 au-

1891 5604 1998 5649 tem
2035 5611 2141 5648 non
2172 5611 2389 5667 propter
2419 5597 2656 5667 inopiam
2691 5595 2973 5667 nominum
3003 5595 3311 5648 habentium
3346 5611 3454 5647 nu-

1893 5681 2102 5719 merum
2151 5665 2388 5720 nominis
2439 5667 2559 5735 cjns
2603 5665 2836 5720 dicimus
2887 5666 3038 5726 haec,
3094 5667 3185 5720 SCll
3234 5675 3453 5735 propter

1893 5736 2142 5791 timorem
2173 5753 2298 5807 erga
2327 5733 2495 5793 Deum
2525 5744 2577 5792 et
2599 5737 2775 5791 zelum
2806 5736 3078 5792 veritatis:
3128 5733 3444 5787 ΕΥΑΝΒΔΣ
