3860 6200
383 271 482 327 771

1025 271 1085 327 S.
1125 267 1483 325 HIPPOLYTI
1521 269 1671 326 OPP.
1709 269 1890 327 PARS
1930 270 1995 326 11.
2140 269 2445 328 DOGMAT.
2487 270 2575 326 ET
2614 269 2958 327 HISTORIC.

3506 271 3614 326 772

375 393 570 463 gratia,
603 399 687 446 est
716 405 911 448 nomen
944 389 1121 457 Titan,
1166 388 1309 461 quod
1338 407 1533 447 nomen
1562 391 1846 462 antiquum
1884 409 1940 448 ac

2051 393 2210 466 ψήφῳ
2251 392 2639 464 ἐμπεριέχεται
2664 430 2678 454 ,
2726 390 2820 444 καὶ
2860 389 3024 461 ’ἐτερα
3067 384 3288 442 πλείονα
3331 387 3618 460 εὑρεθῆναι

373 483 584 537 illustre
614 493 726 550 est;
777 483 861 536 vel
896 481 1198 548 Evam/ias;
1245 498 1371 537 nam
1422 485 1525 538 hoc
1564 499 1780 555 quoque
1827 484 1941 554 pari

372 573 850 642 comprehenditur
889 582 1179 642 computo,
1227 574 1442 644 aliaque
1475 589 1582 628 non
1625 591 1796 645 pauca
1823 591 1943 644 quae

376 667 504 720 licet
545 668 806 722 invenire.
841 666 978 732 Quia
1024 676 1205 721 tamen
1258 667 1370 736 jam
1415 667 1693 731 diximus,
1746 667 1944 736 prioris

378 759 564 813 bestiae
591 760 800 829 plagam
835 766 1078 812 curatam
1103 773 1245 822 esse,
1279 775 1342 813 ac
1367 759 1514 828 loqui
1546 758 1834 827 imaginem
1863 756 1944 812 fe-

377 850 550 914 cisse,
585 850 730 919 quod
759 860 842 904 est
871 849 1038 903 robur
1069 849 1146 903 illi
1174 850 1424 919 viresque
1449 849 1732 904 tribuisse:
1764 849 1943 919 palam

374 941 626 994 omnibus
645 948 745 1002 est,
770 940 864 1009 qui
887 940 1185 994 etiamnum
1215 955 1393 994 rerum
1418 940 1708 1009 potiantur,
1728 939 1947 996 Latinos

371 1045 514 1086 csse.
555 1029 612 1085 Si
660 1032 825 1101 igitur
855 1040 912 1084 ut
940 1031 1104 1086 unius
1141 1031 1376 1086 hominis
1420 1047 1618 1086 nomen
1655 1032 1946 1086 transfera-

372 1133 492 1190 tur,
528 1123 751 1178 Lalinus
795 1123 1072 1179 ellicietur.
1126 1122 1304 1189 Quare
1351 1138 1453 1178 nec
1501 1123 1944 1193 pr:edicandum,

372 1218 532 1287 quasi
557 1218 662 1271 hoc
688 1217 758 1271 sit
793 1217 937 1271 illius
969 1232 1187 1279 nomen,
1219 1231 1541 1272 neerursus
1570 1215 1944 1283 nesciendum,

373 1322 534 1376 posse
555 1322 678 1360 eum
705 1306 860 1360 aliter
881 1309 1212 1378 nuncupari:
1244 1308 1338 1363 sed
1361 1323 1483 1362 cum
1509 1307 1604 1361 Dei
1630 1307 1943 1377 mysterium

373 1396 428 1450 in
459 1396 622 1450 corde
646 1397 964 1463 habeamus,
998 1413 1121 1460 cum
1149 1398 1346 1452 timore
1383 1399 1483 1452 [ide
1510 1395 1795 1466 servanda,
1828 1413 1949 1470 qua:

372 1502 404 1541 a
443 1488 614 1542 beatis
645 1489 923 1558 prophetis
947 1489 1201 1559 praadicta
1233 1498 1392 1556 sunt;
1427 1499 1486 1543 ut
1515 1505 1638 1544 cum
1679 1492 1768 1546 illa
1796 1493 1948 1561 ﬁent,

371 1579 754 1648 prospiciendo
777 1580 1003 1635 solerter
1033 1595 1139 1634 non
1172 1580 1526 1650 decipiamur.
1560 1579 1951 1657 Supervenien-

372 1670 446 1723 tia
487 1670 631 1724 enim
677 1680 956 1740 tempora,
1008 1671 1171 1724 etiam
1225 1671 1369 1725 hunc
1407 1671 1474 1726 de
1515 1687 1625 1742 quo
1655 1674 1770 1728 haac
1805 1673 1948 1730 dicta

372 1773 520 1826 sunt,
551 1761 994 1818 manifestabunt.

444 1851 530 1906 LI.
569 1853 673 1908 Sed
702 1869 770 1908 ne
800 1855 885 1908 his
915 1853 1178 1909 duntaxat
1214 1857 1495 1911 sententiis
1521 1857 1789 1928 dictisque
1829 1859 1949 1916 illos

373 1942 732 2008 inducamus,
768 1945 860 2013 qui
906 1944 1216 1999 divinorum
1247 1947 1587 2015 cloquiorum
1627 1951 1774 2004 cultu
1805 1951 1950 2006 dele-

374 2041 612 2100 ctantur,
660 2035 779 2090 aliis
823 2034 1070 2104 pluribus
1100 2036 1657 2092 demonstrationibus
1699 2042 1948 2096 ostende-

373 2138 518 2176 mus.
568 2123 658 2177 Ait
701 2123 843 2178 enim
897 2123 1112 2177 Daniel:
1166 2141 1185 2175 ι
1235 2122 1302 2178 Ει
1349 2124 1437 2178 isti
1484 2124 1836 2180 salvahuntur
1881 2127 1948 2181 de

372 2229 540 2266 manu
568 2213 722 2283 ejus,
757 2213 925 2268 Edom
955 2224 1009 2269 et
1042 2213 1232 2280 Moab,
1275 2225 1328 2269 et
1355 2215 1678 2286 principium
1710 2219 1944 2272 ﬁliorum

371 2306 604 2361 Ammon
645 2307 710 2360 ⁸⁸.
762 2325 779 2358 ι
813 2312 1040 2361 Ammon
1082 2317 1136 2361 et
1171 2306 1329 2362 Moab
1369 2309 1463 2362 lilii
1494 2307 1598 2363 Lot
1631 2324 1698 2364 ex
1734 2311 1947 2367 filiabus

373 2398 640 2467 progeniti
688 2398 732 2428 ⁸⁸
758 2439 773 2464 ,
817 2413 1050 2467 quorum
1084 2399 1383 2454 etiamnum
1417 2416 1587 2472 genus
1613 2413 1944 2471 perseverat.

373 2491 465 2544 Ait
509 2491 654 2544 enim
696 2490 900 2546 Isaias:
939 2510 955 2540 ι
999 2489 1061 2543 Ει
1093 2490 1352 2545 volabunt
1385 2491 1438 2545 in
1485 2494 1714 2548 navibus
1752 2495 1944 2548 alieni-

375 2598 666 2652 genarum;
704 2598 853 2636 mare
898 2582 1060 2636 simul
1104 2582 1528 2652 praedabuntur,
1571 2593 1623 2639 et
1659 2599 1754 2640 eos
1783 2587 1875 2655 qui
1913 2603 1942 2641 a

373 2674 507 2728 solis
553 2683 696 2728 ortu.
739 2673 804 2726 Et
853 2674 905 2726 in
953 2673 1109 2729 Moab
1149 2674 1384 2742 primum
1430 2691 1623 2730 manus
1664 2676 1942 2747 injicient;

374 2766 469 2818 lilii
517 2776 696 2820 autem
727 2767 958 2821 Ammon
993 2768 1146 2836 primi
1175 2767 1429 2822 obedient
1456 2767 1521 2823 ⁸⁷.
1549 2787 1568 2820 ι

443 2857 551 2911 Lll.
601 2858 700 2913 llic
742 2859 906 2929 igitur
944 2861 1051 2915 illis
1082 2861 1418 2929 temporibus
1443 2877 1725 2932 emergens
1754 2877 1945 2918 occur-

373 2960 482 3006 ret:
523 2952 800 3021 triumque
841 2967 1106 3006 cornuum
1138 2969 1203 3007 ex
1230 2953 1416 3007 decem
1448 2970 1642 3024 pugnae
1687 2958 1803 3011 acie
1846 2972 1943 3027 po-

373 3045 542 3110 titus,
584 3045 796 3112 illisque
838 3046 1097 3100 radicitus
1133 3047 1369 3111 evulsis,
1419 3047 1653 3118 Aﬁgypto
1696 3049 1939 3114 scilicet,
1971 3087 2012 3144 ϐ

373 3137 537 3205 Libya
569 3145 622 3189 et
659 3135 956 3204 xEthiOpia,
1005 3137 1239 3204 acceptis
1284 3153 1472 3191 eorum
1503 3139 1688 3208 spoliis
1725 3156 1789 3196 ac
1826 3157 1958 3195 ma--

373 3228 576 3289 nubiis,
607 3227 828 3296 reliquis
853 3227 1017 3281 etiam
1045 3229 1303 3283 cornibus
1335 3245 1455 3297 quae
1486 3245 1584 3284 nec
1611 3231 1724 3300 ipsa
1756 3232 1949 3286 immu-

373 3321 462 3374 nia
488 3321 769 3381 exsistant,
793 3320 1113 3390 ohlazsisque
1136 3319 1334 3373 ﬁnibus
1353 3319 1452 3390 (8‘)
1476 3336 1532 3376 se
1562 3321 1638 3374 illi
1662 3322 1948 3392 subjicien-

370 3413 554 3478 tibus,
601 3413 830 3466 exaltari
876 3413 1059 3466 animo
1111 3413 1334 3484 incipiet
1380 3424 1432 3470 et
1465 3415 1726 3470 adversus
1773 3414 1941 3470 Deum

368 3503 577 3568 elI‘erri,
629 3502 722 3571 qui
775 3503 937 3557 totius
988 3502 1135 3556 orbis
1185 3510 1454 3558 terrarum
1503 3505 1758 3575 potiatur.
1812 3503 1943 3575 Ejus

369 3594 543 3663 prima
577 3593 851 3664 aggressio
887 3593 989 3647 erit
1036 3593 1293 3648 adversus
1321 3593 1524 3664 Tyrum
1556 3604 1610 3650 et
1650 3595 1902 3665 Berytum
1923 3639 1938 3664 ,

370 3700 436 3739 ac
461 3684 903 3739 circumvieinam
948 3684 1244 3754 regionem.
1279 3685 1374 3740 His
1400 3686 1544 3740 enim
1575 3687 1803 3742 urbibus
1830 3687 1942 3757 pri-

373 3793 521 3830 mum
570 3778 914 3847 expugnatis,
953 3777 1072 3830 aliis
1117 3786 1379 3830 terrorem
1427 3777 1652 3846 injiciet,
1681 3778 1943 3847 quemad—

372 3869 590 3923 modum
621 3868 786 3924 Isaias
821 3869 924 3922 ait:
983 3887 1000 3920 ι
1049 3867 1351 3934 Erubesce,
1391 3868 1579 3935 Sidon,
1605 3869 1743 3924 dixit
1771 3885 1937 3925 mare.

368 3959 648 4015 Fortitudo
683 3975 811 4014 vero
841 3961 1007 4014 maris
1043 3960 1212 4015 dixit:
1260 3959 1378 4015 Non
1418 3962 1716 4030 parturivi,
1766 3975 1940 4031 neque

370 4051 587 4121 peperi,
625 4065 723 4104 nec
750 4051 971 4105 educavi
1000 4051 1258 4120 juvenes,
1290 4067 1390 4106 nec
1426 4053 1656 4107 cxaltavi
1682 4053 1938 4124 virgines.

369 4140 599 4208 Quando
628 4150 807 4193 autem
839 4140 1081 4194 auditum
1117 4141 1277 4194 fuerit
1308 4139 1541 4211 [Egypto
1561 4179 1576 4204 ,
1622 4141 1795 4209 capiet
1843 4154 1939 4194 eos

367 4232 523 4287 dolor
559 4245 656 4300 pro
687 4228 830 4300 Tyro
862 4229 925 4284 ⁵⁸.
965 4249 984 4281 ι

439 4323 573 4377 Llll.
603 4320 698 4376 llis
730 4322 801 4374 i‘ta
834 4319 1028 4374 futuris
1047 4361 1061 4383 ,
1089 4319 1438 4374 dilectissime
1459 4356 1475 4382 ,
1508 4333 1572 4373 ac
1607 4317 1782 4373 tribus
1811 4331 1936 4372 cor-

368 4416 530 4470 nibus
558 4414 626 4468 ab
653 4429 717 4468 eo
750 4413 946 4468 excisis
968 4455 981 4478 ,
1025 4422 1148 4482 post
1173 4411 1286 4466 hate
1321 4427 1378 4465 se
1413 4421 1471 4465 ut
1497 4409 1658 4465 Deum
1685 4409 1940 4465 exhibere

369 4507 624 4575 incipiet,
672 4505 1127 4575 quemadmodum
1173 4504 1419 4575 przcdixit
1453 4502 1730 4559 Ezechiel:
1777 4521 1795 4554 ι
1835 4501 1938 4557 Pro

366 4613 434 4652 eo
460 4597 605 4668 quod
632 4598 927 4650 exaltatum
959 4605 1042 4651 est
1073 4610 1165 4650 cor
1197 4604 1348 4650 tuum
1376 4639 1390 4662 ,
1441 4605 1495 4650 et
1524 4596 1748 4650 dixisti:
1794 4594 1937 4650 Deus

369 4705 488 4743 sum
518 4703 616 4758 ego
641 4687 704 4739 ⁸9.
745 4706 764 4739 ›
801 4686 1060 4742 Similiter
1097 4702 1313 4757 quoque
1341 4688 1539 4742 Isaias:
1579 4705 1598 4739 ι
1635 4686 1714 4740 Tu
1757 4697 1936 4742 autem

440 4803 484 4835 “
506 4802 640 4856 Dan.
674 4819 750 4870 xu,
783 4803 868 4856 41.

366 4921 514 4979 enim
549 4937 767 4986 nomen,
813 4921 980 4976 habet
1029 4937 1316 4976 numerum
1369 4922 1437 4992 de
1480 4937 1590 4992 quo
1633 4924 1929 4992 quaeritur:

369 4993 462 5062 sed
507 4994 640 5046 nihil
683 4993 748 5046 de
787 5007 852 5046 eo
883 4993 1233 5047 allirmamus.
1292 5012 1311 5044 ›
1370 4991 1668 5062 Statimque
1699 4994 1925 5048 subdit:

371 5081 396 5116 ιι
431 5061 533 5117 Sed
576 5072 631 5118 et
672 5063 1010 5117 ΛΑΤΕΙΝΟΣ
1056 5078 1250 5117 nomen
1278 5101 1294 5127 ,
1336 5061 1498 5116 habet
1548 5061 1927 5128 sexcentorum

369 5134 650 5203 sexaginta
694 5150 788 5188 sex
836 5148 1158 5199 numerum;
1210 5143 1264 5187 et
1295 5134 1447 5186 valde
1479 5133 1780 5203 verisimile
1822 5140 1928 5197 est,

367 5202 624 5272 quoniam
652 5205 1004 5258 novissimum
1035 5218 1261 5274 regnum
1279 5203 1382 5258 hoc
1405 5202 1565 5274 habet
1580 5203 1926 5274 vocabulum.

369 5273 548 5326 Latini
579 5277 721 5328 enim
754 5284 883 5330 sunt
902 5273 1170 5344 quinunc
1202 5282 1457 5344 regnant;
1479 5273 1570 5326 sed
1603 5288 1710 5326 non
1746 5273 1932 5344 inﬂhoc

369 5359 470 5398 nos
500 5345 874 5413 gloriabimur.
917 5343 936 5397 ἱ
968 5343 1091 5399 Haec
1111 5343 1285 5398 autem
1310 5351 1586 5413 propterea
1620 5344 1673 5396 in
1693 5343 1930 5397 medium

370 5413 726 5486 adduximus,
771 5427 827 5470 ut
869 5417 1039 5486 magis
1080 5415 1206 5469 inde
1235 5413 1681 5486 conste_t,lrena:i
1729 5414 1928 5483 scripta

372 5480 718 5554 Hippolytum
758 5501 868 5555 prae
901 5480 1076 5542 oculis
1108 5486 1386 5540 habuisse.
1424 5483 1559 5555 Hine
1589 5486 1754 5538 etiam
1782 5480 1933 5538 com-

368 5555 667 5626 pertumglit
691 5596 706 5622 ,
742 5554 844 5610 tria
871 5557 972 5612 ista
996 5557 1215 5612 nomina
1237 5570 1517 5626 perperam
1539 5554 1708 5626 fuisse
1734 5556 1787 5626 in
1815 5568 1934 5608 ver-

370 5623 525 5696 sione
549 5624 694 5679 hisee
716 5627 907 5680 litteris
951 5623 1266 5696 consignata
1285 5668 1299 5690 ,
1330 5623 1486 5681 Titan
1505 5666 1520 5688 ,
1565 5623 1831 5679 Evanthas
1881 5630 1935 5677 et

371 5691 594 5746 Latinus
613 5709 631 5746 :
658 5711 832 5765 neque
857 5698 999 5751 enim
1023 5698 1087 5751 ad
1107 5691 1338 5753 mentem
1364 5696 1634 5768 Hippolyti
1662 5709 1922 5751 numerus

949 4804 994 4835 ⁶⁶
1031 4802 1166 4858 Gen.
1201 4820 1328 4868 xix,
1363 4803 1453 4871 57,
1483 4803 1572 4860 58.
1649 4804 1692 4836 ⁸⁷
1719 4803 1824 4859 lsa.
1850 4819 1926 4873 χι,
1950 4804 2041 4858 lli.

2043 484 2335 555 δυνάμενα.
2416 484 2553 538 Ἀλλ’
2595 484 2781 556 ἐπειδὴ
2831 484 3182 556 προέφθημεν
3215 480 3289 551 (9)
3331 479 3618 548 λέγοντες,

2043 575 2125 629 ὅτι
2153 574 2544 648 ὲθεραπεύθηή
2577 573 2757 646 πληγὴ
2777 575 2870 628 τοῦ
2898 574 3086 646 θηρίου
3122 571 3215 626 τοῦ
3250 571 3490 644 πρώτου,
3522 573 3620 625 καὶ

2045 666 2260 736 ποιήσει
2278 666 2387 737 (10)
2412 666 2591 719 λαλεῖν
2613 666 2711 738 τὴν
2738 665 2942 730 εἰκόνα,
2958 665 3254 727 τουτέστιν,
3277 664 3459 734 ίσχυσε
3483 662 3618 734 (11)⁶

2045 758 2277 828 φανερὸν
2303 757 2348 810 δ’
2381 759 2498 811 ἐστί
2529 758 2715 823 πᾶσιν,
2742 758 2824 810 ὄτι
2853 758 2903 810 οἰ
2931 756 3256 826 κρατοῦντες
3282 755 3362 808 ἐτι
3387 755 3482 808 νῦν
3511 758 3622 810 εἰσι

2047 851 2263 904 Λατῖνοι
2282 866 2296 880 ⁸
2331 850 2412 913 εἰς
2440 849 2557 914 ἐνὸς
2583 845 2674 903 οὖν
2694 847 2981 922 ἀνθρώπου
3022 849 3192 921 ὄνομα
3231 849 3622 919 μεταγόμενον,

2045 941 2254 1010 γίνεται
2288 940 2588 1008 Λατεῖνος.
2637 942 2796 994 Ὥστε
2836 938 2960 994 οὔτε
3006 941 3408 1014 προκηρύσσειν
3441 939 3524 992 δεῖ
3549 939 3626 1003 ὼς

2044 1033 2195 1096 ὄντος
2237 1033 2426 1086 τούτου
2469 1033 2728 1104 ὀνόματος
2748 1072 2762 1097 ,
2795 1030 2918 1085 οὒτε
2947 1031 3108 1085 πάλιν
3145 1033 3358 1100 ἀγνοεῖν
3380 1071 3397 1096 ,
3427 1032 3508 1084 ὅτι
3547 1031 3627 1102 μὴ

2045 1126 2218 1190 ἄλλως
2248 1126 2467 1180 δύναται
2489 1126 2740 1194 λέγεσθαι
2761 1143 2774 1156 ο
2813 1125 3028 1196 ἔχοντες
3055 1125 3189 1178 δὲτὸ
3211 1124 3503 1197 μυστήριον
3527 1122 3629 1176 τοῦ

2045 1217 2179 1270 Θεοῦ
2211 1221 2267 1272 ἐν
2290 1221 2354 1290 τῇ
2388 1218 2602 1289 καρδίᾳ,
2639 1220 2776 1290 μετὰ
2803 1217 2966 1289 φόϐου
2998 1216 3290 1287 φυλάσσειν
3318 1216 3525 1278 πιστῶς
3553 1214 3631 1267 τά

2047 1310 2152 1362 ὑπὸ
2177 1311 2284 1364 τῶν
2318 1311 2599 1382 μακαρίων
2629 1311 2918 1383 προφητῶν
2935 1309 3325 1382 προειρημένα,
3358 1309 3446 1361 ἵνα
3473 1324 3631 1376 γινο-

2050 1401 2226 1472 μένων
2257 1401 2455 1464 αὑτῶν,
2493 1402 2803 1472 προϊδόντες
2839 1401 2911 1472 μὴ
2943 1399 3323 1470 σφαλλώμεθα.
3353 1399 3473 1451 Τῶν
3506 1399 3630 1468 γὰρ

2048 1492 2253 1566 καιρῶν
2281 1493 2692 1561 ἐπιγινομένων,
2727 1493 2818 1547 καὶ
2840 1491 3002 1556 αὑτὸς
3025 1491 3152 1562 περὶ
3177 1483 3238 1544 οὑ
3259 1489 3432 1544 ταῦτα
3463 1488 3632 1562 εἴρη-

2047 1602 2155 1650 ται,
2186 1584 2640 1656 φανερωθήσεται.

2135 1841 2272 1894 Ἀλλ’
2305 1842 2390 1895 ἵνα
2430 1841 2502 1913 μὴ
2543 1840 2721 1912 μόνοις
2755 1841 2866 1903 τοῖς
2895 1841 3077 1911 ῥητοῖς
3106 1838 3312 1900 τούτοις
3343 1836 3632 1906 πείσωμεν

2047 1936 2172 2000 τοὺς
2216 1935 2284 1988 τὰ
2323 1934 2417 1987 τοῦ
2451 1934 2582 1988 Θεοῦ
2615 1934 2770 2003 λόγια
2799 1931 3247 2003 φιλοπονοῦντας,
3273 1931 3522 2001 δείξομεν
3555 1929 3626 1981 δι’

2049 2029 2250 2100 ἐτέρων
2287 2026 2612 2093 ἀποδείξεων
2664 2027 2945 2079 πλειόνων.
3003 2025 3164 2093 Λέγει
3229 2024 3338 2094 γὰρ
3385 2023 3620 2094 Δανιήλ-

2053 2141 2073 2172 ‹
2115 2121 2224 2176 Καὶ
2249 2114 2392 2173 οῦτοι
2420 2118 2751 2190 σωθήσονται
2779 2118 2843 2170 ὲκ
2867 2116 3048 2186 χειρὸς
3082 2114 3266 2179 αὑτοῦ,
3307 2113 3486 2184 Ἐδὼμ
3524 2115 3626 2166 καὶ

2046 2214 2240 2279 Μωὰὸ,
2266 2212 2360 2266 καί
2389 2211 2530 2282 ἀρχὴ
2548 2211 2679 2263 υἰῶν
2721 2207 2962 2281 Ἀμμών.
2989 2227 3006 2258 ι
3045 2206 3268 2279 Ἀμμὼν
3296 2207 3392 2262 καὶ
3420 2206 3624 2270 Μωὰὄ,

2045 2306 2094 2359 οἱ
2127 2307 2191 2358 ἐκ
2217 2303 2323 2357 τῶν
2366 2302 2678 2373 θυγατέρων
2711 2301 2802 2354 τοῦ
2833 2299 2954 2353 Λὼτ
2991 2300 3096 2353 υἱοὶ
3139 2298 3491 2370 γεγενημένοι
3511 2338 3527 2361 ,
3564 2297 3626 2364 ἐξ

2045 2387 2120 2447 ὧν
2151 2393 2210 2446 τὸ
2237 2393 2391 2462 γένος
2413 2393 2514 2455 ἓως
2528 2391 2622 2445 τοῦ
2652 2390 2746 2444 νῦν
2767 2390 3030 2460 διαμένει.
3049 2389 3209 2458 Λέγει
3228 2389 3336 2461 γὰρ
3371 2389 3617 2451 Ἡσαΐας-

2052 2505 2070 2538 t
2110 2486 2219 2538 Καὶ
2247 2485 2677 2554 πετασθήσονται
2712 2485 2770 2536 ὲν
2801 2483 3004 2546 πλοίοις
3036 2481 3345 2550 ἀλλοφύλων
3368 2520 3385 2546 ,
3419 2479 3623 2533 θάλασ-

2046 2594 2144 2631 σαν
2177 2577 2292 2648 ἅμα
2318 2575 2775 2646 προνομεύοντες,
2823 2576 2917 2628 καὶ
2949 2575 3072 2638 τοὺς
3100 2575 3192 2642 ἀφ’
3226 2573 3374 2644 ἡλίου
3422 2574 3620 2627 ἀνατο-

2045 2669 2171 2736 λῶν,
2206 2670 2300 2724 καὶ
2327 2669 2418 2721 ἐπὶ
2450 2668 2622 2722 Μωὰϐ
2655 2667 2869 2740 πρῶτον
2888 2667 2990 2730 τὰς
3025 2670 3212 2738 χεῖρας
3244 2665 3618 2720 ἐπιϐαλοῦσινο

2043 2764 2094 2816 οἱ
2125 2762 2180 2816 δὲ
2212 2762 2316 2816 υἰο¹ι
2359 2759 2585 2831 Ἀμμὼν
2618 2759 2820 2832 πρῶτοι
2851 2759 3265 2812 ὑπακούσονται.
3310 2777 3329 2810 ι

2115 2848 2283 2918 Οὗτος
2338 2850 2431 2908 οῦν
2486 2857 2596 2917 τοῖς
2647 2854 2764 2906 τότε
2811 2855 3020 2923 καιροῖς
3068 2849 3400 2922 ἀναδειχθεὶς
3446 2851 3628 2904 ὑπαν-

2043 2949 2127 3000 τεῖ
2159 2947 2305 3016 (12)’
2355 2946 2447 2999 καὶ
2489 2945 2768 3015 κρατήσας
2813 2944 2870 2995 ἐν
2897 2942 3198 3013 παρατάξει
3241 2943 3474 3012 πολέμου
3509 2943 3623 2996 τῶν

2044 3037 2210 3108 τριῶν
2252 3038 2496 3109 κεράτων
2525 3039 2588 3088 ὲκ
2626 3034 2732 3088 τῶν
2764 3035 2929 3098 δέκα,
2966 3035 3062 3088 καὶ
3110 3033 3412 3106 ὲκριζὼσας
3450 3033 3619 3097 αὑτὰ,

2046 3129 2180 3198 ὅπερ
2212 3128 2356 3180 ἐστὶν
2385 3126 2659 3194 Αἰγύπτου
2684 3166 2699 3190 ,
2742 3126 2837 3179 καί
2880 3126 3093 3180 Λιϐύων
3118 3167 3133 3191 ,
3187 3125 3279 3179 καὶ
3317 3125 3618 3185 Αἰθιόπων,

2045 3217 2223 3272 λαϐὼν
2257 3216 2322 3270 τὰ
2352 3215 2523 3269 σκύλα
2553 3217 2646 3268 καὶ
2674 3215 2742 3269 τὰ
2768 3215 2985 3287 λάφυρα
3005 3256 3020 3281 ,
3056 3215 3435 3284 ὑποταγέντων
3466 3215 3623 3286 αὑτῴ

2045 3310 2139 3364 καί⁵
2169 3308 2275 3362 τῶν
2303 3306 2502 3360 λοιπῶν
2531 3307 2777 3378 κεράτων
2803 3308 2908 3360 τῶν
2936 3307 3448 3378 περιϐλαπτομένων
3470 3348 3486 3369 ,
3517 3309 3624 3380 ἄρ’

2045 3402 2126 3469 ξει
2166 3400 2427 3472 ὑψοῦσθαι
2465 3403 2530 3470 τῇ
2575 3400 2806 3472 καρδία,
2851 3401 2946 3455 καὶ
2983 3400 3299 3474 ἐπαίρεσθαι
3340 3402 3478 3452 κατά
3518 3400 3617 3452 τοῦ

2043 3493 2201 3556 Θεοῦ,
2234 3494 2413 3562 πάσης
2440 3494 2535 3564 τῆς
2567 3494 2892 3564 οἰκουμένης
2922 3491 3172 3564 κρατῶν·
3204 3493 3263 3544 τὸ
3291 3491 3346 3544 δὲ
3385 3492 3620 3564 ὅρμημα

2043 3585 2203 3640 αὑτοῦ
2226 3585 2439 3656 πρῶτον
2466 3584 2614 3638 ἔσται
2649 3585 2741 3636 ἐπὶ
2773 3585 2946 3655 Τύρον
2979 3586 3073 3637 καὶ
3105 3584 3366 3656 Βήρυτον,
3386 3583 3481 3636 καὶ
3515 3584 3618 3653 τὴν

2043 3676 2200 3750 πέριξ
2231 3677 2432 3749 χώραν.
2469 3676 2682 3738 Ταύτας
2712 3675 2819 3745 γάρ
2839 3674 3054 3747 πρῶτον
3085 3674 3184 3738 τάς
3209 3674 3388 3738 πόλεις
3413 3676 3620 3747 ἐκπορ-

2043 3770 2235 3841 θήσας,
2271 3772 2392 3832 ταῖς
2424 3768 2636 3840 ἑτέραις
2662 3768 2824 3838 φόϐον
2847 3769 3190 3839 ὲγγεννήσει,
3226 3769 3405 3833 καθώς
3449 3786 3619 3840 φησιν

2053 3862 2311 3925 Ἡσαΐας·
2344 3879 2363 3914 ι
2391 3860 2735 3931 Λίσχύνθητι,
2763 3858 2957 3924 Σιδὼν,
2992 3856 3146 3912 εἶπεν
3194 3861 3228 3931 ή
3262 3859 3505 3914 θάλασσα
3530 3879 3545 3891 ·
3582 3863 3617 3932 ἡ

2040 3951 2096 4004 δὲ
2132 3953 2281 4023 ἰσχὺς
2306 3951 2407 4020 τῆς
2439 3951 2711 4022 θαλάσσης
2743 3945 2892 4002 εἶπεν
2911 3963 2924 3979 ⁸
2959 3950 3071 4002 Οὑκ
3101 3949 3285 4003 ῶδινον
3310 3987 3325 4014 ,
3360 3949 3468 4003 οὐδ’
3499 3949 3620 4005 ἐτε-

2040 4060 2134 4096 κον
2157 4085 2171 4109 ,
2223 4043 2328 4095 οὐδ’
2359 4041 2619 4114 ἐξέθρεψα
2642 4041 2973 4106 νεανίσκους,
3006 4040 3128 4094 οὑδὲ
3167 4040 3356 4110 ῦψωσα
3403 4041 3615 4112 παρθέ-

2039 4150 2179 4197 νους.
2232 4133 2398 4186 Ὅταν
2429 4132 2485 4185 δὲ
2521 4132 2782 4186 ἀκουστὸν
2817 4130 3317 4202 γένηταιΔίγύπτῳ
3338 4170 3355 4193 ,
3383 4131 3617 4204 λήψεται

2039 4225 2236 4287 αὑτοὺς
2268 4223 2426 4294 ὀδύνη
2458 4224 2587 4295 περὶ
2616 4222 2814 4293 Τύρου.
2857 4241 2875 4274 ι

2109 4317 2327 4370 Τούτων
2347 4315 2518 4378 οὑτως
2548 4315 2839 4386 ἐσομένων,
2873 4313 3142 4386 ἀγαπητὲ,
3179 4313 3273 4367 καί
3303 4313 3412 4366 τῶν
3443 4314 3616 4386 τριῶν

2044 4411 2288 4482 κεράτων
2321 4408 2411 4460 ὑπ’
2440 4406 2605 4462 αὑτοῦ
2635 4408 2995 4471 ὲκκοπέντων,
3023 4406 3161 4478 μετὰ
3186 4405 3357 4460 ταῦτα
3383 4405 3616 4478 ἄρξεται

2043 4501 2119 4564 ὡς
2145 4500 2276 4552 Θεὸν
2307 4500 2497 4552 ἑαυτὸν
2522 4499 2903 4565 ἐπιδεικνύναι,
2927 4500 3004 4564 ὡς
3031 4502 3289 4571 προεῖπεν
3327 4499 3611 4571 Ἰεζεκιήλο

2049 4611 2067 4643 ι
2115 4592 2254 4646 Ἀνθ’
2275 4585 2350 4645 ῶν
2382 4590 2568 4662 ὑψώθη
2594 4594 2627 4662 ἡ
2656 4593 2850 4663 καρδία
2870 4610 2982 4657 σου,
3016 4592 3108 4646 καὶ
3130 4588 3306 4656 εἴπας,
3341 4591 3475 4656 Θεός
3495 4595 3613 4662 εἰμι

2042 4684 2176 4754 ἐγώ.
2216 4683 2368 4738 ιΚαί
2426 4685 2649 4748 Ἡσαΐας
2691 4685 2918 4756 ὁμοίωςο
2969 4703 2988 4736 ι
3024 4687 3095 4739 Σὺ
3125 4684 3182 4738 δὲ
3230 4681 3388 4749 εἶπας
3435 4688 3495 4740 έν
3542 4689 3610 4756 τῇ

2119 4803 2163 4833 ⁸⁸
2198 4800 2304 4856 lsa.
2335 4816 2497 4866 xxnt,
2529 4802 2584 4865 4,
2617 4802 2669 4856 5.
2745 4801 2788 4833 ⁸³
2820 4801 3014 4857 Ezech.
3047 4817 3243 4868 xxvnl,
3266 4799 3319 4855 6.

2039 4919 2444 4990 apoealypticus
2466 4918 2570 4972 666
2594 4918 2718 4972 inde
2733 4933 3022 4987 exsurgere
3043 4927 3254 4988 potest;
3284 4927 3345 4972 ut
3375 4917 3610 4986 proinde

2039 4990 2481 5017 n:nA-nn:mnnrln
2511 4989 2736 5017 ι’..ζοοηηο
2793 4989 3043 5017 'I‘DI'I‘AM
3102 4988 3415 5017 DY‘ANQA“
3499 4991 3522 5017 Δ
3547 4993 3572 5017 Δ

2039 4989 2484 5058 sicexprimenda
2511 4989 2761 5070 fuissent,
2793 4989 3069 5070 TEITAlV,
3101 4989 3450 5070 EI‘ANBAE,
3487 4991 3611 5041 ΛΔ-

2035 5054 2314 5113 ΤΕΙΝΟΣε
2371 5073 2480 5127 quo
2523 5059 2741 5128 quidem
2798 5060 2959 5114 modo
3002 5059 3093 5114 illa
3146 5068 3414 5128 expresmt
3447 5069 3606 5113 vetus

2031 5128 2217 5184 lrenaei
2249 5130 2540 5198 interpres.

2103 5200 2200 5271 (8')
2232 5195 2478 5271 Finibus.
2519 5197 2572 5252 In
2601 5195 2790 5271 (ξι-ποθ
2806 5197 3078 5271 κεράτων·
3104 5198 3249 5253 unde
3281 5199 3491 5254 videtur
3516 5199 3606 5256 ln-

2035 5267 2243 5338 terpres
2275 5269 2470 5337 legisse
2499 5268 2770 5338 περάτων.
2802 5267 2959 5322 Εοιτ.
3001 5267 3242 5324 Ρλτιιοι..

2030 5408 2071 5463 F
2103 5340 2180 5411 (9)
2211 5339 2616 5409 Προέφθημεν.
2647 5339 2723 5392 lta
2756 5339 3038 5408 legendum
3060 5378 3076 5403 .
3123 5354 3221 5410 pro
3255 5338 3604 5412 προέφημεν.

2076 5426 2250 5463 Αιιιιιο.

2076 5426 2250 5465 ABRIC.

2131 5482 2216 5553 lli)
2250 5478 2514 5545 Ποιῆσει.
2543 5477 2814 5553 (ξριηὺοΐη
2836 5478 3078 5553 εποίησε.

2131 5489 2216 5553 ID)
2250 5489 2514 5545 ιιοιῆσει.
2543 5489 2814 5542 nomnen,
2836 5489 3078 5551 ἐποίησε.

2101 5489 2219 5622 ἰΗ)
2259 5553 2524 5622 Ἵσχυσε.
2559 5547 2596 5622 If
2601 5559 2718 5604 orte
2746 5549 2974 5622 ἰσχύσει.
3003 5551 3140 5606 Gun.

2101 5619 2213 5691 (12)
2241 5619 2544 5694 fragrat;
2572 5619 2876 5694 Leggndum
2909 5621 3230 5694 ὑπαντήσει,
3253 5621 3399 5678 unde
3415 5620 3603 5690 sequi-

2031 5688 2140 5759 tur,
2170 5688 2262 5746 καὶ
2294 5691 2465 5762 ἄρξει.
2503 5688 2633 5746 Tan.
2671 5688 2796 5743 Fui.
