3852 6208
190 232 266 287 775
1198 219 1286 274 DE
1324 219 1626 276 CIIRIS'I'O
1667 221 1754 275 ΕΤ
1797 222 2278 278 ANTICHRISTO.

3249 229 3349 285 774

185 337 338 413 καρδίᾳ
358 355 455 391 σοιν
479 335 564 399 Εἰς
590 333 674 388 τὸν
698 330 924 405 οὐρανὸν
956 329 1319 404 ἀναϐήσομαι,
1349 334 1534 388 ὲπὰνω
1563 335 1650 388 τῶε

1773 335 1960 390 dixisti
2003 335 2057 390 in
2107 338 2271 392 corde
2311 345 2442 390 tuo:
2495 334 2797 392 Ascendam
2840 335 2892 391 in
2939 335 3158 402 coelum,
3190 353 3351 409 super

181 434 352 504 ἄστρων
378 428 458 483 τοῦ
487 425 704 499 οὐρανοῦ
739 424 888 493 θήσω
928 424 1020 477 τὸν
1068 423 1254 496 θρόνον
1296 442 1429 496 μου’
1485 426 1674 498 ἔσομαι

182 529 323 595 ὅμοιος
340 522 404 591 τῷ
435 519 675 590 Ὑψίστῳ.
711 519 823 571 Νυν
860 519 916 570 δὲ
950 520 1029 581 εἰς
1056 517 1186 588 ᾅδην
1235 518 1549 592 καταϐήσῃ,
1596 521 1674 582 εἰς

181 616 232 670 τὰ
255 612 434 683 θεμέλια
459 611 550 680 τῆς
568 610 667 680 γῆς
686 650 698 662 .
741 627 760 660 ι
803 608 1072 671 Ὡσαύτως
1095 609 1188 661 καὶ
1209 609 1470 681 Ἰεζεκιήλ
1490 627 1503 640 ο
1526 629 1545 660 ι
1582 610 1674 682 Μὴ

182 709 312 775 λέγων
338 706 463 774 ἐρεῖς
485 705 589 765 τοῖς
612 701 890 773 ἀναιροῦσί
921 719 1002 767 σε,
1032 700 1167 765 Θεός
1187 702 1302 772 εἰμι
1327 700 1470 771 ὲγώ;
1502 703 1573 756 Σὺ
1619 702 1674 755 δὲ

181 799 418 868 ἄνθρωπος,
447 794 534 848 καὶ
565 794 622 846 οὐ
655 794 803 857 Θεός.
842 813 861 846 ι

229 885 541 955 Δεδειγμένων
567 881 657 938 οὖν
675 884 762 938 διὰ
791 883 896 936 τῶν
923 883 1105 955 ῥητῶν
1119 882 1323 936 τούτων
1354 885 1450 955 τῆς
1477 883 1669 954 φυλῆς,

176 980 242 1035 καὶ
273 980 352 1049 τῆς
377 977 672 1043 ἀναδείξεως
696 974 882 1040 αὑτοῦ,
915 975 1009 1029 καὶ
1040 975 1141 1046 τῆς
1169 977 1501 1050 ἀναιρέσεως
1521 1015 1535 1038 ,
1575 974 1670 1028 τοῦ

175 1072 445 1142 τεὸνὸματος
475 1069 743 1140 μυστικῶς
766 1068 1202 1139 σεσημασμένου,
1235 1070 1431 1139 ἴδωμεν
1461 1069 1551 1122 καὶ
1573 1067 1671 1138 τὴν

175 1164 323 1237 πρᾶξιν
349 1162 498 1217 αὑτοῦ
528 1163 658 1234 (15).
687 1162 854 1226 Αὐτὸς
887 1162 994 1233 γὰρ
1028 1161 1451 1234 προσκαλέσεται
1496 1161 1672 1214 πάντα

174 1260 237 1312 τὸν
256 1257 359 1310 λαὸν
389 1255 512 1326 πρὸς
536 1254 724 1307 ἑαυτὸν
773 1255 837 1306 ἐκ
871 1253 1052 1323 πάσης
1085 1253 1265 1325 χώρας
1307 1252 1407 1321 τῆς
1446 1252 1669 1304 διασπο-

175 1353 259 1422 ρᾶς,
286 1346 670 1417 ἰδιοποιούμενος
708 1346 782 1408 ὡς
812 1344 978 1398 τέκνα
1009 1345 1114 1397 ἴδια
1140 1383 1154 1406 ,
1203 1343 1671 1413 ἐπαγγελλόμενος

173 1439 564 1506 ἀποκαταστήσειν
584 1435 684 1506 τὴν
732 1432 914 1505 χώραν
939 1475 954 1500 ,
990 1433 1084 1487 καὶ
1130 1434 1452 1503 ἀναστήσειν
1492 1431 1670 1485 αὐτῶν

170 1527 502 1602 τήνβασιλείαν
529 1527 622 1579 καὶ
647 1527 738 1578 τὸν
770 1527 918 1590 λαὸν,
947 1526 1038 1579 ἵνα
1071 1526 1162 1578 ὑπ’
1192 1524 1370 1577 αὐτῶν
1414 1525 1488 1588 ὡς
1538 1523 1669 1587 Θεὸς

168 1616 464 1688 προσκυνηθῇ.
495 1616 568 1679 ὡς
597 1614 745 1683 λέγει
769 1618 797 1669 ὁ
820 1617 1104 1687 προφήτης
1125 1633 1139 1644 ’
1183 1635 1200 1666 ι
1234 1615 1456 1682 Συνάξει
1487 1617 1666 1669 πᾶσαν

1780 428 1961 483 stellas
1988 427 2108 482 cozli
2141 443 2336 498 ponam
2364 427 2558 483 solium
2592 443 2808 494 meum;
2838 443 2933 483 ero
2960 428 3162 493 similis
3188 427 3354 486 Altis—

1778 521 1935 573 simo.
1962 517 2116 573 Nunc
2141 529 2318 573 autem
2352 518 2406 573 in
2446 518 2718 574 infernum
2767 519 3083 582 descendes,
3129 520 3196 574 ad
3227 518 3354 574 fun-

1773 611 2028 666 damenta
2077 621 2232 666 terrae
2275 613 2342 664 το.
2394 629 2412 662 ι
2468 611 2642 665 Simili
2685 626 2904 680 quoque
2972 614 3184 667 ratione
3221 611 3355 667 Eze-

1775 702 1952 757 chiel:
2017 721 2036 753 ι
2092 700 2344 772 Nunquid
2389 702 2574 757 dicens
2621 703 2858 772 loqueris
2905 703 3355 758 interficientibus

1774 801 1852 846 te:
1887 790 2029 846 Deus
2057 807 2178 845 sum
2211 792 2343 862 ego?
2373 790 2453 844 Tu
2480 807 2607 845 vero
2644 792 2831 858 homo,
2854 800 2907 846 et
2935 808 3040 846 non
3070 793 3212 848 Deus
3235 794 3301 846 '“.
3328 811 3349 845 ι

1842 882 1976 937 LIV.
2014 883 2149 938 Cum
2180 884 2266 939 his
2304 883 2470 950 locis,
2504 884 2822 938 Antichristi
2859 893 2972 938 tum
3013 885 3187 940 tribus
3222 901 3352 955 pro-

1772 976 1896 1030 hata
1941 977 2046 1041 sit,
2096 987 2208 1030 tum
2252 977 2371 1046 ejus
2406 977 2668 1032 cxhibitio
2716 993 2778 1032 ac
2824 977 3106 1044 interitus;
3153 995 3352 1035 nomen

1772 1078 1992 1133 quoque
2022 1063 2252 1118 obscure
2280 1063 2621 1134 designatum
2670 1066 2738 1119 sit
2782 1081 2844 1120 ac
2883 1067 2984 1120 sub
3033 1069 3350 1138 aenigmate;

1770 1155 2050 1209 videamus
2085 1164 2138 1209 et
2160 1156 2289 1225 quid
2320 1165 2541 1211 acturus
2564 1158 2652 1210 sit.
2688 1157 2804 1226 Ipse
2838 1159 2980 1212 enim
3004 1161 3354 1227 congregabit

1771 1244 1835 1298 ad
1869 1260 1928 1300 se
1955 1260 2167 1300 omnem
2193 1247 2450 1315 populum
2479 1262 2542 1301 ex
2577 1249 2723 1302 omni
2752 1250 2970 1319 regione
2995 1267 3099 1321 qua
3119 1253 3351 1322 dispersi

1770 1346 1932 1401 sunt,
1977 1339 2123 1392 velut
2149 1355 2278 1394 suos
2310 1341 2480 1410 ipsius
2513 1342 2652 1396 tilios
2687 1344 2966 1401 asciscens
2992 1348 3354 1419 pr0priosque

1769 1429 2053 1495 adhibens,
2086 1431 2467 1485 restituturum
2497 1448 2554 1488 se
2602 1434 2877 1504 regionem
2925 1439 3220 1507 pollicitus,
3256 1443 3352 1494 're-

1767 1536 2042 1590 gnumque
2083 1522 2306 1576 illorum
2348 1539 2413 1578 ac
2452 1525 2711 1594 populum
2740 1527 3154 1595 suscitaturum,
3194 1539 3254 1584 ut
3281 1530 3352 1584 ab

1769 1612 1848 1666 eis
1895 1624 2154 1684 tanquam
2210 1613 2352 1670 Deus
2385 1615 2674 1683 adoretur,
2727 1618 2869 1674 sicut
2923 1620 2997 1674 ait
3046 1623 3346 1692 propheta:

167 1711 235 1779 τήν
247 1706 476 1778 βασιλείαν
496 1705 659 1758 αὐτοῦ
685 1706 792 1758 ἀπὸ
811 1705 1082 1760 ἀνατολῶν
1103 1705 1254 1775 ἡλίου
1276 1706 1403 1776 ἄχρι
1421 1705 1650 1776 δυσμῶν·

1771 1722 1789 1756 ι
1841 1701 2205 1775 Congregabit
2251 1721 2413 1760 omne
2473 1722 2702 1778 regnum
2755 1725 2915 1764 suum
2959 1725 2991 1765 a
3039 1711 3172 1766 solis
3222 1722 3346 1768 ortu

165 1802 229 1864 οὓς
248 1799 484 1870 κεκλήκοι,
505 1799 597 1851 καὶ
630 1798 725 1862 οὓς
754 1799 813 1851 οὐ
841 1797 1124 1870 κεκλήκοι,
1167 1797 1518 1868 πορεύσονται
1547 1799 1664 1868 μετ’

165 1890 294 1942 αὑτοῦ.
326 1911 341 1941 ι
374 1891 471 1942 Καὶ
517 1890 784 1960 Ἱερεμίας
801 1889 858 1942 δὲ
879 1891 957 1952 είς
987 1889 1148 1942 αὐτὸν
1177 1887 1458 1960 χρώμενος
1489 1906 1666 1961 παρα-

163 1984 271 2055 ϐολῇ,
298 1983 436 2053 φησὶν
466 1982 636 2046 οὕτως
654 1999 668 2013 ·
713 2002 731 2034 ι
769 1982 964 2053 Πέρδιξ
989 1980 1257 2054 ἐφώνησε,
1295 1983 1600 2053 συνήγαγεν
1628 1981 1664 2034 ἃ.

163 2073 231 2125 οὐκ
251 2073 394 2139 ἔτεκε,
410 2072 571 2126 ποιῶν
600 2071 697 2124 τὸν
721 2071 947 2125 πλοῦτον
964 2071 1128 2126 αὑτοῦ
1154 2072 1214 2125 οὐ
1246 2071 1382 2144 μετὰ
1408 2072 1661 2143 κρίσεως·

162 2167 199 2217 ἐν
218 2166 368 2236 ἡμίσει
394 2164 606 2237 ἡμερῶν
628 2164 1046 2234 καταλείψουσιν
1073 2164 1256 2229 αὐτὸν,
1279 2164 1374 2218 καὶ
1406 2164 1559 2220 ἔσται
1579 2165 1662 2218 ἐπ’

161 2258 342 2327 tum;
369 2257 576 2329 ήμερῶν
605 2255 772 2311 αὑτοῦ
802 2257 1010 2328 ἄφρων.
1048 2275 1067 2308 ι

209 2433 264 2485 Οὐ
287 2433 453 2503 βλάψει
474 2429 562 2488 οὖν
594 2434 686 2488 διὰ
708 2433 766 2487 τὸ
787 2434 1167 2506 προκείμενον,
1212 2436 1305 2488 καὶ
1327 2435 1426 2506 τὴν
1466 2436 1663 2508 τέχνην

157 2524 221 2577 τοῦ
233 2523 342 2588 ξώου
355 2525 725 2597 διηγήσασθαι,
750 2527 844 2579 καὶ
857 2527 937 2580 ὅτι
953 2527 1013 2579 οὐ
1033 2527 1205 2599 μάτην
1221 2528 1534 2598 ἀπεφήνατο
1551 2528 1662 2602 (Li)

158 2617 423 2690 ὁπροφήτης
449 2618 508 2672 τὸ
533 2619 720 2690 ῥητὸν,
754 2622 820 2690 τῇ
853 2619 943 2672 τοῦ
968 2619 1107 2684 ζὼου
1135 2620 1416 2692 παραϐολῇ
1446 2621 1663 2692 χρώμε-

275 2711 351 2764 τοῦ
379 2711 478 2783 γὰρ
508 2712 768 2783 πέρδικος
805 2712 1081 2777 κενοδόξου
1123 2711 1264 2777 ζὼου
1301 2713 1657 2785 ὑπάρχοντος,

156 2802 251 2854 ἐπὰν
288 2802 486 2872 πλησίον
533 2805 616 2876 ἴδῃ
664 2805 852 2875 ἐτέρου
889 2804 1142 2876 πέρδικος
1185 2805 1376 2859 καλιὰν
1431 2805 1660 2876 ἔχουσαν

155 2894 358 2957 νεοσσοὺς,
386 2893 723 2957 ἀποπτέιντος
750 2893 844 2947 τοῦ
877 2895 1081 2966 πατρὸς
1109 2896 1287 2949 αὐτῶν
1317 2899 1396 2961 εἰς
1428 2897 1524 2969 τὴν
1573 2915 1659 2952 νο-

1768 1811 1941 1865 usque
1985 1797 2052 1851 ad
2093 1811 2370 1852 occasum.
2418 1796 2566 1864 Quos
2609 1801 2915 1869 vocaverit,
2961 1810 3016 1857 et
3053 1819 3192 1873 quos
3237 1821 3344 1860 non

1765 1888 2086 1953 vocaverit,
2141 1903 2264 1943 cum
2313 1904 2380 1944 eo
2432 1892 2737 1946 venient".
2774 1911 2792 1944 ι
2825 1891 3091 1950 Jeremias
3131 1911 3346 1967 quoque

1765 1976 1847 2030 sic
1877 1977 1942 2030 de
1972 1977 2062 2032 illo
2098 1978 2338 2048 loquitur
2384 1982 2488 2036 sub
2531 1982 2648 2035 avis
2694 1984 3049 2053 metaphora:
3093 2005 3111 2036 ι
3149 1986 3343 2042 Perdix

1765 2068 2044 2123 clamavit:
2075 2077 2426 2141 congregavit
2450 2089 2573 2143 qua:
2608 2089 2714 2128 non
2749 2077 2987 2145 peperit;
3018 2075 3222 2132 faciens
3255 2079 3343 2132 di-

1763 2161 1927 2216 vitias
1960 2176 2088 2216 suas
2117 2177 2226 2215 non
2260 2178 2383 2218 eum
2417 2164 2646 2234 judicio.
2675 2165 2733 2219 In
2760 2168 2987 2221 dimidio
3018 2169 3228 2222 dierum
3257 2170 3346 2224 dc-

1766 2252 2073 2322 relinquent
2118 2269 2277 2322 eum;
2310 2265 2365 2311 et
2399 2256 2503 2310 erit
2546 2258 2600 2311 in
2635 2258 2949 2314 novissimis
2987 2259 3179 2316 diebus
3227 2261 3345 2316 suis

1765 2343 2030 2412 insipiens
2059 2345 2130 2401 ⁷³.
2169 2365 2188 2398 ι

1833 2436 1944 2493 LV.
1984 2437 2127 2494 Nihil
2165 2456 2292 2511 ergo
2331 2442 2544 2508 ofﬁciet,
2568 2445 2850 2514 praesentis
2882 2446 3186 2515 argumenti
3219 2462 3344 2516 gra~

1764 2528 1880 2594 tia,
1933 2532 2230 2601 quominus
2291 2536 2450 2589 etiam
2506 2536 2759 2590 animalis
2831 2546 3003 2591 artem
3053 2545 3341 2607 astumque

1762 2635 2078 2679 enarramus
2105 2665 2118 2689 ,
2161 2640 2224 2679 ac
2249 2627 2629 2692 ostendamus,
2659 2644 2764 2680 non
2796 2626 2996 2682 frustra
3028 2629 3340 2698 prophetam

1763 2711 1878 2768 hate
1906 2715 2143 2770 locutum
2167 2733 2307 2784 esse,
2340 2720 2457 2787 ejus
2488 2720 2738 2774 animalis
2765 2737 2924 2774 usum
2963 2722 3339 2779 similitudine.

1762 2803 1898 2859 Nam
1933 2823 2055 2862 cum
2099 2810 2284 2878 perdix
2330 2811 2622 2880 superbum
2666 2811 2868 2866 animal
2914 2813 3016 2874 sit,
3050 2813 3139 2868 ubi
3172 2829 3340 2885 prope

1762 2897 1988 2954 alterius
2029 2901 2262 2969 perdicis
2309 2901 2496 2954 nidum
2537 2901 2590 2956 in
2634 2918 2744 2972 quo
2786 2903 2896 2956 sint
2938 2903 3093 2973 pulli,
3121 2905 3336 2970 viderit,

158 2983 245 3051 μὴν,
274 2983 578 3054 μιμούμενος
607 2985 709 3053 τὴν
741 2983 832 3037 τοῦ
876 2985 1153 3055 ἀλλοτρίου
1192 2987 1372 3058 φωνὴν
1412 3005 1650 3059 προσκα-

1759 3005 1992 3059 quorum
2037 3006 2232 3060 parens
2268 2992 2331 3045 ad
2381 3005 2590 3059 pastum
2637 2994 2900 3059 avolarit,
2947 2996 3142 3051 aemula
3175 2996 3336 3051 alieni

152 3071 273 3126 lein:
290 3076 406 3146 πρὸς
432 3076 618 3129 ἑαυτὸν
655 3079 781 3139 τοὺς
817 3077 1093 3140 νεοσσούς·
1139 3079 1185 3130 οἱ
1233 3078 1290 3131 δὲ
1328 3081 1648 3150 νομίσαντες

1754 3095 1907 3148 voce,
1939 3083 2006 3137 ad
2051 3098 2109 3137 se
2154 3084 2332 3154 pullos
2367 3095 2558 3137 vocat:
2606 3086 2736 3155 pulli
2781 3101 2910 3140 vero
2950 3103 3110 3142 suum
3163 3089 3337 3159 ipsam

223 3193 362 3273 ’°ls_a.
385 3211 488 3262 xiv,
520 3196 716 3253 15-15.
791 3195 834 3225 “
871 3195 1068 3252 Ezech.
1100 3199 1302 3264 xxvm',
1349 3198 1402 3254 9.
1478 3199 1524 3231 "'
1569 3197 1745 3253 Etiam
1783 3199 2040 3269 superius
2062 3215 2182 3270 cap.
2217 3199 2304 3268 15,
2330 3201 2446 3257 haec
2469 3201 2632 3257 citata
2663 3211 2721 3257 ut
2752 3203 3087 3273 prophetica.
3153 3205 3198 3236 ⁷³
3224 3204 3335 3262 Jer.

155 3277 251 3327 χιιι,
281 3265 352 3318 lI.

199 3356 418 3428 (15)Τὴν
445 3359 692 3433 *πρᾶξιν
734 3359 940 3433 animi}.
994 3359 1049 3413 In
1105 3361 1395 3430 partitione
1439 3365 1640 3433 operis,

152 3438 268 3493 supra
307 3443 410 3499 cap.
443 3430 494 3497 5,
523 3430 710 3502 posuit
735 3429 1057 3502 Hippolytus
1089 3429 1148 3484 se
1177 3433 1366 3502 quinto
1392 3429 1510 3488 loco
1559 3429 1644 3490 di?

149 3506 448 3586 cturumfsse
479 3501 608 3573 περὶ
638 3499 986 3586 ,πλάνης-τοῦ
1019 3499 1420 3586 .Ἀντι)ζρίστου;
1463 3506 1646 3586 Itaque

152 3580 221 3642 pro
245 3571 429 3638 πρᾶξιν,
457 3571 690 3626 emenda
725 3571 952 3642 fidenter
982 3571 1079 3642 τὴν
1113 3571 1320 3642 πλάνην
1361 3571 1647 3629 αὑτοῦλζῑ

149 3636 221 3715 hoc
242 3636 293 3690 ex
319 3642 585 3715 tota‘iserie
620 3641 841 3712 probari
875 3636 1229 3715 potesi.__Cap.
1266 3636 1514 3715 55vocat
1546 3646 1644 3715 τήν

148 3706 388 3781 τέχνήνῂτοῦ
413 3709 545 3775 ζὼου
564 3751 580 3775 ,
611 3706 669 3766 ét
691 3727 839 3777 mox,
858 3706 1278 3781 ιὶαταλείψαντες
1307 3713 1397 3765 τὸν
1425 3706 1640 3766 πλάνον.

148 3772 522 3852 [οξέ-Νοιιόει
567 3772 758 3836 tamen
813 3772 1119 3837 necessaria
1173 3772 1289 3837 hinc
1339 3783 1644 3852 Tanaquilli

147 3842 262 3924 Fabri
290 3852 617 3924 emendatio:
660 3852 786 3924 quia
812 3851 1051 3924 πρᾶξις,
1073 3862 1149 3924 fut
1195 3869 1299 3907 vox
1334 3842 1600 3924 generalis
1625 3896 1640 3921 ,

145 3917 261 3992 etiarn
283 3920 468 3991 πλάνην
495 3917 820 3976 Antichristi
851 3917 1028 3992 potest
1054 3917 1586 3978 dertotarememc.

145 4054 153 4064 .
194 3989 280 4064 (li)
317 3989 690 4060 Ὰπέρήνατο.
724 3992 815 4064 Sic
840 3989 1122 4047 emendavi
1144 4008 1209 4047 ex
1231 3994 1430 4048 Catena
1457 3993 1645 4052 Grzeca

144 4055 182 4134 iu
204 4055 366 4115 Ierem.
392 4055 511 4117 cuni
537 4071 686 4134 esset
719 4063 1071 4134 ἁπεκρίνατο,
1104 4078 1168 4116 ac
1197 4065 1404 4132 reliqua
1428 4064 1500 4118 ita
1521 4081 1642 4119 mu-

145 4132 208 4179 uia
232 4141 404 4202 essen_t,
438 4143 495 4187 ut
515 4133 603 4186 vix
631 4132 773 4187 ullus
799 4132 969 4187 ex'eis
997 4147 1272 4202 congruus
1304 4149 1499 4190 sensus
1522 4136 1643 4192 elici

145 4209 296 4271 posset.
343 4199 447 4256 Erit
478 4213 531 4256 et
576 4203 683 4257 hoc
725 4211 1080 4271 argumento,
1107 4199 1238 4258 esse
1278 4203 1419 4258 hanc
1453 4221 1639 4262 veram

146 4265 844 4345 Hippolytilucubrationeni',
887 4289 994 4327 non
1028 4265 1192 4343 quam
1241 4277 1485 4344 spuriam
1521 4278 1639 4345 ejus

143 4341 307 4413 nemine
332 4341 482 4398 Picus
527 4343 807 4413 vulgavit,
843 4345 896 4397 in
938 4341 1224 4413 qua—nulla
1261 4341 1376 4400 haec
1405 4341 1638 4402 exstant.

1750 3374 1856 3431 que
1885 3372 2010 3431 _non
2045 3371 2176 3431 suos
2224 3355 2424 3410 frustra
2465 3357 2727 3431 vocitent,
2761 3373 2885 3412 cum
2939 3358 3016 3412 illi
3051 3374 3117 3413 ex
3153 3359 3337 3416 indole

1753 3428 1901 3501 quod
1927 3428 2068 3501 nacti
2091 3436 2386 3501 sunt,_mox
2411 3429 2521 3481 nati
2548 3429 2797 3495 actitent;
2824 3439 2951 3501 puta
2970 3441 3156 3484 anates
3178 3434 3337 3501 aquis

1754 3497 1964 3571 inhiant
2025 3497 2200 3567 iisque
2235 3498 2522 3571 innatant,
2556 3510 2736 3571 spreta
2769 3500 2984 3571 gallina:
3011 3515 3142 3571 voce
3165 3541 3182 3568 ,
3212 3497 3336 3571 qua:

1752 3585 1852 3624 nec
1878 3570 1956 3621 sic
1991 3575 2049 3620 ut
2071 3583 2221 3631 suos,
2251 3568 2457 3623 alienos
2493 3569 2632 3623 fetus
2666 3568 2847 3624 fovere
2874 3570 3104 3636 desinit;
3151 3568 3335 3628 tantus

1751 3640 1900 3693 illius
1926 3652 1999 3708 ex,
2023 3637 2210 3708 innato
2239 3639 2410 3705 prolis
2433 3653 2619 3708 amore
2651 3648 2862 3708 stupor.
2898 3637 3008 3694 Nec
3047 3642 3207 3696 aliter
3248 3644 3330 3696 vi-

1751 3711 1942 3764 deatur
1972 3707 2038 3760 de
2070 3707 2157 3760 illa
2189 3722 2309 3779 ave,
2346 3723 2510 3777 quam
2551 3707 2816 3764 Jeremi’as
2869 3713 3118 3779 exemplo
3167 3727 3328 3767 usur-

1749 3780 1930 3851 pavit;
1967 3791 2056 3851 ac.
2083 3778 2345 3846 parabola
2399 3779 2534 3833 scite
2587 3795 2782 3834 avaros
2836 3778 3204 3848 reprehendit,
3233 3783 3329 3851 qui

1752 3846 2098 3922 sinejudieio
2125 3851 2505 3922 opcsnoneis
2547 3846 2937 3922 permansuras
2978 3846 3327 3922 congregant,

1750 3932 1892 3988 siepe
1924 3917 2086 3972 etiam
2124 3917 2176 3970 in
2225 3920 2332 3973 vita
2363 3918 2750 3983 dimittendas,
2801 3923 2997 3973 nedum
3045 3917 3328 3976 cum'vita

1743 3998 1919 4044 morte
1965 3988 2046 4041 eis
2095 3989 2486 4044 commutanda
2522 3989 2644 4043 erit.
2675 3989 2847 4043 Grotii
2882 3990 3158 4058 expositio
3185 4031 3201 4056 ,
3250 3994 3326 4045 di-

1741 4068 1892 4114 ctum
1955 4058 2059 4112 hoc
2107 4074 2137 4112 a
2194 4061 2661 4133 prepheta,quod
2697 4062 3125 4133 perdicuonva
3183 4076 3326 4133 saepe

1741 4133 2111 4184 suhventanea
2169 4140 2318 4197 sunt,
2370 4140 2427 4185 ut
2473 4129 2664 4197 Arist.,
2696 4129 2734 4186 I.
2769 4147 2843 4194 vt,
2877 4147 2928 4186 e.
2987 4129 3044 4195 2,
3103 4129 3325 4187 tradidit

1739 4202 1970 4270 aliique,
2023 4199 2155 4252 nihil
2188 4202 2257 4254 ad
2287 4217 2398 4254 rem
2432 4211 2526 4256 aut
2553 4217 2620 4256 ex
2658 4210 2839 4256 mente
2879 4203 3192 4270 prophetam
3225 4218 3326 4258 nec

1737 4272 1857 4338 ejus
1879 4271 2216 4338 comparatio
2258 4271 2361 4326 hoc
2389 4274 2543 4340 petit,
2565 4273 2820 4342 sedquod
2848 4272 2964 4325 avis
2982 4273 3061 4326 sic
3091 4271 3321 4336 frustra,

1753 4344 2014 4410 nulloque
2067 4357 2167 4412 sino
2205 4343 2523 4406 commodo,
2573 4342 2803 4406 alienos,
2833 4357 2931 4412 pro
2976 4343 3112 4406 suis,
3143 4343 3323 4411 pullos

143 4407 561 4494 fitirsensumjero
592 4407 862 4486 Hippolyti
899 4407 1118 4494 (divinet
1145 4416 1378 4494 aliorum
1405 4418 1640 4494 plurium

1756 4407 2020 4494 exelndat.
2053 4409 2376 4494 nﬁigyptiu‘m
2412 4423 2527 4494 ζει-φ
2561 4422 2719 4494 voc-at.
2746 4407 3072 4494 innlferesith
3098 4407 3282 4494 Bebba
3303 4455 3319 4477 ,

142 4476 386 4552 Graecorum
408 4476 969 4556 Patrum,'neciion'et
995 4485 1339 4556 llieronymi)
1370 4476 1639 4554 pertlieem

144 4560 199 4600 sic
224 4566 389 4608 vocare
415 4557 495 4610 vel
518 4554 810 4610 excludere
840 4556 1047 4611 alienos
1081 4554 1280 4624 pullos,
1306 4560 1398 4626 qui
1446 4559 1642 4614 deinde

143 4630 278 4696 verum
301 4636 562 4690 parentem
597 4634 898 4696 agnoscant
937 4634 991 4680 et
1027 4626 1259 4680 alienum
1296 4629 1636 4696 relinquant;

139 4686 319 4765 alienun}
351 4711 378 4748 a
411 4706 604 4750 natura
633 4686 800 4764 hujus
834 4696 1107 4760 animalis,
1137 4697 1278 4750 docti
1305 4686 1640 4754 recentiores

139 4762 597 4838 animadverterunt,
628 4762 770 4836 quod
807 4767 966 4820 nobis
1006 4767 1224 4836 proprie
1258 4783 1470 4838 usuque
1521 4769 1640 4822 vul-

136 4837 227 4891 εειιο
251 4835 414 4906 perdix
442 4847 558 4890 est:
620 4840 833 4906 aliaque
881 4835 1021 4891 sunt
1055 4835 1164 4892 veri
1216 4835 1452 4906 perdicis
1507 4839 1639 4893 vitia

136 4904 390 4978 apetoribus
437 4908 610 4978 sacris
662 4904 1012 4978 profanisque
1053 4904 1376 4978 notati—uin
1437 4910 1638 4977 quibus

138 4960 340 5050 Qrigenes
374 4960 688 5050 adderem:
724 4960 1004 5032 laudatdi
1032 4960 1236 5039 loc—um,
1265 4960 1330 5050 τὸ
1367 4960 1636 5050 adding;

138 5048 283 5092 στατον
311 5047 394 5099 καὶ
425 5047 484 5118 τὸ
512 5046 816 5118 ἀκάθαρτον
847 5058 1133 5114 numerat,
1165 5049 1310 5118 quod
1353 5046 1639 5104 callidissi-

136 5118 248 5189 Ψυπι
271 5117 491 5172 cavendo
518 5118 680 5189 pull;s
709 5119 932 5179 animal,
955 5127 1008 5172 et
1037 5117 1634 5189 quod’salacissimum,

136 5183 179 5260 [ﬂ
198 5192 248 5260 tie.
271 5197 434 5241 mares
459 5183 714 5260 aliialios
739 5189 944 5260 ineant,
973 5183 1076 5244 etc'.
1119 5190 1280 5245 Aliud
1317 5192 1636 5260 genusavis

133 5247 276 5306 multis
297 5260 520 5311 ostendit
539 5257 840 5314 Bochartus
861 5247 942 5312 De
959 5259 1280 5313 animalibus
1300 5247 1468 5314 sacrm
1486 5259 1636 5314 Scri-

131 5325 264 5401 ξικφ
288 5363 308 5401 ,_
332 5333 475 5382 tomo
506 5331 552 5390 I,
585 5331 818 5401 oblongo
847 5339 1057 5395 rostro,
1087 5330 1264 5401 qualis
1302 5331 1414 5384 fere
1448 5340 1634 5387 nostra

131 5395 360 5472 ﬁsticula,
397 5401 677 5472 nee_nobis
705 5395 841 5454 satis
877 5395 1285 5472 notumfcujus
1314 5415 1377 5455 ea
1405 5402 1630 5463 indoles,

131 5465 172 5539 fit
201 5463 351 5520 aliena
374 5482 471 5539 ova
500 5468 674 5525 foveat
698 5479 751 5524 et
771 5471 1046 5535 excludat,
1071 5463 1372 5539 habeatque
1395 5486 1457 5525 ac
1477 5481 1634 5525 vocet

131 5533 173 5611 [1}
197 5545 333 5609 suos,
373 5537 578 5611 alienos
600 5542 794 5611 pullos,
825 5543 919 5611 qui
965 5533 1330 5596 et'deseran't.
1372 5540 1629 5594 Familia-

129 5606 355 5682 tlssimum
385 5609 521 5682 istud
557 5606 1209 5682 in‘gallinis'domesticis;
1237 5628 1358 5678 quae
1383 5621 1628 5676 anatum,

128 5677 354 5743 anserum,
390 5681 600 5751 aliaque
623 5677 721 5738 ova
752 5681 970 5738 foveant
1001 5692 1055 5738 et
1087 5677 1395 5746 excludant,
1420 5683 1628 5750 pullos-

1748 4481 1814 4554 It.
1839 4481 2272 4554 .Iosue,_Canin:e
2303 4485 2466 4554 filius,
2491 4481 2592 4537 'ncc
2620 4483 2777 4536 aliter
2805 4483 3316 4554 Chrysostomus‘in

1745 4553 1970 4623 Catena,
2019 4552 2292 4605 Perdicem
2345 4553 2688 4622 Egyptians,
2744 4556 2889 4622 quod
2923 4552 3210 4623 praecipue
3263 4556 3316 4609 in

1743 4622 1979 4693 [Egypto
2011 4624 2080 4676 sit
2102 4625 2153 4676 id
2183 4639 2355 4692 genus
2384 4640 2521 4677 avis.
2546 4623 2859 4678 Montanazn
2890 4639 3033 4689 esse,
3061 4622 3161 4679 nec
3183 4625 3316 4679 tanti

1741 4698 1937 4762 pretii,
1987 4703 2043 4746 ut
2089 4693 2142 4746 in
2179 4695 2267 4746 illa
2303 4703 2534 4764 venator
2569 4695 2766 4748 debeat
2811 4710 3030 4764 operam
3064 4696 3312 4764 perdere.

1742 4765 1981 4834 indicat,
2027 4765 2171 4833 quod
2208 4778 2266 4817 se
2303 4763 2376 4818 illi
2404 4764 2569 4819 David
2596 4763 2911 4834 comparat,
2952 4763 3317 4834 persequente

1742 4833 1910 4908 Saule
1955 4834 2095 4908 inter
2129 4843 2408 4908 montana.
2464 4834 2598 4890 Illud
2651 4833 2986 4908 ἐφῴνησε,ςς
3022 4833 3256 4908 vocavit,
3289 4856 3308 4888 ι

1739 4920 1863 4960 cum
1901 4906 1954 4958 in
1980 4903 2216 4958 IIebrzeis
2250 4920 2356 4958 non
2386 4915 2589 4968 exstet,
2615 4903 2857 4961 additum
2891 4905 3102 4959 videtur
3145 4920 3176 4958 a
3211 4905 3311 4960 Se-

1739 4977 2020 5048 ptuaginta
2047 4992 2060 5041 ;
2087 4989 2194 5041 qua
2229 4990 2398 5036 voce,
2433 4985 2487 5029 et
2517 4977 2662 5045 quod
2702 4978 2971 5048 συνήγαγε
3019 4977 3318 5048 transtule-

1739 5045 1895 5109 runt,
1919 5047 1981 5118 τὸ
2031 5055 2168 5106 ﬁni
2202 5050 2565 5118 congregavit
2587 5066 2605 5097 ι
2629 5045 3316 5118 (ιιυοιιίίῐιειίυεηίειοιις-

1738 5131 1862 5187 mus
1895 5117 2117 5187 aliique,
2149 5135 2166 5166 ι
2195 5115 2349 5181 fovit,
2391 5121 2438 5186 ι)
2482 5115 2755 5171 ὶιιειῐιιέιιιὶ
2788 5117 3043 5172 fabellam
3077 5115 3314 5172 habuere

1737 5185 1910 5242 Graeci
1943 5185 2285 5256 interpretes,
2323 5188 2389 5240 ad
2407 5185 2572 5258 quam
2603 5188 2739 5241 nihil
2765 5203 2919 5242 sacer
2936 5195 3117 5241 textus
3139 5189 3305 5256 cogit:

1736 5259 1853 5326 qui,
1890 5258 1970 5312 vel
2001 5259 2046 5312 si
2083 5273 2184 5312 vox
2219 5258 2308 5328 illa
2339 5258 2603 5312 Ilebraica
2645 5267 2788 5312 esset
2843 5275 2864 5308 ι
2895 5271 3247 5328 congregare,
3284 5277 3304 5311 ι

1736 5337 1797 5382 ιιι
1827 5329 1992 5383 sentit
2030 5328 2196 5382 David
2243 5327 2482 5394 Kimchi,
2507 5329 2666 5382 aliter
2699 5327 3306 5398 intelligendus’esset,

1734 5413 1899 5466 quam
1925 5408 1983 5452 ut
2002 5400 2130 5452 velit
2147 5413 2341 5453 vocare
2373 5407 2430 5454 et
2457 5413 2807 5468 congregare,
2833 5414 2972 5467 quos
2997 5412 3064 5452 ex
3111 5399 3308 5455 alienis

1734 5470 1878 5540 ovis,
1899 5477 1970 5540 ut,
1987 5484 2118 5523 suos
2145 5470 2503 5535 exclusisset;
2533 5467 2680 5540 velut
2700 5467 2812 5523 fere
2837 5477 3031 5540 prater
3057 5469 3308 5540 gallinas,

1732 5539 1936 5606 quibus
1963 5539 2062 5606 ipsi
2100 5540 2277 5593 aliena
2296 5554 2397 5594 ova
2421 5539 2802 5608 supponimus,
2833 5548 2962 5594 sunt
2991 5539 3094 5594 illa:
3115 5555 3309 5595 omnes

1735 5623 1860 5690 aves
1884 5609 2129 5735 ,Cquibus
2164 5609 2391 5666 cuculus
2413 5624 2512 5665 sua
2543 5609 2834 5678 supponit,
2873 5611 3052 5667 exesis
3087 5611 3305 5668 illarqu

1735 5692 1872 5735 ovis.
1945 5695 2142 5735 οιιιιειν.

1735 5692 1872 5735 ονιδ.
1901 5692 2117 5736 υοιιιιειθ
2129 5720 2142 5735 .
