3860 6200
240 315 335 368 7n

1312 314 1397 369 DE
1436 311 1733 369 CHRISTO
1772 311 1859 369 ET
1904 308 2384 368 ANTICHRISTO.

3356 319 3457 374 773

252 428 457 499 κόσμου
485 429 738 500 Σωτῆρα,
772 429 1109 502 συναίρεσθαι
1140 430 1195 485 δὲ
1224 433 1287 502 τῇ
1331 427 1525 504 πλάνῃ,
1557 432 1788 499 ἐπίγειον

1898 446 1960 486 ac
1990 430 2269 501 abjiceret,
2294 429 2466 486 errori
2494 446 2621 487 vero
2653 432 3001 500 consentiret,
3036 444 3308 490 terrenum
3335 438 3461 492 dili-

242 520 457 593 βασιλέα
482 522 836 592 αἱρούμενος,
872 522 963 576 τὸν
997 521 1051 575 δὲ
1086 523 1400 595 ἐπουράνιον
1431 524 1663 588 ἀθετεῖν,
1698 540 1788 592 φη·

1906 538 2036 593 gens
2056 538 2265 593 regem,
2307 539 2371 580 ac
2415 524 2687 579 caelestem
2729 540 3024 595 spernens:
3057 546 3075 579 ι
3106 526 3297 582 Nonne
3329 531 3461 591 haec,

242 614 357 666 σένο
412 631 430 663 ι
469 613 584 665 Οὐκ
620 612 724 665 ἰδοὺ
776 612 945 665 ταῦτα
997 613 1253 684 συνῆκται
1303 614 1432 686 παρ’
1486 614 1619 686 ἐμοῦ
1649 654 1664 678 ,
1700 616 1800 669 καὶ

244 704 591 775 ἐσφράγισται
622 705 677 756 ὲν
708 706 817 767 τοῖς
847 702 1132 776 θησαυροῖς
1169 723 1303 776 μους
1349 706 1406 760 ἐν
1432 708 1612 778 ἡμέρα
1649 707 1792 759 ἐκδι-

1906 611 2098 682 inquit,
2130 614 2343 667 condita
2374 623 2501 669 sunt
2532 615 2670 683 apud
2695 628 2801 679 me,
2837 622 2893 667 et
2923 614 3130 684 signata
3166 614 3222 668 in
3246 616 3462 669 thesau-

1902 704 1978 757 ris
2009 704 2185 759 meis?
2211 703 2269 758 ln
2304 704 2391 758 die
2432 704 2653 758 ultionis
2680 705 2998 771 retribuam,
3024 714 3079 760 et
3106 706 3157 760 in
3200 715 3461 777 tempore,

246 797 446 864 κήςεως
482 795 856 861 ἀνταποδώσω,
895 798 991 851 καὶ
1034 799 1090 852 ἐν
1123 795 1330 868 καιρῷ,
1373 797 1501 851 ὅταν
1552 799 1727 869 σφαλῇ
1771 801 1788 852 ἐ

1901 811 2023 851 cum
2055 796 2265 850 labetur
2291 812 2384 866 pes
2413 812 2598 851 eorum
2624 797 2689 848 7‘.
2724 815 2741 847 ι
2778 794 2879 851 Per
2902 797 3085 851 omnia
3112 798 3292 868 itaque
3324 799 3459 869 lapsi

246 883 368 948 ποῦς
397 885 596 939 αὐτῶν.
622 904 640 939 ι
689 886 1024 957 Ἐσφάλησαν
1048 883 1139 941 οὖν
1176 887 1314 940 κατά
1353 887 1547 951 πάντα,
1584 888 1641 941 ἐν
1688 906 1792 958 μη-

241 973 344 1025 δενὶ
384 973 665 1045 σύμφωνοι
696 980 761 1047 τῇ
794 977 1018 1049 ἀληθεία
1045 977 1411 1049 εὑρισκόμενοι
1432 996 1445 1008 ο
1482 980 1619 1051 μ,ἣτε
1656 979 1796 1034 κατὰ

238 1065 321 1119 τὸν
352 1066 537 1136 νόμον,
574 1067 663 1121 διά
694 1069 754 1121 τὸ
790 1069 1109 1140 παραϐάτας
1143 1070 1336 1133 αὐτοὺς
1370 1070 1480 1141 (i7)
1506 1070 1756 1139 γενέσθαι
1777 1090 1791 1104 ο

237 1160 366 1227 μήτε
392 1159 538 1212 κατά
583 1161 706 1223 τοὺς
736 1163 1048 1233 προφήτας,
1086 1160 1173 1215 διὰ
1202 1162 1263 1215 τὸ
1303 1162 1396 1215 καὶ
1430 1162 1626 1226 αὐτοὺς
1667 1163 1794 1228 τοὺς

230 1250 511 1320 προφήτας
542 1250 897 1323 ἀνῃρηκέναιο
943 1253 1077 1323 μήτε
1116 1254 1255 1306 κατά
1285 1252 1383 1324 τὴν
1413 1255 1520 1307 τῶν
1565 1254 1796 1323 εὐαγγε-

224 1336 355 1390 λίων
380 1340 584 1410 φωνὴν,
619 1340 705 1394 διά
739 1339 798 1392 τὸ
830 1342 921 1395 καὶ
958 1341 1116 1394 αὐτὸν
1155 1342 1247 1395 τὸν
1282 1341 1512 1413 Σωτῆρα
1545 1359 1793 1415 σταυρω-

227 1426 386 1497 θῆναι
406 1444 421 1457 ο
466 1430 600 1499 μήτε
642 1433 754 1493 τοῖς
780 1430 1090 1495 ἀποστόλοις
1125 1430 1452 1502 πειθόμενοι,
1488 1429 1577 1485 διὰ
1607 1432 1668 1483 τὸ
1701 1432 1794 1484 καὶ

225 1520 423 1581 αὐτοὺς
453 1520 803 1592 ὲκδιωχθῆναι
824 1539 837 1553 ·
864 1522 1090 1576 πάντοτε
1119 1522 1390 1576 ἐπίϐουλοι
1413 1524 1507 1578 καὶ
1534 1523 1788 1594 προδόται

222 1612 325 1678 τῆς
377 1612 637 1683 ἀληθείας
665 1613 966 1685 γενόμενοι,
1007 1614 1242 1686 μισόθεοι
1286 1614 1379 1668 καὶ
1429 1616 1503 1687 μὴ
1551 1614 1786 1685 φιλόθεοι

222 1703 624 1773 εὑρισκόμενοι,
652 1706 743 1758 καλ⁵
768 1706 817 1758 οἱ
840 1706 959 1759 τότε
982 1706 1263 1778 λαϐόμενοι
1301 1707 1488 1778 καιρόν
1505 1723 1521 1737 °
1548 1707 1789 1761 ἐκδικίαν

1899 898 2027 942 sunt
2052 897 2105 942 et
2136 896 2476 954 erraverunt,
2502 888 2595 957 qui
2639 888 2692 941 in
2735 889 2885 943 nullo
2919 890 3133 944 veritati
3164 892 3464 945 concordes

1896 980 2254 1037 exstiterunt:
2284 996 2383 1036 nec
2406 982 2458 1035 in
2482 981 2617 1051 lege,
2642 982 2787 1051 quod
2811 997 2929 1036 eam
2958 984 3279 1053 transgressi
3304 995 3459 1052 sunt;

1896 1086 1996 1126 nec
2021 1071 2075 1127 in
2106 1070 2413 1141 prophetis,
2460 1070 2606 1139 quod
2647 1070 2935 1139 prophetas
2981 1085 3199 1140 quoque
3244 1072 3463 1126 occide-

1896 1170 2049 1227 runt;
2074 1175 2172 1215 nec
2194 1161 2246 1213 in
2268 1158 2678 1230 Evangeliorum
2701 1175 2853 1224 voce,
2870 1161 3013 1230 quod
3045 1168 3098 1216 et
3126 1161 3458 1217 Salvatorern

1892 1252 2071 1321 ipsum
2100 1250 2523 1318 crucifixerunt;
2551 1266 2650 1305 nec
2683 1252 2944 1320 apostolis
2974 1252 3274 1319 credentes,
3315 1255 3459 1323 quod

1890 1351 1943 1397 et
1974 1344 2095 1399 illos
2129 1346 2399 1414 persecuti
2433 1353 2588 1407 sunt;
2624 1344 2822 1413 ubique
2860 1345 3069 1399 veritati
3106 1345 3334 1401 insidias
3366 1362 3462 1400 ne-

1890 1443 2095 1491 ctentes
2139 1435 2365 1504 ejusque
2406 1436 2733 1505 proditores,
2774 1434 2866 1489 Dei
2903 1437 3074 1505 magis
3111 1436 3236 1491 odio
3286 1437 3455 1502 ducti,

1888 1542 2054 1598 quam
2081 1528 2200 1598 ejus
2230 1527 2340 1583 ullo
2362 1542 2548 1582 amore
2586 1527 2798 1593 devoti;
2834 1528 2925 1597 qui
2964 1538 3017 1583 et
3046 1529 3148 1597 ipsi
3191 1538 3319 1583 tunc
3364 1529 3458 1583 ubi

1891 1627 2053 1674 erunt
2099 1619 2243 1673 nacti
2292 1619 2668 1683 occasionem,
2716 1619 2997 1673 mortalem
3044 1621 3319 1674 hominem
3368 1622 3455 1675 sui

1888 1712 2118 1766 ultorem
2148 1710 2264 1766 fore
2300 1712 2592 1780 rogabunt,
2627 1711 2886 1767 adversus
2905 1712 3000 1766 Dei
3032 1726 3218 1767 servos
3256 1713 3455 1769 animis

220 1795 329 1864 γάρ
379 1795 535 1865 παρά
580 1795 860 1867 ἀνθρώπου
893 1797 1084 1868 θνητοῦ
1128 1802 1307 1869 τυχεῖν
1349 1799 1597 1869 εὔχονται
1644 1798 1785 1853 κατά

1891 1802 2113 1858 incitati.
2144 1800 2350 1867 Quibus
2383 1802 2473 1858 ille
2506 1799 2648 1858 fastu
2678 1810 2917 1869 tumens,
2944 1803 3155 1857 libellos
3180 1803 3233 1857 in
3265 1818 3455 1859 omnes

219 1887 327 1939 τῶν
372 1887 578 1940 δούλων
618 1888 710 1941 τοῦ
753 1888 887 1942 Θεοῦ
936 1890 1291 1961 ἐγειρόμενοι.
1345 1892 1441 1955 Ὃς
1496 1890 1786 1960 φυσιωθεὶς

222 1982 315 2033 ὑπ’
362 1980 551 2034 αὐτῶν
594 1981 701 2051 (18)
748 1982 969 2052 ἄρχεται
1013 1982 1225 2053 βίϐλους
1272 1982 1412 2036 κατὰ
1458 1982 1567 2036 τῶν
1619 1984 1787 2053 ἁγίων

221 2073 536 2142 ἐκπέμπειν
578 2075 701 2136 τοὺς
731 2074 933 2137 πάντας
973 2073 1244 2145 πανταχοῦ
1274 2074 1630 2145 ἀναιρεῖσθαι,
1664 2076 1789 2141 τοὺς

224 2164 296 2233 μὴ
332 2163 590 2226 θέλοντας
615 2163 771 2217 αὑτὸν
805 2164 1048 2230 σεϐάζειν
1068 2166 1161 2218 καὶ
1186 2169 1507 2237 προσκυνεῖν
1529 2167 1605 2229 ὡς
1635 2166 1785 2231 Θεὸν,

216 2254 403 2317 καθώς
436 2272 603 2324 φησιν
639 2255 893 2320 Ἡσαΐας·
926 2275 944 2308 ι
975 2258 1110 2311 Οὐαὶ
1138 2258 1241 2327 γῆς
1274 2258 1471 2312 πλοίων
1500 2259 1786 2330 πτέρυγες,

217 2345 746 2417 ἐπέκειναοποταμῶν
758 2346 1055 2412 Αἰθιοπίας*
1072 2350 1100 2400 ὁ
1118 2349 1455 2403 ἀποστέλλων
1474 2351 1532 2404 ἐν
1548 2350 1790 2424 θαλάσσῃ

215 2437 423 2509 ὅμηρα,
468 2438 566 2491 καὶ
587 2439 865 2503 ἐπιστολάς
900 2438 1139 2510 βιϐλίνας
1178 2440 1385 2511 (ἐπάνω
1424 2442 1517 2495 τοῦ
1561 2441 1749 2506 ὓδατος
1772 2460 1784 2472 ·

217 2530 581 2601 πορεύσονται
626 2531 732 2605 γὰρ
776 2533 992 2603 ἄγγελοι
1039 2533 1267 2604 κοῦφοι)
1314 2536 1451 2607 πρὸς
1495 2536 1646 2600 ἔθνος
1694 2555 1789 2608 με-

214 2622 425 2693 τέωρον
452 2622 585 2693 (19),
614 2624 706 2677 καὶ
736 2619 883 2687 ξένον
907 2624 1034 2678 λαὸν
1060 2626 1152 2679 καὶ
1187 2625 1422 2698 χαλεπὸν
1455 2630 1534 2691 εἰς
1572 2629 1786 2693 αὐτοὺς,

217 2714 375 2777 ἔθνος
410 2714 726 2768 ἀνέλπιστον
768 2717 863 2769 καὶ
896 2719 1438 2790 καταπεπατημένον.

300 2810 447 2864 Ἀλλ’
491 2814 649 2882 ἡμεῖς
686 2812 876 2877 οἵτινες
917 2813 1220 2878 ἐλπίζοντες
1273 2816 1353 2877 είς
1408 2814 1497 2869 τὸν
1527 2815 1653 2869 Υἱδν
1695 2815 1791 2871 τοῦ

217 2902 361 2955 Θεοῦ
384 2941 397 2965 ,
450 2902 753 2973 διωκόμεθα
805 2904 1269 2974 καταπατούμενοι
1322 2904 1413 2957 ὑπ’
1456 2905 1635 2959 αὐτῶν
1686 2906 1793 2959 τῶν

212 2996 486 3050 ἀπίστων.
523 2994 725 3049 Πλοίων
757 2995 862 3067 γὰρ
895 2995 1159 3067 πτέρυγές
1190 2998 1327 3050 εἰσιν
1350 2998 1406 3051 αί
1447 2997 1790 3068 Ἐκκλησίαι·

213 3089 466 3142 θάλασσα
493 3086 548 3139 δέ
588 3089 732 3140 ἐστιν
759 3090 787 3140 ὁ
834 3088 1064 3159 κόσμος,
1110 3090 1165 3142 ἐν
1216 3082 1321 3160 ᾧή
1355 3089 1672 3160 Ἐκκλησία,
1714 3091 1790 3155 ὼς
1814 3135 1857 3194 C

214 3178 355 3241 ναῦς
378 3182 436 3232 ὲν
468 3178 688 3247 πελάγει
710 3178 1024 3250 χειμάζεται
1057 3180 1174 3250 μὲν,
1198 3179 1311 3232 ἀλλ’
1332 3180 1430 3232 οὐκ
1455 3179 1780 3233 ἀπόλλυται·

215 3271 337 3340 ἔχει
385 3271 495 3343 γάρ
554 3271 671 3341 μεθ’
731 3272 924 3342 ἐαυτῆς
977 3272 1068 3326 τὸν
1125 3271 1386 3343 ἔμπειρον
1448 3272 1782 3345 κυϐερνήτην

216 3360 456 3432 Χριστόν
474 3378 487 3390 ·
522 3361 674 3433 φέρει
701 3361 756 3414 δὲ
780 3362 835 3415 ὲν
870 3362 1019 3433 μέσῳ
1050 3361 1145 3415 καὶ
1168 3362 1227 3414 τὸ
1252 3360 1528 3432 τρόπαιον,
1559 3361 1619 3415 τὸ
1645 3363 1787 3417 κατὰ

217 3453 320 3506 τοῦ
350 3452 599 3517 θανάτου,
621 3453 696 3516 ὡς
726 3453 814 3507 τὸν
846 3453 1074 3525 σταυρὸν
1100 3453 1192 3506 τοῦ
1214 3453 1417 3525 Κυρίου
1450 3453 1565 3524 μεθ’
1586 3455 1784 3525 ἑαυτῆς

219 3542 588 3617 βαστάζουσα.
618 3546 769 3598 Ἔστι
804 3544 913 3616 γὰρ
964 3545 1134 3616 αὐτῆς
1169 3546 1265 3616 μὲν
1302 3544 1523 3617 πρώρα,
1558 3550 1589 3617 ή
1628 3547 1783 3600 Ἀνα-

217 3637 346 3707 τολή
367 3654 381 3666 ο
415 3636 637 3707 πρύμνα
659 3636 737 3700 δὲ,
765 3635 982 3707 ήΔύσις
1000 3653 1014 3665 ·
1042 3636 1104 3688 τὸ
1130 3636 1184 3689 δὲ
1212 3636 1371 3700 κῦτος
1394 3636 1527 3708 (‘20),
1556 3639 1785 3707 Μεσημ-

220 3731 385 3802 ϐρία·
418 3732 599 3793 οῖακες
644 3730 721 3794 δὲ,
756 3731 810 3784 αἱ
856 3729 949 3783 δύο
986 3731 1283 3801 Διαθῆκαι·
1320 3731 1525 3803 σχοινία
1555 3731 1611 3784 δὲ
1640 3746 1794 3801 περι-

217 3821 533 3891 τεταμένα,
594 3823 628 3892 ἡ
678 3822 867 3893 ἀγάπη
916 3822 1009 3875 τοῦ
1055 3821 1291 3894 Χριστοῦ
1342 3822 1639 3892 σφίγγουσα
1686 3821 1789 3891 τὴν

218 3919 594 3991 ,Ἐκκλησίανο
651 3918 793 3971 λίνον
832 3918 958 3987 (2|)
1003 3917 1060 3970 δὲ
1106 3918 1135 3971 ὃ
1174 3917 1327 3989 φέρει
1388 3917 1503 3988 μεθ’
1550 3918 1782 3989 ἑαυτῆς,

216 4008 283 4059 τὸ
320 4006 548 4076 Αουτρδν
582 4006 681 4076 τῆς
716 4005 1131 4074 παλιγγενεσίας
1167 4005 1495 4077 ἀνανεούσης
1533 4007 1657 4069 τοὺς
1692 4025 1785 4060 πι-

301 4141 347 4171 τ⁸
373 4141 531 4197 Deut.
554 4161 739 4209 xxxiv,
775 4147 864 4213 54,
908 4147 996 4201 55.
1075 4147 1121 4179 "’
1146 4146 1248 4203 Isa.
1290 4162 1445 4212 xvtn,
1473 4148 1526 4215 1,
1548 4147 1604 4203 2.

292 4264 408 4358 ς
447 4262 794 4358 {Tyrith
816 4266 1160 4358 apfodlgi.'ld.
1194 4267 1511 4358 παραϐάτας
1541 4267 1734 4321 αὑτοῦ.

292 4335 407 4409 (18)
456 4335 533 4409 :1“
530 4335 590 4409 σις’
616 4336 832 4409 αὐτῶν.
864 4336 1130 4409 Contbef.,
1161 4335 1289 4409 παρ⁶
1315 4339 1513 4391 αὐτῶν.

294 4402 1781 4500 Si?!.‘Qﬁfﬁﬂ’fffﬂeiif‘i-‘Zf’ﬁ:.99?2§P‘£-"E?B§Hlft
1813 4446 1858 4500 υ

222 4474 455 4545 rouymo
484 4474 828 4545 ditlieillimus
849 4516 866 4542 ,
907 4491 1065 4544 quem
1101 4477 1383 4545 allegorice
1418 4478 1484 4532 de
1518 4478 1780 4532 haereticis

222 4544 472 4617 exponit.
504 4544 808 4617 Μετεωρον,
841 4545 987 4614 quod
1015 4563 1034 4597 ι
1060 4544 1325 4617 excelsam
1348 4566 1370 4617 γ»
1390 4546 1591 4617 reddit,
1624 4548 1780 4617 quasi

221 4614 379 4673 obvia
407 4614 821 4682 signiticalibne,
845 4625 899 4669 et
924 4624 1046 4683 post
1073 4632 1199 4670 eum
1225 4614 1493 4681 Nobilius,
1517 4614 1655 4671 mihi
1673 4633 1781 4671 non

224 4686 511 4744 satisfacit.
547 4683 776 4739 Putandi
816 4685 1070 4755 Septuag.
1102 4686 1337 4740 voluisse
1366 4686 1474 4740 vim
1504 4684 1783 4741 Hebraicae

224 4759 374 4814 vocis
405 4755 653 4818 reddere,
685 4770 803 4822 qua-
832 4757 979 4808 velut
1006 4773 1024 4806 ι
1045 4755 1359 4810 distractum
1386 4764 1727 4825 tractumque
1759 4774 1776 4807 ›

224 4836 407 4887 Sonat,
454 4825 617 4893 hujus
645 4825 1013 4893 amplitudinis
1041 4839 1191 4889 voce,
1225 4839 1291 4879 ac
1333 4840 1440 4895 qua
1470 4824 1609 4879 forte
1634 4824 1783 4880 nulla

219 4896 566 4954 commodior
591 4895 838 4949 exsistat.
854 4895 936 4949 Sit
958 4910 1107 4964 ergo,
1132 4912 1149 4945 ι
1175 4895 1255 4949 Ad
1282 4904 1493 4964 gentem
1521 4905 1781 4959 erectam,

222 4965 488 5036 Suspensi,
534 4964 734 5036 animi,
779 4965 1021 5029 consilia,
1048 4964 1380 5033 molientem,
1409 4982 1429 5018 υ
1473 4979 1537 5019 ac
1577 4966 1621 5020 si
1652 4966 1784 5036 quid

221 5035 887 5107 ejusmodiest.‘Coxasr.
939 5092 981 5107 Δ

291 5108 409 5177 (20)
455 5105 524 5177 Tt}
570 5104 638 5177 δὲ
683 5106 879 5177 κύτος,
935 5102 1030 5177 Sic
1064 5105 1379 5171 emendavi,
1422 5118 1786 5177 cumprcprze-

223 5174 455 5233 seritarit
485 5174 713 5238 Gudius,
735 5175 797 5229 τὸ
826 5175 883 5229 δὲ
913 5174 1106 5229 κύκλον
1125 5192 1137 5204 ·
1163 5190 1461 5245 parumque
1492 5175 1630 5245 felici
1652 5188 1784 5245 con-

215 5248 471 5318 jectura,
522 5233 711 5318 κοῖλον
741 5246 1137 5318 emendandum
1163 5233 1478 5318 ‘putavérit.
1506 5233 1620 5318 Est
1669 5244 1785 5296 haec

220 5316 381 5372 navis
431 5316 757 5385 descriptio,
815 5316 928 5384 ipsa
960 5316 1351 5385 _accurata,cui
1399 5316 1626 5383 proinde
1665 5320 1786 5381 post

219 5400 443 5457 proram
466 5393 520 5438 et
549 5383 801 5457 puppim,
821 5383 891 5457 τὸν
908 5383 1067 5449 κύτος
1092 5385 1480 5455 assignandum
1511 5396 1646 5446 erat,
1673 5392 1785 5457 tota

220 5452 405 5510 inedia
432 5452 708 5524 capacitas
739 5455 837 5525 his
883 5456 1176 5525 intercepta
1210 5452 1274 5510 et
1314 5452 1785 5525 laterumampli-

220 5526 378 5607 tudo,
408 5521 577 5609 quam
611 5523 895 5609 sicﬁneci
932 5521 1162 5609 vocant;
1188 5525 1411 5607 Athen?
1445 5523 1586 5609 κατά
1625 5521 1787 5592 μέσον

217 5598 319 5665 τῆς
348 5594 488 5659 νεὼς
513 5594 674 5667 κύτος
701 5596 758 5647 ὲν
784 5596 957 5667 κοίλῃ,
982 5612 1001 5647 ι
1027 5597 1420 5667 medius_navi§
1450 5602 1672 5667 venter,
1690 5606 1787 5645 seu

223 5662 568 5740 ver-tricosus
596 5666 810 5740 alveus.
833 5684 851 5717 ι
886 5662 997 5740 Nec
1030 5668 1183 5740 aliter
1235 5664 1583 5740 .lul.‘Poll_ux
1619 5662 1783 5740 ιω),

222 5750 345 5805 cap.
373 5737 436 5803 4,
472 5736 611 5803 Περὶ
635 5733 833 5805 μερῶν
855 5735 989 5798 νεώς
1009 5753 1021 5765 ·
1071 5735 1179 5789 Keil.
1224 5738 1284 5788 τὸ
1322 5736 1418 5806 μὲν
1463 5734 1658 5802 ἔδαφος
1688 5733 1787 5799 τῆς

543 5834 818 5895 ΡΑτιιοι..
848 5834 964 5894 Gn.
1005 5834 1083 5895 X.

1886 1903 2069 1965 partes
2110 1896 2373 1950 adversus
2414 1902 2631 1950 sanctos
2671 1894 2942 1950 destinare
2991 1895 3231 1965 incipiet,
3269 1905 3327 1951 ut
3360 1898 3454 1967 qui

1886 2002 2010 2042 eum
2034 1986 2211 2042 colere
2236 1996 2289 2041 et
2313 1989 2467 2057 quasi
2494 1987 2659 2043 Deum
2682 1991 2925 2043 venerari
2950 1989 3240 2053 noluerint,
3266 2006 3454 2045 omnes

1888 2079 2091 2148 ubique
2136 2077 2557 2144 interficiantur;
2609 2080 3063 2149 quemadmodum
3108 2081 3185 2135 ait
3231 2080 3401 2136 Isaias
3437 2099 3451 2135 :

1894 2187 1912 2219 ι
1944 2167 2037 2223 Va:
2080 2176 2236 2223 terrae
2276 2170 2491 2223 navium
2536 2172 2655 2233 alze,
2683 2178 2833 2225 trans
2875 2169 3099 2224 ﬂumina
3140 2169 3452 2240 Aithiopiae.

1888 2260 1991 2328 Qui
2027 2262 2194 2315 mittit
2234 2262 2289 2315 in
2336 2276 2485 2315 mare
2526 2262 2775 2328 obsides,
2826 2272 2880 2316 et
2926 2263 3181 2334 epistolas
3222 2263 3456 2319 biblinas

1890 2370 2052 2424 super
2084 2370 2303 2425 aquam.
2349 2354 2506 2410 Ibunt
2548 2357 2695 2411 enim
2744 2358 2919 2412 nuntii
2958 2358 3100 2413 leves
3138 2359 3207 2413 ad
3241 2368 3453 2430 gentem

1888 2456 2122 2502 erectam
2152 2447 2511 2517 suspensique
2531 2448 2719 2513 animi,
2745 2457 2800 2503 et
2824 2450 3165 2519 peregrinum
3195 2452 3453 2521 populum

1889 2549 2201 2607 saevumque
2227 2538 2283 2592 in
2307 2553 2424 2603 eos,
2460 2546 2670 2609 gentem
2703 2538 3031 2608 insperatam
3073 2547 3128 2594 et
3167 2540 3457 2595 conculca-

1890 2638 2000 2682 tam
2023 2630 2090 2683 ".
2122 2648 2141 2681 ι

1960 2809 2094 2865 LIX.
2136 2808 2329 2865 Verum
2359 2824 2460 2865 nos
2486 2809 2579 2880 qui
2604 2809 2657 2863 in
2688 2807 2881 2862 Filium
2922 2807 3017 2863 Dei
3050 2823 3353 2879 speramus,
3384 2810 3454 2866 ab

1891 2900 2196 2956 inﬁdelibus
2242 2916 2272 2955 a
2317 2901 2517 2971 quibus
2562 2901 2982 2965 conculcamur,
3020 2901 3450 2970 persecutionem

1892 2993 2146 3063 patimur.
2192 2994 2306 3048 Alae
2345 2995 2489 3047 enim
2528 2993 2769 3057 navium,
2814 2991 3072 3048 Ecclesiae
3108 3002 3266 3060 sunt;
3302 3009 3455 3049 mare

1892 3100 2041 3152 vero,
2077 3085 2335 3149 mundus,
2371 3086 2428 3139 in
2476 3101 2586 3155 quo
2614 3084 2878 3152 Ecclesia,
2923 3087 3069 3141 velut
3094 3085 3246 3141 navis
3278 3086 3452 3156 pelagi

1889 3176 2025 3243 salo,
2055 3176 2309 3233 [luctibus
2338 3175 2595 3247 jactatur,
2629 3192 2727 3231 nec
2760 3185 2938 3231 tamen
2970 3176 3256 3248 naufragio
3277 3177 3446 3248 perit;

1892 3271 2089 3341 quippe
2108 3285 2231 3324 cum
2255 3268 2506 3324 solertem
2537 3269 2947 3339 gubernatorem
2970 3268 3245 3323 Christum
3267 3284 3452 3325 secum

1891 3363 2109 3417 habeat.
2134 3361 2260 3417 Fert
2285 3377 2415 3416 vero
2446 3362 2608 3417 etiam
2638 3361 2691 3415 in
2724 3361 2903 3415 medio
2931 3370 3168 3415 erectum
3192 3361 3453 3417 adversus

1891 3466 2119 3511 mortem
2152 3465 2432 3526 tropaeum,
2457 3469 2576 3524 quae
2598 3453 2844 3508 videlicet
2879 3467 3091 3507 crucem
3120 3451 3332 3507 Domini
3367 3469 3453 3508 se-

1892 3562 2017 3603 cum
2042 3555 2235 3624 portet.
2284 3544 2380 3600 Est
2417 3546 2561 3600 enim
2600 3544 2719 3614 ejus
2764 3558 2946 3613 prora,
2998 3543 3224 3609 Oriens;
3257 3545 3453 3613 puppis

1891 3654 2040 3705 vero,
2078 3623 2373 3703 Occidens;
2407 3636 2611 3692 cavitas
2651 3637 2935 3705 mediaque
2963 3637 3252 3706 capacitas,
3292 3636 3455 3693 Meri-

1891 3728 2035 3795 dies;
2076 3726 2236 3791 clavi,
2268 3726 2377 3780 duo
2407 3724 2777 3791 Testamenta;
2818 3726 3228 3781 circumextenti
3269 3725 3447 3792 funes,

1890 3819 2091 3874 Christi
2108 3818 2346 3873 charitas
2371 3832 2491 3886 quae
2504 3816 2799 3872 Ecclesiam
2824 3818 3094 3887 astringit;
3112 3817 3280 3872 linum
3304 3820 3450 3887 quod

1889 3925 2072 3967 secum
2104 3908 2226 3973 fert,
2258 3908 2531 3963 lavacrum
2555 3916 2638 3963 est
2664 3909 3089 3979 regenerationis
3117 3926 3237 3979 quze
3265 3910 3450 3965 fideles

1887 4011 2131 4068 renovat,
2161 4000 2301 4055 unde
2338 4007 2465 4055 sunt
2497 4000 2584 4053 illa
2612 4000 2887 4069 praeclara.
2930 3999 3085 4056 Venti
3137 4002 3255 4055 loco
3297 4001 3450 4057 adest

1887 4264 2049 4330 νεὼς,
2080 4266 2239 4327 κύτος
2286 4263 2383 4316 καὶ
2430 4262 2663 4333 γάστρια
2694 4262 2786 4315 καὶ
2836 4262 3205 4332 ἀμφιμήτριον
3246 4263 3445 4333 ὀνομά-

1886 4336 2055 4400 ζεται.
2088 4333 2188 4389 Ubi
2216 4348 2323 4385 non
2357 4334 2492 4387 bene
2520 4333 2832 4401 Rodolphus
2866 4332 3212 4395 Gualtherus,
3240 4350 3258 4401 ι
3284 4332 3447 4386 Pavi-

1887 4418 2158 4465 mentum,
2204 4403 2467 4466 fundum,
2511 4400 2721 4464 alvum,
2766 4402 3157 4472 ἁμφιμήτριον.
3193 4420 3210 4452 ι
3242 4400 3445 4456 Domus

1887 4477 2103 4544 quidem
2126 4474 2339 4544 ἔδαφος,
2368 4490 2386 4523 ι
2408 4473 2770 4544 pavimentum
2792 4490 2810 4522 ›
2840 4482 2980 4544 recte
2999 4474 3240 4544 dicatur;
3266 4473 3443 4544 navis,

1885 4539 2142 4607 minime;
2186 4539 2301 4609 sed,
2336 4539 2478 4611 quod
2525 4540 2754 4611 Hesych.
2788 4550 2839 4612 et
2881 4540 3032 4612 Sttid.
3065 4539 3318 4612 χώρημα,
3353 4542 3448 4611 βά-

1883 4617 2002 4679 θος,
2028 4614 2250 4677 πλάτος,
2291 4631 2310 4665 ι
2360 4612 2663 4679 capacitas,
2716 4611 3086 4680 profunditas,
3122 4613 3347 4666 latitudo
3372 4652 3386 4675 ,
3424 4632 3442 4663 ι

1882 4696 2029 4740 totus
2065 4685 2296 4751 denique
2337 4683 2546 4735 medius
2580 4681 2731 4736 navis
2758 4683 2911 4735 sinus
2937 4692 2991 4734 et
3028 4692 3248 4747 venter;
3286 4683 3446 4751 ὄγκος

1886 4754 2037 4809 Suid.
2075 4750 2411 4806 non’solum
2456 4751 2597 4821 quod
2646 4751 2755 4803 imo
2801 4750 3102 4821 sternitur,
3162 4753 3315 4821 quasi
3374 4754 3441 4805 ad

1885 4824 2090 4891 carina:
2119 4824 2320 4885 locum,
2358 4817 2634 4891 quomodo
2674 4821 2886 4873 videtur
2913 4817 3243 4891 Gualtherus
3289 4836 3445 4876 acce-

1884 4894 2060 4962 pisse.
2088 4889 2254 4962 'quod
2292 4898 2487 4955 vocat,
2520 4890 2906 4962 pavimentum.
2942 4889 3125 4962 ΚύτοςΔ
3152 4890 3207 4944 in
3246 4893 3443 4958 capite,

1885 4959 1998 5035 tota
2026 4959 2275 5035 illa—pars
2305 4974 2426 5029 quae
2467 4960 2674 5027 capillis
2706 4960 2939 5035 tegitur,
2982 4959 3353 5035 continetque.
3381 4976 3445 5012 ae

1885 5032 2090 5101 obtegit
2127 5029 2443 5095 cerebrum;
2484 5044 2648 5100 quam
2684 5029 2784 5101 qui
2824 5032 3190 5097 pavimentum
3220 5029 3443 5093 diceret,

1886 5118 1970 5156 na:
2001 5098 2047 5154 is
2073 5102 2243 5156 scitus
2272 5098 2537 5169 interpres
2568 5110 2732 5169 esset.
2770 5098 2844 5152 lo.

1956 5172 2070 5241 (21)
2109 5171 2309 5225 Λίνον.
2353 5168 2431 5241 Et
2480 5171 2567 5241 hic
2610 5168 2791 5222 πλοῖον
2828 5175 3012 5241 erat;
3065 5176 3122 5222 at
3173 5168 3446 5241 quomodo

1886 5238 2058 5296 navis
2087 5255 2273 5298 secum
2311 5238 2492 5294 πλοῖον
2523 5238 2648 5305 fert,
2686 5240 2840 5304 quasi
2870 5238 3023 5292 navis
3054 5238 3283 5293 navem?
3318 5254 3445 5291 nam

1887 5312 2067 5365 πλοῖον
2114 5311 2266 5365 navis
2311 5318 2428 5373 est,
2476 5310 2616 5364 haud
2660 5324 2817 5362 secus
2860 5322 2924 5361 ac
2969 5307 3116 5369 ναῦς.
3171 5304 3447 5377 Mirorque

1886 5381 2063 5436 Gudio
2104 5395 2211 5433 non
2241 5379 2566 5444 διιι).ιιυὶεεθ.
2610 5378 2763 5444 Quod
2797 5378 2876 5432 sic
2913 5377 3129 5433 lavacro
3160 5392 3450 5445 regenera-

1888 5452 2053 5504 tionis
2080 5459 2355 5518 comparet
2387 5447 2733 5519 Hippolytus,
2770 5447 2904 5499 nihil
2935 5445 3081 5519 aliud
3106 5447 3446 5519 commodius

1888 5521 1999 5573 lino
2046 5517 2315 5584 occurrit,
2347 5517 2470 5587 quo
2494 5517 2598 5573 isic'
2620 5517 2908 5584 capiuntur
2951 5518 3163 5586 pisces,
3205 5528 3256 5570 et
3288 5518 3447 5587 cujus

1887 5588 2201 5656 metaphora
2225 5629 2239 5655 ,
2283 5584 2968 5657 praetiicatiervaugelica’
2996 5587 3185 5639 Proclo
3206 5625 3221 5649 ,
3271 5584 3449 5657 Chj‘yo

1888 5655 2048 5723 sost.,
2076 5668 2206 5724 etc.,
2239 5655 2563 5713 declaratur.
2594 5655 2725 5725 Ejus
2768 5658 2952 5725 itaque
2983 5657 3316 5725 navis,'qua‘:
3346 5655 3452 5710 Ec-

1888 5729 2050 5783 clesia
2088 5737 2191 5793 est,
2242 5729 2414 5781 linum
2466 5727 2742 5798 capiendis
2784 5726 3197 5797 pisciculis,'et
3232 5735 3290 5780 ut
3337 5727 3447 5796 jam

3054 5824 3132 5883 25
