3860 6200
507 273 608 326 779
1199 269 1254 326 s.
1296 269 1652 326 lllPPOLY'l‘l
1691 268 1847 324 opp.
1890 266 2069 322 mas
2109 266 2173 322 ιι.
2215 296 2282 307 -
2321 267 2622 323 DOGMAT.
2666 267 2754 323 ET
2796 265 3142 325 lllSTORlC.
3577 277 3666 335 ἰεθ

503 391 735 461 Spiritus
760 391 848 446 ille
881 403 910 444 e
943 388 1118 453 caelis,
1155 405 1263 460 quo
1300 389 1483 444 ﬁdeles
1513 390 1902 458 consignantur
1935 387 2027 440 Dei

2173 387 2486 450 στεύοντας,
2539 385 2658 439 ὅθεν
2713 387 2777 458 δὴ
2829 386 2999 441 ταῦτα
3050 385 3303 457 λαμπράο
3352 389 3583 460 πάρεστιν
3617 398 3677 461 ὡς

503 484 673 539 liabet
703 483 900 552 pariter
921 481 998 534 illi
1021 483 1248 536 comites
1269 491 1322 536 et
1341 481 1545 537 ferreas
1568 481 1854 545 anchoras,
1880 491 2027 536 sanet

2172 477 2421 548 πνεῦμα,
2467 478 2528 532 τὸ
2565 478 2658 531 ἀπ’
2711 479 2987 549 οὐρανῶν,
3039 478 3106 531 δι’
3145 473 3206 532 οῦ
3263 479 3608 549 σφραγίζοντιι
3640 488 3680 540 οἱ

500 574 756 627 nimirum
786 571 988 626 Christi
1033 571 1280 625 mandata
1301 611 1316 634 ,
1361 586 1482 642 quae
1528 570 1658 625 l'erri
1693 570 1854 625 robur
1887 571 2024 640 ipsui

2170 569 2514 634 πιστεύοντες
2580 568 2658 641 τῷ
2729 570 2880 642 Θεῷ·
2939 571 3272 643 παρέπονται
3322 573 3376 626 δὲ
3430 575 3549 646 αὐτῇ
3607 581 3681 632 καὶ

498 663 811 735 praeferant.
839 661 980 728 Quin
1014 670 1068 716 et
1098 671 1291 716 nautas
1318 678 1346 716 a
1365 663 1584 718 dextris
1616 674 1778 732 atque
1827 663 2022 716 sinistri

2167 662 2401 732 ἄγκυραι
2438 661 2670 732 σιδηραῖ,
2699 661 2860 714 αὑτοῦ
2887 662 2978 715 τοῦ
3019 661 3257 733 Χριστοῦ
3287 664 3339 716 αἱ
3399 663 3533 732 ἅγιαι
3568 669 3685 723 ἐντο-

498 756 678 820 liabet,
711 763 1027 810 sanctorum
1051 755 1363 825 angelorum
1397 770 1548 810 more
1567 756 1901 819 assistentes,
1928 769 2022 824 qut

2167 752 2276 814 λαὶ,
2315 751 2534 805 δυναταὶ
2566 747 2718 806 οὖσαι
2745 752 2820 816 ὡς
2852 753 3093 825 σίδηρος.
3127 754 3278 823 Ἔχει
3315 753 3369 805 δὲ
3411 757 3494 807 καὶ
3522 759 3686 824 ναύτας

497 862 620 902 rum
653 860 753 916 ope
784 845 1094 900 continetur
1120 853 1282 913 atque
1317 845 1558 898 munitur
1595 843 1854 899 Ecclesia.
1886 843 1944 897 ιιι
1975 859 2021 898 ει

2166 843 2372 910 δεξιοὺς
2401 844 2495 896 καὶ
2534 844 2865 916 εὐωνύμους,
2907 845 2982 908 ῶς
3026 844 3221 913 ἀγίους
3264 845 3508 912 ἀγγέλους
3551 850 3687 918 παρέ-

498 937 644 992 scala
677 950 798 1006 qua:
842 935 895 989 in
935 935 1101 990 altum
1145 935 1210 989 ad
1249 944 1538 992 antennam
1583 935 1850 1002 subvehit,
1886 936 2022 1006 imag

2165 936 2323 1008 δρους
2344 937 2409 990 δι’
2439 931 2514 990 ὧν
2536 938 2621 990 ἀεὶ
2651 940 2930 1008 κρατεῖται
2965 939 3062 992 καὶ
3097 940 3408 1008 φρουρεῖται
3433 939 3465 1008 ὴ
3505 940 3689 1012 Ἐκκληο

497 1037 580 1084 est
607 1027 865 1083 salutaris
893 1025 1094 1082 Christi
1121 1027 1410 1096 passionis,
1441 1026 1624 1082 ﬁdeles
1661 1027 1883 1082 trahens
1919 1035 1979 1081 ut
2009 1027 2019 1078 i

2168 1028 2260 1082 σία
2276 1045 2288 1058 ⁸
2316 1027 2517 1099 κλίμαξ
2544 1029 2602 1082 ὲν
2625 1028 2760 1099 αὐτῇ
2792 1029 2870 1091 είς
2899 1027 3031 1097 ὕψος
3055 1029 3333 1096 ἀνάγουσα
3352 1028 3440 1079 ἐπὶ
3461 1028 3516 1081 τὸ
3534 1031 3687 1100 κέρας,

497 1121 666 1175 cmlos
689 1118 1074 1175 conscendant.
1108 1115 1269 1188 Signa
1302 1133 1460 1188 super
1490 1127 1780 1172 antennam
1810 1117 1865 1171 in
1895 1118 2021 1172 altuI

2166 1119 2327 1174 εἰκὼν
2354 1119 2582 1192 σημείου
2606 1119 2808 1184 πάθους
2833 1119 3093 1191 Χριστοῦ,
3120 1117 3353 1172 ἕλκουσα
3372 1120 3488 1183 τοὺς
3509 1124 3690 1185 πιστοὺς

498 1213 728 1274 sublata,
758 1210 1165 1280 prophetarum,
1197 1218 1497 1280 martyrum
1527 1217 1582 1263 et
1614 1207 1980 1280 apostolorum
2007 1207 2021 1261 i

2168 1216 2244 1278 είς
2276 1213 2536 1267 ἀνάϐασιν
2562 1211 2834 1283 οὐρανῶν·
2865 1212 3112 1283 ψηφαροὶ
3140 1211 3198 1264 δὲ
3231 1210 3341 1281 (22)
3375 1211 3462 1263 ἐπὶ
3485 1211 3538 1264 τὸ
3557 1212 3692 1283 κέρας

495 1305 696 1358 Christi
730 1318 898 1374 regno
927 1302 1322 1372 quiescentium
1351 1301 1583 1372 stipatus
1609 1301 1768 1356 ordo.

2167 1305 2247 1375 ἐφ’
2277 1304 2476 1376 ὑψηλοῦ
2506 1304 2810 1375 αἰνούμενοι
2834 1304 2967 1372 (25),
2999 1303 3157 1369 τάξις
3186 1302 3494 1373 προφητῶν,
3522 1303 3691 1373 μαρτύο

2167 1416 2272 1469 ρων
2304 1416 2363 1452 τε
2393 1398 2488 1452 καὶ
2532 1397 2842 1452 ἀποστόλων
2861 1436 2876 1460 ,
2916 1399 2996 1460 είς
3025 1395 3304 1466 βασιλείαν
3352 1394 3566 1466 Χριστοῦ
3590 1397 3694 1449 ἀνα-

2164 1489 2504 1559 παυομένων.

556 1573 680 1635 «ως.
723 1573 794 1627 De
821 1573 1213 1643 persecutionis
1239 1588 1366 1627 vero
1396 1585 1658 1633 aerumna,
1684 1583 1845 1640 quam
1879 1567 2064 1622 adver-

2235 1579 2369 1649 Περὶ
2405 1572 2637 1654 μὲνοοῦν
2664 1577 2762 1647 τῆς
2802 1575 3033 1646 θλίψεως
3078 1575 3176 1629 τοῦ
3209 1573 3576 1645 διωγμοῦ,τῆς
3598 1576 3691 1628 lao-

495 1669 671 1725 sarius
701 1668 952 1722 Ecclesia}
1004 1667 1240 1728 inducet,
1273 1667 1433 1719 etiam
1470 1662 1708 1718 Joannes
1766 1661 2005 1730 loquitur

2168 1672 2336 1742 μένης
2383 1671 2474 1722 ἐπὶ
2518 1670 2618 1740 τὴν
2673 1669 2994 1740 Ἐκκλησίαν
3044 1668 3152 1721 ὑπὸ
3198 1667 3291 1719 τοῦ
3347 1666 3686 1736 ἀντικειμένου,

501 1779 519 1812 ι
553 1760 618 1813 Ει
671 1760 779 1814 vidi
817 1760 1032 1829 signum
1070 1772 1323 1827 magnum
1359 1764 1412 1810 et
1453 1753 1699 1808 mirabile
1723 1792 1738 1816 ,
1774 1750 2025 1806 mulierem

2165 1731 2253 1814 καὶ
2293 1731 2548 1829 ζΪωέιννης
2574 1731 2761 1828 ’φησί’
2824 1731 2870 1809 ι’
2893 1758 3000 1810 Kal
3041 1752 3185 1810 εἶδον
3225 1758 3440 1825 σημεῖον
3472 1731 3591 1824 μέγα
3616 1756 3689 1807 καὶ

499 1853 754 1907 amictam
781 1849 913 1912 sole,
949 1856 999 1901 et
1024 1848 1149 1901 luna
1175 1848 1277 1901 sub
1295 1846 1520 1916 pedibus
1549 1844 1689 1914 ejus,
1713 1852 1765 1898 et
1797 1842 1851 1896 in
1884 1841 2023 1911 capit

2163 1849 2490 1921 θαυμαστὸν,
2519 1852 2756 1917 γυναῖκα
2781 1847 3256 1919 περιϐεϐλημένην
3279 1844 3368 1898 τὸν
3396 1844 3550 1914 ἥλιον,
3571 1846 3687 1915 καὶὴ

493 1945 613 2014 ejus
638 1956 840 1998 corona
864 1939 1140 1994 stellarum
1167 1938 1473 1994 duodecim.
1508 1935 1572 1991 Et
1599 1937 1652 1991 in
1685 1946 1838 1992 utero
1853 1936 2017 1991 haben

2163 1941 2354 2011 σελήνη
2385 1939 2640 1994 ὑποκάτω
2669 1938 2777 1992 τῶν
2815 1938 2988 1991 ποδῶν
3033 1937 3229 2008 αὐτῆς,
3266 1935 3359 1989 καὶ
3397 1935 3482 1988 ἐπὶ
3511 1935 3596 2005 τῆς
3618 1952 3687 1988 κε-

494 2035 693 2090 clamat
750 2031 1076 2103 parturiens,
1130 2040 1185 2085 et
1239 2030 1589 2084 cruciabatur
1637 2037 1698 2083 ut
1734 2026 2018 2098 pareretJ

2162 2033 2333 2105 φαλῆς
2360 2032 2530 2103 αὐτῆς
2573 2032 2831 2102 στέφανος
2864 2032 3114 2102 ἀστέρων
3147 2028 3398 2082 δεκαδύο·
3429 2028 3515 2081 καὶ
3542 2029 3590 2080 έν
3608 2043 3686 2096 γα-

493 2127 657 2181 draco
700 2126 848 2179 stetit
889 2132 1016 2178 ante
1065 2123 1345 2176 mulierem
1381 2137 1500 2190 qua:
1543 2130 1659 2176 erat
1696 2120 2017 2190 paritura,t

2161 2127 2282 2198 στρὶ
2317 2125 2511 2196 ἔχουσα
2551 2123 2740 2196 κράζει
2780 2123 3043 2178 ὠδίνουσα
3083 2123 3180 2176 καὶ
3224 2119 3596 2192 βασανιζομένη
3617 2135 3685 2170 τε·

493 2235 617 2272 cum
654 2217 968 2287 peperisset,
1017 2215 1186 2268 ﬁlium
1221 2214 1339 2282 ejus
1374 2213 1676 2268 devoraret.
1733 2211 1799 2266 Et
1853 2227 2016 2282 peper

2161 2221 2293 2272 κεῖν.
2332 2218 2441 2272 Καὶ
2483 2218 2511 2269 6
2541 2216 2753 2288 δράκων
2783 2216 3010 2286 ἔστηκεν
3054 2213 3288 2268 ἐνώπιον
3327 2212 3422 2282 τῆς
3459 2209 3685 2278 γυναικὸς,

496 2309 668 2362 ﬁlium
707 2307 1044 2370 masculum,
1077 2305 1167 2375 qui
1205 2311 1320 2358 erat
1353 2312 1602 2358 recturus
1637 2317 1826 2358 omnes
1850 2311 2020 2372 gente:

2160 2311 2260 2380 τῆς
2294 2309 2592 2381 μελλούσης
2620 2309 2842 2372 τίκτειν,
2875 2309 2960 2360 ἵνα
2987 2308 3116 2360 ὅταν
3145 2306 3302 2379 τέκῃ,
3332 2303 3393 2356 τὸ
3427 2302 3592 2355 τέκνον
3610 2301 3684 2352 σύ-

494 2399 559 2455 Ει
589 2409 774 2466 raptus
797 2409 878 2453 est
899 2397 1040 2452 ﬁlius
1076 2397 1140 2450 ad
1172 2395 1338 2452 Deum
1366 2403 1420 2449 et
1453 2395 1519 2448 ad
1550 2394 1803 2449 thronum
1824 2394 1962 2464 ejus.
1993 2393 2018 2447 Ε

2159 2403 2259 2473 τῆς
2299 2402 2612 2474 καταφάγῃ.
2649 2401 2757 2454 Kal
2797 2399 2979 2453 ἔτεκεν
3021 2399 3140 2452 υἱὸν
3171 2399 3372 2471 ἄρρενα
3399 2435 3415 2461 ,
3457 2395 3509 2456 ὃς
3544 2391 3683 2463 μέλλει

496 2493 693 2547 mulier
724 2491 859 2560 fugit
895 2491 948 2544 in
973 2488 1338 2552 solitudinem,
1378 2487 1469 2540 ubi
1494 2485 1730 2542 habebat
1759 2485 1935 2540 locum
1964 2500 2020 2556 pa

2162 2494 2465 2565 ποιμαίνειν
2496 2494 2671 2547 πάντα
2693 2491 2760 2544 τὰ
2789 2490 2938 2561 ἔθνη,
2971 2489 3065 2546 καὶ
3095 2490 3324 2562 ἡρπάγη
3349 2487 3407 2540 τὸ
3425 2486 3587 2539 τέκνον
3611 2485 3683 2537 ας)-

495 2595 672 2639 ratum
712 2599 743 2639 a
786 2581 916 2648 Deo,
951 2589 1012 2634 ut
1041 2580 1113 2634 ibi
1143 2594 1264 2659 eam
1303 2587 1526 2648 pascant
1571 2577 1758 2631 diebus
1790 2576 1937 2631 mille
1959 2576 2019 2630 du

2159 2585 2259 2655 τῆς
2300 2585 2435 2656 πρὸς
2475 2584 2564 2638 τὸν
2593 2583 2723 2637 Θεὸν
2759 2586 2852 2636 καὶ
2883 2589 2969 2646 ες
3008 2582 3100 2635 τὸν
3138 2580 3325 2652 θρόνον
3349 2577 3500 2632 αὑτοῦ
3520 2595 3531 2603 °
3558 2575 3681 2643 καὶὴ

493 2677 666 2731 centis
686 2673 962 2742 sexaginta
985 2673 1051 2725 '°.
1105 2671 1170 2726 Et
1207 2681 1333 2726 tunc
1363 2671 1553 2725 videns
1585 2670 1773 2735 draco,
1809 2684 2017 2740 persect'

2160 2676 2295 2747 γυνὴ
2335 2675 2530 2744 ἔφυγεν
2569 2675 2647 2738 είς
2683 2674 2782 2744 τὴν
2828 2671 3054 2745 ἔρημον,
3106 2673 3241 2726 ὅπου
3294 2671 3402 2741 ἔχει
3447 2668 3528 2721 τὸν
3554 2666 3681 2718 τόπον

492 2773 584 2819 tus
625 2772 710 2819 est
751 2762 1033 2817 mulierem
1069 2776 1192 2831 quas
1235 2759 1441 2830 peperit
1477 2760 1802 2816 masculum.
1835 2758 1901 2814 Ει
1923 2760 2016 2814 dat

2161 2767 2276 2820 ἐκεῖ
2307 2766 2699 2837 ἡτοιμασμένον
2731 2764 2838 2818 ἀπὸ
2872 2764 2964 2817 τοῦ
2993 2763 3154 2829 Θεοῦ,
3193 2765 3281 2817 ἵνα
3316 2764 3426 2815 ἐκεῖ
3461 2760 3680 2830 τρέφωσιν

494 2865 620 2913 sunt
655 2853 866 2911 mulieri
899 2853 998 2907 alae
1023 2853 1144 2906 dua:
1176 2853 1371 2922 aquila:
1403 2867 1632 2923 magnae,
1680 2862 1740 2907 ut
1768 2853 1973 2907 volaret
2005 2854 2018 2908 i

2161 2859 2330 2930 αὐτὴν
2373 2857 2582 2930 ἡμέρας
2619 2856 2792 2927 χιλίας
2827 2855 3104 2918 διακοσίας
3149 2855 3422 2927 ἑξήκοντα.
3466 2851 3558 2904 Καὶ
3589 2848 3679 2900 τότε

492 2951 800 3013 desertum;
845 2947 935 3000 ubi
971 2944 1134 3000 alitur
1167 2958 1263 3014 per
1288 2952 1500 3013 tempus
1538 2954 1592 2998 et
1619 2953 1859 3013 tempora
1894 2953 1948 2998 et
1977 2943 2011 2998 d

2165 2949 2288 3005 ίδὼν
2329 2952 2357 3004 6
2393 2949 2605 3021 δράκων
2651 2946 2832 3010 ἐδίωξε
2877 2947 2978 3018 τὴν
3018 2949 3273 3016 γυναῖκα,
3319 2945 3435 3016 ἥτις
3462 2943 3591 2996 ἔτεκε
3610 2939 3679 2991 τὸν

492 3040 717 3095 midium
754 3039 1034 3107 temporis,
1085 3053 1115 3090 a
1163 3035 1302 3090 facie
1333 3035 1622 3104 serpentis.
1672 3034 1737 3088 Et
1777 3035 1920 3090 misit
1946 3051 2016 3090 sei

2163 3043 2365 3114 ἄρρενα
2385 3057 2398 3070 ·
2432 3039 2525 3092 καὶ
2565 3038 2822 3110 ἐδόθησαν
2862 3041 2927 3110 τῇ
2971 3040 3195 3108 γυναικὶ
3225 3039 3318 3092 δύο
3345 3031 3676 3107 πτέρυγες-τοῦ

493 3145 626 3200 pons
653 3144 719 3183 ex
750 3144 844 3182 ore
866 3142 967 3182 suo
997 3126 1416 3197 postmulierem
1447 3139 1645 3194 aquam
1672 3135 1926 3194 tanquam
1954 3125 2017 3180 (ιιι

2157 3131 2318 3186 ἀετοῦ
2366 3130 2459 3184 τοῦ
2509 3129 2766 3202 μεγάλου,
2822 3130 2908 3183 ἵνα
2954 3131 3185 3202 πέτηται
3238 3132 3316 3194 εἰς
3364 3129 3455 3199 τὴν
3499 3126 3675 3196 ἔρημον.

495 3235 640 3284 men,
669 3227 728 3272 ut
751 3233 870 3273 eam
901 3217 1102 3271 faceret
1126 3215 1240 3286 rapi
1272 3231 1303 3269 a
1333 3214 1577 3269 ﬂumine.
1606 3214 1670 3269 Et
1692 3215 1895 3284 adjuvit
1916 3225 2019 3271 terr

2157 3226 2290 3279 ὅπου
2323 3221 2579 3294 τρέφεται
2624 3223 2742 3273 ἐκεῖ
2774 3222 2961 3293 καιρὸν
3007 3222 3101 3275 καὶ
3155 3222 3377 3293 καιροὺς
3443 3219 3524 3272 καὶ
3544 3217 3675 3285 ﬁam

493 3311 799 3375 mulierem,
829 3318 883 3364 et
917 3306 1128 3379 aperuit
1157 3321 1220 3362 os
1243 3321 1424 3370 suum,
1449 3317 1501 3361 et
1531 3307 1812 3362 absorbuit
1836 3307 2017 3363 numer

2159 3314 2349 3387 καιροῦ
2372 3312 2480 3367 ἀπὸ
2502 3311 2792 3383 πρωσόπου
2825 3312 2918 3365 τοῦ
2944 3313 3139 3383 ὄφεως.
3189 3313 3298 3368 Kal
3339 3310 3510 3364 ἔϐαλεν
3533 3310 3556 3360 6
3583 3306 3675 3373 όφις

493 3405 640 3475 quod
684 3403 908 3458 miserat
957 3413 1179 3470 serpens
1233 3414 1299 3454 ex
1349 3413 1443 3453 ore
1489 3413 1610 3453 suo.
1674 3397 1741 3452 Et
1777 3398 1947 3454 iratus
1978 3416 2017 3454 e:

2159 3405 2356 3475 (ὀπίσω
2394 3402 2494 3473 τῆς
2527 3403 2779 3470 γυναικὸς
2805 3405 2868 3456 ὲκ
2898 3403 2989 3457 τοῦ
3013 3405 3281 3476 στόματος
3311 3400 3464 3456 αὑτοῦ
3484 3399 3601 3468 ὔδωρ
3621 3394 3676 3456 ὡς

493 3495 659 3549 draco
692 3494 745 3548 in
774 3493 1056 3548 mulierem
1077 3531 1092 3557 ,
1133 3499 1186 3544 et
1217 3490 1349 3544 abiit
1384 3499 1443 3543 ut
1477 3488 1678 3543 faceret
1710 3489 1906 3543 bellum
1933 3505 2017 3543 Clll

2163 3495 2439 3567 ποταμόν’
2488 3495 2574 3547 ἵνα
2609 3493 2810 3566 ταύτην
2861 3496 3312 3568 ποταμοφόρητον
3359 3492 3567 3562 ποιήσει’
3606 3485 3675 3538 καὶ

494 3588 696 3644 sanctis
730 3587 796 3642 de
817 3587 935 3657 ejus
960 3587 1183 3647 semine,
1211 3584 1304 3654 qui
1335 3582 1650 3646 custodiunt
1677 3583 1932 3636 mandata
1963 3581 2018 3635 Dt

2164 3587 2456 3659 ἐϐοήθησεν
2497 3587 2531 3658 ἡ
2578 3586 2647 3657 γῆ
2690 3589 2756 3657 τῇ
2797 3587 3052 3655 γυναικὶ,
3087 3589 3188 3641 καὶ
3234 3585 3433 3659 ῇνοιξεν
3463 3581 3518 3634 τὸ
3545 3577 3675 3645 στόμα

493 3690 547 3735 ει
572 3681 772 3735 habent
797 3678 1164 3735 testimonium
1190 3675 1320 3730 Jesu
1348 3675 1415 3728 ⁸¹ο
1449 3693 1467 3726 ι
1751 3730 1755 3734 .
2165 3679 2356 3749 αὐτῆς,
2400 3679 2494 3732 καὶ
2535 3677 2760 3731 κατέπιε
2805 3678 2894 3731 τὸν
2917 3679 3180 3750 ποταμὸν,
3225 3679 3282 3732 ὃν
3323 3675 3498 3730 ἔϐαλεν
3519 3673 3543 3724 6
3565 3665 3672 3736 ὕφις)

495 3778 559 3830 ὲκ
611 3773 704 3828 τοῦ
741 3773 1004 3843 στόματος
1041 3769 1225 3826 αὑτοῦ.
1260 3770 1371 3823 Καὶ
1428 3768 1671 3841 ὠργίσθη
1711 3772 1740 3824 6
1782 3771 2004 3842 δράκων
2030 3776 2122 3829 ἐπὶ
2157 3779 2221 3847 τῇ
2263 3773 2504 3843 γυναικὶ,
2540 3774 2631 3826 καὶ
2657 3772 2866 3843 ἀπῆλθε
2912 3775 3133 3844 ποιῆσαι
3166 3775 3397 3844 πόλεμον
3445 3765 3562 3840 μετὰ
3593 3760 3672 3814 τῶν

496 3873 666 3940 ἁγίων
707 3869 800 3922 τοῦ
853 3867 1160 3940 σπέρματος
1202 3865 1368 3936 αὐτῆς
1391 3904 1404 3929 ν
1460 3865 1566 3918 τῶν
1608 3865 1915 3937 τηρούντων
1961 3867 2060 3934 τάς
2093 3869 2310 3932 ἐντολὰς
2347 3867 2440 3922 τοῦ
2481 3867 2635 3932 Θεοῦ,
2657 3869 2746 3922 καὶ
2762 3868 2990 3938 ἐχόντων
3020 3869 3117 3940 τὴν
3153 3866 3443 3941 μαρτυρίαν
3472 3855 3666 3930 Ἰησοῦοι

567 3963 700 4018 LXI.
753 3962 1031 4017 Mulierem
1085 3962 1337 4015 amictam
1368 3960 1481 4014 sole
1519 3961 1819 4017 clarissime
1873 3962 2059 4018 Eccle-

2229 3965 2341 4035 Τὴν
2371 3965 2466 4035 μὲν
2486 3959 2578 4017 οῦν
2601 3966 2828 4032 γυναῖκα
2849 3962 2944 4032 τὴν
2960 3964 3255 4036 περιϐεὸλη
3265 3963 3421 4035 μένην
3439 3958 3520 4010 τὸν
3540 3951 3669 4023 ἣλιον.

496 4059 634 4112 siam
679 4055 1017 4125 signiﬁcavit,
1073 4063 1297 4122 paterno
1349 4051 1590 4105 indutam
1656 4051 1852 4119 Verbo,
1915 4071 2020 4124 quo

2168 4055 2476 4124 σαφέστατα
2530 4055 2627 4124 τὴν
2697 4055 3019 4128 Ἐκκλησίαν
3063 4055 3328 4126 ἐδήλωσεν
3381 4041 3669 4114 ὲνδεδυμένην

497 4150 613 4203 sole
661 4147 952 4202 micantius
1013 4145 1276 4213 splendet.
1316 4141 1555 4196 Dicendo
1586 4159 1713 4198 vero
1758 4184 1774 4210 ,
1812 4162 1830 4195 ι
1870 4145 2021 4200 lunai

2166 4147 2256 4200 τὸν
2286 4145 2452 4214 Λόγον
2472 4145 2561 4198 τὸν
2585 4146 2842 4218 Πατρῷον
2874 4147 3014 4218 ὑπὲρ
3053 4146 3204 4216 ἥλιον
3234 4146 3523 4218 λάμποντα·
3555 4153 3570 4185 ‹
3601 4146 3667 4182 σε·

497 4242 601 4296 sub
633 4239 858 4310 pedibus
885 4237 1022 4306 ejus,
1059 4255 1076 4287 ι
1107 4234 1312 4290 caelesti
1341 4233 1743 4288 claritatelunze
1767 4236 1820 4289 in
1856 4252 2021 4292 more:

2165 4238 2331 4310 λήνην
2373 4257 2391 4290 ι
2429 4238 2485 4291 δὲ
2517 4239 2687 4308 λέγων
2734 4259 2752 4292 ι
2793 4239 3049 4293 ὑποκάτω
3085 4239 3195 4292 τῶν
3246 4236 3410 4292 ποδῶν
3454 4227 3612 4295 αὐτῆς,
3650 4237 3663 4269 ⁸

497 4338 745 4384 ornatam
775 4326 1028 4383 ostendit.
1061 4323 1216 4392 Quod
1239 4334 1418 4379 autem
1447 4325 1521 4378 ait
1551 4355 1566 4382 ν
1606 4342 1623 4375 ι
1658 4326 1715 4380 in
1742 4327 1915 4396 capite
1942 4328 2021 4396 eju

2163 4331 2290 4405 δόξῃ
2338 4333 2642 4403 ἐπουρανίῳ
2681 4331 2757 4395 ὡς
2799 4332 3022 4403 σελήνην
3069 4327 3503 4402 κεκοσμημένην⁹

497 4434 699 4474 corona
728 4418 1006 4473 stellarum
1040 4416 1359 4478 duodecim,
1414 4433 1431 4466 ι
1473 4411 1757 4470 duodecim
1787 4419 2021 4488 apostolc

2161 4400 2337 4490 λέγειν
2371 4400 2504 4494 (24),
2540 4441 2558 4474 ι
2584 4400 2674 4474 ἐπὶ
2701 4422 2799 4492 τῆς
2829 4400 3067 4492 κεφαλῆς
3087 4400 3255 4492 αὐτῆς
3289 4400 3526 4485 στέφανος
3549 4400 3668 4494 ἀσξέ-

495 4510 763 4579 designat,
789 4523 881 4578 per
912 4525 1048 4578 quos
1071 4507 1293 4563 fundata
1313 4516 1396 4563 est
1417 4507 1672 4563 Ecclesia.
1710 4527 1729 4559 ‹
1768 4509 1833 4564 Et
1858 4511 2019 4566 habet

2163 4532 2272 4585 ρων
2305 4491 2548 4580 δεκαδύο,
2583 4533 2601 4565 ι
2633 4491 2781 4585 δῆλοι
2813 4515 2938 4577 τοὺς
2965 4491 3167 4567 δώδεκα
3197 4491 3521 4567 ἀποστόλους,
3543 4498 3597 4550 δι’
3612 4491 3666 4544 ὧν

497 4603 551 4655 in
588 4610 745 4654 utero
775 4601 975 4654 clamat
1009 4601 1340 4670 parturiens,
1380 4610 1433 4655 et
1461 4600 1882 4656 cruciabaturut
1905 4617 2021 4671 part

2159 4605 2476 4677 καθίδρυται
2517 4608 2550 4677 ἡ
2595 4605 2909 4676 Ἐκκλησία.
2959 4625 2976 4656 ι
3021 4607 3130 4660 Kal
3177 4607 3236 4658 ὲν
3285 4599 3467 4674 γαστρὶ
3513 4592 3665 4677 ἔχουσα

495 4704 609 4759 ret;
652 4713 670 4744 ι
720 4693 847 4763 quia
885 4708 991 4747 non
1027 4705 1205 4749 cessat
1232 4693 1472 4750 Ecclesia
1505 4709 1572 4749 ex
1618 4696 1781 4749 corde
1820 4692 2019 4749 Verbui

2158 4696 2348 4768 κράζει
2379 4697 2641 4750 ὠδίνουσα
2680 4697 2772 4750 xal
2808 4697 3202 4768 βασανιζομένη
3253 4696 3448 4750 τεκεῖν·
3487 4705 3503 4738 ³
3530 4672 3662 4776 mlo?

496 4788 736 4858 gignere,
769 4785 913 4854 quod
935 4786 988 4839 in
1003 4787 1203 4840 mundo
1218 4787 1285 4840 ab
1304 4786 1607 4841 inﬁdelibus
1629 4787 2020 4856 persecutionel

2163 4788 2428 4842 παύσεται
2473 4789 2506 4858 ὴ
2560 4787 2852 4857 Ἐκκλησία
2886 4787 3127 4856 γεννῶσα
3158 4790 3222 4840 ὲκ
3253 4783 3466 4856 καρδίας
3496 4768 3664 4866 “vi”:

497 4879 717 4950 patitur.
760 4897 778 4930 ι
819 4877 884 4932 Ει
907 4878 1144 4948 peperit,
1181 4879 1373 4949 inquit,
1408 4881 1575 4934 ﬁlium
1607 4849 1931 4944 masculum,
1966 4895 2021 4949 qi

2160 4896 2275 4948 γον,
2323 4879 2414 4932 τὸν
2446 4849 2506 4930 ἐν
2532 4878 2722 4950 κόσμῳ
2745 4849 2856 4931 ύπδ
2893 4849 3136 4932 ἀπίστων
3173 4849 3498 4946 διωκόμενον.
3538 4880 3554 4912 ι
3581 4849 3661 4909 Καὶ

571 4993 618 5025 ⁸ο
645 4995 812 5062 Apoc.
845 5008 942 5058 χιι,
973 4993 1090 5046 1-6.
1168 4993 1209 5024 ⁸¹
1235 4991 1366 5046 Ibid.
1436 4993 1636 5058 13,17.

499 5112 786 5186 (ξιιιτὶδιίλιιο
808 5109 1070 5186 Ecclesiae
1102 5111 1340 5166 membra
1373 5112 1502 5175 sint,
1529 5122 1679 5166 extra
1715 5112 1899 5186 mundi
1931 5127 2053 5180 pro-
2163 5111 2327 5175 ίστόν,
2380 5130 2396 5161 ι
2429 5125 2534 5186 qua
2570 5119 2724 5186 parte
2759 5111 3014 5186 religatur
3059 5108 3202 5186 malo
3224 5125 3247 5186 ;_
3272 5127 3290 5160 ι
3317 5096 3658 5186 εἰηιιψίί

503 5181 995 5256 {ani_s_alsedinem,
1046 5181 1320 5236 lavacrum
1342 5193 1439 5256 est
1474 5169 2060 5251 regeiiei'utimiis,'quo
2168 5169 2345 5256 rostra
2385 5169 2746 5256 et‘insignia,
2784 5169 2942 5256 quasi
2993 5169 3250 5256 tessellati
3281 5169 3653 5256 aliquid

503 5253 836 5338 siclnghri's'to
871 5233 1920 5338 incorporamuricounsro.ﬂ:ﬁ;
1956 5233 2018 5251 Γ

2166 5233 2624 5338 cadavera?
2653 5233 2898 5338 teri?“
2933 5233 3658 5338 δεκίης,τξτέέξὲνλϊηξαᾷξζὲῑ

574 5321 684 5408 (2g)
733 5305 1041 5408 Ψηφαροί.’
1067 5319 1506 5408 felim‘discere.
1543 5321 1683 5402 quid.
1703 5321 1844 5375 istud
1871 5321 1944 5408 in
2001 5337 2059 5376 re
2167 5305 2311 5391 ᾧίον,
2342 5305 2360 5370 ἒ
2395 5305 2865 5408 rostrumavium,
2892 5305 3656 5408 i'orneosopliiu'm‘.53:13:”:

503 5376 716 5445 nautica
745 5432 759 5453 ,
805 5376 1012 5461 'qui'dve
1067 5392 1139 5446 ita
1183 5401 1432 5446 antemna:
1495 5376 1805 5461 impositum
1871 5392 2056 5460 illique
2162 5376 2428 5452 corona,
2458 5405 2605 5461 ιιιιαεΔ
2646 5376 2954 5444 istiusmodi
3017 5376 3330 5461 ornamenta
3359 5376 3585 5461 admitti:
3616 5376 3638 5412 θ

505 5437 914 5554 Ἦιηίιιβιιεῗιιο
943 5463 1099 5543 quasi
1127 5463 1542 5532 supervolitans,
1570 5437 1712 5554 quod
1754 5437 1980 5517 sanctosI
2001 5463 2056 5554 il:
2165 5437 2534 5554 icugiculas’ac
2566 5459 2742 5529 signa,
2775 5459 3053 5554 sLuperiorix
3070 5459 3180 5527 jam
3213 5458 3336 5512 sede
3359 5437 3659 5554 llocataJni’el

569 5539 704 5554 --.μμ
755 5547 914 5554 -.Α-υ-
974 5545 1307 5554 ----------.--
1383 5536 1562 5554 ____-L-
1598 5549 1620 5554 --
1673 5541 2009 5554 _-____-__.-.
2293 5532 2318 5554 τ
2403 5537 2421 5554 Α
2464 5531 2734 5554 ----'.....---.
2811 5530 2948 5554 ‘.._...
3005 5547 3032 5554 _
3068 5527 3307 5554 -...'...-..-.
3389 5533 3469 5554 ,ινιι
3513 5536 3569 5551 -ι-

504 5512 718 5605 gnata
734 5512 920 5601 regis
948 5512 1641 5605 ’ῆῐίῐεξξιῑίέέξ’έῑιιιῑιόιιῑ
1661 5512 2056 5605 resignari
2165 5512 2766 5605 ’νζεςγζλτινορμξνοίη
2785 5512 2951 5605 rage
2971 5512 2980 5513 θ
3001 5512 3329 5605 algosis»...
3368 5521 3487 5576 θυι..
3513 5536 3569 5551 .-
3590 5512 3642 5554 ve

509 5599 772 5673 Videntur
805 5598 952 5673 esse,
983 5619 1102 5672 quae
1145 5603 1350 5658 Polluci
1384 5598 1475 5658 lib.
1504 5621 1542 5670 ι,
1585 5619 1702 5673 cap.
1734 5598 1810 5669 ’9,
1847 5602 2033 5672 ἅμὸολι

1625 5619 1702 5673 ap.
1734 5598 1810 5669 '9,
1847 5602 2058 5673 ἀμϐολά
2162 5598 2473 5673 ᾐωρημένοι
2502 5601 2572 5673 ab
2603 5599 2996 5673 almpéw._Tatv.
3023 5598 3149 5673 λιι.

510 5605 767 5653 Videntur
812 5618 952 5666 esse,
983 5619 1102 5672 quae
1145 5605 1350 5658 Polluci
1384 5605 1475 5658 lib.
1504 5621 1542 5670 ι,
1585 5619 1702 5673 cap.
1744 5605 1810 5669 9,
1847 5605 2029 5672 άμὸολε

505 5669 597 5724 καὶ
632 5667 889 5738 σύμϐολα,
919 5687 1038 5740 qua:
1071 5673 1126 5727 in
1155 5675 1334 5731 medio
1356 5686 1605 5731 antennae
1638 5675 1808 5746 ponit,
1837 5673 1973 5727 κατὰ
1998 5690 2026 5725 τ

1944 5605 2058 5655 Ξολα
2162 5605 2473 5724 ᾐωρημένοι
2504 5605 2572 5654 ab
2603 5605 2837 5671 αἰωρέω.
2864 5605 2906 5653 Τ
2911 5615 2996 5653 ΑΝ.
3023 5605 3150 5652 ΕΑΒ.

1944 5673 1973 5726 ὰ
1998 5672 2058 5725 τὸ
2233 5673 2287 5742 (2
2327 5684 2342 5743 )
2379 5670 2467 5738 Τῳ
2490 5670 2557 5724 δὲ
2579 5669 2798 5739 λέγειν.
2827 5669 3098 5733 Ωοιηὺοΐη
3133 5667 3194 5721 τὸ
3213 5668 3267 5722 δὲ
3289 5665 3468 5731 λέγειν·
