3860 6200
210 319 316 373 78!

1307 318 1390 371 DE
1427 316 1722 373 CHRISTO
1759 319 1843 374 ET
1882 317 2363 374 ANTICHRISTO.

3358 323 3461 380 789.

204 440 387 501 ἔτεκε,
443 440 630 510 φησὶν,
682 439 795 493 υἱὸν
848 438 1077 510 ἄρρενα,
1128 439 1185 502 ὃς
1248 439 1425 508 μέλλει
1483 440 1788 510 ποιμαίνειν

1894 450 2007 494 erat
2051 448 2305 495 recturus
2343 454 2532 494 omnes
2575 449 2793 511 gentes;
2848 460 2863 491 ι
2910 442 3164 496 nimirum
3199 440 3457 508 Ecclesia,

202 534 390 586 πάντα
426 533 498 586 τὰ
530 532 690 601 ἔθνη·
736 550 754 581 ι
798 531 886 582 τὸν
934 532 1139 602 ἄρρενα
1181 534 1275 585 καὶ
1305 531 1508 584 τέλειον
1553 532 1785 602 Χριστὸν

205 624 376 677 παῖδα
397 623 557 688 Θεοῦ,
575 622 706 675 θεὸν
734 623 827 675 xal.
847 622 1129 694 ἄνθρωπον
1147 623 1667 693 καταγγελλόμενον,
1695 624 1784 675 ἀεὶ

204 717 469 769 τίκτουσα
504 717 538 786 ή
580 714 905 785 Ἐκκλησία,
937 716 1178 768 διδάσκει
1222 714 1399 768 πάντα
1439 714 1507 768 τά
1534 714 1679 784 ἔθνη.
1712 714 1786 766 Τὸ

204 805 262 857 δὲ
292 806 501 872 λέγειν,
548 825 564 856 ι
601 805 823 875 ἡρπάγη
856 806 917 857 τὸ
945 805 1135 857 τέκνον
1163 804 1331 873 αὐτῆς
1364 803 1497 875 πρὸς
1534 803 1623 856 τὸν
1656 802 1786 855 Θεὸν

203 896 464 966 καὶπρὸς
502 897 593 949 τὸν
626 896 814 967 θρόνον
835 895 1019 948 αὑτοῦ·
1049 916 1066 947 ι
1098 897 1179 949 ὅτι
1202 896 1519 965 ἐπουράνιος
1547 898 1662 947 ἐστι
1690 894 1786 964 βα-

205 987 415 1052 σιλεὺς,
451 988 547 1040 καὶ
574 990 673 1041 οὐκ
698 988 937 1056 ἐπίγειος
966 990 993 1040 6
1024 988 1091 1040 δι’
1121 987 1293 1057 αὐτῆς
1317 988 1405 1040 ἀεὶ
1433 986 1784 1057 γεννώμενος,

200 1081 396 1144 καθὼς
422 1083 518 1135 καὶ
541 1084 705 1136 Δαόὶδ
726 1083 1094 1153 προανεφώνει
1124 1083 1295 1151 λέγων
1318 1101 1330 1113 ο
1368 1102 1386 1134 ι
1428 1079 1589 1137 Εἶπεν
1613 1086 1643 1137 ό
1674 1084 1788 1137 Κύ-

202 1190 321 1242 ρικ
359 1173 441 1241 τῷ
471 1175 657 1245 Κυρίῳ
694 1192 816 1244 μου,
842 1175 1025 1228 Κάθου
1066 1177 1129 1227 ἐκ
1171 1173 1356 1239 δεξιῶν
1405 1192 1525 1246 μου,
1572 1175 1675 1238 ἕως
1724 1175 1789 1227 ἂν

201 1265 278 1316 θῶ
298 1269 436 1328 τοὺς
466 1266 689 1337 ἐχθρούς
720 1284 810 1319 σου
836 1268 1121 1321 ὑποπόδιον
1135 1268 1242 1319 τῶν
1275 1267 1448 1319 ποδῶν
1468 1284 1579 1320 σου.
1598 1286 1615 1317 ι
1651 1267 1789 1318 «Καὶ

199 1352 336 1419 εἶδε,
374 1360 561 1427 φησὶν,
599 1361 627 1410 6
667 1358 900 1429 δράκων,
936 1360 1029 1412 καὶ
1066 1358 1249 1424 ἐδίωξε
1270 1359 1369 1429 τὴν
1388 1361 1637 1427 γυναῖκα,
1670 1360 1791 1428 ἥτις

201 1450 370 1502 ἔτεκε
418 1451 514 1503 τὸν
541 1449 770 1521 ἄρρενα·
826 1451 921 1504 καὶ
960 1450 1220 1522 ἐδόθησαν
1264 1454 1328 1522 τῇ
1359 1452 1577 1519 γυναικὶ
1608 1452 1663 1503 al
1699 1450 1791 1504 δύο

200 1544 489 1613 πτέρυγες
512 1542 604 1594 τοῦ
625 1542 783 1595 ἀετοῦ
809 1542 902 1594 τοῦ
931 1543 1188 1613 μεγάλου,
1224 1544 1309 1595 ἵνα
1334 1544 1561 1613 πέτηται
1587 1545 1666 1606 εἰς
1692 1542 1789 1615 τὴν

202 1636 443 1706 ἔρημον,
488 1637 619 1688 ὅπου
670 1636 923 1707 τρέφεται
976 1636 1091 1687 ἐκεῖ
1140 1636 1353 1707 καιρὸν,
1410 1637 1505 1688 καὶ
1547 1636 1789 1707 καιροὺς,

202 1729 301 1780 καὶ
330 1728 507 1798 ἥμισυ
540 1726 731 1798 καιροῦ
761 1728 867 1779 ἀπὸ
896 1725 1186 1798 προσώπου
1218 1727 1311 1780 τοῦ
1341 1728 1532 1797 ὄφεως.
1573 1746 1590 1777 ι
1626 1722 1791 1781 Αῦταί

1885 534 2014 587 dum
2047 533 2325 587 Christum
2360 531 2452 586 Dei
2485 532 2787 587 masculam
2821 547 2883 587 ac
2906 533 3196 601 perfectam
3228 534 3457 603 prolem,

1886 626 1977 694 qui
2012 623 2155 677 Deus
2181 634 2235 678 et
2278 625 2439 678 homo
2466 623 2822 693 praedicatur,
2866 638 3078 692 semper
3110 625 3274 694 parit,
3310 624 3463 682 docet

1888 730 2079 770 omnes
2128 725 2335 785 gentes.
2388 713 2557 768 Porro
2586 715 2815 768 dicendo
2850 733 2861 767 :
2905 733 2922 764 ι
2975 712 3182 784 Raptus
3207 724 3292 770 est
3319 715 3464 773 ﬁlius

1888 808 2006 877 ejus
2040 808 2103 862 ad
2131 807 2297 863 Deum
2334 818 2382 863 et
2419 809 2486 862 ad
2520 807 2774 861 thronum
2803 808 2955 876 ejus;
3014 826 3031 857 ι
3075 810 3347 864 caelestem
3378 827 3465 866 re-

1889 916 2030 969 gem,
2068 915 2174 953 non
2208 910 2481 954 terrenum
2512 915 2632 955 esse
2672 900 2963 969 signiﬁcat,
2991 900 3165 969 quiex
3201 901 3289 954 illa
3314 917 3462 956 sem-

1889 1005 1983 1059 per
2011 990 2289 1051 nascitur,
2328 1000 2385 1043 ut
2416 990 2576 1044 etiam
2609 989 2772 1043 David
2812 992 3201 1060 pronuntiavit,
3228 992 3416 1046 dicens
3446 1011 3461 1045 :

1894 1098 1913 1132 ι
1975 1079 2120 1134 Dixit
2172 1080 2435 1137 Dominus
2488 1081 2719 1135 Domino
2783 1097 2951 1135 meo:
2989 1082 3128 1137 Sede
3166 1098 3198 1137 a
3259 1083 3464 1137 dextris

1888 1174 2057 1237 meis;
2090 1174 2260 1227 donec
2274 1190 2469 1244 ponam
2499 1176 2750 1229 inimicos
2783 1166 3238 1236 tuos,scabellum
3259 1176 3457 1245 pedum

1890 1274 2108 1320 tuorum
2171 1266 2239 1320 θ’.
2280 1285 2297 1317 ι
2365 1284 2383 1317 ι
2422 1265 2489 1319 Ει
2518 1267 2670 1329 vidit,
2705 1267 2898 1335 inquit,
2932 1266 3098 1321 draco
3129 1277 3182 1322 et
3212 1283 3465 1337 persecuo

1892 1366 1979 1411 tus
2007 1364 2089 1411 est
2117 1357 2420 1424 mulierem,
2448 1372 2569 1427 quae
2593 1368 2875 1427 pepererat
2904 1359 3229 1414 masculum.
3276 1357 3343 1413 Et
3366 1361 3463 1414 da-

1893 1456 1959 1503 ιω
1990 1458 2118 1504 sunt
2161 1448 2375 1502 mulieri
2408 1448 2528 1503 duae
2552 1448 2650 1502 ala:
2679 1448 2872 1517 aquila:
2902 1464 3131 1519 magnae.
3165 1458 3225 1504 ut
3255 1451 3465 1507 volaret

1892 1541 1945 1595 in
1977 1541 2247 1596 desertum
2270 1581 2285 1605 ,
2342 1541 2432 1594 ubi
2462 1540 2627 1594 alitur
2661 1556 2757 1611 per
2792 1552 3007 1611 tempus
3035 1552 3087 1597 et
3122 1552 3361 1614 tempora
3409 1556 3464 1601 et

1894 1633 2177 1688 dimidium
2224 1634 2507 1702 temporis,
2553 1650 2583 1686 a
2635 1633 2771 1690 facie
2812 1636 3096 1705 serpentis.
3158 1656 3175 1687 ι
3218 1636 3281 1691 Hi
3334 1649 3464 1694 sunt

1893 1726 2010 1781 dies
2057 1726 2204 1781 mille
2249 1726 2467 1780 ducenti
2518 1727 2795 1795 sexaginta
2829 1728 2874 1758 ⁸³
2910 1727 3211 1795 (dimidium
3254 1729 3462 1785 scilicet

203 1819 351 1869 εἰσιν
398 1818 457 1870 αἱ
504 1817 671 1887 χίλιαι
716 1818 985 1871 διακόσιαι
1040 1817 1320 1889 ἐξήκοντα,
1378 1819 1437 1871 τὸ
1482 1819 1649 1889 ἥμισυ
1696 1818 1789 1887 τῆς

1898 1816 2270 1887 hebdomadas)
2304 1818 2502 1887 quibus
2539 1828 2798 1889 tyrannus
2834 1834 3015 1873 rerum
3048 1821 3303 1889 potietur,
3332 1837 3461 1891 per-

202 1910 529 1980 ἑϐδομάδος,
564 1911 629 1973 ἀς
661 1911 922 1981 κρατήσει
961 1910 1240 1983 τύραννος,
1272 1910 1490 1964 διώκων
1532 1909 1628 1980 τὴν
1672 1911 1789 1962 Ἐκ-

1894 1925 2125 1980 sequens
2164 1908 2461 1965 Ecelesiam
2509 1910 2801 1980 fugientem
2842 1910 2908 1965 de
2937 1912 3154 1967 civitate
3191 1915 3244 1967 in
3274 1913 3464 1968 civita-

203 2002 447 2070 κλησίαν
472 2002 775 2070 φεύγουσαν
803 2003 910 2055 ἀπὸ
936 2003 1139 2067 πόλεως
1155 2006 1232 2066 εἰς
1261 2002 1433 2065 πόλιν,
1468 2002 1560 2055 καὶ
1588 2003 1643 2053 ἐν
1666 2004 1789 2072 ἐρη-

1894 2009 2021 2065 lem,
2053 2009 2106 2054 et
2140 2001 2193 2053 in
2228 2000 2519 2054 solitudine
2552 2000 2604 2052 in
2632 2000 2905 2055 montibus
2936 2002 3236 2058 latitantem
3260 2044 3275 2067 ,
3312 2005 3462 2059 nullo

206 2092 311 2162 μία
342 2092 726 2163 κρυπτομένην
751 2096 809 2147 ἐν
836 2097 949 2157 τοῖς
968 2094 1169 2167 ὄρεσιν,
1190 2095 1416 2165 ἔχουσαν
1448 2093 1563 2164 μεθ’
1594 2094 1789 2164 ἑαυτῆς

1894 2092 1997 2146 alio
2036 2100 2207 2145 tutam
2236 2090 2523 2160 praesidio,
2566 2107 2728 2160 quam
2763 2092 2993 2146 duarum
3037 2094 3243 2148 alarum
3268 2095 3463 2165 aquila:

200 2185 362 2236 οῦδὲν
390 2184 611 2256 ἓτερον,
650 2187 696 2237 εί
732 2186 804 2257 μὴ
834 2186 932 2251 τάς
961 2186 1052 2239 δύο
1079 2186 1353 2257 πτέρυγας
1386 2185 1477 2238 τοῦ
1507 2184 1664 2239 ἀετοῦ
1695 2185 1789 2238 τοῦ

1894 2199 2127 2254 magnae;
2172 2182 2295 2237 fidei
2340 2182 2543 2238 scilicet
2582 2181 2708 2238 Jesu
2744 2182 2970 2248 Christi,
3001 2186 3373 2255 qui,extensis
3404 2188 3461 2241 in

206 2275 481 2345 μεγάλου,
508 2277 802 2339 τουτέστιν,
838 2276 1012 2348 Ἰησοῦ
1035 2275 1271 2348 Χριστοῦ
1303 2277 1503 2339 πίστιν,
1533 2276 1592 2339 ὃς
1614 2277 1788 2329 ἐκτεί-

1894 2283 2078 2329 sancta
2121 2288 2283 2329 cruce
2313 2274 2517 2330 sanctis
2556 2276 2808 2330 manibus
2851 2276 2987 2343 suis,
3034 2278 3171 2334 duas
3218 2280 3465 2336 extendit

202 2382 308 2430 νας
335 2367 440 2430 τὰς
472 2369 631 2437 ἁγίας
651 2372 833 2440 χεῖρας
859 2370 915 2421 ἐν
942 2368 1081 2439 ἀγίῳ
1112 2368 1273 2441 ξύλῳ,
1304 2370 1520 2439 ἥπλωσε
1548 2369 1641 2422 δύο
1662 2370 1788 2423 πτέ-

1894 2366 2029 2429 alas,
2052 2365 2326 2421 dexteram
2355 2376 2519 2436 atque
2548 2367 2849 2426 sinistram.
2877 2385 3077 2424 vocans
3097 2372 3162 2426 ad
3186 2387 3245 2427 se
3270 2388 3461 2429 omnes

207 2476 412 2529 ρυγας,
459 2460 637 2527 δεξιὰν
669 2462 761 2513 καὶ
798 2460 1109 2530 εὐώνυμον,
1152 2460 1620 2532 προσκαλούμενος
1653 2460 1788 2513 πάν-

1894 2456 2099 2523 lideles,
2153 2473 2216 2511 ac
2264 2458 2411 2513 velut
2456 2458 2653 2527 gallina
2684 2474 2778 2514 eos
2803 2471 3114 2530 protegens.
3139 2460 3273 2517 Nam
3301 2473 3353 2519 et
3384 2466 3462 2519 ait

204 2568 314 2613 τας
348 2551 479 2614 τοὺς
508 2554 587 2614 είς
625 2552 786 2605 αὑτὸν
825 2552 1196 2615 πιστεύοντας,
1238 2551 1335 2605 xa‘t
1378 2550 1663 2614 σκεπάζων
1715 2550 1789 2613 ὡς

1896 2563 1992 2617 per
2027 2547 2345 2603 Malacbiam
2379 2568 2392 2603 :
2432 2568 2449 2601 ι
2490 2548 2658 2605 Vobis
2679 2551 2771 2621 qui
2799 2552 3000 2606 timetis
3031 2568 3228 2608 nomen
3253 2570 3459 2618 meum.

205 2644 366 2712 ὅρνις
393 2644 665 2707 νεοσσούς.
703 2646 813 2698 Ka't
852 2645 957 2715 γὰρ
984 2644 1069 2698 διὰ
1100 2644 1375 2713 Μαλαχίου
1415 2642 1546 2713 φησί
1574 2659 1588 2672 ο
1623 2661 1641 2693 ι
1682 2642 1789 2694 Καὶ

1897 2641 2103 2696 orietur
2142 2640 2234 2696 Sol
2260 2641 2517 2711 justitize;
2548 2652 2601 2696 et
2632 2642 2840 2697 sanitas
2874 2644 2928 2696 in
2969 2644 3162 2712 pennis
3185 2646 3304 2715 ejus
3329 2646 3394 2700 ⁸⁸.
3438 2668 3457 2699 ι

206 2741 347 2810 ὑμῖν
381 2746 493 2803 τοῖς
523 2741 874 2813 φοϐουμένοις
914 2742 973 2793 τὸ
1018 2742 1187 2810 ὄνομά
1210 2758 1310 2811 μου
1352 2740 1599 2794 ἀνατελεῖ
1639 2739 1831 2801 ’Ἥλιος
1860 2738 2242 2808 δικαιοσύνης,
2312 2740 2405 2791 καὶ
2461 2739 2604 2801 ίασις
2636 2740 2694 2791 ἐν
2750 2742 2869 2802 ταῖς
2929 2739 3183 2810 πτέρυξιν
3213 2742 3400 2798 αὑτοῦ.
3438 2765 3457 2795 ι

286 2840 452 2907 Λέγει
485 2839 540 2891 δὲ
573 2839 665 2891 καὶ
697 2838 724 2889 6
758 2836 992 2908 Κύριος·
1043 2838 1209 2891 Ὅταν
1249 2836 1393 2907 ἴδητε
1429 2835 1489 2888 τὸ
1524 2835 1789 2905 βδέλυγμα

1962 2832 2122 2887 LXII.
2177 2834 2267 2887 Ait
2294 2849 2420 2889 vero
2445 2834 2607 2888 etiam
2642 2834 2945 2889 Dominus:
2975 2853 2993 2885 ι
3035 2834 3171 2889 Cum
3216 2838 3462 2895 videritis

204 2931 317 2999 τῆς
346 2928 679 3001 ἐρημώσεως
707 2928 879 2992 ἐστὼς
902 2931 958 2982 ἐν
980 2929 1130 2999 τόπῳ
1145 2928 1308 2999 ἁγίῳ,
1346 2930 1374 2980 ὁ
1403 2926 1789 2996 ἀναγινώσκων

1894 2924 2348 2979 abominationem
2390 2925 2743 2981 desolationis
2777 2935 3008 2981 stantem
3040 2928 3093 2982 in
3122 2930 3243 2984 loco
3274 2941 3460 2987 sancto

206 3024 411 3075 νοείτω
427 3039 440 3051 ⁸
479 3022 595 3075 τότε
618 3024 666 3074 οἱ
692 3024 748 3074 ἐν
763 3026 828 3093 τῇ
862 3020 1084 3092 Ἰουδαίᾳ
1106 3023 1453 3090 φευγέτωσαν
1475 3024 1553 3084 είς
1583 3021 1650 3074 τὰ
1668 3019 1789 3091 ὅρη,

1895 3016 2010 3086 (qui
2040 3016 2185 3086 legit,
2231 3017 2516 3088 intelligat)
2545 3059 2559 3083 ,
2602 3028 2733 3072 tunc
2758 3018 2851 3087 qui
2886 3019 2940 3073 in
2971 3017 3153 3075 Iudaea
3189 3031 3336 3088 sunt,
3384 3023 3465 3078 fu—

207 3116 308 3168 καὶ
348 3116 378 3167 ό
409 3114 504 3166 ἐπ).
532 3112 797 3183 δώματος,
832 3111 908 3186 μὴ
930 3111 1302 3167 καταϐαινέτω
1332 3108 1460 3184 ἆραι
1486 3112 1547 3165 τὸ
1582 3112 1789 3185 ἱμάτιον

1894 3110 2044 3181 giant
2070 3109 2136 3163 ad
2172 3118 2418 3175 montes;
2465 3120 2520 3163 et
2570 3109 2662 3178 qui
2706 3108 2758 3163 in
2816 3117 2995 3174 tecto,
3036 3124 3146 3165 non
3174 3110 3466 3167 descendat

205 3206 385 3259 αὐτοῦ
407 3248 421 3271 ,
452 3208 547 3259 καὶ
575 3209 602 3259 6
627 3208 685 3259 ἐν
713 3206 886 3277 ἀγρῷ,
921 3205 993 3276 μὴ
1021 3205 1399 3276 ἐπιστρεψάτω
1417 3207 1495 3269 εἰς
1524 3206 1592 3259 τά
1619 3207 1793 3261 ὀπίσω

210 3295 348 3368 ἆραι
383 3316 437 3351 τι
470 3300 532 3351 ἐκ
563 3298 662 3368 τῆς
707 3298 882 3360 οἰκίας
908 3295 1087 3349 αὑτοῦ.
1138 3298 1272 3349 Ούαὶ
1302 3297 1357 3350 δὲ
1389 3301 1505 3362 ταῖς
1521 3300 1577 3350 ἐν
1598 3298 1793 3370 γαστρὶ

213 3392 494 3462 ἐχούσαις,
526 3391 617 3443 καὶ
638 3393 756 3453 ταῖς
788 3388 1141 3461 ϐηλαζούσαις
1173 3393 1229 3443 ἐν
1263 3390 1495 3454 ἐκείναις
1516 3392 1635 3453 ταῖς
1658 3391 1793 3461 ἡμέ-

220 3503 342 3557 ραις
361 3502 374 3515 ·
422 3485 572 3536 ἐσται
602 3483 707 3553 γὰρ
742 3483 861 3535 τότε
895 3482 1069 3552 θλίψις
1096 3482 1324 3554 μεγάλη,
1348 3482 1505 3561 όποία
1526 3484 1587 3536 οὐ
1628 3482 1790 3551 γέγο-

215 3596 306 3631 νεν
348 3578 441 3629 ἀπ’
489 3576 661 3647 ἀρχῆς
692 3575 927 3645 κόσμου,
972 3576 1065 3627 xal.
1108 3575 1156 3626 εί
1193 3573 1267 3644 μὴ
1305 3572 1712 3644 ἐκολοϐώθησαν
1736 3575 1790 3625 al

216 3670 421 3742 ἡμέραι
457 3670 694 3729 ἐκεῖναι,
739 3666 837 3719 οὐκ
867 3665 932 3719 ἂν
958 3663 1133 3735 ἐσώθη
1164 3666 1311 3718 πᾶσα
1346 3665 1498 3737 σάρξ.
1539 3684 1557 3716 ι
1595 3665 1792 3735 Δανιὴλ

217 3764 274 3817 δὲ
309 3763 486 3831 λέγει’
541 3780 559 3811 ι
611 3761 718 3813 Καὶ
749 3758 976 3812 διὲισουσι
1012 3759 1284 3829 βδέλυγμα
1312 3756 1645 3829 ἐρημώσεως
1678 3758 1789 3829 (25)

218 3857 433 3928 ἡμέρας
473 3853 650 3924 χιλίας
704 3852 978 3915 διακοσίας
1030 3853 1397 3922 ἐννενήκοντα.
1437 3851 1719 3923 Μακάριος
1762 3854 1791 3904 6

224 3948 520 4018 ὑπομείνας
565 3946 658 3999 καὶ
705 3944 915 4014 φθάσας
955 3944 1033 4006 εἰς
1071 3943 1285 4015 ἡμέρας
1313 3943 1487 4014 χιλίας
1516 3944 1790 4008 διακοσίας

223 4040 573 4111 ἐννενήκοντα
627 4039 807 4091 πέντε.
873 4056 892 4089 ι

301 4135 359 4187 '0
391 4133 450 4184 δὲ
487 4130 751 4203 μακάριος
786 4128 995 4193 Παῦλος
1035 4130 1063 4181 6
1088 4129 1379 4192 ἀπόστολος
1405 4129 1630 4200 γράφων
1656 4128 1790 4201 πρὸς

222 4226 653 4288 Θεσσαλονικεῖς,
689 4223 850 4293 φησίν
872 4240 885 4253 ·
930 4242 948 4274 ι
1003 4222 1323 4294 Ἐρωτῶμεν
1353 4222 1408 4274 δὲ
1438 4222 1600 4291 ὑμᾶς,
1636 4221 1789 4274 ἀδελ-

224 4322 329 4387 φοὶ,
378 4320 521 4388 ὑπὲρ
550 4319 647 4387 τῆς
682 4316 981 4389 παρουσίας
1019 4314 1111 4367 τοῦ
1161 4315 1363 4385 Κυρίου
1404 4314 1557 4383 ἡμῶν
1615 4312 1789 4383 Ἰησοῦ

1894 3203 2083 3257 tollere
2110 3210 2312 3255 vestem
2344 3216 2535 3267 suam;
2584 3208 2637 3255 et
2666 3200 2762 3270 qui
2799 3200 2853 3254 in
2887 3216 3039 3272 agro,
3079 3216 3190 3256 non
3223 3213 3466 3258 reverta-

1892 3303 1982 3350 tur
2021 3304 2079 3349 ut
2118 3295 2276 3349 tollat
2301 3294 2505 3364 aliquid
2553 3295 2619 3349 de
2650 3294 2812 3349 domo
2841 3309 2959 3348 sua.
3002 3292 3093 3348 Va:
3118 3302 3297 3349 autem
3326 3311 3463 3365 pra:-

1892 3388 2182 3459 gnantibus
2230 3400 2282 3442 et
2324 3386 2651 3442 lactantibus
2693 3387 2748 3440 in
2778 3386 2968 3442 diebus
2997 3387 3123 3442 illis.
3169 3386 3283 3442 Erit
3315 3389 3461 3443 enim

1894 3488 2023 3534 tunc
2054 3479 2335 3533 tribulatio
2374 3493 2568 3549 magna
2597 3520 2613 3545 ,
2664 3478 2841 3548 qualis
2888 3492 2994 3531 non
3048 3479 3152 3532 luit
3193 3480 3262 3533 ab
3307 3480 3463 3533 initio

1892 3568 2101 3623 mundi.
2137 3567 2203 3622 Et
2230 3568 2335 3623 nisi
2364 3568 2593 3623 breviati
2631 3566 2860 3623 fuissent
2896 3569 3013 3623 dies
3046 3569 3142 3635 illi,
3176 3585 3282 3625 non
3313 3571 3464 3625 salva

1892 3659 2044 3716 lieret
2076 3659 2255 3713 omnis
2287 3674 2415 3714 caro
2436 3659 2502 3711 ⁸⁸.
2560 3677 2579 3710 ι
2628 3657 2814 3712 Daniel
2847 3668 3027 3713 autem
3065 3660 3141 3712 ait
3172 3677 3185 3713 :
3221 3678 3241 3710 ι
3279 3659 3344 3714 Et
3367 3661 3465 3714 da-

1892 3752 2027 3807 bunt
2060 3750 2523 3805 abominationem
2562 3749 2917 3805 desolationis
2945 3750 3061 3804 dies
3095 3751 3241 3805 mille
3266 3751 3464 3807 ducen-

1892 3854 1977 3899 tos
2009 3844 2324 3913 nonaginta.
2355 3841 2553 3896 Beatus
2582 3841 2675 3910 qui
2698 3842 3030 3910 exspectavit
3055 3851 3108 3896 et
3135 3842 3377 3911 pervenit
3394 3843 3463 3897 ad

1892 3938 2007 3995 dies
2041 3936 2187 3991 mille
2214 3936 2479 3991 ducentos
2514 3933 2809 4003 nonaginta
2842 3934 3082 4003 quinque
3103 3934 3170 3988 “.
3219 3953 3238 3985 ι

1963 4120 2142 4176 LXlll.
2179 4120 2376 4175 Beatus
2404 4120 2532 4174 item
2569 4115 2772 4171 Paulus
2803 4115 3081 4187 apostolus
3110 4115 3357 4170 scribens
3394 4115 3461 4169 ad

1891 4214 2407 4272 Thessalonicenses
2427 4254 2442 4276 ,
2474 4213 2549 4265 ait
2580 4228 2594 4262 :
2633 4229 2651 4259 ‹
2694 4208 2967 4278 Rogamus
3003 4216 3177 4263 autem
3209 4222 3325 4273 vos,
3358 4205 3464 4262 fra-

1893 4316 2024 4370 tres,
2077 4322 2172 4375 per
2210 4306 2502 4359 adventum
2548 4299 2765 4355 Domini
2789 4300 2956 4355 nostri
2982 4298 3110 4354 Jesu
3136 4298 3363 4365 Christi,
3409 4310 3463 4354 et

218 4410 478 4481 Χριστοῦ,
526 4409 619 4461 καὶ
661 4388 815 4477 ἡμῶν
855 4405 1270 4475 ἐπισυναγωγῆς
1321 4405 1407 4457 ἐπ’
1440 4405 1607 4474 αὐτῆς
1657 4404 1789 4472 (26),

1897 4397 2070 4452 nostri
2100 4395 2537 4467 aggregationem
2570 4393 2625 4446 in
2672 4392 2790 4462 ipso
2811 4432 2825 4455 ,
2867 4401 2924 4446 ut
2966 4406 3074 4445 non
3099 4391 3207 4447 cito
3237 4406 3461 4447 movea—

218 4507 298 4567 εἰς
324 4504 384 4555 τὸ
406 4503 480 4573 μὴ
510 4500 714 4572 ταχέως
737 4500 1060 4569 σαλευθῆναι
1082 4499 1224 4569 ὑμᾶς
1242 4498 1348 4550 ἀπὸ
1372 4496 1465 4549 τοῦ
1490 4497 1626 4560 νοὸς,
1660 4497 1793 4567 μήτε

219 4595 517 4666 θροεῖσθαι,
544 4595 678 4663 μήτε
706 4592 792 4645 διὰ
820 4591 1145 4662 πνεύματος,
1175 4591 1309 4659 μήτε
1337 4587 1425 4641 διά
1451 4588 1627 4655 λόγου,
1658 4590 1794 4658 μήτε

216 4690 280 4741 δι’
314 4685 617 4740 ἐπιστολῶν
640 4688 714 4750 ώς
742 4687 807 4739 δι’
836 4686 1010 4756 ἡμῶν,
1042 4683 1115 4746 ὡς
1131 4684 1211 4735 ὅτι
1231 4682 1522 4749 ἐνέστηκεν
1542 4682 1575 4750 ἡ
1603 4680 1791 4750 ἡμέρα

215 4780 308 4833 τοῦ
354 4778 591 4851 Κυρίου’
640 4781 799 4849 μήτις
837 4779 979 4847 ὑμᾶς
1036 4775 1348 4845 ἐξαπατήσῃ
1395 4771 1535 4825 κατά
1589 4770 1790 4841 μηδένα

490 4870 568 4922 ὅτι
608 4868 701 4920 ἐὰν
744 4867 816 4938 μὴ
856 4866 982 4937 ἔλθῃ
1015 4866 1047 4935 ἡ
1077 4862 1379 4916 ἀποστασία
1415 4860 1663 4932 πρῶτον,
1696 4861 1791 4913 xal.

215 4960 578 5031 ἀποκαλυφθῇ
622 4962 651 5013 6
698 4960 979 5031 ἄνθρωπος
1018 4958 1117 5027 τῆς
1153 4954 1456 5027 ἁμαρτίας,
1494 4953 1522 5004 6
1555 4952 1669 5015 υίὸς
1698 4951 1795 5022 τῆς

283 5105 329 5135 ⁸³
354 5102 691 5160 Psal.c1x.l.
765 5102 812 5133 ⁸³
846 5102 1011 5170 Apoc.
1053 5115 1125 5157 χι.
1156 5106 1238 5170 δη
1264 5098 1330 5170 ξδδ
1368 5095 1599 5151 Malach.
1634 5112 1709 5160 IV,
1759 5093 1813 5148 2.

213 5173 407 5228 20-23.
484 5174 531 5206 ⁸⁸
554 5172 689 5227 Dan.
727 5188 804 5238 ιι,
828 5168 929 5236 ὄϊς
959 5185 1032 5225 xtl
1057 5210 1071 5232 ,
1107 5170 1193 5233 Η,
1220 5168 1311 5221 12.

283 5292 404 5362 (25)
445 5276 1152 5362 ,ϐδέλυγμα-ἐρημώσεως.
1183 5283 1366 5338 Graeca
1398 5281 1557 5362 Vulg.
1587 5284 1783 5361 ἠφανι-

214 5354 438 5434 σμένον.
489 5354 1059 5434 Videturllippolytus
1087 5372 1152 5410 ex
1198 5354 1461 5408 memoria
1486 5354 1616 5434 haec
1650 5354 1785 5431 seri-

187 5421 430 5503 .psisse;
476 5439 537 5503 _ut
559 5421 975 5503 qui_d_ies_'mille
1003 5427 1266 5481 ducentos
1284 5423 1598 5503 nonaginta
1628 5421 1787 5503 quin-

210 5492 325 5573 que
359 5492 515 5569 penit
537 5492 673 5573 {ubi
707 5497 925 5573 Hebraza
962 5510 1259 5573 omnesque
1282 5494 1604 5562 interpretes
1634 5492 1781 5545 mille

211 5566 493 5628 trecentos
520 5568 732 5637 triginta
765 5568 1005 5691 quinque
1046 5566 1264 5628 habent,
1305 5576 1615 5642 quanquam
1644 5575 1777 5614 nus-

213 5658 385 5691 uuam
431 5640 720 5691 proclivior
809 5637 1037 5691 ιαωωνία
1077 5646 1130 5690 et
1174 5650 1346 5691 error.
1381 5648 1543 5691 quam
1593 5648 1644 5683 ιιι
1689 5646 1777 5682 nu-

213 5658 385 5712 quam
431 5640 720 5712 p_t'oclivi_o_r
776 5637 1037 5712 διαφωνία
1077 5646 1130 5690 et
1174 5648 1543 5712 error,_quam
1593 5637 1787 5712 invnu-

215 5700 409 5767 literis.
434 5700 618 5763 'Etiam
648 5700 888 5763 Matthaei'
919 5708 1081 5761 verba
1127 5720 1316 5774 parum
1363 5700 1567 5774 luxata,
1631 5700 1785 5754 aliter

216 5800 285 5837 ac
310 5782 497 5836 Cneca
528 5778 685 5850 Vulg.
715 5793 1010 5844 omnesque
1037 5772 1139 5832 alii
1161 5776 1376 5830 habent.
1411 5772 1647 5826 Connnr.

1891 4489 2025 4543 mini
2048 4504 2077 4541 a
2109 4503 2293 4551 sensu,
2326 4501 2503 4555 neque
2534 4484 2848 4548 turbemini,
2875 4498 3053 4554 neque
3069 4499 3166 4553 per
3186 4483 3459 4553 spiritum,

1890 4596 2067 4650 neque
2095 4594 2188 4650 per
2220 4592 2555 4641 sermonem,
2584 4591 2758 4646 neque
2791 4590 2885 4644 per
2900 4574 3178 4644 epistolas,
3203 4584 3462 4645 tanquam

1896 4673 2054 4728 nobis
2080 4671 2412 4736 auctoribus,
2448 4671 2607 4740 quasi
2634 4668 2797 4722 instet
2825 4667 2938 4722 dies
2959 4665 3171 4720 Domini
3199 4684 3212 4721 ι
3250 4682 3318 4721 ne
3338 4669 3463 4737 quis

1889 4781 1988 4821 vos
2021 4765 2253 4835 decipiat
2280 4764 2391 4819 ullo
2426 4763 2629 4835 modo;
2674 4760 2933 4829 quoniam
2981 4758 3085 4812 nisi
3112 4758 3322 4813 venerit
3348 4759 3463 4814 dis-

1894 4855 2071 4912 cessio
2116 4856 2374 4925 primum,
2417 4864 2472 4909 et
2529 4852 2798 4908 revelatus
2832 4850 2995 4904 fuerit
3032 4849 3195 4903 homo
3230 4850 3460 4919 peccati,

1903 4948 2045 5002 filius
2075 4946 2414 5016 perditionis,
2446 4945 2538 5015 qui
2569 4954 2652 4999 est
2680 4942 3025 4997 adversarius
3051 4982 3066 5005 ,
3100 4950 3154 4994 et
3184 4941 3463 5008 extollitur

1892 5092 1937 5123 ⁸³
1972 5090 2327 5152 Matth.xxtv,
2363 5086 2559 5150 15-22;
2597 5085 2760 5139 Marc.
2795 5100 2912 5145 xm,
2940 5082 3144 5147 16.20;
3179 5079 3312 5134 Luc.
3342 5098 3459 5141 xxi.

1955 5277 2067 5364 (26)
2105 5275 2238 5364 ,Ἐπ’
2270 5270 2476 5364 αὐτῆς
2519 5269 2586 5322 Et
2608 5272 2728 5364 1Ιιιὶξε1
2752 5268 3045 5364 singulare.
3076 5263 3264 5364 Graeca
3296 5262 3455 5364 Vl'ulg.

1883 5334 1971 5403 ἐπἒ
2002 5334 2182 5408 αὑτὸν,
2226 5334 2509 5398 referendo
2556 5340 2624 5394 ad
2667 5334 2945 5392 Christum
2970 5374 2985 5397 ,
3020 5350 3125 5408 non
3158 5334 3225 5388 ad
3259 5336 3463 5388 adven-

1886 5431 2023 5482 tum,
2056 5407 2507 5485 τῆςίπαρουσίας.
2554 5410 2763 5463 Sensus
2792 5415 2973 5485 tamen
3004 5407 3147 5459 altus
3173 5412 3257 5459 est
3285 5416 3339 5459 et
3360 5420 3461 5458 ex-

1885 5477 2122 5560 peditus.
2162 5493 2223 5538 ut
2261 5477 2515 5560 respiciat
2547 5488 2761 5559 raptum
2789 5477 3170 5560 electorumiac
3190 5484 3463 5543 prmstan.

1886 5549 2021 5614 tium
2050 5556 2319 5624 iustorum
2348 5549 2646 5624 adeumin
2683 5561 2806 5599 aera
2839 5563 2869 5624 ι⁸
2892 5559 3013 5614 quae
3039 5559 3228 5598 eorum
3269 5564 3463 5624 ηερ-ρ..

1893 5615 2256 5699 gatio'injpso
2288 5620 2501 5699 Domini
2525 5615 2943 5699 adventuxlujus
2978 5615 3465 5699 commonefacere

1891 5686 2067 5768 potuit
2104 5686 2304 5768 Paulus
2341 5690 2558 5768 eosdem
2590 5686 3135 5768 Thessalonicensem
3164 5703 3465 5759 eorumque

1892 5755 2103 5823 animos
2138 5766 2204 5820 ad
2238 5779 2361 5821 eum
2390 5762 2616 5832 erigere.
2651 5755 2726 5811 lu.
