3852 6208
507 275 614 332 785

1180 277 1238 331 8.
1278 276 1635 334 HIPPOLYTI
1673 278 1819 334 OPP.
1856 279 2034 335 PARS
2067 279 2131 335 ll.
2173 313 2241 322 -—
2279 280 2579 337 DOGMAT.
2620 280 2709 336 ET
2745 281 3084 339 HISTORIC.

3589 295 3671 350 ττι

509 408 672 463 super
697 407 912 448 omnem
947 393 1039 464 qui
1066 393 1264 450 dicitur
1296 395 1438 452 Deus
1466 406 1561 452 aut
1590 413 1814 464 numen,
1852 399 2000 454 itaut
2021 399 2066 454 in

2177 400 2470 466 ἀπωλείας,
2502 402 2530 453 6
2561 401 2934 471 ἀντικείμενος
2961 401 3050 454 καὶ
3080 400 3422 472 ἐπαιρόμενος
3437 404 3516 456 ἐπὶ
3538 407 3677 462 πάντα

507 486 710 557 templo
759 485 853 541 Dei
907 486 1114 552 sedeat,
1163 498 1447 544 ostentans
1489 503 1549 545 se
1579 505 1702 546 esse
1730 490 1920 547 Deum.
1963 489 2078 545 Non

506 579 857 643 meministis,
891 580 1034 649 quod
1063 596 1188 636 cum
1221 581 1402 636 adhuc
1429 597 1604 638 essem
1639 583 1780 652 apud
1815 598 1932 648 vos,
1969 583 2084 638 lucc

505 672 750 726 dicebam
786 671 976 726 vobis?
1001 670 1066 725 Et
1114 688 1259 728 nunc
1287 673 1628 728 obstaculum
1690 674 1862 737 scitis,
1897 683 1957 729 ut
1993 674 2082 730 ille

507 765 776 818 reveletur
831 763 884 817 in
933 779 1034 819 suo
1102 773 1364 834 tempore.
1424 763 1559 819 Nam
1610 766 1924 836 mysterium
1969 766 2082 837 jam

504 863 761 925 operatur
792 854 1132 925 iniquitatis;
1161 863 1376 908 tantum
1400 854 1492 923 qui
1525 863 1669 910 tenet
1692 871 1860 922 nunc,
1881 863 2082 934 teneat,

503 947 678 1002 donec
699 947 765 1002 de
785 947 966 1002 medio
983 948 1097 1001 ﬁat.
1123 944 1189 1000 Et
1214 955 1342 1003 tunc
1363 947 1690 1003 revelabitur
1717 948 1808 1003 ille
1835 948 2079 1018 iniquus,

503 1056 663 1112 quem
695 1039 958 1096 Dominus
985 1038 1147 1096 Iesus
1177 1040 1466 1096 interliciet
1508 1041 1701 1112 spiritu
1738 1041 1852 1096 oris
1885 1041 1992 1108 sui,
2026 1050 2084 1097 et

503 1133 745 1188 destruet
776 1132 1142 1187 illustratione
1162 1132 1427 1188 adventus
1450 1135 1537 1188 sui
1576 1153 1588 1189 :
1625 1133 1786 1204 cujus
1817 1133 2083 1190 adventus

507 1224 806 1280 secundum
848 1224 1219 1294 operationem
1270 1222 1507 1293 Satanae,
1539 1225 1594 1280 in
1620 1226 1770 1281 omni
1799 1227 2000 1282 virtute
2031 1236 2085 1282 et

506 1318 676 1388 signis
715 1325 767 1372 et
810 1316 1072 1389 prodigiis
1108 1317 1483 1387 mendacibus,
1533 1328 1588 1374 et
1631 1320 1684 1374 in
1734 1319 1883 1375 omni
1921 1320 2082 1377 dece-

503 1413 687 1482 ptione
710 1410 1006 1481 injustitiae.
1032 1409 1086 1464 in
1115 1410 1183 1466 iis
1197 1412 1289 1482 qui
1310 1421 1556 1482 pereunt,
1583 1427 1649 1468 eo
1674 1412 1819 1482 quod
1847 1412 2085 1468 charita-

505 1513 611 1560 tem
631 1505 876 1560 veritatis
897 1519 1004 1559 non
1019 1513 1356 1574 receperunt.
1373 1503 1439 1559 Et
1460 1513 1679 1576 propter
1693 1505 1800 1561 hoc
1830 1506 2005 1560 mittet
2027 1505 2083 1560 il-

503 1598 571 1654 lis
591 1596 733 1653 Deus
752 1597 1124 1668 operationem
1143 1596 1431 1662 erroris,ut
1448 1598 1671 1653 credant
1686 1597 2031 1653 mendacium
2062 1615 2076 1666 ;

505 1701 566 1746 ut
607 1691 920 1762 judicentur
949 1704 1141 1746 omnes
1171 1690 1264 1760 qui
1299 1705 1408 1744 non
1452 1691 1797 1746 crediderunt
1836 1691 2069 1757 veritati,

2181 490 2470 561 λεγόμενον
2508 491 2638 545 Θεὸν
2678 492 2715 560 ἢ
2759 492 3040 561 σέϐασμα,
3095 490 3234 545 ὥστε
3281 493 3456 547 ἐαυτὸν
3507 497 3572 559 εἰς
3607 497 3679 552 τὸν

2183 582 2309 635 ναὸν
2331 581 2423 636 τοῦ
2455 581 2590 636 Θεοῦ
2620 581 2863 647 καθίσαι,
2900 582 3283 637 ἀποδεικνύντα
3307 585 3479 638 ἑαυτὸν
3499 586 3567 638 ὅτι
3593 588 3678 659 (Ξῖ)

2183 673 2300 727 ἐστὶ
2351 673 2502 737 Θεός.
2539 675 2614 727 Οὐ
2652 675 3045 746 μνημονεύετε,
3077 675 3277 732 δτι,ἒτι
3314 675 3386 729 ὢν
3411 675 3526 746 πρὸς
3548 679 3680 748 ὑμᾶς,

2181 766 2354 821 ταῦτα
2391 767 2573 837 ἔλεγον
2615 767 2777 839 ὑμῖν;
2830 769 2939 822 Καὶ
2971 767 3063 822 νῦν
3089 768 3152 821 τὸ
3179 769 3396 840 κατέχον
3434 770 3598 833 οἴδατε,
3619 773 3681 837 εἰς

2181 858 2243 912 τὸ
2279 858 2725 930 ἀποκαλυφθῆναι
2762 859 2921 913 αὑτὸν
2957 860 3035 930 τῷ
3071 860 3265 914 ἐαυτοῦ
3297 861 3474 933 καιρῷ.
3509 863 3570 916 T6
3598 864 3681 936 γάρ

2187 953 2480 1024 μυστήριον
2517 952 2618 1024 ῆδη
2645 953 2946 1024 ἐνεργεῖται
2964 953 3063 1022 τῆς
3086 953 3308 1024 ἀνομίας
3326 969 3338 983 ’
3371 954 3510 1023 μόνον
3535 956 3558 1007 6
3581 972 3682 1008 κατ-

2183 1043 2320 1114 έχων
2355 1045 2480 1115 ἄρτι
2514 1044 2616 1108 ἓως
2653 1045 2718 1097 ἐκ
2762 1045 2925 1115 μέσου
2954 1047 3197 1116 γένηται.
3233 1047 3340 1098 Καὶ
3365 1046 3474 1099 τότε
3521 1048 3679 1101 amata:

2182 1134 2511 1208 λυφθήσεται
2538 1139 2566 1190 6
2591 1137 2791 1206 ἄνομος
2809 1177 2823 1203 ,
2857 1135 2916 1190 ὅν
2937 1138 2965 1190 6
2995 1135 3199 1208 Κύριος
3239 1137 3432 1208 Ἰησοῦς
3456 1137 3608 1190 ἀνελεῖ
3625 1138 3683 1208 τῷ

2183 1227 2454 1296 πνεύματι
2501 1225 2593 1280 τοῦ
2642 1227 2904 1306 στόματος
2947 1226 3133 1291 αὑτοῦ,
3172 1226 3264 1279 καὶ
3307 1227 3603 1298 καταργήσει
3631 1231 3682 1298 τῇ

2183 1318 2473 1390 ἐπιφανείᾳ
2511 1319 2612 1389 τῆς
2653 1319 2952 1390 παρουσίας
2980 1318 3146 1372 αὑτοῦ
3166 1335 3178 1348 ·
3215 1313 3274 1372 οὗ
3306 1320 3442 1370 ἐστιν
3471 1321 3500 1389 ἡ
3525 1336 3682 1390 παρου-

2185 1407 2274 1462 σία
2308 1409 2426 1463 κατ’
2459 1410 2739 1480 ἐνέργειαν
2777 1409 2872 1464 τοῦ
2905 1411 3120 1463 Σατανᾶ
3149 1410 3207 1462 ἐν
3235 1409 3378 1482 πάσῃ
3400 1409 3589 1480 δυνάμει
3614 1411 3685 1463 καὶ

2184 1501 2430 1573 σημείοις
2453 1503 2547 1556 καὶ
2573 1501 2764 1574 τέρασι
2779 1501 3027 1572 ψεύδους,
3063 1502 3158 1556 καὶ
3184 1502 3239 1554 ἐν
3265 1501 3405 1572 πάσῃ
3431 1502 3587 1574 ἀπάτῃ
3607 1502 3683 1570 τῆς

2181 1591 2392 1658 ἀδικίας
2411 1595 2469 1647 ἐν
2492 1595 2602 1658 τοῖς
2622 1593 3010 1665 ἀπολλυμένοις
3026 1609 3040 1624 ·
3061 1592 3176 1647 ἀνθ’
3199 1585 3271 1646 ὧν
3303 1593 3394 1664 τὴν
3413 1593 3596 1662 ἀγάπην
3607 1593 3682 1660 τῆς

2183 1682 2437 1754 ἀληθείας
2465 1684 2566 1737 οὐκ
2585 1684 2853 1750 ἐδέξαντο.
2879 1684 2988 1738 Καὶ
3010 1683 3100 1736 διὰ
3129 1683 3283 1736 τοῦτο
3307 1684 3491 1754 πέμψει
3507 1685 3683 1745 αὐτοὶςὸ

506 1749 891 1853 sedinjustitiaa
913 1793 1104 1853 sponte
1123 1749 1466 1837 adhaeserunt
1493 1783 1559 1837 ⁸⁷.
1577 1783 1693 1839 »Δίι
1719 1798 1845 1839 vero
1864 1783 2062 1840 Isaias:

2170 1749 2298 1840 Θεὸς
2313 1777 2590 1848 ἐνέργειαν
2607 1777 2831 1847 πλάνης,
2846 1778 2925 1840 εἰς
2939 1776 3000 1829 τὸ
3012 1774 3300 1832 πιστεῦσαι
3327 1749 3503 1840 αύτους
3518 1776 3567 1830 τὸ
3585 1775 3683 1846 ψεῦ-

508 1895 531 1927 ‹
571 1874 813 1931 Tollatur
845 1875 1076 1943 impius,
1108 1888 1178 1928 ne
1209 1871 1388 1928 videat
1425 1872 1653 1944 gloriam
1687 1872 1903 1928 Domini
1927 1874 1994 1928 ⁸⁸.
2041 1895 2061 1928 ι

572 2152 757 2207 LXIV.
805 2150 901 2208 llis
950 2152 1154 2222 itaque,
1208 2152 1551 2219 charissime,
1600 2149 1820 2215 futuris,
1853 2168 2071 2223 unaque

505 2249 560 2302 in
591 2254 727 2301 duas
751 2246 923 2301 divisa
951 2245 1276 2315 septimana,
1303 2259 1368 2300 ac
1389 2253 1518 2300 tunc
1547 2254 1841 2316 apparente
1865 2246 2072 2302 abomi-

502 2337 723 2391 natione
754 2334 1106 2390 desolationis
1135 2333 1413 2404 duumque
1438 2332 1652 2389 Domini
1683 2335 2071 2404 prophetarum

501 2438 568 2480 ac
592 2437 989 2494 pmcursorum
1030 2438 1195 2478 cursu
1226 2432 1630 2490 consummato,
1662 2438 1726 2479 ac
1743 2423 1856 2494 jam
1882 2425 2072 2481 mundi

501 2513 740 2568 universi
778 2521 1060 2582 appetente
1093 2513 1598 2578 consummatione;
1643 2513 1770 2584 quid
1801 2513 2072 2585 reliquum

501 2615 603 2670 est,
653 2621 815 2676 quam
865 2613 924 2659 ut
968 2603 1231 2659 Dominus
1287 2613 1340 2658 et
1385 2603 1636 2659 Salvator
1687 2613 1870 2660 noster
1914 2604 2073 2662 Jesus

499 2697 753 2754 Christus
784 2695 926 2753 Deus
966 2713 997 2752 e
1025 2697 1180 2754 caelis
1208 2707 1496 2769 appareat,
1537 2697 1590 2751 in
1619 2713 1782 2768 quem
1829 2700 2072 2771 speravi-

505 2788 664 2844 mus?
691 2788 783 2858 qui
815 2788 1293 2858 conllagrationem
1313 2788 1637 2859 justumque
1657 2790 1924 2862 judicium
1949 2806 2074 2848 cun-

501 2881 604 2937 ctis
636 2880 958 2935 inducturus
1003 2880 1094 2944 sit,
1141 2881 1234 2950 qui
1288 2880 1340 2934 in
1378 2897 1502 2936 eum
1549 2895 1657 2936 non
1705 2882 2071 2940 crediderunt.

499 2973 591 3026 Ait
621 2972 766 3027 eni‘m
796 2971 1060 3028 Dominus
1105 2991 1116 3002 υ
1157 2994 1175 3023 ι
1220 2970 1315 3028 llis
1354 2973 1466 3043 jam
1502 2972 1617 3029 ﬁeri
1668 2974 2072 3046 incipientibus,

2165 1865 2274 1931 δος,
2293 1867 2379 1920 ἵνα
2396 1867 2624 1940 κριθῶσι
2644 1869 2841 1933 πάντες
2853 1869 2903 1920 οἱ
2919 1868 2995 1940 μὴ
3015 1868 3398 1933 πιστεύσαντες
3411 1871 3470 1939 τῇ
3486 1867 3681 1937 ἀληθεία,

2167 1957 2280 2013 ἀλλ’
2321 1959 2706 2032 εὐδοκήσαντες
2753 1963 2820 2032 τῇ
2853 1959 3056 2033 ἀδικίᾳ.
3110 1981 3131 2014 ι
3181 1960 3398 2025 Ἡσαΐας
3433 1960 3485 2014 δὲ
3528 1959 3672 2027 λέγει·

2189 2070 2208 2103 ι
2245 2051 2490 2124 Ἀρθήτω
2517 2053 2546 2105 6
2567 2051 2789 2124 ἀσεϐὴς,
2822 2053 2909 2107 ἵνα
2938 2055 3011 2125 μὴ
3048 2053 3135 2126 ῑδῃ
3163 2055 3261 2125 τὴν
3288 2052 3434 2118 δόξαν
3471 2052 3678 2124 Κυρίου.»

2239 2144 2454 2197 Τούτων
2480 2139 2572 2198 οῦν
2598 2145 2870 2216 ἐσομένων
2888 2187 2904 2211 ,
2931 2146 3205 2217 ἀγαπητέ,
3232 2147 3325 2199 καὶ
3350 2145 3442 2216 τῆς
3481 2147 3589 2216 μιᾶς
3615 2144 3680 2196 ἑὸ-

2167 2235 2394 2306 δομάδος
2445 2238 2523 2301 εἰς
2563 2235 2654 2290 δύο
2699 2236 3081 2308 μερισθείσης,
3125 2237 3220 2292 καὶ
3254 2236 3344 2290 τοῦ
3380 2236 3679 2307 βδελύγματος

2169 2328 2270 2398 τῆς
2307 2327 2638 2400 ἐρημώσεως
2664 2329 2785 2382 τότε
2817 2329 3205 2399 ἀναφανέντος,
3240 2331 3331 2383 καὶ
3363 2329 3460 2381 τῶν
3475 2328 3553 2381 δύο
3578 2344 3678 2399 προ-

2171 2419 2356 2492 φητῶν
2387 2419 2498 2491 (28)
2527 2421 2620 2473 καὶ
2641 2421 2959 2493 προδρόμων
2988 2421 3086 2475 τοῦ
3119 2421 3325 2494 Κυρίου
3341 2421 3678 2474 τελειωσάντων

2169 2512 2260 2566 τὸν
2291 2512 2418 2566 ῐδιον
2449 2513 2666 2584 δρόμον,
2701 2513 2797 2567 καὶ
2821 2513 2914 2568 τοῦ
2940 2513 3256 2586 σύμπαντος
3277 2514 3465 2584 κόσμου
3493 2514 3560 2575 εἰς
3585 2529 3676 2564 συν-

2170 2603 2379 2658 τέλειαν
2416 2604 2600 2658 λοιπὸν
2642 2605 2934 2676 ἐρχομένου
2962 2621 2976 2636 ·
3018 2605 3077 2658 τί
3124 2604 3493 2676 περιλείπεται,
3530 2603 3620 2656 ἀλλ’
3651 2601 3674 2670 ἢ

2173 2696 2208 2766 ἠ
2243 2695 2533 2766 ἐπιφάνεια
2577 2696 2670 2750 τοῦ
2713 2697 2915 2768 Κυρίου
2953 2697 3048 2750 καὶ
3076 2697 3322 2769 Σωτῆρος
3356 2696 3498 2766 ἡμῶν
3543 2691 3674 2764 ’1ησοῦ

2171 2787 2409 2860 Χριστοῦ
2455 2788 2550 2842 τοῦ
2591 2787 2724 2841 Θεοῦ
2756 2789 2849 2842 ἀπ’
2877 2789 3150 2860 οὐρανῶν,
3185 2789 3264 2852 εἰς
3299 2789 3354 2842 ὃν
3398 2785 3673 2859 hircinam;

2173 2877 2233 2943 ὃς
2260 2879 2447 2944 ἐπάξει
2477 2879 2576 2949 τὴν
2607 2879 2915 2950 ἐκπύρωσιν
2940 2880 3031 2934 καὶ
3065 2881 3166 2952 τὴν
3197 2879 3553 2951 δικαιοκρισίαν
3576 2877 3672 2928 πᾶσι

2175 2973 2287 3034 τοῖς
2316 2971 2671 3043 ἀπειθήσασιν
2700 2971 2865 3042 αὐτῷ.
2898 2971 3062 3040 Λέγει
3095 2971 3203 3044 γάρ
3233 2975 3260 3026 6
3289 2971 3498 3044 Κύριοςο
3530 2987 3547 3021 ι
3587 2967 3674 3037 ’Δρ-

501 3064 756 3132 respicite
779 3074 834 3119 ct
867 3065 1041 3118 levate
1063 3065 1243 3134 capita
1270 3075 1472 3130 vestra,
1499 3065 1757 3134 quoniam
1784 3068 2066 3139 appropin-

2175 3061 2419 3134 χομένων
2463 3063 2646 3117 λοιπὸν
2691 3063 2894 3116 τούτων
2950 3063 3239 3131 γίνεσθαι,
3290 3063 3562 3132 ἀνακύψατε
3602 3057 3672 3112 καὶ

499 3157 689 3226 quavit
735 3153 1034 3225 redemptio
1073 3165 1249 3210 vestra
1299 3155 1364 3209 ⁸³.
1412 3154 1476 3209 Et
1519 3157 1746 3226 capillus
1792 3160 1858 3215 de
1897 3160 2066 3230 capite

2173 3157 2410 3230 ἐπάρατε
2455 3156 2554 3220 τὰς
2585 3155 2822 3226 κεφαλάς
2863 3155 3036 3228 ὑμῶν,
3090 3160 3172 3212 ὅτι
3217 3161 3428 3230 ἤγγισεν
3458 3159 3486 3228 ὴ
3517 3153 3668 3209 ἀπολύ-

499 3258 680 3302 vestro
729 3262 837 3306 non
868 3247 1067 3317 peribit
1113 3249 1180 3300 ὀ.
1228 3246 1380 3302 Sicut
1431 3247 1576 3302 enim
1623 3248 1803 3321 fulgur
1846 3252 1960 3307 exit
2003 3254 2071 3310 ab

498 3339 740 3405 Oriente,
767 3350 821 3396 et
851 3339 1019 3411 fulget
1052 3356 1224 3410 usque
1252 3341 1320 3395 ad
1347 3339 1706 3408 occidentem,
1735 3345 1815 3400 sic
1835 3345 1942 3400 erit
1974 3347 2072 3402 ad-

497 3442 693 3488 ventus
733 3431 857 3487 Filii
918 3430 1174 3487 hominis.
1234 3431 1555 3503 Ubicunque
1610 3432 1772 3492 fuerit
1817 3437 2067 3504 cadaver,

500 3525 610 3580 illic
637 3524 1115 3595 congregabuutur
1146 3533 1201 3578 et
1228 3525 1427 3594 aquilae
1451 3525 1517 3581 ⁹¹.
1561 3545 1580 3579 ι
1616 3525 1740 3582 Fuit
1763 3539 1944 3586 autem
1977 3547 2070 3588 ca-

497 3617 665 3671 daver
709 3615 845 3687 (ειν)
879 3616 933 3669 in
959 3616 1248 3686 paradiso;
1279 3616 1351 3670 ibi
1369 3617 1513 3671 enim
1560 3618 1803 3675 Adamus
1849 3623 2064 3678 cecidit.

497 3710 695 3781 Aitque
718 3725 942 3765 rursus:
968 3727 987 3760 ι
1011 3707 1164 3764 Tunc
1206 3709 1382 3764 mittet
1401 3708 1574 3765 Filius
1589 3711 1828 3767 hominis
1849 3719 2068 3785 angelos

497 3819 650 3868 suos,
680 3814 734 3859 et
777 3802 1134 3874 congregabit
1183 3801 1386 3857 electos
1411 3817 1542 3859 suos
1575 3817 1605 3858 a
1630 3814 1866 3874 quatuor
1892 3809 2067 3865 ventis

498 3900 622 3954 ι-ωιι
651 3899 720 3952 ³³.
761 3917 780 3950 ›
813 3896 980 3951 David
1017 3911 1236 3966 quoque
1265 3897 1637 3967 praenuntians
1662 3896 1929 3967 judicium
1957 3900 2066 3957 Do-

497 3992 740 4060 minique
783 3988 1177 4060 apparitionem
1225 4006 1238 4042 :
1277 4007 1294 4040 ι
1333 3988 1376 4041 A
1408 4004 1624 4045 summo
1659 3991 1798 4046 coelo
1824 3995 2067 4064 egressio

495 4085 636 4154 ejus,
679 4083 887 4154 inquit,‘
925 4090 980 4136 et
1023 4097 1284 4136 occursus
1313 4081 1434 4151 ejus
1483 4097 1655 4152 usque
1685 4082 1754 4136 ad
1791 4098 2064 4140 summum

495 4177 641 4243 coeli,
661 4186 714 4230 et
730 4191 838 4231 non
856 4183 939 4230 cst
953 4174 1046 4244 qui
1065 4187 1123 4229 se
1147 4172 1483 4228 abscondata
1497 4173 1679 4229 calore
1699 4174 1818 4244 ejus
1830 4175 1895 4229 ".
1922 4195 1942 4229 ι
1963 4177 2066 4232 Ca-

492 4270 666 4326 lorum
682 4264 1312 4336 vero,conﬂagrationem
1335 4273 1513 4320 vocat.
1541 4264 1633 4320 Sic
1654 4275 1834 4320 autem
1854 4265 2024 4325 Isaias
2047 4286 2062 4324 :

499 4381 518 4412 ι
560 4359 742 4426 Vade,
787 4358 1018 4429 populus
1058 4372 1244 4424 meus,
1287 4357 1430 4412 intra
1459 4356 1514 4410 in
1535 4357 1845 4413 cubiculum
1878 4368 2060 4430 tuum;

2169 3267 2371 3322 τρωσις
2399 3248 2568 3320 ὑμῶν.
2604 3248 2713 3302 Καὶ
2746 3248 2866 3321 θρὶξ
2897 3252 2960 3303 ἐκ
2989 3249 3093 3321 τῆς
3128 3251 3359 3324 κεφαλῆς
3385 3249 3516 3320 ὑμῶν
3541 3248 3589 3300 οὐ
3614 3244 3667 3315 μὴ

2169 3343 2479 3397 ἀπόλλυται.
2528 3343 2738 3414 Ὠσπερ
2789 3342 2898 3414 γάρ
2941 3345 2973 3414 ἡ
3016 3344 3276 3418 ἀστραπὴ
3319 3343 3556 3414 ἐγείρεται
3591 3337 3667 3390 ἀπὸ

2168 3433 2470 3497 ἀνατολῶν,
2507 3434 2599 3488 καὶ
2639 3434 2885 3503 φαίνεται
2924 3435 3055 3507 ἄχρι
3095 3436 3338 3509 δυσμῶν,
3368 3435 3518 3497 οὔτως
3554 3431 3664 3484 ἔσται

2168 3527 2263 3580 καὶ
2299 3529 2332 3596 ὴ
2367 3524 2634 3597 παρουσία
2655 3525 2748 3579 τοῦ
2767 3525 2894 3579 Υἱοῦ
2925 3526 3017 3580 τοῦ
3061 3528 3362 3601 ἀνθρώπου.
3380 3528 3528 3580 Ὅπου
3556 3524 3605 3576 ἂν

2167 3619 2229 3672 τὸ
2261 3617 2482 3690 πτῶμα,
2513 3618 2629 3672 ἐκεῖ
2661 3617 3088 3691 συναχθήσονται
3117 3621 3212 3676 καὶ
3243 3622 3288 3674 οί
3317 3619 3468 3673 ἀετοί.
3501 3637 3516 3668 ι
3548 3613 3660 3668 Πτῶ-

2170 3729 2246 3782 μα
2277 3711 2333 3764 δὲ
2364 3711 2652 3783 γεγένηται
2687 3713 2743 3764 ἐν
2775 3712 3091 3784 παραδείσῳ
3111 3754 3125 3778 ,
3164 3715 3282 3767 ἐκεῖ
3305 3712 3404 3783 γάρ
3440 3707 3579 3778 Ἀδάμ
3595 3705 3662 3756 πέ-

2167 3823 2382 3860 πτωκεν
2408 3824 2422 3838 ο
2457 3805 2516 3870 ὃς
2566 3807 2658 3860 καὶ
2709 3806 2867 3860 πάλιν
2925 3805 3107 3874 λέγει⁸
3145 3825 3164 3858 ι
3222 3807 3346 3859 Τότε
3377 3798 3662 3858 ἀποπελείὀ

2164 3899 2294 3964 Υἱὸς
2322 3898 2417 3953 τοῦ
2447 3897 2729 3970 ἀνθρώπου
2755 3899 2881 3962 τοὺς
2899 3897 3166 3968 ἀγγέλους
3193 3897 3370 3962 αὑτοῦ,
3388 3896 3470 3950 καὶ
3496 3897 3660 3947 ἐπισυν-

2163 3991 2285 4058 άξει
2337 3993 2461 4056 τοὺς
2493 3991 2779 4054 ἐκλεκτοὺς
2812 3989 2975 4043 αὑτοῦ
3019 3993 3088 4044 ἐκ
3136 3991 3240 4044 τῶν
3287 3989 3534 4059 τεσσάρων
3571 3980 3657 4035 άνέο

2168 4085 2285 4157 μῶν
2318 4083 2412 4138 τοῦ
2450 4082 2698 4156 οὐρανοῦ.
2740 4102 2756 4133 ι
2790 4082 2901 4136 Καὶ
2929 4082 3098 4135 Δαὸὶδ
3132 4081 3442 4154 προμηνύων
3466 4078 3546 4148 τὴν
3568 4070 3655 4142 κρί-

2169 4193 2250 4231 σιν
2293 4177 2386 4230 κα“ι
2415 4175 2512 4247 τὴν
2545 4174 2862 4244 ἐπιφάνειαν
2899 4173 2992 4226 τοῦ
3036 4174 3264 4245 Κυρίου,
3297 4171 3473 4244 φησιν·
3507 4187 3522 4218 ι
3569 4161 3654 4216 Ἀπ’

2165 4269 2334 4342 ἄκρου
2351 4267 2444 4322 τοῦ
2475 4265 2702 4338 ούρανοῦ
2729 4269 2762 4338 ἡ
2795 4264 2967 4330 ἔξοδος
2998 4265 3188 4330 αὑτοῦ,
3219 4265 3307 4319 καὶ
3322 4263 3378 4316 τὺ
3404 4259 3654 4323 κατάντημι

2165 4357 2331 4413 αὐτοῦ
2363 4358 2466 4421 ἕως
2487 4358 2655 4427 ἄκρου
2688 4356 2781 4409 τοῦ
2814 4355 3044 4427 ούρανοῦ
3065 4373 3078 4386 ·
3103 4356 3198 4410 καὶ
3226 4355 3321 4408 οὐκ
3348 4353 3475 4405 ἐστιν
3499 4349 3546 4410 ὃς
3562 4346 3654 4398 ἀπο·
3765 4367 3767 4370 ⁴

491 4450 684 4505 claude
704 4448 905 4502 ostium
931 4458 1116 4515 tuum;
1149 4447 1484 4504 abscondere
1515 4447 1785 4503 modicum
1809 4449 2062 4519 aliquan-

2170 4451 2498 4522 κρυϐήσεται
2521 4450 2619 4519 τῆς
2650 4448 2860 4519 θέρμης
2886 4447 3070 4501 αὐτοῦ.
3087 4467 3105 4500 ι
3140 4447 3352 4518 Θέρμην
3375 4443 3425 4496 δὲ
3444 4440 3564 4508 λέγει
3580 4434 3652 4503 τὴν

492 4543 691 4605 tulum,
743 4539 918 4594 donec
969 4549 1309 4610 pertranseat
1356 4540 1438 4594 ira
1471 4539 1712 4596 Domini.
1736 4541 1783 4573 ⁸⁸
1807 4559 1825 4593 ι
1857 4541 2053 4602 Paulus

2170 4544 2496 4616 ἐκπύρωσιν.
2541 4543 2768 4605 Ἡσαΐας
2819 4540 2875 4595 δέ
2921 4541 3092 4594 οὕτω·
3147 4561 3165 4592 ι
3195 4534 3521 4602 Βάδιζε,λαός
3559 4545 3648 4600 μου.
3761 4571 3763 4580 ς

490 4636 666 4689 item:
711 4652 729 4684 ι
780 4631 1067 4687 Revelatur
1109 4632 1253 4687 enim
1305 4632 1384 4688 ira
1444 4631 1535 4688 Dei
1593 4632 1661 4688 de
1711 4633 1848 4689 coelo
1893 4650 2057 4705 super

490 4741 706 4781 omnem
737 4724 1065 4794 impietatem
1091 4734 1145 4780 et
1167 4725 1499 4795 injustitiam
1531 4725 2064 4795 hominum,quive—

489 4820 702 4874 ritatem
736 4817 828 4872 Dei
857 4818 911 4871 in
939 4817 1203 4887 injustitia
1229 4818 1475 4874 detinent
1503 4819 1571 4873 ".
1609 4838 1628 4870 ι

562 4963 604 4995 ⁸⁷
648 4961 691 5015 ll
720 4961 912 5016 Thess.
969 4978 1045 5024 ιι,
1091 4962 1230 5016 l-ll.
1304 4961 1350 4994 ⁸⁸
1383 4964 1487 5019 lsa.
1533 4980 1692 5030 xxvi,
1744 4965 1826 5020 10.

1931 4967 1976 5002 ⁸9
2010 4967 2146 5024 Luc.
2183 4984 2296 5028 xxI,
2334 4964 2424 5019 28.

2161 4637 2366 4690 εἴσελθε
2406 4638 2486 4700 είς
2524 4635 2585 4688 τὸ
2629 4633 2848 4705 ταμεῖόν
2891 4649 2984 4686 σου
3007 4672 3022 4696 ,
3077 4630 3384 4686 ἀπόκλεισον
3408 4626 3494 4695 τὴν
3526 4620 3649 4690 θύραν

2160 4746 2277 4790 σου,
2306 4725 2646 4798 ἀποκρύϐηθι
2679 4724 2871 4796 μικρὸν
2893 4726 3013 4779 ὅσον
3044 4726 3148 4789 ἕως
3178 4727 3240 4780 ἂν
3260 4721 3477 4794 παρέλθῃ
3504 4715 3648 4790 ἠὸργὴ

2158 4819 2382 4892 Κυρίου.
2413 4837 2432 4872 ι
2470 4818 2678 4882 Παῦλος
2708 4818 2763 4871 δὲ
2794 4818 3024 4889 ὁμοίως⁸
3063 4836 3081 4869 ι
3133 4805 3647 4874 ’Δποκαλύπτεταιγάρ

2531 4963 2578 4994 ’°
2608 4963 2768 5028 lbid.,
2809 4961 2894 5016 l8.
3004 4961 3050 4992 ’ί
3083 4960 3270 5016 Matth.
3319 4971 3450 5017 nlv,
3477 4948 3550 5010 27,
3577 4941 3641 4998 28·
3753 5003 3755 5009 ,

488 5035 534 5067 ’³
568 5032 756 5088 Matth.
783 5048 929 5098 sxw,
959 5033 1047 5086 51.
1124 5033 1169 5064 ⁸³
1199 5031 1288 5087 Ps.
1313 5049 1466 5100 xvnr,
1497 5034 1547 5089 7.
1623 5036 1669 5067 “
1701 5035 1804 5091 lsa.
1831 5053 1980 5104 xxvn,
2016 5039 2106 5093 20.
2179 5039 2228 5071 ’⁸
2263 5039 2484 5099 liom.1,
2521 5033 2606 5087 l7.

559 5178 694 5253 (εδδ)
732 5176 787 5230 In
829 5177 1018 5253 (ἶναςρο
1074 5176 1158 5253 bis
1220 5178 1420 5253 πτῶμα
1452 5177 1860 5253 usurpatt'tr,_ut
1904 5183 2046 5253 apud

490 5245 803 5301 Mattliazum
847 5247 1099 5324 cadaver,
1136 5247 1191 5324 in
1203 5245 1603 5324 Aexplicatione'
1617 5267 1763 5324 vero
1781 5245 2046 5324 llippo'lyti

485 5331 666 5385 casum
690 5332 783 5373 seu
809 5319 1017 5371 ruinam
1051 5315 1338 5385 signiﬁcet.
1368 5317 1539 5384 Quem
1573 5321 1627 5374 in
1662 5315 2048 5378 verbis'l'usu'm

486 5383 676 5442 Latine
692 5396 1082 5457 repraesentare
1107 5383 1273 5458 penes
1303 5383 1653 5460 interpretem
1687 5407 1794 5445 non
1819 5389 1940 5447 fuit.

1532 5462 1690 5516 Εοιτ.
1736 5462 1980 5518 ΡΑτιιοι..

557 5523 672 5638 (2η
698 5526 845 5604 "Qte.
881 5527 1046 5594 Gud.,
1083 5529 1158 5592 ὡς
1195 5531 1298 5610 ὅτι.

561 5593 650 5638 (28
707 5600 828 5638 an-
853 5596 962 5638 δύο
995 5613 1298 5638 πηρροιηφωω

561 5593 672 5671 (28)
707 5595 828 5671 τῶν
853 5596 962 5671 δύο
991 5593 1330 5668 προφητῶν.
1367 5599 1424 5654 lu
1467 5601 1654 5671 spurio
1690 5601 1783 5658 illo
1819 5612 2052 5658 tractatu

489 5660 568 5714 De
625 5660 946 5720 Antichrislo
992 5660 1046 5720 ei
1098 5660 1282 5723 {nandi
1338 5660 1785 5725 consummatione
1841 5689 1870 5726 a
1924 5673 2053 5727 Pico

493 5731 729 5804 vulgato,
775 5738 964 5791 tertius
997 5739 1148 5794 testis
1174 5748 1227 5794 et
1258 5756 1558 5809 praecursor
1587 5743 1810 5812 gloriosi
1841 5742 2053 5798 Domini

2156 5186 2443 5245 adventus,
2465 5181 2704 5236 Joannes
2729 5179 3028 5246 asseritur;
3061 5180 3203 5249 quod
3224 5178 3391 5251 minus
3414 5168 3638 5251 probaturi:
3749 5215 3751 5221 .

2153 5267 2259 5318 εει,
2312 5241 2452 5327 utet
2492 5253 2697 5327 opinio,
2729 5267 2851 5320 qua:
2884 5241 3416 5324 adhuc'superstitetn
3447 5241 3638 5327 i393":
3747 5287 3749 5327 ε

2155 5300 2370 5382 mortali
2409 5300 2832 5397 etiniraﬂirlnat;
2864 5300 3188 5397 (“tamquamr
3207 5334 3316 5397 non.
3351 5300 3636 5397 sic

2155 5413 2260 5467 gua
2291 5409 2521 5467 censura
2555 5393 2788 5456 videtur,
2816 5382 3237 5467 ac'inuritjdem
3266 5382 3635 5467 Picuséleljluji'
3745 5403 3747 5433 i

2153 5441 3374 5539 ἕὲἷιρῖὶίἶιξιίἷιειιῖἐρᾶὶριξᾗέξιὶίὲῥιιτεεωυε
3404 5441 3635 5539 Tagum;
3743 5525 3745 5539 Ι

2154 5512 2329 5590 {in};
2357 5512 3288 5602 episcopus—apud.lib—otium:inter
3327 5539 3409 5579 eas
3445 5512 3634 5595 recenset

2163 5604 2480 5627 _-_~,_.:..-.....
2539 5602 2736 5627 -...:t.....
2793 5603 2924 5627 ...ειη
2977 5599 3347 5627 ηΑΑ..1....‹ι.,ι....
3424 5574 3630 5627 nindmﬂd

2155 5584 2502 5676 amisisses;
2521 5584 2773 5670 quibus
2789 5584 2950 5658 mur
2969 5584 3116 5658 ‘naes'
3135 5599 3376 5660 laedatur,
3424 5584 3603 5659 quidqui

2157 5673 2381 5731 statuas.
2428 5673 2662 5729 (Sousse.
