3860 6200
254 332 360 388 785
1338 332 1426 387 DF.
1462 329 1760 388 CHRISTO
1796 324 1882 385 ET
1924 324 2406 383 ANTICHRISTO.
3396 322 3495 381 786

254 450 388 521 ὀργὴ
430 449 565 503 Θεοῦ
611 451 705 505 ἀπ’
741 450 968 523 ούρανοῦ
1017 452 1107 505 ἐπὶ
1136 452 1313 505 πᾶσαν
1346 452 1599 506 ἀσέϐειαν
1625 451 1719 505 καὶ
1754 449 1985 521 ἀνομίαν
2016 446 2338 519 ἀνθρώπων,
2373 445 2481 498 τῶν
2511 443 2607 515 τὴν
2646 441 2900 515 ἀλήθειαν
2930 442 3022 497 τοῦ
3055 442 3190 497 Θεοῦ
3224 443 3497 516 ὲν·ἀδικία.

256 546 612 615 κατεχόντων.

323 638 457 709 Περὶ
509 640 606 709 μὲν
656 634 747 694 οῦν
804 642 903 713 τῆς
967 641 1311 707 ἀναστάσεως
1362 644 1454 697 καὶ
1518 644 1617 714 τῆς
1674 642 1792 714 βασι

1899 693 1902 702 ,
2001 636 2161 693 LXV.
2201 636 2464 692 Craterum
2493 636 2560 689 de
2588 634 2986 689 resurrectione
3023 644 3077 689 et
3118 649 3286 706 regno
3329 634 3495 690 coelo-

251 728 396 791 λείας
431 730 541 783 τῶν
577 730 767 801 ἁγίων,
826 733 973 803 λέγει
1017 734 1230 806 Δανιὴλ·
1269 754 1287 787 ‹
1342 735 1453 789 Καὶ
1502 734 1685 787 πολλοὶ
1726 734 1792 786 τίῐ

1934 747 2055 787 rum
2081 730 2155 784 ait
2176 728 2401 783 Daniel:
2446 748 2464 779 ι
2519 726 2672 783 Mulli
2711 726 2778 782 de
2816 726 2923 793 his,
2965 726 3059 796 qui
3109 726 3388 782 dormiunt
3436 729 3494 783 in

251 818 622 875 καθευδόντων
657 824 715 876 ὲν
758 824 859 895 γῆς
890 823 1124 896 χώματι,
1160 825 1549 897 ἀναστήσονται
1579 819 1721 878 οὗτοι
1753 825 1792 876 εἰ

1932 832 2091 878 terrae
2140 821 2381 892 pulvere,
2420 830 2725 890 resurgent,
2769 818 2861 874 alii
2905 819 2960 873 in
3004 818 3169 873 vitam
3210 829 3491 887 mternam,

247 908 392 979 ζωὴν
416 910 635 965 αἰώνιον
673 912 792 985 [καὶ
822 910 965 969 οῦτοι
1000 918 1079 981 εἰς
1108 916 1409 987 ὀνειδισμὸν
1440 917 1534 970 καὶ
1573 916 1792 985 αἰσχύνη

1929 911 2019 966 alii
2047 910 2102 966 in
2148 909 2503 980 opprobrium
2545 916 2600 964 et
2659 908 2917 977 probrum
2952 907 3337 978 sempiternum
3360 910 3426 965 ".
3466 929 3486 962 ι

244 1003 511 1075 αἰώνιον].
551 1025 570 1058 ι
610 1007 834 1072 Ἡσαΐας
866 1008 1032 1076 λέγει·
1066 1026 1083 1059 ι
1108 1008 1521 1079 Ἀναστήσονται
1553 1009 1599 1060 οἱ
1623 1010 1792 1079 νεκροῖ

1929 1001 2101 1057 Isaias
2127 1017 2343 1071 quoque
2368 1000 2502 1056 dicit
2532 1019 2545 1054 :
2592 1018 2610 1051 ι
2648 998 2953 1069 Rcsurgent
2990 1000 3212 1065 mortui,
3240 1010 3294 1057 et
3325 1002 3491 1072 evigi-

241 1098 336 1149 καὶ
369 1097 756 1169 ἐγερθήσονται
779 1101 826 1155 oi
850 1103 906 1154 ἐν
935 1104 1046 1165 τοῖς
1081 1101 1380 1172 μνημείοις,
1410 1102 1488 1154 ὅτι
1515 1101 1548 1172 ἡ
1575 1100 1760 1171 δρόσος

1929 1094 2119 1149 labunt
2142 1093 2234 1164 qui
2266 1094 2319 1148 in
2346 1094 2714 1148 monumentis
2744 1102 2903 1158 sunt,
2935 1095 3063 1163 quia
3087 1110 3176 1149 ros
3209 1094 3366 1157 lucis,
3395 1097 3490 1165 qui

243 1191 395 1260 παρὰ
448 1190 541 1243 σοῦ
598 1192 731 1263 ίαμα
780 1193 959 1256 αὐτοῖς
1010 1195 1174 1246 ἐστιν.
1226 1211 1243 1244 ι
1305 1192 1363 1245 '0
1409 1191 1613 1263 Κύριος
1656 1190 1792 1259 λέγει

1924 1206 1952 1243 a
1988 1199 2039 1245 te
2060 1197 2164 1253 est,
2201 1187 2407 1245 sanitas
2442 1187 2549 1242 illis
2574 1195 2657 1242 est
2680 1188 2743 1239 ⁸⁷.
2781 1207 2799 1239 ι
2840 1186 2909 1241 At
2946 1186 3247 1243 Dominus:
3284 1206 3303 1240 ι
3336 1187 3489 1243 Multi

248 1297 266 1330 ι
298 1280 495 1334 Πολλοὶ
525 1284 584 1335 ὲν
624 1282 802 1355 ἐκείνῃ
830 1286 895 1354 τῇ
931 1284 1111 1355 ἡμέρα
1148 1282 1466 1337 ἀκούσονται
1501 1282 1599 1352 τῆς
1640 1282 1790 1352 φωνῆ

1922 1280 1975 1333 in
1999 1279 2088 1334 illa
2122 1279 2209 1334 die
2238 1279 2460 1335 audient
2500 1293 2687 1334 vocem
2727 1278 2845 1334 Filii
2877 1279 2994 1345 Dei,
3025 1289 3077 1335 et
3120 1280 3213 1349 qui
3247 1281 3486 1348 audient,

242 1371 337 1424 τοῦ
356 1373 491 1424 Υίοῦ
508 1373 599 1425 τοῦ
623 1374 777 1440 Θεοῦ,
800 1376 894 1428 καὶ
910 1377 957 1427 οἱ
980 1375 1109 1428 ἀκού
1118 1392 1306 1438 σαντες
1326 1374 1596 1447 ζήσονται.
1629 1393 1648 1426 ι
1686 1374 1743 1426 '0
1765 1372 1792 1425 δ

1919 1373 2100 1426 vivent
2127 1372 2191 1426 °°.
2240 1392 2259 1425 ι
2294 1372 2560 1441 Propheta
2588 1387 2844 1442 quoque:
2883 1392 2901 1424 ι
2936 1372 3203 1439 Excitare,
3231 1375 3324 1443 qui
3363 1375 3490 1430 dor-

239 1464 532 1535 προφήτης
572 1464 715 1533 λέγει
763 1466 891 1537 (29)·
932 1485 950 1518 ‹
995 1467 1261 1537 Ἐγειραι,
1312 1467 1341 1518 6
1386 1465 1681 1530 καθεύδων,
1728 1482 1792 1518 κα

1920 1464 2058 1529 mis,
2117 1471 2170 1518 et
2226 1464 2604 1535 expergiscere
2652 1480 2681 1517 a
2726 1465 2976 1529 mortuis,
3024 1473 3079 1519 et
3111 1465 3353 1521 illucebit
3390 1466 3487 1521 tibi

235 1553 556 1624 ἐξεγέρθητι
583 1557 645 1607 ὲκ
672 1556 779 1608 τῶν
803 1555 1031 1627 νεκρῶν,
1067 1556 1158 1609 καὶ
1192 1554 1481 1624 ἐπιφαύσει
1512 1570 1594 1606 σοι
1627 1555 1655 1606 ό
1686 1554 1789 1622 Χρι

1916 1555 2167 1611 Christus
2197 1556 2264 1609 ".
2304 1574 2321 1606 ›
2357 1554 2594 1611 Joannes
2624 1555 2751 1609 item
2789 1574 2801 1608 :
2860 1574 2878 1607 ι
2925 1554 3124 1611 Beatus
3154 1565 3210 1611 et
3239 1567 3483 1623 sanctus,

238 1644 365 1708 ατὰ
385 1646 517 1717 (50).
562 1666 579 1697 ι
616 1646 869 1718 Ἰωάννης
901 1646 956 1700 δὲ
998 1647 1178 1716 λέγει·
1208 1666 1224 1696 ι
1249 1645 1531 1717 Μακάριος
1558 1644 1649 1697 καὶ
1663 1643 1792 1711 ἅγιοι

1916 1647 2007 1717 qui
2043 1647 2205 1702 habet
2233 1656 2438 1717 partem
2471 1647 2525 1700 in
2572 1643 2969 1703 resurrectione
3004 1648 3208 1717 prima;
3250 1649 3303 1703 in
3339 1650 3486 1707 hunc

230 1739 259 1789 6
291 1737 431 1807 ἔχων
469 1738 631 1809 μέρος
666 1742 723 1792 ὲν
745 1743 810 1810 τῇ
840 1739 1128 1792 ἀναστάσει
1167 1743 1231 1811 τῇ
1264 1736 1473 1812 πρώτῃ·
1507 1736 1598 1790 ἐπὶ
1628 1735 1792 1788 τοῦτο·

1915 1740 2148 1794 secunda
2194 1755 2340 1793 mors
2378 1754 2486 1794 non
2530 1740 2690 1793 habet
2734 1748 3052 1809 potestatem
3082 1741 3119 1793 ί.
3167 1760 3185 1791 ι
3225 1740 3359 1796 Nam
3393 1758 3483 1798 se-

228 1829 257 1879 6
289 1827 541 1899 δεύτερος
573 1829 798 1894 θάνατος
826 1831 923 1884 οῦκ
950 1830 1061 1900 ἔχει
1098 1828 1363 1895 ἐξουσίαν.
1408 1849 1426 1881 ι
1470 1828 1529 1881 '0
1557 1828 1664 1899 γὰρ
1695 1827 1792 1881 δεύ

1913 1831 2088 1886 cunda
2119 1846 2288 1897 mors,
2329 1840 2579 1901 stagnum
2611 1839 2693 1885 est
2731 1830 2871 1900 ignis
2902 1832 3130 1887 urentis.
3164 1832 3484 1903 Rursusque

226 1936 388 1989 τερος
418 1920 667 1987 θάνατος,
720 1925 865 1977 ἐστὶν
907 1925 939 1993 ἡ
973 1923 1143 1995 λίμνη
1186 1921 1277 1976 τοῦ
1314 1922 1483 1993 πυρὸς
1522 1920 1617 1974 τοῦ
1651 1937 1792 1974 κσιο-

1912 1922 2178 1978 Dominus
2207 1923 2283 1977 ait
2316 1941 2327 1975 :
2362 1940 2377 1971 ι
2412 1920 2565 1976 Tunc
2594 1922 2728 1990 justi
2756 1921 3100 1992 fulgebunt’,
3125 1925 3263 1978 sicut
3289 1926 3368 1979 sol
3394 1926 3480 1979 lu-

230 2014 416 2081 μένου.
452 2014 560 2067 Καὶ
594 2016 752 2069 πάλιν
784 2018 812 2069 6
843 2016 1045 2089 Κύριος
1077 2016 1242 2085 λέγει·
1279 2034 1298 2066 ι
1344 2015 1476 2069 Τότε
1503 2015 1552 2068 οἱ
1596 2014 1790 2068 δίκαιοι

1899 2028 1977 2072 cet
2002 2016 2054 2069 in
2075 2015 2319 2071 claritate
2350 2030 2471 2070 sua.
2504 2032 2522 2065 ι
2557 2014 2621 2069 Ει
2650 2016 2794 2069 dicet
2820 2016 3024 2071 sanctis
3056 2034 3070 2071 :
3108 2037 3125 2067 ι
3156 2015 3361 2085 Venite,
3387 2018 3481 2073 lie-

226 2105 617 2176 ὲκλάμψουσιν,
645 2107 719 2172 ὡς
754 2108 782 2160 6
828 2108 975 2179 ἥλιος
1008 2109 1183 2177 φαίνει
1226 2109 1284 2162 ὲν
1315 2110 1379 2179 τῇ
1419 2107 1544 2181 δόξῃ
1566 2105 1750 2160 αὑτοῦ.
1776 2125 1795 2157 ι

225 2197 340 2249 Καὶ
366 2202 479 2262 τοῖς
514 2200 688 2267 ἁγίοις
714 2200 843 2271 ὲρεῖ·
880 2218 896 2249 ε
926 2199 1089 2252 Δεῦτε
1120 2200 1168 2252 οἱ
1192 2200 1541 2271 εὐλογημένοι
1565 2200 1657 2253 τοῦ
1691 2201 1804 2253 Παο

220 2290 355 2358 τρός
404 2308 527 2359 μου,
579 2291 1017 2361 κληρονομήσατε
1058 2291 1160 2363 τὴν
1222 2292 1622 2364 ἡτοιμασμένην
1678 2293 1804 2363 ὑμῖν

224 2379 506 2448 βασιλείαν
555 2381 663 2435 ἀπὸ
704 2382 1021 2453 ’καταϐολῆς
1063 2384 1293 2455 κόσμου.
1342 2404 1359 2437 ι
1396 2384 1538 2456 Πρὸς
1579 2385 1633 2437 δὲ
1680 2384 1805 2448 τοὺς

222 2474 461 2545 ἀνόμους
477 2474 531 2527 τί
563 2493 759 2546 φησιν;
787 2493 805 2527 ι
856 2477 1118 2545 Ὑπάγετε
1142 2476 1234 2529 ἀπ’
1267 2474 1401 2547 ἐμοῦ
1427 2478 1473 2529 oi
1492 2474 1803 2547 κατηραμέ-

220 2584 304 2618 νοι
329 2569 413 2629 είς
433 2570 496 2619 τὸ
514 2566 623 2639 πῦρ
638 2568 697 2621 τὸ
718 2566 951 2631 αίώνιον,
982 2566 1040 2620 τὸ
1065 2566 1458 2638 ἡτοιμασμένον
1480 2565 1557 2637 τῷ
1575 2565 1803 2635 διαϐόλῳ

217 2654 451 2718 καὶτοῖς
483 2656 731 2725 ἀγγέλοις
759 2657 943 2722 αὑτοῦ,
982 2676 1000 2708 ι
1028 2656 1056 2710 ὃ
1076 2656 1368 2727 ἡτοίμασεν
1400 2658 1427 2710 ὁ
1459 2657 1646 2728 Πατήρ
1679 2674 1799 2727 μου.

229 2743 488 2815 Ἰωάννης
518 2745 576 2799 δὲ
595 2745 758 2814 λέγει·
784 2766 801 2797 ι
838 2746 981 2813 Ἔξω
1013 2746 1062 2798 οἱ
1095 2744 1274 2809 κύνες,
1310 2745 1470 2803 καὶοί
1498 2745 1798 2817 φαρμακοὶ,

218 2837 314 2887 καὶ
348 2836 559 2906 πόρνοι,
586 2839 679 2890 καὶ
708 2841 904 2907 φονεῖς,
931 2839 1023 2891 καὶ
1055 2839 1103 2890 οἱ
1135 2836 1534 2909 εἰδωλολάτραι,
1564 2838 1659 2890 καὶ
1692 2838 1800 2900 πᾶς

218 2925 394 2978 ποιῶν
426 2928 519 2979 καὶ
550 2926 719 2996 φιλῶν
751 2927 961 2997 ψεῦδος·
1000 2946 1017 2978 ι
1054 2927 1135 2979 ὅτι
1170 2925 1229 2978 τὸ
1267 2926 1430 2996 μέρος
1472 2926 1622 2998 ὑμῶν
1652 2928 1799 2982 ἐστιν

216 3019 299 3082 εἰς
332 3019 434 3090 τὴν
464 3020 686 3088 γέενναν
720 3020 812 3073 τοῦ
852 3020 1039 3091 πυρός.
1089 3018 1319 3089 Ὁμοίως
1355 3018 1413 3071 δὲ
1447 3018 1540 3072 καὶ
1577 3018 1801 3083 Ἡσαΐας

216 3109 375 3179 φησί·
417 3128 436 3160 ι
481 3110 588 3163 Καὶ
620 3109 987 3175 ἐξελεύσονται
1024 3109 1116 3161 καί⁵
1144 3107 1363 3178 ὄψονται
1403 3108 1470 3162 τὰ
1510 3108 1658 3162 κῶλα
1691 3110 1799 3163 τῶν

1907 2105 2107 2161 nedicti
2132 2104 2307 2160 Patris
2330 2105 2469 2171 mei;
2501 2105 2773 2175 possidete
2794 2115 3043 2176 paratum
3067 2108 3223 2162 vobis
3253 2124 3475 2178 regnum

1906 2214 1937 2253 a
1965 2197 2356 2253 constitutione
2393 2197 2581 2251 mundi
2611 2198 2651 2252 ⁸.
2695 2217 2713 2249 ι
2747 2197 2826 2251 Ad
2859 2197 3137 2269 improbos
3174 2215 3302 2255 vero
3345 2200 3476 2271 quid

1905 2290 2067 2345 dicit?
2101 2308 2118 2340 ι
2157 2288 2253 2355 lte,
2285 2289 2579 2353 maledicti,
2615 2288 2668 2342 in
2714 2289 2889 2357 ignem
2931 2297 3217 2356 aeternum,
3260 2291 3352 2360 qui
3382 2306 3477 2361 pa-

1906 2389 2058 2435 ratus
2087 2390 2169 2435 est
2202 2380 2420 2435 diabolo
2459 2390 2509 2434 et
2550 2380 2755 2451 angelis
2800 2380 2951 2449 ejus;
3003 2399 3021 2432 ι
3062 2396 3221 2451 quem
3266 2384 3476 2452 paravit

1911 2471 2071 2525 Pater
2110 2485 2282 2525 meus.
2318 2468 2555 2524 Joannes
2587 2484 2715 2523 vero
2761 2469 2931 2525 dicit:
2970 2488 2988 2521 ι
3031 2470 3187 2526 Foris
3216 2486 3377 2527 canes
3422 2484 3476 2527 et

1909 2561 2156 2625 veneﬁci,
2182 2568 2235 2616 et
2264 2570 2596 2616 scortatores
2622 2570 2676 2615 et
2707 2559 3013 2627 homicidae,
3059 2570 3113 2615 et
3158 2562 3316 2616 idolis
3356 2579 3472 2617 ser-

1908 2653 2134 2718 vientes,
2163 2660 2217 2706 et
2248 2651 2429 2706 omnis
2461 2653 2554 2723 qui
2579 2649 2708 2706 facit
2735 2658 2788 2706 et
2809 2661 2953 2706 amat
2994 2652 3335 2706 mendacium
3366 2654 3406 2720 ‘,
3446 2674 3464 2706 ι

1906 2743 2033 2814 quia
2061 2758 2187 2812 pars
2217 2753 2396 2797 vestra
2420 2751 2504 2798 est
2532 2742 2584 2797 in
2616 2742 2859 2813 gehenna
2889 2742 3050 2813 ignis.
3078 2743 3339 2798 Similiter
3366 2761 3468 2799 au-

1908 2845 2015 2889 tem
2039 2842 2093 2889 et
2124 2835 2293 2889 lsaias
2316 2833 2393 2890 ait
2418 2852 2430 2887 :
2460 2852 2478 2885 ι
2518 2832 2583 2888 Et
2612 2833 2974 2903 egredientur,
3001 2843 3055 2889 et
3081 2835 3340 2889 videbunt
3378 2852 3468 2890 ca-

1904 2926 2101 2982 davera
2157 2935 2343 2977 eorum
2378 2923 2469 2994 qui
2503 2921 2837 2996 praevaricati
2870 2932 2995 2977 sunt
3044 2920 3099 2975 in
3154 2937 3261 2984 me.
3333 2926 3466 2983 ver-

1907 3016 2011 3070 mis
2039 3030 2229 3071 eorum
2277 3030 2385 3069 non
2428 3016 2713 3083 morietur,
2752 3025 2806 3071 et
2846 3014 2985 3086 ignis
3017 3030 3205 3071 eorum
3236 3034 3343 3074 non
3366 3038 3464 3075 ex-

1908 3109 2236 3179 stinguetur,
2262 3117 2316 3162 et
2344 3116 2508 3163 erunt
2532 3107 2587 3163 in
2614 3108 2877 3163 visionem
2910 3109 3058 3164 omni
3089 3110 3241 3165 carni
3271 3113 3313 3168 ⁵.
3345 3132 3363 3163 ι

228 3200 692 3272 παραϐεϐηκότων
725 3202 780 3255 ὲν
832 3202 973 3272 ἐμοί.
1030 3200 1139 3254 Kal.
1169 3201 1197 3252 6
1252 3197 1465 3270 σκώληξ
1502 3201 1679 3255 αὐτῶν
1724 3202 1783 3254 ού
1817 3200 2158 3274 τελευτήσει,
2212 3201 2305 3253 καὶ
2348 3200 2409 3252 τὸ
2465 3199 2575 3271 πῦρ
2617 3199 2793 3253 αὐτῶν
2840 3200 2900 3253 οὗ
2951 3200 3326 3272 σϐεσθήσεται,
3377 3210 3469 3261 καὶ

214 3294 433 3347 ἔσονται
458 3296 535 3359 είς
563 3296 748 3365 ὅρασιν
780 3295 926 3365 πάσῃ
957 3296 1134 3364 σαρκί.
1181 3316 1199 3348 ι

285 3385 503 3449 Παῦλος
565 3386 620 3438 δὲ
665 3387 693 3438 6
757 3385 1050 3450 ἀπόστολος
1098 3386 1225 3458 περὶ
1270 3385 1622 3449 ἀναστάσεως
1683 3382 1792 3438 τῶν

1968 3377 2150 3435 LXV].
2192 3375 2394 3432 Paulus
2427 3384 2606 3430 autem
2639 3374 2917 3445 apostolus
2955 3376 3022 3430 de
3061 3377 3465 3433 resurrectione

210 3479 443 3531 δικαίων
493 3476 628 3547 πρὸς
674 3475 1079 3541 Θεσσαλονικεῖς
1107 3477 1331 3549 γράφων
1391 3477 1552 3546 φησίν
1576 3493 1589 3505 ·
1645 3494 1662 3526 ι
1704 3475 1777 3530 Ού

211 3572 447 3640 θέλομεν
478 3570 621 3639 ὑμᾶς
666 3570 877 3637 ἀγνοεῖν
910 3571 1035 3640 περὶ
1084 3569 1191 3623 τῶν
1240 3569 1672 3640 κεκοιμημένων,
1703 3568 1791 3621 ἵνα

211 3662 289 3732 μὴ
334 3660 579 3731 λυπῆσθε
630 3660 706 3723 ὡς
737 3661 829 3713 καί⁵
873 3661 921 3713 οἱ
953 3660 1126 3713 λοιποὶ
1156 3661 1205 3713 οί
1247 3660 1322 3731 μὴ
1366 3658 1579 3729 ἔχοντες
1639 3657 1792 3710 ἐλπί-

206 3754 293 3805 δα.
333 3754 398 3805 Εί
430 3752 537 3824 γὰρ
566 3750 888 3822 πιστεύομεν
922 3754 1000 3805 ὅτι
1061 3750 1263 3823 Ἰησοῦς
1290 3750 1524 3804 ἀπέθανε
1549 3749 1642 3803 καὶ
1667 3749 1793 3803 ἀνέ-

210 3862 335 3916 στη,
356 3844 502 3898 οῦτω
525 3845 615 3897 καὶ
633 3846 661 3897 6
680 3844 809 3907 Θεὸς
828 3844 951 3908 τοὺς
979 3844 1339 3914 κοιμηθέντας
1358 3843 1445 3896 διά
1469 3843 1563 3897 τοῦ
1596 3842 1792 3914 Ἰησοῦ,

209 3936 327 4001 ἄξει
364 3936 466 3987 σὺν
491 3934 656 4004 αύτῷ.
691 3933 858 3987 Τοῦτο
885 3934 992 4005 γὰρ
1019 3935 1143 4004 ὑμῖν
1171 3933 1399 4004 λέγομεν
1434 3934 1490 3986 ὲν
1518 3932 1659 4003 λόγῳ
1684 3934 1795 3985 Κυ-

210 4031 352 4099 ρίου,
390 4030 472 4081 ὅτι
504 4029 663 4098 ἡμεῖς
706 4030 752 4080 οί
784 4027 1003 4092 ζῶντες,
1038 4028 1087 4079 οί
1119 4024 1554 4097 περιλειπόμενοι
1587 4027 1665 4087 είς
1697 4023 1795 4095 τὴν

209 4121 519 4194 παρουσίαν
545 4119 636 4172 τοῦ
666 4120 889 4192 Κυρίου,
925 4121 983 4172 ού
1024 4119 1097 4192 μὴ
1132 4119 1422 4189 φθάσωμεν
1447 4118 1571 4181 τοὺς
1602 4133 1796 4187 κοιμη-

207 4213 430 4274 θέντας·
466 4213 547 4264 ὅτι
581 4212 740 4276 αὑτὸς
777 4214 805 4265 6
839 4212 1042 4283 Κύριος
1073 4212 1130 4264 ὲν
1157 4210 1504 4281 κελεύσματι,
1545 4211 1601 4261 ἐν
1642 4210 1792 4280 φωνῇ

283 4353 331 4385 ⁸⁸
359 4350 503 4405 Dan.
537 4367 635 4415 xu,
664 4351 717 4404 2.
796 4353 838 4383 ⁸⁷
888 4348 991 4405 lsa.
1039 4366 1189 4415 xxvr,
1232 4350 1319 4406 19.
1394 4350 1442 4382 ’⁸
1472 4348 1632 4403 Joan.
1656 4365 1710 4413 v,
1740 4347 1827 4402 25.

1886 3475 2158 3546 iustorum
2185 3469 2252 3523 ad
2284 3467 2799 3523 Thessalonicenses
2821 3467 3063 3524 scribens
3101 3469 3175 3524 ait
3206 3487 3220 3523 :
3252 3488 3269 3521 ι
3298 3468 3463 3524 Nolu-

1882 3580 2021 3619 mus
2050 3578 2148 3616 vos
2182 3561 2431 3632 ignorare
2473 3558 2541 3613 de
2569 3558 2984 3627 dormientibus,
3018 3570 3079 3614 ut
3115 3576 3222 3615 non
3260 3562 3464 3615 contri-

1892 3653 2130 3719 stemini,
2160 3652 2302 3708 sicut
2335 3659 2389 3705 et
2434 3650 2636 3715 eteteri,
2663 3651 2755 3721 qui
2791 3666 2942 3720 spem
2991 3666 3097 3704 non
3133 3651 3354 3706 habent.
3401 3652 3459 3707 Si

1892 3748 2035 3803 enim
2071 3744 2345 3801 credimus
2371 3742 2517 3811 quod
2563 3741 2724 3797 Jesus
2758 3751 3003 3797 mortuus
3045 3750 3129 3797 est
3172 3751 3228 3796 et
3276 3758 3461 3798 resur-

1898 3837 2055 3902 rexit,
2092 3836 2164 3891 ita
2194 3844 2248 3890 et
2286 3834 2430 3890 Deus
2465 3849 2561 3890 eos
2599 3834 2691 3904 qui
2734 3832 3074 3889 dormierunt
3115 3850 3209 3904 per
3251 3833 3459 3900 Jesum,

1895 3929 2128 3985 adducet
2148 3942 2271 3982 cum
2302 3943 2387 3983 eo.
2421 3926 2534 3980 lloe
2564 3925 2709 3979 enim
2738 3924 2895 3980 vobis
2929 3924 3165 3981 dicimus
3208 3928 3262 3981 in
3291 3927 3459 3981 verbo

1896 4020 2131 4083 Domini,
2169 4020 2299 4089 quia
2337 4034 2437 4073 nos
2476 4018 2568 4087 qui
2600 4017 2854 4083 vivimus,
2892 4017 2984 4088 qui
3018 4018 3220 4074 residui
3268 4035 3461 4074 sumus

1894 4112 1947 4166 in
1974 4112 2263 4167 adventum
2289 4108 2522 4176 Domini,
2539 4111 3045 4179 nonprzeveniemus
3072 4125 3166 4166 eos
3219 4114 3310 4181 qui
3336 4112 3462 4165 dor-

1896 4206 2154 4261 mierunt.
2188 4201 2459 4269 Quoniam
2514 4202 2628 4272 ipse
2692 4199 2955 4258 Dominus
3001 4203 3057 4257 in
3095 4203 3274 4273 jussu,
3317 4205 3456 4259 etin

1917 4346 1962 4379 "
1994 4345 2194 4416 Ephes.
2222 4343 2389 4409 ν,14.
2485 4343 2694 4416 ί-ᾼροε.
2728 4360 2818 4409 xx,
2859 4344 2892 4401 6
2946 4355 2999 4400 et
3034 4345 3119 4401 14.
3215 4348 3235 4376 ¹
3266 4344 3454 4401 Matth.

209 4438 333 4483 xm,
368 4422 460 4476 45.
537 4421 557 4452 ³
594 4414 779 4476 Matth.
811 4436 938 4486 xxv,
991 4420 1080 4476 54.
1156 4420 1364 4490 ‘Apoc.
1415 4435 1543 4487 xm,
1589 4419 1678 4485 15,
1718 4428 1770 4473 et

1899 4433 1924 4481 ῑ,
1970 4414 2055 4471 8f
2099 4416 2119 4445 ⁵
2156 4414 2257 4469 lsa.
2304 4430 2451 4481 LXVI,
2490 4414 2579 4468 ει.

278 4539 396 4607 (29)
443 4539 507 4591 '0
531 4538 598 4592 δὲ
628 4536 937 4608 προφήτης
965 4538 1146 4609 λέγει.
1196 4536 1485 4593 Existimat
1513 4536 1782 4609 Epiphan.

1899 4536 1969 4588 nis
2011 4532 2687 4609 ηοιιμαεςρηόενιιηιηθέρε,
2738 4546 2803 4586 ex
2831 4530 3457 4609 Elite_apocrypliis._Et

208 4605 973 4679 aliiqueidesumpta'hzec‘ex
999 4605 1246 4679 Ieremia:
1274 4605 1784 4679 apocrypbis,iquod

212 4677 395 4750 ipsum
424 4677 787 4748 Hieronymus
820 4679 1149 4749 suspicatur.
1182 4677 1454 4750 Georgius
1481 4677 1782 4750 Syncellus,

209 4747 307 4819 qui
342 4751 436 4803 illa
469 4747 775 4819 apocrypha
815 4747 1031 4803 versare
1073 4749 1246 4819 potuit
1284 4766 1297 4800 :
1331 4747 1475 4819 Πλὴν
1509 4747 1601 4819 καὶ
1631 4749 1659 4799 ό
1691 4763 1788 4819 μα-

212 4816 407 4891 κάριος
434 4816 651 4882 Παῦλος
675 4816 913 4891 σπανίως
950 4816 1218 4891 ἐχρήσατό
1253 4836 1395 4891 τισιν
1425 4816 1790 4891 ξιξ-’Ἀποκρύ-

213 4874 334 4960 cper
356 4874 638 4989 χρηῖεσινί
672 4890 760 4989 ζΩς
791 4874 916 4942 ὅταν
940 4874 1100 4960 φῆξςιζι
1130 4892 1186 4989 εν
1205 4891 1269 4959 τῇ
1306 4874 1788 4989 πρὸξΚοριηθίὸμς

214 4959 405 4989 -ριῗυοη
516 4977 669 4989 ...ρ-λ
703 4963 755 4989 ζ.
797 4961 851 4989 '1')
894 4961 1140 4989 Αηιιηητη,
1166 4981 1193 4989 ,-
1228 4961 1334 4989 ιη’νυ
1384 4975 1427 4989 οι
1474 4974 1499 4989 ο
1551 4974 1623 4989 lu"
1682 4975 1788 4989 nun

213 4956 407 5049 πρώτη
451 4956 755 5030 Ἐπιστολή·
797 4961 851 5011 '0
892 4956 1193 5030 ὀφθαλμὸς
1225 4956 1518 5045 ὀῠεςέἷδε,
1551 4956 1647 5045 ἆξαι
1681 4956 1790 5021 οὖς

211 5048 327 5083 ουκ
356 5016 603 5097 ἤκουσε,
632 5015 729 5083 καί
761 5029 857 5085 ἐπὶ
884 5030 1131 5100 καρδίαν
1155 5031 1466 5100 ἀνθρωπου
1518 5025 1789 5100 ουκ-ἀνέ-

212 5102 309 5167 6n,
342 5096 437 5153 καὶ
458 5100 523 5153 τὰ
557 5101 701 5170 ἑξῆς.
736 5104 800 5154 ὲκ
828 5101 935 5154 τῶν
957 5096 968 5100 ⁷
987 5101 1141 5153 Ἠλία
1170 5098 1516 5170 ἀποκρύφων.
1545 5098 1653 5151 Καὶ
1683 5096 1787 5170 πά-

212 5170 298 5222 λιν
336 5174 393 5223 ὲν
428 5174 489 5240 τῇ
523 5167 657 5242 πρὸς
677 5171 938 5242 Γαλάτας,
966 5172 1030 5242 ὲκ
1053 5172 1151 5241 τῆς
1171 5167 1445 5242 Μωῦσέως
1473 5167 1787 5242 Ἀποκαλύ-

214 5244 399 5308 ψεως·
438 5239 580 5294 Οὖτὲ
612 5241 892 5311 περιτομή
927 5259 979 5293 τι
1006 5239 1193 5303 ἐστὶν,
1226 5241 1363 5293 οὔτε
1401 5239 1785 5311 ἀκροϐυστίᾳ,

216 5312 593 5394 ἆθλα-καινῇ
635 5314 848 5394 κτίσις.
880 5312 992 5394 μία).
1018 5312 1075 5394 ὲν
1098 5314 1163 5381 τῇ
1199 5311 1333 5394 πρὸς
1384 5310 1680 5394 ’ᾖξε-σιούς,
1722 5310 1787 5394 ἐκ

212 5380 327 5435 τῶν
374 5382 667 5453 Ἱερεμίου
698 5381 1001 5453 λεγομένων
1052 5380 1405 5453 ἀποκρύφων·
1453 5384 1709 5453 Ἐγειραι
1758 5382 1792 5435 ό

214 5449 541 5513 καθεύδωιέ,
578 5452 674 5504 καί
717 5449 950 5507 ἀνάστα
976 5452 1043 5505 ἐκ
1084 5449 1208 5505 τῶν
1234 5449 1480 5521 νεκρῶν,
1520 5449 1617 5505 καὶ
1656 5452 1785 5504 ἐπι-

234 5524 438 5583 ραύσει
488 5538 586 5575 σοι
633 5525 666 5575 ό
703 5524 971 5589 Χριστός.
1020 5542 1038 5574 ι
1081 5522 1345 5578 Caeterum
1388 5524 1549 5577 etiam
1596 5522 1785 5575 beatus

260 5594 422 5647 auius
456 5608 873 5662 nonnunquam,
918 5610 1042 5647 raro
1082 5604 1285 5659 tamen,
1320 5592 1646 5660 quibusdam
1676 5606 1782 5662 au—

220 5663 563 5732 ctoritatibus
611 5660 745 5717 usus
787 5673 890 5727 est,
935 5664 1115 5732 petitis
1159 5681 1224 5717 ex
1253 5665 1406 5716 libris
1437 5660 1781 5732 apocrypliis.

225 5731 291 5785 Ut
313 5749 438 5786 cum
466 5734 543 5786 ait
580 5732 631 5785 in
670 5733 905 5803 Epistula
937 5728 1121 5802 prima
1157 5734 1221 5786 ad
1251 5728 1562 5785 Corinthios
1588 5728 1784 5803 (Qua:

226 5804 405 5859 oculus
440 5820 541 5857 non
570 5800 731 5873 vidit,
758 5820 847 5858 nec
880 5800 1025 5860 auris
1065 5804 1283 5870 audivit,
1322 5812 1368 5856 et
1410 5804 1461 5856 in
1490 5818 1578 5857 cor
1612 5800 1779 5853 homi-

1892 4603 2172 4675 rursusjn
2204 4602 2445 4675 Epistola
2475 4601 2539 4675 ad
2561 4600 2816 4675 Galatas,
2855 4618 2920 4655 ex
2951 4600 3153 4672 Moysis
3184 4600 3459 4675 'Apocaly-

1891 4674 1976 4743 psi
2008 4693 2020 4729 :
2058 4671 2238 4742 Neque
2276 4673 2603 4726 circumcisio
2653 4672 3000 4743 aliquid_est,
3042 4671 3200 4743 neque
3246 4671 3458 4743 praepu-

1895 4741 2046 4806 tium,
2107 4741 2196 4797 sed
2230 4759 2362 4796 nova
2418 4751 2679 4795 creatura.
2739 4743 2797 4795 ln
2851 4741 3089 4811 Epistula
3133 4741 3365 4811 quoque
3390 4747 3457 4799 ad

1893 4814 2153 4883 Ephesios
2204 4831 2216 4866 :
2277 4812 2558 4883 Surgeiqui
2594 4812 2812 4877 dormis,
2835 4822 2888 4883 et
2918 4828 3188 4881 exsurgea
3213 4816 3455 4881 mortuis,

1895 4881 1951 4938 et
1995 4885 2257 4938 illucescet
2295 4883 2387 4936 tibi
2427 4881 2685 4952 Christus,
2737 4898 2806 4937 ex
2853 4881 3131 4952 Jcremite,
3169 4898 3308 4952 quos
3362 4900 3457 4939 vo-

1894 4965 2020 5008 cant
2046 4953 2385 5024 apocryphis.
2411 4970 2442 5024 AD
2485 4951 2594 5024 Nec
2632 4954 2715 5007 his
2746 4951 3012 5024 absimilia
3047 4950 3326 5024 Origenes,
3353 4956 3457 5009 etsi

1894 5024 2047 5078 locus
2073 5022 2179 5077 non
2210 5022 2475 5088 occurrit;
2509 5023 2599 5092 qui
2623 5023 2737 5093 ipse
2757 5023 2941 5076 multis
2972 5023 3105 5077 locis
3131 5025 3456 5094 apocryphis

1896 5096 2087 5161 utitur,
2111 5108 2174 5148 ac
2206 5095 2531 5162 quandoque
2557 5109 2715 5148 suum
2743 5108 2810 5147 ex
2840 5094 2947 5147 illis
2974 5108 3216 5148 errorem
3250 5097 3455 5149 contir-

1894 5176 2007 5220 mat
2054 5165 2491 5236 pricexsistentiaa
2534 5164 2860 5236 animarum,
2912 5163 3451 5236 MatthaxwLJoan.

1894 5252 1933 5296 l.
1966 5233 2069 5293 etc.
2113 5234 2428 5305 Hippolytus
2452 5250 2666 5303 quoque
2711 5234 3084 5303 propheticum
3118 5233 3222 5287 hoc
3249 5234 3452 5290 dictum

1894 5308 2063 5363 Paulo
2093 5314 2413 5376 usurpatum
2459 5305 2982 5376 existimavit,rs_ive
3026 5320 3093 5358 ex
3139 5306 3448 5376 apocrypho

1892 5378 2003 5447 jam
2044 5373 2248 5447 relato;
2271 5379 2385 5430 sive
2416 5376 2559 5447 quod
2584 5375 2702 5443 ipsa
2734 5375 2844 5447 veri
2875 5373 3028 5429 Isaiae
3046 5373 3217 5447 ιιι(
3258 5373 3452 5447 Surge,

1892 5445 2541 5511 illuminare,.lerusalem,
2575 5456 2732 5507 etc")
2771 5446 2841 5497 ita
2860 5445 3183 5511 composuit,
3207 5451 3263 5499 et
3284 5446 3338 5499 in
3365 5460 3454 5498 ve-

1890 5535 2004 5572 ram
2034 5518 2207 5570 lucem
2238 5515 2512 5570 Christum
2544 5516 2842 5582 nsurpavit,
2885 5524 2941 5569 ut
2986 5515 3043 5571 S.
3092 5516 3280 5570 doctor
3307 5518 3452 5572 haud

1888 5587 2312 5657 improbabiliter
2335 5586 2518 5657 sensit.
2554 5585 2840 5657 Coniugis.

1958 5653 2070 5724 (30)
2111 5654 2250 5710 Idem
2287 5656 2439 5710 locus
2460 5655 2711 5709 laudatur
2741 5653 2877 5724 Eph.
2901 5673 2953 5719 v,
2988 5653 3074 5709 ιι.
3104 5654 3168 5710 G.
3201 5653 3361 5711 Plura
3385 5658 3454 5713 «le

1888 5729 1981 5782 illo
2000 5727 2110 5780 dixi
2138 5729 2192 5779 in
2228 5724 2888 5797 Codicgpseudepigrapho
2928 5726 2986 5782 V.
3028 5724 3191 5795 Tan,
3225 5742 3278 5797 p.
3314 5726 3452 5784 i105

1889 5814 2003 5869 seq.
2027 5808 2078 5853 et
2109 5812 2162 5867 p.
2203 5796 2361 5850 1074.
2396 5794 2612 5851 Ὲλωιιο.
