3852 6208
345 297 446 352 78'1

1068 293 1430 348 HIPPULYTI
1478 293 1628 351 OPP.
1670 293 1851 349 PARS
1891 291 1955 348 ῘΙ.
1997 323 2068 336 ι·-
2117 292 2420 350 DOGMAT.
2480 293 2567 348 ET
2603 287 2954 349 HISTORIGI‘

3451 293 3559 350 788

343 436 477 476 voce
497 430 550 474 et
579 422 706 477 tuba
746 413 841 475 Dei
867 419 1153 474 descendet
1181 419 1247 473 de
1288 418 1448 481 creto,
1498 427 1552 472 et
1594 418 1791 472 mortui
1835 418 1889 472 in

2004 418 2087 470 ml.
2115 416 2370 485 σάλπιγγι
2401 414 2534 470 Θεοῦ
2569 415 2935 486 καταϐήσεται
2968 415 3061 468 ἀπ’
3092 414 3344 487 οὐρανοῦ,
3379 417 3473 472 καὶ
3514 420 3565 472 οἱ

343 513 560 569 Christo
591 522 872 584 resurgent
891 512 1148 581 primum.
1172 509 1376 565 Deinde
1398 525 1497 565 nos
1526 511 1619 580 qui
1647 510 1897 573 vivimus,

341 607 434 674 qui
467 606 668 661 residui
695 620 906 668 sumus,
949 604 1111 658 simul
1151 618 1276 658 cum
1314 603 1394 658 eis
1423 603 1697 673 rapiemur
1729 604 1784 656 in
1808 617 1901 656 oc-

341 713 563 752 cursum
597 696 808 751 Domini
839 697 892 749 in
921 710 1076 761 aera;
1105 705 1158 750 et
1181 695 1261 752 sic
1279 711 1494 766 semper
1515 710 1640 750 cum
1673 693 1900 748 Domino

340 789 543 844 erimus
576 789 617 841 '.
655 812 673 839 ι

408 879 613 934 LVVII.
658 879 782 935 Haec
810 881 906 934 tibi
938 881 1126 949 paucis
1147 881 1393 950 exposui,
1425 895 1459 934 ο
1487 879 1803 949 Theophile,
1831 895 1898 934 ex

339 973 538 1028 divinis
597 970 891 1042 Scripturis
942 973 1175 1036 hausta,
1236 982 1296 1027 ut
1340 973 1604 1026 servando
1647 971 1749 1026 ﬁde
1781 987 1900 1040 quae

341 1065 542 1132 scripta
573 1073 721 1125 sunt,
767 1063 1212 1134 prospiciensque
1257 1061 1458 1127 futura,
1496 1062 1815 1118 inoﬂ'ensum
1849 1070 1900 1117 te

341 1156 450 1210 Deo
474 1169 539 1209 ac
563 1155 876 1209 hominibus
897 1170 1100 1218 serves,
1131 1163 1450 1224 exspectans
1474 1153 1688 1208 beatam
1724 1169 1894 1223 spem,

340 1259 392 1301 et
414 1245 829 1301 illustrationem
861 1245 978 1307 Dei,
1001 1255 1055 1300 et
1091 1245 1388 1301 Salvatoris
1423 1246 1591 1300 nostri
1617 1247 1658 1312 ',
1692 1245 1748 1300 in
1791 1260 1901 1314 qua

341 1339 620 1394 suscitatis
651 1337 854 1393 sanctis
880 1337 1103 1400 nostris,
1137 1353 1260 1392 cum
1285 1338 1366 1392 eis
1401 1337 1667 1393 laetabitur
1697 1337 1897 1408 gloriﬁ-

339 1443 473 1484 cans
496 1427 731 1484 Patrem.
755 1428 858 1498 Ipsi
879 1429 1052 1500 gloria
1079 1429 1135 1483 in
1163 1431 1490 1498 sempiterna
1511 1429 1706 1485 saecula
1731 1443 1901 1486 saecu-

340 1522 538 1576 lorum.
573 1521 762 1575 Amen.

2004 510 2185 579 νεκροὶ
2204 511 2258 562 ὲν
2285 509 2500 579 Χριστῷ
2517 509 2906 580 ἀναστήσονται
2933 509 3165 579 πρῶτονο
3194 508 3382 563 ἔπειτα
3407 512 3567 582 ἡμεῖς

2003 603 2053 655 οἱ
2084 602 2282 666 ζῶντες
2308 603 2357 654 οἱ
2386 601 2818 673 περιλειπόμενοι
2852 603 2967 673 ἅμα
2985 603 3079 656 σὺν
3104 603 3286 666 αὐτοῖς
3317 604 3566 675 ἁρπαγη-

2008 694 2208 765 σόμεθα
2230 696 2286 746 ὲν
2305 693 2550 762 νεφέλαις
2583 695 2662 758 είς
2692 695 2990 765 ἀπάντησιν
3017 695 3109 748 τοῦ
3143 696 3344 766 Κυρίου
3371 698 3449 761 είς
3469 698 3567 750 ἀέ-

2008 803 2094 858 ρα·
2121 785 2213 838 καὶ
2249 784 2390 838 οὕτω
2424 785 2645 839 πάντοτε
2669 787 2764 839 σὺν
2784 787 2971 858 Κυρίῳ
2997 787 3279 858 ἐσόμεθα.ι

2075 875 2259 928 Ταῦτά
2310 875 2762 945 σοιζπαρέστησα
2831 875 2918 928 διὰ
2988 876 3232 946 βραχέων
3294 878 3568 948 ἀρυσάμε-

2003 985 2124 1032 νος,
2181 966 2438 1036 Θεόφιλε,
2480 968 2629 1030 ὅπως
2689 966 2970 1036 φυλάσσων
3026 967 3163 1038 μετά
3205 967 3438 1032 πίστεως
3498 970 3566 1023 τὰ

2003 1057 2378 1129 γεγραμμένα,
2404 1059 2496 1110 καὶ
2525 1057 2838 1129 προὸλὲπων
2859 1059 2927 1112 τά
2948 1059 3197 1130 ἐσόμενα,
3221 1058 3565 1130 ἀπρόσκοπον

2005 1150 2190 1204 ἑαυτὸν
2221 1151 2313 1204 καὶ
2334 1148 2449 1219 Θεῷ
2478 1150 2569 1202 καὶ
2591 1149 2892 1222 ἀνθρώποις
2914 1151 3169 1224 φυλάξῃς,
3207 1152 3569 1223 προσδεχόμε-

2006 1260 2092 1306 νος
2120 1242 2214 1313 τὴν
2239 1241 2507 1312 μακαρίαν
2533 1242 2718 1296 ἐλπίδα
2749 1244 2840 1296 καὶ
2859 1245 3174 1314 ἐπιφάνειαν
3199 1243 3290 1298 τοῦ
3314 1244 3446 1298 Θεοῦ
3471 1247 3567 1298 καὶ

2003 1336 2249 1406 Σωτῆρος
2278 1334 2452 1406 ήμῶν,
2490 1337 2546 1388 ὲν
2623 1335 2926 1408 ἀναστήσας
2938 1337 3064 1400 τοὺς
3084 1337 3268 1405 ἁγίους
3294 1336 3444 1407 ήμῶν
3470 1337 3568 1389 σὺν

2005 1428 2184 1490 αὐτοῖς
2209 1426 2658 1497 εὐφρανθήσεται,
2691 1426 2924 1494 δοξάζων
2946 1428 3180 1498 Ilaec-ipa“
3213 1427 3409 1498 αὑτῴή
3440 1427 3568 1504 δόξα

2008 1518 2086 1581 είς
2111 1519 2235 1581 τοὺς
2255 1517 2635 1589 ἀτελευτήτους
2664 1517 2862 1582 αἰῶνας
2886 1518 2992 1572 τῶν
3026 1517 3253 1575 αίώνων.
3299 1519 3488 1590 Ἀμήν.

373 1700 3564 1732 mm

608 1860 1043 2033 ΤΟΥ
1169 1861 1840 2034 ΑΓΙΟΥ
1982 1720 3304 2037 IIII—idm

1457 2127 1853 2184 ΕΙῙΙΣΚΟΠΟΥ
1907 2131 2030 2184 ΚΑΙ
2074 2129 2441 2184 ΜΑΡΤΥΡΟΣ

1070 2293 1842 2380 ΛΠΟΔΕΙΚΤΙΚΗ
1912 2292 2196 2379 ΠΡΟΣ
2251 2295 2835 2383 ΙΟΥΔΑΙΟΥΣ

1043 2651 1715 2808 SANCTI
1832 2653 2868 2810 HIPPOLYTI

1233 2937 1775 3030 EPISCOPI
1852 2940 2005 3029 ET
2074 2939 2675 3030 MARTYRIS

540 3149 1761 3280 DEMONSTRATIO
1853 3151 2678 3284 ADVERSUS
2767 3159 3400 3288 JUDAEOS

1323 3383 1702 3440 FRANCISCO
1743 3385 2105 3443 TURRIANO
2143 3387 2595 3446 INTERPRETE.

414 3697 453 3750 l.
492 3695 691 3752 lnelina
715 3710 901 3750 aurem
923 3704 1090 3759 tuam,
1115 3693 1316 3761 Judaee,
1340 3704 1393 3748 et
1417 3695 1542 3750 audi
1573 3697 1732 3750 verba
1756 3711 1894 3762 mea,

2068 3697 2273 3750 Οὐκοῦν
2295 3697 2468 3751 κλῖνον
2493 3697 2556 3751 τὸ
2587 3693 2680 3762 οῦς
2710 3716 2801 3752 σου
2835 3701 2976 3771 ἐμοὶ,
3000 3702 3096 3756 καὶ
3118 3703 3430 3757 εἰσάκουσον
3453 3704 3562 3759 τῶν

341 3800 397 3846 et
420 3790 653 3846 attende.
688 3787 839 3858 Saepe
869 3789 1118 3859 gloriaris
1152 3797 1230 3854 tu,
1262 3788 1406 3857 quod
1449 3786 1632 3843 Jesum
1665 3787 1898 3843 Nazare-

341 3898 470 3938 num
500 3881 692 3936 mortis
723 3880 1114 3946 eoudemnasti,
1146 3887 1199 3934 et
1229 3880 1371 3950 quod
1413 3882 1624 3934 aeetum
1663 3889 1717 3936 et
1755 3882 1823 3936 l'el
1851 3882 1898 3936 ei

339 3977 406 4030 ad
439 3976 729 4030 bibendum
760 3975 1076 4046 porrexisti;
1132 3984 1184 4028 et
1228 3974 1332 4029 hoc
1379 3973 1674 4044 gloriosum
1717 3983 1896 4046 putas.

339 4067 545 4123 Accede
562 4068 743 4138 igitur,
767 4075 822 4122 et
846 4067 1256 4122 consideremus
1278 4067 1659 4129 communiter,
1696 4075 1901 4121 utrum-

338 4175 408 4214 ne
439 4159 644 4229 injuste
671 4159 942 4229 gloriaris,
974 4174 1007 4212 ο
1045 4157 1230 4219 Israel,
1271 4165 1326 4210 et
1367 4157 1500 4211 illud
1535 4173 1724 4227 parum
1761 4161 1897 4213 aceti

339 4260 393 4305 et
435 4250 574 4306 fellis
615 4251 712 4305 has
758 4250 1044 4305 horribiles
1083 4249 1258 4302 minas
1290 4248 1382 4302 tibi
1411 4249 1619 4314 intulit;
1647 4259 1899 4306 utrumne

335 4353 556 4414 propter
588 4343 719 4397 illud
748 4343 801 4397 in
827 4343 945 4398 istis
981 4341 1205 4396 inlinitis
1229 4340 1626 4396 calamitatibus
1649 4356 1726 4396 es.

404 4521 468 4576 ll.
506 4521 767 4577 Procedat
798 4523 958 4592 igitur
998 4522 1051 4574 in
1092 4521 1351 4579 medium.
1385 4523 1475 4591 qui
1510 4538 1603 4592 per
1636 4521 1893 4593 Spiritum

335 4624 584 4669 sanctum
623 4613 882 4681 loquitur,
928 4624 980 4667 et
1015 4629 1174 4667 verax
1209 4623 1313 4679 est,
1343 4612 1506 4668 David
1544 4615 1686 4670 [ilius
1720 4615 1890 4672 Jesse.

335 4705 456 4768 llic,
497 4720 620 4760 cum
667 4705 913 4774 quaedam
947 4704 1257 4774 prophetice
1290 4705 1356 4759 de
1389 4721 1517 4759 vero
1548 4706 1766 4762 Christo
1798 4723 1891 4764 ca-

334 4805 508 4862 neret,
539 4805 593 4850 et
617 4793 781 4850 Deum
820 4805 1062 4850 nostrum
1096 4811 1190 4865 per
1235 4795 1492 4866 Spiritum
1529 4809 1772 4854 sanctum
1803 4816 1894 4855 ca-

333 4889 514 4946 nendo
542 4889 857 4954 celebraret,
887 4888 1074 4943 omnia
1110 4905 1231 4958 qua:
1261 4904 1289 4944 a
1321 4888 1522 4946 ludatis
1549 4891 1601 4944 in
1640 4892 1892 4960 passione

2000 3790 2257 3860 ῥημάτων
2303 3807 2424 3859 μου,
2469 3789 2561 3844 καὶ
2591 3789 2844 3860 πρόσεχε,
2876 3785 2920 3845 ὦ
2964 3793 3200 3847 Ἰουδαῖε.
3242 3796 3311 3846 Σὺ
3339 3795 3395 3848 δὲ
3427 3796 3560 3849 πολ-

1997 3879 2150 3943 λάκις
2184 3880 2613 3952 ὲκκαυχώμενος,
2645 3882 2724 3935 ὅτι
2742 3880 2834 3934 τὸν
2880 3884 3084 3954 Ἰησοῦν
3112 3886 3200 3939 τὸν
3241 3883 3560 3955 Ναζωραῖον

1999 3970 2208 4042 Θανάτῳ
2248 3973 2585 4044 κατέκρινας,
2622 3975 2716 4026 καὶ
2747 3973 2866 4040 ὅξος
2889 3976 2983 4028 καὶ
3012 3976 3170 4048 χολὴν
3199 3977 3357 4031 αὑτὸν
3377 3979 3562 4031 ἐπότι-

2000 4079 2112 4125 σας·
2151 4063 2243 4115 καὶ
2276 4062 2508 4134 σεμνύνῃ
2553 4063 2644 4116 ἐπὶ
2683 4063 2874 4135 τούτῳ.
2909 4066 3077 4138 Δεῦρο
3103 4063 3195 4121 οὖν
3230 4067 3420 4132 κοινῶς
3441 4071 3565 4124 ἐπι⁸

1998 4153 2324 4226 σκεψώμεθα
2353 4157 2547 4228 μήπως
2579 4157 2776 4223 ἀδίκως
2802 4161 3090 4228 καυχᾶσαι,
3113 4154 3157 4212 ὦ
3197 4160 3427 4232 Ἰσραήλ,
3459 4163 3564 4233 μή-

1996 4261 2113 4307 πως
2139 4261 2220 4298 σοι
2238 4245 2299 4298 τὸ
2336 4247 2526 4318 μικρὸν
2555 4248 2727 4299 ὲκεῖνο
2760 4246 2878 4314 ὅξος
2905 4249 2997 4302 καὶ
3026 4251 3059 4321 ή
3092 4249 3218 4320 χολὴ
3259 4250 3357 4321 τὴν
3396 4250 3560 4319 φοϐε-

1998 4335 2097 4406 ράν
2121 4352 2199 4388 σοι
2228 4335 2431 4408 ταύτην
2467 4339 2744 4410 ἐπήγαγεν
2777 4339 3022 4412 ἀπειλήν
3071 4343 3264 4412 μήπως
3294 4341 3359 4395 δι’
3393 4343 3560 4396 αὑτοῦ

1995 4429 2051 4480 ὲν
2076 4431 2186 4492 τοῖς
2213 4428 2427 4501 μυρίοις
2451 4431 2657 4496 τούτοις
2681 4433 2945 4504 ὑπάρχεις
2975 4434 3184 4498 δεινοῖς.

2065 4521 2388 4592 Προαγέσθω
2418 4522 2592 4575 τοίνυν
2615 4525 2694 4587 εἰς
2719 4525 2882 4594 μέσον
2901 4527 2930 4578 ὁ
2952 4524 3039 4578 διά
3063 4525 3376 4596 Πνεῦματος
3401 4526 3559 4594 ἁγίου

1993 4615 2185 4677 λαλῶν,
2231 4614 2460 4685 ἀψευδὴς
2495 4614 2773 4686 ὑπάρχων,
2809 4616 2970 4670 Δαυῖδ
2997 4619 3026 4668 ὁ
3061 4616 3154 4670 τοῦ
3195 4618 3408 4673 Ἰεσσαί.
3451 4611 3559 4670 Οὖ-

1993 4726 2082 4773 τος
2105 4709 2318 4779 ψάλλων
2345 4711 2464 4764 τινὰ
2499 4711 2847 4782 προφητικῶς
2867 4711 2944 4774 είς
2971 4709 3060 4763 τὸν
3087 4710 3258 4782 ἀληθῆ
3300 4712 3557 4782 Χριστὸν,

1992 4803 2083 4856 τὸν
2109 4803 2239 4857 Θεὸν
2269 4807 2301 4875 ή
2312 4804 2427 4875 μῶν
2454 4804 2759 4875 ἐμελῴδησε
2798 4803 2883 4858 διὰ
2917 4804 3011 4857 τοῦ
3037 4804 3190 4873 ἁγίου
3219 4805 3556 4875 Πνεῦματος,

1994 4896 2169 4948 πάντα
2205 4895 2273 4948 τὰ
2312 4896 2416 4948 ὑπὸ
2461 4896 2725 4949 Ἰουδαίων
2751 4897 2830 4959 εἰς
2855 4896 3014 4948 αὑτὸν
3038 4898 3097 4949 ὲν
3126 4896 3204 4967 τῷ
3228 4895 3386 4950 πάθει
3411 4897 3561 4965 γινό-

331 4982 452 5050 ejus
477 4979 617 5034 facta
641 4987 788 5042 sunt,
815 4979 962 5034 clare
1001 4979 1362 5046 denuntiavit;
1403 4983 1492 5036 ubi
1525 4983 1772 5039 Christus
1795 4986 1887 5053 qui

2004 5000 2132 5056 μενα
2157 4987 2341 5057 σαφῶς
2362 4989 2766 5058 κατηγγείλατσ
2803 4990 2860 5041 ὲν
2885 4981 2928 5056 ᾧ
2959 4991 2987 5042 ὁ
3012 4990 3242 5060 Χριστὸς
3281 4990 3310 5042 ό
3362 5007 3558 5042 tamt-

333 5086 392 5124 se
421 5069 740 5134 humiliavit,
771 5078 825 5124 et
859 5069 1089 5124 formam
1133 5071 1272 5125 servi
1306 5071 1478 5126 Adam
1525 5073 1717 5139 induit,
1770 5083 1890 5128 tan-

2004 5078 2168 5143 νώσας
2189 5055 2376 5132 ἑαυτὸν
2403 5055 2497 5133 καὶ.
2515 5055 2620 5150 τὴν
2653 5079 2862 5152 μορφὴν
2893 5055 2986 5133 τοῦ
3015 5055 3197 5135 δούλου
3246 5083 3415 5154 Ἀδὰμ
3462 5087 3553 5137 ὲν-

332 5175 496 5228 quam
521 5174 587 5213 ex
615 5174 846 5229 persona
875 5167 1080 5221 nostra,
1115 5160 1328 5214 invocat
1360 5161 1528 5215 Deum
1563 5161 1771 5215 Patrem
1794 5164 1885 5232 qui

331 5250 386 5303 in
410 5250 561 5305 caelis
594 5259 698 5314 est,
717 5259 770 5304 et
796 5250 871 5303 ait
892 5251 1084 5319 psalm.
1111 5265 1274 5303 vam
1302 5269 1316 5304 ;
1346 5270 1363 5302 ‹
1401 5249 1564 5305 Serva
1591 5268 1693 5318 me,
1725 5251 1887 5320 Deus,

333 5345 591 5414 quoniam
659 5347 996 5400 intraverunt
1065 5360 1218 5414 aqua:
1285 5361 1458 5415 usque
1523 5349 1590 5401 ad
1652 5349 1888 5406 animam

401 5463 422 5494 ⁸
453 5462 469 5515 l
503 5463 694 5519 Thess.
727 5479 800 5531 Iv,
835 5462 920 5516 12.
993 5463 1011 5491 ⁷
1047 5460 1151 5516 Tit.
1186 5476 1245 5527 ιι,
1273 5461 1356 5516 15.

364 5577 511 5656 ,(51)
576 5581 670 5632 Ἐν
706 5579 784 5645 τῷ
822 5580 909 5647 En'
945 5576 1182 5656 ψαλμῷ.
1212 5581 1596 5656 Annumerare
1637 5583 1882 5656 Psalmm

331 5651 444 5724 sive
472 5662 673 5724 eorum_
693 5665 976 5724 numerum
1004 5652 1252 5724 allegare,
1279 5651 1518 5724 solemne
1547 5653 1632 5708 illa
1659 5655 1887 5724 jampri-

333 5716 452 5771 dem
475 5727 628 5772 atate
649 5718 748 5772 fuit
778 5716 1133 5789 scriptoribus
1170 5739 1182 5774 :
1209 5731 1266 5776 ut
1293 5736 1358 5777 ex
1384 5719 1632 5794 Origene,
1657 5716 1881 5798 Cypria-

1993 5171 2305 5242 δυσάμενος,
2338 5173 2413 5236 ῶς
2454 5175 2518 5226 ὲκ
2560 5172 2847 5244 προσώπου
2885 5176 3040 5246 ἡμῶν
3087 5177 3420 5231 ἐπικαλεῖται
3458 5177 3552 5230 τὸν

1996 5266 2052 5316 ὲν
2084 5264 2327 5335 οὐρανοῖς
2352 5267 2481 5320 Θεὸν
2521 5268 2759 5339 Πατέρα,
2804 5269 2897 5322 καὶ
2932 5269 3077 5338 λέγει
3110 5273 3166 5324 ὲν
3211 5271 3288 5342 τῷ
3314 5271 3392 5341 ξη¹
3423 5270 3557 5341 ψαλ-

1999 5353 2082 5426 μῷ
2107 5355 2235 5426 (51)·
2273 5377 2291 5408 ί
2325 5358 2500 5412 Σῶσόν
2532 5377 2618 5431 με,
2659 5363 2686 5415 ὁ
2717 5360 2869 5424 Θεὸς,
2911 5362 2991 5414 ὄτι
3038 5363 3352 5434 είσήλθοσαν
3386 5363 3555 5418 ὕδατα

1989 5609 2080 5720 ἕο,
2115 5595 2413 5665 Lactantio,
2445 5597 2676 5670 aliisque
2698 5597 2860 5655 etiam
2884 5597 3283 5669 antiquioribus
3315 5602 3553 5653 constat.

2033 5683 2201 5720 ABRIC.

2033 5683 2201 5722 ABRIC.
