3852 6208
199 281 291 337 789

1141 280 1673 339 DEMONSTRATIO
1713 282 1803 337 Al)
1813 282 2078 342 VERSUS
2118 284 2423 341 JUDIEOS.

3289 289 3395 344 790

194 396 290 459 ἕως
317 395 486 467 ψυχῆς
521 414 635 467 μουο
660 397 929 470 ὲνεπάγην
951 400 1028 463 είς
1057 400 1169 453 ἰλὺν
1196 400 1380 472 βυθοῦ,
1412 422 1429 455 ι
1458 404 1725 457 τουτέστιν

1833 421 2041 473 meam;
2091 408 2286 463 inﬁxus
2333 423 2451 463 sum
2485 407 2539 462 in
2572 407 2701 462 limo
2744 408 3030 478 profundi;
3072 428 3089 459 ι
3123 409 3173 463 id
3212 419 3293 465 est
3340 412 3393 465 in

191 491 262 553 εἰς
284 489 372 559 τὴν
404 487 605 559 φθορὰν
629 488 721 542 τοῦ
747 490 892 561 ᾅδου,
919 491 1004 545 διὰ
1022 492 1120 564 τῆς
1142 494 1199 547 ὲν
1215 495 1524 568 παραδείσῳ
1556 516 1733 569 παραυ

192 580 326 649 κρῆς
364 598 384 631 I
427 580 522 632 καὶ
569 580 665 632 οὐκ
708 580 853 634 ἔστιν
896 583 1212 649 ὑπόστασις,
1258 605 1275 637 I
1316 588 1482 658 ῆγουν
1518 589 1751 661 ἀντίλη-’

189 672 285 741 ψις.
322 690 341 723 ι
382 671 682 737 Ἑξέλειπον
726 673 776 726 οἱ
812 673 1079 745 ὀφθαλμοί
1115 694 1214 747 μου
1249 678 1355 731 ἀπὸ
1385 679 1477 733 τοῦ
1504 680 1735 743 ἐλπίζειν

192 782 249 835 με
270 764 354 817 ἐπὶ
381 764 472 816 τὸν
494 765 627 820 Θεόν
652 783 777 836 μου,
804 768 931 821 πότε
964 768 1082 838 ἥξει
1110 771 1203 823 καὶ
1239 771 1399 824 σώσει
1442 789 1528 842 με.
1573 791 1591 823 I

245 854 366 911 Εἶτα
386 856 555 910 είπὼν
574 856 641 910 τὰ
666 858 790 929 ἑξῆς
814 860 959 927 λέγει
978 861 1158 914 λοιπὸν
1177 863 1251 926 ὡς
1270 862 1328 927 ἐξ
1348 864 1545 917 οἰκείου
1568 882 1736 936 προσ-

185 949 315 1002 ώπου
348 952 376 1003 6
421 950 675 1019 Χριστός·
698 969 717 1001 ι
745 952 810 1002 Ἀ
833 952 929 1021 οὐχ
950 951 1211 1024 ἥρπαζον,
1239 956 1419 1024 φησὶν,
1458 956 1576 1008 τότε
1601 957 1736 1009 ἀπε-

182 1042 387 1094 τίννυονο
431 1060 449 1093 I
487 1041 784 1105 τουτέστιν,
837 1042 978 1115 ἀπερ
1017 1043 1115 1113 οὐχ
1163 1044 1424 1115 ἥμαρτον,
1472 1047 1610 1117 ὑπὲρ
1640 1045 1733 1099 τοῦ

184 1133 551 1202 ἁμαρτήματος
605 1131 774 1202 Ἀδὰμ
806 1132 1069 1203 ὑπέμεινα
1094 1132 1183 1185 τὸν
1210 1132 1454 1186 θάνατον.
1499 1153 1517 1186 ι
1563 1135 1733 1199 Ἐπεὶ,

182 1225 205 1275 .‘
233 1222 371 1285 Θεὸς,
400 1224 463 1276 σὺ
489 1218 641 1285 οἶδας
674 1222 771 1293 τὴν
800 1222 1107 1295 ἀφροσύνην
1134 1242 1255 1294 μου,
1285 1226 1376 1278 καὶ
1398 1228 1453 1278 αἱ
1485 1226 1588 1297 πλη
1599 1228 1735 1297 μμέ-

182 1314 300 1367 λειαί
335 1331 429 1383 μου
462 1315 573 1367 ἀπὸ
596 1315 689 1367 σοῦ
722 1316 821 1368 οὐκ
852 1316 1255 1387 ἀπεκρύϐησανο
1289 1337 1306 1370 I
1346 1318 1639 1382 τουτέστιν,
1673 1321 1733 1372 οὐ

183 1406 274 1474 γὰρ
301 1403 714 1475 ὲπλημμέλησι,
751 1406 943 1475 φησίν·
969 1407 1035 1459 δι’
1060 1408 1087 1459 ὃ
1132 1427 1150 1458 ι
1199 1408 1272 1479 μὴ
1321 1410 1735 1481 αἰσχυνθείησαν

182 1494 595 1564 οίύπομένοντές
631 1512 731 1565 μου
761 1494 885 1547 ἰδεῖν
926 1513 945 1546 I
981 1496 1078 1567 τὴν
1104 1497 1397 1567 τριήμερόν
1421 1498 1733 1563 ἀνάστασιν,

184 1585 431 1638 τουτέστιν
480 1587 532 1638 οἱ
573 1585 877 1638 ἀπόστολοι.
938 1604 955 1635 ι
1009 1586 1310 1641 ’Ὀτιὲνεκά
1345 1605 1458 1653 σου,
1511 1607 1529 1640 I
1579 1590 1737 1660 χάριν

183 1676 259 1728 τοῦ
286 1677 588 1730 ὑπακοῦσαί
616 1695 729 1739 σου,
768 1696 787 1729 ‹
820 1677 1098 1747 ὑπήνεγκα
1127 1679 1443 1749 ὀνειδισμὸν,
1495 1699 1512 1731 I
1556 1682 1737 1733 τουτέ-

1842 498 2243 566 corruptionem
2268 497 2486 560 inferni,
2528 507 2744 568 propter
2774 500 3136 556 obedientiam
3161 500 3215 553 in
3240 517 3398 570 para-

1834 586 1954 641 diso
1992 588 2287 657 abiectam,
2335 606 2353 639 ι
2404 599 2593 643 etnon
2652 598 2735 644 est
2782 591 3103 658 substantia,
3133 610 3151 643 ι
3194 592 3248 646 id
3293 602 3394 657 est,

1835 679 2118 733 auxilium.
2171 698 2189 731 ι
2246 678 2567 735 Defecerunt
2614 681 2756 736 oculi
2800 683 2925 746 mei,
2970 683 3097 737 dum
3137 699 3297 754 spero
3340 686 3395 739 in

1834 769 1945 824 Deo
1982 785 2131 836 meo;
2161 772 2378 839 quando
2397 772 2596 835 veniet,
2624 780 2676 826 et
2702 773 2908 827 salvum
2942 788 3027 827 me
3054 772 3231 829 faciet.
3265 793 3284 826 ι

1906 858 1991 913 lll.
2023 858 2217 914 Postea
2246 861 2377 916 dicit
2406 870 2660 931 tanquam
2704 878 2770 918 ex
2816 878 3047 932 persona
3096 880 3196 919 sua
3236 864 3395 919 Chri-

1837 958 1953 1004 stus
1986 969 1997 1004 :
2032 968 2049 1001 ι
2084 949 2215 1016 Quae
2248 966 2355 1005 non
2387 953 2561 1022 rapui,
2596 953 2791 1023 inquit,
2840 963 2966 1009 tunc
3015 956 3325 1023 solvebam;
3371 976 3389 1007 ι

1834 1038 1887 1093 id
1916 1049 2018 1105 est,
2050 1039 2141 1108 qui
2175 1054 2285 1093 non
2323 1040 2560 1109 peccavi,
2596 1056 2694 1110 pro
2733 1050 2953 1110 peccato
2989 1041 3118 1095 Adae
3160 1042 3392 1097 sustinui

1834 1138 2132 1183 mortem.i
2196 1129 2463 1196 Quoniam
2524 1140 2602 1196 tu,
2641 1131 2803 1196 Deus,
2860 1134 2967 1187 scis
3024 1133 3391 1203 insipientiam

1835 1236 2051 1287 meam;
2088 1230 2141 1275 et
2169 1222 2360 1277 delicta
2399 1237 2517 1277 mea
2557 1234 2660 1277 ate
2691 1240 2796 1276 non
2838 1233 2962 1278 sunt
2990 1223 3331 1289 abscondita;
3370 1242 3391 1275 ι

1834 1311 1888 1366 id
1912 1323 2013 1375 est,
2043 1328 2152 1366 non
2176 1313 2343 1380 enim,
2374 1314 2564 1383 inquit,
2589 1314 2812 1383 deliqui,
2835 1316 3204 1385 quamobrem,
3230 1334 3249 1367 ι
3286 1330 3393 1369 non

1834 1404 2179 1469 erubescant,
2208 1407 2301 1475 qui
2330 1416 2641 1476 exspectant
2665 1406 2847 1461 videre
2886 1426 2903 1458 ι
2941 1424 3111 1461 meam
3153 1417 3274 1476 post
3299 1408 3395 1462 tri-

1835 1498 2003 1552 duum
2039 1499 2486 1552 resurrectionem
2522 1517 2535 1551 :
2572 1498 2623 1551 id
2654 1500 3028 1567 est,apostoli.
3066 1518 3083 1549 ι
3124 1498 3389 1565 Quoniam

1834 1597 2053 1655 propter
2082 1596 2153 1649 te,
2189 1606 2207 1637 ι
2250 1598 2304 1641 ιιι
2345 1586 2441 1640 tibi
2479 1585 2771 1651 obedirem,
2823 1605 2842 1637 ι
2898 1587 3135 1661 sustinui
3194 1601 3390 1656 oppro-

1838 1676 2036 1741 brium,
2064 1695 2082 1727 ι
2117 1676 2167 1729 id
2194 1684 2296 1738 est,
2318 1690 2530 1730 crucem
2553 1693 2567 1741 ;
2600 1675 2991 1746 quandoJudaai
3016 1694 3035 1727 ι
3062 1685 3390 1745 operuerunt

186 1782 255 1818 σιι
283 1767 365 1820 τὸν
407 1768 667 1839 σταυρὸν,
700 1768 787 1819 ὅτε
828 1785 848 1818 ι
880 1742 1151 1837 ἐκάλυψαν
1175 1742 1405 1841 ἐντροπῇ
1432 1742 1490 1822 τὸ
1526 1772 1725 1842 πρόσω-

1836 1764 2154 1821 confusione
2186 1764 2374 1820 faciem
2406 1780 2645 1831 meamp
2680 1766 2894 1833 quando
2924 1784 2941 1817 ι
2976 1766 3183 1820 alienus
3217 1765 3390 1822 factus

184 1858 264 1910 πόν
290 1874 381 1928 μου
421 1877 440 1910 I
465 1860 517 1911 οἱ
556 1859 820 1912 Ἰουδαῖοιο
848 1860 934 1913 ὅτε
960 1878 978 1911 I
1014 1859 1519 1931 ἀπηλλοτριωμένος
1553 1864 1734 1934 ἐγενή-

184 1948 266 2021 θην
306 1953 412 2013 τοῖς
456 1951 615 2005 κατὰ
674 1949 871 2017 σάρκα
933 1949 1178 2020 ἀδελφοῖς
1235 1968 1359 2021 μου,
1433 1952 1527 2004 καὶ
1586 1952 1731 2019 ξένος

184 2042 279 2101 τοῖς
301 2041 429 2103 υἱοῖς
459 2039 565 2110 τῆς
609 2040 813 2111 μητρός
853 2057 973 2110 μου,
1010 2060 1028 2092 I
1073 2041 1335 2107 τουτέστι,
1388 2043 1727 2115 Συναγωγῆς.

186 2150 202 2181 ι
234 2132 361 2185 Διότι
393 2134 421 2184 ὁ
449 2132 618 2203 ζῆλος
635 2131 728 2185 τοῦ
758 2131 907 2186 οἴκου
938 2148 1053 2199 σου,
1093 2134 1292 2205 Πάτερ,
1329 2136 1602 2205 κατέφαγέ
1639 2155 1726 2209 με,

184 2226 259 2277 καὶ
284 2226 327 2278 οἱ
346 2226 642 2297 ὀνειδισμοὶ
671 2226 780 2280 τῶν
812 2224 1171 2290 ὀνειδιζόντων
1197 2244 1279 2291 σε,
1323 2247 1340 2279 ι
1380 2230 1475 2283 καὶ
1499 2229 1729 2284 θυόντων

181 2320 270 2379 τοῖς
290 2316 535 2380 εξδώλοις,
580 2336 598 2368 I
641 2316 913 2370 ἐπέπεσαν
949 2319 1034 2370 ἐπ’
1068 2318 1187 2388 ἐμέ.
1226 2338 1243 2369 ι
1270 2320 1363 2372 Διὸ
1391 2339 1409 2371 ι
1448 2321 1565 2374 κατ’
1592 2320 1725 2392 ἐμοῦ

186 2407 469 2479 ἠδολεσχουν
494 2410 545 2461 οὶ
580 2408 875 2480 καθήμενοι
898 2410 953 2462 ὲν
976 2408 1187 2475 πύλαις·
1204 2430 1222 2463 ›
1252 2410 1355 2479 ἔξω
1378 2413 1482 2486 γὰρ
1510 2414 1607 2486 τῆς
1630 2414 1728 2469 πύ-

183 2499 259 2570 λης
286 2519 343 2571 με
370 2502 747 2572 ἐσταύρωσανσ
781 2520 800 2553 ‹
842 2504 935 2557 καὶ
971 2506 1050 2567 είς
1083 2505 1180 2575 ἐμὲ
1214 2505 1437 2575 ἔψαλλον
1470 2508 1519 2559 οί
1542 2510 1721 2561 πίνον-

182 2610 254 2655 τες
281 2588 427 2654 οἶνον,
470 2614 486 2644 I
516 2593 769 2647 τουτέστι
792 2597 856 2665 τῇ
884 2594 977 2647 τοῦ
1008 2596 1197 2667 Πάσχα
1223 2598 1401 2668 ἑορτῇ.
1444 2617 1463 2650 t
1510 2599 1648 2667 Ἐγὼ
1668 2601 1725 2655 δὲ

182 2684 234 2750 τῇ
258 2686 506 2754 προσευχῇ
545 2700 657 2753 μου
682 2683 816 2754 πρὸς
840 2684 920 2747 σὲ,
948 2683 1139 2755 Κύριε,
1176 2704 1193 2735 I
1230 2685 1432 2751 ἔλεγον·
1466 2706 1484 2738 ι
1526 2689 1723 2762 Πάτερ,

185 2772 294 2839 ἄφες
332 2776 525 2837 αὐτοῖς,
592 2794 609 2825 I
661 2778 773 2839 τοῖς
814 2776 1042 2839 ἔθνεσιν,
1085 2776 1217 2829 διότι
1255 2778 1441 2849 καιρὸς
1483 2779 1726 2843 εὐδοκίας

183 2863 269 2915 τῶν
285 2865 456 2917 ἐθνῶν.
488 2886 506 2917 ι
556 2867 652 2937 Μὴ
678 2867 851 2919 τοίνυν
874 2868 1317 2921 καταποντισὼιω
1343 2887 1408 2939 με
1432 2870 1678 2938 καταιγὶς
1700 2890 1719 2923 I

186 2956 479 3026 πειρασμῶν,
513 2976 531 3006 ι
578 2956 709 3027 μηδὲ
729 2957 1038 3010 καταπιέτω
1076 2974 1140 3027 με
1170 2957 1345 3028 βυθὸς,
1378 2978 1395 3009 ι
1430 2960 1721 3025 τουτέστιν,

1833 1872 1954 1912 sum
1995 1856 2251 1912 fratribus
2282 1858 2417 1911 meis
2455 1876 2472 1907 ι
2500 1857 2795 1912 secundum
2824 1873 3060 1931 carnem,
3102 1876 3120 1909 ι
3150 1866 3202 1913 et
3235 1874 3391 1928 pere-

1831 1949 2019 2019 grinus
2048 1948 2170 2004 [iliis
2193 1950 2381 2003 matris
2406 1964 2559 2013 meae,
2598 1968 2614 2000 ι
2645 1949 2694 2002 id
2718 1958 2819 2015 est,
2848 1948 3160 2020 Synagogaa.
3190 1968 3208 2000 ι
3244 1949 3391 2015 Quo-

1830 2041 1975 2093 niam
2000 2040 2148 2095 zelus
2182 2040 2377 2095 domus
2411 2050 2517 2094 tua:
2556 2038 2757 2110 (Pater)
2787 2039 3019 2094 comedit
3057 2056 3164 2107 me,
3190 2050 3243 2095 et
3281 2040 3389 2094 imc

1828 2132 2079 2201 properia
2117 2131 2601 2200 improperantium
2649 2130 2763 2197 tibi,
2805 2150 2823 2183 ι
2871 2140 2925 2185 et
2966 2132 3387 2187 sacriﬁcantium

1827 2223 2010 2290 idolis,
2072 2240 2092 2274 ι
2156 2222 2470 2277 ceciderunt
2542 2237 2703 2291 super
2759 2237 2865 2276 me.
2943 2241 2960 2273 ι
3026 2220 3385 2288 Quamobrem

1833 2331 1852 2365 ε
1888 2306 2075 2368 contra
2104 2329 2189 2369 me
2224 2313 2601 2384 loquebantur,
2632 2313 2725 2383 qui
2753 2313 3007 2368 sedebant
3032 2315 3085 2367 in
3115 2315 3319 2384 portis;
3360 2334 3381 2366 ι

1827 2413 1980 2462 extra
2011 2416 2223 2477 poItaIn
2257 2405 2399 2461 enim
2438 2404 2823 2461 cruciﬁxeruut
2848 2418 2972 2461 eum
3005 2402 3166 2476 (me);
3206 2424 3225 2458 ι
3252 2413 3305 2461 et
3331 2404 3385 2460 iu

1828 2513 1914 2552 me
1940 2499 2242 2568 psallebant
2280 2498 2372 2567 qui
2415 2497 2669 2551 bibebant
2709 2497 2913 2563 vinum,
2949 2516 2966 2547 ι
3006 2497 3057 2551 id
3091 2507 3196 2563 est,
3222 2497 3273 2551 in
3303 2496 3384 2551 fe-

1826 2599 1909 2645 sto
1944 2589 2187 2644 Pascha.
2233 2607 2251 2640 ι
2304 2588 2414 2658 Ego
2451 2602 2575 2642 vero
2624 2588 2867 2642 oratione
2904 2603 3025 2643 mea
3061 2589 3127 2643 ad
3171 2598 3243 2654 te,
3281 2587 3384 2640 Do-

1826 2679 1993 2745 mine,
2028 2697 2047 2729 ι
2093 2677 2336 2732 dicebam
2369 2695 2382 2730 :
2420 2696 2438 2727 ‹
2491 2676 2670 2742 Pater,
2716 2676 2927 2730 remitte
2963 2676 3112 2745 ipsis,
3153 2695 3171 2727 ι
3215 2677 3385 2746 genti-

1824 2771 1963 2837 bus;
2012 2770 2271 2839 quoniam
2325 2780 2533 2838 tempus
2582 2768 2898 2837 beneplaciti
2944 2771 3199 2838 gentium.
3245 2787 3263 2819 ι
3308 2767 3385 2821 Ne

1824 2862 1989 2933 igitur
2019 2862 2292 2931 demergat
2329 2878 2414 2915 me
2446 2870 2731 2931 tempestas
2765 2880 2782 2911 ι
2820 2862 3196 2922 tentationum,
3232 2878 3250 2910 ι
3287 2875 3385 2914 nec

1826 2954 2114 3010 absorbeat
2146 2970 2233 3009 me
2276 2954 2601 3023 profundum
2653 2952 2699 3019 ⁸,
2747 2972 2765 3004 I
2810 2952 2863 3006 id
2922 2961 3021 3013 est,
3077 2951 3322 3007 infernus
3367 2970 3381 3007 :

186 3045 361 3117 δᾷδης.
389 3066 406 3099 ι
438 3048 512 3102 Οὐ
541 3048 662 3118 γὰρ
695 3048 1105 3117 ἐγκαταλείψεις
1146 3050 1241 3121 τὴν
1266 3051 1444 3121 ψυχήν
1492 3070 1591 3122 μου
1646 3054 1724 3116 είς

1833 3063 1851 3096 ι
1888 3044 2007 3100 Νοιι
2032 3045 2175 3100 enim
2203 3045 2474 3114 relinques
2508 3044 2743 3097 animam
2776 3057 2950 3096 meam
2977 3044 3028 3095 in
3060 3041 3271 3096 inferno
3294 3042 3380 3108 ’;I

186 3136 303 3209 ᾅδην·
316 3158 428 3191 ι-οι
440 3139 583 3211 μηδὲ
602 3139 837 3209 συσχέτω
849 3140 932 3192 ἐπ’
947 3140 1045 3210 ἐμὲ
1063 3140 1237 3212 φρέαρ
1250 3142 1308 3194 τὸ
1324 3141 1494 3211 στόμα
1506 3142 1689 3208 αὑτοῦ,
1704 3163 1720 3195 ι

186 3230 387 3283 τουτέστι
416 3231 474 3283 τὸ
502 3234 795 3302 μνημεῖον.
838 3250 855 3281 ι
890 3232 1088 3285 Ἕνεκα
1128 3232 1234 3287 τῶν
1268 3235 1475 3306 ἐχθρῶν
1506 3252 1604 3305 μου
1632 3235 1725 3305 ῥῦ-

190 3322 257 3373 σαί
287 3341 361 3393 με,
406 3344 423 3376 ι
455 3326 540 3378 ἵνα
582 3324 655 3396 μὴ
688 3327 1065 3397 καυχήσωνται
1092 3327 1141 3378 οί
1184 3327 1422 3380 Ἰουδαῖοι
1456 3327 1721 3396 λέγοντες*

188 3412 513 3487 Καταπίωμεν
534 3416 726 3471 αὐτόν.

242 3505 400 3559 Ταῦτα
426 3507 480 3561 δὲ
507 3507 695 3559 πάντα
725 3507 956 3578 Χριστὸς
973 3507 1327 3578 οίκονομικῶς
1346 3508 1421 3571 ὡς
1444 3508 1726 3581 ἄνθρωπος

189 3595 366 3665 ηὔχετο,
414 3599 550 3663 Θεὸς
584 3598 659 3651 ὢν
690 3598 956 3670 ἀληθινός.
1011 3599 1260 3663 Ἀλλ’,ὠς
1314 3599 1524 3668 φθάσας
1552 3597 1723 3668 εἷπον,

193 3690 261 3756 Ii;
292 3692 456 3763 μορφὴ
481 3690 588 3745 τοῦ
613 3690 798 3743 δούλου
822 3686 911 3761 ἦν,
943 3710 960 3741 ι
997 3690 1171 3743 ταῦτα
1221 3691 1455 3759 λέγουσα
1494 3693 1587 3745 καὶ
1618 3692 1725 3746 πά-

192 3794 373 3848 σχουσα.
398 3785 471 3834 Δι’
501 3783 531 3835 δ
572 3782 817 3852 ἐπήγαγε
846 3781 1037 3850 λέγων·
1067 3802 1085 3833 ι
1123 3783 1448 3853 Ὀνειδισμὸν
1472 3783 1724 3853 προσεδό-

190 3887 323 3939 κησεν
360 3876 390 3945 ή
435 3873 591 3944 ψυχή
638 3890 738 3943 μου
796 3873 889 3925 καὶ
941 3872 1329 3943 ταλαιπωρίαν,
1362 3891 1380 3922 I
1426 3872 1721 3938 τουτέστιν,

191 3962 409 4029 ἑκουσίως
447 3965 680 4028 ἔπαθον,
727 3966 825 4017 οὐκ
856 3964 919 4017 ἐκ
950 3982 1089 4027 τινος
1141 3964 1260 4034 βίας
1284 3981 1297 3993 ·
1345 3964 1494 4034 ὅμως
1548 3983 1566 4015 ι
1596 3966 1725 4018 ὑπέ-

193 4072 320 4125 μεινα
354 4058 803 4129 συλλυπούμενον,
838 4057 929 4110 καὶ¹
966 4058 1062 4126 οὐχ
1105 4055 1364 4127 ὑπῆρξεν.
1409 4074 1428 4109 I
1480 4058 1724 4125 Ἀφέντες

190 4149 277 4220 γὰρ
302 4152 487 4217 πάντες
516 4152 573 4206 oi
606 4153 731 4222 ἐμοὶ
758 4150 993 4220 μαθηταὶ
1038 4150 1261 4219 ἔφυγον·
1297 4169 1314 4201 ι
1356 4152 1447 4203 καὶ
1480 4166 1725 4221 παρακα-

193 4235 373 4309 λοῦντα,
400 4247 493 4299 καὶ
524 4246 627 4315 οὑχ
654 4237 834 4315 εὖρον.
878 4262 895 4293 I
1402 4256 1409 4261 '

1835 3156 1853 3187 ι
1891 3152 1993 3192 nec
2023 3146 2213 3207 urgeat
2247 3151 2411 3205 super
2455 3149 2540 3188 me
2581 3145 2775 3203 puteus
2816 3149 2879 3187 os
2917 3149 3098 3199 suum,
3138 3153 3155 3183 ι
3192 3133 3243 3187 id
3281 3142 3384 3199 est,

1830 3231 2161 3300 sepulcrum.
2199 3248 2216 3280 ι
2256 3227 2485 3296 Propter
2511 3227 2757 3281 inimicos
2783 3240 2934 3280 meos
2958 3225 3104 3295 eripe
3144 3238 3232 3280 me
3254 3225 3319 3289 ‘°,
3362 3243 3381 3275 ι

1828 3340 1895 3380 ne
1917 3324 2217 3397 glorientur
2231 3322 2401 3377 Judaei
2424 3321 2666 3377 dicentes
2696 3340 2707 3373 :
2747 3319 3143 3375 Absorbcamus
3169 3334 3311 3372 cum.

1898 3501 1987 3556 IV.
2030 3501 2153 3556 Haec
2198 3502 2379 3555 omnia
2441 3502 2691 3555 Christus
2745 3502 3077 3555 (nconomicc
3129 3509 3382 3567 tanquam

1828 3597 1991 3651 homo
2024 3595 2361 3665 precabatur,
2387 3595 2479 3662 qui
2508 3602 2625 3647 erat
2651 3608 2810 3647 verus
2834 3591 2996 3645 Deus.
3025 3590 3385 3652 Sed,utautea

1826 3686 1959 3752 dixi,
1997 3704 2015 3736 ι
2054 3684 2228 3738 forma
2254 3683 2395 3739 servi
2419 3693 2534 3737 erat
2558 3685 2621 3747 ¹¹,
2658 3703 2675 3734 ι
2704 3698 2823 3751 qua:
2848 3683 2962 3736 hinc
2992 3682 3309 3750 loquebatur
3332 3690 3386 3734 ct

1825 3775 2151 3847 patiebatur.
2187 3773 2550 3839 Quamobrem
2583 3771 2863 3841 subjunxit
2896 3789 2906 3822 :
2945 3789 2961 3819 ‹
2996 3769 3382 3838 lmproperium

1826 3865 2156 3936 exspectavit
2190 3864 2369 3917 anima
2400 3876 2538 3925 mea,
2573 3870 2627 3915 et
2662 3861 2967 3920 miseriam;
3006 3878 3024 3909 ι
3060 3860 3111 3912 id
3141 3866 3244 3921 est,
3274 3872 3382 3910 non

1827 3958 2029 4011 invitus
2056 3968 2249 4025 passus
2279 3967 2399 4008 sum
2429 3992 2444 4015 ,
2490 3966 2662 4020 neque
2696 3964 2787 4018 per
2812 3951 2950 4013 vim;
2982 3967 3000 3999 ι
3034 3950 3337 4017 exspectavi
3360 3968 3378 3998 ι

1826 4058 2027 4112 tamen,
2065 4066 2083 4098 ι
2116 4046 2207 4116 qui
2232 4044 2392 4100 simul
2418 4044 2849 4105 eontristaretur,
2877 4054 2931 4096 et
2959 4056 3065 4095 non
3090 4041 3210 4095 fuit.
3239 4060 3257 4091 ι
3280 4040 3385 4093 Do-

1826 4141 1974 4194 mino
2006 4139 2135 4209 (me)
2165 4139 2309 4192 enim
2362 4136 2640 4199 derelicto,
2690 4149 2878 4187 omnes
2929 4134 3081 4202 (mei)
3132 4132 3383 4201 discipuli

1825 4233 2103 4303 fugerunt:
2131 4250 2149 4281 ι
2183 4243 2235 4286 et
2257 4228 2606 4299 (exspectavi)
2631 4228 2723 4296 qui
2756 4226 3154 4288 consolaretur,
3186 4235 3376 4279 etnon

1823 4339 2028 4379 Inveni.
2059 4343 2078 4376 ι

251 4424 493 4478 Ἄκουσον
524 4423 812 4493 νουνεχῶς,
858 4416 903 4475 ὦ
949 4420 1187 4483 ’Ῑουδαῖε,
1232 4419 1284 4472 τί
1320 4436 1482 4490 φησιν
1527 4421 1555 4471 6
1592 4420 1724 4489 Χρι-

1893 4414 1958 4470 V.
2003 4416 2141 4470 Audi
2173 4425 2225 4470 et
2256 4415 2491 4479 adverte,
2524 4411 2726 4474 Iudaee,
2761 4409 2889 4481 quid
2920 4410 3062 4464 dicat
3090 4410 3379 4464 Christus:

195 4515 314 4577 πός’
353 4536 369 4568 ι
401 4518 647 4571 Ἔδωκαν
668 4517 775 4587 (3‘2)
798 4518 876 4578 εἰς
892 4514 951 4567 τὸ
972 4513 1168 4585 βρῶμά
1198 4530 1295 4583 μου
1324 4512 1504 4583 χολὴν,
1525 4512 1619 4565 καὶ
1643 4515 1721 4576 εἰς

192 4606 269 4675 τὴν
300 4608 446 4678 δίψαν
489 4628 591 4681 μου
627 4607 877 4661 ὲπότισάν
913 4623 979 4677 με
1012 4605 1149 4673 ὅξος.
1186 4624 1203 4655 ›
1246 4606 1355 4657 Καὶ
1396 4603 1566 4657 ταῦτα
1624 4604 1721 4674 μὲν

191 4695 357 4751 ἔπαθεν
377 4702 432 4767 ἐξ
454 4701 628 4771 ὑμῶν.
651 4701 909 4752 ’Ἄκουσον
929 4697 1022 4750 τοῦ
1044 4697 1197 4765 ἀγίου
1216 4696 1353 4748 Πνεύ
1361 4712 1527 4765 ματος
1542 4697 1721 4765 λέγον-

191 4803 262 4851 τος
276 4794 355 4844 καὶ
383 4793 431 4845 τί
459 4792 835 4846 ἀνταπέδωκεν
866 4792 993 4862 ὑμῖν
1022 4791 1141 4843 ἀντὶ
1168 4790 1261 4842 τοῦ
1287 4789 1481 4861 μικροῦ
1515 4790 1720 4844 ἐκείνου

192 4877 336 4944 ὄξους.
367 4886 523 4952 Λέγει
557 4884 665 4955 γὰρ
695 4886 724 4937 6
750 4885 1061 4954 προφήτης,
1101 4881 1176 4943 ὼς
1207 4882 1272 4934 ὲκ
1303 4880 1593 4952 προσώπου
1626 4882 1716 4935 τοῦ

194 4966 327 5021 Θεοῦο
365 4994 383 5024 ι
418 4976 706 5047 Γενηθήτω
730 4977 765 5046 ὴ
797 4972 1042 5044 τράπεζα
1070 4972 1247 5025 αὐτῶν
1281 4974 1361 5035 εἰς
1389 4972 1591 5041 παγίδα
1624 4976 1717 5028 καὶ

251 5086 270 5116 ⁸
294 5087 431 5161 Psal.
459 5107 642 5156 vaIII,
677 5092 701 5146 l
730 5107 880 5161 seqq.

194 5151 267 5208 ιι.
333 5162 373 5191 ⁸⁸
399 5159 523 5216 Ibid.
546 5151 634 5216 2‘2.

213 5276 351 5354 “(33)
392 5281 450 5335 Τί
506 5282 694 5354 φησιν
745 5285 778 5337 ό
822 5282 1070 5354 Χριστρς
1098 5299 1110 5312 ·
1160 5281 1407 5354 ἔδωκαν.
1456 5282 1713 5354 Origenes

196 5341 273 5396 lib.
302 5341 539 5403 ιιέοηιι-ἱι
572 5341 801 5415 Celsum,
836 5341 957 5420 p'ag.
992 5341 1080 5416 Si,
1112 5353 1238 5405 edit.
1275 5341 1581 5409 Cantabrf:
1615 5341 1712 5410 Γέζ

196 5370 273 5396 ιιυ.
302 5370 333 5399 ιι
362 5370 539 5403 contra
572 5370 801 5415 celsum,
836 5370 899 5420 pa
942 5392 957 5406 .
992 5370 1080 5416 az,
1112 5370 1238 5405 euIt.
1275 5370 1533 5407 bantabr.
1570 5375 1581 5409 :
1617 5370 1712 5410 ιἐ-

195 5429 405 5498 Imma}
433 5421 800 5498 Evnégqxoa'np
837 5370 1005 5498 όγὲόῳ
1033 5422 1602 5498 ψαλμὶιὶὲνῃπροσὼπῳ
1624 5427 1715 5498 τοῦ

197 5482 401 5563 Χριστοῦ
420 5507 454 5563 ολ
476 5482 837 5563 Καίγέδωκὰν
879 5482 988 5563 sic.
1015 5482 1077 5545 τὶ)
1119 5482 1329 5561 βρῶμά
1351 5482 1469 5561 ῥου
1500 5482 1713 5563 χολὴν,

196 5553 277 5631 καί
300 5560 377 5622 εις
403 5560 513 5631 τὴν
539 5561 717 5629 δίψαν
755 5580 872 5630 μου
909 5553 1195 5615 cidae—di;
1229 5553 1305 5631 ῥε
1339 5553 1603 5629 ὃξοςίἯ
1635 5553 1719 5618 λεξ

199 5622 409 5706 ﬁrmem:
447 5622 697 5706 Ἰουδαῖοι,
728 5622 809 5694 τ’ίς
837 5633 986 5706 ἐστιν
1015 5633 1043 5684 ὁ
1072 5634 1127 5684 ὲν
1152 5622 1522 5706 τῷζπροφήτῃ
1549 5636 1717 5689 ταῦτα

205 5692 347 5760 λέγων
366 5738 381 5763 ,
412 5700 502 5753 καὶ
540 5692 1035 5774 παραστησάτωσαν
1070 5702 1179 5755 ἀπὸ
1207 5692 1328 5773 ’τῆς
1361 5692 1597 5774 ἱστορίας
1629 5706 1718 5759 τὸν

1833 4527 1852 4560 ι
1877 4508 2147 4563 Dederuut
2168 4506 2435 4561 in-eibum
2470 4520 2648 4559 meum
2676 4503 2766 4569 fel,
2800 4502 2930 4556 etin
2962 4502 3050 4556 siti
3083 4517 3200 4557 mea
3230 4512 3385 4571 pota-

1826 4610 2019 4656 verunt
2062 4616 2149 4655 me
2196 4609 2347 4665 aceto
2373 4602 2436 4652 ¹¹.
2477 4618 2493 4649 ι
2539 4599 2603 4652 Ει
2639 4599 2752 4653 hinc
2798 4612 2992 4667 passus
3030 4604 3114 4651 est
3147 4612 3176 4649 a
3208 4595 3380 4649 vobis.

1825 4695 1965 4750 Audi
1997 4693 2255 4764 Spiritum
2288 4704 2532 4747 sanctum
2562 4692 2827 4747 dicentem
2852 4692 2982 4762 quid
3016 4690 3263 4745 retribuit
3290 4704 3389 4743 νος-

1826 4790 1908 4844 bis
1930 4803 2028 4859 pro
2057 4788 2147 4841 illo
2178 4786 2393 4841 modico
2422 4796 2573 4841 aceto
2602 4805 2612 4838 :
2649 4786 2725 4839 ait
2770 4784 2913 4839 enim
2965 4783 3218 4853 propheta
3260 4792 3385 4836 Ian-

1822 4896 1984 4953 quam
2031 4895 2097 4934 ex
2145 4894 2373 4949 persona
2421 4877 2554 4933 Dei:
2593 4897 2610 4930 ι
2651 4878 2770 4933 Fiat
2796 4892 2980 4932 mensa
3004 4892 3190 4930 eorum
3220 4877 3274 4929 in
3306 4876 3386 4929 la-

1823 4990 2044 5045 queum,
2062 4982 2114 5027 et
2142 4973 2195 5026 in
2217 4973 2623 5027 retributionem
2648 4972 2709 5025 ¹³.
2727 4991 2743 5022 ι
2771 4969 2942 5037 Quam
2973 4970 3384 5023 retributionem

956 5092 976 5123 ’
1010 5089 1151 5145 Psal.
1190 5105 1278 5156 xv,
1305 5090 1419 5143 10.‘
1471 5092 1514 5123 ¹⁰
1547 5090 1686 5147 Psal.
1721 5110 1907 5159 vam,
1946 5094 2027 5148 15.
2108 5095 2147 5125 ¹¹
2180 5092 2411 5161 Philipp.
2442 5106 2509 5155 II,
2547 5091 2595 5145 '7.
2678 5092 2718 5121 "
2754 5088 2893 5144 Psal.
2928 5104 3121 5152 vaIII,
3162 5087 3250 5152 20,
3292 5086 3384 5151 21,

1819 5284 2325 5359 dvenlq¢%a_aig_rb
2346 5285 2538 5357 βρῶμα
2559 5284 2750 5359 εαυτοῦ
2780 5283 2960 5359 χολῂν,
2992 5284 3083 5336 καὶ
3110 5280 3387 5359 ποτισθένη

1820 5377 1890 5413 τα
1918 5351 2055 5422 ὅξος.
2094 5376 2110 5407 ι
2142 5351 2413 5425 Scriptum
2445 5351 2527 5409 est
2558 5355 2609 5425 in
2653 5351 2992 5423 sexagesimo
3023 5362 3215 5425 octavo
3240 5351 3388 5418 psal—

1822 5444 1913 5483 mo
1940 5444 2006 5481 ex
2036 5422 2491 5494 persona'Christi
2516 5443 2530 5477 :
2566 5422 2633 5475 Et
2658 5422 2907 5477 dederunt
2936 5425 2987 5475 in
3018 5424 3188 5494 cibum
3215 5436 3388 5494 meum

1823 5497 1913 5621 ςεί,
1945 5506 1991 5549 ει
2024 5491 2077 5548 in
2117 5496 2203 5550 siti
2240 5512 2352 5548 mea
2395 5503 2702 5564 potavcrunt
2735 5510 2811 5546 me
2856 5502 3020 5547 aceto.
3064 5493 3171 5545 Aut
3204 5491 3389 5545 dicant

1858 5566 1994 5621 udaai
2022 5566 2144 5621 uuis
2168 5575 2251 5619 est
2275 5564 2368 5621 qui
2401 5566 2513 5618 haec
2542 5564 2683 5621 apud
2712 5564 3029 5621 prophetam
3054 5563 3309 5621 loquitur.
3333 5568 3387 5613 et

1858 5566 1994 5621 udaai
2022 5566 2144 5633 quis
2168 5575 2251 5619 est
2275 5564 2368 5632 qui
2401 5566 2513 5618 haec
2542 5564 2683 5630 apud
2712 5564 3029 5632 prophetam
3054 5563 3309 5631 loquitur,
3333 5568 3387 5613 et

1824 5653 1889 5690 ex
1921 5636 2145 5688 historia
2170 5634 2455 5688 ostendant
2480 5634 2713 5703 aliquem
2746 5648 2847 5703 pro
2876 5634 2997 5688 cibo
3026 5633 3146 5688 felle
3170 5642 3386 5703 pastum

1825 5716 2171 5777 potatumque
2196 5712 2367 5757 aceto.
2400 5722 2419 5756 ι
2455 5702 2673 5757 FABRIC.
