3852 6208
283 271 374 326 791
927 271 983 326 S.
1025 269 1383 325 lllPPOLYTl
1423 270 1570 326 OPP.
1635 269 1812 324 PARS
1851 269 1913 322 ll.
1963 302 2022 314 ρ-
2056 269 2356 325 DOGMAT.
2399 267 2486 324 ET
2524 268 2863 325 lllSTORlC.

3411 268 3515 324 792

277 386 443 443 dicit?
469 388 814 444 manifestum
839 398 943 455 est,
967 407 1088 446 eam
1117 391 1387 447 miseriam
1419 391 1619 459 dicere,
1653 391 1705 446 in
1739 409 1847 462 qua

1960 392 2031 454 είς
2063 392 2430 448 ἀνταπόδοσιν.
2461 411 2478 444 ι
2513 391 2680 446 Ποίαν
2702 389 3055 446 ἀνταπόδοσιν
3079 388 3256 458 λέγει;
3277 387 3516 461 εῦδηλον,

276 491 425 532 nunc
455 479 556 548 (es)
592 489 719 534 sunt
745 479 940 537 Judaei.

353 567 436 623 Vl.
478 569 616 624 Audi
652 570 862 638 deinde,
886 589 1006 643 qum
1037 582 1376 643 sequuntur:
1420 593 1438 626 ι
1472 573 1846 631 Obseurentur
1895 633 1897 637 ,

277 663 419 717 oculi
443 677 654 729 eorum,
689 680 756 719 ne
785 665 1020 721 videant.
1055 685 1073 718 ι
1106 667 1272 737 Atqui
1300 669 1576 726 obscurati
1600 677 1727 724 sunt
1752 684 1842 724 vo-

278 754 361 809 bis
388 755 530 810 oculi
572 756 765 812 anima:
809 757 1195 814 obscuratione
1227 763 1509 818 tenebrosa
1543 775 1595 817 et
1623 771 1842 816 aeterna.

281 845 559 914 Siquidem
594 857 715 900 orto
742 864 875 904 vero
907 849 1138 914 lumine,
1170 867 1266 908 vos
1297 860 1555 923 tanquam
1597 853 1650 906 in
1691 859 1848 906 nocte

279 937 496 1004 erratis,
540 937 593 990 in
623 938 765 993 invia
807 955 902 996 vos
941 941 1297 1012 impingentes
1331 957 1395 998 ac
1424 941 1844 1012 prmeipitantes,

277 1029 371 1097 qui
404 1029 543 1083 viam
585 1029 730 1084 illam
775 1032 1072 1102 reliquistis
1115 1049 1235 1104 quae
1266 1035 1484 1089 aiebat:
1528 1055 1547 1087 ‹
1586 1033 1699 1103 Ego
1725 1050 1846 1089 sum

279 1121 364 1175 via
392 1123 452 1175 “.
488 1142 505 1173 ι
537 1121 826 1187 Ρνεειοτριι,
855 1126 980 1181 audi
1005 1127 1149 1196 quod
1177 1127 1398 1200 gravius
1416 1137 1472 1184 et
1494 1129 1849 1198 periculosius

278 1222 384 1274 est;
410 1213 485 1266 ait
515 1214 658 1268 enim
686 1214 912 1270 :«Dorsa
941 1232 1128 1273 eorum
1155 1234 1369 1289 semper
1393 1219 1616 1274 incurva
1639 1221 1682 1251 "
1713 1239 1760 1274 ε»
1791 1219 1846 1273 id

278 1313 384 1369 est,
408 1315 467 1359 ut
493 1306 732 1360 serviant
753 1309 1039 1377 gentibus;
1067 1325 1176 1364 non
1203 1309 1612 1381 quadringentis
1633 1311 1847 1380 triginta

281 1397 460 1461 annis,
499 1407 558 1452 ut
589 1398 642 1451 in
682 1397 949 1470 Egypto;
990 1417 1164 1472 neque
1201 1403 1559 1474 septuaginta,
1595 1412 1656 1458 ut
1680 1403 1852 1476 Baby-

281 1489 408 1542 lone
455 1507 468 1543 :
529 1489 623 1544 sed
670 1507 894 1561 semper,
934 1492 1132 1562 inquit,
1168 1495 1220 1548 in
1257 1495 1570 1550 servitutem
1605 1495 1848 1550 incurva.

1947 485 2045 554 τὴν
2079 483 2172 539 νῦν
2204 484 2534 556 κατέχουσάν
2570 501 2629 538 σε
2661 482 2968 554 δυστυχίαν.

2018 572 2150 629 Εἶτα
2197 577 2425 630 ἄκουσον
2476 575 2570 630 καὶ
2615 575 2685 629 τὰ
2727 575 2881 647 ἑξῆς·
2923 594 2941 627 ι
2972 573 3426 644 Σκοτισθήτωσαν
3467 575 3518 627 οἱ

1948 666 2216 737 ὀφθαλμοὶ
2246 665 2425 720 αὐτῶν
2451 667 2544 721 τοῦ
2581 666 2655 738 μὴ
2690 667 2926 738 βλέπειν.
2953 685 2972 718 ι
3019 664 3520 736 Ἀλλ’ὲσκοτίσθητε

1947 761 2059 822 τοῖς
2107 759 2207 829 τῆς
2254 757 2433 828 ψυχῆς
2478 757 2777 830 ὀφθαλμοῖς
2829 756 3119 828 σκοτισμδν
3163 756 3377 827 ἀφεγγῆ
3424 755 3521 812 καὶ

1949 851 2187 906 αἰώνιον.
2235 851 2631 916 ’Δνατείλαντος
2661 850 2770 923 γὰρ
2797 849 2891 904 τοῦ
2923 849 3098 921 φωτὸς
3125 849 3219 902 τοῦ
3243 847 3516 920 ἀληθινοῦ,

1949 945 2106 1016 ὑμεῖς
2125 943 2200 1008 ὡς
2247 945 2306 997 ἐν
2349 943 2502 998 νυκτὶ
2545 943 2838 1007 πλανᾶσθε,
2888 945 2982 998 καὶ
3019 943 3253 1007 ἀνοδίαις
3286 944 3521 1015 προσκό-

1951 1055 2176 1102 πτοντες
2222 1037 2314 1090 καὶ⁵
2360 1037 2779 1108 κρημνιζόμενοι
2829 1037 2905 1099 ὡς
2951 1035 3375 1107 καταλείψαντες
3419 1035 3518 1106 τὴν

1948 1130 2065 1183 ὁδον
2097 1129 2197 1200 τὴν
2220 1129 2482 1197 λέγουσαν
2502 1145 2516 1160 ο
2555 1147 2574 1180 ι
2611 1128 2750 1198 Ἐγώ
2780 1131 2949 1200 είμιή
2981 1129 3116 1192 ὁδός.
3145 1147 3162 1181 ι
3197 1125 3330 1182 Εἶτα
3357 1129 3521 1182 ἀκου-

1952 1241 2043 1276 σον
2076 1222 2458 1294 καιριώτερον*
2509 1241 2528 1272 ι
2565 1222 2673 1276 Καὶ
2699 1223 2790 1276 τὸν
2825 1223 2992 1276 νῶτον
3029 1224 3207 1277 αὐτῶν
3233 1223 3522 1288 διαπαντὸς

1953 1314 2270 1385 σύγκαμψον
2287 1332 2300 1344 ο
2333 1334 2352 1366 ι
2377 1314 2672 1381 τουτέστιν,
2697 1315 2786 1368 ἵνα
2808 1314 3127 1369 δουλεύωσιν
3153 1318 3266 1378 τοῖς
3287 1315 3520 1380 ἔθνεσιν,

1949 1410 2011 1462 οὐ
2041 1408 2363 1480 τετρακόσια
2406 1407 2506 1478 ἐτη
2544 1408 2636 1461 καὶ
2674 1407 2982 1477 τριάκοντα,
3022 1407 3099 1472 ὡς
3131 1409 3188 1462 ὲν
3223 1408 3516 1479 Αἰγύπτῳ·

1951 1501 2071 1554 οὔτε
2090 1501 2469 1572 ἑϐδομήκοντα,
2511 1501 2586 1564 ὡς
2615 1501 2672 1554 ὲν
2695 1500 2987 1565 Βαϐυλῶνι,
3019 1501 3154 1554 ἀλλά
3187 1499 3518 1567 διαπαντὸς

281 1575 422 1644 Quid
459 1578 572 1647 jam
617 1578 874 1650 deinceps
924 1579 1148 1649 frustra,
1195 1592 1248 1638 et
1297 1598 1433 1638 vane
1477 1583 1850 1638 liberationem

1960 1592 2139 1663 φησιν,
2174 1593 2254 1656 είς
2284 1589 2526 1644 δουλείαν
2556 1589 2893 1661 σύγκαμψον.
2925 1589 3126 1644 Λοιπὸν
3157 1589 3210 1642 τί
3239 1589 3400 1652 κενὰς
3431 1588 3521 1642 et-

284 1669 448 1738 hujus
483 1671 715 1726 miseria:
741 1673 963 1741 speras?
993 1671 1148 1740 Quod
1169 1674 1312 1728 enim
1345 1673 1518 1744 magis
1544 1674 1848 1729 mirandum

1960 1685 2111 1748 πίδας
2139 1683 2282 1754 ἔχεις
2309 1683 2685 1754 ἀπαλλαγῆναι
2715 1681 3026 1754 προσδοκῶν
3057 1681 3158 1752 τῆς
3191 1680 3521 1751 κατεχούσης

281 1770 384 1826 est,
419 1761 712 1816 caecitatem
737 1763 1017 1818 oculorum
1048 1773 1266 1819 tuorum
1296 1781 1403 1820 non
1431 1765 1631 1836 injuste
1654 1766 1843 1836 impre-

1960 1737 2016 1829 σε
2052 1737 2454 1847 ταλαιπωρίας
2500 1737 2594 1828 T6.
2621 1773 2730 1846 γὰρ
2761 1737 3207 1845 ’παραδοξότερον
3227 1790 3241 1803 ·
3295 1737 3389 1826 κἀὶ
3420 1737 3522 1825 οῦκ

280 1863 434 1907 catus
459 1861 572 1919 est;
618 1853 710 1908 sed
747 1854 875 1924 quia
912 1864 969 1909 tu
999 1856 1185 1911 oculos
1211 1856 1328 1928 ejus
1355 1856 1602 1928 (Christi)
1627 1858 1838 1924 velasti,

280 1958 406 1997 cum
449 1957 571 1997 eum
627 1943 796 2013 alapis
839 1945 1082 2001 caedebas
1108 1963 1123 2002 :
1151 1945 1354 2002 ideirco
1399 1947 1621 2003 dorsum
1674 1956 1828 2002 tuum

281 2050 494 2106 semper
537 2036 591 2090 in
645 2037 959 2093 servitutem
999 2039 1241 2094 incurva.
1276 2039 1341 2095 Et
1365 2041 1489 2111 quia
1522 2041 1840 2112 sanguinem

281 2127 400 2192 ejus
428 2141 552 2181 eum
583 2126 658 2181 ira
689 2127 950 2195 eﬂ‘udisti,
989 2129 1115 2184 audi
1144 2131 1634 2186 remunerationem
1664 2149 1678 2186 :
1709 2151 1727 2183 ι
1752 2131 1844 2186 El-

282 2214 467 2279 funde,
496 2215 694 2286 inquit,
736 2233 900 2287 super
940 2233 1035 2275 eos
1074 2218 1210 2273 iram
1247 2229 1426 2287 tuam;
1466 2230 1519 2276 et
1561 2221 1712 2278 furor
1751 2222 1844 2277 ine

284 2314 388 2359 tua:
418 2309 842 2377 comprehendat
867 2326 962 2366 eos
991 2313 1054 2365 “.
1091 2331 1111 2364 ι
1145 2310 1211 2368 Et
1241 2329 1254 2365 :
1291 2332 1309 2365 ι
1341 2314 1460 2368 Fiat
1485 2315 1844 2371 commoratio

281 2416 468 2456 eorum
500 2403 749 2473 deserta;
789 2424 810 2457 ι
839 2406 1096 2477 templum
1125 2408 1331 2463 scilicet
1377 2408 1506 2462 illud
1556 2408 1844 2464 celeberri-

283 2507 456 2548 mum.

359 2671 468 2730 νη.
513 2674 618 2732 Sed
655 2695 846 2749 quare,
884 2695 918 2736 ο
956 2682 1240 2752 propheta,
1269 2683 1508 2740 edissere
1532 2683 1711 2752 nobis,
1751 2699 1848 2740 cur

284 2768 544 2837 templum
573 2769 910 2827 devastatum
935 2773 1054 2829 est?
1086 2790 1154 2830 an
1183 2784 1403 2846 propter
1433 2775 1581 2831 illam
1612 2776 1742 2832 olim
1770 2777 1850 2831 vi-

287 2859 385 2912 tuli
418 2858 870 2917 fabricationem?
909 2879 976 2917 an
1013 2873 1232 2935 propter
1249 2864 1434 2936 populi
1453 2865 1852 2922 idololatriam?

287 2964 356 3001 an
410 2958 627 3018 propter
676 2952 995 3023 sanguinem
1052 2952 1480 3023 prophetarum?
1528 2967 1595 3007 an
1634 2961 1851 3024 propter

287 3039 550 3095 adulteria
593 3052 647 3096 et
701 3043 1082 3099 fornicationes
1122 3045 1324 3100 Israel?
1357 3044 1597 3110 Minime,
1643 3045 1847 3115 inquit:

290 3131 345 3184 in
375 3132 629 3188 omnibus
656 3136 800 3189 enim
830 3136 937 3190 illis
965 3152 1179 3205 semper
1220 3137 1432 3192 veniam
1471 3145 1528 3192 et
1571 3136 1855 3208 indulgen-

289 3223 419 3275 tiam
437 3222 710 3292 ferebant;
735 3227 826 3281 sed
842 3228 968 3297 quia
987 3226 1182 3281 Filium
1202 3227 1453 3286 Auctoris
1472 3230 1854 3286 beneﬁciorum

289 3313 695 3382 interfecerunt,
729 3318 844 3387 ipse
872 3319 1017 3374 enim
1053 3328 1138 3374 est
1163 3328 1469 3378 coaeternus
1503 3321 1672 3377 Patri.
1702 3321 1858 3378 Unde

289 3409 406 3461 ait:
443 3405 548 3476 Sit,
591 3409 771 3478 Pater,
821 3430 840 3462 ι
882 3411 1141 3481 templum
1187 3427 1377 3467 eorum
1418 3414 1756 3470 devastatum
1789 3417 1855 3474 "’.

289 3500 559 3568 Quoniam
589 3519 749 3573 quem
792 3514 850 3560 tu
888 3525 905 3558 ι
939 3514 1159 3576 propter
1182 3507 1414 3562 salutem
1446 3509 1636 3564 mundi
1671 3510 1858 3564 volens

296 3611 314 3640 ε
346 3592 692 3660 percussisti,
724 3594 832 3664 ipsi
870 3596 1139 3666 persecuti
1172 3606 1301 3652 sunt
1335 3613 1349 3649 :
1383 3617 1401 3649 ι
1436 3598 1487 3654 id
1513 3608 1615 3663 est,
1644 3598 1745 3668 ipsi
1769 3615 1858 3656 me

294 3682 533 3739 violenta
561 3693 615 3740 et
644 3683 850 3755 injusta
896 3695 1072 3742 morte
1101 3686 1367 3758 persecuti
1397 3699 1543 3746 sunt.
1575 3689 1689 3746 Hoc
1710 3691 1855 3746 enim

291 3776 582 3846 signiﬁcat,
607 3797 626 3830 ι
657 3787 711 3834 et
733 3793 897 3848 super
919 3779 1158 3835 dolorem
1182 3781 1465 3837 vulnerum
1488 3797 1731 3838 meorum
1763 3784 1859 3839 ad-

292 3869 564 3925 diderunt.
599 3889 619 3923 ›
651 3869 810 3927 Prius
852 3870 1014 3926 habui
1049 3873 1293 3929 dolorem
1343 3883 1599 3945 tanquam
1647 3885 1858 3931 amator

293 3961 574 4016 hominum
599 3971 817 4032 propter
843 3977 1084 4017 errorem
1107 3965 1346 4034 gentium
1371 3981 1386 4018 :
1413 3962 1505 4020 sed
1535 3964 1662 4020 huic
1681 3964 1855 4020 dolori

293 4050 458 4104 alium
489 4066 590 4106 suo
615 4067 798 4106 errore
825 4051 1207 4121 adjunxerunt.
1234 4051 1462 4118 Idcirco,
1493 4051 1674 4119 Pater,
1715 4071 1734 4106 ι
1761 4069 1855 4124 ap-

289 4158 434 4212 pone
465 4143 803 4214 iniquitatem
833 4159 994 4214 super
1023 4143 1365 4214 iniquitatem
1388 4159 1602 4210 eorum,
1635 4155 1689 4201 et
1717 4145 1856 4200 afﬂi-

290 4237 528 4292 ctionem
563 4253 728 4307 super
758 4235 1139 4301 afﬂictionem;
1176 4245 1230 4292 et
1254 4251 1361 4291 non
1395 4237 1597 4294 intrent
1619 4237 1855 4307 injusti-

292 4327 424 4380 tiam
444 4336 612 4391 tuam,
646 4347 666 4378 ι
691 4327 740 4381 id
758 4337 861 4394 est,
889 4327 943 4381 in
971 4341 1194 4397 regnum
1221 4335 1405 4393 tuum;
1425 4327 1514 4382 sed
1539 4347 1558 4379 ι
1577 4328 1857 4384 deleantur

1949 1867 2146 1930 ἀδίκως
2183 1866 2281 1938 τὴν
2325 1865 2433 1919 τῶν
2471 1865 2732 1937 ὀμμάτων
2778 1882 2872 1918 σου
2908 1863 3179 1933 τύφλωσιν
3210 1863 3514 1934 ὲπηύξατο’

1949 1959 2062 2013 ἀλλ’
2081 1960 2162 2013 ὅτι
2191 1957 2466 2028 ὲκάλυψας
2497 1957 2564 2011 τά
2590 1957 2682 2011 τοῦ
2705 1955 2937 2028 Χριστοῦ
2957 1955 3200 2027 ὄμματα,
3218 1955 3390 2018 οὕτως
3407 1955 3521 2026 (53)

1949 2051 2110 2105 αὑτὸν
2137 2049 2433 2122 captiuae,-
2452 2065 2466 2080 °
2492 2050 2583 2104 καὶ
2609 2047 2696 2102 διὰ
2721 2048 2878 2102 τοῦτο
2906 2048 2966 2100 τὸ
2997 2047 3162 2101 νῶτόν
3189 2065 3280 2101 σου
3303 2047 3527 2101 διαπαν⁹

1949 2145 2039 2209 τὸς
2080 2143 2400 2214 σῦγκαμψον
2454 2143 2534 2207 είς
2591 2141 2853 2196 δουλείαν.
2907 2142 3016 2196 Καὶ
3050 2140 3236 2212 ἐπειδὴ
3275 2140 3337 2193 τὸ
3381 2134 3528 2210 αἷμα

1949 2233 2115 2288 αὑτοῦ
2169 2233 2305 2306 μετά
2341 2233 2509 2306 ὀργῆς
2555 2232 2792 2302 ἐξέχεας,
2827 2232 3056 2286 ἄκουσον
3098 2231 3160 2285 τὸ
3197 2231 3520 2304 ἁντίδωρον·

1957 2347 1976 2379 ι
2015 2329 2242 2399 Ἔκχεον
2263 2329 2349 2380 ἐπ’
2371 2327 2565 2390 αὐτοὺς
2590 2325 2688 2398 τὴν
2713 2325 2880 2397 ὀργήν
2915 2341 3032 2386 σου,
3063 2325 3157 2377 καὶ
3183 2323 3211 2374 6
3231 2322 3398 2394 θυμὸς
3418 2322 3522 2392 τῆς

1951 2419 2119 2492 ὀργῆς
2153 2436 2244 2473 σου
2278 2417 2572 2473 καταλάϐοι
2617 2415 2831 2480 αὐτούς.
2867 2435 2886 2468 ι
2923 2416 3072 2470 Καί·
3116 2434 3134 2466 ι
3171 2414 3456 2485 Γενηθήτω
3485 2416 3520 2485 ἠ

1953 2512 2175 2576 ἔπαυλις
2206 2511 2384 2565 αὐτῶν
2411 2508 2767 2582 ἡρημωνένηο
2811 2526 2829 2559 ι
2867 2507 3130 2579 πρόδηλον
3153 2509 3181 2562 6
3211 2506 3333 2570 ναὸς
3365 2509 3392 2560 6
3427 2523 3524 2560 πε-

1956 2605 2228 2676 ριϐόητος.

2023 2696 2122 2752 Διά
2148 2697 2223 2762 τί,
2249 2689 2294 2750 ὦ
2335 2697 2605 2768 προφῆτα,
2649 2693 2766 2747 εἰπὲ
2795 2694 2948 2764 ἡμῖν,
2980 2690 3124 2755 τίνος
3158 2691 3316 2762 χάριν
3342 2693 3370 2744 6
3396 2689 3525 2754 ναὸς

1953 2787 2253 2862 ἡρημώθης
2279 2785 2387 2859 ἄρα
2416 2786 2504 2841 διὰ
2533 2786 2632 2858 τὴν
2657 2785 2820 2838 πάλαι
2872 2783 3251 2855 μοσχοποιίανς
3288 2777 3396 2852 ἆρα
3437 2782 3525 2836 διὰ

1955 2883 2056 2954 τὴν
2085 2879 2179 2935 τοῦ
2203 2879 2331 2936 λαοῦ
2356 2877 2818 2948 είδωλολατρείανς
2851 2872 2959 2948 ἆρα
2981 2874 3069 2928 διὰ
3091 2872 3151 2928 τὸ
3184 2873 3288 2926 τῶν
3311 2891 3523 2945 προφη-

1957 2972 2062 3028 τῶν
2083 2968 2248 3044 αἶμα;
2268 2967 2378 3042 ἆρα
2391 2967 2478 3024 διὰ
2498 2970 2596 3039 τῆς
2616 2968 2858 3040 μοιχείας
2877 2967 2972 3021 καὶ
2992 2965 3246 3038 πορνείας
3274 2964 3520 3036 Ἰσραήλ;

1881 3095 1924 3154 c
1959 3065 2241 3136 Οὐδαμῶς,
2269 3062 2464 3134 φησίν·
2520 3062 2611 3115 ἐπὶ
2657 3062 2822 3115 πᾶσιν
2868 3059 2976 3132 γὰρ
3022 3058 3247 3122 ἐκείνοις
3291 3058 3522 3111 πάντοτε

1960 3153 2284 3226 συγγνώμης
2314 3153 2408 3208 καὶ
2440 3151 2844 3224 φιλανθρωπίας
2875 3149 3149 3220 ἠξιοῦντο·
3183 3149 3296 3205 ἀλλ’
3317 3151 3399 3204 ὅτι
3429 3149 3525 3204 τὸν

1959 3244 2075 3298 υἱὸν
2103 3243 2197 3298 τοῦ
2247 3243 2544 3315 Εὐεργέτου
2577 3243 2957 3297 ἐθανάτωσαν·
2991 3243 3153 3306 αὐτὸς
3167 3242 3275 3314 γάρ
3311 3243 3459 3295 ἐστιν
3494 3243 3526 3294 ὁ

1955 3335 2034 3408 τῷ
2064 3337 2240 3408 Ila-sp!
2272 3333 2558 3400 συναῒδιος.
2598 3335 2759 3390 Ὅθεν
2785 3335 2958 3405 λέγει’
2993 3333 3298 3404 Γενηθήτω,
3332 3327 3377 3388 ὣ
3406 3335 3521 3386 Πά-

1957 3448 2072 3500 τερ,
2113 3449 2131 3481 ς
2164 3431 2192 3482 ὁ
2221 3428 2347 3491 ναὸς
2379 3427 2558 3482 αὐτῶν
2588 3427 2982 3500 ἡρημωμένος·
3026 3427 3107 3480 ὅτι
3143 3426 3200 3479 ὃν
3231 3427 3294 3480 σὺ
3333 3445 3351 3477 ι
3387 3425 3526 3496 πρὸς

1959 3521 2230 3594 σωτηρίαν
2272 3520 2476 3591 κόσμου
2522 3519 2759 3573 ἐθελοντὶ
2789 3539 2808 3572 ι
2847 3519 3136 3585 έπάταξας,
3187 3518 3338 3572 αὐτοὶ
3364 3535 3528 3571 κατε-

1956 3614 2181 3682 δίωξανθ
2221 3632 2240 3665 ι
2275 3614 2528 3685 σημαίνει
2558 3612 2632 3677 δὲ,
2661 3613 2816 3667 αὐτοὶ
2845 3611 2901 3665 δὲ
2930 3611 3090 3681 βιαίῳ
3128 3611 3222 3665 καὶ
3247 3611 3525 3681 καταδίκῳ

1957 3707 2168 3778 θανάτῳ
2195 3723 2261 3777 με
2293 3705 2644 3770 κατεδίωξαν,
2674 3723 2691 3756 ι
2717 3705 2810 3758 καὶ
2834 3704 2926 3758 ἐπὶ
2949 3704 3010 3758 τὸ
3033 3704 3195 3772 ἄλγος
3212 3704 3321 3757 τῶν
3353 3720 3523 3775 τραυ-

1961 3800 2144 3870 μάτων
2176 3817 2275 3870 pou
2316 3797 2676 3870 προσέθηκαν.
2716 3816 2735 3850 ι
2770 3797 3037 3870 Πρότερον
3070 3799 3166 3870 μὲν
3196 3797 3359 3866 ἄλγος
3379 3792 3526 3866 εἶχον

1956 3892 2032 3956 ὡς
2060 3890 2434 3962 φιλάνθρωπος
2461 3889 2549 3943 διὰ
2571 3889 2670 3960 τὴν
2694 3890 2902 3961 πλάνην
2929 3890 3037 3944 τῶν
3061 3889 3226 3943 ἐθνῶν
3244 3907 3257 3920 ·
3289 3888 3404 3942 ἀλλ’
3427 3889 3525 3942 ἐπὶ

1956 3983 2018 4037 τὺ
2046 3983 2208 4052 ἄλγος
2249 3981 2592 4054 προσέθηκάν
2645 3999 2732 4053 μοι
2777 3980 2984 4054 ἕτερον,
3033 3979 3395 4050 πλανηθέντες
3424 3980 3524 4033 καὶ

1957 4074 2128 4130 αὐτοί.
2173 4073 2368 4145 Διόπερ
2407 4092 2424 4125 ι
2455 4072 2687 4145 πρόσθες
2735 4073 2962 4144 ἀνομίαν
3008 4075 3102 4127 ἐπὶ
3145 4074 3245 4144 τὴν
3291 4073 3523 4143 ἀνομίαν

1955 4167 2154 4233 αὐτῶν,
2185 4167 2282 4222 καὶ
2319 4165 2498 4236 θλίψιν
2533 4166 2626 4220 ἐπὶ
2665 4165 2861 4234 θλίψιν,
2901 4166 2994 4220 καὶ
3030 4165 3102 4238 μὴ
3136 4165 3525 4220 είσελθέτωσαν

1957 4261 2013 4312 ὲν
2039 4257 2352 4332 δικαιοσύνῃ
2384 4275 2499 4325 σου,
2531 4276 2549 4310 ι
2573 4257 2849 4312 τουτέστιν
2877 4260 2956 4322 είς
2977 4259 3075 4330 τὴν
3101 4257 3374 4329 βασιλείαν
3403 4274 3519 4310 σου·

1956 4351 2069 4403 ἀλλ’
2107 4368 2124 4400 ι
2162 4347 2628 4421 ὲξαλειφθήτωσαν
2661 4351 2725 4402 ὲκ
2754 4348 2934 4420 βίϐλου
2963 4347 3201 4413 ζώντων,
3245 4349 3339 4402 καὶ
3385 4348 3528 4419 μετά

292 4418 358 4472 de
375 4418 513 4472 libro
527 4419 841 4484 viventium,
865 4429 918 4472 et
940 4432 1063 4473 cum
1087 4417 1252 4487 justis
1271 4432 1377 4471 non
1402 4418 1710 4474 scribantur
1735 4421 1799 4484 “,
1832 4439 1850 4471 ι

1960 4441 2179 4495 δικαίων
2211 4441 2284 4513 μὴ
2315 4417 2702 4512 γραέρήτωσαν,
2725 4417 3035 4505 »τουτέστμ
3063 4440 3199 4512 μετά
3219 4440 3326 4495 τῶν
3353 4417 3528 4511 ἁγίων

294 4510 348 4565 id
379 4518 484 4575 est,
517 4525 641 4565 cum
675 4511 881 4565 sanctis
908 4509 1154 4581 patribus
1174 4519 1229 4564 et
1258 4509 1580 4579 patriarehis
1611 4511 1746 4566 suis.

365 4599 500 4656 Vlll.
541 4599 681 4667 Quid
727 4602 794 4656 ad
829 4602 944 4656 hate
973 4602 1132 4668 dicis,
1163 4600 1386 4658 Iudaee?
1415 4601 1531 4656 Non
1575 4603 1690 4658 haec
1725 4602 1858 4659 dicit

294 4693 598 4759 Mattheus,
634 4706 808 4762 neque
836 4692 1064 4758 Paulus,
1095 4693 1188 4748 sed
1235 4691 1404 4748 David
1433 4693 1670 4750 christus
1706 4703 1856 4758 tuus,

295 4783 390 4853 qui
419 4790 610 4837 contra
634 4788 686 4837 te
723 4781 986 4849 decernit,
1017 4782 1112 4852 qui
1143 4791 1358 4852 propter
1387 4781 1660 4838 Christum
1688 4785 1856 4854 perti-

295 4874 639 4930 mescendam
679 4875 1005 4929 sententiam
1047 4874 1298 4931 retribuit
1335 4884 1389 4930 et
1431 4875 1777 4945 pronuntiat;
1805 4883 1861 4929 et

293 4979 554 5038 tanquam
583 4966 675 5022 ille
702 4981 932 5037 magnus
957 4963 1079 5032 Job,
1113 4965 1181 5020 ad
1214 4979 1312 5022 vos
1349 4973 1536 5022 contra
1564 4965 1774 5036 justum
1804 4976 1858 5022 et

295 5076 487 5114 verum
513 5059 794 5130 loquentes
823 5059 898 5112 ita
938 5057 1134 5112 etl'atur
1167 5074 1182 5112 :
1217 5056 1409 5116 Emisti
1435 5057 1708 5113 Christum
1739 5067 1859 5111 tan-

297 5167 460 5221 quam
483 5168 734 5218 servum;
757 5152 950 5207 venisti
979 5151 1044 5205 ad
1066 5166 1190 5206 eum
1219 5161 1476 5222 tanquam
1506 5152 1570 5206 ad
1592 5151 1860 5206 latronem

297 5244 349 5298 in
383 5245 620 5300 hortum.
1186 5239 1194 5254 '

369 5335 460 5392 IX.
501 5335 804 5392 Producam
832 5335 887 5389 in
913 5350 1144 5390 meomm
1172 5335 1331 5390 etiam
1352 5335 1686 5408 prophetiam
1711 5334 1862 5391 Salo-

299 5432 480 5486 monis
523 5432 591 5487 de
632 5431 870 5496 Christo,
904 5445 1023 5500 qua:
1070 5436 1250 5499 aperte
1298 5438 1351 5484 et
1395 5429 1694 5499 perspicue,
1735 5444 1858 5500 qua:

1960 4533 2211 4604 πατέρων
2243 4533 2340 4588 καὶ
2369 4531 2722 4605 πατριαρχῶν
2749 4532 2948 4587 αὐτῶν.

2027 4627 2093 4679 Τί
2123 4626 2304 4696 λέγεις
2333 4626 2468 4699 πρὸς
2505 4625 2686 4689 τοῦτο,
2717 4620 2762 4680 ὦ
2798 4627 3047 4694 Ἰουδαϊες
3082 4628 3157 4682 Οὐ
3188 4627 3334 4698 λέγει
3365 4629 3521 4684 Ma:-

1958 4721 2128 4786 θαῖος,
2160 4719 2282 4773 οὐδὲ
2308 4719 2536 4786 Παῦλος,
2562 4718 2696 4773 ἀλλά
2731 4719 2894 4773 Δαυῒδ
2923 4722 2952 4774 6
2979 4720 3070 4785 σὸς
3093 4722 3310 4794 χριστὸς
3332 4721 3464 4793 (54),
3494 4723 3526 4774 6

1957 4813 2056 4876 τάς
2103 4811 2340 4882 φοϐερὰς
2383 4809 2685 4880 ἀποφάσεις
2727 4809 2814 4864 διὰ
2856 4812 3089 4885 Χριστὺν
3136 4813 3527 4884 ἀντιδιδόμενος

1959 4904 2053 4955 καὶ
2085 4901 2482 4974 φθεγγόμενος·
2521 4902 2615 4954 καὶ
2642 4901 2716 4966 ὡς
2747 4903 2776 4956 6
2820 4904 2993 4974 μέγας
3044 4903 3184 4971 Ἰὼϐ,
3216 4906 3354 4976 ἐρῶν
3388 4906 3527 4978 πρὸς

1957 4992 2102 5063 ὑμᾶς
2137 4991 2216 5062 τῷ
2236 4992 2428 5062 δικαίῳ
2459 4991 2552 5045 καὶ
2566 4990 2785 5060 ἀψευδεῖ
2815 4992 3088 5062 λέγοντας,
3120 4994 3322 5058 οὕτως·
3364 4996 3497 5064 Ἥγό

1965 5095 2131 5150 ρασας
2166 5079 2256 5132 τὸν
2290 5079 2523 5151 Χριστὸν
2553 5080 2954 5153 δουλοπρεπῶς,
3000 5078 3162 5155 ἦλθες
3199 5085 3333 5156 πρὸς
3362 5085 3523 5140 αὐτὸ»

1960 5168 2263 5242 λῃστρικῶς
2295 5170 2354 5222 ἐν
2381 5167 2460 5240 τῷ
2488 5171 2669 5241 κήπῳ.

2031 5335 2182 5406 Φέρω
2210 5336 2272 5406 δὴ
2304 5337 2362 5398 ἐς
2393 5335 2554 5406 μέσον
2595 5337 2687 5390 καὶ
2727 5338 2823 5408 τὴν
2871 5339 3203 5410 προφητείαν
3251 5340 3520 5411 Σολομὼν,

1961 5428 2056 5499 τὴν
2099 5426 2359 5495 λέγουσαν
2400 5429 2527 5499 περὶ
2551 5427 2808 5500 Χριστοῦ,
2839 5429 2936 5500 τὴν
2969 5429 3036 5484 τὰ
3066 5431 3201 5500 πρὸς
3241 5432 3523 5496 Ἰουδαίους

375 5591 418 5623 ιδ
454 5591 607 5646 Joan.
672 5607 782 5660 xw,
841 5592 896 5648 6.
974 5592 1015 5623 “
1051 5591 1187 5648 Psal.
1227 5591 1523 5658 “unﬁt.
1603 5587 1850 5647 “Ibidﬂ

1985 5591 2025 5623 "
2053 5590 2138 5643 Ct‘.
2161 5588 2347 5644 Matth.
2369 5605 2526 5655 χχιιι,
2557 5590 2647 5645 '58.
2725 5591 2768 5623 ⁸⁸
2797 5589 2938 5647 Psal.
2971 5607 3157 5656 mnu,
3188 5591 3279 5657 2'7,
3307 5590 3401 5646 εει
3426 5592 3515 5648 29.

374 5726 485 5790 (55)
530 5726 740 5794 Οὕτως.
775 5727 933 5784 Forte
965 5730 1072 5782 ὅτε.

2035 5729 2145 5795 (5t)
2187 5729 2297 5796 sec
2330 5734 2587 5799 χριστός.
2624 5729 2828 5788 Ductus
2858 5741 3000 5788 tuus.
3037 5731 3197 5786 Ἑλίκη.
