3852 6208
339 279 442 333 793
1325 292 1860 350 DEMONSTRATIO

1983 298 2264 359 WERSUS
2301 304 2604 362 ΙυΒίΕΟΒ.
3460 312 3563 368 794

340 396 527 465 σαφῶς
578 397 673 451 καὶ
713 401 977 475 ἀριδήλως
1026 406 1469 478 διαγγέλλουσαν⁸
1519 415 1580 470 οὐ
1631 415 1788 487 μόνον
1838 434 1880 470 τι

2004 419 2218 479 Iudaeos
2271 435 2535 497 spectant,
2588 429 2870 497 edisserit;
2931 446 3038 487 non
3081 432 3256 489 solum
3301 451 3421 508 quae
3458 435 3561 493 hoc

338 489 478 543 κατά
506 488 598 544 τὸν
630 493 874 564 παρόντα
907 499 1115 569 καιρὸν,
1142 501 1276 557 ἀλλά
1306 503 1374 557 τά
1405 506 1545 561 κατὰ
1571 507 1663 562 τὸν
1695 509 1880 580 μέλλον

2301 488 2316 496 -
2518 488 2534 497 .
2859 488 2870 497 .
3092 488 3129 489 η
3310 488 3355 508 ειν
3402 488 3417 490 ~
3510 488 3560 493 ν-

2005 519 2247 582 tempore
2290 517 2537 574 evenisse
2584 519 2662 574 eis
2693 521 2987 587 cernimus,
3018 523 3110 578 sed
3139 540 3260 594 qum
3292 526 3344 580 in
3374 524 3562 585 futuro

338 598 406 633 τα
435 581 607 637 αἰῶνα
640 584 822 650 αὐτοῖς
856 590 1170 660 συμϐαίνειν
1213 595 1300 649 διά
1339 598 1438 669 τὴν
1479 598 1764 654 αὐθάδειαν
1788 603 1880 656 κα

2002 581 2248 660 evenient
2273 618 2491 679 propter
2520 614 2937 680 contumaciam,
2960 622 3013 668 et
3036 614 3087 669 id
3113 616 3258 684 quod
3291 618 3408 672 ausi
3435 629 3562 673 sunt
3592 670 3616 688 Α,

338 675 560 745 τόλμαν,
591 676 659 748 ἢν
690 679 951 750 ἐποίησαν
982 684 1207 758 ἀρχηγῷ
1234 688 1334 760 τῆς
1362 689 1524 762 ζωῆς.
1554 693 1715 759 Λέγει
1741 693 1847 765 γὰρ
1872 715 1880 746 ι

2002 693 2054 748 in
2095 675 2388 753 Christum
2412 701 2709 779 principem
2757 675 3044 765 vitaaaAit
3079 675 3222 759 enim
3258 708 3519 775 propheta

340 766 651 838 προφήτης·
690 789 709 821 ι
741 771 813 824 Οὐ
842 772 1201 844 διελογίσαντο
1222 780 1271 832 οἱ
1308 781 1521 847 ἀσεϐεῖς
1555 803 1574 836 ι
1618 786 1745 855 περὶ
1771 787 1902 857 Χρι-

339 858 463 910 στοῦ
498 877 517 911 ι
549 861 825 929 εἰπόντες,
859 864 1068 937 ὀρθῶς·
1113 870 1539 946 Ἐνεδρεύσωμεν
1561 876 1651 930 τὸν
1672 878 1899 944 δίκαιον,

335 949 415 1003 ὅτι
444 949 775 1024 δύσχρηστος
796 958 929 1027 ἡμῖν
956 960 1093 1027 ἐστι,
1119 962 1212 1016 καὶ
1238 965 1565 1022 ἐναντιοῦται
1588 973 1697 1034 τοῖς
1720 969 1901 1042 ἔργοις

335 1041 426 1133 καὶ
448 1045 561 1106 τοῖς
587 1043 766 1114 λόγοις
785 1049 960 1119 ἡμῶν,
987 1055 1083 1108 καὶ
1122 1055 1365 1123 ὀνειδίζει
1384 1061 1415 1132 ή
1427 1063 1513 1131 μίν
1530 1041 1899 1133 ἁμαρτήματα

334 1132 519 1204 νόμου,
542 1138 636 1191 καὶ
658 1140 1043 1208 ἐπαγγέλλεται
1059 1148 1257 1215 γνῶσιν
1274 1150 1415 1221 ἔχειν
1436 1153 1588 1221 Θεοῦ,
1612 1132 1705 1207 καὶ
1728 1132 1898 1210 Παίδα

332 1226 469 1319 Θεοῦ
482 1228 676 1319 ἐαυτὸν
695 1230 964 1303 ὀνομάζει.
991 1256 1008 1288 ι
1028 1234 1160 1293 Εἶτά
1183 1259 1361 1313 φησιν·
1388 1263 1405 1295 ι
1430 1245 1750 1319 Βαρὺςὴμῖν
1782 1252 1896 1305 ἐστι

333 1317 425 1410 καὶ
447 1316 806 1410 βλεπόμενος·
843 1326 925 1378 ὅτι
958 1328 1207 1400 ἀνόμοιός
1239 1334 1350 1387 ἐστι
1385 1338 1497 1400 τοῖς
1514 1316 1700 1402 ἀλλο-ις
1726 1340 1755 1392 6
1785 1341 1896 1410 βίος

330 1408 513 1475 αὑτοῦ,
545 1414 640 1465 καὶ
668 1414 1065 1489 ἐξηλλαγμέναι
1093 1425 1148 1477 αί
1170 1424 1344 1496 τρίσοι
1373 1428 1555 1481 αὐτοῦ.
1594 1432 1686 1495 Εἰς
1712 1408 1895 1504 κίϐδη-

330 1500 417 1553 λον
439 1502 791 1576 ἐλογίσθημεν
810 1509 975 1580 αὐτῷ,
1003 1513 1095 1566 καλ⁴
1121 1515 1379 1587 ἀπέχεται
1400 1519 1506 1574 τῶν
1531 1522 1666 1575 ὁδῶν
1716 1500 1891 1594 ήμῶν,

327 1591 402 1656 ὡς
417 1594 524 1647 ἀπὸ
543 1596 906 1671 ἀκαθαρσιῶν,
936 1604 1029 1657 καὶ
1052 1609 1341 1680 μακαρίζει
1363 1611 1561 1682 ἔσχατα
1597 1591 1835 1671 δικαίων.

333 1685 441 1737 Καὶ
489 1689 650 1742 πάλιν
701 1691 950 1763 ἄκουσον,
993 1690 1038 1750 ὦ
1092 1700 1331 1755 Ἰουδαῖε.
1370 1705 1557 1769 Οὐδεὶς
1583 1708 1647 1760 ἐκ
1674 1709 1782 1761 τῶν
1809 1710 1889 1763 δι-

328 1778 556 1871 καίωνῌῆ
586 1786 878 1856 προφητῶν
905 1790 1163 1846 ἐκάλεσεν
1193 1795 1381 1850 ἑαυτὸν
1406 1798 1518 1851 υίὺν
1543 1798 1697 1856 Θεοῦ.
1730 1802 1890 1871 Λέγει

326 1865 417 1923 οὖν
451 1868 607 1937 αὖθις
635 1875 710 1940 ὡς
730 1878 794 1930 ἐκ
823 1880 1111 1949 προσώπου
1147 1885 1410 1942 Ἰουδαίων
1440 1891 1468 1945 ὁ
1495 1890 1741 1962 Σολομὼν
1765 1894 1891 1965 περὶ

322 1960 511 2016 τούτου
544 1965 638 2018 τοῦ
666 1968 871 2023 δικαίου
911 1972 970 2036 ὃς
998 1975 1143 2029 ἐστιν
1175 1979 1203 2031 6
1229 1980 1459 2050 Χριστός
1484 1998 1498 2012 ’
1529 2001 1547 2033 ι
1574 1960 1691 2037 ’Ότι
1712 1960 1890 2053 ἐγένε-

323 2069 381 2103 το
407 2055 540 2123 ἡμῖν
572 2058 651 2119 εἰς
679 2056 894 2129 ἔλεγχον
934 2062 1149 2117 ἐννοιῶν
1182 2067 1357 2137 ήμῶν,
1386 2070 1478 2122 κα)⁸
1512 2071 1888 2136 ἀλαζονεύεται

321 2142 540 2236 ῌατέρα
571 2147 722 2202 Θεόν.
754 2151 993 2224 Εἴδωμεν
1024 2150 1116 2209 οὖν
1147 2159 1195 2211 εί
1237 2160 1285 2211 οἱ
1320 2159 1466 2229 λόγοι
1491 2163 1650 2216 αὐτοῦ
1674 2165 1888 2236 ἀληθεῖς

320 2235 477 2299 εξσιν,
515 2238 609 2291 καὶ
649 2242 994 2314 πειράσωμεν
1029 2246 1098 2299 τά
1127 2249 1182 2302 ὲν
1216 2250 1437 2305 ἐκϐάσει
1474 2254 1671 2308 αὐτοῦ·
1709 2235 1886 2330 είίγάρ

320 2326 463 2379 ἐστιν
494 2330 523 2381 6
551 2328 764 2396 δίκαιος
795 2334 905 2405 (55)
937 2337 1063 2401 Υἱὸς
1114 2339 1270 2404 Θεοῦ,
1306 2344 1653 2417 ἀντιλήψεται
1697 2326 1881 2420 αὐτοῦ,

319 2419 411 2471 καὶ
445 2419 667 2490 ῥύσεται
694 2425 852 2480 αὐτὸν
891 2428 954 2481 ἐκ
995 2431 1172 2503 χειρὸς
1203 2434 1627 2506 ἀνθεστηκότων.
1662 2441 1884 2522 Θανάτῳ

316 2511 584 2608 ἀσχήμονι
613 2518 1059 2592 καταδικάσωμεν
1081 2524 1241 2579 αὐτόν
1266 2543 1280 2557 ⁸
1311 2530 1463 2584 ἔσται
1483 2531 1589 2604 γὰρ
1612 2511 1881 2608 ἐπισκοπή

316 2602 479 2656 αὐτοῦ
509 2606 573 2657 ἐκ
600 2605 771 2676 λόγων
792 2610 972 2666 αὐτοῦ.
1006 2632 1026 2667 ι

384 2696 494 2749 Καὶ
527 2698 688 2753 πάλιν
710 2702 739 2754 6
768 2702 929 2758 Δαυῒδ
956 2708 1013 2759 ἐν
1043 2708 1288 2781 Ψαλμοῖς
1312 2712 1457 2781 λέγει
1490 2715 1616 2787 περὶ
1638 2718 1727 2771 τὸν
1754 2717 1882 2789 μέλ-

315 2782 471 2839 λοντα
492 2788 684 2842 αἰῶνα*
725 2811 743 2842 ι
768 2794 898 2847 Τότε
919 2796 1142 2867 λαλήσει
1176 2801 1310 2873 πρὸς
1339 2804 1534 2869 αὐτοὺς
1598 2807 1625 2859 6
1650 2782 1881 2879 Χριστὸς

320 2876 406 2927 ιέν
428 2878 563 2949 ὀργῇ
593 2880 889 2945 αὑτοῦ,καὶ
924 2886 981 2939 ἐν
1013 2887 1089 2958 τῷ
1109 2889 1263 2963 θυμῷ
1308 2894 1470 2949 αὑτοῦ
1517 2876 1738 2966 ταράξει
1784 2899 1879 2951 αὐ-

312 2967 456 3032 τούς.
473 2972 610 3025 »Καὶ
640 2975 800 3028 πάλιν
822 2977 1072 3049 Σολομὼν
1089 2985 1216 3054 περὶ
1243 2986 1477 3056 Χριστοῦ
1507 2991 1600 3043 καὶ
1616 2992 1880 3047 Ἰουδαίων

2006 801 2025 835 ι
2063 782 2178 839 Νοη
2220 797 2362 843 recte
2400 790 2773 859 cogitaverunt
2821 794 3012 864 impii)
3062 794 3127 850 de
3169 796 3386 852 (Zhristo
3421 816 3440 849 ι
3474 798 3560 854 di-

2000 887 2181 934 centes
2217 896 2231 934 :
2265 880 2767 942 Circumveniamus
2805 887 3035 957 justum,
3068 890 3324 959 quoniam
3350 890 3558 949 inutilis

1998 979 2081 1025 est
2104 972 2281 1041 nobis,
2311 984 2365 1030 et
2397 979 2701 1033 contrarius
2727 990 2811 1034 est
2840 980 3093 1049 operibus
3125 990 3180 1035 et
3216 982 3557 1039 sermonibus

1998 1064 2221 1129 nostris,
2251 1074 2304 1120 et
2338 1066 2669 1138 improperat
2708 1071 2865 1127 nobis
2903 1085 3120 1142 peccata
3155 1073 3306 1145 legis;
3342 1084 3394 1129 et
3430 1092 3557 1145 pro-

1997 1155 2238 1211 mittitse
2262 1158 2542 1213 scientiam
2577 1159 2671 1215 Dei
2702 1161 2920 1226 habere,
2950 1172 3003 1217 et
3030 1163 3223 1218 Filium
3247 1165 3337 1219 Dei
3364 1180 3423 1220 se
3456 1181 3555 1219 no-

1996 1247 2251 1304 minat".
2283 1268 2303 1302 ι
2348 1249 2542 1306 Postea
2586 1252 2759 1307 dicit:
2805 1270 2823 1303 ι
2862 1252 3053 1309 Gravis
3083 1264 3164 1310 est
3194 1255 3349 1309 nobis
3388 1256 3553 1310 etiam

1995 1339 2062 1392 ad
2091 1339 2401 1408 videndum,
2429 1344 2684 1412 quoniam
2703 1345 2982 1401 dissimilis
3004 1356 3084 1402 est
3103 1348 3225 1403 aliis
3248 1349 3353 1403 vita
3377 1349 3551 1417 illius;

1993 1438 2047 1484 et
2072 1430 2369 1487 immutatae
2396 1442 2524 1489 sunt
2552 1438 2651 1490 via!
2677 1438 2813 1506 ejus.
2844 1436 3120 1508 Tanquam
3155 1457 3388 1511 nugaces
3409 1442 3555 1497 testi-

1994 1521 2122 1574 mati
2153 1537 2342 1577 sumus
2369 1524 2436 1577 ab
2470 1524 2581 1591 illo,
2610 1534 2663 1580 et
2695 1527 2927 1582 abstinet
2950 1543 3007 1583 se
3027 1544 3057 1582 a
3082 1530 3183 1583 viis
3208 1531 3410 1585 nostris
3433 1540 3553 1585 tan-

1992 1626 2153 1680 quam
2185 1612 2252 1667 ab
2283 1614 2660 1683 immunditiis,
2712 1628 2767 1672 et
2809 1618 3023 1688 prmiert
3058 1621 3354 1676 novissima
3377 1623 3547 1691 justo-

1992 1718 2111 1756 rum
2141 1706 2207 1760 ⁸ο.
2247 1724 2265 1757 ι
2312 1705 2377 1761 Ει
2422 1724 2610 1763 rursus
2650 1709 2796 1774 audi,
2838 1708 3037 1765 Judaee.
3073 1711 3241 1767 Nemo
3270 1729 3333 1767 ex
3361 1713 3527 1782 justis

1991 1794 2073 1850 vel
2096 1797 2372 1866 prophetis
2395 1800 2606 1855 vocavit
2627 1817 2685 1855 se
2715 1802 2880 1857 lilium
2912 1802 3023 1857 Dei.
3051 1803 3139 1858 Ait
3164 1804 3328 1875 igitur
3350 1805 3547 1861 iterum

1991 1886 2247 1944 Salomon
2274 1889 2329 1947 in
2358 1905 2587 1959 persona
2617 1891 2927 1947 Judaeorum
2949 1895 3014 1949 de
3037 1895 3139 1949 hoc
3157 1896 3324 1965 justo,
3351 1897 3441 1966 qui
3465 1908 3549 1952 est

1989 1976 2239 2034 Christus
2266 1998 2279 2035 :
2313 1999 2331 2031 ι
2363 1980 2562 2040 Factus
2589 1992 2672 2037 est
2696 1984 2852 2039 nobis
2884 1985 2937 2038 iu
2974 1987 3366 2042 traductionem
3401 1989 3548 2058 cogi-

1987 2070 2249 2125 talionum
2286 2083 2591 2129 nostrarum
2623 2084 2711 2130 :ct
2741 2078 2998 2146 gloriatur
3029 2078 3237 2133 Patrem
3269 2094 3327 2134 se
3349 2080 3548 2134 habere

1987 2159 2179 2217 Deum.
2209 2163 2501 2221 Videamus
2528 2183 2679 2239 ergo,
2716 2170 2760 2224 si
2794 2186 3070 2226 sermones
3098 2170 3245 2227 illius
3274 2172 3385 2227 veri
3413 2172 3544 2236 sint,

1984 2260 2038 2306 ct
2069 2261 2355 2319 tentemus,
2407 2274 2529 2327 quae
2568 2271 2727 2314 erunt
2765 2263 3057 2318 novissima
3099 2263 3245 2321 illius
3278 2284 3293 2319 :
3328 2264 3373 2319 si
3399 2264 3543 2319 enim

1983 2355 2065 2398 est
2083 2343 3094 2424 justusDeiFilius,suscipietillum,et
3117 2355 3364 2410 liberabit
3392 2357 3543 2413 illum

1983 2436 2049 2491 de
2078 2439 2328 2493 manibus
2365 2442 2786 2497 contrariorum.
2837 2442 3011 2498 Morte
3054 2446 3368 2514 turpissima
3414 2463 3535 2502 con-

1982 2528 2302 2586 demnemus
2347 2547 2470 2586 eum
2502 2550 2515 2587 :
2563 2536 2666 2588 erit
2696 2536 2840 2591 enim
2871 2547 3149 2607 respectus
3181 2538 3299 2608 ejus
3330 2555 3394 2593 ex
3424 2556 3541 2594 ser-

1981 2625 2237 2681 monibus
2265 2625 2409 2681 illius
2435 2625 2504 2682 “.
2547 2644 2566 2677 ι
3554 2692 3562 2707 κ

2049 2713 2120 2769 Χ.
2161 2715 2228 2769 Et
2255 2731 2447 2771 rursus
2483 2714 2651 2769 David
2688 2715 2741 2770 in
2769 2716 3000 2773 Psalmis
3029 2718 3103 2773 ait
3132 2718 3199 2773 de
3232 2721 3414 2774 futuro
3442 2735 3540 2774 saa-

1980 2806 2103 2862 culo
2137 2825 2149 2861 :
2191 2826 2209 2859 ι
2239 2806 2393 2862 Tunc
2433 2808 2683 2878 loquetur
2714 2809 2781 2864 ad
2822 2823 2917 2864 eos
2949 2829 2968 2862 ι
3023 2810 3272 2866 Christus
3318 2830 3337 2862 ι
3372 2811 3425 2864 ἱιι
3461 2812 3537 2866 ira

1979 2912 2115 2967 sua;
2151 2908 2207 2954 et
2247 2899 2301 2953 in
2347 2898 2533 2955 furore
2559 2915 2661 2955 suo
2699 2902 3045 2957 conturbabit
3074 2917 3168 2958 eos
3197 2905 3263 2958 ".
3296 2922 3314 2955 ι
3347 2902 3412 2958 Et
3437 2904 3538 2958 ite-

1979 3007 2101 3051 rum
2158 2992 2417 3047 Salomon
2469 2993 2535 3048 de
2586 2995 2802 3051 Christo
2856 3004 2909 3052 et
2953 2994 3155 3051 Iudaeis
3203 2996 3353 3062 dicit,
3394 2997 3538 3067 quod

317 3063 501 3131 φησιν,
520 3064 600 3116 ὅτι
627 3066 715 3119 ὅτε
743 3069 997 3138 στήσεται
1025 3074 1053 3125 ό
1080 3073 1283 3140 δίκαιος
1318 3079 1375 3131 ἐν
1399 3081 1678 3154 παρῤήσίᾳ
1707 3083 1871 3157 πολλῇ

1983 3083 2201 3153 quando
2223 3085 2387 3138 stabit
2419 3085 2599 3154 justus
2646 3086 2698 3139 in
2735 3102 2929 3156 magna
2966 3088 3273 3143 constantia
3302 3063 3426 3144 ante
3456 3088 3538 3142 fa-

312 3153 452 3207 κατά
489 3155 779 3228 πρόσωπον
805 3161 913 3215 τῶν
940 3163 1260 3234 θλιψάντων,
1293 3171 1386 3223 καὶ
1412 3171 1520 3225 τῶν
1548 3173 1877 3229 ἀθετούντων

311 3248 437 3311 τοὺς
478 3248 667 3317 λόγους
713 3253 905 3321 αὐτοῦ,
955 3273 974 3308 ι
1013 3257 1209 3322 ἰδόντες
1251 3263 1683 3336 ταραχθήσονται
1728 3267 1876 3339 φόϐῳ

310 3338 467 3411 δεινῷ
498 3343 592 3394 καὶ
619 3344 971 3416 ἐκστήσονται
1018 3350 1109 3403 ἐπὶ
1148 3352 1226 3423 τῷ
1252 3355 1535 3428 παραδόξῳ
1567 3360 1663 3430 τῆς
1697 3377 1874 3431 σωτη-

314 3431 432 3500 ρίας
460 3433 645 3501 αὐτοῦ,
667 3438 758 3491 καὶ
787 3439 1000 3508 ἐροῦσιν
1032 3442 1090 3495 ἐν
1119 3444 1327 3507 ἑαυτοῖς
1351 3450 1752 3517 μετανοοῦντες,
1780 3452 1873 3506 καὶ

307 3520 394 3572 διὰ
425 3526 781 3597 στενοχωρίαν
810 3529 1117 3601 πνεύματος
1133 3534 1474 3601 στενάζοντες
1492 3555 1506 3569 ·
1531 3536 1699 3606 Οὗτός
1726 3544 1872 3597 ἐστιν

307 3612 365 3665 δν
390 3613 616 3686 ἐσχομέν
644 3636 772 3672 ποτε
808 3622 887 3684 είς
928 3622 1142 3690 γέλωτα
1171 3627 1264 3679 καὶ
1292 3630 1373 3692 είς
1396 3632 1705 3704 παραϐολὴν
1731 3635 1870 3688 όνει-

305 3704 521 3775 δισμοῦ.
559 3709 619 3759 Οἱ
652 3707 881 3781 ἄφρονες
911 3713 1001 3765 τὸν
1028 3714 1139 3785 βίον
1169 3716 1332 3770 αὐτοῦ
1371 3718 1732 3789 ἐλογισάμεθα
1771 3743 1873 3795 μα-

304 3795 443 3859 νίαν,
478 3797 574 3850 καὶ
602 3797 699 3869 τὴν
729 3799 985 3874 τελευτὴν
1028 3806 1188 3859 αὑτοῦ
1227 3808 1436 3878 ἄτιμον.
1488 3810 1610 3875 Πῶς
1653 3814 1871 3868 κατελο-

303 3885 467 3957 γίσθη
496 3888 554 3940 ἐν
597 3890 732 3953 υἱοῖς
761 3891 915 3960 Θεοῦ,
960 3896 1052 3948 καὶ
1081 3898 1139 3949 ἐν
1181 3899 1356 3967 ἁγίοις
1395 3903 1422 3954 ὁ
1464 3900 1661 3974 κλῆρος
1705 3905 1867 3961 αὑτοῦ

302 3980 481 4044 ἐστινς
523 3982 664 4052 Ἀρα
696 3984 1076 4057 ἐπλανήθημεν
1108 3991 1215 4043 ἀπὸ
1244 3993 1362 4046 ὁδοῦ
1389 3992 1661 4067 ἀληθείας,
1693 3997 1783 4051 καὶ⁴
1808 4000 1869 4053 τὸ

298 4068 397 4137 τῆς
428 4068 769 4141 δικαιοσύνης
790 4074 903 4142 φῶς
928 4076 1027 4129 οὐκ
1046 4079 1360 4152 ἀπέλαμψεν
1385 4086 1534 4155 ἡμῖν,
1561 4089 1653 4140 καὶ
1674 4089 1701 4141 ό
1722 4088 1868 4158 ἥλιος

297 4157 398 4210 οὐκ
434 4159 703 4214 ἀνέτειλεν
744 4163 894 4233 ἡμῖν.
942 4168 1193 4239 Ἀνομίας
1231 4173 1637 4246 ἐνεπλήσθημεν
1664 4157 1867 4251 τρίϐοις

300 4250 394 4301 καὶ
427 4250 721 4317 ἀπωλείας.
746 4256 1119 4329 Διωδεύσαμεν
1151 4263 1387 4334 ἐρήμους
1416 4267 1666 4334 ἀϐάτους,
1696 4271 1791 4341 τὴν
1811 4272 1866 4327 δὲ

298 4337 415 4391 ὁδὸν
454 4341 656 4412 Κυρίου
712 4345 810 4397 οὐκ
880 4348 1213 4422 ἐγνώσαμεν.
1267 4355 1331 4408 Τί
1385 4356 1661 4430 ὠφέλησεν
1720 4337 1866 4433 ἡμᾶς

1978 3174 2115 3229 ciem
2144 3189 2334 3231 eorum
2367 3177 2459 3245 qui
2489 3192 2613 3231 eum
2658 3177 2982 3243 afﬂixerunt,
3021 3187 3076 3235 et
3109 3194 3388 3235 sermones
3420 3180 3539 3250 ejus

1978 3269 2357 3338 repudiarunt,
2394 3288 2412 3321 ι
2442 3271 2684 3326 videntes
2724 3271 3086 3326 turbabuntur
3129 3273 3322 3326 timore
3366 3274 3542 3328 horri-

1976 3359 2091 3427 bili,
2119 3370 2173 3416 et
2202 3362 2546 3417 mirabuntur
2575 3362 2627 3416 in
2654 3363 2981 3417 subitatione
3006 3365 3289 3434 insperatae
3313 3365 3535 3432 salutis;

1974 3463 2028 3509 et
2054 3455 2237 3510 dicent
2273 3456 2411 3511 intra
2440 3472 2499 3511 sc
2532 3458 2903 3527 paenitentiam
2939 3468 3180 3527 agentes,
3212 3466 3264 3512 et
3300 3474 3410 3527 pra:
3439 3474 3538 3511 an-

1972 3548 2148 3616 gustia
2182 3548 2403 3617 spiritus
2440 3559 2713 3617 gementes
2750 3566 2763 3603 :
2810 3547 2908 3603 Hic
2933 3559 3035 3614 est,
3064 3564 3223 3618 quem
3251 3549 3537 3603 habuimus

1974 3640 2266 3709 aliquando
2297 3639 2349 3694 in
2383 3640 2645 3703 derisum,
2671 3649 2723 3695 et
2751 3641 2803 3695 in
2836 3640 3247 3695 similitudinem
3276 3640 3538 3709 imprope-

1972 3731 2056 3785 rii.
2085 3729 2197 3787 Nos
2230 3732 2491 3787 insensati
2524 3734 2691 3787 vitam
2731 3734 2875 3788 illius
2906 3733 3357 3788 existimabamus
3390 3733 3537 3787 insa-

1971 3821 2140 3889 niam,
2172 3831 2225 3877 et
2256 3825 2414 3877 tinem
2454 3824 2599 3880 illius
2640 3825 2757 3879 sine
2798 3826 3022 3878 honore.
3065 3822 3347 3889 Quomodo
3380 3838 3535 3877 com-

1970 3923 2190 3985 putatus
2216 3924 2298 3970 est
2329 3915 2382 3969 in
2410 3915 2535 3970 ﬁliis
2565 3914 2680 3979 Dei,
2712 3923 2765 3969 et
2797 3916 2848 3969 in
2874 3916 3077 3971 sanctis
3098 3931 3215 3971 sors
3248 3917 3391 3971 illius
3414 3915 3534 3971 est?

1969 4007 2110 4079 Ergo
2150 4007 2453 4062 erravimus
2496 4022 2526 4061 a
2558 4006 2645 4061 via
2672 4006 2951 4073 veritatis;
2999 4016 3053 4061 et
3091 4006 3315 4076 iustitia:
3350 4008 3530 4062 lumen

1968 4114 2075 4153 non
2108 4099 2245 4154 luxit
2270 4099 2450 4165 nobis,
2479 4109 2536 4154 et
2566 4100 2645 4156 sol
2688 4115 2793 4154 non
2828 4110 2979 4153 ortus
3010 4108 3094 4154 est
3121 4098 3296 4153 nobis.
3322 4098 3534 4169 Lassati

1968 4206 2159 4247 sumus
2208 4193 2260 4246 in
2304 4191 2388 4246 via
2423 4191 2726 4262 iniquitatis
2763 4199 2816 4246 et
2850 4190 3185 4260 perditionis.
3220 4189 3535 4243 Ambulavi-

1967 4296 2091 4335 mus
2125 4280 2243 4335 vias
2268 4280 2544 4349 difﬁciles;
2591 4281 2732 4334 viam
2787 4289 2965 4334 autem
3000 4278 3210 4334 Domini
3256 4279 3530 4349 ignoravi-

1967 4386 2111 4425 mus.
2161 4370 2299 4436 Quid
2344 4372 2503 4427 nobis
2544 4370 2751 4441 profuit
2779 4371 3027 4440 superbia
3056 4371 3532 4424 nostra?transie-

298 4431 330 4499 ή
387 4430 732 4503 ὑπερηφανία
776 4438 961 4508 ἡμῶν;
1018 4443 1292 4516 παρῆλθεν
1347 4447 1529 4504 ἐκεῖνα
1569 4430 1859 4519 πάντα-*ὡς

1983 4471 2090 4515 ὐηι
2112 4430 2295 4516 omnia
2315 4462 2405 4515 illa
2425 4430 2683 4532 tanq'uam
2712 4461 2903 4515 umbra
2922 4460 3018 4513 ²³.›
3048 4459 3241 4514 Desunt
3263 4459 3533 4531 quwdam.

296 4524 423 4577 σκιά
445 4524 577 4597 (56).

369 4678 961 4753 "Sap.u,l,12,l5.
1036 4691 1082 4723 ιο
1130 4691 1482 4763 bid.15,16.
1558 4699 1752 4772 “Sap.
1783 4719 1842 4772 ιι,
1878 4705 1965 4774 ιιι,
2000 4705 2088 4774 l6,
2124 4705 2332 4773 17,20.
2410 4706 2454 4736 η
2481 4703 2624 4760 Psal.
2655 4719 2714 4773 ιι,
2754 4705 2806 4760 5.
2882 4704 3323 4773 "Sap.v,2‘9.

522 4858 776 4935 ᾼίκαιος.
812 4862 995 4935 Vulg.,
1030 4884 1201 4925 verus.

368 4925 498 5017 [56)“
516 4931 670 5017 Apud
704 4925 1068 5017 Simonein'de
1093 4939 1379 5017 lllagistris,
1411 4946 1503 5016 qui
1531 4952 1854 5017 opusculum

295 4993 421 5090 hoc,
459 4993 675 5090 ’ριιιὶςὲξ1
682 5074 693 5090 ἱ
712 5006 951 5086 mutatis,
1010 4993 1206 5090 Latine)
1241 4993 1758 5090 i_teruuil_“edililitw(l..

294 5065 543 5138 App.,_p.
571 5070 719 5142 452),
762 5065 1001 5144 pergitur
1041 5078 1123 5135 his
1157 5065 1333 5139 verbis
1350 5065 1856 5146 ἶᾎιῖὧὶἇὲὶενέεὲἑὶ

1960 4900 2099 4947 sum,
2155 4892 2293 4949 etc.;
2354 4884 2467 4939 hrcc
2520 4882 2790 4954 leguntur
2833 4882 2973 4954 inter
3022 4880 3195 4952 Opera
3243 4880 3529 4954 Cypriani,

1962 4954 2416 5026 incertoauctori
2443 4952 2697 5026 ascripta.
2750 4952 2885 5026 _Vide
2925 4952 3254 5026 Patrologic
3294 4952 3527 5008 Latina

1962 5033 2094 5079 tom.
2132 5024 2223 5091 IV,
2254 5024 2361 5083 col.
2394 5024 2516 5081 919.
2554 5025 2713 5082 EDIT.
2744 5024 2918 5083 Pun.
