3852 6208
337 307 445 364 795

987 311 1046 367 S.
1091 308 1458 367 HlPPOLY'l‘l
1493 311 1641 366 OPP.
1685 311 1867 369 PARS
1907 311 1972 368 ll.
2013 341 2081 352 --
2123 311 2429 369 DOGMAT.
2467 313 2555 368 ET
2592 309 2932 367 HISTORIC.

3471 305 3578 359 796

340 499 3547 534 ψῃ

626 638 1068 811 ΤΟΥ
1173 639 1849 812 ΑΓΙΟΥ
1957 637 3286 813 ΙΠΠΟΛΥΤΟΥ

1828 906 1923 960 ΕΚ
1943 939 1948 942 -
1973 906 2112 960 ΤΟΥ

1078 1074 1488 1191 ΠΡΟΣ
1545 1067 2271 1189 ΕΛΛΗΝΑΣ
2343 1067 2863 1190 ΛΟΓΟΥ

1519 1291 1596 1343 TD
1608 1289 1654 1342 Υ
1693 1288 2385 1344 ΕΠΙΓΕΓΡΑΜΜΕΝΟΥ

550 1451 846 1541 ΚΑΤΑ
916 1446 1448 1541 ΠΛΑΤΩΝΑ
1477 1435 1643 1550 (ὅθ’),
1683 1453 1941 1542 ΠΕΡΙ
1995 1453 2209 1539 ΤΗΣ
2253 1453 2479 1538 ΤΟΥ
2529 1451 2972 1540 ΠΑΝΤΟΣ
3008 1449 3359 1538 ΑΙΤΙΑΣ

1267 1811 1425 1968 S.
1600 1812 2650 1970 HIPPOLYTI

1790 2080 1883 2136 EX
1919 2080 2122 2138 LIBRO

1166 2257 2001 2394 ADVERSUS
2097 2262 2750 2394 GRAECOS
2815 2411 2821 2417 ,

1722 2514 1810 2563 QUI
1849 2513 2183 2556 INSCRIBITUR

597 2670 1203 2765 ADVERSUS
1277 2671 1997 2772 PLATONEM.
2073 2673 2220 2762 DE
2295 2671 2660 2767 CAUSA
2731 2673 3302 2767 UNIVERSI

859 2864 1171 2944 Stephano
1207 2864 1290 2925 Le
1342 2864 1569 2942 Moyne
1602 2866 1968 2946 interprete,
2015 2867 2195 2948 cujus
2240 2869 2446 2930 versio
2477 2869 2713 2932 alicubi
2740 2871 3068 2935 recensita.

1525 3028 1800 3089 (Gn.me
1840 3031 1946 3081 rei.
1970 3031 2131 3093 Patr.,
2158 3031 2222 3093 Il,
2247 3021 2376 3094 451.)

409 3331 452 3382 Ι.
496 3326 560 3380 Ει
596 3326 684 3381 ille
710 3335 790 3382 est
815 3326 1120 3382 daemonum
1152 3327 1324 3384 locus.
1368 3326 1524 3384 Nunc
1563 3344 1784 3385 necesse
1821 3339 1902 3386 est

2073 3330 2182 3385 Καὶ
2212 3322 2364 3394 οὗτος
2401 3330 2497 3400 μὲν
2543 3331 2570 3382 ό
2603 3329 2728 3402 περ).
2763 3328 3028 3400 δαιμόνων
3069 3329 3231 3409 τόπος
3261 3329 3393 3400 (57).
3437 3327 3580 3404 Περὶ

333 3419 518 3474 dicere
547 3420 612 3473 de
646 3419 800 3483 hade,
821 3420 878 3474 in
909 3434 1018 3489 quo
1044 3419 1391 3475 continentur
1417 3421 1613 3476 animae
1631 3422 1906 3492 justorum

340 3523 506 3582 atque
535 3511 866 3581 iniquorum.
896 3509 1070 3566 Hades
1101 3511 1254 3566 locus
1279 3520 1358 3567 est
1400 3511 1454 3566 in
1487 3512 1601 3582 ipsa
1632 3514 1909 3570 creatione

339 3603 650 3659 inconditus
666 3611 719 3658 et
736 3604 1052 3668 inornatus;
1077 3603 1474 3672 receptaculum
1495 3603 1907 3659 subterraneum

338 3699 393 3752 in
433 3714 542 3767 quo
577 3699 668 3752 lux
703 3697 889 3751 mundi
932 3711 1040 3750 non
1075 3696 1338 3766 splendet.
1375 3695 1520 3750 Luce
1550 3711 1678 3750 vero
1706 3697 1760 3750 in
1805 3697 1908 3752 isto

338 3789 459 3843 loco
503 3805 609 3843 non
657 3787 931 3858 fulgente,
976 3801 1193 3842 necesse
1243 3794 1327 3841 est
1377 3785 1625 3840 tenebras
1672 3785 1744 3839 ibi
1788 3801 1909 3842 esse

339 3890 652 3950 perpetuas.
695 3879 871 3934 Locus
912 3878 1000 3932 ille
1042 3887 1298 3948 tanquam
1337 3894 1523 3934 carcer
1567 3888 1620 3934 et
1663 3879 1907 3933 custodia

337 3971 644 4034 destinatus
677 3978 762 4024 est
789 3969 1096 4034 animabus,
1126 3969 1179 4023 in
1203 3985 1314 4040 quo
1337 3969 1620 4025 constituti
1655 3979 1783 4024 sunt
1813 3985 1909 4024 an-

339 4062 441 4130 geli
471 4063 744 4125 custodes,
757 4061 1055 4116 dividentes
1070 4061 1246 4116 varias
1260 4071 1314 4116 et
1325 4071 1566 4131 tempora
1578 4062 1685 4116 rias
1699 4077 1905 4130 poenas,

337 4154 637 4208 secundum
667 4153 933 4223 cujusque
960 4167 1158 4218 mores,
1187 4152 1431 4207 actiones
1459 4165 1512 4207 et
1542 4152 1803 4208 facinora.
1849 4152 1904 4206 In

336 4244 444 4300 isto
477 4247 818 4315 receptaculo
856 4247 1011 4300 locus
1048 4245 1267 4314 quidam
1301 4253 1604 4313 separatur,
1632 4245 1783 4300 lacus
1819 4246 1905 4300 ni-

335 4338 537 4392 mirum
567 4338 706 4407 ignis
732 4337 1214 4408 inexstinguibilis,
1238 4336 1291 4390 in
1313 4352 1472 4406 quem
1496 4337 1704 4392 nullum
1728 4337 1905 4393 adhuc

333 4430 642 4498 conjectum
673 4439 726 4483 et
764 4430 1044 4484 detrusum
1085 4428 1252 4484 fuisse
1291 4429 1668 4499 suspicamur:
1700 4445 1905 4500 prmpa-

334 4531 487 4576 ratus
518 4535 646 4574 vero
676 4530 761 4575 cst
802 4520 868 4574 ad
915 4521 1325 4576 determinatam
1371 4537 1402 4576 a
1447 4520 1557 4576 Deo
1584 4521 1747 4588 diem,
1778 4538 1902 4578 cum

2010 3424 2067 3477 δὲ
2127 3422 2287 3494 ᾅδου,
2333 3422 2392 3474 ὲν
2435 3415 2480 3489 ᾧ
2537 3422 2844 3491 συνέχονται
2883 3421 3051 3491 ψυχαὶ
3101 3420 3321 3474 δικαίων
3375 3439 3434 3474 τε
3479 3423 3578 3476 καὶ

2007 3510 2226 3574 ἀδίκων,
2265 3509 2556 3578 ἀναγκαῖον
2600 3511 2789 3562 εἰπεῖν.
2839 3510 2895 3563 Ὀ
2939 3510 3091 3582 ᾅδης,
3125 3510 3286 3574 τόπος
3327 3512 3476 3564 ἐστὶν
3518 3515 3576 3565 ὲν

2008 3605 2072 3673 τῇ
2106 3602 2280 3656 κτίσει
2309 3601 2415 3674 (58)
2439 3602 2931 3667 ἀκατασκεύαστος,
2962 3603 3158 3675 χωρίον
3193 3601 3443 3672 ὑπόγειον
3463 3643 3478 3668 ,
3515 3605 3575 3658 ἐν

2007 3685 2052 3760 ᾧ
2097 3693 2211 3763 φῶς
2273 3694 2479 3765 κόσμου
2531 3693 2629 3745 οὐκ
2686 3691 3022 3764 ἐπιλάμπειο
3056 3695 3232 3765 φωτὸς
3292 3694 3470 3749 τοίνυν
3515 3698 3574 3748 ὲν

2008 3785 2181 3855 τούτῳ
2211 3785 2288 3856 τῷ
2320 3785 2503 3857 χωρίῳ
2534 3784 2606 3856 μὴ
2631 3784 3098 3856 καταλάμποντος,
3124 3785 3337 3856 ἀνάγκη
3385 3786 3576 3850 σκότος

2007 3876 2268 3948 διηνεκῶς
2312 3875 2614 3947 τυγχάνειν.
2657 3875 2824 3930 Τοῦτο
2855 3875 2914 3928 τὸ
2963 3875 3158 3947 χωρίον
3203 3875 3278 3940 ὡς
3320 3875 3576 3949 φρούριον

2008 3968 2322 4041 ἀπενεμήθη
2373 3969 2601 4039 ψυχαῖς,
2649 3967 2732 4037 ἐφ’
2788 3961 2832 4036 ᾧ
2884 3966 3292 4038 κατεστάθησαν
3353 3968 3575 4036 ἄγγελοι

2009 4060 2252 4132 φρουροὶ,
2279 4059 2415 4130 πρὸς
2445 4059 2542 4123 τὰς
2575 4059 2818 4114 ἑκάστων
2851 4059 3075 4132 πράξεις
3106 4059 3449 4130 διανέμοντες
3475 4060 3576 4123 τὰς

2006 4150 2367 4222 τῶν⁹τρόπων
2399 4149 2510 4221 (39)
2557 4152 2920 4222 προσκαίρους
2966 4151 3247 4214 κολάσεις·
3293 4153 3350 4206 ἐν
3399 4151 3574 4222 τούτῳ

2006 4243 2062 4296 δὲ
2107 4242 2184 4313 τῷ
2230 4243 2412 4313 χωρίῳ
2464 4242 2628 4305 τόπος
2676 4241 2979 4315 ἀφώρισταί
3022 4260 3134 4306 τις,
3185 4241 3348 4312 λίμνη
3403 4242 3574 4312 πυρὸς

2006 4335 2289 4400 ἀσϐέστου,
2325 4336 2382 4387 ὲν
2412 4328 2456 4403 ᾧ
2491 4335 2586 4406 μὲν
2615 4335 2826 4388 οὐδέπω
2847 4335 2963 4389 τινὰ
2994 4335 3427 4406 καταρῤερίφθαι
3459 4334 3571 4406 (40)

2005 4429 2415 4500 ὑπειλήφαμενο
2462 4428 2785 4481 ἐσκεύασται
2813 4427 2869 4480 δὲ
2902 4430 2980 4492 είς
3023 4427 3121 4499 τὴν
3155 4427 3575 4499 προωρισμένην

2003 4521 2217 4594 ἡμέραν
2259 4520 2364 4574 ὑπὸ
2406 4519 2538 4574 Θεοῦ
2566 4521 2708 4594 (41),
2743 4522 2798 4575 ὲν
2846 4513 3122 4594 ᾖδικαίας
3157 4521 3392 4594 κρίσεως
3436 4520 3576 4574 ἁπό-

407 4675 541 4745 (36°)
576 4673 741 4754 βατὰ
772 4673 1074 4754 minueret.
1093 4675 1152 4730 In
1186 4685 1538 4754 monumento
1587 4691 1897 4754 marmoreo

2072 4681 2182 4754 (57)
2221 4679 2624 4754 Kal._..__td:toc.
2658 4677 3020 4754 Nai..._l6}_'o;
3043 4678 3164 4754 cod_.
3210 4693 3313 4754 ms.
3368 4677 3574 4754 Coisli-

335 4747 389 4802 in
433 4763 541 4815 quo
576 4745 739 4812 hujus
783 4746 967 4814 scripti
1011 4747 1212 4801 diserta
1247 4747 1451 4800 mentio
1495 4747 1754 4809 occurrit,
1788 4763 1896 4801 non

333 4818 529 4886 legitur
573 4815 714 4868 κατὰ
747 4815 1025 4879 Πλάτωνα,
1065 4826 1125 4869 ut
1162 4817 1329 4871 edidit
1362 4815 1529 4886 David
1560 4815 1900 4872 Hmschelius

331 4885 403 4941 ad,
429 4887 675 4940 Photium
709 4902 832 4954 pag.
879 4886 932 4948 9,
975 4902 1212 4955 eumque
1242 4897 1463 4942 secutus
1503 4885 1810 4956 Stephanus
1851 4887 1900 4942 le

331 4957 547 5028 Moyne,
579 4956 671 5028 sed
700 4957 834 5028 πρὸς
865 4956 1142 5010 Πλάτωνα.
1165 4959 1257 5011 Est
1287 4966 1463 5011 tamen
1496 4957 1630 5028 bene
1653 4956 1899 5012 Graecum

329 5025 494 5082 etiam
543 5027 686 5080 κατὰ
723 5025 1006 5087 Πλάτωνα,
1037 5042 1138 5095 pro
1179 5046 1196 5078 ι
1228 5027 1488 5082 adversus
1527 5025 1841 5094 Platonem;
1873 5045 1892 5078 ι

331 5098 787 5167 quemadmodum
836 5097 976 5150 κατά
1019 5113 1142 5151 cum
1177 5099 1465 5152 accusandi
1513 5113 1642 5151 casu
1680 5097 1900 5166 optimis

330 5183 550 5238 quoque
585 5168 939 5236 scriptoribus
971 5175 1143 5234 notat,
1170 5168 1314 5235 quod
1350 5185 1368 5218 ι
1407 5183 1473 5220 ex
1508 5167 1735 5238 adverso
1761 5167 1900 5238 »τοι

338 5236 414 5292 ie
465 5239 685 5308 regione
720 5258 737 5289 ι
777 5239 938 5292 situm
980 5246 1093 5300 est,
1131 5246 1187 5290 ut
1228 5238 1472 5308 pluribus
1515 5252 1544 5291 e
1587 5236 1901 5308 Thucydide

332 5309 596 5376 exemplis
629 5306 894 5364 Henricus
948 5308 1256 5377 Stephanus
1297 5307 1706 5362 demonstravit.
1741 5306 1900 5376 Apud

336 5381 606 5432 Zonaram
662 5396 733 5442 vn,
787 5379 840 5443 4,
891 5377 1110 5444 Αηηαι.,
1163 5377 1303 5431 κατὰ
1357 5378 1640 5440 Πλάτωνος
1684 5377 1898 5446 legitur.

335 5451 555 5505 FABRIC.
589 5479 658 5487 —
692 5448 888 5518 Scripti
938 5449 1101 5517 hujus
1154 5448 1457 5518 Hippolytei
1507 5448 1616 5501 duo
1665 5448 1903 5516 insignia

337 5522 637 5586 fragmenta
675 5529 890 5574 exstant
923 5520 975 5572 in
1023 5519 1303 5572 Parallelis
1347 5519 1752 5573 Damasccnicis
1792 5520 1903 5572 Ru-

341 5587 734 5660 yefucaldinis.
779 5606 936 5660 pagg.
969 5590 1103 5652 755,
1151 5591 1290 5652 789,
1322 5591 1647 5660 quibuscum
1697 5589 1898 5643 editum

337 5651 715 5710 Fabricianum
749 5651 800 5712 in
840 5651 1029 5727 primis
1067 5651 1433 5714 Contulimus:
1472 5659 1560 5713 ubi
1594 5669 1647 5712 et
1677 5660 1900 5727 ipsemet

335 5729 405 5781 cl.
437 5726 613 5781 editor
643 5726 971 5799 Lequic’nius
1003 5731 1142 5786 κατὰ
1171 5731 1451 5796 Πλάτωνος
1481 5726 1736 5787 restituit.

2005 4747 2204 4808 uiantis
2225 4751 2365 4819 apud
2391 4747 2817 4818 Havercampum
2843 4749 2894 4802 in
2925 4747 3169 4818 Append.
3186 4750 3251 4802 ad
3273 4747 3572 4817 Josephum

2005 4833 2136 4874 tom.
2173 4821 2250 4874 ll.
2293 4837 2414 4874 nae.
2443 4821 2564 4874 145.
2601 4818 2809 4874 Habent
2834 4835 3048 4874 auooue
3079 4818 3234 4874 λόγος
3278 4834 3375 4874 oro
3410 4819 3575 4874 τόπος

2005 4833 2136 4878 tom.
2173 4822 2250 4884 ll,
2293 4837 2414 4890 pag.
2443 4822 2564 4874 145.
2601 4822 2809 4874 Habent
2834 4835 3048 4889 quoque
3079 4822 3234 4888 λόγος
3277 4834 3375 4888 pro
3410 4822 3572 4884 τόπος

2007 4892 2280 4946 Paralleta
2327 4891 2476 4944 Dam.
2506 4905 2628 4958 pag.
2661 4888 2781 4956 789,
2828 4898 2882 4944 et
2939 4889 3174 4955 rectius,
3203 4899 3263 4944 ut
3311 4890 3570 4943 videtur:

2013 4982 2033 5015 ι
2057 4963 2333 5016 Hactenus
2360 4962 2426 5015 de
2455 4959 2790 5014 daemonibus
2816 4961 3020 5014 dictum
3056 4961 3145 5014 sit.
3179 4980 3200 5013 ι

2078 5033 2188 5104 (58)
2231 5033 2326 5084 Ἐν
2365 5029 2452 5104 gi
2481 5031 2692 5104 κτίσειτ
2734 5029 2928 5084 Reddit
2963 5031 3011 5084 le
3049 5029 3329 5104 Moynenc
3358 5029 3574 5104 in_ipsa

2007 5097 2302 5160 creatione.
2323 5120 2340 5152 ι
2364 5100 2573 5156 Fabric.
2589 5141 2603 5164 ,
2627 5119 2644 5152 ι
2679 5101 2734 5154 in
2782 5116 2962 5155 rerum
2979 5097 3193 5156 natura.
3215 5119 3234 5151 ι
3274 5097 3572 5168 Lequien.,

2011 5193 2030 5227 ι
2060 5175 2112 5228 in
2149 5173 2307 5227 rebus
2327 5171 2542 5225 creatis.
2564 5190 2582 5223 ι

2078 5244 2188 5314 (59)
2234 5242 2628 5314 Τῶνμτρρςιων.
2663 5239 2942 5306 Parallel.,
2965 5239 3072 5294 τῶν
3095 5240 3293 5294 τόπων.
3324 5239 3392 5292 Ει
3418 5254 3572 5305 mox,

2004 5309 2197 5386 λίμνης
2229 5311 2421 5386 ειιτυρὸςἴ
2447 5309 2630 5386 hiinus
2660 5321 2824 5386 recte.

2076 5385 2188 5455 (40)
2232 5380 2714 5455 Ιςᾴταῤῥερίφθᾳι.
2775 5380 3035 5455 Rarallel.
3059 5421 3095 5455 ,4
3127 5380 3571 5455 ςκαταρερίφθαι.

2004 5450 2241 5522 coniicit
2265 5451 2605 5522 Hceschelius
2631 5452 2912 5520 legendum
2938 5450 3316 5522 κατερῤίφθαι.

2078 5519 2190 5594 (li)
2253 5521 2396 5594 Ὑπὸλ
2451 5522 2617 5576 Θεοῦ.
2678 5521 2968 5588 Parallel.,
3235 5520 3391 5594 Θεοῦ.
3430 5519 3572 5594 μοι

2005 5591 2190 5661 ἀξίωςζ
2220 5612 2239 5644 ‹
2259 5607 2358 5662 pro
2387 5592 2625 5663 ipsorum
2674 5593 2867 5648 merito
2889 5611 2909 5645 ι
2944 5591 3396 5663 νοιιίιιριιυὶευ.
3430 5591 3572 5647 Ibid.

2005 5666 2189 5722 statim
2221 5661 2570 5735 προσενεχθῇ.
