3852 6208
314 289 421 345 797

1441 286 1639 342 LIBER
1678 285 2045 345 ADVERSUS
2084 283 2405 342 GRAECOS.

3435 266 3538 320 798

312 421 476 473 φάσις
523 404 621 475 μία
671 407 832 459 πᾶσιν
875 405 1040 472 ἀξίως
1082 407 1481 479 προσενεχθείη.
1522 409 1633 461 Καὶ
1674 411 1723 462 οἱ
1776 409 1849 480 μέε

1976 424 2080 463 una
2111 408 2375 464 sententia
2400 404 2532 476 justi
2562 400 2750 473 judicii
2781 400 2847 455 de
2868 397 3282 468 omnihnsju-ste
3308 395 3528 451 feretur.

289 492 483 546 ﬁdum
516 495 611 547 καὶ
654 493 771 563 Θεῷ
818 494 1246 565 ἀπειθήσαντες,
1294 496 1362 550 τά
1410 514 1470 549 τε
1509 498 1707 568 μάταια
1738 496 1875 569 ἔργα

312 585 508 657 χειρῶν
546 583 845 657 ἀνθρώπων
883 587 1357 659 κατεσκευασμένα
1399 588 1588 641 εἴδωλα
1637 588 1712 651 ὠς
1744 587 1873 641 Θεὸν

311 675 674 744 τιμήσαντες,
705 675 905 747 ταύτης
934 677 1033 745 τῆς
1065 678 1231 731 ἀϊδίου
1262 679 1564 743 κολάσεως,
1602 678 1678 742 ὼς
1712 680 1873 731 αἴτιοι

318 766 637 835 μιασμάτων
667 768 980 837 γενόμενοι,
1031 770 1396 841 προσκριθῶσι
1434 770 1579 841 (42)’
1613 770 1660 823 οί
1700 770 1757 822 δὲ
1796 768 1872 822 δί-

312 871 454 908 καιοι
491 856 590 927 τῆς
629 857 905 930 ἀφθάρτου
938 859 1034 912 καὶ
1073 859 1420 913 ἀνεκλείπτου
1464 860 1735 929 βασιλείας
1775 859 1869 912 τύ-

312 963 496 1015 χωσιν,
530 948 579 1000 οἳ
608 950 666 1002 ἐν
694 948 769 1020 τῷ
800 950 899 1023 ᾅδῃ
925 951 1033 1022 (45)
1060 951 1153 1005 νῦν
1188 952 1286 1021 μὲν
1316 953 1639 1023 συνέχονται,
1658 952 1770 1005 ἀλλ’
1805 954 1865 1005 οὐ

311 1038 385 1108 τῷ
414 1039 563 1109 αὐτῷ
594 1041 760 1111 τόπῳ,
803 1035 846 1108 ᾧ
887 1044 981 1095 καὶ
1015 1044 1063 1095 οἱ
1104 1043 1275 1097 ἀδικοι
1310 1044 1444 1115 (44).
1488 1045 1601 1098 Μία
1642 1045 1749 1117 γάρ
1788 1047 1867 1108 εἱς

309 1128 463 1183 τοῦτο
505 1130 567 1182 τὸ
619 1132 814 1201 χωρίον
863 1132 1122 1198 κάθοδος,
1170 1126 1231 1186 οῦ
1279 1136 1342 1204 τῇ
1400 1133 1539 1204 πύλῃ
1589 1135 1865 1203 ἐφεστῶτα

311 1222 647 1292 ἀρχάγγελον
674 1224 787 1293 ἅμα
825 1227 1051 1295 στρατιᾷ
1082 1226 1521 1297 πεπιστεύκαμεν
1540 1244 1553 1256 °
1585 1228 1652 1297 ἢν
1692 1227 1865 1298 πύλην

308 1312 601 1376 διελθόντες
648 1314 756 1384 (45)
812 1316 861 1368 οί
912 1316 1268 1386 καταγόμενοι
1322 1316 1424 1370 ὑπὸ
1480 1318 1587 1371 τῶν
1632 1319 1724 1371 ἐπὶ
1766 1318 1865 1381 τὰς

308 1404 484 1474 ψυχὰς
527 1423 681 1474 τεταγ
699 1407 871 1477 μένων
914 1409 1155 1477 ἀγγέλων
1193 1410 1331 1481 (46),
1374 1412 1434 1463 οὐ
1485 1413 1582 1482 μιᾷ
1626 1410 1728 1481 ὁδῷ
1766 1430 1862 1464 πο-

313 1493 557 1565 ρεύονται
575 1512 588 1525 ·
618 1496 733 1548 ἀλλ’
765 1499 813 1550 οἱ
840 1498 937 1568 μὲν
966 1498 1193 1566 δίκαιοι,
1224 1501 1304 1563 είς
1332 1500 1476 1565 δεξιά
1501 1502 1861 1571 φωταγωγοῦ-

310 1603 478 1655 μενοι,
513 1588 606 1641 καὶ
633 1588 736 1641 ὑπὸ
761 1588 868 1642 τῶν
895 1590 1210 1659 ἐφεστώτων
1250 1593 1386 1645 κατὰ
1429 1594 1590 1648 τόπον
1621 1594 1862 1662 ἀγγέλων

306 1677 651 1748 ὑμνούμενοι,
699 1678 920 1749 ἄγονται
950 1683 1029 1745 είς
1080 1682 1273 1753 χωρίον
1304 1686 1591 1752 φωτεινόν
1638 1686 1695 1739 ὲν
1730 1678 1775 1753 ᾧ
1810 1688 1859 1739 οἱ

1974 496 2041 551 Ει
2062 496 2247 567 injusti
2270 496 2487 567 quidem
2509 501 2562 549 et
2579 491 2688 546 Deo
2710 489 2993 552 increduli,
3017 490 3254 544 colentes
3278 496 3335 540 ut
3361 486 3525 540 Deum

1970 589 2115 645 idola
2141 604 2280 642 vana
2312 587 2593 641 hominum
2626 583 2880 639 manibus
2902 596 3061 651 opera
3094 588 3413 650 praeparata,
3436 579 3523 631 isti

1969 689 2172 736 aeterno
2202 678 2486 748 supplicio,
2520 685 2578 730 ut
2607 674 2774 729 variis
2808 673 3063 728 sordibus
3098 670 3396 741 inquinati,
3432 669 3526 722 ad.

1966 769 2393 839 judicabuntur;
2428 766 2561 834 justi
2597 778 2759 827 vero,
2812 762 2961 832 regni
3004 760 3427 829 incorruptibilis
3471 768 3526 815 et

1968 862 2252 917 indesituri
2289 861 2582 930 potientur.
2607 858 2711 924 Qui
2745 870 2888 909 nunc
2920 854 3139 924 quidem
3167 853 3218 907 in
3242 852 3374 907 hade
3392 852 3539 908 con?

1967 952 2223 1017 tinentur,
2257 950 2349 1005 sed
2404 964 2514 1004 non
2562 950 2617 1003 in
2676 948 2866 1002 eodem
2914 946 3034 1001 loco
3088 945 3141 1000 in
3182 960 3291 1014 quo
3333 944 3521 1013 injusti

1965 1044 2382 1099 concluduntur.
2424 1040 2576 1096 Unus
2605 1048 2688 1096 est
2718 1040 2915 1109 quippe
2944 1039 3236 1094 descensus
3274 1038 3342 1092 ad
3376 1037 3516 1092 istud

1964 1136 2389 1205 receptaculum,
2422 1134 2488 1189 ad
2529 1134 2686 1203 cujus
2731 1142 2943 1202 portam
2979 1131 3361 1200 archangelum
3394 1144 3519 1185 cum

1963 1230 2201 1284 exercitu
2238 1228 2556 1283 collocatum
2588 1226 2879 1281 credimus.
2927 1223 3101 1290 Quam
3139 1232 3347 1293 portam
3382 1239 3519 1292 pra:-

1961 1326 2235 1373 tereuntes
2280 1318 2318 1370 ii
2361 1316 2452 1386 qui
2490 1314 2826 1369 deducuntur
2858 1314 2925 1367 ab
2967 1311 3172 1381 angelis
3210 1310 3513 1364 animarum

1962 1408 2301 1478 praesidibus,
2326 1422 2432 1461 non
2458 1421 2561 1460 una
2586 1414 2640 1460 et
2667 1405 2853 1459 eadem
2880 1403 2965 1457 via
2986 1411 3233 1472 pergunt.
3260 1400 3364 1456 Sed
3380 1401 3515 1470 justi

1962 1499 2029 1553 ad
2061 1499 2305 1553 dextram
2339 1506 2621 1567 pergentes
2654 1512 2746 1565 per
2790 1496 3020 1549 mediam
3057 1494 3252 1556 lucem,
3290 1501 3344 1547 et
3376 1493 3515 1546 mul-

1963 1600 2046 1645 tos
2077 1591 2485 1645 circumstantes
2514 1587 2731 1657 angelos
2768 1586 2857 1656 qui
2903 1585 3024 1640 illos
3062 1584 3278 1655 hymnis
3326 1598 3513 1653 prose-

1959 1689 2219 1751 quuntur,
2241 1678 2453 1734 tandem
2469 1678 2533 1733 ad
2553 1679 2729 1733 locum
2753 1676 3146 1732 lucidissimum
3168 1674 3509 1745 perveniunt.

303 1768 397 1820 ἀπ’
442 1770 614 1840 ἀρχῆς
655 1770 848 1824 δίκαιοι
904 1772 1304 1841 πολιτεύονται,
1356 1775 1453 1845 οὐχ
1492 1776 1581 1829 ὑπ’
1618 1776 1849 1848 ἀνάγκης

1960 1772 2016 1827 ln
2048 1789 2156 1843 quo
2174 1773 2305 1843 justi
2334 1772 2401 1826 ab
2433 1771 2587 1825 initio
2616 1778 3026 1833 conversantur,
3050 1783 3156 1822 non
3188 1766 3511 1822 necessitate

304 1859 694 1931 κρατούμενοι,
759 1863 893 1917 ἀλλά
967 1865 1065 1935 τῆς
1133 1865 1242 1919 τῶν
1300 1867 1585 1937 ὁρωμένων
1640 1867 1858 1936 ἀγαθῶν

301 1949 429 2013 θέας
473 1950 584 2021 (47)
636 1954 722 2006 ἀεὶ
753 1954 1148 2024 ἀπολαύοντες,
1196 1958 1288 2010 καὶ
1330 1960 1394 2028 τῇ
1445 1957 1553 2011 τῶν
1603 1960 1855 2013 ἑκάστοτε

302 2041 503 2095 καινῶν
551 2045 844 2117 προσδοκίᾳ
899 2046 1009 2117 (48)
1061 2047 1336 2118 ἡδόμενοι,
1386 2049 1613 2103 κάκεῖνα
1656 2049 1855 2105 τούτων

302 2130 495 2199 βελτίω
527 2132 840 2203 ἡγούμενοι.
859 2130 953 2198 Οἷς
979 2137 1007 2187 ό
1036 2136 1196 2200 τόπος
1215 2138 1275 2190 οὐ
1299 2138 1684 2211 καματηφόρος
1714 2140 1857 2208 γίνε-

298 2239 411 2275 ται*
458 2224 521 2275 οὐ
555 2224 800 2288 καύσων,
831 2227 892 2278 οὑ
941 2227 1135 2299 κρύος,
1186 2229 1247 2282 οὐ
1292 2229 1533 2301 τρίδολος
1578 2232 1635 2283 ἐν
1671 2230 1850 2301 αὐτῷ,

296 2307 411 2359 ἀλλ’
450 2310 485 2379 ἡ
519 2308 626 2362 τῶν
660 2312 907 2385 πατέρων
945 2314 1167 2369 δικαίων
1202 2334 1260 2369 τε
1297 2317 1545 2388 ὁρωμένη
1580 2319 1689 2388 (49)
1733 2320 1853 2389 ὄψις

298 2401 524 2453 πάντοτε
570 2403 781 2473 μειδιᾷ,
841 2405 1212 2476 ἀναμενόντων
1256 2406 1351 2477 τὴν
1408 2408 1542 2477 μετά
1586 2407 1740 2462 τοῦτο
1793 2410 1853 2463 τὺ

297 2491 493 2561 χωρίον
514 2492 817 2547 ἀνάπαυσιν
850 2495 942 2548 καὶ
969 2496 1187 2549 αἰωνίαν
1214 2496 1505 2550 ἀναϐίωσιν
1537 2500 1593 2550 ἐν
1616 2499 1845 2570 οὐρανῷ.

295 2582 483 2652 Τούτῳ
504 2582 561 2636 δὲ
584 2583 754 2655 ὄνομα
778 2586 1140 2657 κικλήσκομεν
1166 2589 1397 2641 κόλπον
1425 2588 1688 2657 Ἀϐραάμ.
1710 2590 1771 2641 Οί
1793 2590 1849 2642 δὲ

292 2673 467 2727 ἄδικοι
492 2676 571 2739 είς
594 2677 854 2749 ἀριστερά
880 2678 1124 2733 ἕλκονται
1154 2678 1258 2733 ὑπὸ
1282 2679 1525 2747 ἀγγέλων
1554 2680 1846 2748 κολαστῶν,

292 2766 472 2818 οὐκέτι
504 2766 764 2831 ἑκουσίως
819 2770 1199 2840 πορευόμενοι,
1249 2769 1384 2823 ἀλλά
1436 2770 1575 2841 μετά
1610 2770 1726 2841 βίας
1773 2772 1847 2836 ὡς

291 2851 499 2924 δέσμιοι
531 2855 806 2926 ἑλκόμενοι
826 2874 838 2887 ·
868 2854 949 2922 οἷς
970 2860 1019 2911 οἱ
1050 2859 1349 2928 ἐφεστῶτες
1378 2860 1594 2929 ἄγγελοι
1618 2861 1847 2931 διαπέμ-

289 2961 480 3000 πονται
509 2948 851 3014 ὀνειδίζοντες
875 2951 1003 3022 (50),
1034 2952 1127 3005 καὶ
1158 2951 1371 3024 φοϐερῷ
1393 2953 1599 3024 ὄμματι
1623 2956 1846 3009 ἐπαπει-

289 3034 533 3100 λοῦντες,
586 3040 667 3102 εἰς
710 3038 780 3093 τὰ
830 3040 1110 3114 κατώτερα
1152 3041 1446 3106 ὠθοῦντες·
1501 3041 1595 3106 οὒς
1644 3044 1845 3115 ἀγομέ-

1957 1862 2153 1926 coacti,
2200 1861 2291 1916 sed
2344 1859 2795 1929 contemplatione
2844 1858 3109 1913 bonorum
3157 1873 3279 1926 qua:
3328 1857 3512 1913 vident

1956 1970 2169 2024 semper
2200 1953 2474 2019 fruuntur,
2497 1962 2551 2008 et
2578 1967 2841 2007 novorum
2870 1952 3087 2006 cuilibet
3114 1951 3506 2005 destinatorum

1956 2062 2051 2117 spe
2081 2056 2134 2101 et
2163 2046 2560 2117 exspectatione
2575 2054 2904 2113 recreantur,
2922 2044 3012 2098 illa
3031 2044 3200 2098 multo
3217 2043 3437 2098 meliora
3453 2050 3509 2098 et

1954 2141 2164 2211 potiora
2190 2139 2546 2209 praesentibus
2574 2138 2714 2209 apud
2746 2154 2804 2193 se
2828 2146 3158 2207 reputantes.
3186 2134 3394 2201 Quibus
3421 2134 3504 2188 lo-

1952 2248 2051 2288 cus
2083 2233 2170 2288 ille
2200 2233 2382 2288 nullos
2409 2233 2621 2288 labores
2647 2242 2700 2287 et
2740 2231 3015 2286 molestias
3058 2229 3217 2300 parit.
3260 2227 3379 2282 Non
3428 2228 3505 2283 ibi

1952 2326 2133 2389 ardor,
2168 2340 2275 2379 non
2310 2324 2500 2395 frigus,
2531 2340 2638 2378 non
2670 2324 2900 2379 tribulus
2929 2364 2945 2389 ,
2976 2322 3068 2377 sed
3100 2330 3311 2391 patrum
3331 2321 3505 2389 justo-

1951 2432 2183 2487 rumque
2213 2418 2394 2472 vultus
2434 2416 2697 2479 subridet,
2731 2414 3157 2484 exspectantium
3205 2421 3326 2481 post
3373 2411 3503 2465 illud

1951 2505 2342 2573 receptaculum
2365 2546 2377 2569 ,
2408 2505 2641 2574 quietem
2684 2512 2739 2559 et
2777 2512 3030 2558 aeternam
3061 2504 3222 2555 vitam
3256 2501 3309 2554 in
3341 2502 3499 2556 cado.

1948 2593 2323 2650 Locumlvero
2365 2597 2523 2650 istum
2557 2610 2818 2649 vocamus
2863 2595 3035 2647 sinum
3062 2592 3369 2645 Abrahami.
3414 2589 3503 2646 ln-

1943 2687 2075 2757 justi
2107 2702 2233 2741 vero
2275 2687 2342 2741 ad
2372 2687 2645 2741 sinistram
2676 2686 2965 2740 trahuntur
3003 2685 3071 2739 ab
3101 2684 3303 2752 angelis
3333 2692 3501 2738 torto-

1947 2776 2118 2843 ribus,
2148 2791 2256 2830 non
2285 2785 2474 2843 sponte
2512 2775 2838 2842 incedentes,
2865 2774 2959 2829 sed
2985 2776 3036 2828 vi
3072 2782 3127 2829 et
3160 2771 3412 2826 violentia
3442 2781 3501 2828 ut

1943 2862 2110 2920 vincti
2143 2865 2459 2935 rapiuntur;
2489 2881 2628 2935 quos
2657 2866 2828 2936 angeli
2861 2866 3126 2919 instantes
3150 2872 3202 2918 et
3246 2871 3498 2935 urgentes

1943 2954 2293 3020 comitantur,
2324 2954 2445 3009 illos
2478 2955 2729 3010 convitiis
2754 2956 3099 3019 lacessentes,
3130 2955 3299 3010 torvis
3325 2955 3498 3010 oculis

1944 3046 2257 3102 minitantes
2296 3056 2350 3102 et
2380 3047 2447 3102 ad
2493 3047 2748 3102 inferiora
2792 3047 3155 3102 detrudentes.
3200 3045 3290 3102 Sic
3335 3061 3498 3115 porro

289 3148 409 3194 νους
439 3130 550 3203 (51)
592 3131 835 3185 ἕλκουσιν
877 3136 926 3187 οἱ
977 3112 1283 3204 ἐφεστῶτες
1328 3135 1433 3198 ἕως
1473 3135 1696 3207 πλησίον
1746 3112 1845 3207 τῆς

1958 3138 2202 3195 leductas
2232 3140 2439 3194 animas
2467 3139 2723 3209 praesides
2761 3139 2934 3208 angeli
2968 3139 3186 3193 trahunt
3224 3112 3395 3206 usque
3430 3136 3497 3190 ad

287 3224 525 3294 γεέννης
552 3227 599 3277 οί
623 3225 802 3294 ἔγγιον
824 3226 972 3291 ὄντες
989 3226 1083 3281 τοῦ
1110 3228 1205 3299 μὲν
1228 3227 1471 3300 βρασμοῦ
1493 3228 1845 3293 ἀδιαλείπτως

1958 3232 2175 3287 :ontinia
2208 3232 2482 3301 gehennae.
2525 3230 2590 3284 Et
2624 3232 2716 3300 qui
2748 3239 2854 3285 tam
2889 3245 3053 3299 prope
3082 3238 3227 3296 sunt,
3271 3229 3499 3283 audiunt

288 3314 618 3370 ὑπακούουσι
661 3316 772 3388 (52)
798 3358 812 3383 ,
853 3320 945 3372 καὶ
992 3319 1084 3372 τοῦ
1132 3319 1229 3390 τῆς
1281 3319 1487 3391 θέρμης
1529 3320 1701 3391 ἀτμοῦ
1745 3322 1844 3373 οὐκ

1958 3338 2153 3392 semper
2178 3322 2525 3393 agitationem
2551 3331 2603 3376 et
2625 3331 2836 3387 aestum,
2867 3334 2919 3375 et
2950 3336 3055 3374 non
3095 3329 3221 3375 sunt
3252 3328 3499 3391 expertes

285 3409 619 3486 ἀμοιροῦσιν.
638 3410 816 3481 Αὐτῆς
834 3411 890 3464 δέ
912 3411 1007 3481 τῆς
1025 3411 1262 3481 ἐγγίονος
1283 3412 1477 3482 ὅψεως,
1495 3413 1591 3484 τὴν
1608 3412 1736 3482 φοϐε
1745 3411 1841 3484 ράν

1958 3416 2154 3484 raperis
2178 3422 2231 3470 et
2254 3414 2419 3481 fumi,
2452 3414 2520 3469 ab
2549 3414 2658 3469 isto
2699 3414 2877 3467 calore
2918 3414 3189 3468 manantis
3230 3422 3281 3466 ct
3310 3426 3497 3465 assur-

284 3502 376 3554 καὶ
420 3502 861 3573 ὑπερϐαλλόντως
911 3503 1035 3557 θέαν
1080 3504 1190 3575 (55)
1239 3503 1330 3556 τοῦ
1372 3504 1542 3575 πυρὸς
1586 3504 1838 3575 ὁρῶντες,

1958 3506 2133 3575 gentis.
2164 3505 2415 3560 Proxima
2450 3515 2627 3560 autem
2661 3504 2764 3559 ista
2802 3504 3027 3567 visione,
3056 3504 3295 3557 videntes
3340 3501 3498 3556 terri-

285 3594 740 3663 καταπεπήγασι,
790 3594 1196 3665 τῇ.προσδοκίᾳ
1224 3594 1324 3664 τῆς
1378 3594 1674 3665 μελλούσης
1724 3595 1840 3665 κρί-

1958 3598 2045 3652 ›ἱιο
2064 3608 2116 3651 et
2138 3598 2485 3652 immodicum
2516 3596 2882 3665 spectaculum
2912 3596 3069 3666 ignis,
3096 3597 3315 3649 horrent
3336 3591 3493 3662 quasi

285 3697 441 3745 σεως,
460 3683 561 3753 ἤδη
583 3683 807 3754 δυνάμει
828 3683 1192 3754 κολαζόμενοι.
1224 3684 1381 3737 Ἀλλά
1403 3686 1497 3739 καὶ
1528 3678 1589 3738 οῦ
1620 3686 1707 3738 τὸν
1728 3685 1838 3756 (54)

1958 3690 2057 3759 [ειη
2085 3688 2362 3743 constricti
2399 3698 2619 3757 propter
2656 3688 3111 3756 exspectationem
3144 3685 3312 3738 futuri
3348 3685 3495 3752 judi-

282 3773 384 3827 τῶν
413 3775 665 3846 πατέρων
711 3777 885 3849 χωρὸν
916 3777 1164 3840 καὶτοὺς
1209 3777 1448 3841 δικαίους
1491 3778 1693 3849 δρῶσι,
1745 3780 1838 3833 καὶ

1958 3781 2028 3845 :ii,
2054 3779 2213 3851 quasi
2238 3780 2397 3834 modo
2418 3779 2530 3849 jam
2560 3779 2825 3848 supplicio
2854 3777 3047 3832 affecti.
3084 3774 3186 3831 Sed
3212 3785 3264 3830 et
3286 3776 3357 3829 ibi
3382 3789 3493 3828 non

1937 3976 2263 4040 Macarium,
2300 3976 2426 4046 περὶ
2475 3974 2653 4040 ἐξόδου
2698 3973 2875 4045 ψυχῆς
2911 3972 3134 4026 δικαίων
3181 3974 3272 4026 καὶ
3312 3975 3492 4047 ἀμαρ-

372 3972 465 4039 42)
502 3974 931 4041 Προσκριθῶσι.
963 3972 1244 4037 Ραταίίεί..
1271 3991 1470 4046 προκρ.
1937 3976 2205 4031 Macariun

372 4042 465 4100 45)
510 4042 604 4095 Ἐν
636 4042 713 4100 τῶ
740 4043 871 4100 ἅδῃ.
901 4044 1062 4100 ’ᾍδης
1106 4059 1171 4097 ex
1198 4054 1435 4098 veterum
1470 4053 1647 4098 mente
1677 4061 1837 4100 aenc-
1933 4047 2136 4100 τωλῶν.
2167 4047 2205 4100 F

1933 4064 2136 4101 τωΑων.
2168 4063 2195 4100 l‘
2211 4063 2382 4101 ABRIC.

372 4042 465 4111 45)
510 4042 604 4095 Ἐν
636 4042 713 4108 τῷ
740 4043 871 4110 ᾅδῃ.
901 4044 1062 4113 ’ᾍδης
1106 4059 1171 4097 ex
1198 4042 1435 4098 veterum
1470 4053 1647 4098 mente
1677 4061 1837 4114 gene-

278 4113 389 4188 rale
415 4115 819 4188 receptaculum
847 4115 1144 4188 animarum
1177 4124 1295 4188 post
1324 4116 1535 4167 illarum
1558 4131 1836 4188 e_corpore

2004 4118 2113 4188 (47)
2157 4117 2321 4188 Θέας.
2369 4114 2645 4179 Parallel.,
2680 4113 2926 4188 θεωρίας.

279 4182 607 4258 discessum,
639 4184 730 4237 ubi
761 4182 917 4258 bonis
947 4182 1173 4258 benein
1204 4185 1332 4258 loco
1379 4184 1640 4258 φωτεινῷ,
1678 4182 1835 4258 malis

2006 4182 2116 4258 (48)
2174 4186 2484 4258 Ἱίκάστοτε
2532 4183 2750 4258 καινῶν
2790 4182 3176 4258 προσδοκίᾳε,
3204 4182 3487 4252 Ραναίσίείη

282 4254 421 4307 male
476 4252 531 4326 i_n
592 4251 968 4326 σκοτιωτέρῳ.-
1011 4252 1141 4326 Vide
1194 4251 1481 4326 Goloinesii
1550 4251 1835 4326 ιςειμήλια

1958 4251 2189 4312 νκάστοεε
2209 4256 2408 4310 καινῶν
2433 4256 2721 4326 ὁρωμένων
2748 4251 3057 4326 προσδοκίᾳ.
3093 4272 3109 4303 ι
3138 4252 3202 4306 Et
3224 4251 3487 4311 novorum

278 4323 566 4396 lateraria,
594 4324 826 4396 cap.A28,
853 4322 911 4377 et
937 4322 1213 4396 Svicerum
1244 4324 1297 4377 in
1334 4323 1535 4396 ᾍδης.
1570 4323 1704 4396 Hinc
1753 4337 1836 4381 est
1934 4344 2056 4396 quae
2082 4328 2405 4384 creberrime
2428 4322 2857 4393 contemplantur
2875 4363 2888 4387 ,
2917 4322 3317 4393 exspectatione
3343 4326 3490 4383 dele-

276 4394 422 4463 quod
440 4392 895 4467 _sinu_m_zlbra_h_:e
920 4403 969 4447 et
987 4393 1311 4467 paradisum
1344 4392 1562 4463 quidam
1595 4395 1827 4467 co_lloca-
1863 4452 1906 4467 ﬁ
1934 4392 2112 4452 elati.)
2144 4398 2265 4452 Mox
2298 4397 2449 4467 ibid.,
2481 4392 2740 4467 βελτίόνα.
2774 4464 2775 4467 η

276 4452 403 4538 runt
436 4463 497 4515 ἐν
535 4462 610 4532 τῷ
791 4452 1207 4538 Qiympibdorus
1241 4452 1488 4538 incaput
1517 4480 1587 4538 tu
1642 4464 1830 4520 Eccle-

2007 4469 2118 4538 (49)
2157 4452 2448 4535 [Iatépwr'
2466 4452 2707 4538 δικαίων
2754 4464 2839 4538 τε-
2872 4467 3150 4533 ὁρωμένη.
3206 4464 3485 4531 Parallel.,

276 4481 403 4516 runt
436 4481 497 4515 εν
535 4481 610 4532 τῳ
642 4481 726 4533 go.
752 4508 763 4518 .
791 4481 1201 4534 Utymplouorus
1241 4481 1293 4517 tn
1327 4481 1488 4532 caput
1528 4481 1587 4518 tu
1642 4481 1830 4520 tacete-

276 4481 781 4609 siastzg,pag._i5_21:
824 4534 1004 4609 'H_;.té_v
1038 4532 1243 4609 ἱστορία
1273 4534 1709 4609 τὸνμπαράδεισον
1741 4538 1832 4609 ἐπὶ

2007 4481 2118 4538 (49)
2157 4481 2430 4535 llatepm-
2466 4481 2707 4519 οἰκαιων
2754 4481 2816 4517 τε
2872 4481 3150 4533 ορωμενη.
3206 4481 3485 4531 ιάναιιει..

1958 4540 2185 4609 πατέρων
2219 4536 2733 4609 δικαίωνᾼόρωμένη.
2773 4553 2790 4584 ι
2814 4533 3089 4589 Justorum
3120 4545 3330 4605 patrum
3359 4554 3489 4593 con-

312 4604 378 4673 ἦς
408 4600 547 4681 εἶναι
576 4600 833 4681 διδάσκει.
872 4600 1035 4681 Τινὲς.
1056 4603 1112 4655 δὲ
1144 4600 1350 4681 ἔφησαν
1373 4600 1631 4681 argute
1653 4607 1832 4681 παρά-

1958 4600 2113 4681 pectit
2152 4609 2318 4661 facies
2349 4600 2594 4681 undique
2614 4600 2768 4659 ridet.
2800 4624 2818 4657 ι

335 4690 454 4770 ισοξ
500 4675 558 4727 ἐν
603 4673 680 4770 τῷ
723 4674 824 4760 ᾄδῃ
870 4673 1157 4770 τυγχάνει·
1202 4673 1514 4770 ᾕέροιίδέ
1560 4673 1832 4770 ἐδοξειτὸν
1935 4673 3495 4770 ν’.(50)“ἍηθελοιἿιῇάπέμξονταιὀνειδίζονξεςΡιέςςίίη

273 4743 599 4816 παράδεισον
642 4746 699 4795 ἐν
745 4743 1159 4815 cepaticum.
1208 4743 1345 4810 Quin
1389 4754 1441 4797 et
1487 4744 1537 4796 in
1588 4745 1831 4799 oratione

274 4813 559 4885 Qnminica
592 4816 793 4885 precati
835 4823 960 4868 sunt
988 4813 1659 4885 macedonesChristiani.
1697 4824 1832 4870 teste

1958 4743 2591 4818 Αγγελοι’ἐπιγελῶντες
2647 4745 3074 4815 διαπέμπονται,
3136 4743 3486 4812 ἐπονειδίζονέ

1958 4838 2043 4884 ἐς.
2094 4840 2111 4871 ι
2140 4818 2287 4885 Quos
2328 4818 2583 4885 prazsides
2634 4816 2804 4884 angeli
2856 4818 3129 4871 irridendo
3172 4819 3482 4879 dimittunt,

273 4883 517 4960 ﬂuvione.
533 4883 882 4960 [irughtonoj
917 4884 1101 4960 Πατὴρ
1132 4885 1289 4960 ἡμῶν
1314 4884 1341 4934 ὁ
1366 4885 1428 4960 ,ἐν
1459 4883 1579 4960 ἀδη.
1610 4882 1826 4940 FABRIC.

1958 4882 2131 4960 osque
2160 4882 2583 4960 exprobrantes,
2609 4882 2725 4940 etc.'
2748 4906 2765 4937 ι
2817 4886 2938 4941 Mox
2970 4888 3156 4941 eadem
3186 4886 3482 4955 Parallela,

490 4946 564 5029 Ὦ
596 4940 702 5029 κᾶὶ-
725 4958 775 5007 οί
803 4954 1010 5029 ἄδικοί.
1050 4940 1327 5017 parat/21.,
1350 4952 1423 5015 ὡς
1526 4940 1738 5029 δίκαιοι.
1787 5026 1797 5029 _
1930 4940 2421 5029 κάτῗῦτερα
2459 4940 2619 5029 μέρη.

365 5024 457 5093 45)
496 5025 856 5090 Διελθόντες.
907 5042 925 5074 ι
954 5023 1315 5079 Transeuntes
1348 5040 1366 5074 ι
1412 5026 1586 5079 reddit
1640 5024 1829 5079 Fabri-

1993 5023 2111 5099 (51)
2156 5030 2271 5095 Οὓς
2301 5023 2648 5099 ἀπἰομένριῖς.
2698 5028 2787 5099 Sic
2832 5026 2996 5099 codex
3043 5024 3393 5095 Rupcfueald.
3428 5028 3480 5081 in

271 5094 427 5167 cius:
504 5166 525 5167 η
734 5163 746 5167 Δ
929 5164 941 5167 Α
1039 5162 1085 5167 ,Α
1253 5160 1280 5167 Δ
1412 5164 1422 5167 Α
1798 5166 1801 5167 ν

1958 5094 2213 5154 ἀ’ναίιείίδ
2244 5094 2488 5153 Damasc.
2521 5098 2683 5161 Editi,
2716 5098 2779 5161 ἃς
2809 5096 3099 5167 ἀγομένας.

344 5164 455 5234 (46)
500 5163 870 5233 Τετατμένων
909 5162 1194 5234 ἀγγέλων.
1240 5160 1549 5218 Constituit.
1602 5166 1825 5233 apostol.

270 5232 495 5306 lib§_vm
519 5273 533 5296 ,
553 5249 682 5306 _cap.
712 5234 774 5306 41
802 5232 1147 5306 ιμ’Δγγέλους
1189 5235 1436 5306 εὐμενεῖς
1481 5232 1827 5306 παράστησον

270 5303 448 5373 αὐτῷ,
479 5303 576 5375 καὶ
609 5302 906 5375 κατάταξον
934 5302 1093 5375 αὐτὸν
1131 5306 1188 5356 ἐν
1238 5302 1315 5375 τῷ
1362 5302 1689 5375 κόλπῳτῶν
1720 5302 1825 5358 πα·-

268 5372 542 5444 τριαρχῶν
561 5375 669 5446 *καὶ
696 5374 802 5426 τῶν
836 5374 1127 5446 προφητῶν
1154 5376 1245 5427 καὶ
1271 5372 1376 5427 τῶν
1399 5372 1703 5428 ἀποστόλων
1732 5376 1825 5429 καὶ

270 5442 490 5517 πάντων
518 5442 757 5517 τῶν-ἀπ’
786 5442 977 5517 αἰῶνός
1007 5442 1100 5498 ’σοι
1126 5446 1617 5517 εὐαρεστησάντων.
1660 5464 1677 5496 ι
1711 5446 1824 5517 An-

272 5516 419 5584 gelos
444 5514 493 5568 ei
519 5514 713 5569 exhibe
744 5516 1015 5584 placidos,
1062 5514 1295 5585 eumque
1339 5514 1538 5570 celloca
1594 5517 1647 5568 in
1699 5516 1819 5569 sinu

272 5585 700 5654 patriarcharum
722 5624 737 5647 ,
790 5585 1175 5655 prophetarum
1196 5626 1211 5649 ,
1251 5586 1617 5655 apostolorum
1641 5626 1655 5648 ,
1700 5600 1822 5655 om-

272 5656 529 5724 niumque
568 5655 659 5722 qui
683 5654 839 5709 tibia
895 5657 1093 5711 saeculo
1139 5657 1473 5724 placuerunt.
1511 5674 1529 5706 ι
1573 5654 1702 5709 Vide
1748 5654 1821 5708 ibi

270 5723 621 5792 Cotelerium,
641 5737 694 5780 et
724 5726 1038 5795 interpretes
1069 5723 1146 5781 ad
1163 5725 1319 5781 Luca:
1338 5742 1447 5794 im,
1473 5726 1563 5796 29.,
1592 5741 1689 5782 nec
1713 5740 1820 5779 non

1999 5173 2111 5239 (5Q)
2149 5172 2444 5239 Ἕττιον...
2478 5170 2873 5222 ὑπακούουσι.
2916 5165 3145 5231 I’arull.,
3174 5165 3479 5234 ἐγγίονες...

1926 5242 2269 5295 ἐπακούουσι.

1998 5313 2112 5382 (55)
2154 5308 2660 5382 ξΥπερὸατλΙᾼόν-τως
2688 5308 2846 5382 θέαν..
2896 5304 3172 5382 Ραναιιείη
3208 5308 3479 5382 ὐπερόαλ-

1925 5377 2118 5444 λόντως
2152 5379 2347 5449 ξανθὴν
2383 5378 2527 5429 θέαν.
2568 5400 2586 5431 ι
2617 5378 2903 5431 lmmodice
2942 5377 3136 5429 ﬂavum
3177 5393 3270 5431 seu
3296 5378 3479 5434 rufum

1925 5452 2311 5519 spectaculum.
2346 5469 2363 5519 ε

1996 5522 2107 5589 (54)
2148 5520 2253 5573 Καὶ
2300 5515 2371 5575 οὗ
2420 5519 2543 5572 τόν.
2582 5516 2861 5589 Parqllel.,
2911 5520 3003 5573 καὶ
3035 5512 3179 5573 οῦτοι
3235 5518 3325 5585 τὸν
3367 5519 3478 5575 τῶν

1922 5588 2141 5644 δικαίων
2170 5589 2367 5662 χῶρον.
2401 5608 2457 5662 κ.
2484 5606 2531 5643 τ.
2559 5590 2608 5642 λ.
2658 5607 2677 5638 ι
2706 5588 2809 5662 Sed
2838 5604 2935 5645 nec
2968 5589 3041 5645 illi
3082 5590 3353 5662 justorum
3387 5607 3477 5647 re-

1922 5657 2211 5732 gionemﬁi
2256 5657 2395 5725 Mox,
2432 5661 2506 5723 ὼς
2545 5662 2678 5731 μήτε
2710 5657 2815 5713 δίκ.
