3860 6200
453 292 557 345 ’799

1113 296 1170 351 8.
1211 295 1572 351 lilPPOLYTl
1612 297 1758 353 OPP.
1799 299 1980 356 PARS
2020 298 2082 355 ll.
2120 333 2187 342 —
2217 301 2516 358 EOGMAT.
2558 303 2646 358 ET
2685 301 3022 360 HISTORIC.

3557 309 3680 362 800

452 406 636 461 vident
673 417 883 479 patrum
911 412 1135 468 chorum
1170 413 1302 485 (54⁸)
1340 430 1440 471 nec
1463 416 1660 487 justos,
1688 425 1744 471 et
1774 417 1876 471 hoc
1901 416 1998 486 ips¢

2118 416 2203 468 ἐπ’
2251 417 2398 489 αύτῷ
2439 421 2612 492 τούτῳ
2662 422 3030 494 κολαζόμενοι.
3076 421 3217 484 Χάος
3246 420 3356 492 γὰρ
3402 419 3528 491 βαθὺ
3574 422 3685 473 καὶ

450 507 790 567 torquentur.
809 501 945 556 Nam
979 503 1033 557 in
1065 505 1242 559 medio
1271 506 1437 564 chaos
1455 522 1704 578 magnum
1722 514 1775 561 et
1791 506 2014 576 profun-

450 589 582 643 dum
614 593 926 648 extenditur
970 607 1023 662 et
1051 596 1298 652 ﬁrmatur
1317 598 1384 664 “,
1432 599 1566 654 adeo
1607 608 1667 654 ut
1719 600 1901 654 nullus
1942 599 2014 654 sit

448 697 516 735 ex
534 681 700 751 juSIis
730 684 1102 742 misericordia
1118 689 1314 745 ductus
1329 691 1420 760 qui
1455 691 1891 746 illuctransireet
1913 706 2011 745 ex-

449 775 558 844 cipi
583 777 788 844 possit;
816 795 914 833 nec
951 780 1094 836 ullus
1113 782 1350 851 injustus
1365 781 1460 853 qui
1495 784 1692 838 audeat
1716 783 2007 854 praeterire.

520 865 582 921 ll.
623 867 688 922 Et
721 870 835 926 haec
876 871 942 926 de
969 871 1105 926 hade
1136 873 1364 928 dicenda
1403 884 1578 939 erant,
1617 875 1669 928 in
1701 889 1810 943 quo
1839 873 2013 927 conti-

451 968 650 1013 nentur
674 963 918 1017 omnium
947 964 1162 1030 anima},
1184 980 1357 1034 usque
1377 966 1443 1020 ad
1472 975 1684 1035 tempus
1701 964 1846 1034 quod
1871 963 2011 1019 Deus

447 1049 864 1118 determinavit,
896 1063 1024 1109 tunc
1067 1055 1310 1109 omnium
1350 1057 1796 1111 resurrectionem
1834 1054 2010 1110 factu-

448 1155 565 1208 rus,
590 1159 697 1198 non
734 1146 946 1200 animas
967 1161 1034 1201 ex
1063 1162 1290 1217 corpore
1319 1147 1374 1202 in
1415 1164 1614 1219 corpus
1649 1148 1795 1202 aliud
1827 1147 2011 1202 detru-

446 1235 645 1299 dendo,
685 1237 778 1290 sed
822 1237 1011 1291 eadem
1049 1237 1164 1307 ipsa
1201 1254 1428 1308 corpora
1477 1240 1672 1294 iterum
1699 1239 2007 1295 excitando.

447 1327 579 1392 Quae
599 1327 863 1382 dissoluta
886 1329 1148 1396 videntes,
1179 1331 1222 1385 si
1251 1330 1406 1386 iidem
1433 1331 1730 1401 denegatis,
1761 1346 1795 1385 ο
1815 1329 2008 1398 Graeci,

445 1419 638 1473 discite
671 1433 776 1472 non
809 1435 929 1474 esse
955 1420 1238 1476 increduli.
1264 1423 1514 1476 Animam
1543 1423 1688 1476 enim
1729 1422 2011 1478 credentes

447 1508 667 1575 factam,
701 1519 753 1564 et
788 1512 1144 1568 immortalem
1177 1529 1207 1567 a
1237 1513 1346 1568 Deo
1376 1514 1674 1577 conditam,
1710 1513 2008 1568 secundum

445 1601 766 1654 sententiam
796 1601 1056 1668 Platonis,
1093 1605 1147 1658 in
1186 1615 1463 1674 tempore;
1510 1621 1617 1660 non
1654 1606 1861 1660 debetis
1900 1621 2010 1660 non

445 1689 688 1755 credere,
730 1693 874 1761 quod
918 1692 1059 1748 Deus
1101 1705 1294 1763 potens
1334 1703 1418 1750 est
1459 1711 1658 1764 corpus
1703 1711 1768 1751 ex
1818 1697 2008 1751 iisdem

2117 509 2260 579 μέγα
2284 509 2386 564 ἀνὰ
2419 511 2582 583 μέσον
2617 515 2954 585 ἐστήρικται,
2989 513 3125 566 ὥστε
3171 512 3244 584 μὴ
3289 511 3493 566 δίκαιον
3540 528 3686 582 συμ-

2112 601 2432 674 παθήσαντα
2466 606 2893 678 προσδέξασθαι,
2931 607 3067 678 μήτε
3109 605 3290 661 ἄδικον
3336 604 3686 676 τολμήσαντα

2110 694 2352 749 διελθεῖν.

2181 862 2350 932 υῦτος
2389 870 2417 922 ὁ
2449 871 2576 941 περὶ
2608 871 2735 942 ᾅδου
2777 871 2960 940 λόγος,
2995 873 3054 924 ὲν
3093 863 3137 938 ᾧ
3165 870 3221 923 αἱ
3252 869 3421 940 ψυχαὶ
3459 870 3688 924 πάντων

2112 959 2459 1030 κατέχονται,
2493 962 2620 1034 ἄχρι
2669 961 2861 1033 καιροῦ
2914 961 2972 1016 ὃν
3024 964 3053 1015 ὁ
3093 960 3222 1025 Θεὸς
3278 961 3497 1032 ὥρισεν,
3549 961 3688 1014 ἀνά-

2114 1069 2300 1106 στασιν
2341 1054 2460 1106 τότε
2502 1055 2716 1108 πάντων
2760 1054 3144 1125 ποιησόμενος,
3177 1054 3237 1106 ού
3281 1052 3458 1122 ψυχάς
3492 1069 3690 1123 μετενο

2113 1145 2378 1214 σωματῶν
2425 1145 2535 1217 (55)
2556 1185 2570 1209 ,
2619 1145 2732 1199 ἀλλ’
2764 1145 2902 1199 αύτὰ
2947 1145 3017 1199 τά
3050 1144 3274 1215 σώματα
3318 1144 3571 1198 άνιστῶν.
3615 1145 3690 1196 ⁰Δ

2111 1236 2375 1308 λελυμένα
2423 1237 2654 1310 ὁρῶντες
2714 1240 2764 1290 εί
2809 1239 3084 1292 ἀπιστεῖτε
3129 1236 3284 1307 (56),
3346 1236 3546 1306 μάθετε
3605 1235 3688 1306 μὴ

2110 1329 2378 1383 άπιστεῖν.
2413 1328 2523 1400 Τὴν
2553 1329 2661 1400 γὰρ
2687 1329 2862 1400 ψυχὴν
2891 1329 3122 1400 γενητὴν
3153 1329 3248 1384 καλΙ
3277 1327 3540 1382 ἀθάνατον
3573 1328 3690 1380 ὑπὸ

2111 1419 2246 1474 Θεοῦ
2279 1419 2558 1488 γεγονέναι
2593 1420 2981 1484 πιστεύσαντες
3003 1459 3016 1484 ,
3068 1419 3206 1473 κατὰ
3254 1418 3344 1473 τὸν
3390 1419 3689 1482 Πλάτωνος

2111 1513 2264 1582 λόγον
2291 1512 2424 1583 (57),
2456 1512 2629 1583 χρόνῳ
2647 1529 2661 1542 ο
2703 1511 2776 1584 μὴ
2802 1513 3158 1584 ἀπιστήσητε,
3187 1511 3263 1575 ὡς
3294 1513 3388 1564 καὶ
3415 1511 3477 1564 τὸ
3513 1511 3690 1581 σῶμα

2110 1603 2174 1657 ὲκ
2205 1603 2313 1657 τῶν
2341 1603 2520 1657 αὐτῶν
2551 1604 2828 1673 στοιχείων
2858 1602 3107 1656 σύνθετον
3133 1603 3419 1672 γενόμενον
3450 1602 3687 1666 δυνατὸς

2111 1696 2138 1748 ὁ
2167 1694 2297 1758 Θεὸς
2327 1693 2634 1758 ἀναϐιώσας
2673 1694 2938 1749 ἀθάνατον
2985 1696 3162 1749 ποιεῖν
3205 1693 3335 1765 (58).
3368 1695 3442 1747 Οὐ
3479 1694 3540 1747 τὸ
3580 1694 3690 1762 μὲν

442 1780 726 1836 elementis
757 1785 1116 1852 compositum
1146 1795 1198 1840 et
1223 1784 1447 1850 factum,
1485 1787 1551 1840 ad
1582 1788 1745 1841 vitam
1770 1787 1902 1842 illud
1925 1803 1998 1842 re-

2111 1787 2348 1851 δυνατὸς,
2374 1787 2435 1840 τὸ
2454 1787 2509 1840 δὲ
2533 1787 2811 1850 ἀδύνατος,
2839 1785 3131 1858 ῥηθήσεται
3159 1787 3284 1858 περὶ
3305 1785 3464 1841 Θεοῦ.
3482 1785 3690 1856 Ἡμεῖς

443 1887 667 1938 vocans,
714 1875 1019 1931 immortale
1069 1878 1314 1933 reddere.
1367 1878 1498 1933 lllud
1545 1880 1688 1934 enim
1729 1881 2005 1950 possibile,

444 1963 546 2017 hoc
570 1979 698 2019 vero
729 1965 1080 2034 impossibile,
1115 1983 1222 2022 non
1249 1969 1459 2025 dicetur
1487 1971 1554 2026 de
1584 1971 1715 2026 Deo.
1748 1971 1860 2028 Nos
1879 1989 2008 2042 ergo

442 2055 716 2110 credimus
759 2066 813 2110 et
852 2073 1048 2127 corpus
1091 2071 1544 2116 resurrecturum.
1605 2060 1664 2117 Si
1703 2063 1846 2118 enim
1887 2079 2010 2118 cor-

444 2148 733 2214 rumpitur,
777 2164 882 2202 non
920 2151 1144 2206 omnino
1191 2154 1461 2222 perditur;
1504 2164 1646 2209 terra
1686 2155 1831 2210 enim
1871 2155 2008 2210 reci-

443 2238 596 2306 piens
644 2239 792 2294 illius
827 2242 1104 2312 reliquias,
1151 2245 1272 2301 illas
1314 2256 1523 2315 servat;
1564 2257 1619 2302 et
1664 2247 2008 2304 eorescunt

443 2329 599 2386 factae
621 2333 794 2387 instar
828 2336 1054 2390 seminis
1082 2347 1135 2392 et
1169 2346 1324 2394 terra:
1365 2340 1676 2411 pinguedini
1718 2340 2005 2410 implicatae

439 2435 495 2478 ct
524 2425 811 2482 immersae.
842 2428 906 2482 Et
933 2430 1254 2486 seminatum
1281 2433 1498 2503 quidem
1522 2449 1769 2504 granum,
1794 2434 2002 2488 nudum

442 2517 779 2586 seminatur;
808 2521 873 2574 ad
904 2521 1188 2591 imperium
1223 2540 1350 2580 vero
1376 2525 1468 2580 Dei
1493 2527 1756 2582 creatoris
1777 2527 1998 2591 llorens,

443 2607 691 2663 indutum
720 2619 773 2665 et
801 2612 1096 2682 gloriosum
1121 2618 1382 2687 exsurgit,
1413 2633 1518 2672 non
1563 2627 1849 2688 antequam
1883 2631 2003 2671 mo-

441 2699 588 2755 riens
623 2702 950 2759 dissolvatur
985 2715 1040 2760 et
1083 2716 1238 2762 terra:
1273 2710 1710 2764 commisceatur.
1755 2710 1904 2764 Adeo
1944 2719 2003 2764 ut

442 2807 551 2846 non
574 2809 710 2848 vane
739 2796 1023 2852 credamus
1053 2800 1499 2856 resurrectionem
1529 2816 1838 2871 corporum.
1865 2799 1998 2855 Nam

441 2883 656 2938 etiamsi
686 2885 752 2939 ad
785 2894 998 2957 tempus
1025 2891 1270 2945 solvatur
1290 2905 1506 2960 corpus,
1529 2900 1748 2961 propter
1769 2891 1997 2961 primam

442 2976 511 3030 ab
539 2976 690 3032 initio
721 2981 1206 3048 transgressionem
1240 2992 1631 3052 perpetratam;
1658 2993 1913 3052 tanquam
1943 2983 1997 3037 in

439 3069 755 3125 conﬂatorio
792 3081 947 3127 terra:
982 3073 1285 3140 mandatur,
1329 3091 1544 3130 rursum
1585 3075 1874 3144 aliquando
1914 3090 2000 3129 re-
2025 3114 2068 3175 c

437 3161 782 3218 formandum
809 3183 821 3218 :
851 3181 958 3220 non
991 3168 1096 3222 tale
1127 3168 1288 3237 quale
1327 3181 1492 3230 nunc,
1537 3173 1992 3231 resurrecturum,

437 3255 529 3308 sed
559 3271 752 3323 purum
792 3265 846 3310 et
889 3272 994 3311 non
1039 3257 1271 3327 amplius
1297 3256 1630 3326 corruptioni
1675 3255 1992 3310 obnoxium.

435 3343 501 3400 Et
524 3347 743 3401 cuilibet
783 3349 996 3417 corpori
1032 3363 1130 3403 sua
1161 3349 1372 3419 pr0pria
1413 3350 1591 3402 anima
1623 3347 1907 3413 reddetur;
1943 3355 1998 3402 et

435 3434 529 3488 illo
569 3437 776 3504 induta,
826 3454 932 3492 non
987 3454 1216 3494 mmrore
1252 3447 1566 3502 marcescet,
1599 3438 1690 3492 sed
1734 3452 1857 3492 cum
1904 3437 1997 3490 illo

435 3528 718 3596 gaudebit,
775 3545 909 3598 pura
958 3546 1152 3599 purum
1202 3531 1533 3586 inhabitans.
1585 3528 1686 3585 Cui
1744 3544 1890 3583 nunc
1940 3529 1995 3582 in

433 3616 638 3670 mundo
661 3617 806 3686 juste
835 3633 1019 3674 eomes
1049 3618 1213 3687 facta,
1244 3629 1298 3675 et
1322 3637 1430 3674 non
1471 3620 1673 3675 habens
1705 3620 1760 3673 in
1790 3618 1896 3672 ulla
1934 3633 1994 3672 re

434 3708 584 3761 illum
625 3710 1022 3774 insidiatorem,
1055 3711 1160 3767 hoc
1182 3729 1372 3768 rursus
1406 3715 1636 3784 accipiet
1675 3729 1801 3768 cum
1842 3712 1991 3766 omni

432 3799 650 3868 gaudio.
668 3801 860 3871 lnjusti
879 3819 1005 3857 vero
1020 3819 1124 3859 non
1144 3805 1423 3860 immutata
1443 3815 1720 3862 assument
1741 3819 1989 3874 corpora,

432 3907 531 3946 nec
567 3893 788 3948 liberata
818 3896 1098 3952 aﬂ‘ectibus
1135 3907 1189 3954 et
1231 3901 1455 3963 morbis,
1486 3915 1660 3968 neque
1700 3898 1789 3953 illa
1830 3895 1991 3967 glori-

2108 1873 2199 1932 οὗν
2245 1879 2336 1932 καὶ
2380 1879 2538 1949 σῶμα
2583 1878 2897 1932 ἀνίστασθαι
2947 1878 3404 1949 πεπιστεύκαμεν.
3450 1879 3515 1931 Ei
3571 1878 3690 1948 γὰρ

2109 1970 2422 2041 φθείρεται,
2473 1971 2585 2024 ἀλλ’
2653 1972 2754 2024 ούκ
2812 1971 3138 2024 ἀπόλλυταιο
3203 1971 3390 2024 τούτου
3443 1971 3558 2042 γὰρ
3617 1971 3688 2024 τὰ

2107 2058 2331 2129 λείψανα
2368 2059 2734 2129 ὑποδεχομένη
2765 2062 2797 2130 ή
2832 2060 2924 2131 γῆ,
2949 2064 3132 2131 τηρεῖο
3169 2060 3261 2114 καὶ
3283 2060 3439 2130 δίκην
3473 2061 3685 2130 σπόρου

2105 2151 2404 2221 γενόμενα,
2447 2151 2540 2204 καὶ
2576 2149 2654 2221 τῷ
2695 2151 2799 2221 γῆς
2831 2151 3185 2223 λιπαρωτὲρῳ
3231 2152 3684 2222 συμπλεκόμενα,

2105 2241 2273 2296 ἀνθεῖ.
2301 2243 2409 2295 Καὶ
2445 2241 2506 2294 τὸ
2537 2243 2634 2312 μὲν
2656 2244 2860 2314 σπαρὲν
2893 2244 3088 2308 κόκκος
3131 2244 3333 2315 γυμνὸς
3365 2244 3682 2314 σπείρεται,

2104 2334 2430 2404 κελεύσματι
2454 2333 2562 2404 (59)
2587 2334 2642 2387 δὲ
2662 2334 2753 2387 τοῦ
2782 2335 3278 2407 δημιουργήσαντος
3304 2337 3439 2389 Θεοῦ
3465 2337 3685 2389 erilium

2103 2426 2468 2496 ήμφιεσμὲνος
2499 2425 2592 2479 καὶ
2639 2425 2844 2491 ἔνδοξος
2874 2427 3178 2498 ἐγείρεται,
3215 2427 3274 2480 οὐ
3306 2429 3600 2500 πρότερον,
3637 2431 3685 2480 εἰ

2105 2522 2180 2594 μὴ
2234 2521 2516 2576 ἀποθανὼν
2559 2521 2691 2594 λυθῇ
2743 2523 2836 2576 καὶ
2875 2525 3144 2595 συμμιγῇ.
3182 2523 3339 2574 Ὥστε
3391 2522 3494 2594 τὴν
3543 2524 3686 2576 άνάο

2104 2629 2291 2666 στασιν
2313 2612 2407 2666 τοῦ
2439 2611 2688 2684 σώματος
2715 2614 2776 2666 ού
2812 2613 2985 2684 μάτην
3016 2612 3479 2683 πεπιστεύκαμεν.
3531 2613 3684 2665 Ἀλλ’

2103 2708 2150 2760 εί
2183 2707 2275 2760 καὶ
2304 2705 2484 2758 λύεται
2517 2705 2652 2777 πρὸς
2682 2705 2889 2776 καιρὸν,
2918 2704 3006 2758 διὰ
3032 2705 3130 2776 τὴν
3168 2707 3261 2759 ἀπ’
3291 2704 3466 2776 ἀρχὴς
3510 2721 3684 2772 γενο-

2106 2798 2272 2869 μένην
2299 2798 2600 2868 παρακοήν,
2627 2797 2701 2860 ὼς
2729 2798 2808 2858 είς
2837 2797 3217 2868 χωνευτήριον,
3258 2797 3338 2858 είς
3367 2795 3474 2865 γῆν
3512 2795 3683 2848 καθί-

2103 2906 2313 2952 σταται,
2348 2890 2508 2942 πάλιν
2551 2887 3126 2960 ἁναπλασθησόμενον·
3169 2889 3229 2941 ού
3270 2887 3508 2941 τοιοῦτον
3559 2890 3686 2942 ἀνι-

2102 2980 2398 3050 στάμενον,
2444 2979 2580 3034 ἀλλὰ
2617 2979 2853 3051 καθαρὸν
2897 2981 2990 3034 καὶ
3049 2981 3243 3051 μηκέτι
3286 2979 3680 3051 φθειρόμενον-

2101 3070 2211 3124 Καὶ
2251 3071 2465 3140 ἑκάστῳ
2494 3068 2703 3141 σώματι
2736 3071 2769 3140 ή
2807 3069 2910 3124 ἰδία
2933 3069 3077 3140 ψυχή
3105 3069 3495 3140 ἀποδοθήσεται
3514 3108 3532 3132 ,
3580 3070 3684 3122 καὶ

2100 3162 2256 3218 τοῦτο
2296 3161 2699 3232 ὲπενδυσαμένη
2731 3162 2830 3216 ούκ
2873 3162 3249 3233 ὰνιαθήσεται,
3287 3161 3424 3216 ἀλλὰ
3465 3179 3685 3232 συγχα-

2103 3257 2327 3329 ρήσεται
2383 3253 2597 3326 καθαρὰ
2652 3253 2877 3326 καθαρῷ
2925 3254 3337 3326 παραμείνασα·
3377 3247 3423 3320 ᾧ
3481 3255 3541 3306 ὲν
3593 3254 3681 3324 τῷ

2100 3347 2288 3418 κόσμῳ
2314 3346 2408 3400 νῦν
2434 3346 2655 3409 δικαίως
2701 3345 3087 3412 συνοδεύσασα,
3129 3346 3223 3400 καὶ
3257 3345 3330 3418 μὴ
3380 3345 3677 3398 ἐπίϐουλον

2101 3437 2158 3490 ὲν
2185 3438 2348 3490 πᾶσιν
2377 3435 2602 3508 ἔχουσα,
2650 3436 2786 3507 μετὰ
2827 3437 3005 3507 πάσης
3050 3436 3418 3506 ἀγαλλιάσεως
3460 3437 3678 3509 ἀπολή-

2099 3528 2279 3597 ψεται.
2325 3529 2387 3582 Ol
2439 3528 2496 3582 δὲ
2542 3527 2714 3582 ἄδικοι
2767 3529 2866 3582 ούκ
2911 3528 3263 3583 άλλοιωθέντα
3313 3528 3380 3582 τὰ
3412 3527 3668 3599 σώματα,

2098 3617 2219 3671 οὐδὲ
2251 3617 2453 3682 πάθους
2482 3617 2516 3689 ἦ
2560 3617 2713 3671 νόσου
2750 3617 3105 3688 μεταστάντα,
3131 3619 3253 3672 οὐδὲ
3282 3619 3673 3684 ὲνδοξασθέντσ.

2098 3709 2481 3780 ἀπολήψονται,
2514 3709 2626 3774 ἀλλ’
2667 3711 2724 3762 ὲν
2755 3704 2836 3773 οἷς
2875 3711 3172 3782 νοσήμασιν
3204 3711 3528 3764 ἐτελεύτων·
3570 3714 3671 3766 καὶ

2095 3803 2268 3856 ὁποῖοι
2301 3803 2360 3855 ὲν
2403 3802 2631 3873 ἀπιστίᾳ
2655 3800 3007 3872 γεγένηνται,
3037 3801 3265 3857 τοιοῦτοι
3307 3803 3513 3868 πιστῶς
3545 3822 3670 3876 κρι-

2098 3893 2372 3966 θήσονται.

431 3983 587 4038 ﬁcata
620 3986 914 4055 accipient;
960 3989 1052 4044 sed
1084 3991 1137 4044 in
1173 3989 1239 4046 iis
1286 3992 1483 4061 quibus
1538 3991 1796 4046 ﬁnierunt
1827 3991 1991 4044 vitam
2046 3986 2368 4041 tnorbiszet
2397 3985 2583 4056 quales
2628 3985 2698 4055 [in
2752 3986 3126 4042 incredulitate
3191 3987 3477 4054 vixerunt,
3526 3991 3670 4046 tales

428 4085 574 4130 certe
598 4077 1006 4143 judicabuntur.

501 4167 586 4221 Ill.
621 4169 822 4224 Omnes
864 4173 1030 4235 enim,
1073 4172 1363 4241 sivejusti,
1399 4172 1510 4226 sive
1539 4171 1747 4240 injusti,
1779 4172 1984 4226 (lucen-

429 4267 518 4312 tur
543 4275 724 4314 coram
772 4261 880 4315 Deo
914 4261 1111 4316 Verbo.
1154 4261 1232 4316 Illi
1276 4263 1419 4317 enim
1465 4262 1623 4316 Pater
1651 4279 1812 4318 omne
1841 4263 1989 4332 judi-

429 4352 575 4405 cium
620 4352 856 4407 dcdit".
895 4353 959 4407 Et
1000 4355 1086 4409 ille
1122 4356 1451 4409 voluntatem
1495 4354 1674 4410 Patris
1721 4355 1986 4424 implens,

421 4445 590 4515 jutlex
635 4446 914 4512 adveniet;
964 4449 1070 4511 ille,
1109 4448 1352 4517 inquam,
1391 4464 1550 4517 quem
1586 4464 1684 4504 nos
1711 4449 1988 4503 Christum

425 4550 705 4589 vocamus.
755 4535 939 4606 Neque
991 4540 1134 4592 enim
1187 4539 1359 4595 Minos
1415 4551 1506 4595 aut
1547 4539 1990 4597 Rhadamanthus

426 4640 564 4693 quos
619 4641 714 4680 vos
759 4628 978 4695 lingitis,
1024 4628 1216 4693 Graeci,
1266 4630 1479 4699 judices
1527 4640 1714 4696 erunt;
1757 4630 1852 4685 sed
1900 4630 1989 4685 ille

425 4731 584 4784 quem
621 4716 766 4772 Deus
795 4728 848 4773 et
870 4718 1027 4774 Pater
1060 4721 1397 4791 gloriﬁcavit,
1433 4724 1499 4778 de
1525 4739 1633 4793 quo
1671 4723 1797 4777 alibi
1824 4723 1989 4792 parti-

424 4805 645 4861 culatim
696 4808 1077 4875 disseruimus,
1131 4811 1183 4864 in
1220 4814 1448 4882 gratiam
1493 4830 1684 4868 eorum
1717 4813 1808 4884 qui
1849 4827 1990 4883 qua:-

495 4961 542 4994 "
579 4961 710 5017 Luc.
747 4977 857 5026 xw,
891 4961 980 5016 26.
1056 4965 1101 4996 ’⁸
1129 4964 1286 5018 Joan.
1327 4982 1380 5033 ν,
1411 4967 1501 5020 22.

496 5098 628 5174 (55°)
658 5099 709 5174 ln
744 5098 932 5174 Graeco
983 5099 1180 5174 χῷρον,
1216 5101 1494 5174 regionem.
1544 5103 1821 5174 lnterpret.
1859 5105 1987 5173 legit

423 5169 772 5250 cognatos
812 5169 1184 5250 τὸν.,.“χόρον.
1213 5172 1378 5250 ’βο-ιτ.
1421 5175 1658 5228 ΡΑτιιοι..

497 5240 608 5307 (55)
658 5240 1154 5312 Μετενσωμιιτῶν.
1213 5241 1403 5310 Rejieit
1448 5255 1636 5298 auctor
1677 5245 1870 5312 dogma
1918 5244 1984 5300 de

425 5311 902 5432 Fetempsychmi,
951 5326 981 5364 a
1030 5311 1252 5367 Platone
1301 5315 1529 5384 aliisque
1565 5311 1980 5384 propugnatum.

469 5396 641 5432 ABRIC.

469 5396 641 5435 Αωιις.

497 5451 608 5516 (56)
653 5449 948 5518 Ὁρῶν-τες,
977 5454 1029 5506 εἰ
1056 5452 1376 5507 ἀπιστεῖτε.
1413 5453 1503 5509 Sic
1535 5455 1711 5509 lorum
1743 5455 1982 5510 restitui-

426 5535 640 5595 mus_ex
673 5519 976 5595 Parullelis.
1014 5525 1139 5595 Alii,
1170 5523 1402 5595 ὁρῶντες
1433 5525 1731 5580 ἀπιστεῖτε.

497 5589 804 5664 (57)](ατὰ
845 5593 950 5648 τὸν
989 5589 1304 5662 Πλάτωὶυς
1342 5596 1543 5664 λόγον.
1584 5595 1736 5651 Plato
1782 5597 1834 5650 in
1887 5595 1978 5652 Ti-

425 5674 574 5710 ncam.
609 5654 834 5714 FABRIC.

497 5729 609 5800 (58)
649 5730 1004 5787 Σύνθετσν...
1039 5735 1246 5788 ποιεῖν.
1283 5735 1439 5792 Deest
1488 5737 1732 5791 σύνθετον
1774 5739 1824 5792 in
1869 5737 1977 5791 Pa-

2165 4165 2371 4230 Πάντες
2411 4166 2541 4237 γάρ,
2583 4167 2782 4221 δίκαιοί
2823 4185 2880 4220 τε
2927 4169 3020 4222 καὶ
3057 4168 3247 4233 ἄδικοι,
3294 4167 3523 4221 ἐνώπιον
3567 4167 3664 4222 τοῦ

2091 4257 2224 4310 Θεοῦ
2269 4259 2439 4326 Λόγου
2485 4257 2830 4331 άχθήσονται.
2879 4261 3064 4333 Τούτῳ
3103 4262 3211 4332 γὰρ
3250 4262 3279 4314 ὀ
3324 4263 3515 4332 Πατὴρ
3560 4264 3663 4333 τήν

2093 4347 2270 4418 κρίσιν
2303 4339 2481 4403 πᾶσαν
2507 4349 2721 4415 δέδωκε,
2753 4351 2843 4404 καὶ
2870 4352 3029 4416 αὐτὸς
3063 4353 3254 4424 βουλήν
3283 4354 3496 4424 Πατρδς
3535 4357 3662 4407 ὲπι-

2093 4441 2280 4504 τελῶν,
2329 4440 2520 4513 κριτής
2559 4442 2949 4512 παραγίνεται,
3003 4446 3061 4500 ὃν
3106 4447 3340 4517 Χριστὸν
3382 4463 3660 4519 προσαγο-

2095 4532 2340 4605 ρεύομεν.
2385 4535 2518 4588 Ούδὲ
2559 4535 2667 4605 γὰρ
2706 4539 2891 4602 Μίνως
2932 4541 3023 4593 καὶ
3065 4539 3436 4611 Ῥαδάμανθυς
3468 4543 3661 4613 κριταὶ

2088 4624 2138 4676 οι
2173 4625 2292 4676 καθ’
2328 4627 2489 4696 ὑμᾶς,
2522 4627 2776 4699 ’Έλληνες
2807 4630 2946 4700 (60)’
2968 4631 3081 4685 ἀλλ’
3112 4633 3172 4686 ὃν
3198 4636 3226 4686 ό
3257 4633 3389 4696 Θεὸς
3415 4636 3509 4688 καὶ
3545 4638 3660 4692 Πα-

2087 4713 2192 4788 τὴρ
2234 4717 2471 4783 ὲδόξασε,
2521 4721 2647 4793 περὶ
2695 4714 2755 4775 οὗ
2804 4724 2862 4777 ὲν
2911 4725 3114 4798 ἑτέροις
3156 4726 3657 4802 λεπτομερέστερον

2089 4805 2476 4882 διεληλύθαμεν
2508 4812 2617 4884 (6|)
2649 4814 2784 4885 πρὸς
2809 4817 2933 4881 τοὺς
2963 4817 3348 4885 ἐπιζητοῦντας
3377 4820 3477 4892 τὴν
3518 4823 3655 4894 άλήο

2087 5105 2262 5187 τριιει.
2315 5108 2490 5179 Atque
2539 5107 2629 5163 hic
2697 5108 2904 5187 desinit
2956 5112 3309 5187 fragmentum
3382 5121 3646 5187 primum.

2085 5175 2274 5260 Exstat
2304 5175 2479 5260 autem
2511 5181 2807 5260 secundum
2844 5198 2964 5260 pag.
2991 5175 3113 5250 755,
3141 5175 3435 5260 incipitque
3461 5194 3531 5246 ali
3564 5175 3649 5250 his

2087 5248 2282 5313 verbis,
2320 5249 2520 5311 πάντες
2544 5249 2673 5319 γάρ,
2701 5266 2820 5320 cap.
2845 5248 2910 5307 ἴ).

2155 5319 2268 5385 (59)
2307 5320 2696 5385 Κελεύσματι.
2729 5321 2854 5384 Ms.,
2883 5341 2910 5376 κ

2155 5320 2268 5455 (59;
2307 5320 2696 5398 Κελεύσματε.
2729 5321 2854 5384 Ms.,
2883 5323 3200 5398 κελεύσιμόν
3221 5346 3291 5382 τι.
3317 5328 3608 5386 Πωεοιιει.

2153 5388 2242 5451 (60
2318 5392 2380 5443 Ol
2407 5389 2533 5443 καθ’
2566 5392 2752 5455 ὺμας,
2803 5393 3112 5455 Ἓλληνες.
3163 5398 3314 5453 Plato
3348 5400 3400 5454 in
3449 5403 3608 5455 Comi

2318 5392 2384 5473 Ol
2407 5389 2541 5473 acad“
2566 5388 2752 5473 ὑμᾶς,
2803 5388 3114 5473 Έλληνες-ξ
3163 5398 3314 5453 Plato
3348 5400 3400 5454 in
3449 5403 3648 5473 Gorgia

2081 5460 2184 5512 sub
2217 5459 2310 5512 lin.
2339 5470 2392 5513 et
2424 5460 2474 5512 in
2508 5460 2761 5516 Axioclto.
2806 5459 3022 5519 Fuitne.

2153 5528 2275 5610 (611
2314 5529 2410 5610 Ἐν
2451 5528 2672 5610 ἑτέροις
2708 5535 3248 5604 λεπτομερέστερον
3289 5538 3645 5607 διεληλύθα-

2072 5603 2489 5679 yey._l"ortasse
2525 5603 2578 5653 in
2613 5603 2680 5656 iis
2706 5619 2825 5679 qum
2849 5603 3338 5679 [superantfontra
3392 5603 3640 5679 Noctem,

2082 5669 2173 5724 ubi
2201 5668 2478 5727 fusissime
2502 5680 2553 5727 et
2579 5668 2859 5729 enucleate
2886 5668 2950 5729 ἀὲ
2975 5675 3082 5731 Dm
3118 5677 3300 5733 Verbo.
