3852 6208
323 317 415 373 801

1442 310 1642 366 LIBER
1681 309 2047 367 ADVERSUS
2085 309 2401 369 GRECCS.

3447 324 3550 376 80%

322 440 494 493 θειαν.
514 431 680 501 Οὗτος
694 438 792 507 τὴν
808 434 1018 507 Πατρδς
1042 436 1123 493 sic
1149 435 1353 498 πάντας
1366 434 1757 506 δικαιοκρισίαν
1774 432 1883 503 (62)

1992 440 2114 486 runt
2142 433 2447 488 veritatem.
2480 434 2573 488 llle
2613 435 2728 503 ipse
2749 434 2954 503 justum
2984 435 3249 505 judicium
3294 435 3469 493 Patris
3498 442 3553 495 in

322 530 664 600 ποιούμενος,
708 528 921 598 ἑκάστῳ
956 526 1097 579 κατά
1133 525 1202 578 τά
1235 525 1370 598 ἔργα
1408 525 1783 598 παρεσκεύασε
1824 526 1885 577 τὸ

318 622 548 677 δίκαιον.
584 616 655 675 Οὖ
686 622 752 690 τῇ
792 620 969 690 κρίσει
1006 618 1379 690 παραστάντες
1412 618 1642 683 πάντες,
1678 616 1885 688 ἄνθρω-

322 713 413 766 ποί
449 730 509 765 τε
546 711 641 765 καὶ
673 710 910 779 ἄγγελοι,
951 708 1044 761 καὶ
1074 707 1322 779 δαίμονες
1360 708 1488 779 μίαν
1528 706 1889 775 ἀποφθέγξω-

321 822 408 858 ται
440 803 643 873 φωνὴν,
668 801 839 864 οὕτως
860 799 1133 868 λέγοντεςο
1175 818 1192 851 ι
1230 799 1422 852 Δικαία
1449 814 1540 852 σου
1573 801 1607 869 ή
1641 798 1836 868 κρίσις.
1862 816 1879 849 ι

320 888 427 955 Ἦς
454 893 637 962 φωνῆς
667 890 728 943 τὸ
755 890 1099 961 ἀνταπόδομα
1132 890 1218 942 ἐπ’
1253 890 1578 961 ἀμφοτέροις
1608 889 1801 958 ἐπάγει
1826 889 1887 941 τὸ

318 982 556 1034 δίκαιονο
608 982 718 1043 τοῖς
768 980 865 1050 μὲν
911 976 968 1033 εὖ
1009 979 1266 1051 πράξασι,
1315 980 1538 1042 δικαίως
1579 978 1677 1050 τὴν
1720 979 1887 1033 ἀΐδιον

320 1074 619 1125 ἀπόλαυσιν
661 1072 1066 1143 παρασχόντος,
1123 1075 1235 1135 τοῖς
1278 1071 1333 1123 δὲ
1366 1070 1475 1124 τῶν
1508 1070 1724 1140 φαύλων
1763 1073 1888 1143 ἐρα-

323 1167 473 1227 σταῖς
498 1164 597 1235 τὴν
624 1163 838 1217 αἰώνιον
871 1163 1087 1216 κόλασιν
1113 1162 1521 1234 ἀπονείμαντος.
1555 1164 1661 1217 Καὶ
1682 1164 1888 1227 τούτοις

325 1254 418 1323 μὲν
444 1254 505 1305 τὸ
537 1253 646 1323 πῦρ
674 1252 931 1306 ἄσϐεστον
960 1252 1200 1323 διαμένει
1223 1254 1317 1306 καὶ
1340 1254 1712 1325 ἀτελεύτητον,
1750 1254 1888 1307 σκώ-

322 1344 419 1413 ληξ
449 1344 507 1396 δέ
538 1361 626 1407 τις
670 1343 931 1415 ἔμπυρος,
970 1344 1043 1415 μὴ
1080 1343 1363 1408 τελευτῶν,
1408 1345 1541 1416 μηδὲ
1587 1346 1745 1415 σῶμα
1784 1346 1889 1400 δια-

323 1436 579 1507 φθείρων,
615 1436 876 1506 ἀπαύστῳ
907 1436 950 1488 δ’
983 1436 1141 1509 ὀδύνῃ
1187 1438 1250 1489 ὲκ
1280 1436 1527 1508 σώματος
1570 1439 1887 1511 ἐκϐράσσων

325 1528 648 1597 παραμένει.
696 1527 928 1589 Τούτους
965 1526 1063 1596 ούχ
1110 1525 1275 1589 ὕπνος
1322 1527 1646 1592 ἀναπαύσει,
1689 1528 1750 1581 ού
1796 1528 1891 1594 νὺξ

325 1620 720 1690 παρηγορήσει,
764 1618 823 1670 ού
878 1617 1103 1681 θάνατος
1140 1619 1238 1690 τῆς
1278 1619 1550 1683 κολάσεως
1598 1618 1886 1682 ἀπολύσει,

322 1714 379 1765 οὐ
413 1712 758 1784 παράκλησις
791 1711 1066 1780 συγγενῶν
1102 1712 1529 1782 μεσιτευσάντων
1567 1712 1767 1784 ὀνήσει.
1812 1714 1885 1765 Uti

1988 540 2178 579 omnes
2209 540 2487 595 exercens,
2522 528 2668 598 quod
2696 542 2909 596 aequum
2942 538 2994 582 et
3018 528 3223 598 justum
3269 530 3390 597 erit,
3430 532 3556 584 uni-

1988 618 2183 687 cuique
2230 621 2533 674 secundum
2577 635 2739 691 opera
2774 622 3112 689 praeparavit.
3144 621 3313 691 Cujus
3348 624 3554 693 judicio

1988 721 2228 765 astantes
2268 728 2477 775 omnes,
2514 713 2785 775 homines,
2820 713 3019 782 angeli,
3053 710 3347 778 daemones,
3389 730 3553 767 unam

1988 802 2128 856 hanc
2153 817 2338 857 vocem
2373 806 2638 869 emittent,
2673 804 2753 859 sic
2781 805 3023 859 dicentes
3056 824 3069 858 :
3110 823 3128 857 ι
3161 802 3375 860 Justum
3412 805 3557 875 judi-

1987 892 2131 945 cium
2165 903 2316 947 tuum
2344 896 2412 949 ³³.
2451 914 2469 946 ›
2504 894 2675 965 Cujus
2711 896 2861 950 vocis
2894 896 3122 966 aequitas
3148 907 3369 967 apparet
3398 898 3449 952 in
3476 914 3557 953 re-

1990 984 2283 1039 tributione
2311 985 2365 1038 in
2402 996 2660 1056 utrosque
2689 1005 2702 1041 :
2731 1004 2853 1042 cum
2890 988 3026 1043 bene
3063 989 3383 1044 facientibus
3405 990 3554 1058 juste

1988 1076 2175 1131 fruitio
2220 1087 2419 1133 aeterna
2470 1080 2804 1149 praebeatur,
2850 1080 3115 1134 malorum
3163 1097 3290 1135 vero
3345 1082 3553 1151 cupidis

1987 1182 2250 1226 aeternum
2292 1172 2618 1241 supplicium
2663 1172 3042 1227 distribuatur.
3102 1171 3168 1227 Et
3220 1174 3320 1227 hos
3370 1183 3555 1230 manet

1989 1263 2128 1334 ignis
2161 1265 2639 1336 inexstinguibilis,
2674 1274 2726 1320 et
2786 1267 2879 1336 qui
2916 1282 3192 1336 nunquam
3232 1268 3473 1333 ﬁnietur,
3500 1279 3555 1323 et

1989 1355 2189 1409 vermis
2236 1356 2425 1425 igneus
2464 1374 2570 1411 non
2618 1359 2877 1421 moriens,
2917 1374 3025 1412 non
3070 1374 3269 1428 corpus
3300 1375 3551 1414 corrum-

1990 1466 2141 1519 pens,
2192 1451 2285 1506 sed
2318 1450 2643 1521 irrrequieto
2689 1453 2875 1507 dolore
2918 1468 2983 1505 ex
3039 1468 3269 1522 corpore
3303 1453 3555 1507 efferves-

1989 1556 2117 1595 cens
2143 1550 2197 1595 et
2224 1541 2506 1596 ebulliens.
2543 1541 2652 1596 Illis
2687 1558 2796 1597 non
2842 1557 3068 1596 somnus
3101 1543 3463 1597 cessationem
3498 1552 3554 1597 et

1990 1632 2227 1701 quietem
2279 1634 2623 1701 conciliabit;
2683 1650 2791 1688 non
2845 1650 2950 1688 nox
3002 1635 3163 1689 leniet
3204 1643 3256 1689 ct
3294 1635 3551 1689 mulcebit

1991 1721 2236 1783 dolores;
2273 1738 2383 1777 non
2431 1739 2579 1779 mors
2628 1724 2889 1793 supplicia
2943 1723 3146 1786 solvet;
3192 1740 3299 1777 non
3340 1724 3552 1793 juvabit

321 1806 426 1877 γάρ
459 1776 537 1860 ἔτι
570 1776 765 1859 δίκαιοι
799 1776 888 1859 ὑπζ
909 1776 1113 1858 αὐτῶν·
1130 1805 1379 1876 ὁρῶνται,
1411 1805 1529 1858 οὐδὲ
1564 1776 1780 1877 μνήμης
1804 1806 1887 1873 γί-

1993 1813 2302 1868 exhortatio
2344 1814 2583 1868 afﬁnium
2631 1815 3073 1871 intercessurum.
3105 1814 3239 1870 Nam
3269 1815 3401 1885 justi
3441 1830 3549 1869 non

320 1912 496 1948 νονται
530 1893 690 1958 ἄξιοι.
733 1895 899 1949 Μόνοι
928 1895 986 1947 δὲ
1021 1897 1067 1948 οἱ
1099 1894 1296 1947 δίκαιοι
1330 1894 1551 1947 δικαίων
1590 1896 1891 1965 μεμνήσον-

318 2005 404 2041 ται
436 1987 634 2058 ἐργων,
666 1987 734 2039 δι’
766 1980 842 2040 ὧν
874 1986 967 2038 ἐπὶ
996 1987 1092 2059 τὴν
1120 1986 1367 2058 ούράνιον
1395 1985 1669 2057 βασιλείαν
1695 1989 1891 2057 κατήν-

318 2097 487 2151 τησαν
510 2096 524 2109 ο
561 2082 619 2133 ὲν
707 2079 802 2149 οὐχ
826 2078 1013 2145 ὕπνος,
1040 2080 1101 2132 οὐ
1134 2078 1298 2149 λύπη,
1330 2079 1389 2131 οὐ
1415 2077 1607 2151 φθορά,
1640 2078 1699 2131 οὐ
1729 2096 1891 2150 φρον-

317 2174 399 2235 τ¹ις
431 2171 547 2242 (65)
569 2213 583 2237 ,
620 2172 740 2225 οὐδὲ
772 2172 901 2237 νὺξ,
946 2172 1065 2225 οὐδὲ
1093 2172 1271 2244 ήμέρα
1314 2172 1490 2243 χρόνῳ
1532 2173 1889 2243 μετρουμένη,

318 2264 417 2333 ούχ
439 2264 592 2333 ἣλιος
645 2264 857 2336 ἀνάγκῃ
896 2262 1091 2317 κύκλον
1134 2262 1362 2333 ούρανοῦ
1390 2263 1573 2334 δρόμῳ
1602 2263 1893 2333 ἐλαυνόμε-

321 2371 430 2416 νος,
459 2353 617 2423 ὡρῶν
666 2353 837 2424 μέτρα
872 2353 904 2423 ἦ
950 2354 1148 2424 κέντρα
1185 2351 1319 2423 πρὸς
1347 2351 1649 2419 εὔγνωστον
1686 2351 1894 2424 ἀνθρώ-

323 2462 438 2496 πων
493 2444 607 2513 βίον
652 2444 1085 2516 διαμετρούμενα
1130 2443 1549 2515 ώροθετοῦντος·
1600 2446 1661 2498 οὐ
1697 2443 1889 2515 σελήνη

320 2538 580 2605 φθίνουσα
620 2536 945 2609 ῆαύξουσα,
1000 2537 1033 2607 ἢ
1072 2537 1277 2608 τροπὰς
1310 2536 1517 2607 καιρῶν
1568 2537 1841 2605 ἐπάγουσα
1874 2554 1887 2567 ’

320 2629 417 2695 οὐχ
446 2628 774 2698 ύγραίνουσα
799 2628 934 2696 γῆνς
983 2626 1102 2679 οὐδὲ
1121 2626 1271 2697 ἥλιος
1304 2626 1588 2688 ἐπικαίων,
1622 2626 1718 2679 οὐκ
1758 2627 1890 2698 Ἀρ-

318 2736 446 2783 κτος
468 2719 831 2791 στρεφομένη,
849 2721 948 2772 ούκ
964 2719 1154 2791 Ὠρίων
1174 2717 1526 2789 γεννώμενος,
1553 2719 1650 2771 οὐκ
1678 2717 1891 2790 ἄστρων

320 2809 494 2880 πλάνη
532 2808 842 2880 ὲνάριθμος,
882 2810 942 2861 ού
980 2807 1241 2873 δύσϐατος
1267 2810 1338 2880 γῆ
1361 2850 1375 2873 ,
1410 2809 1529 2863 οὐδὲ
1568 2809 1891 2881 δυσεύρετος

322 2900 652 2969 παραδείσου
677 2898 834 2970 αὐλή,
861 2899 980 2952 οὐδὲ
1000 2898 1170 2952 δεινὸν
1202 2898 1473 2969 θαλάσσης
1501 2899 1762 2970 φρύαγμα
1790 2914 1891 2950 κω-

320 2991 446 3045 λύον
475 2991 740 3045 ἐπιϐάντα
768 2995 955 3046 πατεῖν
975 3008 988 3021 ·
1022 2990 1247 3056 εὔϐατος
1279 2992 1333 3045 δὲ
1365 2993 1455 3046 καὶ
1503 2990 1641 3079 αὕτη
1674 2993 1783 3054 τοῖς
1814 2990 1890 3043 δι-

322 3086 499 3148 καίοις
528 3087 814 3157 γενήσεται
845 3127 861 3152 ,
895 3085 1018 3138 οὔτε
1042 3085 1135 3140 τοῦ
1170 3085 1337 3156 ὑγροῦ
1374 3084 1704 3155 στερουμένη
1727 3100 1741 3115 ο
1783 3083 1885 3137 οὐκ
1917 3118 1958 3177 C

319 3177 543 3248 οὐρανὸς
570 3177 819 3248 ἀοίκητος
845 3176 1177 3248 ἀνθρώποις,
1200 3176 1319 3229 οὐδὲ
1345 3176 1530 3229 τούτου
1555 3176 1651 3246 τῆς
1682 3173 1883 3229 ἀναϐά-

323 3286 457 3331 σεως
490 3270 521 3337 ὴ
552 3268 668 3330 ὁδὸς
699 3267 981 3339 ἀνεύρετος
1002 3284 1013 3297 ³
1046 3268 1104 3320 ού
1136 3267 1208 3337 γῆ
1241 3267 1604 3338 ἀνέργαστος.
1637 3265 1758 3318 οὐδὲ
1790 3265 1885 3318 ἀν·-

322 3359 556 3431 θρώποις
606 3359 889 3423 ἐπίπονος,
947 3360 1225 3430 αὐτομάτη
1272 3359 1329 3411 δὲ
1382 3358 1585 3427 φύουσα
1643 3358 1885 3427 καρποὺς

322 3451 455 3522 πρὸς
495 3450 816 3520 εὐκοσμίαν·
868 3450 927 3503 ού
986 3450 1187 3521 θηρίων
1232 3449 1474 3518 γενέσεις
1526 3449 1721 3512 πάλιν,
1764 3449 1884 3502 οὐδὲ

319 3540 427 3593 τῶν
473 3539 672 3593 λοιπῶν
721 3538 871 3602 ζώων
910 3539 1318 3610 ὲκϐρασσομένη
1364 3538 1539 3592 οὐσία.
1598 3538 1731 3591 Οὐδὲ
1775 3537 1885 3609 γάρ

320 3630 627 3704 ἀνθρώποις
677 3631 836 3683 πάλιν
886 3631 1047 3701 γεννᾷ
1081 3628 1221 3700 (64)·
1267 3626 1382 3682 ἀλλ’
1426 3629 1454 3681 ό
1504 3626 1613 3679 τῶν
1663 3626 1885 3680 δικαίων

321 3721 551 3793 ἀριθμὸς
582 3721 826 3791 διαμένει
859 3720 1203 3783 ἀνέκλειπτος
1228 3719 1345 3790 ἅμα
1374 3718 1600 3781 δικαίοις
1635 3718 1889 3787 ἀγγέλοις

321 3814 415 3867 καί⁵
446 3813 743 3885 πνεύμασι.
780 3814 998 3876 Τούτοις
1031 3814 1079 3864 οἱ
1110 3811 1421 3874 πεισθέντες
1450 3812 1560 3873 τοῖς
1589 3810 1765 3879 λόγοις
1799 3809 1889 3863 ἇν-

322 3906 551 3978 θρωποι,
601 3906 789 3959 ἔσεσθε
833 3906 1058 3959 καὶτῶν
1092 3904 1313 3957 δικαίων
1342 3903 1607 3966 κοινωνοὶ,
1645 3905 1736 3957 καὶ
1784 3902 1889 3955 τῶν

325 3998 625 4069 μελλόντων
646 3996 953 4061 ἐντεύξεσθε
988 3995 1227 4065 ἀγαθῶν,
1256 3994 1293 4049 ἀ
1322 4013 1340 4046 ι
1365 3993 1487 4048 οὔτε
1523 3993 1797 4065 ὀφθαλμὸς
1816 3989 1894 4047 εἷ-

322 4090 430 4157 δεν,
465 4089 588 4144 οὔτε
619 4086 712 4153 οὖς
751 4091 1000 4161 ήκουσεν,
1047 4088 1170 4141 οὔτε
1200 4088 1293 4141 ἐπὶ
1339 4087 1562 4159 καρδίαν
1602 4086 1889 4159 ἀνθρώπου

321 4184 511 4252 ἀνέϐη,
546 4183 645 4235 ὅσα
690 4184 718 4235 ὁ
749 4182 880 4245 Θεὸς
910 4182 1167 4253 ήτοίμασε
1194 4181 1305 4243 τοῖς
1345 4178 1628 4249 ἀγαπῶσιν
1657 4178 1836 4231 αὐτόν.
1866 4198 1883 4229 ι

323 4274 481 4345 Αὐτῷ
526 4277 561 4346 ή
606 4274 733 4341 δόξα
773 4275 865 4327 καὶ
906 4274 969 4326 τὸ
1006 4274 1201 4345 κράτος
1244 4273 1322 4335 είς
1375 4272 1499 4333 τοὺς
1538 4269 1737 4335 αἰῶνας
1783 4271 1890 4323 τῶν

324 4368 553 4421 αἰώνων.
604 4367 795 4437 Ἀμήν.

1917 1947 1967 1986 λ
1991 1902 2224 1970 amplius
2252 1902 2318 1957 ab
2352 1902 2457 1956 illis
2487 1902 2827 1968 videbuntur,
2855 1918 2953 1957 nec
2984 1903 3090 1956 ulla
3124 1911 3251 1957 sunt
3290 1900 3552 1955 memoria

1990 1991 2159 2061 digni.
2194 1990 2298 2046 Sed
2328 1992 2470 2046 enim
2501 1992 2634 2061 justi
2685 2007 2909 2061 operum
2939 1993 3211 2061 justorutn
3245 2000 3403 2046 erunt
3435 2006 3552 2046 me-

1991 2096 2191 2145 mores,
2224 2097 2319 2151 per
2352 2098 2473 2151 qua:
2510 2092 2871 2151 pervenerunt
2901 2084 2966 2137 ad
3001 2098 3224 2150 regnum
3274 2083 3495 2137 cmlesle
3534 2098 3550 2136 :

1991 2172 2044 2225 in
2078 2186 2187 2239 quo
2218 2186 2320 2226 nec
2351 2188 2599 2238 somnus,
2641 2188 2739 2227 nec
2782 2173 2958 2236 dolor,
2994 2188 3094 2226 nec
3122 2172 3421 2242 corruptio,
3455 2186 3554 2227 nec

1991 2262 2326 2328 sollicitudo,
2370 2278 2467 2317 nec
2517 2279 2622 2317 nox
2642 2264 2720 2329 ’⁷,
2758 2279 2859 2319 nec
2892 2264 3009 2318 dies
3040 2272 3279 2333 tempore
3330 2279 3553 2317 mensu-

1991 2364 2139 2417 rata,
2178 2368 2277 2408 nec
2331 2356 2413 2409 sol
2461 2354 2793 2409 necessitate
2851 2354 3087 2424 quadam
3143 2369 3238 2423 per
3289 2354 3555 2408 circulum

1991 2445 2116 2499 caeli
2162 2458 2384 2499 cursum
2433 2460 2594 2497 suum
2640 2445 2850 2515 agitans
2894 2452 2948 2497 et
2984 2444 3284 2511 impellens,
3331 2445 3384 2496 in
3423 2444 3554 2497 hora

1992 2535 2154 2589 natali
2183 2536 2417 2590 notantis
2438 2545 2491 2590 et
2511 2536 2847 2604 disponentis
2870 2536 3221 2589 terminorutn
3247 2548 3556 2599 mensuras,

1991 2632 2045 2678 et
2095 2624 2343 2679 cardines
2384 2635 2854 2679 commensuratos
2899 2625 2966 2678 ad
3010 2623 3169 2678 facile
3216 2638 3557 2693 cognoscen-

1991 2714 2116 2768 dam
2166 2715 2448 2769 hominum
2496 2717 2701 2783 vitam;
2739 2731 2846 2770 non
2887 2716 3030 2769 luna:
3070 2716 3335 2770 decursus
3374 2723 3430 2769 et
3470 2714 3557 2769 in-

1991 2816 2350 2872 crementum,
2380 2823 2502 2876 qua:
2542 2816 2846 2877 temporum
2886 2806 3215 2861 mutationes
3247 2807 3475 2870 inducit,
3501 2815 3556 2862 et

1991 2907 2195 2953 terram
2234 2898 2505 2953 madidam
2533 2899 2737 2967 reddit,
2766 2915 2875 2953 non
2908 2899 2988 2954 sol
3021 2900 3240 2963 ardens,
3275 2915 3382 2954 non
3415 2899 3554 2955 Ursa

1990 2990 2286 3056 versatilis,
2335 3006 2443 3046 non
2475 2989 2693 3046 Orionis
2724 3004 2897 3055 ortus,
2939 3006 3046 3045 non
3082 3000 3354 3046 astrorum
3400 3007 3553 3047 erro-

1995 3097 2084 3137 res
2116 3082 2406 3149 innumeri,
2444 3100 2551 3139 non
2583 3083 2730 3138 invia
2761 3092 2927 3149 terra,
2964 3099 3072 3138 non
3118 3084 3337 3137 inventu
3366 3084 3555 3138 dillici-

1990 3172 2058 3227 lis
2078 3174 2316 3243 paradisi
2349 3174 2494 3240 aula,
2524 3190 2632 3229 non
2661 3174 2925 3229 molestus
2957 3173 3123 3228 maris
3158 3174 3408 3228 fremitus
3452 3175 3557 3228 im-

1991 3265 2213 3333 pediens
2233 3266 2526 3335 quominus
2549 3282 2579 3319 a
2609 3275 2822 3321 vectore
2845 3265 3071 3335 pedibus
3098 3265 3363 3331 calcetur;
3389 3265 3554 3334 justis

1989 3356 2133 3410 enim
2177 3360 2281 3411 erit
2312 3366 2364 3413 et
2400 3360 2576 3427 ipsum
2622 3359 2890 3427 pervium,
2923 3357 3137 3413 etiamsi
3180 3358 3402 3411 humido
3445 3373 3553 3411 non

1989 3451 2249 3519 privetur.
2292 3448 2501 3504 leum
2538 3465 2644 3503 non
2695 3451 2798 3504 erit
2829 3449 3167 3505 inaccessum
3212 3449 3557 3515 hominibus;

1989 3550 2042 3595 et
2070 3541 2152 3595 via
2187 3556 2295 3611 qua
2334 3540 2552 3596 ascendi
2591 3550 2644 3595 et
2674 3541 2858 3595 scandi
2891 3541 3079 3610 possit,
3127 3556 3235 3595 non
3298 3542 3420 3595 talis
3454 3541 3557 3594 erit

1987 3648 2109 3702 qua:
2140 3647 2245 3686 non
2270 3634 2443 3701 possit
2473 3632 2725 3687 inveniri.
2751 3630 2868 3686 Non
2893 3644 3036 3686 terra
3066 3632 3217 3687 rudis
3241 3644 3295 3687 et
3325 3632 3555 3697 inculta,

1988 3731 2043 3777 ct
2087 3722 2398 3777 hominibus
2442 3723 2682 3777 laborem
2733 3732 2787 3778 et
2831 3723 3133 3777 molestiam
3186 3738 3413 3789 creans,
3459 3725 3553 3779 sed

1990 3822 2180 3883 sponte
2208 3812 2419 3869 fructus
2444 3815 2859 3884 progerminans
2884 3815 2949 3868 ad
2976 3815 3179 3868 cultum
3207 3823 3260 3870 et
3276 3825 3553 3869 ornatum.

1991 3903 2111 3959 Non
2152 3906 2356 3961 iterata:
2406 3905 2642 3960 ferarum
2673 3906 3071 3976 generationes,
3116 3921 3289 3974 neque
3321 3906 3557 3959 aliorum

1991 3998 2307 4052 animalium
2333 3998 2698 4052 effervescens
2727 4007 2780 4053 et
2806 3998 3071 4053 ebulliens
3101 3997 3425 4051 substantia.
3451 3997 3556 4051 Ne-

1992 4104 2097 4159 que
2127 4090 2272 4143 enim
2310 4090 2560 4144 homines
2603 4100 2731 4145 tunc
2774 4105 2964 4145 rursus
2996 4097 3277 4159 generant,
3309 4089 3403 4143 sed
3440 4106 3555 4142 ma-

1993 4189 2085 4235 net
2115 4180 2480 4236 indesinenter
2510 4197 2770 4236 numerus
2795 4182 3091 4253 justorum,
3122 4196 3246 4235 cum
3273 4182 3438 4250 justis
3465 4198 3558 4235 an-

1994 4273 2129 4342 gelis
2161 4282 2210 4328 et
2243 4274 2544 4344 spiritibus.
2582 4274 2675 4332 llis
2709 4276 2889 4331 verbis
2932 4276 3322 4344 obtemperate,
3366 4284 3422 4329 et
3463 4275 3555 4329 illa

1921 4352 1966 4407 Β
1995 4364 2297 4429 credentes,
2332 4381 2365 4419 ο
2392 4365 2661 4432 homines,
2691 4367 2841 4422 eritis
2874 4365 3151 4435 jusmrum
3183 4375 3557 4432 consortes,ct

324 4464 634 4518 futurorum
676 4463 941 4517 bonorum
973 4459 1251 4531 potiemini
1296 4474 1417 4528 quae
1468 4476 1486 4509 ι
1532 4472 1706 4527 neque
1750 4457 1885 4513 vidit
1922 4458 2135 4527 oculus,
2198 4477 2368 4531 neque
2419 4463 2568 4517 auris
2606 4464 2831 4531 audivit,
2872 4478 3048 4533 neque
3080 4463 3441 4519 ascenderunt
3499 4465 3554 4518 in

314 4566 408 4609 cor
446 4559 705 4623 hominis,
735 4574 856 4629 qua:
889 4557 1028 4612 Deus
1058 4556 1379 4627 praeparavit
1420 4554 1486 4607 iis
1523 4554 1615 4623 qui
1663 4552 1898 4623 diligunt
1936 4554 2088 4610 illum
2114 4557 2178 4610 “.
2211 4576 2229 4609 ι
2264 4558 2345 4611 Illi
2374 4559 2449 4613 sit
2476 4559 2651 4631 gloria
2706 4568 2761 4614 et
2809 4559 3049 4630 potentia
3076 4558 3130 4613 in
3167 4559 3364 4614 szecula
3393 4576 3558 4615 saecu-

325 4652 525 4708 lorum.
545 4652 737 4707 Amen.

397 4808 441 4839 "
468 4806 609 4863 Psal.
655 4822 844 4870 cxvm,
880 4804 1000 4861 157.
1075 4805 1118 4837 ’⁷
1152 4806 1319 4875 Apoc.
1352 4818 1489 4869 χιιι,
1516 4803 1567 4857 ὅ.

404 4950 512 5018 (62)
553 4948 1010 5018 Amatoxpwiar.
1042 4941 1540 5018 Ρανᾳιίειηδικαίαν
1579 4940 1778 5018 κρίσιν.

401 5010 510 5091 (ὕὸ)
554 5024 635 5074 Οὐ
655 5010 917 5088 φροτὲτίς.
947 5015 1046 5073 Hic
1072 5016 1271 5072 desinit
1310 5010 1891 5070 secundum'Paralle-

328 5093 499 5147 lorum
533 5091 918 5159 fragmentum.

1646 4801 1691 4834 ³⁸
1715 4803 1737 4854 Ι
1765 4802 1892 4857 Cor.
1923 4820 1956 4857 ιι
1980 4846 1994 4871 ,
2024 4805 2078 4860 9.

2072 4948 2181 5019 (64)
2263 4946 2606 5019 Ἀνθρώποις
2653 4948 2839 5002 πάλιν
2888 4950 3087 5019 γεννᾷ.
3146 4948 3288 5007 ﬁdit.
3354 4947 3560 5004 Haver-

1998 5032 2198 5088 cantp.,
2225 5018 2628 5090 ἀνθρώπους....
2662 5020 2841 5090 γεννᾷ.
