3852 6208
294 267 399 322 805

1466 263 1746 320 CONTRA
1782 261 2103 318 HASRESIN
2147 262 2371 319 NOETI.

3415 260 3519 315 806

294 391 383 446 τὸν
416 389 682 463 Χριστόν;
723 390 865 463 Πρὸς
895 391 954 445 δν
978 390 1458 462 ἀνταποκρινονται
1492 391 1541 443 οἱ
1567 388 1861 461 πρεσϐύτε-

1969 387 2156 442 Filium
2190 403 2433 458 passum,
2471 389 2611 443 sicut
2655 404 2848 459 passus
2876 400 2992 458 est;
3027 401 3302 447 mortuum
3325 431 3340 455 ,
3379 391 3521 446 sicut

298 500 380 556 ροι
398 500 412 514 υ
450 483 562 537 Καὶ
595 486 755 555 ἡμεῖς
783 476 891 538 ἕνα
904 484 1035 536 Θεὸν
1065 482 1174 552 (71)
1204 481 1423 552 οἴδαμεν
1451 481 1691 552 ἀληθῶς·
1718 481 1863 534 οἴδα-

301 592 396 645 μεν
424 574 659 646 Χριστόν
679 590 692 605 ·
727 574 948 644 οἴδαμεν
965 573 1056 626 τὸν
1079 574 1206 626 Υῐὸν
1235 572 1490 635 παθόντα,
1524 572 1705 635 καθὼς
1730 572 1863 624 ἐπα-

297 666 407 729 θεν,
436 666 773 720 ἀποθανόντα
805 665 983 729 καθὼς
1007 664 1297 729 ἀπέθανεν,
1332 666 1428 719 καὶ
1460 665 1762 718 ἀναστάντα
1793 667 1860 734 τῇ

296 755 451 826 τρίτῃ
481 755 685 826 ἡμέρα,
720 755 813 808 καὶ
845 755 973 808 ὅντα
1006 757 1061 809 ὲν
1094 753 1241 825 δεξιᾷ
1264 755 1356 807 τοῦ
1386 754 1620 824 Πατρὸς,
1652 754 1743 806 καὶ
1774 752 1862 823 έρ-

298 844 521 913 χόμενον
568 845 747 913 κρῖναι
786 842 990 906 ζῶντας
1022 843 1117 895 κα)⁴
1151 842 1391 914 νεκρούς.
1428 844 1535 896 Καὶ
1563 842 1732 895 ταῦτα
1773 841 1861 894 λέ-

1965 490 2211 533 mortuus
2238 487 2355 545 est;
2398 488 2451 533 et
2483 481 2803 536 suscitatum
2839 483 2994 538 tertia
3026 484 3131 548 die,
3168 492 3223 538 et
3244 482 3519 537 sedentem

1964 570 2033 624 ad
2078 572 2355 624 dexteram
2394 571 2598 637 Patris,
2632 582 3027 644 venturumque
3056 576 3123 629 ad
3161 573 3519 644 iudicandum

1964 662 2115 715 vivos
2138 670 2192 715 et
2219 671 2485 718 mortuos.
2528 662 2704 734 Atque
2735 666 2848 720 haec
2888 666 3143 729 dicimus,
3180 681 3302 735 quae
3331 664 3523 720 didici-

1966 766 2108 805 mus.
2141 749 2294 805 Tunc
2325 752 2485 806 istum
2518 754 2827 809 convictum
2850 755 3126 825 ejeeerunt
3152 771 3215 811 ex
3256 756 3521 823 ecclesia;

1966 843 2149 912 quieo
2179 844 2472 899 inﬂationis
2500 846 2664 908 venit,
2702 857 2758 901 ut
2793 848 2987 904 docere
3022 849 3349 904 institueret.

298 950 460 1002 γομεν
489 932 524 985 ἃ
554 933 849 1004 ἐμάθομεν.
886 934 1016 985 Τότε
1054 933 1240 987 τοῦτον
1268 935 1581 1002 ἐλέγξαντες
1622 934 1858 999 ἐξέωσαν
1894 933 1996 1002 τῆς
2025 934 2316 1005 ἐκκλησίας
2343 936 2453 1006 (7‘2)
2490 954 2502 965 ·
2551 937 2608 1000 ὃς
2630 940 2707 1001 εἰς
2733 938 2954 991 τοσοῦτο
3014 939 3269 1009 φυσίωμα
3304 936 3528 1008 ἠνέχθη,

299 1024 375 1085 ὼς
399 1023 770 1076 διδασκαλεῖον
800 1023 1082 1092 συστῆσαι.

367 1120 426 1171 Οἱ
459 1118 553 1170 καὶ
582 1117 749 1182 δεῖξαι
782 1118 1054 1188 βούλονται
1096 1117 1349 1171 σύστασιν
1381 1118 1457 1189 τῷ
1498 1119 1745 1190 δόγματι,
1779 1120 1863 1173 λέ-

299 1225 501 1277 γοντες·
532 1200 698 1261 Εἶπεν
725 1211 781 1261 έν
812 1209 979 1280 νόμῳσ
1019 1229 1037 1260 ι
1081 1208 1221 1277 Ἐγὼ
1253 1212 1365 1280 εἰμι
1403 1213 1431 1263 ό
1460 1212 1588 1274 Θεὸς
1622 1212 1727 1264 τῶν
1761 1230 1864 1264 πα·-

302 1300 470 1371 τέρων
526 1301 712 1371 ὑμῶν⁸
762 1302 862 1355 οὐκ
912 1302 1119 1355 ἔσονται
1168 1303 1294 1372 ὑμῖν
1343 1302 1454 1356 θεοὶ
1499 1305 1673 1375 ἕτεροι
1726 1304 1865 1375 πλὴν

304 1392 454 1462 ἐμοῦ.
488 1412 507 1445 ι
533 1393 644 1447 Kal.
672 1393 831 1448 πάλιν
858 1396 915 1447 ὲν
946 1395 1132 1466 ἑτέρῳ·
1163 1415 1182 1446 ‹
1228 1394 1387 1464 Ἐγὼ,
1419 1397 1601 1467 φησιν,
1631 1397 1863 1468 πρῶτος,

306 1486 395 1537 καὶ
428 1485 674 1555 ἔσχατος,
710 1487 802 1538 καὶ
855 1488 969 1557 μετ’
993 1487 1092 1557 ἐμὲ
1124 1487 1221 1540 οὐκ
1261 1488 1406 1540 ἔστιν
1445 1488 1632 1551 οὐδείς.
1667 1507 1685 1539 ι
1711 1487 1865 1540 οὕτω

307 1576 599 1642 φάσκουσιν
644 1577 896 1647 συνιστᾷν
941 1576 1035 1629 ἕνα
1068 1576 1218 1629 Θεόν.
1253 1578 1315 1630 Οἳ
1366 1578 1743 1648 ἀποκρίνονται
1782 1578 1867 1629 λέ-

2035 1115 2098 1169 ll.
2130 1115 2324 1171 Volunt
2353 1126 2529 1171 autem
2561 1119 2755 1189 dogma
2782 1135 2940 1173 suum
2965 1121 3292 1174 constituere
3321 1128 3375 1174 et
3403 1135 3528 1174 con-

1966 1208 2207 1272 ﬁrmare,
2242 1209 2370 1277 quia
2399 1218 2484 1264 est
2512 1210 2564 1262 in
2594 1210 2743 1279 lege:
2785 1229 2802 1261 ι
2834 1210 2945 1279 Ego
2985 1227 3105 1265 sum
3134 1210 3273 1267 Deus
3311 1221 3523 1281 patrum

1967 1309 2185 1353 tuorum
2216 1301 2291 1366 '9;
2319 1317 2426 1355 non
2461 1309 2621 1355 erunt
2646 1301 2801 1356 vobis
2834 1302 2924 1355 alii
2953 1302 3027 1355 dii
3054 1311 3247 1371 praeter
3280 1316 3367 1355 me
3399 1302 3466 1354 ‘°.
3502 1321 3520 1353 ι

1968 1391 2033 1444 Ει
2074 1406 2264 1444 rursus
2309 1391 2360 1443 in
2392 1392 2499 1445 alio
2527 1392 2647 1445 loco
2677 1407 2690 1444 :
2732 1410 2750 1443 ι
2782 1390 2890 1462 Ego
2928 1408 3045 1447 sum
3083 1394 3313 1461 primus,
3342 1401 3396 1447 et
3426 1408 3526 1462 ego
3602 1434 3607 1440 .

1970 1481 2331 1546 novissimus;
2383 1490 2437 1535 et
2487 1490 2610 1551 post
2659 1497 2746 1535 me
2798 1497 2903 1536 non
2957 1492 3038 1536 est
3096 1482 3236 1537 alius
3276 1483 3339 1536 ³¹.
3380 1502 3398 1534 ι
3435 1480 3527 1537 Sic

1972 1571 2121 1624 aiunt
2152 1586 2209 1625 se
2238 1572 2466 1640 probare
2497 1588 2662 1626 unum
2691 1587 2809 1627 esse
2837 1571 3025 1626 Deum.
3056 1572 3122 1626 Et
3147 1572 3475 1642 respondent
3509 1592 3523 1626 :

1897 1632 1938 1688 ll
1969 1662 2021 1688 ει

303 1678 504 1729 γοντες·
552 1664 614 1715 Εἰ
653 1658 745 1716 οὖν
792 1662 1021 1736 Χριστὸν
1067 1664 1311 1734 ὁμολογῶ
1354 1666 1506 1728 Θεὸν,
1560 1666 1719 1729 αὐτὸς
1759 1667 1863 1735 ἄρα

1969 1662 2026 1717 Si
2065 1662 2337 1717 Christum
2375 1665 2696 1717 conﬁtemur
2736 1664 2925 1729 Deum,
2955 1664 3118 1733 igitur
3156 1664 3270 1733 ipse
3309 1673 3389 1719 est
3422 1663 3526 1718 Pa-

305 1751 449 1805 ὲστὶν
481 1753 510 1804 6
541 1752 747 1823 Πατὴρ,
778 1755 825 1806 εξ
856 1753 961 1825 γάρ
990 1757 1136 1808 ἐστιν
1177 1760 1205 1809 6
1232 1756 1382 1820 Θεός’
1416 1756 1611 1809 ἔπαθεν
1650 1757 1705 1809 δὲ
1735 1758 1865 1829 Χρι-

308 1841 448 1903 στὸς,
477 1841 640 1905 αὐτὸς
670 1840 744 1894 ὢν
771 1843 919 1907 Θεὸς,
953 1845 1059 1914 ἄρα
1088 1842 1180 1899 οὖν
1211 1846 1405 1900 ἔπαθεν
1436 1847 1642 1917 Πατήρ·
1677 1846 1864 1916 Πατὴρ

306 1932 411 2001 γὰρ
441 1932 603 1995 αὐτὸς
627 1928 715 2003 ἦν.
754 1933 891 1985 Ἀλλ’
921 1934 1017 2004 οὐχ
1050 1935 1219 1999 οὕτως
1256 1936 1386 2006 ἔχει·
1414 1936 1533 1988 οὐδὲ
1559 1934 1665 2006 γὰρ
1694 1933 1864 1997 οὕτως

307 2024 361 2075 αἱ
389 2023 605 2093 Γραφαὶ
631 2023 958 2094 διηγοῦνται.
992 2027 1240 2097 Χρῶνται
1271 2029 1327 2081 δὲ
1363 2029 1456 2082 καὶ
1491 2028 1700 2099 ἑτέραις
1730 2044 1867 2097 μαρ-

308 2112 539 2183 -ωρίαις,
572 2114 840 2182 λέγοντες·
871 2116 1026 2170 Οὕτω
1076 2117 1393 2189 γέγραπται*
1431 2137 1451 2169 ι
1492 2112 1659 2181 Οὗτος
1682 2120 1709 2170 ό
1738 2118 1868 2181 Θεὸς

306 2204 481 2274 ἡμῶν,
510 2205 573 2257 οὐ
601 2205 977 2278 λογισθήσεται
1009 2209 1198 2280 ἕτερος
1233 2209 1366 2281 πρὸς
1398 2210 1576 2265 αὐτόν.
1621 2208 1866 2280 Ἐξεῦρεν

309 2300 485 2350 πᾶσαν
528 2298 648 2352 ὁδὸν
700 2301 1025 2371 ἐπιστήμης,
1078 2303 1171 2355 κα).
1217 2302 1409 2356 ἔδωκεν
1460 2303 1626 2375 αὐτὴν
1678 2298 1867 2355 Ἰακὼὸ

310 2390 384 2458 τῷ
430 2390 583 2443 παιδὶ
632 2388 819 2453 αὑτοῦ,
870 2394 964 2446 καὶ
1019 2392 1229 2465 Ἰσραὴλ
1272 2394 1349 2466 τῷ
1392 2394 1730 2465 ἠγαπημένῳ
1776 2392 1867 2446 ὑπ’

312 2480 493 2533 αὑτοῦ·
548 2480 687 2550 μετὰ
717 2482 886 2534 ταῦτα
930 2484 1020 2535 ἐπὶ
1049 2485 1150 2554 γῆς
1187 2483 1361 2555 ὤφθη,
1395 2484 1486 2538 καὶ
1528 2486 1640 2547 τοῖς
1662 2481 1869 2555 ἀνθρώ-

310 2587 429 2635 ποις
469 2574 899 2643 συνανεστράφη.
956 2593 974 2624 ι
1021 2575 1180 2645 Ὁρᾷς
1212 2571 1323 2638 οὖν,
1372 2575 1562 2645 φησιν,
1607 2575 1687 2627 ὅτι
1716 2569 1870 2637 οὗτός

312 2664 455 2714 ἔστιν
493 2664 522 2715 6
554 2661 706 2726 Θεὸς,
733 2663 760 2714 6
808 2664 963 2734 μόνος
1003 2663 1096 2727 ὢν,
1138 2665 1232 2718 καὶ
1272 2664 1491 2736 ὕστερον
1528 2664 1746 2733 ὠφθεὶς,
1778 2663 1872 2718 καὶ

311 2755 419 2815 τοῖς
446 2752 749 2824 ἀνθρώποις
779 2754 1255 2825 συναναστραφείς.
1288 2753 1432 2825 [Ἐν]
1463 2754 1631 2824 ἑτέρῳ
1664 2753 1739 2815 δὲ,
1770 2769 1871 2823 φη-

317 2847 421 2910 σὶν,
469 2846 636 2915 λέγει⁸
670 2866 689 2897 ‹
714 2847 1031 2901 Ἐκοπίασεν
1069 2847 1359 2915 Αἴγυπτος,
1393 2847 1486 2899 καὶ
1516 2844 1750 2917 ἐμπόρια
1778 2848 1872 2899 Αι-

1965 1759 2067 1813 ter,
2122 1751 2166 1805 si
2212 1759 2295 1805 est
2344 1750 2520 1817 Deus;
2574 1767 2768 1821 passus
2798 1768 2926 1807 vero
2956 1762 3039 1807 est
3064 1752 3314 1807 Christus
3342 1753 3521 1813 Deus.

1964 1858 2162 1913 passus
2209 1843 2372 1913 igitur
2417 1855 2497 1899 est
2527 1842 2704 1898 Pater.
2737 1844 2895 1899 Pater
2935 1845 3079 1899 enim
3130 1853 3246 1900 erat
3288 1845 3421 1914 ipse.
3458 1847 3528 1900 At

1964 1951 2073 1989 non
2122 1934 2201 1989 sic
2234 1944 2317 1989 est
2354 1953 2367 1988 :
2418 1950 2528 1989 non
2567 1936 2709 1989 enim
2763 1936 2842 1990 sic
2890 1935 3183 2004 Scriptum
3226 1944 3524 2005 exponunt.

1966 2024 2204 2080 Utuntur
2229 2036 2484 2096 praeterea
2519 2025 2639 2080 aliis
2671 2026 3017 2081 testimoniis.
3049 2027 3140 2081 Sic
3184 2026 3328 2081 enim
3373 2027 3528 2083 aiunt

1965 2118 2225 2187 scriptum
2253 2133 2370 2173 esse
2398 2133 2411 2170 :
2444 2135 2462 2168 ι
2505 2116 2603 2171 llic
2635 2116 2776 2172 Deus
2804 2126 3018 2183 noster;
3048 2134 3156 2172 non
3191 2119 3527 2189 reputabitur

1966 2209 2107 2263 alius
2140 2208 2208 2263 ad
2240 2224 2385 2263 eum.
2430 2209 2720 2263 Adinvenit
2751 2225 2967 2264 omnem
3010 2211 3151 2264 viam
3185 2212 3445 2278 scientiae,
3474 2222 3529 2267 et

1965 2300 2116 2357 dedit
2156 2316 2274 2356 eam
2318 2299 2487 2356 Jacob
2519 2316 2687 2370 puero
2715 2316 2836 2365 suo,
2866 2311 2920 2356 et
2945 2300 3111 2356 Israel
3156 2302 3355 2358 dilecto
3390 2319 3524 2371 suo;

1965 2402 2089 2462 post
2135 2393 2247 2448 haec
2281 2393 2333 2447 in
2386 2392 2543 2447 terris
2597 2393 2746 2447 visus
2790 2400 2906 2456 est,
2941 2404 2995 2448 et
3039 2410 3160 2448 cum
3216 2394 3528 2449 hominibus

1967 2497 2320 2540 conversatus
2366 2495 2450 2540 est
2478 2484 2545 2539 ".
2583 2504 2599 2535 ι
2632 2483 2792 2538 Vides
2822 2483 3006 2553 igitur,
3040 2485 3234 2554 inquit,
3264 2487 3407 2553 quod
3439 2486 3527 2540 hic

1967 2589 2051 2635 est
2080 2580 2242 2645 Deus,
2272 2578 2540 2648 quisolus
2567 2586 2668 2640 est,
2700 2586 2753 2631 et
2782 2586 2967 2646 postea
3001 2578 3052 2630 in
3083 2578 3243 2632 terris
3277 2582 3448 2642 visus,
3473 2587 3529 2633 et

1967 2686 2091 2726 cum
2136 2670 2447 2725 hominibus
2500 2670 2886 2724 conversatus?
2913 2668 2979 2722 Et
3011 2670 3063 2723 in
3112 2671 3219 2724 alio
3262 2670 3381 2725 loco
3406 2671 3523 2725 ait:

1975 2781 1994 2814 ι
2049 2760 2336 2816 Laboravit
2379 2759 2675 2831 Egyptus,
2708 2769 2760 2814 et
2785 2769 3089 2815 mercatura
3129 2760 3444 2831 Ethiopum
3474 2770 3529 2815 et

1971 2850 2222 2916 Sabaim;
2270 2850 2371 2904 viri
2420 2850 2549 2905 celsi
2595 2851 2647 2903 in
2698 2858 2749 2904 te
2796 2851 3122 2916 transibunt,
3167 2862 3221 2907 et
3262 2852 3338 2907 tui
3384 2852 3525 2907 servi

312 2935 513 2989 θιόπων
546 2936 641 2989 καὶ
672 2939 719 2989 οἱ
751 2938 1015 3008 Σαϐαεὶμ,
1055 2938 1241 3009 ἄνδρες
1267 2938 1456 3009 ὑψηλοὶ
1488 2938 1579 2991 ἐπὶ
1607 2938 1666 2991 σὲ
1696 2937 1863 3009 διαδή-

1971 2951 2163 3007 erunt;
2198 2950 2252 2996 et
2283 2942 2437 2996 ibunt
2465 2953 2587 3011 post
2626 2952 2679 2997 te
2704 2943 2869 2997 vincti
2897 2943 3127 3000 vinculis
3162 2961 3440 3012 manuum,
3474 2953 3530 2999 et

314 3043 493 3079 σονται
542 3024 673 3097 [καὶ
734 3029 817 3081 σοὶ
865 3028 1075 3082 ἔσονται
1124 3028 1331 3100 δοῦλοι]
1379 3030 1470 3082 καὶ
1520 3028 1863 3100 πορεύσονται

1972 3032 2027 3085 in
2056 3039 2109 3085 te
2133 3029 2469 3093 adorabunt,
2500 3031 2627 3100 quia
2657 3031 2711 3084 in
2752 3039 2803 3084 te
2832 3042 2915 3086 est
2950 3030 3090 3087 Deus
3114 3050 3129 3098 ;
3157 3039 3210 3086 et
3242 3032 3295 3086 in
3327 3041 3381 3087 te
3407 3048 3529 3102 pre-

312 3118 484 3171 όπέσω
515 3135 608 3171 σου
638 3118 905 3189 δεδεμένοι
936 3121 992 3173 ὲν
1013 3120 1369 3191 χειροπέδαις,
1394 3121 1486 3173 καὶ
1510 3122 1566 3173 ὲν
1598 3122 1679 3175 σοι
1706 3138 1871 3193 προσ-

313 3211 651 3279 κυνήσουσινσ
671 3210 751 3262 ὅτι
789 3211 846 3264 ἐν
880 3210 962 3263 σοὶ
990 3213 1017 3264 6
1046 3210 1178 3272 Θεός
1201 3212 1366 3275 ἐστιν,
1397 3212 1490 3264 καὶ
1514 3214 1570 3265 ὲν
1601 3212 1681 3265 σοι
1705 3230 1872 3284 προσ-

315 3299 576 3364 εύξονται’
622 3300 715 3353 καὶ
758 3300 858 3353 οὑκ
889 3299 1037 3352 ἐστιν
1063 3299 1193 3362 Θεὸς
1238 3300 1374 3371 πλὴν
1409 3300 1521 3353 σοῦ.
1588 3302 1660 3353 Σὺ
1691 3302 1799 3373 γὰρ
1823 3297 1872 3353 εἷ

314 3389 465 3455 Θεὸς,
498 3390 594 3444 καὶ
618 3392 717 3445 οὐκ
747 3391 964 3462 ᾔδειμεν
983 3394 1038 3444 ’ὁ
1067 3390 1199 3454 Θεὸς
1232 3390 1323 3443 τοῦ
1363 3391 1575 3462 Ἰσραὴλ
1604 3393 1814 3463 Σωτήρ.
1846 3409 1865 3441 ›

325 3481 509 3553 Ὁρᾷς,
528 3483 708 3553 φησιν,
736 3483 851 3546 πῶς
877 3483 971 3535 ἕνα
999 3483 1128 3535 Θεὸν
1158 3482 1519 3554 κηρύσσουσιν
1544 3484 1598 3535 αἱ
1625 3483 1867 3553 Γραφαί;

315 3574 516 3627 Τούτου
545 3575 816 3645 ἐμφανοῦς
836 3574 1180 3644 δεικνυμένου
1198 3613 1212 3637 ,
1239 3573 1345 3627 τῶν
1368 3572 1537 3637 οὕτως
1567 3590 1869 3645 μαρτυρου-

317 3666 527 3737 μένων,
570 3668 837 3739 ἀνάγκην,
874 3668 1057 3739 φησὶν,
1107 3666 1215 3736 ἔχω
1255 3666 1371 3729 ἐνὸς
1414 3665 1867 3736 ὁμολογουμένου,

313 3755 498 3809 τοῦτον
521 3757 624 3810 ὑπὸ
658 3757 825 3821 πάθος
864 3757 1065 3828 φέρειν.
1095 3756 1326 3826 Χριστὸς
1363 3756 1472 3825 γὰρ
1507 3750 1574 3825 ἦν
1605 3754 1755 3819 Θεὸς,
1778 3754 1870 3807 καὶ

310 3847 549 3919 ἔπασχεν
581 3851 647 3904 δι’
679 3852 843 3921 ἡμᾶς,
876 3849 1037 3912 αὐτὸς
1065 3848 1138 3902 ὢν
1170 3850 1198 3901 ὁ
1238 3848 1443 3919 Πατὴρ,
1473 3849 1558 3901 ἵνα
1582 3849 1673 3900 καὶ
1703 3847 1869 3901 σῶσαι

314 3941 462 4012 ἡμᾶς
494 3942 711 4014 δυνηθῇ.
748 3943 908 3996 Ἀλλο
948 3944 1025 4008 δὲ,
1059 3942 1241 4013 φησιν,
1273 3942 1332 3993 οὺ
1371 3939 1639 4010 δυνάμεθα
1674 3939 1864 4008 λέγειν·

314 4034 409 4085 καὶ
450 4033 557 4105 γὰρ
596 4036 625 4087 6
679 4034 992 4098 Ἀπόστολος
1032 4036 1128 4089 ἕνα
1175 4034 1307 4086 Θεὸν
1360 4031 1627 4103 ὁμολογεῖ,
1675 4031 1864 4100 λέγων·

322 4140 342 4173 ι
376 4118 476 4175 Ὧν
511 4126 559 4176 οἱ
606 4124 860 4196 πατέρες,
890 4124 948 4191 ἐξ
976 4119 1051 4178 ὧν
1083 4123 1313 4195 Χριστὸς
1351 4123 1410 4175 τὸ
1439 4121 1578 4175 κατὰ
1613 4122 1807 4194 σάρκα,
1841 4124 1871 4175 6

314 4210 393 4264 ὢν
425 4214 515 4265 ἐπὶ
542 4213 754 4265 πάντων
784 4213 914 4274 Θεὸς
948 4212 1235 4283 εὐλογητὸς
1258 4212 1336 4274 εἰς
1359 4211 1481 4272 τοὺς
1510 4208 1730 4271 αἰῶνας.
1776 4227 1794 4260 ι

1970 3123 2270 3188 cabuntur,
2321 3125 2449 3194 quia
2495 3138 2600 3177 non
2650 3131 2734 3178 est
2764 3120 2907 3177 Deus
2947 3131 3139 3191 praeter
3175 3131 3243 3177 te.
3274 3120 3354 3177 Tu
3380 3125 3527 3178 enim

1969 3224 2028 3264 es
2058 3207 2218 3274 Deus,
2253 3219 2307 3265 et
2352 3211 2709 3277 nescivimus;
2741 3211 2883 3265 Deus
2925 3211 3085 3265 Israel
3130 3211 3377 3286 Salvator
3404 3213 3470 3267 ³³.
3504 3232 3525 3266 ι

1970 3299 2154 3362 Vides.
2205 3302 2417 3372 inquit,
2465 3303 2736 3372 quomodo
2788 3300 3081 3371 Scriptura:
3130 3318 3298 3356 unum
3360 3303 3527 3357 Deum

1968 3393 2299 3461 praedicant?
2327 3394 2463 3448 Cum
2513 3394 2615 3448 hoc
2658 3402 2841 3461 aperte
2890 3395 3222 3449 declaratum
3275 3394 3367 3460 sit,
3402 3409 3527 3449 cum

1971 3486 2084 3540 hate
2112 3486 2192 3541 sic
2218 3494 2517 3540 contestata
2554 3485 2700 3549 sint;
2732 3500 2953 3539 necesse
2995 3495 3097 3548 est,
3131 3500 3241 3540 uno
3269 3502 3364 3556 per
3396 3502 3529 3543 con-

1969 3576 2258 3632 fessionem
2281 3578 2593 3640 eonstituto,
2623 3577 2767 3631 hunc
2794 3577 3033 3646 passioni
3061 3578 3346 3647 subjicere.
3371 3580 3532 3634 Chri-

1969 3676 2086 3721 stus
2107 3665 2249 3719 enim
2280 3674 2395 3719 erat
2424 3664 2584 3731 Deus,
2611 3674 2664 3719 et
2692 3676 2911 3734 propter
2939 3681 3038 3720 nos
3070 3681 3266 3735 passus
3293 3677 3376 3723 est
3401 3685 3526 3723 cum

1968 3763 2113 3811 esset
2158 3754 2353 3819 Pater,
2409 3766 2469 3809 ut
2506 3764 2689 3824 posset
2734 3756 2916 3810 salvos
2974 3771 3073 3810 nos
3113 3756 3311 3812 facere.
3364 3758 3527 3815 Aliud

1967 3847 2136 3911 enim,
2163 3846 2355 3916 inquit,
2392 3845 2567 3900 dicere
2598 3860 2704 3899 non
2729 3860 3021 3915 possumus
3053 3866 3065 3902 :
3092 3848 3358 3918 siquidem
3390 3850 3529 3919 Apo-

1968 3938 2138 3993 stolus
2167 3952 2333 3991 unum
2362 3936 2530 3991 Deum
2561 3935 2875 4003 conﬁtetur,
2907 3954 3033 3994 cum
3078 3940 3192 3993 ait:
3232 3958 3251 3989 σ
3284 3939 3529 4006 Quorum

1969 4038 2180 4098 patres,
2208 4044 2274 4084 ex
2304 4029 2501 4100 quibus
2537 4025 2789 4083 Christus
2835 4031 3134 4084 secundum
3168 4046 3409 4099 carnem,
3435 4032 3529 4103 qui

1968 4132 2049 4175 εει
2071 4119 2212 4177 Deus
2235 4120 2547 4176 benedictus
2572 4119 2627 4173 in
2660 4121 2853 4176 saaeula
2880 4120 2943 4175 ³⁸.
2977 4139 2995 4172 ι

384 4304 493 4358 Καὶ
535 4304 705 4357 ταῦτα
744 4303 1017 4375 βούλονται
1044 4302 1182 4356 οὕτω
1225 4300 1522 4370 διηγεῖσθαι
1570 4300 1665 4353 xal.
1691 4300 1863 4364 αὐτοῖς

2042 4292 2131 4353 Ill.
2161 4296 2251 4353 Sic
2278 4298 2467 4352 volunt
2493 4298 2593 4353 ista
2620 4292 2867 4363 recitare,
2893 4306 2946 4351 et
2975 4297 3051 4351 uti
3082 4297 3365 4365 mutilatis,
3388 4298 3532 4354 sicut

319 4396 595 4469 μονόκωλα
627 4395 736 4468 (75)
781 4394 1071 4468 χρώμενοι,
1101 4394 1160 4446 δν
1204 4394 1400 4465 τρόπον
1447 4388 1596 4445 εἶπεν
1623 4390 1871 4455 Θεόδοτος

1975 4389 2104 4445 fecit
2134 4389 2462 4457 Theodotus,
2492 4404 2613 4444 cum
2653 4390 2811 4443 vellet
2845 4388 3071 4459 probare
3101 4387 3379 4444 Christum
3411 4405 3531 4445 esse

388 4580 433 4612 ⁸³
461 4577 630 4633 Exod.
664 4593 745 4643 ιιι,
789 4577 845 4632 6.
922 4576 966 4609 ’°
994 4575 1163 4632 Exod.
1199 4592 1289 4643 xx,
1326 4576 1378 4629 5.
1459 4575 1499 4607 ³¹
1532 4575 1635 4631 Isa.
1686 4584 1863 4641 xuv,‘

1991 4574 2033 4606 "
2063 4573 2295 4630 Baruch.
2334 4590 2425 4643 ιιι,
2456 4572 2643 4630 56-58.
2720 4575 2765 4606 ³³
2797 4573 2902 4630 lsa.
2956 4590 3080 4641 ην,
3127 4575 3216 4631 14.
3293 4576 3338 4608 ³⁸
3368 4575 3527 4631 Rom.

316 4665 409 4711 ιι,
440 4650 495 4703 5.

388 4790 499 4859 (71)
539 4790 681 4843 Ἕνα
719 4790 883 4853 Θεὸν,
915 4807 966 4843 κ.
1014 4807 1064 4842 τ.
1115 4788 1164 4853 λ,
1202 4786 1332 4853 Qua!
1370 4794 1692 4859 sequuntur,
1739 4796 1866 4840 sunt

315 4856 436 4930 ipsa
482 4856 650 4915 verba
703 4859 965 4931 Symboli,
1008 4859 1169 4931 quale
1206 4866 1383 4931 ex_stat
1414 4856 1565 4931 apud
1600 4858 1861 4909 Irenaaum

317 4927 411 4985 lib.
442 4946 481 4994 ι,
515 4946 560 4984 c.
599 4931 633 4983 2
662 4927 801 4999 seq.,
832 4930 925 4983 lib.
958 4927 1038 4991 ιιι,
1066 4944 1114 4982 ε.
1144 4928 1207 4989 4;
1245 4927 1634 4999 Tertullianum
1666 4934 1865 4999 contra

320 5000 602 5060 Praxeam,
648 5015 697 5054 ε.
732 4995 786 5062 9,
821 5008 874 5053 et
902 4999 979 5053 De
1008 4999 1337 5065 Prwscript.,
1366 5012 1415 5051 c.
1448 4997 1535 5062 l3,
1566 5004 1620 5050 ct
1655 4995 1727 5049 De
1759 4997 1863 5048 vir-

318 5072 525 5141 ginibus
548 5070 802 5141 vetandis,
829 5085 878 5124 c.
910 5070 955 5141 ι,
983 5077 1087 5141 etc.
1115 5064 1333 5125 Faenio.

387 5139 498 5209 (72)
555 5132 1380 5209 ἘξέωσαντῆςἙκκληοξζας.
1422 5132 1647 5209 Noetnm
1699 5133 1857 5209 dant-

316 5204 505 5263 natum
535 5224 565 5263 a
595 5208 911 5277 Tranquillo
939 5209 1190 5277 episcopo
1230 5204 1720 5277 Chalcedoniorum
1763 5204 1862 5275 Sy—

316 5281 432 5343 riae,
460 5279 647 5334 scribit
668 5274 855 5332 auctor
880 5274 1267 5334 Prdtdestinati.
1299 5290 1416 5343 cap.
1454 5274 1541 5327 50.
1571 5275 1723 5343 Quod
1762 5289 1861 5327 au-

314 5342 424 5419 tem
466 5350 518 5401 in
556 5348 823 5419 Synodico
860 5348 1035 5419 libello
1077 5361 1194 5413 cap.
1240 5344 1341 5419 ὄρ,
1370 5342 1517 5419 legis
1546 5344 1599 5397 in
1642 5342 1860 5414 Synodo

315 5416 561 5471 Romana
597 5413 909 5471 damnatum
935 5416 1162 5470 Noetum
1201 5431 1229 5468 a
1281 5413 1694 5483 Papa’Victore,
1726 5423 1861 5466 tem-

315 5503 511 5554 porum
542 5489 681 5541 ratio
718 5504 822 5542 non
858 5491 1074 5557 patitur.
1114 5485 1217 5539 Sed
1249 5483 1639 5557 suntqutedam
1678 5492 1731 5537 et
1755 5484 1858 5557 alia

315 5552 371 5611 in
394 5558 487 5611 illo
517 5557 787 5628 Synodico
810 5552 997 5628 parum
1033 5563 1284 5628 accurato
1310 5552 1525 5613 tradita,
1561 5554 1682 5607 licet
1722 5552 1857 5606 scri-

313 5637 468 5750 ίιίιιιιιι
498 5624 704 5754 lipsum
754 5624 955 5696 alioqui
997 5635 1079 5681 est
1142 5624 1453 5693 neutiquam
1507 5631 1856 5679 contemnen-

356 5710 467 5751 um.
524 5714 576 5753 ι).

356 5710 467 5751 um.
498 5710 576 5753 ID.

2040 4785 2151 4857 (75)
2183 4785 2401 4857 Μογςόκ.
2428 4783 2722 4857 Μονόκωλα
2755 4792 2980 4857 apparet
3003 4783 3381 4857 adverbialiter
3402 4785 3528 4857 poni

1964 4852 2063 4925 pro
2089 4852 2402 4926 μονοκώλως
2428 4865 2490 4926 e_t_
2512 4852 2848 4926 μονοτύπώς,
2871 4855 3071 4926 quibus
3096 4854 3272 4926 verbis
3304 4852 3531 4926 Epipha-

1965 4923 2111 4990 nius,
2141 4941 2264 4995 pag.
2293 4925 2417 4995 481,
2452 4923 2719 4995 Hippolyti
2760 4924 3003 4995 vestigiis
3049 4924 3526 4995 insistensutitur.

1964 4992 2250 5066 Βούλονται
2380 4992 2680 5066 διηγεῖσθαι
2718 4993 3031 5066 μονοκὼλῳς
3061 4992 3249 5066 τοῦτον
3278 4993 3369 5066 τὸν
3401 4994 3529 5065 τρό-

1963 5083 2062 5118 πον
2096 5066 2171 5128 ὠς
2217 5064 2485 5127 Θεόδοτος.
2533 5063 2738 5120 Sensus
2782 5074 2894 5129 est,
2930 5063 3221 5117 Noctianos
3256 5063 3321 5115 ad
3357 5063 3527 5118 unum

1964 5134 2338 5190 tantummodo
2372 5134 2426 5188 in
2457 5134 2790 5204 explicandis
2844 5133 2901 5189 S.
2950 5131 3252 5204 Scriptura
3275 5132 3340 5185 de
3368 5132 3529 5186 Chri-

1964 5214 2049 5259 sto
2082 5204 2241 5259 dictis
2283 5204 2444 5259 veluti
2483 5201 2783 5258 membrum
2824 5201 3113 5272 respicere,
3148 5201 3383 5272 divinam
3419 5204 3528 5257 sci-

1963 5274 2090 5329 licet
2129 5284 2373 5328 naturam
2407 5290 2420 5326 :
2455 5273 2530 5327 uti
2566 5273 2802 5327 vicissim
2838 5270 3150 5326 Theodotus
3197 5270 3262 5325 ad
3297 5270 3526 5328 alterum

1962 5359 2249 5399 recurrens
2274 5352 2574 5398 extremum
2604 5343 2656 5395 in
2686 5343 2799 5397 sola
2832 5342 3065 5396 hauebat
3092 5339 3446 5406 humanitate,
3474 5352 3529 5397 et

1964 5412 2239 5468 Christum
2288 5414 2493 5465 nmium
2550 5428 2672 5466 esse
2721 5412 2997 5465 hominem
3070 5410 3393 5465 aﬂirmabat.
3446 5409 3526 5466 De

1966 5480 2243 5537 Theodoto
2288 5490 2481 5549 praeter
2528 5482 2663 5535 alios
2714 5481 2960 5532 meminit
3006 5478 3167 5533 etiam
3202 5479 3525 5537 Timotheus

1965 5553 2244 5620 presbyter
2290 5548 2319 5603 ἐι
2371 5548 2857 5620 Cotelerioeditus
2896 5549 3219 5620 Monument.
3262 5557 3393 5620 tom.
3430 5550 3521 5615 l’ll,

1963 5618 2086 5691 pag.
2116 5621 2218 5674 389
2248 5636 2259 5670 :
2289 5619 2485 5691 Τοῦτον
2517 5621 2604 5671 τὸν
2631 5618 3067 5691 Θεόδοτόνφασιν
3093 5619 3190 5691 τῆς
3211 5618 3305 5673 τοῦ
3330 5619 3524 5691 Σαμω-

1966 5637 2083 5691 pag.
2116 5637 2218 5674 σου
2248 5637 2259 5670 :
2300 5637 2485 5673 ιουτον
2517 5637 2604 5671 τον
2631 5637 2877 5670 σεοοοτον
2906 5637 3067 5685 φασιν
3093 5637 3190 5688 της
3211 5637 3305 5673 του
3330 5637 3522 5742 ιαδιω-

1966 5690 2167 5752 σατέως
2216 5689 2475 5759 αἱρέσεως
2524 5688 2760 5761 ἀρχηγὸν
2817 5690 2909 5741 κα).
2978 5689 3190 5760 πατέρα
3246 5690 3407 5759 γενέσ
3440 5707 3522 5755 αι,
