3852 6208
294 208 392 266 309

1454 206 1745 269 CONTRA,
1768 205 2091 264 HERESIN
2130 206 2357 265 NOETI.

3443 204 3559 321 8m;

293 332 437 404 ὐμῖνο
486 335 518 387 ό
551 333 771 406 ἐγείρας
817 332 909 386 τὸν
949 331 1180 404 Χριστὸν
1245 329 1451 402 Ἰησοῦν
1504 332 1569 384 ὲκ
1619 330 1858 403 νεκρῶν,

1979 328 2263 383 viviﬁcabit
2292 329 2455 385 etiam
2497 331 2748 385 mortalia
2784 348 3011 403 corpora
3043 344 3219 390 vestra
3250 351 3345 406 per
3386 335 3549 392 inha-

290 422 615 497 ζωοποιήσει
645 425 741 483 καὶ
774 423 841 478 τὰ
872 423 1043 496 θνητὰ
1073 422 1298 496 σώματα
1326 421 1479 494 ὐμῶν
1506 421 1595 476 διὰ
1617 422 1710 477 τοῦ
1736 423 1869 477 ἐνοι-

291 515 510 580 κοῦντος
557 514 724 570 αὐτοῦ
790 513 1109 585 Πνεύματος
1166 514 1225 566 ἐν
1279 513 1428 584 ὑμῖν.
1472 532 1492 565 ι
1545 513 1675 568 Ἰδού
1720 512 1873 567 συνέ-

296 623 457 677 στηκε
487 605 547 659 τὸ
567 605 659 660 διὰ
678 604 773 660 τοῦ
805 606 1086 679 προφήτου
1118 606 1424 678 εἰρημένον·
1450 626 1470 660 ι
1506 604 1646 676 Ἐγὼ
1675 608 1871 679 ήγειρα

296 699 431 771 μετά
450 698 813 771 δικαιοσύνης.
848 717 867 751 ι
898 698 971 751 Τὸ
998 698 1056 752 δὲ
1090 700 1286 762 εἰπεῖν,
1319 698 1401 752 ὅτι
1435 717 1455 751 ι
1489 699 1547 752 ὲν
1580 700 1663 753 σοι
1687 700 1716 753 6
1739 698 1872 763 Θεός

294 794 457 854 ἐστιν,
500 810 519 842 ι
547 791 788 845 ἐδείκνυε
832 790 1130 861 μυστήριον
1173 790 1511 860 οἰκονομίας,
1552 792 1635 844 ὅτι
1679 808 1873 863 σεσαρ-

292 881 538 951 κωμένου
562 880 657 935 τοῦ
684 881 880 950 Λόγου,
910 881 1021 948 κοιλ.⁴
1045 867 1566 953 ὲνανθρωπήσαντος
1583 922 1598 947 ,
1624 882 1653 935 6
1682 882 1871 956 Πατὴρ

291 966 359 1041 ἦν
382 971 438 1024 ὲν
467 969 545 1041 τῷ
574 969 708 1042 Υίῷ,
738 971 833 1026 καὶ
868 971 897 1024 6
937 970 1066 1035 Υἱὸς
1090 973 1147 1025 ἐν
1183 971 1263 1043 τῷ
1299 973 1493 1044 Πατρὶ,
1526 973 1874 1043 ἐμπολιτευο-

296 1062 457 1129 μένου
488 1061 580 1116 τοῦ
610 1061 739 1116 Υίοῦ
768 1064 825 1115 ὲν
857 1060 1182 1134 ἀνθρώποις.
1210 1062 1380 1117 Τοῦτο
1407 1059 1500 1118 οὖν
1522 1065 1871 1136 ἐσημαίνετο,

291 1148 531 1220 ἀδελφοὶ,
578 1152 660 1205 ὅτι
692 1151 860 1216 ὅντως
906 1152 1203 1223 μυστήριον
1246 1153 1557 1224 οἰκονομίας
1598 1155 1662 1207 ὲκ
1702 1156 1875 1208 Πνεύ-

295 1260 463 1313 ματος
504 1243 661 1311 ἁγίου
693 1237 762 1314 ἦν
804 1235 960 1307 οὗτος
1006 1242 1053 1294 ὀρ
1080 1244 1252 1312 Λόγος
1294 1244 1390 1297 καὶ
1434 1243 1748 1318 Παρθένου,
1777 1245 1877 1300 ἕνα

293 1336 420 1390 Υἱὸν
466 1335 588 1406 Θεῷ
627 1336 1080 1407 ἀπεργασάμενος
1127 1335 1258 1407 (76).
1308 1334 1478 1399 Τοῦτο
1519 1336 1575 1389 δὲ
1621 1337 1721 1390 οὐκ
1765 1336 1877 1407 ἐγὼ

289 1427 454 1497 λέγω,
499 1428 613 1481 ἀλλ’
650 1428 813 1491 αὐτὸς
858 1423 1124 1501 μαρτυρεῖ
1152 1431 1181 1482 ὁ
1222 1429 1464 1493 καταϐὰς
1493 1431 1559 1483 ἐκ
1590 1430 1684 1483 τοῦ
1713 1430 1877 1502 οὐρα-

291 1517 405 1572 νοῦ“
439 1518 581 1571 οὕτω
628 1518 737 1588 γὰρ
765 1518 935 1587 λέγει·
982 1537 1001 1570 ι
1045 1519 1235 1583 Οὐδεὶς
1281 1518 1619 1591 ἀναϐέϐηκεν
1664 1521 1743 1583 είς
1787 1520 1875 1573 τὸν

1972 421 2233 477 bitantem
2262 420 2521 492 Spiritum
2553 422 2672 492 ejus
2702 424 2757 478 iu
2790 426 2944 481 vobis
2975 427 3040 480 ³⁵.
3079 446 3098 479 ι
3132 427 3274 485 Ecce
3297 443 3553 498 compro-
3582 436 3592 453 ‘

1974 511 2122 566 bavit
2151 510 2296 581 quod
2330 512 2533 567 dictum
2574 523 2658 571 est
2687 529 2783 584 per
2820 516 3139 586 prophetam
3173 537 3186 572 :
3231 536 3250 570 ι
3285 517 3397 588 Ego
3424 534 3549 573 sus-

1970 602 2133 657 citavi
2164 618 2287 659 cum
2319 604 2555 674 iustitia.
2590 625 2608 657 ι
2637 604 2790 671 Quod
2827 615 3006 663 autem
3040 611 3212 665 dixit:
3254 630 3273 663 ι
3305 610 3361 666 1ιι
3394 620 3446 667 te
3470 625 3553 667 est

1974 691 2145 755 Deus,
2187 712 2206 745 ι
2239 693 2476 749 ostendit
2518 696 2833 766 mysterium
2871 699 3211 766 oeconomiae,
3250 701 3299 755 id
3333 714 3418 757 est
3464 703 3551 757 in-

1972 786 2329 852 carnationis,
2363 788 2509 858 quod
2536 774 2819 844 incarnato
2847 788 3026 845 Verbo
3051 800 3105 847 et
3132 791 3275 849 facto
3306 795 3548 859 homine,

1973 873 2134 930 Pater
2163 887 2281 932 erat
2314 878 2366 931 in
2400 877 2559 944 Filio,
2591 887 2646 933 et
2674 878 2843 936 Filius
2879 880 2931 935 in
2978 880 3160 947 Patre,
3188 894 3551 942 conversante

1974 963 2115 1019 Filio
2145 982 2269 1022 cum
2301 968 2635 1025 hominibus.
2669 968 2782 1025 Hoc
2810 971 2994 1040 igitur,
3024 972 3242 1039 fratres,
3275 977 3554 1047 signiﬁca-

1975 1055 2157 1121 batur,
2203 1059 2351 1127 quod
2382 1073 2507 1114 vere
2536 1061 2857 1132 mysterium
2891 1062 3288 1123 incarnationis
3329 1085 3396 1124 ex
3432 1068 3554 1139 Spi-

1972 1145 2083 1200 ritu
2114 1157 2303 1203 sancto
2349 1159 2402 1204 et
2442 1165 2507 1205 ex
2538 1149 2759 1222 Virgine
2801 1162 2917 1207 erat
2963 1155 3065 1211 hoc
3109 1156 3370 1225 Verbum,
3402 1168 3552 1233 quod

1976 1248 2256 1306 operatum
2308 1251 2389 1295 est
2434 1239 2546 1296 Deo
2594 1242 2793 1298 Filium
2843 1261 3033 1302 unum.
3086 1247 3197 1305 [Ioc
3235 1261 3415 1307 autem
3444 1271 3557 1312 non

1976 1343 2077 1399 ego
2112 1328 2256 1396 dico,
2305 1332 2396 1386 sed
2439 1332 2555 1402 ipse
2591 1342 2822 1389 testatur
2848 1338 2939 1407 qui
2968 1339 3035 1393 de
3057 1340 3212 1396 cmlis
3248 1342 3553 1401 descendit.

1979 1417 2069 1474 Sic
2114 1422 2259 1475 enim
2310 1423 2387 1477 ait
2437 1439 2507 1475 τι
2550 1422 2720 1480 Nemo
2762 1430 3005 1484 ascendit
3054 1431 3109 1483 in
3164 1434 3396 1502 caelum,
3446 1436 3555 1493 nisi

1977 1513 2069 1583 qui
2117 1515 2185 1570 de
2221 1516 2361 1570 caelo
2394 1516 2706 1583 descendit,
2741 1517 2912 1576 Filius
2959 1523 3194 1579 hominis
3242 1527 3337 1597 qui
3369 1540 3453 1585 est
3496 1530 3554 1585 in

289 1610 537 1685 οὐρανὸν,
568 1611 617 1663 εἰ
641 1610 717 1682 μὴ
745 1612 774 1664 6
811 1612 876 1664 ἐκ
904 1609 994 1665 τοῦ
1031 1611 1259 1683 οὐρανοῦ
1302 1611 1547 1675 καταϐὰς
1576 1614 1604 1666 6
1627 1612 1752 1676 Υἱὸς
1779 1612 1873 1665 τοῦ

1979 1606 2118 1661 ccelo
2148 1606 2214 1661 ⁸ο.
2243 1625 2263 1658 ι
2297 1605 2439 1674 Quid
2483 1608 2647 1678 igitur
2674 1611 2869 1679 quaerit
2902 1611 3003 1667 iste
3032 1623 3229 1683 praeter
3278 1618 3381 1673 hoc
3407 1621 3556 1689 quod

288 1676 603 1774 ἀνθρώπου,
690 1676 766 1755 ὧν
804 1702 863 1756 ὲν
892 1701 970 1774 τῷ
1002 1676 1231 1774 οὐρανῷ.
1274 1722 1293 1755 ι
1322 1703 1387 1756 Τί
1416 1698 1510 1758 οὖν
1542 1704 1699 1774 ζητεῖ
1723 1701 1873 1774 παρὰ

1979 1698 2182 1765 dictum
2210 1698 2327 1753 est?
2351 1676 2607 1769 Nunquid
2633 1676 2881 1756 dicturus
2907 1710 2991 1757 est
3015 1676 3162 1773 quod
3193 1720 3322 1760 caro
3349 1676 3466 1763 erat
3497 1712 3553 1764 in

288 1794 352 1848 τδ
395 1794 718 1867 είρημένον;
765 1794 913 1866 Μήτι
960 1796 1096 1869 ὲρεί,
1142 1796 1227 1849 ὅτι
1260 1796 1318 1850 έν
1355 1793 1569 1868 οὐρανῷ
1609 1795 1748 1868 σὰρξ
1768 1791 1872 1867 ἦν;

298 1886 459 1939 Ἔστι
505 1885 604 1957 μὲν
631 1880 725 1940 οὖν
755 1885 892 1959 σὰρξ
914 1889 949 1959 ή
984 1887 1090 1941 ὑπὸ
1123 1887 1220 1941 τοῦ
1265 1888 1441 1958 Λόγου
1469 1888 1565 1941 τοῦ
1609 1886 1873 1958 Πατρῴου

289 1977 716 2049 προσενεχθεῖσα
763 1979 956 2050 δῶρον,
989 1980 1023 2051 ή
1057 1980 1123 2034 ἑκ
1161 1979 1479 2051 Πνεύματος
1526 1980 1622 2034 καὶ
1659 1979 1870 2051 Παρθέ⁴

289 2085 383 2121 νου
407 2107 424 2132 ,
472 2069 679 2132 τέλειος
721 2067 852 2133 Υἱὸς
904 2068 1040 2122 Θεοῦ
1090 2069 1553 2141 ἀποδεδειγμένος.
1599 2068 1871 2140 Πρόδηλον

288 2153 404 2222 οὖν,
440 2158 522 2210 ὅτι
554 2158 716 2222 αὐτὸς
754 2157 945 2212 ἑαυτὸν
990 2159 1293 2231 προσέφερε
1332 2158 1411 2230 τῷ
1437 2157 1631 2230 Πατρί.
1666 2157 1779 2231 Πρὸ
1814 2157 1871 2211 δὲ

288 2250 480 2304 τούτου
530 2250 590 2304 ὲν
630 2249 845 2323 οὐρανῷ
893 2250 1028 2323 σὰρξ
1058 2252 1158 2305 οὐκ
1192 2247 1279 2323 ἦν.
1321 2251 1418 2315 Τίς
1454 2247 1548 2305 οὖν
1585 2247 1653 2322 ἦν
1691 2251 1749 2303 ὲν
1782 2249 1872 2303 οὐ·

292 2341 442 2415 ρανῷ
489 2342 606 2396 ἀλλ’
636 2341 671 2414 ἦ
701 2343 874 2411 Λόγος
925 2344 1164 2417 ἄσαρκος
1182 2383 1198 2409 ,
1227 2343 1553 2408 ἀποσταλεὶς
1597 2344 1683 2396 ἴνα
1717 2341 1871 2416 δείξῃ

288 2432 453 2486 αὐτὸν
478 2433 572 2485 ἐπὶ
592 2431 697 2503 γῆς
722 2431 872 2498 ὄντα,
901 2429 1040 2488 εἶναι
1069 2435 1162 2488 καὶ
1195 2435 1252 2488 ἐν
1286 2434 1532 2507 οὐρανῷ;
1562 2434 1735 2503 Λόγος
1758 2434 1868 2509 γὰρ

283 2517 356 2591 ἦν
384 2522 521 2595 (77),
551 2522 771 2594 πνεῦμα
798 2518 888 2595 ἦν,
915 2524 1141 2596 δύναμις
1168 2520 1257 2596 ἦν.
1283 2521 1380 2590 Εἷς
1406 2526 1468 2580 τὸ
1496 2526 1672 2581 κοινὸν
1696 2526 1868 2599 ὄνομα

289 2615 385 2669 καὶ
413 2614 566 2687 παρὰ
597 2613 904 2688 ἀνθρώποις
931 2617 1198 2688 χωρητὺν,
1229 2617 1597 2688 ἀνελάμϐανεν
1627 2620 1707 2679 εἰς
1740 2619 1869 2675 εαυ-

290 2706 380 2762 τδν
407 2707 588 2771 τοῦτο,
626 2706 956 2779 καλούμενος
983 2707 1078 2760 ἀπ’
1104 2708 1278 2779 ἀρχῆς
1307 2706 1434 2771 Υἱὸς
1464 2706 1748 2779 ἀνθρώπου
1777 2707 1866 2763 διὰ

289 2800 351 2853 τὸ
384 2799 598 2872 μέλλον,
626 2800 802 2854 καίτοι
839 2800 1004 2872 μήπω
1032 2799 1109 2854 ὢν
1139 2799 1444 2872 ἄνθρωπος,
1475 2799 1655 2863 καθὼς
1687 2802 1716 2853 6
1759 2803 1865 2853 Δα-

290 2891 412 2964 νιὴλ
453 2894 745 2966 μαρτυρεῖ,
778 2891 983 2962 λέγων·
1024 2912 1042 2944 ι
1079 2890 1266 2957 Εἶδον,
1321 2892 1417 2947 καὶ
1462 2891 1569 2946 ἰδοὺ
1618 2893 1711 2946 ἐπὶ
1758 2892 1866 2948 τῶν

290 2985 532 3055 νεφελῶν
560 2984 653 3038 τοῦ
680 2984 907 3057 οὐρανοῦ
941 2986 1233 3058 ἐρχόμενον
1254 2984 1329 3050 ὡς
1356 2984 1482 3038 Υἰὸν
1506 2983 1814 3057 ἀνθρώπου.
1841 3003 1860 3036 ι

290 3076 528 3140 Δικαίως
572 3071 665 3131 οὗν
713 3078 771 3130 ἐν
810 3074 889 3147 τῷ
919 3075 1133 3148 οὐρανῷ
1165 3076 1293 3130 ὄντα
1327 3075 1512 3145 ἔλεγεν
1552 3076 1725 3148 τούτῳ
1753 3077 1872 3131 ὀνό-

293 3187 446 3240 ματι,
497 3168 656 3223 τοῦτο
696 3170 793 3224 ἀπ’
841 3170 1018 3242 ἀρχῆς
1062 3169 1212 3235 ὅντα,
1254 3160 1536 3224 καλεῖσθαι
1575 3171 1669 3223 ἀπ’
1700 3168 1875 3240 ἀρχῆς

294 3261 465 3330 Λόγον
499 3260 655 3314 Θεοῦ.

374 3354 537 3409 Ἀλλὰ
562 3337 632 3408 ’τί
680 3371 790 3426 μοι,
831 3354 1016 3425 φησιν,
1050 3354 1196 3423 λέγει
1243 3357 1300 3409 ὲν
1350 3356 1555 3427 ἐτέρῳο
1596 3374 1616 3407 ι
1651 3347 1819 3418 Οὗτος
1847 3356 1876 3408 6

291 3449 447 3512 sz'
478 3448 543 3500 οὐ
572 3447 951 3518 λογισθήσεται
991 3446 1176 3519 ἕτερος
1205 3446 1341 3517 πρὸς
1375 3447 1571 3511 αὐτόν;
1618 3466 1635 3499 ι
1677 3445 1877 3511 Καλῶς

290 3537 469 3596 εἶπεν.
506 3539 651 3611 Πρὸς
682 3540 790 3611 γὰρ
820 3540 914 3593 τὸν
951 3539 1172 3611 Πατέρα
1215 3537 1300 3602 τίς
1348 3538 1760 3611 λογισθήσεται;
1819 3544 1878 3596 '0

291 3632 347 3687 δὲ
372 3632 545 3700 λέγει·
592 3649 611 3682 t
654 3626 825 3694 Οὗτος
854 3633 884 3683 6
914 3630 1046 3696 Θεὸς
1066 3631 1250 3703 ήμῶνο
1271 3632 1332 3685 οὐ
1357 3631 1732 3704 λογισθήσεται
1763 3633 1879 3687 ἓτε-

293 3741 389 3795 ρος
409 3723 547 3795 πρὸς
573 3723 756 3777 αὐτόν.
798 3722 1046 3796 Ἑξεῠρεν
1069 3725 1254 3778 πᾶσαν
1286 3724 1404 3778 ὁδὸν
1427 3726 1755 3797 ἐπιστήμης,
1787 3727 1879 3779 καὶ

289 3817 496 3870 ἔδωκεν
538 3814 704 3888 αὐτὴν
760 3814 951 3869 Ἰακὼϐ
982 3814 1061 3886 τῷ
1103 3815 1253 3869 παιδὶ
1291 3815 1478 3879 αὐτοῦ,
1512 3817 1607 3869 καὶ
1665 3815 1880 3888 Ἰσραὴλ

290 3908 372 3980 τῷ
414 3909 759 3981 ἠγαπημένῳ
805 3908 896 3961 ὑπ’
935 3906 1120 3965 αὐτοῦ.
1157 3928 1176 3962 ι
1214 3909 1408 3974 Καλῶς
1445 3909 1610 3978 λέγει.
1644 3909 1740 3973 Τίς
1773 3910 1882 3981 γάρ

291 4003 444 4054 ἐστιν
502 3997 696 4053 Ἰακὼϐ
729 4002 758 4053 ὁ
798 4003 926 4063 παῖς
977 3999 1167 4064 αὐτοῦ,
1208 4000 1425 4072 Ἰσραὴλ
1449 4002 1477 4053 6
1525 4001 1884 4071 ἡγαπημένος

293 4091 389 4145 ὑπ’
423 4090 614 4153 αὐτοῦ,
654 4091 825 4161 ἀλλ’ἢ
867 4085 1021 4156 οὗτος
1047 4094 1175 4167 περὶ
1197 4088 1256 4148 οὗ
1291 4092 1389 4164 βοᾷ
1418 4093 1591 4162 λέγων
1616 4110 1628 4122 ·
1661 4112 1677 4145 ι
1715 4088 1881 4157 Οὗτός

294 4186 448 4236 ἐστιν
480 4184 509 4235 6
542 4184 668 4247 Υἱός
708 4201 810 4256 μου
839 4184 1142 4255 ἀγαπητὸς,
1162 4186 1242 4248 εἰς
1270 4184 1329 4238 ὃν
1361 4184 1664 4257 ηὐδόκησα·
1692 4184 1881 4237 τούτου

222 4328 225 4329 ,
294 4276 558 4342 ἀκούετε;
592 4295 610 4327 ι
642 4277 832 4330 Πᾶσαν
866 4271 960 4329 οὖν
988 4276 1086 4347 τὴν
1118 4277 1426 4349 ἐπιστήμην
1461 4276 1611 4347 παρᾶ
1635 4276 1731 4329 τοῦ
1768 4277 1881 4330 ῐῐα-

307 4472 329 4503 !
358 4452 499 4524 μετά
522 4453 694 4506 ταῦτα
730 4460 823 4514 ἐπὶ
842 4459 944 4530 τῆς
976 4461 1078 4532 γῆς
1106 4459 1283 4531 ὤφθη,
1310 4461 1405 4513 καὶ
1430 4462 1541 4523 τοῖς
1566 4458 1873 4532 ἀνθρώποις

296 4551 731 4623 συνανεστράφη.
783 4570 803 4603 ι
850 4551 1064 4624 Ἰσραὴλ
1099 4551 1210 4624 (78)
1249 4553 1305 4605 δὲ
1352 4552 1435 4616 τίς
1474 4553 1622 4605 ἐστιν
1668 4550 1786 4604 ἀλλ’
1840 4551 1872 4622 ἢ

1976 1789 2154 1844 cmlo?
2191 1787 2288 1844 Est
2330 1789 2494 1857 igitur
2533 1805 2682 1856 caro,
2710 1807 2832 1861 quae
2865 1809 2895 1848 a
2928 1792 3108 1850 Verbo
3145 1796 3323 1856 Patris
3351 1801 3555 1870 oblata,

1977 1886 2037 1931 ut
2080 1892 2281 1932 munus
2329 1886 2443 1943 est;
2475 1894 2623 1943 caro,
2653 1880 2907 1951 inquam,
2946 1899 3010 1939 ex
3050 1884 3255 1957 Spiritu
3285 1900 3475 1946 sancto
3503 1900 3558 1947 et

1974 1965 2200 2040 Virgine
2246 1971 2504 2035 ostensa;
2534 1970 2808 2040 perfectus
2848 1973 3020 2032 Filius
3048 1977 3162 2033 Dei.
3209 1972 3557 2038 Manifestum

1978 2059 2144 2129 igitur
2172 2067 2278 2127 est,
2314 2061 2459 2130 quod
2515 2076 2575 2116 se
2616 2062 2732 2133 ipse
2780 2064 2977 2121 obtulit
3023 2066 3192 2123 Patri.
3222 2072 3393 2128 Antea
3424 2091 3554 2130 vero

1975 2160 2087 2204 non
2139 2162 2256 2205 erat
2306 2150 2360 2204 in
2408 2152 2549 2208 cielo
2595 2167 2743 2209 caro.
2794 2154 2930 2222 Quis
2977 2172 3107 2231 ergo
3145 2169 3263 2215 erat
3307 2163 3363 2218 in
3395 2165 3557 2232 cmlo,
3650 2180 3659 2187 '

1976 2240 2083 2296 nisi
2108 2239 2346 2297 Verbum
2373 2243 2493 2299 sine
2521 2259 2706 2309 carne,
2738 2248 2883 2316 quod
2918 2250 3145 2306 missum
3173 2262 3258 2309 cst
3283 2263 3342 2309 ut
3373 2266 3559 2311 osten-

1974 2330 2127 2386 deret
2161 2348 2219 2389 se
2246 2334 2339 2404 qui
2372 2335 2427 2388 in
2451 2344 2595 2391 terra
2621 2346 2756 2402 erat,
2791 2354 2913 2395 esse
2938 2342 3100 2397 etiam
3127 2343 3181 2398 in
3213 2346 3394 2401 οωιοῖ
3428 2347 3558 2403 Ver-

1975 2420 2103 2477 bum
2145 2424 2293 2479 enim
2337 2434 2474 2491 erat,
2522 2426 2757 2496 Spiritus
2807 2442 2944 2499 erat,
2978 2430 3168 2490 Virtus
3212 2445 3351 2492 erat.
3406 2437 3557 2495 Unus

1969 2532 2261 2572 commune
2320 2533 2519 2574 nomen
2577 2528 2631 2575 et
2677 2521 2731 2576 in
2788 2538 2889 2578 usu
2938 2525 3081 2594 apud
3130 2527 3380 2586 homines
3453 2535 3557 2594 sibi

1969 2610 2221 2681 sumpsit,
2243 2620 2470 2667 vocatus
2500 2625 2530 2665 a
2555 2612 2823 2683 principio
2852 2615 3023 2672 Filius
3053 2617 3309 2688 hominis,
3340 2636 3563 2696 prepter

1968 2700 2211 2759 futurum
2244 2744 2259 2770 ,
2302 2706 2554 2775 quamvis
2588 2706 2829 2762 nondum
2862 2721 3008 2765 esset
3033 2711 3230 2781 homo;
3275 2716 3416 2771 sicut
3445 2717 3554 2774 Da-

1971 2795 2082 2850 niel
2127 2802 2359 2851 testatur
2409 2798 2661 2869 inquiens
2704 2818 2717 2854 :
2762 2819 2780 2851 ι
2813 2800 2958 2868 Vidi,
2990 2812 3044 2858 et
3071 2820 3198 2860 ecce
3229 2807 3281 2861 in
3312 2809 3553 2866 nubibus

1971 2888 2097 2943 coeli
2119 2889 2424 2945 venientem
2450 2898 2713 2960 tanquam
2743 2890 2939 2948 Filium
2972 2895 3206 2952 hominis
3231 2898 3298 2953 δι.
3331 2919 3351 2952 ι
3386 2899 3552 2957 Recte

1899 3016 1941 3075 ο
1976 2980 2141 3052 igitur
2165 2981 2320 3048 dixit,
2361 2998 2486 3038 eum
2511 2983 2604 3053 qui
2635 2983 2689 3038 in
2725 2985 2864 3040 cmlo
2896 2998 3013 3043 erat
3040 2987 3275 3046 Verbum
3309 2990 3424 3061 Dei,
3451 2994 3556 3051 hoc
3662 3006 3671 3011 ‘

1976 3072 2201 3127 nomine
2231 3088 2262 3127 a
2296 3073 2565 3145 principio
2596 3076 2801 3130 vocari.

2052 3357 2118 3413 V.
2150 3359 2253 3415 Sed
2297 3361 2426 3429 quid
2458 3361 2613 3427 mihi,
2648 3363 2843 3434 inquit,
2873 3365 3005 3421 dicit
3043 3366 3323 3439 Scriptura
3359 3373 3412 3428 in
3441 3374 3552 3430 alio

1978 3448 2102 3504 loco
2158 3467 2172 3502 :
2212 3469 2230 3501 ι
2264 3448 2363 3505 IIic
2413 3459 2497 3504 est
2525 3451 2700 3518 Deus;
2737 3469 2845 3508 non
2896 3458 3236 3527 reputabitur
3292 3463 3433 3520 alius
3487 3466 3557 3521 ad

1979 3552 2104 3592 eum
2134 3538 2215 3591 ιη
2262 3557 2281 3589 ι
2342 3538 2504 3593 [lecte
2546 3540 2701 3594 dixit.
2738 3540 2873 3608 Quis
2900 3544 3046 3598 enim
3098 3551 3440 3617 reputabitur
3484 3554 3553 3609 ad

1979 3628 2235 3684 Patrem?
2283 3648 2303 3681 ι
2356 3628 2477 3697 Hic,
2518 3631 2716 3701 inquit,
2746 3634 2890 3691 Deus
2936 3647 3155 3706 noster;
3188 3655 3297 3695 non
3337 3656 3558 3715 reputa-

1982 3721 2129 3777 bitur
2161 3722 2301 3777 alius
2343 3722 2410 3778 ad
2439 3737 2587 3778 eum.
2625 3722 2834 3780 Invenit
2867 3742 3082 3783 omnem
3113 3730 3256 3784 viam
3294 3734 3557 3806 scientiae,

1982 3818 2037 3866 et
2068 3810 2213 3865 dedit
2257 3811 2401 3865 illam
2445 3810 2613 3867 Jacob
2658 3828 2828 3881 puero
2871 3829 2994 3882 suo,
3045 3824 3100 3871 et
3143 3818 3311 3873 Israel
3358 3820 3558 3876 dilecto

1984 3919 2086 3957 suo
2120 3901 2220 3956 ⁸⁵³.»
2244 3901 2385 3957 Bene
2419 3903 2569 3958 dicit.
2601 3902 2736 3970 Quis
2768 3905 2911 3959 enim
2942 3915 3029 3962 est
3053 3906 3219 3964 Jacob
3250 3925 3385 3979 puer
3414 3913 3556 3985 ejus,

1985 4006 2041 4051 et
2070 3994 2236 4050 Israel
2269 3996 2500 4051 dilectus
2544 3997 2685 4066 ejus,
2732 3998 2836 4051 uisi
2872 3998 2959 4054 hic
2984 3998 3054 4055 de
3087 4015 3197 4070 quo
3228 4003 3446 4071 clamat,
3473 4007 3557 4061 in-

1987 4086 2227 4156 quiens:
2278 4106 2296 4140 ι
2344 4085 2444 4143 Hic
2494 4095 2577 4142 est
2621 4086 2795 4143 Filius
2845 4104 2998 4143 meus
3046 4091 3297 4161 dilectus,
3350 4095 3403 4149 in
3448 4114 3561 4168 quo

1988 4180 2123 4234 mihi
2153 4179 2291 4235 bene
2328 4179 2670 4250 complacui;
2700 4181 2878 4249 ipsum
2911 4181 3095 4238 audite
3129 4183 3221 4240 ιιι
3251 4205 3271 4238 ι
3307 4185 3411 4254 Qui
3446 4205 3561 4243 om-

1989 4288 2113 4327 nem
2159 4272 2443 4327 scientiam
2476 4289 2507 4327 a
2535 4272 2696 4328 Patre
2726 4273 2950 4342 accepit,
2984 4274 3259 4344 perfectus
3291 4278 3457 4337 Israel
3503 4292 3559 4338 ct

171 4355 179 4361 λ
294 4368 426 4439 τρδς
469 4366 649 4422 λαϐὼν
678 4370 706 4422 6
740 4368 943 4432 τέλειος
987 4367 1225 4440 Ἰσραὴλ,
1262 4371 1291 4422 6
1337 4367 1589 4440 ἀληθινὸς
1642 4363 1863 4433 Ἰακὼϐ,

1979 4381 2140 4419 verus
2165 4364 2336 4419 Iacob
2359 4402 2375 4426 ,
2424 4382 2443 4416 ι
2494 4375 2614 4432 post
2640 4367 2752 4420 haec
2775 4366 2829 4420 iu
2863 4376 3007 4424 terra
3039 4370 3194 4441 visus
3223 4385 3325 4437 est,
3352 4383 3407 4428 et
3433 4390 3558 4431 cum

1983 4457 2295 4512 hominibus
2310 4466 2664 4512 conversatus
2690 4469 2771 4513 est
2788 4460 2852 4512 ⁸⁵.
2868 4479 2886 4510 ι
2909 4459 3042 4526 Quis
3065 4473 3244 4519 autem
3269 4476 3351 4521 est
3376 4467 3556 4532 Israel,

1982 4551 2089 4605 nisi
2142 4550 2307 4604 homo
2353 4548 2545 4604 videns
2595 4547 2809 4604 Deum?
2864 4550 3066 4609 Videns
3118 4567 3298 4613 autem
3362 4559 3555 4621 Deum,

372 4692 419 4723 ³⁹
450 4691 610 4746 Rom.
643 4708 773 4757 vin,
811 4693 898 4746 11.
992 4690 1036 4724 ⁸⁸
1074 4691 1232 4746 Joau.
1271 4708 1355 4750 ιιι,
1382 4691 1469 4745 15.
1558 4690 1601 4722 ⁸¹
1638 4688 1869 4743 Dan.vn

1979 4688 2012 4741 ς.
2090 4689 2135 4720 ιι
2164 4686 2401 4745 Baruch.
2435 4701 2518 4753 ιιι,
2555 4685 2642 4740 56.
2737 4650 3072 4758 "immeo,
3111 4691 3199 4745 57.
3279 4690 3556 4747 “Matth.

298 4778 435 4829 xvu,
466 4764 540 4828 ὃς
578 4778 659 4826 ιιι,
691 4763 778 4816 17.
856 4764 900 4794 ’⁸⁸
926 4762 1160 4817 Baruch.
1196 4779 1275 4824 III,
1302 4764 1389 4816 58.

373 4879 486 4951 (76)
537 4877 1384 4951 ὉΛόγος...άπεργαςὰμενος.
1436 4876 1756 4951 rVerbuin
1783 4876 1874 4930 Dei

301 4947 586 5018 operatum
620 4947 706 5004 est
750 4953 861 5004 Deo
907 4947 1072 5004 unum
1123 4948 1342 5003 Filium.
1377 4969 1395 5000 ι
1431 4949 1481 5001 Id
1517 4956 1599 5002 est
1638 4947 1873 5000 Verbum

300 5018 397 5074 Dei
421 5018 570 5079 fecit.
608 5028 667 5073 ut
722 5022 813 5088 qui
860 5030 977 5075 erat
1015 5036 1157 5074 unus
1201 5019 1374 5074 Filius
1430 5019 1546 5081 Dei,
1582 5018 1729 5088 idem
1764 5018 1877 5085 ipse

301 5101 449 5144 esset
498 5106 640 5143 unus
682 5087 853 5144 Filius
906 5091 1161 5154 hominis,
1185 5091 1313 5160 quia
1359 5091 1411 5143 in
1458 5087 1734 5160 hypostasi
1774 5103 1874 5141 sua

300 5160 601 5227 assumpsit
641 5174 882 5214 carnem.
927 5160 1017 5215 Sic
1045 5157 1464 5215 enim—Verbum
1496 5157 1627 5215 caro
1669 5157 1873 5213 factum

299 5239 412 5285 est.
430 5227 760 5285 Fnucnscus
791 5229 1118 5285 TURRIANUS.

338 5299 711 5442 &(P7F7)ﬁ;1¢5roc
739 5301 848 5372 γὰρ
873 5298 968 5371 ἦν.
1005 5301 1139 5356 Male
1166 5301 1309 5372 apud
1339 5299 1676 5363 Fabricium,
1705 5298 1876 5366 Λόγος

302 5386 440 5435 cap;
469 5386 559 5435 ην.

371 5387 793 5524 ἴἹῖὃῖὶνᾶσ-ραὴλ,
841 5473 896 5510 κ.
922 5472 973 5510 τ.
1005 5459 1064 5510 .1.
1094 5454 1300 5511 Nomen
1335 5440 1521 5516 ὃτι-πων
1553 5453 1767 5509 Philoni
1801 5452 1878 5507 De

301 5524 540 5591 puemiis
583 5528 845 5598 et‘paenis,
888 5543 1011 5598 pag.
1048 5527 1171 5594 7I0,
1203 5538 1364 5597 atque
1405 5527 1554 5592 alibi,
1585 5524 1878 5595 exponitur

301 5606 444 5675 ὁρῶν
460 5608 617 5675 Θεόν,
632 5592 706 5669 Sx
727 5622 846 5668 nm
868 5592 1098 5669 tiri-Sic
1120 5592 1174 5667 et
1189 5592 1599 5665 Constitution“
1623 5592 1874 5677 apostol.,

305 5677 508 5747 vu,37,
539 5696 657 5743 vin,
683 5681 768 5734 15.
792 5680 1058 5737 Eusebius
1087 5698 1165 5748 ιιι,
1188 5682 1242 5749 6,
1264 5698 1382 5752 pag.
1405 5681 1530 5746 5I9,
1548 5678 1874 5743 Ρτωθτταιον

622 5777 893 5842 ΡΔτιιοι..
922 5780 1039 5842 Gn.
1072 5781 1159 5843 X.

1976 4875 2241 4946 multique
2289 4872 2398 4946 alii.
2428 4872 2556 4946 Quo
2587 4872 2987 4946 eti.im4rel‘eres
3024 4892 3119 4932 eos
3148 4877 3347 4946 quibus
3402 4878 3567 4937 Israel

1974 4955 2057 5001 est
2106 4943 2363 5017 ὁρατικρς
2413 4943 2554 5015 ἀνὴρ
2604 4944 2723 5017 κοιὶΔ
2752 4944 3117 5017 θεῳρητικὸς,
3166 4943 3231 5002 ut
3282 4949 3566 5017 Eusebio,

1974 5032 2097 5087 pag.
2122 5013 2249 5090 $10,
2281 5013 2725 5090 Prtepqrdtulel
2750 5013 2876 5079 νοῦς
2908 5013 3234 5090 όρῷνᾲΘεὸν,
3262 5027 3320 5072 ιιι
3362 5016 3419 5090 ξ.
3454 5013 3567 5090 Op;

1975 5083 2089 5141 tato
2122 5086 2324 5167 in.Iine
2356 5085 2485 5167 libri.
2516 5100 2585 5149 II;
2612 5083 2846 5167 Didymg
2874 5083 3015 5167 apud
3042 5088 3342 5167 Ilieron._et
3370 5083 3565 5167 Hiero-

1976 5172 2141 5228 nymo
2178 5155 2290 5237 ipsi
2325 5156 2576 5237 pluribus
2612 5154 2864 5237 Io‘cis;S.
2910 5154 3153 5210 Maximo
3190 5167 3228 5239 ιἔ
3259 5160 3301 5224 l,
3340 5174 3394 5229 p.
3433 5160 3561 5227 284;

1979 5227 2365 5307 Olympiodoro
2408 5242 2460 5307 in
2491 5241 2600 5307 c..t
2627 5225 2994 5307 PccleSIastm,
3032 5226 3260 5307 Leontio
3280 5229 3562 5307 Desertus,

1988 5293 2215 5368 p.392;
2255 5293 2573 5369 Theophani
2622 5295 2884 5369 Cerameo
2937 5297 3123 5369 homil.
3153 5298 3207 5363 4,
3234 5315 3286 5369 p.
3333 5300 3423 5364 22,
3453 5293 3559 5356 etc.

1987 5364 2574 5443 MiauLetymoIOgiam
2606 5364 3071 5443 probatiustinus
3102 5364 3563 5443 martiyr‘Dialogo

1986 5454 2104 5513 gum
2124 5435 2592 5513 _Tr_gphou§,Apag.
2624 5437 2749 5495 551.
2782 5435 3084 5513 ᾁνθᾳρωπος-
3103 5435 3268 5513 νικῷν
3309 5435 3557 5513 δύναμῖν.

1985 5508 2059 5560 Τὸ
2077 5506 2185 5577 γὰρ
2210 5506 2351 5573 ἴο-ρα
2375 5506 2659 5577 ἄνθρωπος
2686 5506 2850 5558 νικῶν
2872 5508 3007 5569 ἐστι,
3039 5508 3098 5561 τὸ
3129 5510 3185 5563 δὲ
3206 5510 3286 5579 ἣλ
3309 5506 3559 5584 δύναμις.

1986 5589 2257 5649 δαιιεῑῃνκ
2276 5591 2450 5644 virum
2474 5590 2915 5655 denotat,et'mz7
2929 5600 3012 5645 est
3037 5591 3309 5647 dominari
3341 5610 3405 5650 ac
3434 5599 3562 5651 viu-

1982 5689 2126 5734 cere.
2154 5657 2227 5733 5x
2249 5682 2302 5729 et
2332 5673 2624 5726 Domitiam
2673 5681 2823 5716 mna!
2856 5682 2907 5722 nl
2965 5684 3212 5747 angelum
3251 5679 3419 5741 (tunde
3460 5678 3559 5738 .lo-

3239 5772 3317 5831 26
