3860 6200
359 242 458 301 δῐὶ

1017 238 1074 293 S.
1114 237 1477 295 HlPPOLY'l‘l
1516 239 1665 294 OPP.
1707 240 1888 296 PARS
1926 240 1990 298 Π.
2029 272 2100 283 -
2132 241 2441 297 DOGMAT.
2485 242 2570 296 ET
2606 244 2954 302 HISTORIC.

3506 246 3616 304 812

357 379 520 422 nemo
548 363 651 419 nisi
677 362 827 419 solus
851 364 985 433 piter
1007 373 1057 416 et
1080 360 1352 432 perfectus
1376 364 1562 425 homo,
1579 371 1633 417 et
1656 362 1749 432 qui
1773 363 1904 419 solus

2029 363 2314 436 ἄνθρωπος
2338 362 2480 437 ὀρῶν
2500 364 2591 418 τὸν
2606 363 2764 430 Θεὸν,
2790 366 2935 436 ὀρῶν
2961 365 3020 420 δὲ
3051 365 3141 420 τὸν
3174 367 3308 420 Θεὸν
3329 367 3438 421 οὐδ’
3460 364 3543 432 εἷς
3569 374 3619 423 εἰ

356 465 576 513 enarrat
597 455 884 512 consilium
910 453 1106 509 Patris.
1125 454 1215 507 Ait
1235 453 1380 508 enim
1400 451 1639 508 Joannes
1668 472 1681 507 :
1712 472 1731 506 ι
1755 452 1925 509 Deum

353 564 517 603 nemo
549 547 683 603 vidit
717 561 956 617 unquam
993 564 1006 599 :
1041 545 1354 616 unigenitus
1403 545 1574 600 Filius
1612 546 1706 617 qui
1747 555 1831 602 est
1872 547 1927 602 in

352 642 480 699 sinu
508 641 707 707 Patris,
738 640 854 710 ipse
891 638 1169 695 enarravit
1210 638 1275 693 ⁸⁸.
1322 657 1341 691 ι
1374 637 1443 693 Et
1468 654 1663 695 rursus
1697 657 1711 694 :
1750 659 1769 692 ι
1820 639 1926 706 Qui

353 736 421 791 de
469 736 610 797 coelo
660 734 959 800 descendit,
1000 734 1148 804 quod
1196 733 1404 789 audivit
1449 743 1500 788 et
1551 733 1710 805 vidit,
1757 742 1928 789 testa-

351 838 443 884 tur
474 827 539 884 ⁸⁷.
576 846 595 880 ι
638 824 736 882 Hic
773 827 937 898 igitur
965 837 1069 893 est,
1097 827 1182 882 cui
1214 841 1432 882 omnem
1464 826 1748 882 scientiam
1778 826 1926 881 dedit

350 916 545 988 Pater;
574 919 665 989 qui
697 919 754 973 in
795 927 941 975 terra
987 920 1139 975 visus
1184 927 1288 986 est,
1331 927 1387 974 et
1430 935 1555 974 cum
1609 918 1924 974 hominibus

333 1019 705 1066 oconversatus
735 1019 839 1065 εει.

419 1189 508 1246 Vl.
561 1190 715 1258 Quod
767 1203 947 1245 autem
995 1190 1127 1246 dicit
1181 1192 1480 1262 Apostolus
1535 1211 1547 1245 :
1601 1213 1619 1245 ι
1675 1191 1919 1258 Quorum

345 1295 549 1357 patres,
581 1301 645 1340 ex
691 1285 890 1356 quibus
915 1284 1171 1340 Christus
1203 1286 1502 1340 secundum
1545 1301 1788 1351 carnem,
1826 1287 1919 1355 qui

345 1387 430 1435 est
472 1392 637 1447 super
683 1377 865 1433 omnia
898 1375 1042 1431 Deus
1075 1377 1395 1433 benedictus
1439 1377 1493 1435 in
1541 1378 1737 1432 sarcula
1774 1378 1856 1442 ⁸⁸,
1892 1397 1914 1429 η»

345 1468 572 1540 pulchre
620 1476 841 1523 enarrat
887 1476 941 1521 et
991 1466 1228 1522 dilucide
1283 1470 1601 1538 mysterium
1648 1468 1919 1524 veritatis.

346 1553 446 1619 Hic
475 1561 568 1632 qui
597 1570 681 1617 est
710 1576 872 1631 super
905 1560 1112 1627 omnia,
1142 1560 1286 1617 Deus
1316 1570 1400 1617 est
1429 1563 1532 1633 (sic
1577 1563 1722 1617 enim
1756 1563 1919 1617 audet

343 1650 525 1709 dicere
552 1672 565 1707 :
598 1671 616 1704 ι
646 1650 840 1707 Omnia
865 1651 998 1706 mihi
1023 1651 1218 1706 tradita
1245 1661 1373 1708 sunt
1403 1669 1435 1708 a
1462 1653 1623 1709 Patre
1647 1653 1784 1727 ⁸9⁸1).
1808 1653 1914 1722 Qui

2033 458 2106 529 μὴ
2137 458 2296 528 μόνος
2321 458 2350 511 6
2379 460 2508 521 παῖς
2540 455 2652 529 (79)
2683 458 2779 512 καὶ
2798 457 3001 523 τέλειος
3032 457 3316 530 ἄνθρωπος
3338 460 3434 513 καὶ
3459 461 3623 531 μόνος

2026 546 2420 618 διηγησάμενος
2451 547 2551 619 τὴν
2599 532 2793 620 βουλὴν
2850 548 2943 602 τοῦ
2985 548 3219 620 Πατρός.
3276 550 3443 620 Λέγει
3507 553 3621 622 γὰρ

2027 638 2123 694 καὶ
2167 638 2452 711 Ἰωάννης⁶
2489 656 2509 690 ι
2548 638 2678 693 Θεὸν
2728 639 2903 703 οὐδεὶς
2933 636 3179 711 ἑώρακεν
3227 639 3480 694 πώποτε’
3518 660 3623 713 μο-

2026 730 2250 802 νογενὴς
2275 730 2402 794 Υἱὸς
2427 720 2456 783 6
2487 728 2563 783 ὢν
2595 732 2675 794 εἰς
2703 730 2796 783 τὸν
2829 720 3030 783 κόλπον
3061 730 3154 783 τοῦ
3188 730 3427 803 Πατρὸς,
3454 732 3625 796 αὐτὸς

2025 823 2339 894 διηγήσατο.
2366 836 2389 872 ι
2409 820 2521 875 Καὶ
2538 822 2731 876 πάλιν·
2768 841 2789 875 ι
2842 823 2899 877 'O
2943 824 3009 877 ἐκ
3045 822 3140 876 τοῦ
3169 823 3402 897 οὑρανοῦ
3444 842 3626 878 κατα-

2023 913 2143 978 ϐὰς,
2173 914 2201 967 ὃ
2229 915 2460 985 ἤκουσεν
2491 915 2585 968 καὶ
2623 914 2885 985 ἑώρακεν,
2921 918 3207 987 μαρτυρεῖ.
3249 934 3267 967 ι
3314 910 3489 979 Οὗτος
3523 912 3628 970 οὖν

2024 1009 2171 1060 ἐστιν
2197 1002 2242 1075 ᾧ
2269 1009 2450 1061 πᾶσαν
2478 1009 2784 1079 ἐπιστήμην
2821 1007 3011 1081 Πατὴρ
3051 1008 3268 1073 ἔδωκεν,
3292 1009 3353 1072 ὃς
3372 1008 3472 1062 ἐπὶ
3514 1008 3631 1080 γῆς

2022 1098 2206 1170 ὤφθη,
2236 1100 2331 1153 καὶ
2381 1100 2495 1163 τοῖς
2543 1098 2851 1171 ἀνθρώποις
2884 1100 3319 1174 συνανεστράφη.

2101 1195 2167 1246 Ὃ
2194 1193 2249 1245 δὲ
2275 1192 2419 1261 λέγει
2443 1194 2472 1245 6
2498 1192 2846 1256 Ἀπόστολος’
2871 1211 2889 1243 ‹
2918 1185 3018 1245 Ὧν
3047 1195 3096 1246 οἱ
3125 1194 3381 1267 πατέρες,
3405 1195 3468 1261 ἐξ
3487 1189 3575 1251 ὧν
3594 1197 3629 1250 6

2023 1283 2254 1355 Χριστὸς
2274 1285 2301 1335 6
2316 1282 2457 1335 κατὰ
2474 1283 2670 1354 σάρκα,
2686 1284 2714 1335 6
2732 1281 2806 1336 ὢν
2831 1282 2921 1336 ἐπὶ
2936 1283 3152 1337 πάντων
3169 1283 3301 1348 Θεὸς
3316 1285 3631 1358 εὐλογητὸς

2023 1377 2101 1438 εἰς
2125 1375 2252 1439 τοὺς
2281 1374 2502 1440 αἰῶνας,
2540 1394 2557 1425 ι
2594 1373 2780 1438 καλῶς
2804 1374 3067 1445 διηγεῖται
3090 1374 3185 1429 καὶ
3217 1376 3469 1449 λαμπρὸν
3496 1378 3623 1449 (80)

2021 1466 2082 1518 τὸ
2108 1467 2205 1539 τῆς
2248 1452 2508 1538 ἀληθείας
2540 1467 2858 1537 μυστήριον.
2894 1461 3061 1530 Οὗτος
3086 1468 3116 1519 6
3147 1466 3221 1521 ὢν
3263 1469 3356 1521 ἐπὶ
3388 1470 3625 1523 πάντων

2020 1558 2152 1621 Θεός
2202 1560 2389 1624 ἐστιν,
2448 1558 2594 1627 λέγει
2656 1559 2765 1630 γὰρ
2822 1557 2966 1611 οὕτω
3031 1557 3171 1629 μετὰ
3239 1559 3618 1631 παρρησίας’

2027 1671 2045 1702 ι
2083 1651 2268 1706 Πάντα
2313 1668 2403 1723 μοι
2434 1651 2794 1721 παραδέδοται
2823 1651 2926 1704 ὑπὸ
2971 1649 3064 1704 τοῦ
3093 1652 3327 1724 Πατρός.
3367 1670 3387 1703 ι
3431 1653 3499 1705 Ὁ
3541 1650 3619 1705 ὣν

342 1754 427 1800 est
453 1760 619 1816 super
653 1745 836 1800 omnia
871 1743 1011 1799 Deus
1054 1744 1396 1812 benedictus,
1442 1747 1659 1815 genitus
1702 1757 1817 1811 est;
1859 1755 1904 1801 el

2015 1745 2108 1798 ἐπὶ
2149 1743 2368 1797 πάντων
2408 1743 2539 1807 Θεὸς
2585 1741 2876 1813 εὑλογητὸς
2904 1743 3218 1814 γεγένηται,
3252 1743 3346 1796 καὶ
3389 1743 3616 1815 ἄνθρω-

342 1836 520 1895 factus
551 1838 739 1901 homo,
789 1836 932 1893 Deus
962 1849 1045 1892 est
1078 1839 1132 1891 in
1180 1839 1399 1893 saecula.
1438 1837 1527 1893 Sic
1569 1841 1714 1893 enim
1749 1838 1915 1894 Joan-

342 1944 442 1984 nes
466 1927 541 1983 ait
568 1946 579 1982 :
619 1946 637 1979 ι
674 1925 777 1993 Qui
801 1936 903 1992 est,
931 1938 984 1982 et
1008 1928 1281 1999 qui‘erat,
1314 1937 1367 1982 et
1392 1928 1486 1999 qui
1521 1937 1782 1984 venturus
1806 1938 1911 1995 est,

340 2018 486 2077 Deus
511 2021 856 2091 omnipotens
887 2020 953 2074 ⁸ο.
998 2040 1016 2072 ι
1044 2014 1222 2076 Recte
1247 2021 1463 2077 vocavit
1487 2022 1912 2090 omnipotentem

340 2112 642 2170 Christum.
673 2112 786 2169 Hoc
832 2114 978 2169 enim
1025 2114 1183 2178 dixit,
1218 2115 1364 2183 quod
1407 2114 1626 2184 quidem
1660 2114 1912 2172 Christus

244 2242 245 2247 η
339 2202 649 2258 testabitur.
683 2201 953 2258 Tribuens
994 2203 1142 2257 enim
1184 2204 1597 2259 testimonium:
1637 2224 1655 2255 ‹
1690 2202 1908 2271 Omnia,

338 2294 536 2364 inquit,
570 2293 703 2348 mihi
735 2294 933 2356 tradita
971 2304 1101 2350 sunt
1128 2311 1158 2350 a
1198 2294 1360 2349 Patre
1395 2295 1472 2360 5‘;
1515 2315 1533 2346 ι
1583 2304 1637 2349 et
1661 2297 1909 2351 omnium

337 2374 682 2443 dominatum
725 2396 902 2453 tenet;
941 2389 1289 2458 omnipotens
1318 2405 1349 2443 a
1392 2387 1549 2443 Patre
1580 2391 1910 2447 constitutus

337 2487 424 2534 cst
447 2475 719 2533 Christus.
766 2478 883 2533 lmo
917 2486 971 2534 et
1010 2474 1213 2533 Paulus
1251 2477 1455 2533 do’cens
1481 2477 1662 2535 omnia
1692 2478 1743 2533 ei
1782 2464 1909 2535 data

335 2584 479 2636 esse,
532 2570 614 2625 sic
659 2569 797 2624 dixit
833 2588 847 2622 :
898 2589 917 2622 ‹
947 2562 1213 2624 Primitiae
1251 2560 1534 2635 Christus;
1570 2568 1786 2639 deinde,
1816 2566 1910 2640 qui

322 2667 465 2717 sunt
499 2660 703 2716 Christi
746 2662 802 2716 in
835 2660 1126 2716 adventant
1169 2660 1322 2729 ejus;
1357 2669 1547 2731 postea
1587 2654 1736 2727 ﬁnis,
1784 2676 1908 2716 cum

334 2752 619 2807 tradiderit
662 2768 889 2821 regnum
937 2751 1046 2807 Deo
1093 2762 1147 2808 et
1189 2751 1372 2820 Patri;
1415 2768 1537 2808 cum
1571 2754 1912 2809 evacuaverit

333 2857 553 2900 onmem
590 2845 977 2915 principatum,
1018 2852 1073 2899 et
1101 2859 1318 2899 omnem
1355 2852 1678 2914 potestatem
1716 2853 1771 2899 et
1802 2844 1912 2897 vir-

333 2947 528 2993 tutem.
565 2937 790 3007 Oportet
835 2937 978 2992 enim
1030 2936 1206 3005 ipsum
1243 2948 1489 3005 regnare,
1533 2934 1709 2991 donec
1742 2944 1911 3005 ponat

332 3038 526 3085 Omnes
571 3030 823 3086 inimicos
875 3029 977 3084 sub
1022 3027 1250 3098 pedibus
1284 3027 1418 3096 ejus.
1453 3026 1763 3084 Novissime
1809 3043 1908 3081 au-

330 3131 439 3177 tem
476 3121 692 3177 inimica
727 3121 1039 3177 destruetur
1063 3134 1230 3173 mors.
1262 3117 1457 3173 Omnia
1487 3119 1632 3173 enim
1673 3120 1907 3190 subjecit

324 3213 433 3269 sub
471 3212 696 3282 pedibus
739 3212 875 3281 ejus.
910 3211 1045 3266 Cum
1093 3219 1274 3265 autem
1321 3211 1468 3264 dicat
1499 3229 1515 3267 :
1543 3209 1738 3265 Omnia
1769 3213 1903 3266 sub-

327 3303 472 3377 jecta
506 3312 635 3361 sunt
663 3303 746 3367 ei;
783 3303 901 3358 sine
929 3301 1096 3357 dubio
1145 3311 1340 3371 praeter
1370 3319 1497 3357 eum
1528 3305 1623 3373 qui
1673 3303 1905 3373 subjecit

328 3394 379 3448 ei
424 3393 628 3447 omnia.
657 3390 795 3447 Cum
829 3401 1007 3447 autem
1036 3393 1285 3467 gtbjecta
1320 3392 1539 3448 't‘uerint
1584 3394 1663 3448 illi
1693 3396 1899 3461 omnia,

328 3492 461 3538 tunc
484 3492 538 3539 et
570 3483 684 3553 ipse
707 3482 877 3539 Filius
900 3484 1181 3553 subjectus
1205 3486 1307 3539 erit
1336 3485 1384 3539 ei
1415 3486 1508 3556 qui
1540 3486 1773 3555 subjecit
1798 3487 1900 3542 sibi

327 3576 535 3642 omnia,
563 3584 623 3630 ut
655 3576 727 3632 sit
747 3575 892 3631 Deus
914 3578 1098 3632 omnia
1139 3579 1193 3632 in
1225 3577 1568 3636 omnibus".
1605 3599 1625 3633 ι
1655 3580 1711 3635 Si
1736 3582 1902 3651 igitur

327 3669 513 3721 omnia
554 3667 796 3737 subjecta
829 3676 955 3722 sunt
988 3668 1038 3722 ei
1068 3678 1260 3739 praeter
1291 3686 1414 3724 eum
1449 3672 1543 3741 qui
1575 3664 1627 3727 ei
1669 3672 1900 3743 subjecit

324 3761 530 3822 omnia,
561 3761 806 3816 omnium
841 3769 988 3815 tenet
1018 3761 1393 3829 dominatum;
1431 3763 1603 3833 ipsius
1639 3778 1768 3819 vero
1794 3765 1897 3818 do-

324 3854 589 3907 minatum
621 3861 767 3909 tenet
793 3853 953 3909 Pater
995 3871 1010 3908 :
1061 3866 1119 3907 ut
1154 3854 1208 3908 in
1259 3855 1516 3910 omnibus
1563 3869 1706 3911 unus
1756 3855 1899 3911 Deus

322 3948 650 4017 reperiatur,
701 3948 789 4003 cui
843 3947 1027 4002 omnia
1076 3947 1319 4018 subjecta
1372 3959 1500 4003 sunt
1555 3948 1717 4003 simul
1771 3960 1896 4003 cum

320 4040 560 4107 Christo,
594 4041 683 4094 cui
707 4040 890 4095 omnia
916 4039 1080 4095 Pater
1108 4041 1339 4110 subjecit
1365 4048 1560 4109 praeter
1589 4055 1649 4096 se
1688 4041 1889 4111 ipsum.

320 4123 436 4186 Hoc
466 4132 611 4188 enim
643 4130 898 4188 Christus
925 4133 1083 4198 dixit,
1115 4133 1258 4188 sicut
1286 4132 1342 4187 in
1370 4132 1666 4203 Evangelia
1699 4141 1754 4187 et
1783 4132 1895 4188 Pa-

320 4238 459 4285 trem
510 4244 666 4284 suum
697 4237 750 4283 et
793 4226 964 4283 Deum
995 4225 1280 4283 confessus
1310 4238 1415 4281 est.
1449 4227 1539 4281 Ait
1567 4228 1714 4282 enim
1761 4227 1839 4283 sic
1875 4246 1888 4281 :

322 4341 343 4374 ι
382 4320 536 4376 Vado
578 4321 644 4375 ad
690 4319 907 4375 Patrem
955 4336 1133 4374 meum
1164 4330 1218 4374 et
1261 4319 1477 4375 Patrem
1523 4328 1805 4387 vestrum;
1839 4327 1894 4373 et

2016 1837 2447 1908 πος.γενόμενος
2492 1835 2625 1899 Θεός
2669 1837 2815 1904 ἐστιν
2848 1838 2928 1900 εἰς
2959 1836 3088 1899 τοὺς
3140 1835 3362 1899 αἰῶνας.
3414 1834 3617 1899 Οὕτως

2012 1929 2120 2001 γὰρ
2153 1929 2247 1982 καὶ
2290 1929 2541 1999 Ἰωάννης
2564 1924 2716 2003 εἶπεν
2743 1926 2875 1997 (81)’
2902 1946 2921 1978 ι
2978 1928 3035 1980 'O
3063 1926 3137 1981 ὣν
3164 1928 3254 1981 καὶ
3284 1929 3313 1980 6
3331 1922 3426 1999 ἧν.
3455 1928 3567 1980 καὶ
3592 1930 3614 1979 6

2013 2024 2325 2094 ἐρχόμενος,
2370 2023 2399 2074 6
2440 2022 2574 2086 Θεὸς
2614 2023 2642 2075 6
2684 2020 3094 2092 παντοκράτωρ.
3149 2039 3167 2072 ι
3213 2018 3409 2083 Καλῶς
3446 2015 3611 2073 εἶπεν

2012 2115 2425 2187 παντοκράτορα
2464 2113 2712 2186 Χριστόν.
2759 2112 2929 2166 Τοῦτο
2975 2111 3086 2183 γὰρ
3127 2107 3275 2165 εἶπεν
3329 2112 3477 2182 ὅπερ
3514 2114 3610 2165 καὶ

2011 2208 2160 2280 αὑτῷ
2201 2207 2537 2280 μαρτυρήσει
2576 2207 2605 2257 6
2652 2204 2908 2276 Χριστός.
2956 2202 3263 2275 Μαρτυρῶν
3310 2202 3422 2274 γὰρ
3466 2204 3608 2275 Χρι-

2013 2302 2137 2366 στὸς
2186 2300 2321 2371 ἔφη·
2373 2318 2392 2351 ι
2442 2299 2626 2353 Πάντα
2658 2314 2747 2369 μοι
2781 2294 3139 2367 παραδέδοται
3169 2294 3315 2367 παρὰ
3345 2293 3446 2348 τοῦ
3494 2292 3606 2349 Πα-

2010 2395 2165 2467 τρός·
2208 2413 2226 2447 ι
2265 2395 2359 2447 καὶ
2390 2393 2607 2447 πάντων
2638 2392 2851 2463 κρατεῖ,
2880 2388 3275 2460 παντοκράτωρ
3303 2389 3463 2459 παρὰ
3497 2389 3604 2442 Πομ

2009 2488 2137 2560 τρὸς
2185 2484 2490 2556 κατεστάθη
2534 2482 2788 2556 Χριστός.
2845 2480 2983 2551 Ἤδη
3015 2480 3072 2533 δὲ
3120 2480 3215 2533 καὶ
3250 2478 3471 2543 Παῦλος
3499 2479 3609 2533 δειο

2011 2581 2174 2643 κνὺς,
2219 2580 2301 2633 ὅτι
2352 2577 2530 2631 πάντα
2584 2574 2733 2646 αὑτῷ
2788 2573 3166 2645 παραδέδοται’
3224 2570 3397 2635 οὕτως
3457 2570 3612 2642 ἔφη.

2017 2690 2035 2721 ι
2090 2666 2334 2739 Ἀπαρχὴ
2386 2664 2641 2738 Χριστὸς,
2672 2663 2861 2717 ἔπειτα
2906 2661 2956 2713 οἱ
3004 2660 3099 2713 τοῦ
3147 2659 3384 2730 Χριστοῦ
3433 2661 3500 2712 ὲν
3534 2664 3607 2731 τῇ

2011 2760 2283 2833 παρουσίᾳ
2304 2756 2490 2812 αὐτοῦ’
2516 2753 2634 2809 εἶτα
2656 2756 2716 2809 τὸ
2741 2754 2890 2818 τέλος
2908 2754 3035 2806 ὅταν
3069 2750 3342 2822 παραδιδῷ
3374 2751 3481 2822 τὴν
3507 2750 3615 2821 βα-

2012 2848 2214 2905 σιλεῖαν
2257 2849 2334 2921 τῷ
2370 2846 2484 2920 Θεῷ
2530 2848 2625 2902 καὶ
2651 2846 2826 2918 Πατρί
2851 2864 2863 2875 ο
2897 2847 3025 2898 ὅταν
3053 2846 3376 2917 καταργήσῃ
3407 2846 3605 2897 πᾶσαν

2009 2940 2183 3015 ἀρχὴν
2208 2920 2510 2996 καὶνπᾶσαν
2554 2937 2802 3004 ἐξουσίαν
2826 2938 2919 2992 καὶ
2949 2936 3196 3008 δύναμιν.
3228 2938 3320 2988 Δεῖ
3348 2937 3466 3009 γὰρ
3496 2920 3604 2990 αὖ·

2010 3036 2100 3090 τὸν
2144 3034 2445 3106 βασιλεύειν
2495 3033 2655 3103 ἄχρις
2704 3026 2764 3085 οῦ
2820 3030 2885 3102 θῇ
2940 3033 3152 3094 πάντας
3197 3032 3321 3094 τοὺς
3360 3029 3603 3100 ἐχθροὺς

2009 3128 2113 3181 ὑπὸ
2140 3127 2265 3190 τοὺς
2298 3126 2467 3188 πόδας
2497 3121 2682 3177 αὑτοῦ.
2711 3124 2976 3194 Ἔσχατος
3002 3122 3194 3194 ἐχθρὸς
3224 3123 3600 3193 καταργεῖται

2005 3224 2033 3274 6
2066 3220 2310 3281 θάνατος.
2356 3217 2541 3271 Πάντα
2586 3214 2696 3287 γὰρ
2730 3215 3094 3270 ὑποτέτακται
3132 3213 3297 3286 αὑτῷ.
3333 3214 3513 3267 Ὅταν
3538 3211 3599 3266 δὲ

2005 3313 2161 3383 εἴπῃ·
2192 3311 2375 3364 Πάντα
2404 3308 2769 3362 ὑποτέτακται
2806 3306 2976 3379 αὐτῷ,
3005 3307 3163 3378 δῆλον
3192 3307 3273 3360 ὅτι
3302 3306 3467 3369 ἐκτὸς
3498 3304 3597 3359 τοῦ

2004 3403 2369 3469 ὑποτάξαντος
2396 3396 2551 3471 αὑτῷ
2580 3400 2648 3454 τὰ
2677 3398 2874 3454 πάντα.
2901 3400 3035 3453 Τότε
3064 3399 3158 3453 καὶ
3192 3400 3353 3462 αὑτὸς
3386 3398 3601 3451 ὑποτα-

2005 3498 2233 3569 γήσεται
2253 3493 2332 3565 τῷ
2357 3492 2684 3557 ὑποτάξαντι
2713 3491 2861 3562 αὑτῷ
2884 3490 2955 3544 τὰ
2989 3491 3184 3557 πάντα,
3221 3485 3363 3562 ἶναῇ
3392 3489 3424 3540 6
3460 3488 3594 3550 Θεὸς

2004 3589 2180 3643 πάντα
2229 3589 2287 3640 ὲν
2332 3586 2519 3639 πᾶσιν.
2570 3603 2588 3636 ι
2622 3584 2685 3638 Εἰ
2730 3578 2822 3636 οῦν
2867 3581 2938 3636 τὰ
2990 3583 3168 3637 πάντα
3218 3580 3591 3635 ὑποτέτακται

2001 3682 2152 3753 αὑτῷ
2180 3681 2337 3744 ἐκτὸς
2365 3677 2456 3733 τοῦ
2486 3676 2873 3742 ὑποτάξαντος,
2922 3675 3142 3728 πάντων
3175 3675 3386 3745 κρατεῖ,
3418 3672 3586 3727 αὑτοῦ

1999 3773 2057 3827 δὲ
2087 3775 2115 3825 6
2138 3771 2355 3843 Πατήρ·
2385 3769 2471 3823 ἵνα
2492 3758 2553 3821 έν
2588 3767 2752 3820 πᾶσιν
2779 3756 2857 3829 εἷς
2883 3763 3015 3827 Θεὸς
3043 3766 3207 3834 φανῇ,
3231 3758 3274 3831 ᾧ
3305 3762 3377 3816 τά
3402 3763 3585 3817 πάντα

2000 3862 2363 3917 ὑποτάσσεται
2404 3859 2518 3932 ἅμα
2557 3857 2797 3931 Χριστῷ,
2842 3849 2888 3924 ᾧ
2915 3854 2985 3909 τά
3024 3850 3199 3909 πάντα
3229 3854 3421 3927 Πατὴρ
3454 3853 3583 3909 ὑπέ-

1998 3953 2157 4020 ταξεν
2208 3951 2381 4023 ’παρὲξ
2430 3950 2643 4004 ἑαυτοῦ.
2692 3950 2860 4004 Τοῦτο
2901 3947 3010 4021 γάρ
3061 3948 3292 4020 Χριστὸς
3341 3947 3473 4020 ἔφη,
3510 3949 3584 4014 ὡς

1999 4047 2056 4099 ὲν
2090 4044 2168 4115 τῷ
2216 4042 2532 4114 Εὑαγγελίῳ
2566 4044 2659 4097 καὶ
2693 4043 2915 4114 Πατέρα
2951 4040 3081 4095 ἴδιον
3131 4040 3225 4093 καὶ
3258 4039 3392 4092 Θεὸν
3433 4041 3580 4112 dipo-

1996 4136 2243 4207 λόγησεν.
2294 4134 2459 4202 Λέγει
2508 4133 2618 4205 γὰρ
2667 4132 2876 4196 οὓτως*
2931 4149 2950 4184 ι
3021 4131 3249 4198 Ὑπάγω
3298 4130 3440 4203 πρὸς
3486 4131 3579 4184 τὸν

1995 4229 2214 4301 Πατέρα
2265 4244 2367 4299 μου
2402 4227 2496 4279 καὶ
2534 4225 2752 4297 Πατέρα
2802 4224 2987 4297 ὑμῶν,
3023 4224 3117 4278 καὶ
3160 4224 3290 4278 Θεόν
3345 4241 3452 4294 μου
3484 4225 3577 4278 καὶ

1994 4319 2126 4373 Θεδδ
2154 4317 2329 4389 ὑμῶν.
2365 4336 2383 4368 ›
2413 4317 2477 4369 Εἰ
2499 4311 2593 4369 οὖν
2621 4316 2828 4387 Νόητος
2851 4315 3024 4387 τολμᾷ
3052 4317 3228 4385 λέγειν
3251 4316 3416 4370 αὑτὸν
3437 4310 3574 4369 εἶναι

317 4407 488 4467 Deum
518 4426 698 4466 meum
729 4420 789 4465 et
812 4409 979 4466 Deum
1011 4419 1252 4465 vestrum
1282 4410 1351 4465 ⁸³.
1386 4430 1404 4462 ›
1443 4410 1498 4465 Si
1528 4426 1657 4482 ergo
1683 4410 1890 4466 Noetus

2010 4411 2085 4464 τὸν
2117 4409 2358 4482 Πατέρα,
2380 4409 2516 4480 πρὸς
2540 4411 2688 4462 ποῖον
2713 4408 2932 4480 Πατέρα
2958 4410 3074 4481 ἐρεῖ
3102 4406 3428 4479 πορεύεσθαι
3453 4409 3579 4477 Χρι-

313 4508 479 4561 audet
508 4504 710 4572 dicere,
736 4506 908 4572 ipsum
940 4520 1063 4561 esse
1105 4503 1350 4571 Patrem;
1384 4505 1449 4559 ad
1481 4520 1641 4575 quem
1673 4504 1888 4562 Patrem

384 4652 432 4693 ⁸ί
453 4649 611 4706 Joan.
644 4665 682 4715 ι,
714 4649 800 4704 18.

309 4720 401 4778 27.
478 4722 523 4754 ⁸’
557 4719 731 4776 lCor.
761 4736 849 4784 xv,
878 4718 1066 4774 23-28.
1144 4719 1188 4751 ⁸³
1217 4720 1378 4775 Joan.
1408 4738 1501 4784 xx,
1541 4722 1626 4777 l7.

240 4832 263 4911 λλ
309 4841 514 4910 sephus
541 4840 636 4911 lib.
669 4839 874 4911 Antiq.,
908 4855 1030 4911 pag.
1057 4840 1146 4906 35,
1172 4840 1393 4911 exponit
1424 4840 1513 4895 τὸν
1555 4841 1881 4896 ἀντιστάντα

258 4910 266 4943 3'
307 4908 526 4983 ἀγγέλῳ
557 4909 730 4982 Οείῳ),
763 4908 821 4983 et
850 4908 1016 4983 Deum
1051 4929 1063 4964 :
1098 4908 1258 4966 unde'
1276 4908 1460 4982 Moyse
1501 4914 1617 4981 ipso
1660 4922 1883 4967 auctore

264 4981 508 5038 .Genes.
552 4996 727 5048 χχιιι,
774 4982 864 5047 ‘35,
918 4981 1484 5050 interpretantur’alii
1543 5000 1561 5032 ‹
1617 4984 1882 5038 adversus

267 5056 279 5124 ‘_
309 5054 479 5124 Deum
515 5052 692 5118 fortis,
737 5071 756 5104 ι
800 5053 983 5124 άρχων
1011 5049 1147 5124 πρὸς
1177 5050 1329 5124 Θεόν·
1370 5050 1444 5104 ita
1491 5049 1879 5124 Symmachus.

270 5120 379 5177 fAt
407 5123 728 5185 Eucherius,
762 5139 781 5173 ι
810 5120 1079 5193 Princeps
1116 5137 1240 5177 cum
1282 5120 1415 5193 Deo.
1462 5140 1481 5172 ι
1513 5123 1705 5193 Aquila
1712 5142 1751 5193 ἑ
1784 5122 1883 5193 ἄρ-

276 5192 281 5207 ’
306 5210 418 5267 χων
450 5193 588 5267 μετὰ
608 5193 772 5267 Θεοῦ.
797 5192 884 5267 _lta
907 5200 971 5267 et
986 5191 1173 5248 Gallus
1202 5191 1489 5267 confessor
1503 5207 1558 5261 p.
1582 5191 1680 5245 t8.
1710 5191 1885 5267 Theo-

305 5260 491 5320 ἕὶοιίοή
522 5275 575 5321 et
606 5262 770 5330 LXX,
793 5262 1078 5334 ὲνισχὺσας
1110 5262 1245 5334 μετὰ
1265 5261 1419 5316 Θεοῦ.
1457 5260 1767 5334 symmachi
1797 5261 1882 5334 in-

304 5336 750 5407 terpretationem
776 5332 1361 5407 probatjlieronymus
1393 5333 1461 5407 in_
1478 5332 1681 5407 Qutest.
1712 5333 1878 5407 Hebr.

306 5402 456 5460 Idem
488 5407 542 5461 in
576 5407 680 5462 lsa.
718 5402 884 5460 xmv:
930 5425 948 5458 ι
981 5402 1218 5473 Proprie
1228 5405 1383 5475 juxta
1417 5402 1674 5475 [labimus
1708 5412 1762 5459 et
1787 5404 1879 5458 lit-

306 5487 547 5531 terarum
596 5477 757 5533 ﬁdem
807 5477 976 5533 Israel
1017 5472 1309 5540 εὐθύτατος
1358 5472 1518 5537 Θεοῦ,
1571 5486 1741 5529 rectus
1783 5475 1880 5529 Dei

296 5555 382 5629 L78
410 5577 523 5627 Ἴων
556 5569 770 5625 dicitur.
841 5569 930 5623 Vir
976 5579 1155 5624 autem
1210 5570 1385 5624 videns
1428 5569 1619 5631 Deum,
1670 5584 1778 5622 non
1823 5569 1878 5622 in

304 5639 608 5705 elementis,
636 5640 727 5693 sed
751 5642 804 5694 in
834 5656 970 5693 sono
991 5642 1137 5695 vocis
1162 5652 1261 5695 est.
1290 5660 1308 5691 ›
1331 5639 1530 5693 Confer
1555 5639 1810 5693 Drusium
1838 5654 1876 5692 ιι

306 5710 697 5775 Animadvers.,
729 5726 777 5766 c.
819 5710 922 5777 :17;
964 5710 1290 5767 Frontonem
1334 5709 1590 5766 Ductcum
1624 5710 1690 5765 ad
1733 5709 1878 5765 Pau-

2000 4504 2122 4556 στὸν
2156 4501 2296 4554 κατὰ
2325 4501 2425 4572 τὴν
2452 4500 2810 4572 εὑαγγελικὴν
2848 4502 3069 4572 φωνήνς
3100 4501 3164 4553 Εἰ
3206 4500 3265 4554 δὲ
3294 4500 3441 4567 ἀξιοῖ
3473 4519 3574 4555 και

3577 4574 3587 4646 i

904 4648 949 4721 ¹ξ⁷
984 4647 1249 4721 εἶροηηιιι,
1280 4649 1366 4715 Η,
1398 4650 1484 4704 13.
1559 4649 1604 4682 ⁸⁸
1642 4650 1802 4706 Rom.
1856 4668 1904 4706 ix

2010 4649 2058 4703 5,
2136 4648 2180 4680 ἰε’
2210 4645 2360 4700 Matt.
2429 4660 2504 4711 xr,
2534 4643 2623 4697 27.
2703 4645 2748 4675 ⁵ο
2779 4643 2949 4721 Apoc.
2993 4659 3030 4702 ι,
3055 4642 3109 4697 8.
3186 4643 3230 4675 ⁸³
3262 4641 3455 4698 Μειιιίι·
3492 4659 3568 4712 ιιι

1987 4839 2085 4893 lini
2120 4838 2278 4907 epist.
2300 4836 2351 4901 1,
2383 4834 2710 4907 Cotelcrium
2761 4842 2800 4887 t.
2833 4832 2853 4886 Ι
2883 4832 3015 4907 _PP.
3059 4832 3308 4907 appstpL,
3337 4849 3389 4902 p.
3426 4832 3587 4907 δῖός

1987 4908 2073 4965 Jo.
2092 4903 2347 4962 Dallreum
2371 4906 2443 4960 De
2457 4904 2918 4975 pseudepigraphis
2939 4903 3273 4975 apostolicis,
3290 4918 3413 4975 pag.
3442 4904 3570 4969 189;

1992 4978 2383 5049 Combeﬁsi‘um
2414 4973 2480 5049 ad
2509 4975 2580 5049 S.'
2601 4974 2894 5049 Maximum
2924 4983 2962 5027 t.
2991 4973 3006 5026 Ι
3040 4989 3163 5049 ρος.
3194 4973 3318 5028 685.
3343 4973 3567 5049 Fanum.

2064 5048 2176 5119 (79)
2245 5046 2308 5102 '0
2358 5046 2517 5113 παῖς.
2574 5043 2598 5096 ἰ
2658 5045 2852 5110 Filius,
2898 5062 2916 5095 ι
2967 5053 3025 5098 ut
3079 5043 3221 5098 infra
3276 5058 3396 5114 cap.
3454 5044 3481 5094 7
3515 5056 3576 5098 ct

1994 5117 2082 5173 Η.
2118 5117 2196 5172 Io.

2199 5209 2503 5286 Aagxpdr.
2524 5205 2806 5286 .lntcrplres
2830 5204 2957 5286 legit
2980 5202 3269 5286 λαμπρῶς.
3303 5205 3380 5257 In.

2064 5247 2172 5280 ναν,
2200 5247 2468 5277 ...φημι
2491 5248 2503 5260 .
2536 5247 2806 5275 nam...“
2832 5247 2879 5259 ,ν
2919 5247 2956 5258 ..
2982 5247 3269 5286 ..η-,των
3304 5247 3380 5257 ....
3528 5274 3542 5285 υ

2063 5281 2174 5352 (81)
2199 5277 2473 5352 Ἰῳάννης
2491 5272 2679 5352 εἶπεν.
2704 5247 3117 5352 Quodioannes
3138 5292 3192 5328 ιιι
3216 5272 3569 5352 Apocalypsi,

1991 5346 2111 5419 cap.
2144 5346 2181 5412 ι’,
2216 5350 2289 5419 ait
2325 5366 2339 5402 :
2379 5367 2396 5399 ι
2434 5347 2538 5413 Qui
2570 5356 2755 5419 est,_et
2783 5348 2876 5416 qui
2909 5353 3047 5405 erat,
3073 5353 3128 5398 et
3148 5346 3258 5419 _qui
3296 5356 3573 5419 venturus

1990 5413 2102 5486 est;
2159 5440 2176 5471 ι
2220 5418 2423 5472 Paulus
2467 5419 2541 5471 ait
2570 5419 2634 5471 ad
2670 5413 2824 5471 llum.
2859 5433 2977 5483 cap.
3028 5430 3104 5481 rx,
3142 5413 3216 5486 5’:
3257 5433 3275 5466 ι
3328 5413 3473 5468 Deus
3506 5415 3573 5471 in

1992 5485 2209 5546 smCula.
2264 5509 2281 5541 ι
2326 5489 2551 5558 Propter
2577 5488 2911 5543 divinitatem
2948 5487 3092 5541 enim
3131 5485 3277 5558 Deus
3307 5494 3435 5539 ante
3458 5500 3575 5540 sae-

1989 5563 2132 5626 cula,
2161 5572 2215 5615 et
2232 5568 2452 5629 propter
2476 5574 2694 5613 carnem
2725 5558 2870 5629 Deus
2900 5558 2953 5611 iu
2981 5557 3176 5629 sa:enla
3211 5574 3223 5610 :
3257 5565 3312 5609 et
3338 5567 3576 5629 propter

1986 5626 2398 5686 divinitatem—et
2414 5645 2652 5690 carnem,
2671 5628 2763 5697 qui
2786 5636 2965 5697 est,et
2985 5628 3077 5695 qui
3096 5635 3298 5697 erat,ct
3321 5626 3413 5693 qui
3431 5639 3578 5680 ven-

1986 5711 2141 5759 turus
2171 5710 2273 5775 est,
2301 5700 2441 5771 Deus
2460 5695 3196 5773 omnipotens...Firmemus
3224 5695 3571 5754 'l‘onaurws.
