3860 6200
224 260 317 312 835

1345 250 1624 337 CONTRA
1656 244 1980 305 IIERESIN
2017 249 2239 307 NOETI.

3327 258 3433 313 8M

223 376 557 448 ταλείψαντας
615 376 756 448 ἡμᾶς
799 375 861 429 τὸ
915 364 1263 443 Εὐαγγέλιον,
1293 377 1361 446 τῇ
1390 374 1552 428 αὐτοῦ
1598 375 1745 445 ἀφρο

1863 370 2007 427 dicet
2033 372 2110 427 ire
2134 373 2412 430 Christum
2452 376 2750 431 secundum
2776 391 2963 432 vocem
2985 374 3303 449 Evangelii?
3332 379 3428 435 Sin

225 470 342 542 σύνῃ
385 469 674 533 πιστεύειν,
724 467 901 538 μάτην
948 466 1148 537 κάμνει
1175 483 1189 495 ⁸
1243 484 1260 517 ι
1314 466 1622 537 πειθαρχεῖν
1660 465 1766 536 γὰρ

221 564 291 616 δεῖ
317 560 428 632 Θεῷ
463 556 669 633 μᾶλλον
700 559 733 630 ἢ
768 559 1096 632 ἀνθρώποις.
1144 578 1164 609 ι

293 734 406 788 Ἐὰν
448 734 503 787 δὲ
547 734 721 801 λέγει·
757 733 926 796 Αὐτὸς
953 727 1129 785 εἶπεν·
1165 750 1185 783 ι
1227 731 1371 800 Ἐγὼ
1399 733 1491 785 καὶ
1513 734 1541 785 6
1577 732 1763 804 Πατὴρ

221 828 269 880 ἓν
293 826 445 895 ἐσμεν
469 840 483 854 ο
521 844 540 875 ι
572 825 902 877 ὲπιστανέτω
924 824 1017 877 τὸν
1046 821 1168 876 νοῦν
1194 825 1287 876 καὶ
1318 823 1648 895 μανθανέτω,
1682 825 1763 877 ὅτι

219 920 303 972 οὐκ
322 912 485 983 εἶπεν,
515 916 599 969 ὅτι
626 935 644 968 ι
665 914 804 985 Ἐγὼ
825 915 916 969 καὶ
932 917 961 968 6
981 916 1166 988 Πατὴρ
1188 916 1245 968 ἓν
1269 918 1403 987 εἰμι,
1440 935 1458 967 ι
1492 915 1624 970 ἀλλὰ
1658 935 1677 966 ι
1705 916 1764 969 ἓν

218 1013 383 1079 ἐσμεν.
442 1027 462 1060 ι
512 1007 588 1061 Τὸ
628 1008 736 1079 γὰρ
769 1027 787 1058 ι
821 1008 986 1078 ἐσμὲν
1019 1025 1038 1057 ι
1076 1010 1176 1061 οὐκ
1222 1008 1306 1078 ἐφ’
1354 1007 1471 1071 ἐνὸς
1519 1007 1760 1083 λέγεται,

218 1103 318 1156 ἀλλ’
347 1101 435 1153 ἐπὶ
462 1100 866 1177 δύοψπρόσωπα
895 1098 1112 1166 ἔδειξεν,
1145 1100 1445 1181 δύναμιχξὲ
1476 1102 1623 1173 μίαν.
1658 1103 1764 1155 Αὐ-

216 1198 292 1259 τὸς
315 1196 365 1248 δὲ
391 1191 522 1248 αὐτὸ
557 1194 827 1271 ἀπέλυσεν
861 1194 1027 1250 εἰπὼν
1059 1194 1186 1265 περὶ
1217 1197 1472 1270 μαθητῶν
1506 1199 1640 1271 πρὸς
1668 1195 1758 1253 τδν

216 1288 408 1358 Πατέρα
427 1304 440 1316 ·
481 1305 500 1338 ι
537 1269 649 1357 Τὴν
674 1282 830 1354 δόξαν
859 1290 923 1360 ἣν
973 1286 1177 1353 ἔδωκάς
1206 1308 1317 1361 μοι,
1352 1269 1525 1345 ἔδωκα
1552 1269 1756 1356 αὐτοῖς,

217 1380 288 1432 ἴνα
316 1373 439 1432 ὦσιν
486 1378 566 1442 ἓν,
604 1378 785 1444 καθὼς
826 1382 987 1452 ἡμεῖς
1028 1382 1107 1435 ἓν.
1150 1383 1288 1452 Ἐγὼ
1330 1384 1386 1435 ἐν
1436 1383 1636 1447 αὐτοῖς,
1667 1372 1758 1438 καὶ

215 1474 268 1523 σὺ
293 1472 344 1522 ἐν
370 1471 509 1541 ἐμοί,
553 1471 643 1524 ἵνα
671 1465 802 1524 ὦσιν
831 1473 1232 1543 τετελειωμένοι
1263 1476 1342 1537 εἰς
1370 1474 1447 1533 ἒν.
1483 1476 1569 1528 ἵνα
1598 1475 1759 1545 γινώ-

218 1580 303 1633 σκῃ
331 1565 357 1616 6
386 1561 587 1633 κόσμος
613 1564 692 1617 ὅτι
727 1563 789 1617 σύ
822 1581 887 1635 με
914 1565 1254 1631 ἀπέστειλας.
1287 1585 1306 1618 ι
1337 1567 1400 1619 Τί
1427 1568 1561 1639 πρὸς
1584 1569 1757 1623 ταῦτα

214 1655 370 1725 ἔχουσι
424 1655 604 1724 λέγειν
650 1658 701 1709 οἱ
752 1656 1036 1728 Νοητιανοί
1061 1673 1076 1722 ;
1122 1658 1212 1729 Μὴ
1254 1657 1454 1722 πᾶντες
1495 1659 1553 1712 ἓν
1598 1659 1757 1731 σῶμά

215 1746 338 1798 ἐστιν
363 1744 497 1798 κατὰ
528 1750 628 1817 τὴν
655 1747 863 1807 οὐσίαν,
895 1746 927 1819 ἣ
956 1750 1020 1819 τῇ
1054 1746 1275 1820 δυνάμει
1301 1751 1395 1803 καὶ
1421 1754 1487 1821 τῇ
1517 1750 1753 1805 διαθέσει
1789 1722 1827 1777 Β

181 1836 295 1907 lci};
338 1836 665 1909 δμοφρονῖας
706 1836 765 1891 ἓν
811 1838 1101 1910 γινόμεθα;
1135 1840 1237 1893 Τὸν
1269 1840 1428 1894 αὐτὸν
1456 1842 1519 1913 δὴ
1557 1841 1755 1914 τρόπον

212 1927 238 1979 6
264 1931 377 1993 παῖς
419 1930 529 2000 (89.)
568 1932 598 1984 6
628 1930 896 2001 πεμφθεὶς
927 1930 1020 1984 καὶ
1046 1931 1137 1984 ὑπ’
1170 1932 1349 1985 αὐτῶν
1381 1932 1454 2004 μὴ
1498 1935 1757 2003 γινωσκό-

215 2040 349 2092 μενος
371 2022 536 2076 δντων
566 2026 624 2077 ἐν
652 2024 865 2096 κόσμῳ,
898 2024 1247 2096 ὡμολόγησεν
1276 2020 1414 2082 εἶναι.
1447 2029 1505 2080 ὲν
1533 2026 1610 2097 τῷ
1643 2028 1761 2081 Πα-“

212 2114 285 2185 τρὶ
314 2113 528 2185 δυνάμει
578 2115 721 2188 [καὶ]
752 2116 983 2169 διαθέσει
1030 2116 1160 2185 (85).
1203 2109 1298 2179 Εἷς
1338 2115 1444 2188 γὰρ
1489 2116 1612 2180 νοῦς
1644 2118 1754 2172 Πα-

212 2205 317 2274 τρὸς
358 2207 386 2257 6
432 2210 562 2271 παῖς
613 2207 745 2279 (84).
793 2209 855 2261 0i
919 2206 1047 2260 νοῦν
1102 2207 1315 2278 Πατρδς
1361 2206 1574 2278 ἔχοντες
1613 2208 1754 2263 οὕτω

214 2296 539 2368 πιστεύομεν·
573 2301 623 2351 οἱ
655 2298 711 2352 δὲ
737 2299 827 2352 τὸν
869 2297 987 2352 νοῦν
1020 2300 1094 2370 μὴ
1127 2298 1340 2370 ἔχοντες
1361 2300 1450 2353 τὸν
1488 2299 1613 2354 Υίὸν
1653 2302 1751 2373 ἤρ-

213 2406 388 2460 νηνται.
409 2392 467 2444 Εἰ
481 2391 539 2445 δὲ
558 2393 657 2444 καὶ
667 2391 930 2445 Φίλιππον
944 2393 1223 2464 ἐπερωτᾷν
1240 2393 1367 2465 περὶ
1383 2393 1591 2465 Πατρὸς
1608 2394 1747 2464 (sic),

213 2480 451 2549 βούλοιντο
489 2483 704 2554 λέγειν·
753 2502 772 2536 ι
826 2484 1006 2552 Δεῖξον
1058 2488 1189 2557 ἡμῖν
1230 2484 1321 2538 τὸν
1367 2484 1615 2557 Πατέρα,
1658 2485 1751 2539 καὶ

211 2574 345 2645 ἀρκεῖ
370 2576 531 2647 ἡμῖν’
570 2594 592 2628 ι
639 2575 775 2648 πρὸς
809 2576 868 2630 ὃν
914 2577 1183 2648 ἀπεκρίθη
1230 2578 1258 2629 6
1288 2576 1509 2648 Κύριος,
1539 2575 1745 2645 λέγων’

214 2683 232 2715 ι
262 2666 505 2721 Τοσοῦτον
533 2668 727 2739 χρόνον
755 2667 873 2740 μεθ’
902 2669 1054 2739 ὑμῶν
1083 2670 1216 2739 εἰμι,
1243 2667 1496 2732 Φίλιππε,
1535 2668 1629 2722 καὶ
1651 2667 1749 2721 οὐκ

212 2755 423 2823 ἔγνωκάς
466 2776 563 2830 με·
597 2760 630 2812 6
668 2757 927 2831 ἑωρακὼς
974 2759 1093 2829 ἐμὲ,
1124 2757 1334 2831 ἑώρακε
1374 2758 1463 2811 τὸν
1507 2758 1746 2830 Πατέρα.

212 2849 271 2901 Οὐ
296 2851 553 2915 πιστεύεις
600 2852 685 2905 ὃτι
715 2850 825 2921 ἐγὼ
858 2854 915 2906 ὲν
945 2851 1022 2922 τῷ
1062 2852 1254 2922 Πατρὶ,
1285 2851 1378 2906 καὶ
1418 2852 1446 2903 6
1474 2850 1662 2922 Πατὴρ
1691 2852 1749 2904 ὲν

214 2942 311 3010 ἐμοί
326 2944 492 3007 ἐστινς
532 2964 550 2995 ι
585 2944 686 2997 καὶ
704 2943 914 2997 θέλουσι
934 2943 1135 3011 λέγειν,
1168 2941 1256 2994 διὰ
1274 2941 1460 2995 τοῦτου
1487 2942 1747 3013 κρατύνε-

1869 479 1998 518 vero
2023 462 2140 519 vult
2162 472 2223 519 ut
2249 466 2439 522 relicto
2471 466 2785 537 Evangelio,
2816 469 3066 523 amentia:
3091 471 3211 538 ejus
3241 470 3431 527 creda-

1869 570 2015 614 inus,
2043 553 2251 612 frustra
2283 557 2495 612 laborat
2521 577 2535 613 :
2566 576 2586 610 ι
2622 558 2847 627 Oportet
2885 560 3028 615 enim
3064 561 3283 617 obedire
3313 578 3430 617 ma-

1879 644 1962 714 gis
1986 643 2096 698 Deo
2124 663 2285 715 quam
2326 648 2641 704 hominibus
2673 649 2734 702 ⁵⁵.
2780 668 2798 700 ι

1943 734 2055 790 Vll.
2091 738 2149 791 Si
2183 749 2363 795 autem
2402 741 2587 795 dicat:
2620 739 2739 809 Ipse
2774 741 2908 796 dixit
2950 761 2962 795 :
2999 761 3017 793 ι
3049 741 3162 813 Ego
3184 753 3239 799 et
3265 743 3429 801 Pater

1869 842 2036 882 unum
2085 846 2277 887 sumus
2322 833 2399 900 ⁸⁸;
2438 851 2457 885 ι
2496 832 2741 887 advertat
2771 833 3037 899 animum,
3075 846 3128 892 et
3162 838 3429 910 intelligat

1865 922 2008 992 quod
2042 937 2151 977 non
2190 922 2329 979 dixit
2358 945 2370 980 :
2402 943 2421 976 ι
2456 923 2570 992 Ego
2597 934 2651 980 et
2687 924 2845 981 Pater
2879 942 3048 981 unum
3078 944 3232 996 sum;
3270 949 3289 982 ι
3330 932 3425 988 sed

1870 1032 1890 1066 ι
1920 1030 2087 1069 unum
2123 1030 2332 1071 sumus.
2370 1035 2390 1069 ι
2427 1015 2561 1071 Illud
2594 1022 2763 1082 enim,
2794 1036 2812 1069 ι
2845 1034 3053 1082 sumus.
3091 1040 3110 1072 ι
3142 1038 3249 1076 non
3285 1023 3425 1079 dici-

1865 1112 1954 1159 tur
1992 1105 2058 1160 de
2095 1122 2241 1173 uno;
2273 1107 2368 1162 sed
2391 1107 2471 1163 sic
2507 1108 2664 1175 dixit,
2696 1109 2821 1179 quia
2863 1110 2999 1165 duas
3045 1126 3305 1180 personas
3333 1115 3425 1170 de-

1861 1201 2205 1265 monstravit,
2237 1216 2400 1255 unam
2431 1210 2610 1256 autem
2642 1203 2963 1272 porentiam,
2990 1204 3104 1259 sive
3142 1206 3422 1265 virtutem.

1863 1288 1981 1358 Ipse
2010 1290 2116 1345 hoc
2149 1291 2461 1359 explicavit,
2505 1308 2627 1346 cum
2653 1294 2789 1347 dixit
2814 1294 2881 1349 de
2911 1294 3193 1365 discipulis
3218 1299 3281 1351 ad
3312 1296 3420 1354 Pa-

1859 1391 1997 1436 trem
2020 1401 2044 1459 1:
2084 1402 2102 1434 ι
2146 1383 2382 1439 Gloriam
2427 1399 2589 1453 quam
2633 1384 2824 1439 dedisti
2874 1374 3026 1452 mihi,
3061 1388 3180 1443 dedi
3216 1390 3423 1456 eis;ut

1854 1468 1971 1527 ’sint
1996 1488 2185 1539 unum,
2219 1475 2357 1528 sicut
2382 1490 2481 1529 nos
2510 1491 2677 1529 unum
2710 1490 2919 1530 sumus.
2951 1476 3063 1549 Ego
3094 1476 3147 1531 in
3171 1480 3335 1549 :ipsis,
3367 1491 3421 1536 et

1858 1576 1917 1621 tu
1962 1568 2013 1621 in
2052 1584 2138 1621 me
2163 1585 2177 1635 ;
2207 1577 2265 1622 ut
2299 1568 2408 1622 sint
2435 1566 2654 1638 perfecti
2702 1568 2755 1622 in
2790 1585 2986 1633 unum;
3020 1578 3422 1642 ut‘cognoscat

1859 1648 2094 1714 mundus
2127 1660 2269 1729 quod
2315 1669 2371 1713 tn
2406 1674 2491 1714 me
2527 1659 2722 1714 misisti
2751 1660 2818 1716 ⁸⁸.
2860 1679 2879 1712 ι
2921 1659 3059 1727 Quid
3086 1663 3153 1717 ad
3191 1663 3307 1719 haec
3330 1665 3417 1718 di-

1855 1765 1978 1806 cere
2007 1759 2238 1821 possunt
2267 1749 2559 1806 Noetiani?
2587 1748 2846 1821 Nunquid
2877 1767 3066 1807 omnes
3094 1768 3265 1809 unum
3293 1769 3417 1810 cor-

1855 1856 1957 1911 pus
1979 1853 2103 1897 sunt
2127 1844 2423 1898 secundum
2447 1844 2810 1899 substantiam
2833 1844 2856 1897 ?
2888 1858 2954 1898 an
2988 1860 3112 1899 vero
3149 1854 3416 1915 potestate

1854 1941 1908 1987 et
1929 1933 2210 1989 affectione
2241 1936 2616 1991 consensionis
2643 1943 2698 1991 et
2726 1936 3032 1993 concordia:
3054 1954 3219 1993 unum
3252 1938 3419 1994 cilici-

1856 2025 2015 2079 mur?
2055 2025 2135 2079 Ad
2168 2028 2415 2081 eumdem
2459 2027 2681 2081 modum
2712 2042 2848 2097 puer
2875 2029 3100 2095 missus,
3125 2040 3177 2085 et
3207 2031 3273 2085 iis
3318 2026 3413 2101 qui
3464 2065 3475 2071 ς

1816 2142 1823 2169 ι
1855 2116 1909 2170 in
1945 2118 2147 2171 mundo
2180 2126 2334 2172 erant
2380 2134 2488 2171 non
2534 2119 2782 2189 cognitus
2826 2120 2892 2185 ",
2926 2120 3209 2178 confessus
3238 2131 3321 2178 est
3353 2139 3413 2179 se

1854 2226 1973 2267 esse
2005 2210 2057 2265 in
2086 2208 2245 2266 Patre
2278 2220 2546 2282 potestate
2575 2222 2629 2267 et
2672 2212 2956 2269 affectione
2996 2216 3408 2284 consensionis;

1853 2321 1959 2358 una
1981 2306 2125 2360 enim
2156 2321 2310 2361 mens
2340 2305 2516 2361 Patris
2543 2314 2626 2360 est
2654 2322 2806 2375 puer.
2840 2305 2943 2374 Qui
2966 2317 3145 2364 autem
3178 2322 3408 2365 mentem
3490 2342 3495 2347 ο

1852 2396 2029 2453 Patris
2071 2398 2354 2463 habemus,
2391 2399 2471 2455 sic
2516 2400 2829 2465 credimus;
2859 2400 2953 2471 qui
3003 2417 3132 2457 vero
3166 2419 3272 2456 non
3309 2404 3411 2459 ha-

1851 2488 1999 2551 bent,
2051 2487 2248 2543 Filium
2297 2498 2646 2559 negaverunt.
2687 2489 2745 2543 Si
2790 2500 2970 2545 autem
3021 2492 3187 2547 velint
3229 2493 3411 2549 dicere

1851 2581 1997 2650 quod
2040 2580 2323 2651 Philippus
2368 2581 2434 2635 de
2463 2578 2622 2635 Patre
2657 2582 2996 2652 interrogans
3030 2600 3043 2638 :
3081 2604 3100 2635 ι
3149 2583 3404 2655 Ostende,

1850 2674 2222 2744 inquit,nobis
2246 2673 2487 2740 Patrem,
2513 2680 2568 2729 et
2594 2673 2791 2729 sullicit
2812 2676 3001 2741 nobis;
3027 2694 3046 2727 ι
3073 2678 3158 2732 cui
3185 2693 3411 2749 respon-

1849 2766 1927 2821 dit
1959 2765 2223 2820 Dominus
2258 2766 2509 2836 inquiens
2544 2784 2559 2820 :
2595 2786 2614 2817 ι
2655 2763 2828 2821 Tanto
2860 2774 3100 2838 tempore
3121 2770 3403 2827 vobiscum

1849 2875 1993 2924 sum,
2043 2858 2309 2928 Philippe,
2360 2868 2413 2913 et
2457 2874 2566 2913 non
2621 2860 2922 2930 cognovisti
2970 2863 3098 2916 me?
3126 2862 3228 2929 Qui
3270 2865 3408 2921 vidit

1851 2966 1958 3014 me,
1986 2944 2121 3004 vidit
2148 2959 2202 3004 et
2231 2948 2470 3005 Patrem.
2505 2948 2622 3005 Non
2656 2950 2832 3006 credis
2853 2952 2977 3022 quia
2999 2968 3098 3025 ego
3130 2956 3181 3009 in
3223 2956 3403 3018 Patre.

213 3033 309 3088 σθαι
350 3036 406 3087 τὸ
450 3036 635 3107 δόγμα
679 3034 876 3104 αὐτῶν,
917 3028 1299 3105 ὁμολογοῦντος
1341 3032 1504 3086 αὑτοῦ
1557 3020 1744 3088 ἑαυτὸν

1850 3055 1900 3098 et
1922 3041 2080 3097 Pater
2127 3042 2181 3095 in
2214 3057 2302 3097 me
2329 3051 2413 3097 est
2444 3042 2528 3096 “?
2567 3061 2585 3094 ι
2623 3052 2676 3097 et
2708 3020 2908 3099 audent
2936 3020 3114 3101 dicere
3143 3053 3287 3118 quod
3321 3052 3406 3105 his

212 3125 422 3198 Πατέρα·
454 3128 752 3198 γνώτωσαν
788 3129 868 3180 ὅτι
901 3127 1153 3198 μέγιστον
1183 3125 1394 3188 ἑαυτοῖς
1438 3126 1746 3195 ἐναντίωμα

212 3218 541 3290 ἐπιφέρουσιν,
583 3222 675 3274 ὑπ’
714 3218 876 3274 αὐτοῦ
906 3218 1000 3273 τοῦ
1034 3217 1196 3290 ῥητοῦ
1224 3217 1593 3288 ἐλεγχόμενοι.
1639 3216 1745 3271 Τοῦ

212 3310 297 3381 γὰρ
324 3312 547 3383 Χριστοῦ
592 3312 780 3366 ἑαυτὸν
813 3315 870 3366 ὲν
894 3314 1056 3366 πᾶσιν
1091 3311 1217 3363 Υἱδν
1240 3310 1483 3373 εἰπόντος
1513 3311 1606 3364 καὶ
1636 3310 1745 3363 δεί-

214 3400 384 3468 ξαντος,
407 3407 504 3459 οὐκ
535 3407 855 3475 ἐπέγνωσαν
881 3405 1000 3458 οὐδὲ
1030 3403 1425 3458 καταλαϐέσθαι
1448 3404 1480 3474 ἢ
1507 3403 1747 3458 ἀτενίσαι

211 3493 291 3563 τὴν
308 3493 516 3567 δύναμιν
546 3495 903 3566 ἐδυνήθησαν.
942 3495 1050 3547 Καὶ
1081 3492 1239 3546 τοῦτο
1264 3493 1338 3564 μὴ
1368 3493 1623 3564 χωρήσας
1656 3492 1747 3544 Φίο

211 3581 392 3648 λιππος,
430 3586 549 3640 καθ’
582 3587 609 3639 ὃ
638 3582 704 3656 ἦν
750 3585 893 3648 ίδείν,
927 3585 1017 3637 τὸν
1057 3583 1276 3655 Πατέρα
1309 3584 1459 3653 ἠξίου
1509 3582 1743 3653 βλέπειν.

212 3673 327 3745 Πρὺς
366 3673 421 3730 ὃν
446 3681 474 3731 6
500 3677 716 3749 ’Κύριος
759 3676 890 3747 ἔψη·
927 3695 944 3726 ι
983 3676 1234 3737 Φίλιππε,
1263 3674 1512 3727 τοσοῦτον
1557 3675 1746 3746 χρόνον

213 3766 309 3832 μεθ’
345 3770 489 3839 ὑμῶν
533 3772 677 3840 εἰμι,
722 3770 815 3821 καὶ
854 3768 956 3820 οὐκ
995 3766 1238 3835 ἔγνωκάς
1277 3782 1377 3836 με;
1416 3767 1444 3817 ὁ
1486 3765 1745 3837 ἑωρακὼς

212 3859 306 3928 ἐμὲ,
332 3862 527 3934 ἑώρακε
569 3864 658 3914 τὸν
700 3860 934 3931 Πατέρα.
964 3880 983 3912 ι
1023 3860 1332 3925 Τουτέστιν,
1364 3859 1412 3911 εί
1442 3860 1538 3929 ἐμὲ
1571 3858 1743 3931 ἐώρα-

210 3966 309 4016 κας,
332 3954 391 4006 δι’
421 3955 562 4027 ἐμοῦ
588 3955 678 4008 τὸν
708 3953 924 4025 Πατέρα
950 3952 1151 4021 γνῶναι
1179 3952 1329 4023 δύνῃ.
1364 3952 1461 4006 Διὰ
1506 3950 1612 4022 γὰρ
1643 3950 1743 4020 τῆς

1849 3134 2026 3189 verbis
2073 3149 2262 3189 eorum
2308 3134 2504 3206 dogma
2546 3136 2922 3203 conﬁrmatur,
2958 3137 3076 3206 ipso
3115 3144 3406 3198 conlitente

1848 3239 1907 3279 se
1940 3238 2061 3278 esse
2102 3221 2347 3291 Patrem;
2378 3224 2554 3279 sciant
2582 3224 2877 3279 maximam
2909 3230 3318 3299 repugnantiam
3348 3232 3402 3286 in

1848 3331 1908 3370 se
1956 3314 2103 3385 ipsos
2156 3316 2433 3383 inducere,
2484 3315 2765 3386 Scriptura
2814 3332 2910 3374 eos
2955 3320 3311 3392 redarguente
3352 3333 3407 3378 et

1847 3408 2220 3462 convincente.
2272 3406 2410 3463 Cum
2465 3408 2608 3463 enim
2659 3408 2909 3465 Christus
2956 3412 3012 3465 in
3043 3414 3298 3472 omnibus
3346 3430 3405 3470 se

1846 3497 2040 3552 Filium
2066 3498 2291 3554 dixisset
2310 3506 2361 3553 et
2383 3499 2827 3565 demonstrasset,
2853 3515 2959 3556 non
2992 3512 3168 3558 tamen
3200 3520 3404 3576 cogno—

1845 3597 2035 3643 verant
2084 3604 2230 3654 eum,
2270 3604 2443 3659 neque
2488 3589 2739 3644 virtutem
2794 3591 2913 3662 ejus
2960 3593 3254 3665 intelligere
3315 3607 3406 3653 aut

1847 3681 2043 3735 intueri
2073 3689 2378 3751 potuerant.
2405 3680 2470 3736 Et
2501 3682 2602 3737 hoc
2621 3680 2898 3753 Philippus
2918 3700 3040 3739 cum
3073 3702 3264 3757 capere
3292 3705 3400 3744 non

1846 3781 2049 3841 posset,
2087 3772 2263 3843 quoad
2286 3774 2469 3829 videre
2491 3774 2703 3838 licebat,
2730 3776 2942 3830 volebat
2965 3777 3144 3833 videre
3165 3778 3404 3837 Patrem.

1846 3863 1945 3917 Cui
1990 3862 2252 3919 Dominus
2284 3864 2421 3919 dixit
2452 3883 2466 3919 :
2510 3884 2529 3916 ι
2560 3864 2829 3935 Philippe,
2848 3876 2999 3921 tanto
3040 3876 3277 3939 tempore
3301 3887 3402 3926 vo—

1848 3957 2058 4012 biscum
2103 3972 2244 4023 sum,
2276 3966 2329 4010 et
2358 3970 2465 4011 non
2503 3957 2801 4028 cognovisti
2834 3959 2952 4013 me?
2986 3960 3080 4028 qui
3124 3961 3259 4017 vidit
3291 3978 3400 4030 me,

265 4116 305 4148 "
324 4119 433 4174 Act.
463 4137 516 4187 v,
552 4121 653 4186 29;
682 4136 754 4186 IV,
793 4118 877 4174 i9.
952 4119 997 4150 ⁸⁵
1025 4092 1183 4173 ιιοιιιι.
1209 4134 1264 4184 x,
1293 4116 1381 4172 '50.
1456 4117 1503 4148 ⁸⁸
1532 4115 1687 4172 Joan.
1717 4134 1745 4171 χ

1875 4116 1968 4183 22,
1998 4117 2090 4172 25.
2164 4116 2209 4148 ⁸⁷
2237 4114 2394 4171 Joan.
2424 4132 2461 4181 ι,
2496 4115 2578 4170 ιο.
2653 4117 2699 4150 ⁸⁸
2723 4114 2882 4172 Joan.
2915 4105 3106 4183 xxv,'8,
3133 4118 3188 4173 9.

268 4272 365 4341 (8i!)
400 4276 459 4329 '0
486 4276 645 4341 παῖς.
677 4295 694 4326 ι
719 4273 909 4329 Filius.
940 4293 961 4326 ι
999 4273 1165 4344 Siciet
1188 4274 1351 4344 paulo
1374 4281 1516 4342 post,
1551 4282 1609 4328 ut
1639 4290 1731 4344 su-

1836 4270 2164 4352 ope_ra._Non_
2177 4271 2395 4327 creditis
2412 4272 2540 4341 quia
2564 4286 2663 4352 ego
2688 4271 2740 4324 in
2790 4269 2950 4352 Patre
2970 4268 3202 4352 etfater
3229 4272 3284 4325 in
3310 4288 3398 4328 me

244 4358 290 4395 ra
318 4360 426 4414 cap.
459 4348 512 4410 5,
547 4356 604 4402 et
634 4345 772 4399 infra
811 4361 932 4415 cap.
963 4346 1050 4399 Η.
1096 4341 1206 4399 Per’
1235 4362 1251 4394 ι
1291 4341 1540 4413 puerum,
1590 4362 1609 4395 ι
1646 4343 1734 4397 Fi-
1766 4356 1809 4411 ι)
1837 4341 2167 4415 est?a|ioqni
2189 4341 2952 4415 propteroperaipsacredite.
2982 4360 3002 4415 ι
3029 4341 3164 4415 Quia
3182 4357 3396 4415 semper

214 4354 290 4462 pra
318 4360 426 4424 cap.
459 4354 512 4428 5,
547 4356 604 4402 et
634 4354 772 4399 intra
811 4361 828 4399 ‹

231 4428 325 4485 ιιιιιι
341 4417 590 4485 intellige.
611 4416 828 4470 FABRIC.

271 4484 363 4552 (85)
385 4482 653 4555 Δυνᾶμει,
682 4484 959 4539 διαθέσει.
1000 4482 1298 4539 Confessus
1322 4492 1417 4555 est
1448 4498 1506 4555 se
1531 4498 1651 4555 esse
1677 4484 1731 4535 in

213 4546 651 4623 Patre,_potes'tate
686 4566 739 4610 ct
771 4555 1070 4617 affectione,
1102 4555 1284 4607 multis
1318 4554 1371 4606 in
1402 4553 1535 4608 locis
1559 4552 1735 4606 Evan-

215 4622 332 4695 gelii.
363 4621 511 4679 Joan.
547 4642 665 4695 cap.
707 4642 764 4688 Χ,
795 4624 863 4678 58
901 4643 914 4679 :
948 4644 965 4676 ι
1005 4626 1061 4678 Si
1096 4625 1229 4677 mihi
1260 4637 1367 4695 non
1412 4623 1572 4677 vultis
1609 4638 1734 4695 cre-

215 4689 628 4764 dere,_operibus'
651 4698 853 4751 credite
897 4711 911 4749 :
945 4706 1002 4750 ut
1029 4693 1371 4764 cognpscatis
1414 4701 1468 4764 et
1500 4693 1733 4747 credatis

215 4761 317 4826 quia
342 4760 491 4819 Pater
534 4768 587 4819 in
620 4781 705 4819 me
732 4775 834 4828 est,
865 4774 919 4819 et
942 4780 1059 4836 ego;
1080 4760 1131 4818 in
1161 4762 1340 4816 Patre.
1372 4781 1390 4812 ι
1429 4761 1735 4836 Operaau-

217 4836 304 4903 tem
326 4843 469 4889 erant
500 4852 606 4889 non
631 4837 805 4889 solum
834 4832 1094 4889 miracula
1124 4848 1246 4903 quae
1272 4834 1567 4886 secundum
1591 4832 1732 4903 divi-

218 4897 407 4974 nitatem
457 4906 795 4974 operabatur,
838 4910 930 4960 sed
977 4897 1205 4959 virtutes
1246 4916 1405 4974 quas_
1434 4902 1731 4974 secundum

218 4966 588 5043 humanitatém,
610 4976 751 5030 sicut
771 4966 838 5030 de
861 4990 925 5029 eo
951 4975 1213 5043 scriptum
1236 4966 1337 5036 est,
1361 4970 1524 5025 Hebr.
1551 4986 1731 5043 cap._t,

219 5038 421 5117 etPsal.
467 5061 587 5098 κων
623 5063 636 5098 :
674 5064 693 5097 ‹
731 5044 978 5117 Dilexisti
1006 5038 1292 5117 justitiam,
1325 5050 1380 5097 et
1418 5042 1579 5096 odisti
1620 5038 1732 5117 ini-

218 5109 474 5183 fluitatem;
504 5125 781 5183 propterea
807 5116 958 5168 unxit
979 5109 1029 5168 te
1060 5113 1223 5175 Deus,
1260 5112 1400 5183 Deus
1432 5121 1578 5176 tuus,
1614 5109 1733 5164 oleo

219 5175 383 5254 laetitia:
406 5175 519 5250 prae.
531 5175 882 5254 participibus
908 5184 1033 5239 tuis.
1062 5203 1081 5235 ι
1110 5183 1238 5237 Item
1272 5181 1428 5237 Joan.
1452 5198 1572 5254 cap.
1600 5196 1693 5254 ιιιιΔ
1716 5220 1727 5233 .

227 5263 241 5292 ³
274 5244 360 5311 Qui
387 5244 657 5317 videt-me,
688 5244 832 5309 videt
859 5270 981 5309 eum
1014 5255 1105 5322 qui
1134 5254 1281 5307 misit
1308 5267 1413 5317 me.
1440 5263 1456 5303 ι
1484 5244 1548 5305 Εἰ
1573 5250 1733 5322 paulo

220 5322 535 5394 P051;¢_Sed
562 5324 663 5394 'qui
688 5325 952 5380 misit-me
989 5321 1168 5388 Pater,
1200 5324 1313 5392 ipse
1341 5323 1473 5375 mihi
1506 5321 1731 5394 manda-

222 5390 316 5469 ιιιιιι
335 5390 483 5469 dedit,
514 5390 639 5469 quid
674 5395 874 5469 dicam,
909 5402 962 5448 et
981 5395 1110 5463 quid
1135 5390 1436 5469 qu'uagtet
1460 5393 1577 5469 _5c}0
1602 5393 1729 5469 quin

224 5459 493 5533 glandatum
532 5459 658 5533 ejus
695 5473 779 5520 est
819 5466 926 5518 vita
970 5459 1245 5518 aeterna.)
1282 5459 1413 5516 Erat
1459 5459 1631 5533 igitur
1673 5460 1728 5512 in

224 5518 354 5581 Patre
394 5518 653 5603 potestate
688 5518 984 5591 secundum
1024 5534 1389 5603 operationem
1422 5518 1732 5603 mandato.

227 5603 323 5679 [tim
363 5601 491 5668 ejus,
537 5607 591 5679 id
632 5615 733 5669 est,
759 5598 1129 5679 charitatis'et
1179 5603 1356 5657 omnis
1384 5601 1624 5679 virtutis2

227 5674 323 5728 ων.
352 5683 428 5723 ttv
461 5693 474 5729 :
508 5694 525 5727 ι
560 5676 717 5730 Pater
753 5685 931 5731 autem
963 5675 1015 5728 in
1048 5690 1132 5729 me
1177 5687 1422 5738 manens,
1455 5671 1568 5742 ipse
1600 5669 1730 5763 facit

1840 4418 1930 4471 hic
1976 4414 2140 4466 homo
2190 4412 2514 4481 operabatur
2557 4412 2865 4481 justitiam,
2924 4412 3391 4477 misericordiam,

1837 4483 2155 4541 charitatem
2185 4493 2238 4535 et
2270 4491 2490 4535 caeteras
2519 4483 2746 4535 virtutes
2770 4481 3177 4537 immntabiliter
3206 4497 3400 4537 secun-

1836 4557 1963 4609 dum
1990 4552 2081 4605 Dei
2114 4553 2441 4605 voluntatem
2466 4568 2481 4614 ;
2509 4544 2792 4604 hac'etiam
2820 4553 3049 4616 ratione,
3082 4553 3262 4615 idest,
3297 4567 3396 4621 po-

1837 4631 2028 4679 testate
2057 4630 2111 4675 et
2142 4622 2504 4689 consensione
2544 4623 2739 4675 mentis
2767 4628 2822 4675 et
2854 4622 3171 4683 voluntatis,
3202 4631 3256 4676 et
3285 4637 3395 4675 non

1836 4695 2010 4750 solum
2041 4693 2338 4745 secundum
2378 4691 2757 4754 substantiam,
2789 4691 2905 4760 ipse
2949 4700 3005 4746 et
3039 4691 3201 4747 Pater
3229 4707 3397 4746 unum

1834 4771 2011 4825 erant,
2056 4762 2196 4816 sicut
2224 4761 2438 4815 volebat
2478 4761 2777 4830 discipulos
2806 4775 2934 4816 suos
2977 4776 3099 4817 esse
3140 4775 3309 4816 unum
3341 4761 3397 4814 in

1834 4833 2052 4887 Christo
2080 4842 2132 4886 et
2160 4834 2212 4885 in
2246 4831 2424 4886 Patre.
2456 4840 2725 4898 potestate
2750 4840 2806 4884 et
2828 4831 3189 4887 consensione
3214 4832 3400 4885 volun-

1835 4904 1962 4959 tatis
2003 4917 2112 4956 suae
2160 4917 2283 4956 cum
2335 4900 2613 4955 voluntate
2656 4899 2834 4956 Patris
2857 4908 2911 4955 et
2947 4900 3088 4956 Filii.
3123 4900 3221 4955 Fu.
3253 4898 3398 4955 Tua-

1834 4987 2048 5027 RIANUS.

1905 5043 2017 5114 (84)
2044 5036 2467 5114 Elgrdproﬁc
2490 5041 2720 5114 Πατρός
2761 5043 2794 5096 ό
2826 5039 2986 5106 παῖς.
3018 5038 3072 5094 Id
3098 5047 3210 5114 est,
3240 5056 3398 5114 mens

1834 5110 2071 5167 humana
2114 5111 2315 5165 Christi
2360 5126 2467 5164 non
2498 5111 2770 5181 discrepat
2810 5127 2841 5165 a
2871 5120 3051 5181 mente
3081 5110 3262 5164 divina
3291 5110 3396 5164 Pa-

1836 5188 1967 5249 tris;
1999 5192 2053 5236 et
2080 5183 2190 5235 hacv
2209 5182 2419 5235 ratione
2460 5196 2612 5237 mens
2644 5179 2881 5236 humana
2922 5179 3124 5235 Christi
3148 5183 3248 5234 etsi
3285 5198 3396 5234 tum

1834 5263 1950 5307 erat
1977 5251 2335 5307 essentialiter
2361 5264 2515 5305 mens
2545 5253 2748 5315 divina,
2773 5259 2891 5306 erat
2919 5259 3100 5305 tamen
3132 5260 3397 5318 potestate

1838 5333 1891 5376 et
1932 5324 2236 5385 affectione,
2271 5320 2386 5375 sive
2425 5320 2781 5390 dispositione
2815 5320 3216 5390 consensionis,
3251 5320 3397 5389 quia

1833 5393 2162 5447 adiciebatur
2203 5392 2498 5445 secundum
2515 5388 2532 5455 ί
2555 5393 2885 5445 voluntatem
2925 5388 3021 5443 Dei
3061 5388 3312 5445 voluntas
3343 5398 3400 5444 et

1834 5478 1987 5518 mens
2025 5464 2258 5515 humana
2291 5462 2526 5525 Christi;
2558 5462 2630 5514 ita
2676 5469 2735 5514 ut
2777 5459 3003 5529 δυνάμει
3047 5473 3153 5512 una
3186 5467 3399 5524 essent,

1833 5548 1953 5604 quae
1979 5543 2133 5587 erant
2158 5530 2452 5588 secundum
2486 5531 2845 5588 substantiam
2880 5532 3002 5584 duae
3028 5536 3261 5585 mentes.
3295 5532 3371 5587 In.
