3852 6208
325 319 426 373 817

1481 314 1759 371 CONTRA
1793 312 2123 369 HERESIN‘
2155 311 2378 368 NOETI.

3461 309 3584 364 818·

325 435 462 486 θεῖαι
495 432 730 504 Γραφαὶ,
768 432 998 505 τδωμεν,
1018 433 1112 487 καὶ
1139 433 1240 486 ὅσα
1265 431 1625 499 διδάσκουσιν,
1670 433 1895 504 ἐπιγνῶ-

2004 430 2197 487 divina:
2223 430 2516 499 Scripturaa
2551 425 2876 498 praedicant,
2916 425 3184 491 sciamus;
3221 433 3287 505 et
3313 429 3569 494 quaecun-

329 543 444 597 μεν,
477 526 572 578 καὶ
608 525 684 588 ὡς
709 525 852 578 θέλει
883 525 1073 598 Πατὴρ
1095 524 1465 589 πιστεύεσθαι,
1496 525 1891 596 πιστεύσωμεν,

324 616 418 672 καὶ
457 614 533 679 ὡς
581 614 722 669 θέλει
772 615 898 670 Υίδν
925 615 1270 683 δοξάζεσθαι,
1306 616 1646 688 δοξάσωμεν,
1691 618 1780 671 καὶ
1819 617 1926 680 ὡς.

252 756 254 758 τ
326 709 465 764 θέλει
484 706 712 779 Πνεῦμα
741 710 894 778 ἆγιον
936 707 1254 780 δωρεῖσθαι,
1301 707 1569 780 λάϐωμεν.
1631 709 1721 780 Μὴ
1775 709 1897 762 κατ’

329 801 460 854 ίδίαν
487 801 828 872 προαίρεσιν,
865 799 998 871 μηδὲ
1029 801 1150 853 κατ’
1172 799 1302 858 ἴδιον
1347 798 1491 864 νοῦν,
1547 801 1678 871 μηδὲ
1721 799 1899 869 βιαζό-

330 909 474 963 μενοι
496 891 564 945 τά
594 892 698 945 ὑπὸ
727 890 820 945 τοῦ
851 891 984 946 Θεοῦ
1017 892 1300 963 δεδομένα’
1337 891 1448 946 ἀλλ’
1477 892 1534 945 ὃν
1561 893 1759 964 τρόπον
1803 893 1898 944 αὑ-

325 986 415 1049 τὸς
436 985 700 1058 ἐϐουλήθη
743 985 833 1040 διά
876 985 984 1040 τῶν
1035 985 1202 1054 ἁγίων
1244 984 1473 1057 Γραφῶν
1499 984 1664 1052 δεῖξαι
1686 1025 1700 1049 ,
1727 985 1897 1048 οὕτως

329 1073 544 1146 ἴδωμεν.

394 1169 527 1231 Θεὸς
559 1169 718 1239 μόνος
750 1169 1030 1242 ὑπάρχων,
1060 1171 1153 1223 καὶ
1187 1169 1350 1241 μηδὲν
1392 1169 1528 1240 ἔχων
1564 1169 1740 1241 ἑαυτῷ
1769 1170 1897 1239 σύγ-

326 1277 534 1332 χρονον,
566 1259 829 1334 ἐϐουλήθη
867 1262 1067 1332 κόσμον
1123 1263 1324 1315 κτίσαι.
1368 1263 1425 1316 ὐ
1465 1263 1666 1334 κόσμον
1713 1265 1895 1335 ἐννοη-

329 1355 464 1418 θεὶς,
491 1353 720 1426 θελήσας
740 1372 799 1407 τε
822 1357 915 1408 καὶ
935 1355 1305 1426 φθεγξάμενος
1321 1356 1596 1426 ἐποίησεν,
1619 1347 1661 1422 ᾧ
1689 1373 1898 1425 παραυ-

327 1446 452 1499 τίκα
469 1446 712 1517 παρέστη
732 1446 790 1499 τὸ
807 1446 1091 1516 γενόμενον
1107 1446 1183 1508 ὡς
1205 1446 1368 1518 ἡθέλη
1381 1463 1485 1500 σεν.
1512 1447 1790 1522 Αὺταρκὲς
1806 1442 1896 1500 οῦν

331 1542 456 1610 ἡμῖν
477 1541 625 1592 ἐστιν
657 1541 814 1608 μόνον
842 1540 1035 1594 εἰδέναι
1063 1541 1144 1594 ὅτι
1178 1539 1377 1613 [οὐδέν]
1411 1541 1704 1612 σύγχρονον
1739 1540 1892 1595 Θεοῦ.

329 1633 490 1686 Οὐδὲν
510 1632 646 1703 πλὴν
667 1633 826 1696 αὐτὸς
850 1628 936 1704 ἦν’
955 1634 1114 1697 αὐτὸς
1129 1633 1184 1687 δὲ
1209 1634 1366 1704 μόνος
1384 1631 1478 1697 ὢν,
1506 1634 1670 1699 πολὺς
1683 1629 1751 1706 ἦν
1765 1633 1893 1705 (88).

329 1723 463 1779 Οὔτε
490 1725 601 1797 γάρ
630 1725 840 1794 ἄλογος,
867 1724 991 1779 οὔτε
1023 1726 1243 1796 ἄσοφος,
1279 1726 1402 1781 οὕτε
1435 1726 1728 1788 ἀδύνατος,
1771 1724 1892 1778 οῦτε

1999 539 2105 593 que
2123 523 2338 588 docent,
2365 535 2791 598 cognoscamus:
2825 528 2875 573 et
2903 520 3042 575 sicut
3067 518 3226 573 Pater
3255 501 3370 570 v'ult
3396 518 3564 584 credi,

1999 616 2079 671 sic
2127 615 2446 682 credamus;
2495 622 2550 670 et
2593 615 2736 670 sicut
2775 612 2890 666 vult
2925 611 3122 665 Filium
3148 607 3461 680 glorificari,
3487 609 3567 664 sic

1997 709 2397 780 glorificemus;
2431 715 2484 762 et
2507 707 2647 762 sicut
2663 705 2778 760 vult
2797 704 2988 759 donari
3013 701 3272 771 Spiritum
3295 709 3565 766 sanctum,

1997 801 2074 856 sic
2094 800 2445 870 accipiamus.
2466 798 2583 852 Non
2605 798 2900 854 secundum
2921 796 3194 866 propriam
3213 795 3566 860 voluntatem,

1997 907 2172 963 neque
2195 892 2490 948 secundum
2520 890 2796 960 proprium
2825 905 3067 953 sensum,
3089 903 3264 958 neque
3291 887 3399 941 vim
3427 886 3566 942 infe-

1997 993 2178 1040 rentes
2210 984 2277 1040 iis
2317 1001 2438 1055 qua:
2473 1000 2503 1038 a
2533 982 2642 1038 Deo
2671 981 2790 1036 data
2822 985 2982 1047 sunt;
3017 981 3111 1036 sed
3152 979 3422 1050 quomodo
3455 979 3568 1048 ipse

1999 1095 2092 1148 per
2107 1088 2322 1136 sanctas
2343 1078 2652 1147 Scripturas
2667 1075 2860 1130 docere
2879 1072 3066 1138 voluit,
3081 1073 3160 1128 sic
3181 1071 3562 1142 intelligamus.

2069 1172 2136 1225 X.
2174 1172 2318 1227 Deus
2349 1171 2498 1226 solus
2547 1185 2671 1224 cum
2713 1177 2877 1232 esset,
2904 1167 3148 1236 nihilque
3191 1165 3293 1220 sibi
3327 1179 3564 1218 coaevum

1999 1266 2239 1330 haberet,
2265 1264 2435 1318 voluit
2462 1263 2724 1317 mundum
2749 1260 2976 1315 efficere.
3023 1257 3090 1312 Et
3123 1257 3388 1312 mundum
3419 1256 3568 1327 cogi-

1999 1367 2120 1413 tans
2156 1374 2218 1412 ac
2240 1356 2428 1412 volens
2461 1367 2511 1409 et
2541 1356 2725 1410 dicens
2767 1351 2975 1418 effecit;
3007 1339 3377 1420 continuoque
3400 1348 3568 1404 exsti-

1997 1451 2061 1504 tit
2091 1449 2140 1504 ei
2193 1449 2366 1502 factus
2402 1448 2543 1502 sicut
2597 1446 2804 1510 voluit,
2837 1454 2890 1499 et
2924 1444 3064 1498 sicut
3089 1442 3279 1507 voluit,
3317 1441 3562 1511 perfecit.

2000 1542 2144 1598 Satis
2171 1542 2332 1611 igitur
2359 1540 2515 1595 nobis
2562 1548 2645 1594 est
2691 1538 2829 1592 scire
2879 1538 3084 1601 solum,
3123 1535 3256 1588 nihil
3299 1550 3420 1590 esse
3455 1533 3566 1588 Deo

1997 1649 2256 1689 cozevum.
2298 1631 2442 1686 Nihil
2469 1640 2586 1686 erat
2615 1640 2808 1699 przeter
2829 1629 3040 1698 ipsum;
3075 1625 3192 1696 ipse
3221 1625 3392 1692 solus,
3423 1624 3566 1679 mul-

2001 1739 2087 1784 tus
2123 1737 2256 1783 erat.
2293 1726 2402 1782 Nec
2431 1727 2574 1782 enim
2614 1736 2731 1780 erat
2758 1724 2878 1779 sine
2912 1723 3152 1788 ratione,
3195 1723 3313 1778 sine
3352 1723 3566 1793 sapien-

328 1817 647 1882 ἀδούλευτος
672 1813 760 1888 ἦν.
792 1817 975 1872 Πάντα
998 1818 1053 1871 δὲ
1082 1814 1148 1890 ἦν
1178 1821 1234 1873 ὲν
1267 1817 1433 1889 αὐτῷ,
1467 1819 1626 1882 αὐτὸς
1655 1818 1711 1871 δὲ
1742 1813 1808 1889 ἦν
1835 1815 1895 1870 τὸ

2004 1823 2089 1884 tia,
2126 1821 2242 1874 sine
2269 1819 2527 1890 potentia,
2556 1818 2674 1872 sine
2698 1816 2945 1871 consilio.
2976 1813 3170 1869 Omnia
3200 1822 3354 1869 erant
3388 1814 3442 1867 in
3465 1828 3557 1869 eo:

329 1911 452 1962 πᾶν.
481 1911 607 1963 Ὅτε
635 1909 898 1981 ἠθέλησεν
928 1910 1058 1980 (89),
1091 1910 1272 1976 καθὼς
1303 1911 1586 1982 ἠθέλησεν,
1619 1908 1782 1976 ἔδειξε
1801 1908 1893 1961 τδν

327 2004 496 2071 Λόγον
545 2003 709 2056 αὑτοῦ
764 2006 974 2074 καιροῖς
1017 2003 1340 2074 ὡρισμένοις
1362 2005 1490 2075 παρ’
1522 2001 1669 2073 αὐτῷ
1688 2042 1702 2066 ,
1736 2001 1802 2054 δι’
1830 1992 1891 2054 οὗ

325 2093 395 2146 τά
422 2094 599 2147 πάντα
630 2095 900 2165 ἐποίησεν.
941 2095 1065 2148 Ὅτε
1092 2095 1188 2165 μὲν
1227 2095 1386 2158 θέλει,
1415 2099 1579 2148 ποιεῖ·
1611 2096 1696 2148 ὅτε
1723 2095 1778 2148 δὲ
1804 2097 1892 2148 ὲν-

327 2186 600 2257 θυμεῖται,
631 2187 793 2240 τελεῖ·
825 2188 911 2240 ὅτε
940 2187 995 2240 δὲ
1023 2187 1336 2256 φθέγγεται,
1354 2187 1600 2240 δεικνύει·
1623 2189 1709 2240 ὅτε
1727 2187 1895 2241 πλάσ-

330 2293 430 2340 σει,
461 2275 758 2345 σοφίζεται.
789 2277 971 2330 Πάντα
995 2277 1106 2349 γὰρ
1137 2279 1206 2332 τὰ
1253 2278 1517 2348 γενόμενα
1539 2319 1553 2342 ,
1601 2278 1688 2332 διὰ
1733 2278 1891 2347 λόγου

327 2369 420 2421 καὶ
451 2367 641 2436 σοφίας
665 2367 999 2438 τεχνάζεται,
1030 2368 1171 2439 λόγῳ
1207 2370 1304 2439 μὲν
1346 2369 1542 2434 κτίζων
1566 2411 1580 2434 ,
1625 2371 1785 2442 σοφίᾳ
1835 2373 1891 2425 δὲ

328 2459 564 2530 κοσμῶν.
609 2461 891 2532 Ἐποίησεν
914 2456 1005 2514 οῦν
1030 2461 1105 2519 ὡς
1131 2461 1426 2533 ἠθέλησεν,
1475 2463 1605 2526 Θεὸς
1653 2463 1761 2536 γὰρ
1803 2459 1889 2534 ἦν.

328 2551 447 2604 Τῶν
475 2551 531 2604 δὲ
561 2551 859 2622 γινομένων
885 2553 1124 2624 ἀρχηγὸν
1154 2554 1247 2606 καὶ
1278 2553 1574 2624 σύμὸουλον
1608 2556 1699 2608 καὶ
1732 2555 1894 2626 ἐργά-

323 2659 423 2714 την
453 2645 644 2712 ἐγέννα
699 2645 868 2713 Λόγον
917 2643 1061 2716 (90),
1107 2645 1164 2699 ὃν
1208 2645 1377 2714 Λόγον
1420 2645 1554 2716 ἔχων
1598 2647 1656 2698 ἐν
1696 2647 1922 2715 ἑαυτῶν

326 2736 557 2808 ἀόρατόν
585 2754 644 2789 τε
673 2737 800 2790 ὄντα
826 2737 904 2808 τῷ
937 2736 1238 2809 κτιζομένῳ
1268 2738 1475 2808 κόσμῳ,
1509 2738 1699 2809 ὁρατὸν
1723 2741 1891 2802 ποιεῖ,

326 2829 596 2901 προτέραν
617 2830 798 2902 φωνὴν
822 2813 1207 2900 φθεγγόμενος,
1241 2831 1333 2882 καὶ
1357 2829 1470 2899 φῶς
1497 2831 1560 2882 ἐκ
1590 2830 1762 2898 φωτὸς
1782 2829 1890 2899 (91)

325 2921 547 2988 γεννῶν,
584 2922 822 2993 προῆκεν
839 2925 903 2993 τῇ
924 2923 1096 2975 κτίσει
1119 2921 1448 2993 Κύριονέδν
1466 2921 1594 2994 ἴδιον
1625 2921 1745 2974 νοῦν
1760 2922 1891 2990 (9‘2),

325 3013 473 3084 αὐτῷ
514 3015 656 3085 μόνῳ
687 3015 948 3086 πρότερον
976 3015 1168 3086 ὁρατὸν
1197 3014 1530 3086 ὑπάρχοντα,
1563 3013 1640 3083 τῷ
1669 3013 1723 3066 δὲ
1750 3031 1893 3083 γινο-

329 3106 472 3175 μένῳ
495 3104 683 3176 κόσμῳ
712 3106 940 3177 ἀόρατον
978 3106 1106 3160 ὄντα
1125 3145 1139 3169 ,
1169 3107 1360 3178 ὁρατὸν
1407 3110 1582 3170 ποιεῖ,
1614 3109 1759 3170 ὅπως
1805 3107 1890 3160 διὰ

321 3196 419 3250 τοῦ
452 3198 682 3268 φανῆναι
713 3197 832 3250 ἰδὼν
860 3200 889 3252 ό
909 3197 1128 3269 κόσμος,
1154 3199 1389 3270 σωθῆναι
1416 3199 1634 3270 δυνηθῇ.

399 3466 508 3521 Καὶ
525 3465 696 3529 οὕτως
731 3465 1027 3538 παρίστατο
1056 3465 1204 3537 αὐτῷ
1231 3465 1432 3536 ἕτερος.
1471 3467 1694 3538 Ἕτερον
1723 3467 1778 3520 δὲ
1805 3467 1890 3520 λέ-

326 3573 438 3626 γων
468 3557 576 3626 (95)
605 3557 666 3610 οὐ
695 3556 786 3609 δύο
813 3557 977 3620 Θεοὺς
999 3557 1159 3626 λέγω,
1191 3557 1299 3609 ἀλλ’
1329 3557 1404 3620 ὡς
1431 3557 1546 3625 φῶς
1598 3559 1662 3611 ὲκ
1692 3559 1886 3628 φωτὸς,

326 3650 362 3721 ἢ
391 3649 467 3714 ὡς
496 3648 641 3721 ὕδωρ
661 3651 724 3702 ὲκ
752 3649 956 3721 πηγῆς,
988 3649 1021 3721 ἢ
1047 3649 1120 3712 ὼς
1143 3650 1337 3703 ἀκτῖνα
1367 3649 1472 3702 ἀπὸ
1508 3650 1676 3720 ἡλίου.
1725 3650 1892 3704 Δύνα-

331 3758 420 3811 μις
453 3741 562 3812 γάρ
595 3741 690 3812 μία
719 3742 834 3812 ήὲκ
863 3740 956 3794 τοῦ
991 3741 1218 3804 παντός·
1247 3741 1307 3794 τὸ
1338 3742 1395 3795 δὲ
1437 3743 1542 3796 πᾶν
1575 3741 1763 3814 Πατὴρ
1786 3782 1800 3805 ,
1835 3743 1892 3809 ἐξ

326 3827 389 3886 οῦ
420 3833 646 3905 δύναμις
662 3833 850 3902 Λόγος.
876 3826 1044 3897 Οὗτος
1079 3834 1135 3887 δὲ
1176 3833 1299 3897 νοῦς
1337 3834 1445 3904 (94)
1468 3875 1482 3896 ,
1517 3835 1575 3898 ὃς
1605 3835 1812 3906 προϐάς
1836 3837 1893 3888 ὲν

330 3925 519 3998 κόσμῳ
555 3927 822 3980 ἐδείκνυτο
842 3928 968 3990 παῖς
994 3925 1147 3980 Θεοῦ.
1183 3927 1363 3980 Πάντα
1395 3927 1674 3981 τοίνυν·δι’
1707 3927 1891 3991 αὑτοῦ,

328 4018 492 4083 αὐτὸς
520 4019 576 4074 δὲ
626 4021 783 4090 μόνος
815 4021 880 4072 ὲκ
913 4019 1141 4090 Πατρός.
1188 4019 1284 4083 Τίς
1329 4019 1505 4074 τοίνυν
1541 4020 1895 4090 ἀποφαίνεται

405 4175 449 4208 ⁸⁸
485 4173 644 4230 Joan.
685 4191 736 4239 t,
770 4176 823 4230 5.
891 4221 906 4228 -

401 4354 514 4424 (88)
543 4354 733 4420 Αὐτὸς
758 4353 826 4406 δὲ
852 4355 1036 4418 μόνος
1066 4353 1170 4424 ὢν,
1201 4355 1392 4420 πολὺς
1418 4351 1515 4423 ἦν.
1545 4353 1698 4408 llunc
1720 4354 1895 4424 locum

332 4423 546 4496 egregie
571 4424 1097 4496 illustrat_Georgius
1127 4423 1312 4496 Bullus
1352 4425 1558 4493 Defens.
1601 4425 1695 4494 (id.
1746 4423 1894 4487 Nic.,

333 4490 582 4554 séctfttt.
615 4509 734 4564 cap.
775 4490 834 4564 8:
879 4490 1128 4564 §Q,_pag.
1157 4494 1283 4549 219.

405 4565 516 4635 (89)
547 4562 1039 4631 ”οτε“ὴθέληὰενή,
1069 4562 1129 4620 οὶ.
1162 4581 1214 4619 τ.
1243 4569 1303 4619 λ.
1344 4562 1484 4635 Haec
1525 4572 1578 4618 et
1619 4565 1896 4634 sequentia

334 4634 534 4689 mirum
571 4637 626 4690 in
662 4635 880 4688 modum
912 4636 1164 4702 explanat
1196 4634 1357 4688 simul
1386 4643 1439 4687 et
1465 4644 1683 4688 strenue
1720 4644 1899 4689 tuetur

337 4716 526 4759 contra
577 4704 788 4758 Jurium
842 4703 1193 4759 doctissimus
1234 4703 1552 4758 Bossuetius
1611 4705 1898 4759 Meldensis

335 4777 650 4898 Episcopus,
686 4774 939 4830 Avertiss.
981 4791 1056 4842 vl,
1089 4774 1228 4846 §68,
1267 4790 1359 4827 sur
1389 4773 1462 4828 les
1512 4775 1687 4828 lettres
1725 4775 1788 4829 de
1818 4774 1896 4832 Μ.

377 4862 546 4898 urreu.

377 4862 546 4898 urreu.

409 4914 518 4982 (90)
549 4913 803 4986 :Eréwa
833 4917 1044 4986 Λόγον.
1080 4914 1167 4968 Ait
1196 4913 1513 4986 Hippolytus
1542 4914 1704 4968 Deum
1737 4932 1898 4978 gene-

337 4998 489 5039 rasse
546 4984 815 5047 Verbum,
869 4985 1014 5054 quod
1049 4986 1119 5039 ab
1163 4995 1363 5040 aeterno
1395 4984 1458 5040 in
1515 5001 1572 5038 se
1618 4987 1896 5039 habuerat.

338 5055 660 5125 Quomodo?
712 5073 730 5106 ι
769 5055 972 5122 Ipsum,
1023 5056 1228 5124 inquit,
1288 5057 1618 5125 temporibus
1653 5056 1791 5122 apud
1843 5071 1901 5111 se

338 5124 574 5178 definitis
597 5125 866 5186 ostendit;
904 5126 1077 5194 ipsum
1111 5134 1372 5179 creaturae
1400 5124 1461 5180 fut
1491 5126 1779 5179 Dominum
1809 5126 1902 5179 de-

337 5195 637 5263 prompsit:
666 5195 842 5263 ipsum
874 5194 1106 5264 denique
1136 5196 1354 5249 sibimet
1381 5198 1480 5250 soli
1502 5197 1654 5264 prius
1691 5205 1898 5258 notum,

341 5267 544 5335 rnundo
599 5265 864 5335 visibilem
923 5265 1063 5320 fecit.
1101 5285 1118 5316 ι
1150 5266 1337 5330 Itaque
1383 5267 1657 5335 generatio
1699 5282 1804 5334 qua
1835 5265 1902 5317 de

339 5331 582 5413 loquitur
613 5333 952 5413 Hippolytus,
990 5351 1095 5413 non
1125 5345 1206 5389 est
1239 5331 1416 5413 Verbi:
1433 5331 1746 5413 productio;
1807 5335 1900 5413 sed

341 5404 534 5471 ipsius,
565 5420 632 5458 ex
670 5404 871 5458 aeterno
896 5404 1038 5458 Patri
1065 5404 1470 5468 coexsistentis.
1497 5407 1737 5460 ostensio
1761 5445 1775 5468 ,
1808 5407 1902 5459 de-

345 5473 615 5544 promptio
654 5483 708 5528 ct
736 5475 1099 5529 manifestatio
1124 5490 1244 5544 qua:
1282 5492 1367 5529 res
1412 5487 1621 5530 creatas
1652 5490 1901 5541 respexe-

346 5545 429 5597 rit.
464 5543 654 5614 Bullus
677 5554 730 5598 et
760 5544 1076 5599 Bossuetius
1116 5543 1171 5598 ll.
1204 5557 1284 5599 cc.
1311 5545 1496 5614 Neque
1527 5547 1680 5600 aliter
1721 5544 1901 5599 Mara-

343 5627 442 5667 nus
475 5613 546 5686 De
570 5615 776 5686 dipinit.
796 5614 855 5668 Ι.
888 5615 972 5686 ϐ..
1003 5616 1093 5686 lib.
1121 5631 1194 5680 tv,
1221 5631 1340 5684 cap.
1375 5613 1460 5680 15,
1497 5615 1602 5686 §75,
1633 5615 1898 5686 pag._458.

409 5685 522 5752 (91)
558 5683 686 5751 Φῶς
709 5685 774 5738 ἐκ
802 5685 1012 5752 φωτός.
1048 5685 1136 5740 Sic
1170 5683 1328 5740 locuti
1366 5683 1903 5741 ante'Patres’Nicae-

347 5765 458 5818 nos,
520 5764 712 5828 praeter
765 5755 1110 5829 Hippolytum
1153 5767 1422 5821 nostr-um,
1486 5766 1610 5812 sunt
1655 5754 1900 5811 Justinus

1929 4484 1975 4540 Ῐ)
2005 4499 2246 4553 tbodium
2274 4499 2326 4551 in
2360 4497 2580 4550 ltomilia
2608 4497 2674 4550 de
2708 4484 2961 4549 Simeone
2993 4503 3046 4547 et
3074 4493 3251 4548 Anna.

1995 1915 2109 1983 ipse
2142 1923 2258 1968 erat
2295 1910 2499 1967 omnia.
2537 1908 2763 1976 Quando
2803 1907 3005 1972 voluit,
3052 1916 3107 1962 et
3150 1906 3421 1977 quomodo
3466 1920 3564 1960 vo-

1994 2008 2127 2071 luit,
2159 2005 2394 2061 ostendit
2422 2003 2654 2059 Verbum
2702 2017 2860 2058 suum
2903 2001 3234 2070 temporibus
3267 1999 3406 2070 apud
3439 2013 3564 2055 eum

1993 2099 2262 2164 definitis;
2294 2113 2386 2168 per
2413 2096 2554 2167 quod
2587 2095 2768 2150 omnia
2793 2094 2934 2149 fecit.
2969 2091 3212 2159 Quicum
3234 2092 3364 2157 vult,
3401 2092 3563 2156 facit;

1995 2192 2212 2262 quando
2247 2192 2476 2260 cogitat.
2521 2189 2762 2259 perlicit;
2803 2188 3020 2258 quando
3054 2187 3293 2257 loquitur
3319 2225 3334 2250 ,
3381 2195 3564 2242 osten-

1994 2285 2107 2349 dit;
2143 2283 2362 2354 quando
2395 2282 2625 2347 format,
2663 2278 2980 2349 sapientiam
3013 2279 3145 2334 edit.
3191 2276 3383 2334 Omnia
3417 2277 3564 2334 enim

1994 2393 2115 2446 quae
2175 2377 2316 2430 facta
2365 2383 2529 2438 sunt,
2579 2373 2788 2428 ratione
2835 2381 2889 2428 et
2935 2370 3198 2441 sapientia
3242 2368 3562 2434 fabrefacit;

1994 2471 2203 2524 ratione
2249 2469 2465 2539 quidem
2513 2476 2680 2530 creat,
2734 2465 2993 2536 sapientia
3034 2479 3165 2520 vero
3204 2471 3382 2518 ornat.
3416 2461 3566 2518 Fecit

1997 2560 2160 2631 igitur
2195 2559 2336 2614 sicut
2364 2557 2564 2613 voluit:
2602 2556 2740 2612 Deus
2769 2556 2915 2612 enim
2953 2563 3091 2612 erat.
3140 2552 3341 2608 Eorum
3382 2562 3563 2608 autem

1995 2668 2115 2722 qua:
2141 2651 2277 2706 facta
2317 2660 2470 2716 sunt,
2501 2649 2728 2716 ducem,
2766 2647 3138 2704 censiliarium
3172 2653 3224 2701 et
3255 2646 3576 2717 operarium.

1996 2745 2285 2817 generabat
2322 2741 2591 2808 Verbum;
2621 2740 2764 2812 quod
2798 2738 3033 2796 Verbum
3063 2755 3187 2794 cum
3221 2739 3276 2793 in
3313 2755 3371 2794 se
3397 2739 3566 2794 habe-

1995 2839 2097 2900 ret’,
2127 2831 2627 2905 essetque-mundo
2686 2839 2869 2886 creato
2937 2829 3360 2901 inaspectahile,
3435 2829 3562 2884 fecit

1989 2927 2336 3001 aspectabile,
2357 2928 2610 2983 emittens
2637 2924 2872 2996 priorem
2905 2935 3136 2989 vocem;
3171 2929 3227 2977 et
3268 2922 3452 2976 lumen
3497 2935 3562 2975 ex

1997 3022 2198 3077 lumine
2225 3035 2522 3092 generans,
2555 3017 2890 3088 deprompsit
2930 3019 3033 3088 ipsi
3071 3025 3333 3073 creatura:
3381 3012 3566 3067 Domi-

1998 3129 2122 3166 num
2145 3153 2160 3177 ,
2191 3116 2413 3166 sensu‘m
2456 3123 2614 3163 suum
2644 3125 2658 3172 ;
2687 3115 2740 3161 et
2769 3108 2863 3177 qui
2895 3109 3046 3178 prius
3077 3107 3178 3178 ipsi
3211 3114 3420 3160 tantum
3449 3112 3567 3158 erat

1993 3203 2254 3266 visibilis,
2302 3201 2504 3255 mundo
2533 3206 2710 3252 autem
2753 3198 3076 3264 invisibilis;
3124 3199 3269 3252 hunc
3297 3195 3565 3252 visibilem

1991 3295 2138 3358 facit,
2192 3305 2250 3350 ut
2296 3295 2532 3348 mundus
2565 3310 2688 3348 cum
2717 3309 2863 3353 eum,
2898 3292 2990 3361 qui
3033 3291 3310 3360 apparuit,
3342 3288 3565 3353 videret,

1988 3387 2171 3443 salvus
2197 3387 2307 3442 fieri
2338 3397 2540 3458 posset.

2061 3481 2150 3538 ΧΙ.
2193 3483 2368 3551 Atque
2419 3481 2488 3535 ita
2535 3480 2704 3536 astitit
2746 3481 2794 3534 ei
2840 3479 3000 3534 alius.
3037 3477 3172 3532 Cum
3209 3477 3375 3531 alium
3406 3475 3566 3538 dico,

1993 3590 2098 3628 non
2129 3574 2267 3627 duos
2295 3573 2428 3627 Deos
2452 3573 2605 3636 dico;
2638 3572 2731 3625 sed
2761 3582 3016 3639 tanquam
3043 3571 3222 3623 lumen
3249 3583 3314 3622 ex
3338 3567 3564 3629 lumine,

1991 3675 2046 3718 et
2066 3680 2262 3734 aquam
2284 3680 2349 3718 ex
2379 3663 2545 3726 fonte,
2567 3672 2660 3716 aut
2680 3664 2889 3716 radium
2922 3677 2951 3715 a
2979 3663 3110 3717 sole.
3137 3661 3254 3722 Una
3281 3660 3424 3713 enim
3452 3657 3566 3710 vir-

1996 3765 2080 3810 tus
2111 3770 2231 3824 qua:
2252 3769 2318 3808 ex
2352 3762 2464 3808 toto
2496 3763 2611 3818 est;
2652 3761 2822 3806 totum
2859 3767 2984 3806 vero
3011 3749 3191 3813 Pater,
3225 3764 3291 3803 ex
3315 3762 3426 3817 quo
3453 3748 3566 3800 vir-

1996 3855 2082 3901 tus
2116 3843 2374 3899 Verbum.
2420 3844 2534 3897 Hoc
2570 3857 2697 3896 vero
2725 3857 2880 3896 mens
2905 3850 3018 3905 est,
3043 3839 3188 3908 quod
3228 3838 3481 3908 prodiens
3510 3839 3566 3892 in

1996 3938 2282 4002 mundum,
2315 3946 2592 3990 ostensum
2618 3941 2700 3988 est
2727 3948 2862 4003 puer
2896 3932 3010 3987 Dei.
3045 3929 3234 3986 Omnia
3271 3930 3434 4000 igitur
3470 3944 3568 4000 per

1998 4028 2174 4098 ipsum
2208 4028 2274 4092 θ’,
2306 4028 2420 4096 ipse
2442 4033 2621 4079 autem
2650 4024 2799 4080 solus
2819 4039 2883 4077 ex
2911 4019 3256 4085 Patre.'Qnis
3291 4035 3418 4090 ergo
3442 4034 3568 4090 pro-

2006 4369 2231 4430 martyr,
2257 4357 2516 4430 Tatian_u_s
2531 4367 2584 4411 et
2598 4356 2970 4430 Athenagoras
2988 4349 3568 4430 .utAQota-tumdocfjs-

2004 4418 2368 4483 simo'Grabio
2391 4427 2456 4480 ad
2483 4426 2742 4480 Irenaeum
2776 4418 2869 4478 lib.
2899 4438 2962 4486 ll,
2991 4440 3040 4478 c.
3064 4422 3156 4476 23.
3181 4421 3276 4474 His
3292 4420 3427 4474 adde
3456 4418 3568 4474 Me-

2005 4499 2246 4544 thndinm
2274 4499 2325 4544 in
2360 4497 2580 4544 lmmilia
2608 4497 2674 4544 de
2708 4495 2961 4544 Simeone
2993 4503 3046 4544 et
3074 4493 3251 4544 Anna.
3278 4508 3397 4544 nae.
3425 4490 3560 4544 152:

3315 4508 3397 4544 32.
3425 4506 3560 4544 ποτε

2005 4508 2246 4553 thodium
2274 4508 2326 4551 in
2362 4508 2580 4550 ltomma
2608 4508 2674 4550 de
2708 4508 2961 4549 Simeone
2993 4508 3046 4547 et
3074 4508 3251 4548 Anna.
3278 4508 3397 4562 pag.
3425 4508 3560 4544 ποτε

2001 4569 2072 4622 Σὺ
2102 4564 2154 4621 εἴ
2179 4568 2294 4637 φῶς
2323 4565 2569 4637 ἀληθινὸν
2589 4569 2662 4637 ,ὲκ
2691 4565 2867 4637 φωτὸς
2893 4562 3148 4637 άληθινοῦ
3169 4602 3185 4625 ,
3376 4561 3566 4637 άληθι-

1999 4639 2088 4702 νὸς
2110 4641 2173 4691 ἐκ
2192 4631 2328 4692 Θεοῦ
2358 4631 2632 4708 ἀληθινοῦ.
2667 4631 3001 4708 Athanasius
3017 4644 3203 4708 postea
3220 4631 3567 4708 ὤιξε-λύχνον

2001 4701 2304 4778 ἐκλύχνου,
2337 4701 2466 4761 ιοῐηζ
2506 4709 2545 4778 l,
2581 4706 2859 4778 pag.788i,
2895 4701 3310 4778 editILipsieth.
3343 4701 3562 4778 Fannio.

2072 4772 2187 4846 (92⁷)
2214 4772 2594 4846 Ἴδιοιίνοῦνξ
2633 4776 2822 4842 Filius,
2866 4774 3011 4840 νοῦς,
3043 4773 3203 4842 σοφία
3246 4772 3421 4826 Patris
3448 4813 3463 4838 ,
3513 4785 3567 4825 et

2003 4848 2140 4902 infra
2168 4844 2218 4901 ι).
2251 4849 2337 4910 15,
2363 4844 2639 4902 Voluntas.
2675 4846 2750 4902 In.

2070 4921 2182 4983 (95)
2209 4919 2448 4984 Ἕτερον
2507 4916 2578 4987 δέ
2613 4917 2824 4987 λέγων.
2867 4914 3082 4970 Iustino
3111 4913 3329 4987 martyri
3351 4911 3566 4987 quando

2002 4981 2172 5043 Filius
2196 4981 2382 5057 ἕτερόν
2413 5004 2466 5040 τι
2497 5004 2527 5041 a
2557 4981 2714 5057 Patre
2735 5002 2856 5040 esse
2889 4981 3566 5057 dicitur,__et_Tertulli_auo

2002 5058 2220 5127 quando
2281 5052 2303 5109 ι
2338 5057 2534 5111 Filium
2571 5066 2625 5111 et
2668 5056 2884 5110 Patrem
2925 5072 3046 5110 esse
3085 5053 3229 5107 aliud
3276 5053 3344 5127 a_b
3395 5052 3502 5106 alio
3539 5071 3558 5104 ›

2003 5122 2250 5189 affirmat,
2276 5129 2463 5181 eadem
2506 5144 2626 5196 qua":
2665 5127 2948 5196 Hippolyto
2987 5140 3178 5196 mens,
3213 5122 3560 5196 utPersonag

2004 5215 2124 5280 rum
2153 5192 2557 5320 disti'nctionem.
2585 5192 2895 5261 ostendant,
2927 5213 3032 5249 non
3059 5204 3115 5248 ut
3140 5192 3424 5262 ὁμοούσιον
3452 5192 3566 5246 inﬂ-

2004 5281 2234 5320 nentur.
2294 5285 2346 5320 ι).

2004 5281 2234 5324 Ctetttut'.
2272 5281 2346 5322 ID.

2075 5340 2186 5404 (9-1)
2221 5336 2406 5405 Οὗτος
2431 5337 2498 5391 δὲ
2533 5338 2698 5402 νοῦς.
2742 5336 3044 5390 Turrianus
3083 5335 3229 5388 hunc
3269 5333 3447 5405 locum
3484 5331 3566 5388 sic
3614 5378 3617 5380 .

2004 5411 2342 5464 reddiderat:
2382 5403 2402 5459 ι
2436 5407 2550 5462 Hoc
2586 5423 2714 5461 vero
2745 5423 2897 5460 mens
2921 5405 3034 5458 sive
3067 5419 3280 5473 sensus,
3314 5403 3403 5473 qu_i
3431 5418 3563 5471 pro-

2003 5480 2157 5533 diens
2201 5481 2255 5532 in
2293 5480 2556 5532 mundum
2581 5521 2594 5542 ,
2634 5486 2885 5532 ostensus
2926 5483 3009 5528 est
3047 5489 3182 5542 puer
3211 5471 3345 5526 Dei.‘
3369 5471 3565 5528 Omnia

2004 5548 2169 5619 igitur
2194 5565 2438 5619 porcum
2469 5549 2607 5602 facta
2649 5556 2812 5619 sunt;
2837 5547 2961 5619 ipse
2991 5546 3142 5599 solus
3172 5559 3234 5619 ert
3277 5543 3436 5597 Patre
3475 5560 3567 5611 ge-

2004 5618 2170 5673 nitus.
2194 5615 2232 5670 ἰ
2271 5617 2472 5673 Grtecis
2503 5617 2750 5686 pressius
2776 5616 3122 5669 inhaerentem
3172 5615 3450 5668 Maranum
3477 5630 3582 5669 ωσι.

2005 5689 2111 5745 cuti
2141 5704 2330 5746 sumus
2360 5689 2397 5744 1.
2430 5704 2480 5745 c.
2505 5685 2630 5760 pag.
2660 5685 2784 5754 459,
2812 5702 2972 5757 quem
2998 5687 3159 5767 adeas
3193 5686 3370 5740 velim.
