3860 6200
427 341 532 399 819

1092 333 1150 389 S.
1191 328 1549 387 HIPPOLYTI
1586 328 1735 385 OPP.
1776 323 1957 382 PARS
1994 321 2058 377 ll.
2102 352 2171 363 —
2210 315 2513 374 DOGMA'I‘.
2555 313 2644 368 ET
2681 309 3023 366 lllS'l’OIllC'.

3530 303 3624 361 sse

428 459 533 514 l‘ert
565 453 963 512 multitudinem
1001 450 1251 517 deorum,
1282 465 1403 520 quae
1428 465 1524 519 per
1559 446 1828 504 curricula
1860 454 1995 500 tem-

2112 437 2307 509 πληθὺν
2347 432 2483 487 θεῶν
2528 426 3014 502 παραδαλλομένην
3062 421 3205 476 κατὰ
3248 416 3487 490 καιρούς-ς
3529 418 3628 471 Kal.

424 558 624 620 porum
666 545 892 617 appulsa
944 542 1078 596 fuit?
1121 542 1323 597 Omnes
1351 542 1495 596 enim
1532 556 1601 596 eo
1634 539 1835 594 redacti
1871 548 1999 593 sunt

426 640 615 706 inviti,
659 645 718 691 ut
746 636 927 692 dicant
965 634 1147 689 omnia
1182 636 1247 688 ad
1279 648 1449 688 unum
1488 647 1800 695 recurrere,
1835 631 1996 687 etiam

426 731 728 788 secundum
772 720 1116 783 Valentinum
1143 769 1158 791 ,
1215 736 1269 782 et
1312 725 1664 787 Marcionem,
1718 735 1772 779 et
1810 724 2000 780 Cerin-

428 829 608 890 thum,
640 830 693 877 et
730 833 944 876 omnem
972 821 1187 874 illorum
1224 819 1619 889 nngacitatem;
1669 825 1724 872 et
1758 817 1864 871 huc
1902 811 2003 870 n6-

428 916 601 970 lcntes
627 913 970 979 reciderunt,
1008 921 1068 966 ut
1097 926 1260 964 unam
1303 909 1545 963 omnium
1578 922 1802 963 causam
1830 906 2001 962 conli-

431 1016 668 1062 teantur.
713 1004 881 1076 Igitur
916 1003 1126 1058 veritati
1156 1004 1400 1057 nolentes
1452 1002 1838 1064 consentiunt,
1880 1016 2001 1055 esse

431 1098 638 1153 scilicet
676 1112 845 1151 unum
895 1094 1087 1155 Deum,
1116 1094 1211 1164 qui
1253 1092 1379 1148 fecit
1415 1094 1596 1147 omnia
1618 1092 1769 1147 sicut
1809 1091 1997 1145 voluit.

433 1189 533 1245 Hic
556 1200 736 1245 autem
767 1188 915 1243 dedit
940 1189 1108 1256 legem
1139 1195 1193 1240 et
1221 1187 1541 1256 prophetas;
1572 1194 1626 1240 et
1651 1184 1833 1239 dando
1878 1199 2004 1237 coe-

433 1283 512 1351 git
539 1282 636 1337 hos
666 1297 760 1351 per
794 1279 1054 1349 Spiritum
1085 1287 1332 1333 sanctum
1365 1278 1510 1359 loqui
1533 1317 1547 1340 ,
1590 1286 1650 1331 ut
1677 1275 2003 1344 aceipientes

433 1375 653 1429 virtutis
678 1373 924 1427 Paterna:
952 1371 1385 1440 inspirationem,
1418 1370 1706 1426 consilium
1735 1380 1793 1424 et—
1813 1369 2005 1423 volun-

435 1476 601 1522 tatem
628 1465 802 1521 Patris
827 1463 1162 1518 nuntiarent.
1388 1458 1395 1469 ’

509 1654 625 1711 XII.
668 1654 730 1708 In
766 1654 852 1709 bis
875 1653 1036 1724 igitur
1060 1652 1295 1708 Verbum
1322 1655 1654 1730 versabatur,
1682 1656 1905 1725 loquens
1932 1656 1999 1711 de

441 1761 500 1799 se
519 1744 654 1815 ipso.
677 1744 794 1799 Jam
817 1744 960 1797 enim
985 1743 1097 1812 ipse
1119 1758 1248 1796 suus
1282 1759 1456 1813 prteco
1486 1754 1601 1798 erat
1620 1761 1635 1809 ;
1657 1744 2000 1799 ostendebat-

439 1852 546 1906 que
568 1835 808 1890 futurum
844 1849 984 1900 esse,
1006 1844 1066 1888 ut
1085 1834 1319 1889 Verbum
1355 1835 1409 1888 in
1440 1835 1746 1890 hominibus
1773 1850 2001 1904 appare-

440 1936 544 1982 ret.
576 1927 782 1982 Idcirco
811 1927 889 1981 sic
925 1927 1225 1981 clamabat:
1252 1946 1270 1978 ι
1304 1927 1497 1981 Factus
1533 1942 1649 1981 sum
1687 1927 2004 1982 manifestus

442 2020 508 2074 iis
531 2019 621 2088 qui
663 2034 773 2073 non
809 2018 1122 2088 quzerebant
1148 2034 1265 2085 me;
1307 2018 1556 2073 inventus
1591 2034 1710 2073 sum
1733 2017 1801 2072 ab
1824 2017 1890 2072 iis
1912 2018 2003 2088 qui

441 2116 552 2165 non
576 2110 979 2181 interrogabant
1007 2125 1094 2165 me
1118 2110 1185 2161 ⁸³.
1219 2109 1389 2175 »Οιιίε
1431 2125 1558 2164 vero
1596 2117 1678 2163 est
1715 2108 1805 2178 qui
1830 2108 2005 2165 factus

442 2210 525 2256 est
550 2203 884 2271 manifestus,
908 2202 1013 2257 nisi
1036 2202 1269 2256 Verbum
1296 2202 1506 2267 Patris?
1532 2202 1674 2272 quod
1698 2217 1819 2256 cum
1848 2202 2005 2256 Pater

444 2291 607 2354 misit,
637 2300 957 2361 potestatem
983 2308 1135 2346 suam
1172 2292 1410 2347 ostendit
1437 2290 1764 2345 hominibus.
1793 2289 1882 2345 Sic
1905 2291 2004 2361 igi-

445 2394 535 2438 tur
562 2385 761 2439 factum
785 2394 865 2440 est
891 2385 1235 2439 manifestum
1262 2384 1518 2447 Verbum,
1545 2383 1681 2438 sicut
1718 2383 1792 2437 ait
1819 2385 2008 2438 beatus

442 2474 699 2530 Joannes.
736 2474 953 2545 Repetit
994 2475 1136 2529 enim
1176 2474 1483 2529 summatim
1513 2489 1634 2544 qum
1663 2490 1694 2528 a
1731 2474 2009 2544 prophetis

448 2567 592 2620 dicta
617 2576 762 2634 sunt,
786 2567 1163 2621 demonstrans
1191 2560 1441 2622 hoc‘esse
1470 2566 1704 2621 Verbum
1744 2581 1839 2635 per
1865 2565 2009 2635 quod

445 2657 627 2710 omnia
660 2657 799 2712 facta
827 2666 973 2711 sunt.
1006 2656 1094 2712 Sic
1122 2658 1265 2712 enim
1295 2657 1408 2711 ait:
1446 2676 1464 2709 ι
1502 2656 1560 2710 In
1590 2655 1853 2726 principio
1894 2664 2009 2708 erat

445 2747 701 2811 Verbum,
732 2758 789 2802 et
823 2747 1055 2803 Verbum
1083 2754 1199 2801 erat
1235 2745 1378 2816 apud
1409 2746 1599 2809 Deum,
1642 2754 1697 2799 et
1727 2745 1868 2798 Deus
1894 2753 2009 2797 erat

445 2839 701 2895 Verbum.
727 2840 918 2896 Omnia
960 2854 1057 2909 per
1098 2838 1272 2907 ipsum
1303 2837 1440 2891 facta
1479 2844 1636 2901 sunt,
1664 2843 1718 2890 et
1744 2835 1860 2889 sine
1888 2835 2007 2904 ipso

446 2932 644 2987 factum
691 2941 776 2986 est
825 2931 959 2984 nihil
996 2931 1060 2982 “.
1100 2947 1127 2980 ι⁴
1155 2929 1222 2982 Et
1259 2928 1397 2982 infra
1434 2928 1509 2982 ait
1547 2945 1559 2980 :
1604 2947 1622 2979 ι
1654 2926 1881 2981 Mundus
1914 2941 2011 2994 per

446 3024 621 3093 ipsum
657 3022 827 3076 factus
862 3030 961 3086 est,
1003 3029 1057 3075 ct
1094 3021 1326 3075 mundus
1366 3035 1490 3074 eum
1515 3034 1624 3073 non
1654 3016 1920 3087 cognovit.
1950 3016 2010 3069 In

2099 534 2206 603 γὰρ
2238 515 2438 591 πάντες
2474 521 2909 592 ἀπεκλείσθησαν
2931 520 3012 581 είς
3039 515 3198 568 τοῦτο
3231 513 3442 575 ἄκοντες
3457 513 3627 572 είπείν,

2097 602 2268 678 ὅτιτὸ
2294 622 2401 674 πᾶν
2431 620 2510 682 είς
2532 616 2631 671 ἕνα
2657 613 2960 685 ἀνατρέχει.
2988 611 3054 663 El
3077 602 3174 661 οὖν
3196 604 3265 659 τὰ
3279 603 3442 657 πάντα
3458 606 3527 665 είς
3546 603 3629 657 ἕνα

2099 713 2406 786 ἀνατρέχει,
2432 711 2524 764 καὶ
2542 706 2683 761 κατὰ
2702 704 3054 761 Οὐαλεντῖνον
3072 694 3324 751 καὶκατὰ
3347 693 3630 766 Μαρκίωνα,

2099 805 2370 878 Κήρινθόν
2402 820 2462 856 τε
2494 801 2587 854 καὶ
2623 801 2802 853 πᾶσαν
2842 796 2941 865 τὴν
2972 792 3202 847 ἐκείνων
3237 788 3519 878 φλυαρίαν,
3552 787 3633 840 ιιι).

2100 876 2321 961 ἄκοντες
2346 897 2425 959 είς
2459 894 2618 948 τοῦτο
2649 890 2999 961 περιέπεσαν,
3037 885 3128 938 ἵνα
3165 882 3267 947 τὸν
3284 881 3379 932 ἕνα
3398 876 3633 949 ὁμολογη-

2104 1006 2267 1043 σωσιν
2306 987 2477 1041 αἴτιον
2496 985 2605 1039 τῶν
2645 983 2861 1038 πάντων
2878 998 2892 1011 ·
2944 978 3121 1040 οὕτως
3160 969 3254 1028 οὖν
3295 971 3639 1042 συντρέχουσιν

2103 1083 2195 1135 καὶ
2220 1081 2373 1134 αὐτοὶ⁹
2409 1077 2484 1150 μὴ
2524 1077 2770 1139 θέλοντες
2808 1075 2873 1144 τῇ
2924 1068 3158 1141 ἀληθείᾳ
3200 1067 3297 1119 ἕνα
3330 1063 3455 1117 Θεὸν
3486 1062 3642 1132 λέγειν

2103 1173 2407 1243 ποιήσαντα
2432 1169 2509 1232 ὡς
2538 1166 2817 1238 ἠθέλησεν.
2865 1156 3033 1226 Οὗτος
3066 1160 3123 1213 δὲ
3161 1158 3356 1212 ἔδωκεν
3390 1154 3536 1226 νόμον
3563 1154 3643 1209 καὶ

2105 1264 2411 1335 προφήτας,
2439 1260 2533 1313 καὶ
2562 1259 2685 1320 δοὺς
2700 1256 2789 1311 διὰ
2813 1253 3135 1324 Πνεύματος
3172 1249 3328 1318 ἁγίου
3370 1247 3644 1316 ἠνάγκασεν

2104 1354 2327 1417 τούτους
2365 1351 2697 1421 φθέγξασθαι
2740 1348 2874 1418 (95),
2902 1348 3053 1409 ὃπως
3076 1343 3181 1413 τῆς
3217 1339 3473 1412 Πατρῴας
3512 1340 3645 1392 δυνά-

2107 1465 2252 1517 μεως
2282 1445 2381 1517 τὴν
2406 1445 2705 1498 ἀπόπνοιαν
2733 1440 3006 1501 λαϐόντες,
3023 1436 3125 1507 τὴν
3158 1434 3349 1505 βουλὴν
3380 1434 3468 1485 καὶ
3492 1433 3546 1484 τὸ
3569 1431 3645 1483 θέ·

2105 1539 2170 1610 λη
2180 1557 2255 1610 μα
2282 1537 2381 1591 τοῦ
2414 1535 2626 1607 Πατρδς
2653 1531 3101 1601 καταγγείλωσιν.

2187 1653 2275 1704 Ἐν
2295 1650 2519 1715 τούτοις
2550 1649 2727 1702 τοίνυν
2769 1644 3188 1714 πολιτευόμενος
3223 1643 3253 1693 6
3284 1639 3448 1707 Λόγος
3477 1637 3648 1705 ἐφθέγ-

2105 1759 2230 1811 γετο
2261 1741 2388 1813 περὶ
2408 1740 2622 1794 ἑαυτοῦ.
2663 1737 2800 1809 Ἤδη
2832 1735 2940 1808 γὰρ
2962 1734 3128 1797 αὐτὸς
3151 1730 3345 1785 ἑαυτοῦ
3370 1730 3532 1802 κῆρυξ
3551 1729 3653 1797 ἐγέ-

2107 1851 2246 1897 νετο,
2269 1831 2529 1886 δεικνύων
2562 1813 2823 1903 μέλλοντα
2847 1829 3015 1896 Λόγον
3052 1824 3343 1895 φαίνεσθαι
3383 1825 3437 1875 ὲν
3472 1821 3654 1894 ἀνθρώ-

2106 1942 2248 1987 τιοις,
2278 1925 2344 1977 δι’
2371 1926 2436 1996 ἢν
2461 1922 2638 1976 αἰτίαν
2656 1922 2828 1984 οὕτως
2850 1919 2980 1973 ἐϐόα
3003 1936 3017 1948 ·
3054 1937 3073 1969 ι
3119 1915 3399 1988 Ἐμφανὴς
3419 1914 3653 1985 ἐγενόμην

2105 2019 2217 2079 τοῖς
2237 2016 2337 2086 ἐμὲ
2366 2015 2439 2086 μὴ
2475 2014 2748 2084 ζητοῦσιν,
2782 2011 3014 2084 εὑρέϐην
3044 2012 3163 2073 τοῖς
3203 2009 3304 2079 ἐμὲ
3353 2006 3424 2078 μὴ
3469 2009 3653 2075 ἐπερω-

2106 2108 2289 2161 τῶσιν.
2328 2126 2347 2159 ι
2388 2108 2483 2172 Τίς
2510 2107 2566 2161 δέ
2597 2109 2744 2160 ἐστιν
2777 2107 2805 2159 6
2840 2103 3087 2175 ἐμφανὴς
3135 2101 3459 2172 γενόμενος,
3499 2098 3650 2168 ἀλλ’ἢ

2106 2202 2136 2252 6
2155 2200 2325 2269 Λόγος
2345 2200 2439 2252 τοῦ
2466 2198 2679 2270 Πατρός
2699 2215 2714 2263 ;
2748 2196 2806 2251 ὃν
2828 2195 3177 2250 ἀποστέλλων
3194 2194 3385 2264 Πατὴρ
3414 2192 3653 2246 ἐδείκνυεν

2107 2292 2417 2365 ἀνθρώποις
2450 2294 2547 2363 τὴν
2570 2293 2699 2363 παρ’
2730 2290 2922 2343 ἑαυτοῦ
2956 2288 3231 2353 ἐξουσίαν.
3267 2286 3448 2349 Οὓτως
3474 2280 3558 2338 οὖν
3575 2286 3655 2355 ὲμ-

2110 2390 2280 2457 φανὴς
2309 2387 2520 2455 ἐγένετο
2543 2387 2572 2438 6
2595 2385 2784 2453 Λόγος,
2804 2382 2985 2446 καθὼς
2999 2382 3174 2450 λέγει,
3197 2377 3653 2448 ἀνακεφαλαιοῦτςι

2108 2476 2214 2548 γὰρ
2243 2480 2272 2530 6
2303 2476 2566 2548 μακάριος
2600 2473 2849 2543 Ἰωάννης
2878 2472 2947 2526 τὰ
2973 2471 3062 2525 διὰ
3093 2472 3205 2525 τῶν
3236 2467 3655 2541 προφητῶνείρηο

2113 2569 2264 2640 μένα,
2298 2570 2511 2632 δεικνὺς
2539 2566 2726 2621 τοῦτον
2754 2562 2892 2621 εἶναι
2923 2565 3014 2618 τὸν
3030 2565 3232 2633 Λόγον,
3257 2563 3325 2616 δι’
3344 2556 3404 2615 οὗ
3426 2560 3491 2614 τὰ
3503 2559 3653 2614 πάντα

2109 2660 2342 2728 ἐγένετο.
2375 2661 2541 2730 Φησὶν
2565 2658 2672 2732 γὰρ
2708 2658 2900 2716 οὕτως·
2925 2676 2943 2707 ι
2991 2657 3080 2710 Ἐν
3116 2658 3262 2729 ἀρχῇ
3314 2650 3383 2726 ἦν
3413 2652 3442 2705 ὁ
3475 2652 3650 2720 Λόγος,

2110 2752 2204 2805 καὶ
2224 2754 2253 2805 ό
2279 2752 2449 2821 Λόγος
2478 2747 2545 2822 ἦν
2574 2750 2710 2823 πρὸς
2744 2750 2834 2802 τὸν
2854 2747 3006 2812 Θεὸν,
3038 2747 3137 2800 καὶ
3169 2747 3304 2810 Θεὸς
3329 2741 3398 2818 ἦν
3420 2746 3447 2798 6
3488 2743 3650 2811 Λόγος.

2110 2842 2293 2919 Πάντα
2323 2843 2392 2895 δι’
2430 2842 2590 2895 αὐτοῦ
2627 2842 2872 2910 ἐγένετο,
2920 2840 3015 2894 καὶ
3047 2840 3221 2911 χωρὶς
3274 2836 3435 2893 αὐτοῦ
3471 2834 3654 2903 ἐγένετο

2108 2935 2231 2988 οὐδὲ
2258 2935 2316 2988 ἓν
2345 2933 2478 3005 (£16).
2520 2954 2540 2986 ι
2572 2933 2869 3010 κ’Υποβάς]
2924 2939 2980 2991 δὲ
3055 2932 3194 3002 ἔφη·
3231 2951 3250 2982 ι
3300 2932 3357 2984 Ὀ
3388 2929 3574 2998 κόσμος
3596 2926 3651 2980 δι’

2111 3026 2276 3080 αὐτοῦ
2299 3027 2535 3096 ἐγένετο,
2565 3026 2659 3080 καὶ
2691 3028 2719 3078 6
2745 3025 2945 3096 κόσμος
2966 3024 3131 3078 αὐτὸν
3161 3024 3261 3076 οὐκ
3291 3022 3446 3089 ἔγνω.
3487 3018 3572 3083 Ei;
3595 3016 3654 3070 τὰ

446 3114 660 3183 propria
701 3113 865 3177 venit,
913 3122 967 3167 et
1017 3112 1100 3167 sui
1145 3127 1268 3165 eum
1302 3128 1413 3165 non
1452 3121 1773 3181 receperunt
1799 3112 1862 3163 δ’.
1901 3128 1919 3160 ι
1955 3107 2005 3164 Si

2112 3116 2218 3170 ἴδια
2249 3113 2430 3188 ἦλθεν,
2457 3116 2550 3168 καὶ
2576 3117 2626 3168 οἱ
2659 3114 2777 3168 ἴδιοι
2807 3114 2968 3167 αὑτὸν
2991 3110 3398 3184 οὺπαρέλαὸον.
3432 3126 3450 3158 ι
3479 3107 3539 3161 El
3556 3099 3653 3169 οὖν,

446 3202 699 3267 mundus,
737 3202 926 3271 inquit,
958 3215 1054 3269 per
1085 3200 1259 3270 ipsum
1287 3200 1458 3255 factus
1478 3209 1583 3265 est,
1612 3200 1751 3255 sicut
1778 3199 1852 3253 ait
1878 3199 2012 3253 Pro-

446 3294 610 3362 pheta
642 3309 654 3343 :
688 3311 707 3343 ι
746 3290 919 3346 Verbo
947 3290 1159 3345 Domini
1189 3291 1311 3345 coeli
1339 3290 1533 3345 ﬁrmati
1549 3299 1675 3345 sunt
1697 3291 1770 3355 ‘5;
1799 3308 1819 3340 ι
1853 3289 2013 3361 igitur

449 3386 551 3440 hoc
578 3394 661 3438 est
686 3383 940 3447 Verbum,
982 3383 1124 3453 quod
1152 3384 1352 3438 factum
1374 3392 1461 3438 est.
1478 3383 1841 3439 manifestum.
1869 3384 2010 3453 Ergo

448 3476 686 3530 Verbum
715 3476 1051 3529 incarnatum
1078 3477 1384 3542 cernimus;
1412 3475 1624 3530 Patrem
1652 3491 1750 3545 per
1776 3490 1900 3529 eum
1935 3475 2012 3528 in-

450 3568 736 3639 telligimus
765 3584 779 3632 ;
810 3567 945 3621 Filio
986 3568 1285 3634 credimus;
1325 3567 1582 3638 Spiritum
1610 3577 1854 3623 sanctum
1883 3568 2011 3623 ado-

450 3675 651 3714 ramus.
708 3659 991 3714 Videamus
1034 3659 1195 3732 igitur
1239 3676 1358 3732 quze
1412 3662 1608 3732 scripta
1659 3670 1812 3727 sunt,
1868 3651 2012 3731 quod

452 3750 842 3819 praedicabatur
869 3750 1087 3820 quidem
1115 3749 1351 3807 Verbum
1378 3746 1621 3807 futurum
1646 3751 2031 3819 manifestum,

514 3830 647 3886 XIII.
686 3831 950 3905 Jeremias
973 3835 1139 3888 etiam
1166 3835 1324 3891 dicit:
1368 3854 1387 3887 ι
1426 3834 1560 3901 Quis
1581 3840 1733 3892 stetit
1762 3840 1816 3893 in
1852 3840 2014 3910 hypo-

439 3922 581 3977 stasi.
604 3919 840 3987 Domini,
858 3932 913 3976 et
939 3923 1073 3979 vidit
1101 3921 1333 3979 Verbum
1353 3924 1473 3996 ejus
1491 3926 1534 3957 "
1551 3927 1574 3980 ?
1594 3945 1613 3978 ι
1638 3925 1872 3982 Verbum
1909 3945 2009 3983 au-

441 4022 548 4070 tem
578 4012 684 4071 Dei
724 4014 902 4075 solum
942 4024 1025 4070 est
1059 4015 1307 4083 visibile;
1349 4019 1574 4074 verbum
1604 4036 1732 4074 vero
1779 4021 2010 4077 hominis

438 4106 695 4165 audibile.
739 4107 967 4175 Quando
999 4110 1131 4166 dicit
1159 4111 1340 4166 videre
1372 4109 1604 4167 Verbum
1624 4156 1640 4181 ,
1680 4130 1901 4169 necesse
1928 4126 2012 4170 est

440 4199 575 4255 mihi
606 4208 666 4255 ut
702 4204 942 4267 credam,
979 4204 1085 4259 hoc
1123 4203 1335 4260 visibile
1377 4205 1603 4261 missum
1638 4222 1776 4263 esse.
1810 4207 2010 4266 Missus

441 4300 623 4347 autem
657 4307 768 4351 non
805 4303 889 4349 est
929 4294 1067 4349 alius
1106 4309 1270 4366 quam
1318 4293 1575 4351 Verbum.
1629 4295 1784 4363 Quod
1829 4307 2008 4357 autem

440 4384 671 4438 missum
721 4381 824 4438 fuit
848 4425 874 4451 ,,
913 4392 1142 4441 testatur
1164 4385 1391 4456 Petrus,
1436 4403 1557 4443 cum
1591 4389 1727 4443 dixit
1756 4390 2010 4446 Cornelio

2113 3208 2234 3280 ἔφη,
2261 3210 2289 3260 6
2330 3209 2530 3278 κόσμος
2576 3206 2642 3259 δι’
2674 3205 2838 3258 αὐτοῦ
2870 3205 3162 3275 γεγένηται
3185 3245 3201 3267 ,
3255 3200 3434 3263 καθὼς
3477 3195 3651 3265 λέγειό

2113 3301 2432 3372 Προφήτης·
2466 3317 2484 3348 ι
2518 3296 2607 3367 Τῷ
2638 3297 2795 3367 Λόγῳ
2830 3297 3034 3369 Κυρίου
3077 3297 3130 3348 οἱ
3167 3294 3388 3366 οὐρανοὶ⁵
3415 3285 3647 3360 ἐστερεὼο

2112 3390 2313 3460 ϐησαν·
2349 3407 2368 3440 ι
2416 3389 2520 3459 ἄρα
2573 3382 2725 3451 οὗτός
2767 3389 2911 3441 ἐστιν
2950 3390 2979 3440 6
3005 3386 3182 3455 Λόγος
3229 3387 3259 3439 6
3296 3383 3391 3437 καὶ
3438 3376 3652 3451 ἐμφανὴς

2110 3480 2469 3550 δεικνύμενος.
2498 3479 2703 3532 υῦκοῦν
2724 3478 2984 3550 ἔνσαρκον
3011 3478 3187 3546 Λόγον
3211 3474 3531 3547 θεωροῦμεν,
3561 3470 3653 3522 Πα-

2110 3572 2245 3643 τέρα
2282 3571 2347 3624 δι’
2392 3571 2555 3625 αὑτοῦ
2595 3569 2821 3641 νοοῦμεν
2847 3611 2859 3635 ,
2891 3568 3004 3639 Υἱῷ
3029 3569 3085 3623 δὲ
3120 3568 3470 3637 πιστεύομεν,
3504 3561 3651 3616 Πνεῦ-

2116 3679 2253 3732 ματι-
2272 3662 2412 3733 ἁγίῳ
2450 3659 2874 3732 προσκυνοῦμεν.
2918 3658 3143 3729 Ἰδωμεν
3193 3653 3288 3710 οὖν
3327 3654 3395 3708 τὰ
3439 3665 3651 3722 γεγραμ-

2115 3753 2270 3824 μένα,
2299 3754 2379 3805 ὅτι
2413 3752 2512 3823 μὲν
2543 3752 2830 3823 ὲμφανὴςό
2855 3750 3024 3819 Λόγος
3040 3748 3299 3819 ἐσόμενος
3331 3743 3650 3817 ἐκηρύσσετο.

2182 3845 2291 3898 Καὶ
2321 3842 2585 3915 Ἱερεμίας
2617 3842 2759 3910 λέγει
2783 3859 2796 3871 ·
2821 3859 2839 3891 ι
2870 3840 2963 3903 Τίς
2979 3839 3106 3910 ἔστη
3132 3841 3193 3893 ἐν
3214 3837 3544 3907 ὑποστήματι
3558 3828 3649 3903 (97-)

2110 3937 2337 4008 Κυρίου,
2367 3937 2459 3989 καὶ
2493 3935 2596 3988 ἴδεν
2622 3934 2709 3987 τὸν
2739 3933 2907 4003 Λόγον
2933 3930 3135 3996 aiatait;
3177 3949 3198 3982 ι
3243 3930 3413 3998 Λόγος
3454 3926 3510 3979 δὲ
3536 3919 3648 3977 Θεοῦ

2114 4028 2535 4100 μόνος.ὁρατδς,
2568 4025 2853 4097 ἀνθρώπου
2891 4025 2948 4079 δὲ
3000 4023 3287 4086 ἁκουστός.
3332 4022 3497 4074 Ὅπου
3539 4014 3649 4085 όρᾷν

2110 4122 2199 4175 τὸν
2225 4121 2398 4190 Λόγον
2432 4119 2599 4187 λέγει,
2635 4118 2878 4187 ἀνάγκην
2900 4116 3007 4187 ἔχω
3034 4114 3311 4168 πιστεύειν
3341 4110 3525 4182 ὁρατὸν
3548 4103 3649 4159 τοῦ·

2109 4230 2200 4267 τον
2231 4208 2652 4279 ἀπεσταλμένον.
2687 4208 2801 4261 Οὐκ
2822 4206 2977 4269 ἄλλος
2996 4201 3063 4276 ἦν
3087 4205 3201 4258 ἀλλ’
3229 4205 3261 4276 ἢ
3284 4206 3313 4257 ὁ
3332 4201 3513 4271 Λόγος.
3548 4197 3647 4247 Ὀτι

2109 4304 2165 4357 δὲ
2196 4301 2535 4373 ἁπεστὰλθη,
2589 4302 2854 4372 μαρτυρεῖ
2897 4299 3131 4370 Πέτρος,
3168 4297 3304 4369 πρὸς
3328 4295 3417 4347 τὸν
3454 4287 3647 4344 ἑκατόν-

2110 4411 2303 4468 ταρχον
2326 4393 2618 4465 Κορνήλιον
2649 4392 2821 4461 λέγων
2839 4409 2852 4421 ·
2884 4409 2903 4441 ι
2950 4388 3357 4456 Ἐξαπέστειλεν
3379 4386 3408 4438 ὁ
3432 4382 3554 4444 Θεὸς
3572 4377 3645 4431 τὸν

439 4475 775 4530 centurioni:
816 4495 835 4527 ι
877 4475 1022 4533 Misit
1053 4476 1197 4533 Deus
1221 4477 1458 4536 Verbum
1497 4496 1657 4537 suum
1689 4483 1813 4539 (iliis
1844 4478 2005 4540 Israel

2112 4464 2283 4556 Λόγον
2307 4464 2475 4544 αὑτοῦ
2496 4464 2615 4547 τοῖς
2642 4485 2777 4547 υἱοῖς
2820 4481 3032 4555 Ἰσραὴλ
3056 4480 3143 4535 διὰ
3181 4478 3520 4552 κηρύγματος
3554 4472 3645 4540 Ἰη-

438 4580 537 4636 per
566 4565 1003 4634 praedicationem
1029 4567 1157 4625 Jesu
1191 4569 1416 4626 Christi.
1456 4569 1556 4627 Hic
1581 4582 1664 4628 est
1691 4572 1855 4642 Deus,
1888 4590 2007 4631 om-

437 4659 591 4713 nium
620 4658 887 4715 Dominus
928 4660 993 4715 ⁸⁸.
1045 4681 1065 4714 ι
1114 4660 1171 4716 Si
1216 4677 1345 4732 ergo
1376 4664 1609 4719 Verbum
1643 4667 1872 4722 mittitur
1913 4685 2006 4739 per

436 4746 624 4811 Jcsum
647 4749 944 4817 Christum,
976 4752 1226 4809 voluntas
1250 4752 1427 4811 Patris
1448 4765 1531 4811 est
1553 4755 1712 4813 Jesus
1733 4758 2002 4816 Christus.

2113 4577 2207 4632 σοῦ
2236 4577 2487 4650 Χριστοῦ.
2521 4569 2687 4639 υῦτός
2722 4576 2868 4628 ἐστιν
2894 4576 2921 4627 6
2948 4573 3077 4637 Θεὸς
3106 4575 3135 4627 ό
3168 4573 3382 4627 πάντων
3415 4566 3640 4637 Κύριος-ι

2111 4670 2175 4722 Εἰ
2201 4668 2257 4722 δὲ
2291 4665 2383 4723 οὖν
2406 4668 2575 4737 Λόγος
2605 4666 2988 4720 ἀποστέλλεται
3014 4664 3100 4717 διὰ
3133 4660 3307 4735 Ἰησοῦ
3336 4654 3574 4743 Χριστοῦ,
3592 4650 3643 4704 τὸ

2112 4761 2319 4832 θέλημα
2342 4760 2436 4814 τοῦ
2458 4760 2666 4832 Πατρός
2692 4762 2836 4813 ἐστιν
2880 4755 3084 4828 Ἰησοῦς
3108 4755 3339 4827 Χριστός
3366 4750 3489 4824 (98).
3603 4800 3609 4808 .

512 4868 557 4900 ⁸³
572 4867 677 4926 Isa.
708 4884 834 4936 va,
856 4869 906 4924 1.
985 4872 1030 4903 ⁸⁸
1052 4869 1208 4927 Joan.
1241 4888 1279 4936 I,
1308 4874 1417 4928 1-5.
1496 4876 1545 4909 ⁸³
1561 4876 1691 4932 ibid.
1725 4878 1811 4942 10,
1848 4880 1934 4943 ll.

2112 4881 2228 4936 'sal.
2270 4895 2443 4947 xxxn,
2474 4879 2526 4933 6.
2564 4879 2607 4910 ⁶⁷
2638 4877 2747 4933 Jer.
2776 4891 2934 4941 mn,
2964 4875 3049 4930 18.
3124 4874 3170 4906 ⁸⁸
3199 4874 3318 4929 Act.
3350 4887 3405 4935 ι,
3437 4865 3522 4922 56.

507 4981 627 5051 (95):
669 4982 1033 5061 ᾘγᾴμασεν
1050 4984 1298 5061 τούτους
1327 4986 1711 5061 φθέγξασθαι.
1756 5009 1774 5041 ‹
1813 4991 1999 5061 Coegit

438 5053 541 5108 ltos
569 5068 665 5123 per
699 5051 963 5123 Spiritum
985 5065 1232 5126 sanctum
1264 5051 1480 5124 loquiﬁ»
1512 5056 1749 5126 Cogebat
1780 5051 1998 5116 sanctos

438 5127 752 5192 prophetas,
776 5134 1045 5193 quatenus
1071 5124 1313 5180 volentes
1340 5127 1492 5194 sequi
1520 5124 1858 5184 voluntatem
1881 5130 1995 5194 Dei,

438 5208 546 5266 uolt
579 5203 828 5266 poterant
860 5210 971 5250 non
994 5195 1152 5266 loqui
1182 5194 1272 5247 illa
1300 5211 1421 5263 quae
1464 5197 1846 5266 loquebantur.
1909 5201 2000 5255 Sic

439 5264 634 5337 Petrus
656 5265 708 5317 in
740 5264 891 5337 Actis
912 5265 1141 5334 apostol.
1163 5279 1337 5337 cstn:
1376 5283 1394 5316 ι
1432 5264 1555 5320 Non
1574 5283 1886 5337 possumus,
1912 5272 1999 5324 in-

437 5335 589 5418 quit,_
611 5349 734 5418 quae
760 5336 997 5418 vidimus
1031 5335 1437 5418 etnaudivimu‘s
1463 5335 1585 5418 non
1608 5338 1777 5418 Loqui.
1820 5364 1838 5392 ι
1874 5335 1878 5337 ⁷
1910 5342 2000 5418 Sic

438 5406 713 5473 prophetae
762 5406 1055 5461 audiebant
1094 5404 1356 5476 Spiritum
1396 5405 1556 5461 Verbi
1603 5404 1696 5462 Dei
1729 5410 1875 5465 intus
1922 5412 2000 5465 lo-

438 5482 719 5546 quentem,
751 5489 928 5530 etnon
962 5485 1243 5545 poterant,
1279 5477 1421 5533 sicut
1468 5477 1660 5533 Petrus
1703 5481 1792 5535 hic
1842 5482 2000 5546 dixit,

440 5558 548 5596 non
576 5544 722 5613 loqui
749 5562 871 5613 quae
895 5544 1207 5602 audiebant.
1234 5546 1330 5600 Fs.
1367 5550 1697 5604 Tnnnusus.

509 5613 621 5683 (96)
664 5615 816 5669 Οὐδὲ
859 5615 948 5670 ἓν.
996 5616 1125 5672 Post
1171 5617 1291 5671 οὐδὲ
1334 5620 1391 5673 ἓν
1442 5620 1494 5674 ἰη
1546 5620 1726 5675 verbis
1776 5618 2001 5676 Joannis

446 5685 702 5765 στιγμὴν,
735 5685 1317 5765 βτωιόοΗίρροιγι-ιιηι,
1353 5689 1845 5765 faciuntlrenaeus,
1883 5693 2003 5747 Cle-

439 5768 593 5812 mens
623 5754 773 5807 Alex.
796 5791 811 5816 ,
853 5755 1129 5837 Origenes,
1149 5754 1507 5830 'Theophilus
1550 5754 1916 5817 Antiochenus
1951 5770 2004 5817 et

2102 4989 2371 5047 Eusebius
2400 4991 2645 5060 pluribus
2670 4991 2833 5047 locis:
2864 5000 3037 5060 atque
3062 5004 3093 5042 e
3131 4986 3340 5060 Latinis
3384 4980 3638 5060 Tertullia-

2103 5079 2205 5117 nus
2234 5078 2297 5115 ac
2322 5055 2656 5125 Lactantius,
2693 5055 3019 5125 Victorinus,
3050 5058 3401 5128 Augustinus,
3429 5064 3480 5128 et
3501 5055 3636 5128 longe
3672 5056 3675 5063 '

2103 5143 2227 5201 post
2274 5130 2545 5201 Honorius
2582 5128 3087 5201 Augustodunensis
3131 5125 3223 5201 lib.
3268 5126 3400 5201 ri):
3438 5125 3635 5201 imagine

2103 5197 2321 5268 mundi,
2382 5218 2433 5255 c.
2476 5200 2532 5254 2.
2580 5197 2846 5265 Quoniam
2895 5215 3025 5255 vero
3071 5198 3256 5252 eadem
3301 5197 3631 5269 interpunctio

2099 5264 2316 5339 placuit
2355 5272 2517 5325 etiam
2575 5264 2843 5327 haereticis
2909 5269 3236 5339 Valentino,
3307 5264 3629 5339 Heracleoni.

2101 5330 2375 5397 Theodoto
2398 5380 2411 5405 ,
2446 5352 2499 5394 et
2534 5338 2966 5408 Macedonianis,
3005 5337 3485 5408 Eunomianisque;
3526 5330 3633 5408 hinc

2100 5414 2168 5467 ab
2196 5411 2495 5483 Epiphanio
2524 5420 2561 5463 t.
2604 5407 2646 5462 ll
2667 5453 2680 5477 ,
2715 5427 2837 5483 pag.
2865 5412 2954 5475 80,
2994 5419 3047 5464 et
3076 5425 3106 5461 a
3131 5407 3505 5478 Cbrysostomo
3529 5407 3629 5467 rell-

2100 5481 2264 5537 citur.
2316 5481 2534 5538 FABRIC.

2179 5552 2290 5621 (97)
2334 5554 2429 5617 Τίς
2447 5552 2594 5618 ἔστη
2616 5552 2686 5605 ἐν
2708 5551 3101 5621 ὐποστήματι.
3138 5548 3320 5621 Victor
3358 5547 3408 5600 in
3433 5542 3627 5621 catena:

2104 5623 2161 5674 ὲν
2187 5607 2290 5693 ’τῖί
2322 5607 2651 5693 ὑποστάσεις
2692 5638 2789 5693 pro
2838 5607 2958 5692 quo.
2991 5619 3439 5693 Symmmachus‘,
3486 5612 3539 5663 ἐν
3569 5607 3626 5675 τῇ

2105 5692 2287 5766 ὁμιλίᾳ
2317 5692 2601 5766 edidit._ln.
2694 5692 2699 5693 '
2800 5765 2807 5766 ί
2971 5692 3115 5766 _’__
3188 5761 3283 5766 -η,
3413 5748 3496 5766 -.

2179 5750 2289 5836 (93)
2335 5764 2401 5819 Td
2444 5762 2737 5833 θέλημα...
2762 5764 3031 5832 Χριστός.
3063 5762 3154 5819 Sic
3188 5761 3383 5818 Filium
3413 5750 3632 5827 βούλησιν
