3852 6208
290 290 389 350 83!

1468 292 1750 350 CONTRA
1788 293 2112 351 HERESIN
2150 292 2377 353 NOETI.

3450 296 3558 352 ΝΗ

362 410 547 467 Ταῦτα
581 422 682 482 μεν
711 405 825 479 οὖν,
856 411 1097 483 ἀδελφοὶ,
1130 410 1491 486 σημαίνουσιν
1536 415 1593 468 αι
1638 412 1875 485 Γραφαί.

2038 410 2192 473 ΚΝ.
2222 411 2348 468 Haec
2389 412 2553 484 igitur
2575 454 2588 476 ,
2633 410 2855 475 fratres,
2897 410 3206 482 signiﬁcant
3232 411 3389 467 nobis
3413 412 3562 470 Scri-

291 502 507 575 Ταύτην
530 505 629 574 τὴν
654 504 966 576 οἰκονομίαν
1004 506 1368 579 παραδίδωσιν
1409 509 1541 578 ἡμῖν
1578 507 1672 561 καὶ
1699 508 1729 559 6
1770 524 1871 578 μα-

1972 514 2172 576 pturaz.
2186 502 2339 560 Hanc
2352 503 2713 560 oeconomiam
2732 502 2896 557 tradit
2911 504 3068 559 nobis
3079 501 3318 559 Joannes
3331 504 3386 558 in
3396 502 3569 560 Evano

290 595 481 668 κάριος
514 597 768 668 Ἰωάννης
789 598 850 651 ὲν
876 597 1197 670 Εύαγγελίῳ
1236 599 1546 673 μαρτυρῶν,
1566 600 1661 653 καὶ
1685 598 1870 654 τοῦτον

1988 596 2151 667 gelio,
2203 594 2520 650 testimonio
2564 608 2699 661 suo;
2751 595 2943 650 ethoc
2986 593 3224 657 Verbum
3274 594 3565 653 conﬁtetur

291 689 379 742 τὸν
412 688 582 757 Λόγον
612 688 746 743 Θεὸν
779 689 1032 761 ὁμολογεῖ
1075 690 1247 757 οὕτως
1286 692 1488 763 λέγων·
1529 710 1562 772 ,ι
1614 691 1704 747 Ἐν
1730 692 1870 764 ἀρχῇ

1988 685 2174 753 Deum,
2208 686 2289 741 sic
2309 686 2563 756 inquiens
2590 704 2603 739 :
2643 704 2661 737 ι
2694 685 2751 739 1η
2786 686 3052 755 principio
3075 695 3191 742 erat
3217 685 3486 753 Verbum,
3508 696 3564 743 et

290 775 358 850 ἦν
382 780 410 832 6
439 780 631 850 Λόγος,
658 782 750 835 καὶ
773 782 802 834 ὁ
823 782 996 850 Λόγος
1017 777 1085 854 ἦν
1109 783 1246 855 πρὸς
1278 783 1368 836 τὸν
1399 782 1530 837 Θεὸν
1549 823 1563 847 ,
1616 782 1709 835 καὶ
1740 781 1874 845 Θεὸς

291 869 361 945 ἧν
387 876 416 927 ὀ
445 875 636 943 Λόγος.
678 894 698 927 ι
740 876 804 929 Ei
826 874 884 929 δὲ
910 870 1002 930 οὖν
1033 877 1062 928 6
1087 877 1261 947 Λόγος
1284 876 1420 949 πρὸς
1440 878 1530 930 τὸν
1559 876 1711 940 Θεὸν,
1742 875 1874 939 Θεὸς

291 966 386 1029 ὢν,
410 965 464 1019 τί
489 962 615 1032 οὖνς
645 967 867 1038 φήσειεν
894 968 959 1021 ἄν
994 985 1077 1032 τις
1096 967 1189 1021 δύο
1209 967 1388 1035 λέγειν
1418 966 1614 1032 Θεούς;
1645 965 1750 1019 Δύο
1777 965 1873 1036 μὲν

291 1059 390 1111 οὐκ
411 1057 522 1132 ἐρῶ
537 1059 723 1124 Θεοὺς,
754 1058 870 1113 ἀλλ’
902 1061 936 1132 ἢ
966 1060 1081 1125 ⁹ιένα,
1109 1059 1387 1132 Πρόσωπα
1414 1060 1470 1113 δὲ
1507 1058 1600 1112 δύο
1622 1100 1637 1124 ,
1671 1060 1876 1113 οίκονο-

232 1156 239 1209 ί
296 1151 423 1222 μίαν
447 1151 505 1204 δὲ
529 1151 739 1224 τρίτην,
772 1151 868 1224 τὴν
898 1153 1057 1226 χάριν
1080 1153 1173 1207 τοῦ
1200 1153 1357 1222 ἁγίου
1381 1150 1720 1223 Πνεύματος.
1764 1152 1876 1204 Ila-

291 1244 391 1315 τὴρ
424 1243 524 1314 μὲν
557 1244 666 1316 γὰρ
698 1238 801 1310 εἷς,
836 1245 1111 1317 Πρὸσωπα
1138 1246 1194 1299 δὲ
1212 1244 1325 1311 δύο,
1353 1244 1439 1298 ὅτι
1463 1243 1558 1297 καὶ
1582 1246 1611 1297 6
1641 1243 1789 1306 Υἱὸς,
1816 1242 1877 1295 τὸ

290 1335 548 1407 δὲτρίτον
593 1336 653 1389 τὸ
686 1335 839 1405 ἅγιον
888 1337 1114 1408 Πνεῦμα
1158 1338 1288 1408 (99).
1320 1336 1512 1407 Πατὴρ
1551 1334 1874 1399 ἐντέλλεται,

292 1426 466 1494 Λόγος
494 1424 764 1489 ἀποτελεῖ,
796 1425 924 1490 Υἱὸς
947 1426 1003 1480 δὲ
1040 1426 1313 1484 δείκνυται
1334 1425 1400 1478 δι’
1442 1417 1503 1478 οὗ
1550 1423 1738 1496 Πατὴρ
1786 1441 1877 1476 πι-

296 1517 563 1571 στεύεται.
614 1519 909 1589 Οίκονομία
952 1518 1270 1589 συμφωνίας
1332 1516 1622 1586 συνάγεται
1664 1518 1746 1580 είς
1781 1515 1878 1569 ἕνα

221 1570 259 1678 /
293 1570 458 1665 eet.-
492 1605 573 1674 εἷς
601 1610 708 1683 γάρ
724 1570 917 1664 ...τε
938 1570 1097 1675 θεὲςῖ
1112 1570 1282 1682 *δήγάῥ
1306 1570 1544 1665 κελεύων
1566 1570 1756 1681 Πατὴῇ
1778 1609 1875 1679 (ι),

293 1706 324 1757 ὀ
354 1703 412 1756 δὲ
440 1703 730 1783 ὑπακούων
755 1703 902 1769 Υἱὸς,
935 1704 995 1756 τὸ
1038 1703 1095 1756 δὲ
1122 1703 1397 1768 συνετίζον
1431 1703 1584 1773 ἅγιον
1628 1700 1872 1773 Πνεῦμα.

309 1796 366 1850 ’0
391 1795 467 1850 ὢν
489 1775 676 1868 Πατήρ
714 1814 733 1847 ι
774 1796 868 1848 ἐπὶ
890 1795 1104 1851 πάντων
1139 1795 1236 1867 (2),
1265 1815 1283 1847 ›
1304 1798 1333 1849 6
1360 1794 1416 1849 δὲ
1439 1795 1565 1859 Υἱὸς
1592 1813 1612 1846 ι
1640 1794 1727 1849 διὰ
1747 1794 1881 1847 πάν-
1911 1773 1953 1827 Β

291 1904 421 1953 των,
466 1907 485 1940 ι
524 1887 583 1942 τὸ
612 1887 669 1941 δὲ
694 1887 845 1957 ἆγιον
869 1888 1096 1961 Πνεῦμα
1126 1908 1144 1941 ι
1176 1890 1234 1942 ὲν
1258 1890 1445 1951 πᾶσιν.
1488 1908 1507 1941 ι
1564 1887 1773 1951 Ἀλλως
1817 1904 1878 1939 τε

293 1981 393 2036 ενα
418 1980 552 2034 Θεὸν
594 1980 668 2052 (3)
706 1981 926 2052 νομίσαι
975 1981 1049 2053 μὴ
1084 1981 1391 2052 δυνάμεθα,
1441 1980 1535 2035 ἐὰν
1592 1979 1666 2051 μὴ
1712 1979 1881 2043 ὅντως

293 2072 611 2144 Πατρὶ-καὶ
662 2073 773 2144 Υίῷ
818 2074 911 2127 καὶ
958 2074 1099 2145 ἁγίῳ
1148 2072 1424 2143 Πνεύματι
1477 2072 1875 2144 πιστεύσωμεν.

307 2167 547 2220 Ἰουδαῖοι
578 2167 674 2238 μὲν
704 2167 811 2239 γὰρ
837 2166 1092 2233 ἐδόξασαν
1124 2167 1365 2239 Πατέρα,
1409 2167 1523 2220 ἀλλ’
1571 2168 1671 2220 οὐκ
1711 2168 1880 2239 ηὐχα-

299 2260 559 2331 ρίστησαν
578 2300 594 2326 ,
622 2260 749 2315 Υἱὸν
778 2261 888 2332 γὰρ
908 2261 1020 2332 ,οὐκ
1065 2260 1398 2329 ἐπέγνωσαν.
1453 2259 1710 2333 Μαθηταὶ
1752 2261 1880 2314 έπέ-

293 2368 512 2419 γνωσαν
546 2351 695 2414 Υἱὸν,
728 2351 843 2405 ἀλλ’
867 2353 965 2406 οὐκ
992 2354 1049 2406 ὲν
1078 2351 1359 2423 Πνεύματι
1411 2352 1572 2423 ἁγίῳ,
1600 2352 1668 2406 δι’
1709 2351 1738 2405 6
1786 2352 1880 2405 καὶ

292 2444 604 2515 ἠρνήσαντο
635 2443 730 2516 (Ii).
758 2442 1047 2499 Γινώσκων
1081 2440 1172 2498 οῦν
1198 2447 1226 2498 6
1268 2443 1523 2515 πατρῷος
1560 2443 1734 2514 Λόγος
1781 2443 1880 2515 τὴν

290 2535 623 2606 οἰκονομίαν·
638 2536 733 2589 καὶ
761 2535 821 2588 τὸ
861 2535 1069 2607 θέλημα
1097 2535 1189 2589 τοῦ
1208 2536 1442 2607 Πατρὸς,
1469 2536 1551 2590 ὅτι
1580 2536 1681 2590 οὐκ
1706 2536 1879 2601 ἄλλως

289 2626 547 2694 βούλεται
575 2628 889 2696 δοξάζεσθαι
913 2632 942 2683 6
971 2630 1159 2702 Πατὴρ
1185 2629 1219 2701 ἢ
1241 2628 1433 2694 οὕτως,
1465 2629 1707 2695 ἀναστὰς
1734 2649 1879 2703 παρ-

288 2719 499 2775 έδωκεν
549 2724 664 2786 τοῖς
711 2720 979 2793 μαθηταῖς
1006 2720 1211 2791 λέγων’
1251 2740 1270 2772 ι
1310 2720 1678 2793 Πορευθέντες
1703 2722 1879 2795 μαθη-

289 2810 525 2867 τεύσατε
549 2813 725 2867 πάντα
747 2813 816 2866 τὰ
847 2812 975 2884 ἔθνη
1002 2851 1019 2877 ,
1073 2808 1427 2884 βαπτίζοντες
1469 2814 1666 2877 αὐτοὺς
1707 2815 1786 2875 είς
1821 2815 1881 2868 τὸ

291 2903 469 2976 δνομα
501 2903 595 2958 τοῦ
618 2904 853 2977 Πατρὸς,
871 2905 966 2959 καὶ
993 2904 1087 2959 τοῦ
1110 2903 1266 2969 Υίοῦ,
1287 2904 1382 2959 καὶ
1404 2904 1499 2958 τοῦ
1528 2905 1683 2974 ἁγίου
1711 2905 1882 2959 Πνεύ-

295 3014 490 3069 ματος,
528 3016 546 3049 ι
572 2996 831 3051 δεικνύων
860 2998 1065 3061 ὄτιπᾶς
1088 2997 1147 3061 ὃς
1176 2996 1241 3051 ἂν
1272 2995 1332 3050 ἓν
1363 3015 1414 3050 τι
1439 2996 1641 3051 τούτων
1661 2997 1901 3073 ἐκλίπῃ,

292 3089 520 3153 τελείως
566 3089 699 3144 Θεὸν
747 3090 847 3143 οὐκ
883 3088 1153 3156 ἐδόξασεν.
1205 3088 1303 3143 Διὰ
1348 3087 1457 3161 γὰρ
1506 3090 1604 3160 τῆς
1649 3088 1878 3161 Τριάδος

293 3182 502 3255 ταύτης
533 3181 724 3255 Πατὴρ
757 3181 1055 3249 δοξάζεται.
1080 3181 1271 3252 Πατὴρ
1303 3179 1413 3252 γὰρ
1446 3178 1732 3251 ἠθέλησεν,
1751 3180 1878 3243 Υίὸς

296 3272 576 3344 ἐποίησεν,
610 3274 836 3344 Πνεῦμα
850 3271 1212 3345 ἐφανέρωσεν.
1248 3273 1425 3325 Πᾶσαι
1452 3272 1630 3324 τοίνυν
1663 3273 1720 3326 αἱ
1740 3272 1879 3344 Γρα-

296 3363 402 3433 grai.
439 3364 569 3435 περὶ
596 3362 786 3417 τούτου
814 3362 1169 3434 κηρύσσουσι.

388 3455 525 3509 Ἀλλ’
554 3457 671 3527 ὲρεῖ
697 3457 784 3526 μοί
810 3473 893 3519 τις
915 3472 927 3485 ’
956 3455 1117 3509 Ξένον
1147 3473 1237 3527 μοι
1263 3456 1469 3530 φέρεις,
1501 3458 1672 3525 Λόγον
1709 3457 1879 3526 λέγων

301 3549 433 3603 Υἱόν
466 3548 562 3619 (5).
605 3548 857 3619 Ἰωάννης
888 3550 987 3619 μὲν
1012 3548 1119 3618 γὰρ
1143 3546 1290 3616 λέγει
1318 3549 1519 3615 Λόγον,
1555 3547 1669 3600 ἀλλ’
1708 3548 1881 3611 ἄλλως

375 3687 420 3721 "
450 3684 611 3742 Joan.
650 3701 699 3750 ι,
738 3685 791 3740 1.
865 3685 911 3717 ⁷⁵
947 3684 1144 3756 Ephes.
1176 3699 1249 3749 iv,
1278 3683 1350 3748 6.,
1411 3685 1453 3715 “
1481 3684 1671 3739 Matth.
1717 3699 1907 3749 xxviii,

302 3804 421 3859 sive
434 3802 645 3872 θέλημα
666 3801 843 3858 Patris
864 3802 1049 3858 dixere
1063 3803 1219 3857 multi
1238 3810 1477 3869 veteres;
1503 3819 1735 3873 quorum
1763 3804 1881 3857 loca

301 3875 465 3938 vide,
498 3874 544 3928 si
578 3873 783 3942 placet,
819 3875 961 3944 apud
992 3873 1273 3928 Petavium
1299 3874 1392 3927 lib.
1420 3890 1474 3926 vr
1518 3876 1590 3928 De
1626 3873 1726 3929 SS.
1762 3873 1882 3927 Tri-

301 3946 492 4017 nitate,
514 3960 633 4017 cap.
661 3944 722 4000 8.
742 3945 772 4017 ᾗ
799 3944 888 4009 21,
912 3953 966 4000 et
988 3945 1081 4017 lib_.
1104 3960 1199 4007 vn,
1222 3960 1342 4017 cap.
1373 3944 1461 4017 i2,
1487 3946 1516 4017 ᾗ
1537 3944 1623 3999 12.
1657 3944 1878 4017 ιδλοῐιιε.

377 4014 490 4084 (99)
530 4015 646 4068 Δύο
686 4013 801 4084 μὲν
843 4017 954 4069 οὐκ
975 4014 1088 4083 ἐρῶ
1116 4015 1361 4082 Θεοὺς...
1410 4013 1581 4086 (irier
1618 4016 1879 4085 Πνεῦμα.

303 4083 504 4154 LiQuet
527 4101 595 4139 ex
629 4083 731 4140 hoc
759 4086 1069 4140 testimonio
1103 4102 1270 4140 unum
1297 4083 1519 4140 omnino
1549 4085 1741 4150 Deum,
1772 4083 1883 4140 tres

303 4153 581 4211 Personas
622 4157 691 4209 ab
721 4154 1007 4227 Hippolyto
1049 4156 1254 4213 doceri.
1286 4154 1457 4227 Paulo
1504 4164 1632 4212 ante
1679 4172 1798 4226 cap.
1848 4156 1883 4210 8

303 4226 524 4283 dixerat
554 4242 723 4281 unum
755 4226 929 4281 Deum
953 4240 1076 4281 esse
1106 4226 1399 4282 secundum
1432 4228 1682 4282 virtutem
1708 4270 1723 4292 ,
1770 4227 1884 4282 sive

305 4297 935 4368 secundnmfssentiam
965 4297 1202 4352 divinam
1222 4336 1238 4362 ,
1273 4313 1394 4366 quae
1418 4314 1523 4352 una
1552 4313 1777 4368 prorsus
1803 4305 1887 4352 est

306 4368 365 4422 in
400 4368 578 4421 tribus
608 4366 900 4433 Personis;
941 4368 1240 4423 secundum
1288 4376 1470 4423 autem
1520 4366 1882 4424 oeconomiam

1979 779 2218 836 Verbum
2251 788 2369 835 erat
2400 780 2542 851 apud
2573 782 2764 845 Deum,
2795 787 2850 834 et
2877 778 3021 835 Deus
3045 789 3164 834 erat
3182 779 3420 841 Verbum
3443 781 3509 834 ⁸⁸.
3535 799 3558 833 ι

1982 870 2041 926 Si
2085 886 2216 942 ergo
2260 870 2499 927 Verbum
2541 880 2659 928 erat
2702 872 2844 941 apud
2887 870 3058 927 Deum
3084 911 3098 935 ,
3134 881 3188 927 et
3232 872 3371 928 Deus
3408 881 3561 940 erat,
3667 874 3673 879 ’

1977 966 2107 1036 quid
2165 966 2341 1037 ergo?
2395 967 2606 1021 dicetne
2649 965 2849 1036 aliquis
2891 966 3070 1021 dicere
3115 963 3379 1021 Joannem
3423 967 3563 1021 duos

1977 1057 2153 1114 Deos?
2185 1058 2580 1128 Duosgquidem
2625 1056 2765 1117 Deos
2811 1072 2921 1112 non
2953 1057 3167 1123 dicam,
3217 1058 3311 1115 sed
3350 1067 3560 1125 unum;

1977 1150 2248 1206 Personas
2277 1166 2407 1206 vero
2435 1150 2610 1217 duas;
2640 1151 3003 1207 oeconomiam
3049 1152 3264 1207 tertiam
3285 1192 3301 1216 ,
3335 1151 3565 1222 gratiam

1979 1243 2104 1300 dico
2154 1245 2323 1300 sancti
2368 1244 2623 1314 Spiritus.
2670 1242 2829 1298 Pater
2862 1243 3081 1314 quidem
3112 1259 3275 1309 unus,
3310 1242 3568 1299 Persona:

1981 1352 2109 1392 vero
2132 1337 2431 1407 duae,quia
2452 1346 2507 1392 et
2535 1336 2736 1403 Filius;
2772 1337 2930 1392 tertia
2958 1347 3140 1394 autem
3180 1336 3418 1408 Spiritus
3448 1353 3569 1394 san-

1979 1436 2121 1482 ctus.
2157 1426 2317 1481 Pater
2356 1427 2595 1491 mandat,
2628 1425 2867 1481 Verbum
2906 1427 3151 1496 perﬁcit,
3180 1427 3352 1484 Filius
3382 1437 3569 1485 autem

1981 1518 2290 1574 ostenditur
2341 1533 2437 1588 per
2488 1533 2651 1588 quem
2705 1517 2869 1573 Pater
2913 1519 3174 1574 creditur.
3231 1519 3567 1575 (Economia

1982 1611 2364 1666 consensionis
2393 1610 2658 1680 redigitur
2696 1610 2762 1663 ad
2807 1626 2975 1666 unum
3007 1611 3209 1666 Deum:
3239 1628 3380 1668 unus
3418 1613 3568 1669 enim

1981 1712 2065 1758 est
2096 1702 2239 1757 Deus
2281 1702 2376 1773 qui
2417 1703 2673 1770 mandat,
2719 1702 2910 1768 Pater;
2955 1704 3048 1775 qui
3093 1704 3306 1768 obcdit,
3352 1703 3570 1774 Filius;

1983 1796 2077 1866 qui
2127 1796 2289 1851 docet
2322 1795 2644 1860 scientiam,
2691 1795 2927 1866 Spiritus
2967 1806 3211 1853 sanctus.
3264 1796 3425 1852 Pater
3472 1799 3568 1869 qui

1982 1893 2065 1938 est
2099 1903 2118 1936 ι
2159 1898 2324 1953 super
2349 1884 2555 1948 omnia,
2595 1903 2613 1936 ι
2645 1883 2817 1940 Filius
2848 1904 2866 1938 ι
2900 1901 2997 1955 per
3019 1887 3237 1957 omnia,
3275 1907 3294 1941 ι
3330 1886 3569 1958 Spiritus

1983 1981 2207 2030 sanctus
2243 1991 2262 2024 ι
2316 1973 2370 2027 in
2410 1974 2665 2031 omnibus
2697 1977 2763 2030 ⁷⁰.
2801 1994 2820 2027 ι
2856 1975 3028 2032 Aliter
3063 1975 3233 2051 Deum
3273 1993 3441 2033 unum
3480 1979 3568 2033 in-

1986 2070 2223 2141 telligere
2270 2084 2379 2124 non
2410 2084 2705 2140 possumus
2729 2108 2745 2135 ,
2790 2070 2896 2126 nisi
2923 2085 3047 2127 vere
3072 2068 3219 2127 Patri
3256 2080 3312 2128 et
3346 2069 3487 2126 Filio
3515 2081 3572 2128 et

1985 2160 2213 2232 Spiritui
2263 2170 2455 2218 sancto
2503 2163 2813 2219 credamus.
2866 2161 3079 2219 Etenim
3129 2161 3304 2220 Judaei
3355 2163 3575 2223 Patrem

1983 2259 2445 2330 gloriﬁcaverunt,
2478 2257 2573 2312 sed
2618 2270 2726 2312 non
2763 2265 2989 2325 egerunt
3014 2257 3248 2328 gratias;
3299 2257 3572 2329 siquidem

1982 2364 2093 2403 non
2143 2342 2485 2420 agnoverunt
2516 2346 2739 2402 Filium.
2777 2345 3041 2418 Discipuli
3086 2358 3426 2419 agnoverunt
3481 2347 3571 2403 Fi:

1983 2439 2114 2494 lium
2139 2482 2154 2507 ,
2189 2441 2285 2496 sed
2326 2455 2436 2496 non
2476 2439 2531 2495 in
2580 2437 2782 2510 Spiritu
2812 2448 3039 2506 sancto;
3093 2439 3299 2495 idcirco
3329 2455 3569 2512 negave-

1983 2541 2131 2586 runt.
2187 2531 2376 2588 Sciens
2432 2531 2599 2602 igitur
2653 2529 2892 2585 Verbum
2943 2528 3162 2597 Patris,
3206 2530 3570 2587 oeconomiam

1982 2630 2038 2674 et
2086 2619 2425 2675 voluntatem
2470 2621 2684 2684 Patris,
2732 2619 2879 2689 quod
2912 2633 3020 2674 non
3061 2621 3179 2675 vult
3211 2621 3370 2677 aliter
3410 2620 3572 2677 Pater

1984 2712 2298 2783 gloriﬁcari,
2331 2713 2436 2769 nisi
2471 2714 2584 2778 sic;
2612 2730 2734 2768 cum
2769 2712 3178 2780 resurrexisset,
3209 2713 3431 2769 tradidit
3464 2713 3597 2769 hoc.

1983 2802 2298 2873 discipulis:
2338 2822 2357 2855 ι
2391 2803 2627 2871 Euntes,
2669 2804 2881 2875 inquit,
2909 2804 3098 2861 docete
3127 2817 3320 2859 omnes
3345 2812 3567 2873 gentes,

1981 2892 2316 2964 baptizantes
2344 2909 2438 2949 eos
2465 2893 2519 2948 in
2552 2895 2772 2949 nomine
2797 2893 2996 2958 Patris,
3023 2902 3076 2948 et
3092 2892 3238 2958 Filii,
3265 2902 3319 2949 et
3336 2892 3597 2964 Spiritus.

1984 2986 2158 3041 sancti
2186 2987 2252 3041 ".
2306 3005 2325 3038 ι
2360 2985 2556 3042 Docuit
2581 2986 2692 3054 hic,
2718 2988 2860 3058 quod
2895 2987 3209 3058 quicunque
3236 3002 3406 3043 unum
3438 2988 3573 3057 quid

1986 3080 2180 3133 horum
2223 3077 2469 3133 omiserit
2489 3119 2503 3142 ,
2545 3078 2591 3131 is
2624 3077 2859 3149 perfecte
2887 3076 3058 3133 Deum
3088 3092 3198 3132 non
3227 3075 3589 3149 gloriﬁcavit,‘

1985 3170 2088 3227 Per
2114 3173 2255 3227 hanc
2284 3170 2429 3227 enim
2455 3170 2773 3225 Trinitatem
2820 3168 2978 3226 Pater
3024 3169 3377 3240 gloriﬁcatur.
3412 3168 3573 3233 Pater

1986 3267 2131 3321 enim
2164 3265 2366 3333 voluit,
2407 3264 2577 3321 Filius
2609 3266 2758 3329 fecit,
2805 3263 3041 3334 Spiritus
3081 3274 3306 3322 sanctus
3342 3263 3575 3321 manife-

1988 3368 2130 3414 stum
2148 3358 2293 3413 fecit.
2318 3357 2518 3414 Omnes
2544 3358 2707 3429 igitur
2724 3357 3015 3427 Scriptura:
3039 3357 3107 3413 de
3133 3358 3237 3413 hoc
3257 3355 3573 3428 prtedieant.

2040 3450 2176 3504 ‘XV.
2221 3449 2328 3505 Sed
2374 3451 2518 3505 dicet
2561 3451 2693 3504 inihi
2743 3450 2981 3520 aliquis:
3017 3448 3151 3504 Rem
3198 3463 3395 3504 novam
3438 3447 3579 3503 mihi,

1991 3542 2172 3606 aifers,
2205 3558 2329 3596 cum
2356 3540 2593 3613 Verbum
2633 3542 2873 3612 appellas
2904 3541 3124 3596 Filium.
3154 3538 3393 3596 Joannes
3424 3540 3591 3601 enim,

1938 3682 2024 3737 l9.

1995 3820 2015 3854 ι
2049 3799 2344 3859 mandandi
2377 3808 2432 3855 et
2465 3800 2810 3870 praecipiendi
2856 3818 2875 3852 ι
2905 3797 3273 3870 vocabulode
3306 3796 3484 3870 Patre,
3518 3806 3573 3851 et

1994 3890 2015 3924 ι
2053 3871 2339 3927 obediendi
2373 3890 2392 3923 ›
2427 3867 2495 3924 de
2519 3867 2677 3933 Filio,
2710 3871 2828 3924 sine
2862 3870 2971 3924 ulla
3002 3868 3301 3923 offensione
3331 3867 3414 3921 usi
3445 3880 3575 3924 sunt

1990 3957 2099 3997 non
2150 3941 2312 3997 modo
2346 3948 2472 3996 ante
2516 3940 2808 4008 concilium
2854 3938 3132 3995 Nicainum
3188 3937 3247 3992 S.
3291 3936 3570 4008 lrenzeus,

1996 4011 2316 4136 Hippolytus
2366 4022 2584 4074 noster,
2630 4006 2893 4091 Origenes
2940 4020 2995 4064 et
3044 4009 3170 4064 alii:
3221 4007 3321 4088 sed
3347 4016 3402 4061 et
3448 4006 3574 4077 post

1996 4084 2085 4136 illi:
2156 4082 2483 4136 concilium.
2529 4081 2823 4135 adversarii
2851 4091 2906 4136 ct
2945 4081 3133 4136 hostes
3156 4081 3370 4132 Arianae
3398 4076 3573 4134 haere-

1992 4076 2125 4138 ilhitl
2156 4076 2446 4139 concilium
2467 4124 2483 4148 ,
2529 4076 2823 4135 adversarii
2851 4091 2906 4136 ct
2945 4081 3133 4136 hostes
3156 4079 3370 4148 Arianae
3386 4076 3573 4148 heare-,-

1993 4168 2115 4210 seos
2148 4153 2430 4217 acerrimi,
2460 4146 2821 4216 Athanasius,
2856 4151 3093 4206 Basilius
3112 4189 3126 4210 .
3155 4147 3360 4202 Marius
3384 4146 3573 4213 Victo,-

1992 4225 2179 4287 rinus,
2212 4223 2483 4287 llilarius,
2523 4222 2784 4291 Prosper,
2813 4234 2918 4278 etc.
2955 4219 3088 4275 Vide
3117 4218 3398 4291 Peta‘vium
3428 4219 3573 4291 Ιὶὸηι

1994 4293 2073 4348 De
2111 4294 2303 4349 Triuit.
2327 4336 2342 4361 ,
2374 4309 2495 4364 cap.
2528 4289 2718 4364 77,7§77
2739 4334 2754 4357 ,
2788 4302 2843 4348 et
2871 4292 3084 4364 Rullum
3128 4291 3183 4344 in
3229 4289 3440 4360 Defens.
3470 4289 3570 4360 βά,

2002 4363 2145 4431 Νἱεη
2178 4360 2334 4436 pagg.
2366 4360 2647 4436 158,164,
2680 4364 2801 4426 167,
2834 4363 2955 4436 1⁸70.
2996 4360 3214 4436 Emitte.

306 4446 422 4493 tres
446 4437 718 4493 Personas
746 4430 982 4509 ostendi.
1020 4437 1275 4509 lntelligit
1303 4453 1431 4508 ergo
1451 4478 1465 4503 ,
1503 4448 1563 4494 ut
1608 4438 1890 4494 Tertullia—
1919 4443 1970 4503 1)
1992 4504 2033 4509 _
2065 4430 2141 4505 (9.)
2178 4430 2384 4507 Πᾱὶὴρ
2410 4435 2529 4509 ἐπὶ⁸
2548 4432 2808 4509 πάντων.
2841 4433 2979 4490 Cum
3005 4432 3207 4509 Paulus
3246 4430 3323 4486 ait
3362 4432 3428 4488 de
3462 4430 3575 4509 Deo

307 4524 417 4563 nus
445 4509 695 4562 adversus
733 4507 999 4579 Proxeam
1022 4549 1038 4574 ,
1085 4507 1222 4579 capi
1249 4510 1285 4579 ᾗ
1307 4507 1628 4564 meonomite
1648 4509 1889 4579 inomine

313 4597 333 4626 σ
373 4594 661 4633 numerum
706 4589 760 4633 et
800 4578 1206 4635 disoositionem
1245 4578 1547 4634 Trinitatis.
1586 4599 1605 4631 ι
1648 4578 1762 4634 lloc
1798 4594 1891 4633 au-

307 4660 420 4703 tem
472 4649 595 4704 loco
626 4650 853 4719 gratiam
881 4649 1116 4719 Spiritus
1147 4650 1318 4705 sancti
1353 4651 1584 4718 appellat
1617 4670 1635 4700 ι
1674 4649 1887 4709 tentiam

307 4721 671 4790 qeeonomiam
686 4738 736 4790 ί»
769 4720 860 4773 sed
884 4721 1073 4775 eodem
1106 4736 1267 4777 sensu
1289 4735 1350 4774 ac
1365 4719 1760 4784 Tcrtullianus,
1794 4722 1887 4789 qui

308 4788 578 4872 Spiritum
595 4788 855 4872 sanetum
886 4791 1155 4872 appellati
1182 4792 1394 4872 tertium
1423 4792 1674 4862 gradum.
1706 4812 1723 4841 ι
1753 4788 1888 4872 Nam

306 4862 512 4942 gradus
531 4902 546 4924 ,
592 4860 795 4923 forma,
828 4860 1383 4942 spe-guesnndispositio
1410 4860 1525 4916 sive
1550 4863 1886 4942 (acolioinia,

306 4930 453 4985 idem
493 4943 692 4986 sonant
725 4932 867 4997 apud
895 4930 1310 4986 Tertulliannm.
1344 4931 1524 4997 Quare
1564 4933 1609 4985 si
1657 4930 1888 5002 Spiritus

305 5004 780 5073 sanctnsﬂdicitur
824 5003 1014 5057 tertius
1060 5005 1297 5073 gradus,
1330 5004 1452 5073 Adici
1497 5002 1660 5057 etiam
1712 5011 1889 5072 potest

310 5072 471 5141 tertia
512 5072 798 5141 diSpositio
828 5073 941 5127 sive
972 5071 1297 5128 (necnomia.
1329 5071 1506 5129 Minus
1537 5084 1791 5129 accurate
1832 5073 1884 5126 in

308 5140 505 5197 Latina
548 5140 991 5212 interpretatione
1033 5144 1338 5199 incarnatio
1408 5162 1427 5196 ι
1492 5146 1812 5200 (nconomiaa
1862 5161 1881 5194 ι

307 5214 534 5268 nomine
586 5213 1053 5284 designatumin
1104 5214 1191 5268 his
1237 5214 1430 5284 verbis
1470 5230 1592 5284 quae
1637 5215 1888 5284 leguntur

307 5299 431 5357 cap.
470 5285 505 5338 3
529 5303 551 5357 :_
569 5280 800 5357 Τίςγὰρ
827 5284 927 5357 οὐκ
964 5283 1200 5357 ἐρεῖᾼὲνα
1225 5284 1357 5357 Θεὸν
1378 5280 1548 5351 sivit;
1577 5280 1769 5342 ἀλλ’”ού
1790 5284 1887 5355 τὴν

314 5354 621 5427 οἰκονομίαν
650 5352 965 5427 ᾼὰναίρήσει.
996 5352 1023 5405 ἰ
1062 5352 1195 5427 Quis
1232 5355 1375 5410 enim
1410 5372 1517 5411 non
1546 5357 1688 5412 dicet
1715 5352 1884 5411 unum

301 5440 433 5479 esse
467 5424 667 5479 Deum?
711 5424 854 5480 Non
877 5435 1057 5480 tamen
1090 5424 1349 5480 continuo
1384 5429 1743 5483 oeconomiam
1771 5467 1786 5491 ,
1833 5427 1887 5481 id

308 5504 428 5559 est,
461 5495 887 5551 incarnationem
908 5536 923 5561 ,
958 5496 1193 5564 negabit.
1225 5515 1245 5549 ι
1280 5495 1397 5551 Νοιι
1424 5499 1846 5553 incarnationem
1867 5536 1884 5560 ,

312 5565 410 5637 sed
436 5581 723 5621 numerum
750 5576 804 5622 et
828 5565 1237 5637 dispositionem
1268 5566 1547 5624 Trinitatis
1577 5568 1889 5624 considerat

314 5634 767 5761 ἴϋρρᾜγῑιιξῗᾗ
800 5637 851 5692 in
884 5634 1004 5693 loco
1025 5645 1078 5691 et
1096 5638 1151 5692 in
1175 5637 1421 5709 pluribus
1442 5640 1583 5695 aliis.
1603 5638 1884 5708 Mamsus,

343 5746 355 5759 .
387 5724 434 5759 (ἴ.
504 5724 590 5761 32.
661 5728 690 5760 ἱ)
732 5751 745 5761 .

343 5746 355 5759 .
387 5724 434 5777 e.
467 5722 590 5777 pag.
621 5722 745 5762 σοι.

385 5775 775 5849 (libelsde
826 5779 1093 5851 Πατὴρ...
1158 5780 1482 5838 ὑπακούων
1544 5781 1697 5851 Υἱός.
1770 5778 1886 5839 Hoc

1992 4503 2192 4575 Ephes.
2226 4522 2298 4572 iv,
2324 4503 2357 4560 6
2381 4521 2396 4559 :
2435 4523 2454 4557 ι
2493 4503 2595 4571 Qui
2623 4513 2715 4575 est
2731 4520 2893 4575 super
2918 4504 3134 4567 omnia,
3161 4512 3214 4557 et
3239 4518 3334 4573 per
3363 4504 3571 4570 omnia,

1991 4573 2055 4631 ct‘
2081 4576 2134 4630 in
2167 4578 2446 4641 omnibus,
2497 4594 2516 4628 ι
2556 4585 2663 4630 tres
2689 4573 2957 4632 Personas
2985 4575 3261 4645 designat,
3301 4582 3354 4629 et
3392 4575 3574 4631 unita-

1991 4656 2097 4700 tem
2130 4645 2225 4700 Dei
2261 4649 2315 4702 in
2345 4647 2485 4701 illis:
2526 4646 2654 4716 quia
2684 4645 2847 4701 unius
2875 4646 3226 4714 ejusdemque
3253 4645 3470 4700 virtutis
3507 4661 3574 4716 ae

1990 4718 2240 4786 potentia)
2268 4726 2369 4783 est,
2394 4732 2515 4772 esse
2541 4732 2705 4785 super
2727 4717 2940 4782 omnia,
2974 4725 3029 4772 et
3054 4731 3146 4785 per
3169 4717 3355 4786 omnia
3379 4757 3393 4782 ,
3424 4726 3479 4771 et
3515 4715 3573 4770 in

1991 4783 2280 4850 omnibus;
2326 4799 2379 4843 et
2417 4783 2716 4842 secundum
2762 4787 3006 4849 ordinem
3050 4783 3412 4847 confessionis
3443 4803 3574 4841 san-

1990 4866 2088 4911 ctae
2105 4855 2406 4923 Trinitatis,
2430 4859 2665 4927 primum
2692 4859 2880 4913 tribuit
2896 4856 3063 4923 Patri,
3090 4858 3389 4927 secundum
3409 4855 3568 4923 Filio,

1992 4932 2209 4984 tertium
2243 4925 2469 5002 Spiritui
2501 4938 2722 5002 sancto;
2761 4929 2889 5002 quia
2920 4925 3569 5002 est_tertia_Pcrsona_se-_

1990 5002 2226 5055 cundum
2260 4997 2505 5057 ordinem
2549 4997 2944 5060 confessionis,
2992 5008 3050 5052 ut
3096 4997 3304 5069 antiqiii
3336 4998 3572 5069 tlieoiogi

1990 5070 2319 5140 loquuntur,
2355 5078 2409 5125 et
2443 5086 2543 5125 nos
2579 5071 3079 5141 loquidocuerunt.
3110 5066 3209 5141 Fn_.
3237 5066 3278 5120 Τ
3285 5066 3567 5141 canimus.

2062 5136 2136 5213 (ὅ)
2159 5144 2390 5208 Ἄλλως
2426 5158 2491 5196 τε
2518 5141 2626 5196 ἕνα
2650 5136 2867 5204 Θεὸν...
2896 5140 3137 5213 Πνεῦμα
3170 5136 3569 5213 ἐφανέρωσεν.

1988 5209 2126 5268 Non
2151 5222 2362 5284 poterat
2393 5214 2701 5268 accuratius
2741 5212 2940 5282 exponi
2986 5211 3179 5284 dogma
3224 5209 3564 5284 Christiano:

1989 5279 2288 5339 rumfNon
2318 5284 2494 5338 solum
2527 5284 2671 5338 enim
2705 5279 2990 5338 numerum
3027 5279 3391 5334 Personarum
3434 5281 3571 5336 nihil
3628 5313 3633 5318 -

1972 5356 2055 5408 ide
2087 5354 2179 5410 Dei
2204 5355 2586 5426 singularitate
2613 5355 2896 5426 detrahere
2925 5351 3236 5426 contendit;
3281 5353 3372 5406 sed
3403 5356 3568 5406 etiam

1991 5426 2160 5492 ipsam
2198 5421 2760 5496 Dei'singularitatem
2793 5423 2909 5496 sine
2936 5421 3431 5496 lioc.l’e_rsiinarun1
3464 5440 3569 5478 num

1990 5490 2265 5578 mero-nec
2294 5490 2592 5552 consistere
2611 5534 2627 5562 ,
2659 5506 2758 5547 nec
2785 5494 2890 5548 coli
2922 5507 3100 5563 posse.
3131 5490 3417 5559 MARANUS,
3451 5495 3489 5549 Ι.
3516 5512 3569 5551 e.

1988 5566 2581 5707 Wfﬁﬁflpmiaawo.
2599 5632 2884 5707 illoegdicit
2899 5642 3119 5703 propter
3140 5632 3379 5707 Pctrnm,
3407 5651 3581 5707 quem.

1988 5702 2219 5777 legimus
2250 5702 2311 5761 in
2357 5706 2647 5777 Evangelia
2683 5702 2962 5759 Christum
2999 5702 3243 5777 negasse.
3284 5706 3381 5761 Fn.
3415 5702 3566 5777 ΔΤιισ.

2060 5774 2140 5853 (ὅ)
2167 5779 2359 5835 Ξένον
2378 5796 2481 5849 μοι
2507 5774 2728 5850 φέρεις,
2756 5777 2953 5853 Λόγον
2985 5774 3179 5848 λέγων
3223 5780 3379 5837 Υἰόν.
3414 5774 3596 5840 iiuna,
3662 5808 3675 5831 1
