3852 6208
253 307 353 363 825

1414 312 1694 368 CONTRA
1732 314 2056 372 IUERESIN
2092 313 2316 375 ΝΟΕΠ.

3376 331 3481 387 823

251 424 367 478 καθ’
389 423 589 497 ἑαυτὴν
613 423 734 495 δίχα
759 427 852 479 τοῦ
891 424 1063 497 Λόγου
1103 428 1399 484 ὑποστάναι
1436 430 1698 501 ἠδύνατο,
1731 434 1801 488 liti

1920 435 2257 508 Unigenitus.
2298 437 2481 511 Neque
2502 457 2629 498 caro
2652 459 2748 514 per
2768 459 2828 500 se
2848 446 2966 501 sine
2990 445 3163 504 Verbo
3188 449 3483 505 subsistere

249 517 308 571 τὸ
340 519 397 570 ὲν
421 516 581 586 Λόγῳ
608 519 704 590 τὴν
732 517 989 573 σύστασιν
1020 520 1182 592 ἔχειν.
1214 521 1399 588 οὕτως
1426 518 1518 579 οῦν
1567 521 1646 590 εἷς
1688 526 1818 592 Υἱὸς

249 608 451 674 τέλειος
476 609 612 664 Θεοῦ
640 611 954 685 ἐφανερώθη
988 612 1117 686 (12).

317 774 425 848 Καὶ
452 794 621 848 ταῦτα
655 795 753 866 μὲν
784 796 912 868 περὶ
940 796 1265 868 σαρκώσεως
1286 798 1381 853 τοῦ
1409 798 1580 869 Λόγου
1612 800 1817 873 μαρτύ-

247 904 368 958 ρια·
405 886 553 941 ἔστιν
583 888 641 941 δὲ
673 890 766 943 καὶ
797 889 958 962 ἔτερα
994 890 1237 945 πλεῖστα.
1275 891 1504 962 Ἰδωμεν
1544 892 1602 946 δὲ
1631 894 1726 946 καὶ
1754 892 1816 946 τὸ

247 981 604 1053 προκείμενον
624 997 638 1011 ·
671 982 751 1035 ὄτι
797 981 985 1045 ὅντως,
1024 982 1274 1053 ἀδελφοὶ,
1303 986 1337 1056 ἡ
1369 982 1597 1055 δυνάμις
1623 968 1671 1054 μή
1704 985 1818 1037 Πα-

219 1058 414 1145 ίτρῷα,
440 1075 469 1127 ὅ
495 1076 642 1128 ἐστιν
671 1075 842 1144 Λόγος
861 1114 875 1139 ,
905 1076 999 1129 ἀπ’
1023 1077 1251 1149 οὐρανοῦ
1288 1078 1572 1150 κατῆλθεν,
1602 1079 1693 1133 καὶ
1717 1079 1816 1133 οὐκ

244 1167 406 1230 αὐτὸς
427 1168 457 1219 6
480 1167 690 1239 Πατήρ.
720 1168 880 1237 Λέγει
905 1166 1014 1241 γὰρ
1035 1167 1205 1232 οὓτως
1222 1188 1236 1199 ·
1272 1187 1292 1221 t
1329 1169 1469 1239 Ἐγὼ
1497 1172 1563 1224 ὲκ
1585 1170 1678 1224 τοῦ
1706 1172 1818 1224 Πα-

244 1259 370 1330 τρὸς
400 1257 645 1329 ἐξῆλθον,
674 1261 768 1313 καὶ
798 1260 936 1331 ἥκω.
966 1280 985 1313 ι
1005 1261 1070 1313 Τί
1094 1261 1151 1315 δέ
1181 1264 1326 1316 ἐστιν
1340 1262 1420 1326 τὸ,
1442 1262 1662 1334 ἐξῆλθον
1679 1263 1814 1336 (12⁸)

242 1351 307 1402 ὲκ
326 1349 418 1403 τοῦ
443 1349 680 1424 Πατρὸς,
706 1350 820 1404 ἀλλ’
844 1351 877 1423 ἦ
907 1352 936 1405 6
962 1353 1129 1422 Λόγος
1154 1371 1169 1419 ;
1192 1354 1255 1407 Τί
1270 1354 1327 1408 δὲ
1347 1354 1409 1407 τὸ
1428 1353 1487 1419 ἐξ
1507 1354 1671 1409 αὑτοῦ
1694 1372 1817 1425 γεν-

242 1443 422 1514 νηθὲν,
447 1443 561 1497 ἀλλ’
590 1444 624 1516 ἢ
658 1443 880 1515 Πνεῦμα
910 1444 1043 1517 (15),
1068 1448 1347 1502 τουτέστιν
1378 1449 1407 1501 6
1435 1448 1607 1516 Λόγος
1631 1465 1645 1514 ;
1675 1449 1813 1502 Ἀλλ’

239 1540 385 1610 ἐρεῖς
428 1555 555 1611 μοι·
592 1538 717 1602 Πῶς
746 1539 1103 1610 γεγέννηται;
1145 1539 1255 1610 Τὴν
1299 1540 1397 1612 μὲν
1428 1539 1570 1594 κατά
1602 1544 1661 1594 σε
1698 1540 1813 1613 διή-

238 1647 430 1701 γησιν,
470 1629 547 1694 ὡς
577 1630 896 1704 ἐγέννησαι,
932 1632 992 1684 οῦ
1034 1631 1162 1703 δύνῃ
1194 1632 1461 1698 ἐξειπεῖν,
1507 1632 1681 1686 καίτοι
1712 1633 1813 1703 τῆς

235 1722 477 1793 ἑκάστης
508 1723 723 1794 ἡμέρας
762 1722 902 1797 ὁρῶν
948 1723 1045 1794 τὴν
1089 1723 1230 1778 κατά
1286 1723 1572 1795 ἄνθρωπον
1601 1726 1809 1790 αἰτίαν,

236 1816 331 1869 καί
368 1815 469 1887 τὴν
501 1818 631 1888 περὶ
660 1816 848 1871 τοῦτον
875 1817 1185 1889 οἰκονομίαν
1212 1817 1454 1890 ἀκριϐῶς
1481 1817 1715 1895 ἐξειπεῖν
1745 1819 1808 1872 οὐ

232 1905 477 1962 δύνασαι.
511 1908 585 1961 Οὐ
620 1908 727 1980 γὰρ
756 1909 1018 1981 πάρεστίν
1052 1927 1132 1962 σοι
1158 1908 1443 1978 γινώσκειν
1469 1910 1568 1982 τὴν
1590 1909 1684 1963 τοῦ
1716 1910 1809 1982 δη-

236 1997 672 2068 μιουργήσαντος
703 1998 962 2072 ἔμπειρον
1005 1999 1108 2053 καὶ
1140 1999 1527 2070 ἀνεκδιήγητον
1574 2000 1768 2070 τέχνην
1790 2039 1806 2062 ,

231 2087 348 2141 ἀλλ’
381 2087 413 2143 ἦ
457 2089 617 2159 μόνον
657 2089 867 2160 ὁρῶντα
908 2092 1048 2143 νοεῖν
1080 2090 1175 2144 καὶ
1218 2088 1491 2143 πιστεύειν
1521 2091 1603 2144 ὅτι
1649 2091 1810 2163 ἔργον

231 2179 369 2234 Θεοῦ
394 2175 698 2267 ἄνθρωπος.
724 2181 859 2249 Περὶ
883 2181 940 2234 δὲ
962 2181 1131 2249 Λόγου
1159 2181 1373 2249 γένεσιν
1403 2180 1582 2254 ζητεῖς
1600 2222 1615 2247 ,
1642 2183 1808 2255 όνπερ

194 2308 202 2325 .
234 2272 520 2342 βουληθεὶς
548 2274 578 2325 6
609 2272 739 2336 θεὸς
765 2273 954 2345 Πατὴρ
980 2266 1266 2343 ἐγέννησεν
1303 2273 1379 2337 ὡς
1408 2272 1690 2346 ἠθέλησεν.
1731 2275 1806 2327 Οὐ

232 2363 343 2436 γὰρ
381 2363 657 2435 αὐτάρκες
706 2365 789 2417 σοί
833 2366 979 2418 ἐστιν
1014 2364 1205 2435 μαθεῖν
1250 2366 1333 2419 ὅτι
1367 2366 1568 2437 κόσμον
1607 2368 1635 2420 6
1676 2366 1808 2431 Θεὸς

230 2458 522 2528 ἐποίησεν,
556 2458 691 2512 ἀλλὰ
721 2459 815 2512 καὶ
844 2458 1006 2513 πόθεν
1044 2459 1293 2531 ἐποίησεν
1313 2502 1327 2526 ,
1374 2459 1577 2533 τολμᾷς
1614 2459 1807 2534 ἐπιζη-

230 2551 379 2613 τεῖν;
416 2549 489 2601 ’Ἠ
528 2548 629 2602 οὐκ
670 2548 942 2618 αὑτάρκες
983 2550 1065 2602 σοί
1105 2551 1254 2602 ἐστιν
1292 2548 1515 2620 μαθεῖν,
1566 2550 1647 2604 ὅτι
1680 2550 1809 2614 Υἱὸς

230 2639 368 2695 Θεοῦ
420 2657 499 2693 σοι
535 2640 852 2712 ἐφανερώθη
892 2643 973 2705 εἰς
1004 2641 1307 2712 σωτηρίαν,
1353 2641 1447 2695 ἐὰν
1476 2642 1804 2716 πιστεύσῃς,

231 2728 371 2783 ἀλλὰ
398 2730 495 2783 καὶ
524 2728 644 2794 πῶς
675 2729 937 2802 ἐγεννήθη
968 2729 1108 2785 κατά
1135 2730 1358 2802 Πνεῦμα
1377 2773 1392 2797 ,
1418 2732 1807 2803 πολυπραγμο-

230 2824 375 2887 νεῖς;
417 2822 529 2875 Καὶ
568 2822 667 2892 τὴν
711 2823 809 2892 μὲν
844 2822 987 2876 κατά
1031 2823 1207 2894 σάρκα
1255 2824 1506 2895 γέννησιν
1548 2824 1711 2878 αὐτοῦ
1744 2825 1804 2878 οὐ

230 2913 480 2977 πλείονες
522 2913 915 2984 ἐπιστεύθησαν
943 2915 1305 2986 διηγήσασθαι
1339 2915 1475 2989 πλὴν
1521 2916 1614 2970 δύο
1654 2916 1800 2989 (14)·

228 2989 325 3061 καὶ
358 3007 428 3060 σὺ
449 3006 653 3079 τολμᾷς
685 3006 961 3079 ἐπιζητεῖν
992 3007 1090 3078 τὴν
1113 3007 1253 3062 κατά
1278 3008 1503 3081 Πνεῦμα
1533 3010 1801 3087 διήγησιν,

1917 539 2165 599 poterat,
2211 532 2338 603 quia
2372 532 2425 587 in
2458 532 2635 591 Verbo
2669 537 2901 594 habebat
2941 540 3042 612 τὴν
3081 541 3336 598 σύστασιν
3361 585 3376 609 ,
3428 543 3482 597 id

1915 631 2018 686 est,
2052 622 2106 677 in
2139 622 2312 678 Verbo
2346 626 2690 682 subsistebat.
2724 629 2816 685 Sic
2859 645 2989 702 ergo
3017 648 3157 710 nugs
3189 633 3360 690 Filius
3387 634 3482 690 Dei

1915 712 2186 782 perfectus
2201 754 2216 777 ,
2249 717 2624 773 manifestatus
2645 728 2746 774 est.

1987 805 2126 861 XVI.
2176 788 2357 877 Atque'
2400 809 2512 864 haec
2554 811 2773 879 quidem
2821 821 2949 868 sunt
2993 815 3062 869 de
3111 815 3484 873 incarnatione

1919 898 2077 951 Verbi
2122 899 2472 953 testimonia:
2510 910 2745 970 suntque
2775 911 2827 958 et
2855 904 2962 959 alia
2994 905 3247 975 plurima.
3285 905 3481 962 Videa-

1916 1004 2040 1045 mus
2072 1006 2215 1045 nunc
2240 992 2386 1061 quod
2421 997 2757 1062 propositum
2807 996 2967 1051 nobis
2997 1006 3080 1052 est
3111 1017 3125 1052 :
3160 1000 3304 1068 quod
3336 1016 3480 1066 vere,

1915 1082 2130 1151 fratres,
2165 1084 2338 1139 virtus
2364 1083 2559 1153 Patris,
2586 1085 2733 1157 quod
2758 1095 2842 1142 est
2870 1086 3108 1143 Verbum
3148 1089 3266 1158 Dei,
3289 1105 3320 1146 e
3342 1094 3482 1147 cmlo
3546 1110 3549 1111 ν

1915 1176 2226 1245 descendit,
2251 1187 2306 1232 et
2337 1193 2444 1233 non
2472 1180 2585 1249 ipse
2618 1180 2796 1237 Pater.
2846 1180 2939 1237 Sic
2983 1184 3128 1238 enim
3161 1186 3238 1240 ait
3265 1204 3281 1241 :
3311 1204 3331 1238 ι
3364 1184 3478 1257 Ego

1914 1282 1981 1323 ex
2013 1268 2172 1324 Patre
2199 1268 2375 1337 exivi,
2410 1279 2464 1325 et
2490 1271 2649 1327 venio
2672 1273 2739 1326 ".
2772 1291 2792 1325 ι
2847 1273 2986 1341 Quid
3020 1284 3104 1331 est
3128 1286 3307 1333 autem
3335 1280 3481 1348 quod
3554 1298 3557 1303 '

1914 1372 1981 1412 ex
2005 1356 2160 1412 Patre
2180 1358 2366 1426 exivit,
2399 1360 2506 1415 nisi
2532 1361 2803 1417 Verbum?
2826 1360 2965 1429 Quid
2989 1372 3074 1419 est
3099 1365 3245 1434 quod
3265 1380 3333 1420 ex
3362 1367 3481 1437 ipso

1915 1450 2151 1520 genitum
2180 1460 2284 1518 est,
2312 1451 2419 1507 nisi
2449 1452 2706 1523 Spiritus,
2731 1454 2785 1511 id
2809 1464 2925 1521 est,
2957 1455 3236 1513 Verbum?
3264 1458 3368 1515 Sed
3397 1460 3482 1516 di-

1914 1554 2006 1594 ces
2057 1539 2191 1593 mihi
2221 1557 2235 1594 :
2264 1538 2550 1605 Quomodo
2597 1542 2837 1612 genitum
2878 1543 3003 1599 est?
3055 1542 3476 1614 Explicationem

1913 1631 2185 1702 quomodo
2234 1641 2293 1687 tu
2341 1633 2556 1702 genitus
2603 1648 2693 1698 es,
2750 1650 2862 1690 non
2911 1643 3063 1704 potes
3126 1650 3473 1705 expromere,

1913 1726 2163 1796 quamvis
2199 1725 2443 1796 quotidie
2472 1726 2624 1782 vides
2654 1741 2876 1782 causam
2915 1727 3207 1783 humanam
3229 1769 3244 1793 ,
3273 1736 3329 1783 et
3353 1743 3478 1783 mo-

1910 1816 2039 1871 dum
2075 1815 2442 1886 generationis
2481 1831 2593 1871 non
2634 1824 2789 1886 potes
2828 1814 3063 1885 perfecte
3098 1814 3308 1870 eﬂerre.
3357 1813 3477 1869 Non

1909 1908 2053 1962 enim
2098 1909 2226 1964 licet
2277 1909 2374 1964 tibi
2402 1908 2733 1980 cognoscere
2765 1917 2935 1963 artem
2966 1908 3084 1979 ejus
3114 1909 3207 1979 qui
3238 1909 3475 1972 creavit,

1910 2002 1965 2058 in
1996 2002 2330 2073 experientia
2357 2012 2413 2059 et
2449 2019 2550 2058 usu
2579 2003 2835 2073 positam,
2867 2011 2919 2057 et
2949 2018 3056 2057 non
3084 2003 3474 2069 enarrabilem;

1909 2094 2003 2150 sed
2030 2094 2207 2150 solum
2231 2093 2465 2149 videndo
2494 2094 2789 2165 intelligere
2813 2104 2867 2149 et
2897 2095 3140 2157 credere,
3166 2095 3311 2165 quod
3338 2111 3480 2165 opus

1909 2184 2002 2239 Dei
2037 2192 2122 2240 est
2148 2184 2329 2239 homo.
2362 2183 2438 2238 De
2474 2182 2637 2239 Verbi
2666 2193 2845 2239 autem
2877 2185 3241 2255 generationis
3268 2186 3479 2241 ratione

1908 2276 2108 2346 quaeris
2127 2319 2141 2342 ,
2171 2292 2279 2347 qua
2309 2276 2452 2332 Deus
2480 2274 2641 2332 Pater
2663 2292 2922 2347 generare
2960 2277 3166 2343 voluit;
3201 2278 3478 2347 generavit

1908 2368 2050 2423 sicut
2088 2368 2281 2422 voluit.
2330 2366 2449 2422 Non
2490 2369 2623 2423 satis
2672 2376 2759 2423 est
2801 2368 2899 2429 tibi
2947 2369 3090 2425 scire
3136 2368 3281 2439 quod
3334 2368 3478 2425 Deus

1908 2460 2171 2515 mundum
2196 2460 2470 2528 condidit,
2519 2460 2623 2517 nisi
2664 2460 2866 2517 audeas
2901 2462 3176 2529 inquirere
3200 2462 3476 2531 quomodo

1908 2552 2182 2608 condidit?
2217 2551 2335 2609 Non
2382 2552 2579 2609 sufficit
2607 2553 2704 2608 tibi
2731 2568 3088 2625 cognoscere,
3122 2555 3268 2623 quod
3302 2553 3477 2610 Filins

1908 2643 2003 2700 Dei
2046 2645 2143 2699 tibi
2185 2646 2435 2716 apparuit
2469 2644 2537 2699 ad
2579 2646 2808 2701 salutem
2829 2683 2845 2709 ,
2893 2645 2941 2700 si
2973 2653 3153 2699 tamen
3186 2644 3237 2699 id
3264 2645 3473 2726 credis;

1907 2734 2001 2792 sed
2045 2736 2268 2806 insuper
2308 2736 2583 2806 quomodo
2612 2736 2825 2805 genitus
2850 2743 2932 2789 est
2960 2734 3257 2789 secundum
3297 2733 3473 2803 Spiri-

1907 2827 2268 2895 tum,curiose
2293 2826 2719 2898 indagas?Atqui
2740 2826 3136 2896 generationem
3156 2825 3482 2895 eiussecun-

1906 2921 2034 2976 dum
2071 2935 2290 2976 carnem
2327 2935 2604 2986 enarrare,
2649 2933 2755 2974 non
2793 2918 3039 2988 pluribus
3067 2934 3229 2988 quant
3259 2917 3474 2972 duobus

1905 3012 2274 3069 concreditum
2306 3020 2420 3078 est;
2456 3021 2510 3067 et
2551 3020 2610 3066 tu
2639 3011 2810 3066 audes
2845 3011 3244 3080 generationem
3279 3022 3474 3063 secun-

226 3099 295 3169 ἦν
328 3099 462 3169 παρ’
491 3098 668 3170 ἑαυτῷ
704 3099 957 3170 φυλάττει
994 3099 1179 3171 Πατὴρ
1201 3139 1216 3165 ,
1247 3100 1650 3155 ἀποκαλύπτειν
1687 3102 1801 3174 μέλ-

1911 3104 2038 3179 dum
2081 3102 2343 3174 Spiritum
2378 3104 2644 3171 scrutari,
2690 3118 2853 3174 quam
2884 3102 3029 3173 apud
3063 3117 3122 3157 se
3168 3100 3327 3156 Pater
3360 3115 3476 3156 scr-

226 3191 335 3244 ).ων
377 3192 502 3245 τότε
545 3196 659 3256 τοῖς
698 3193 874 3262 ἁγίοις
920 3194 1013 3247 καὶ
1055 3192 1227 3260 ἀξίοις
1254 3194 1383 3250 ἰδεῖν
1417 3195 1479 3249 τὸ
1515 3196 1804 3267 πρόσωπον

227 3280 428 3346 αὐτοῦς
480 3282 763 3353 Αὐτάρκες
820 3299 901 3336 σοι
952 3284 1066 3355 ἤτω
1117 3283 1178 3339 τὸ
1224 3285 1511 3356 εἰρημένον
1559 3286 1662 3340 ὑπὸ
1711 3286 1802 3341 τοῦ

225 3373 494 3447 Χριστοῦ·
531 3374 616 3427 ὅτι
664 3392 683 3426 t
711 3375 773 3428 τὸ
799 3375 1193 3447 γεγεννημένον
1231 3378 1295 3430 ἐκ
1325 3376 1420 3430 τοῦ
1452 3376 1800 3448 Πνεύμαυέος,

226 3463 450 3536 πνεῦμά
473 3465 656 3519 ἐστιν*
687 3484 707 3517 ι
754 3465 933 3529 καθὼς
969 3466 1056 3520 διὰ
1101 3466 1196 3521 τοῦ
1241 3468 1526 3540 Προφήτου
1567 3470 1665 3540 τὴν
1705 3470 1800 3524 τοῦ

223 3556 403 3625 Λόγου
432 3556 686 3627 γέννησιν
720 3551 1000 3628 σημαίνων
1028 3558 1109 3611 ὃτι
1137 3559 1489 3629 γεγέννηται,
1520 3561 1581 3613 τὸ
1603 3561 1659 3615 δὲ
1684 3563 1803 3628 πῶς

224 3648 490 3718 φυλάσσει
540 3647 716 3721 καιρῷ
748 3649 1035 3721 ὡρισμένῳ
1065 3652 1193 3723 παρ’
1243 3652 1390 3723 αὑτῷ
1431 3653 1637 3723 μέλλων
1668 3655 1802 3708 ἀπο-

221 3739 544 3795 καλύπτειν.
617 3740 779 3810 Λέγει
827 3741 882 3794 δὲ
936 3740 1141 3806 οὕτως’
1181 3762 1220 3816 ,ι
1263 3744 1357 3797 Ἐκ
1409 3744 1644 3818 γαστρὸς
1694 3746 1801 3817 πρὸ

220 3835 505 3907 ἑωσφόρου
533 3833 862 3907 ὲξεγέννησά
896 3852 976 3888 σε.
1006 3854 1025 3889 ι
1651 3880 1657 3887 .

295 3928 605 4000 Δὺτάρκεις
640 3919 798 3981 αὗται
837 3929 893 3981 αἰ
945 3927 1246 4001 μαρτυρίαι
1286 3929 1495 3992 πιστοῖς
1540 3928 1796 4001 ἀλήθειαν

220 4018 484 4074 ἀσκοῦσιν
503 4036 517 4049 ο
547 4021 597 4073 οἱ
621 4019 676 4073 δὲ
699 4020 913 4075 ἄπιστοι
949 4020 1123 4073 οὐδενὶ
1163 4018 1523 4075 πιστεύουσιν.
1551 4021 1659 4075 Καὶ
1688 4021 1797 4093 γὰρ

218 4113 280 4167 τὸ
304 4112 534 4185 Πνεῦμα
557 4113 618 4166 τὸ
644 4114 797 4182 ἆγιον
822 4115 886 4167 ἐκ
916 4099 1206 4185 προσώπου
1236 4112 1344 4166 τῶν
1367 4114 1677 4167 ἀποστόλων
1698 4114 1799 4168 διε-

222 4206 576 4279 μαρτύρατο.
616 4204 823 4274 λέγων·
864 4223 884 4257 ι
917 4203 1026 4258 Καὶ
1072 4204 1156 4268 τίς
1195 4204 1509 4258 ἐπίστευσεν
1547 4208 1612 4277 τῇ
1658 4205 1792 4275 ἀκοῇ

220 4297 410 4369 huius;
445 4316 465 4349 ι
507 4298 668 4350 Ὥστε
716 4296 788 4369 μὴ
835 4295 1121 4368 γενώμεθα
1154 4296 1401 4362 ἄπιστοι,
1450 4298 1659 4368 μήποτε
1708 4297 1793 4366 ἐφ’

218 4391 355 4460 ἡμῖν
382 4387 608 4459 τελεσθῇ
633 4387 693 4441 τὸ
720 4388 1025 4460 εἰρημένον.
1063 4388 1450 4460 Πιστεύσωμεν
1474 4384 1584 4455 οὖν,
1617 4389 1793 4458 μακά-

223 4457 331 4551 ριοι
356 4457 606 4548 ἀδελφοὶ,
616 4478 755 4533 κατὰ
892 4478 1187 4560 παρΜν
1200 4478 1309 4532 τῶν
1329 4457 1639 4533 ἀποστόλων
1660 4479 1792 4551 (15),
1825 4457 1871 4512 D

217 4569 307 4623 ὅτι
339 4569 471 4634 Θεὸς
508 4570 676 4638 Λόγος
709 4570 804 4623 ἀπ’
832 4568 1071 4641 οὐρανῶν
1105 4568 1371 4639 κατῆλθεν
1403 4572 1483 4632 εἰς
1508 4569 1606 4641 τὴν
1634 4569 1795 4639 ἁγίαν

219 4662 499 4733 Παρθένον
530 4662 769 4735 Μαρίαν,
801 4662 887 4716 ἵνα
916 4660 1221 4734 σαρκωθεὶς
1260 4660 1319 4727 ἐξ
1362 4661 1564 4731 αὐτῆς,
1616 4660 1795 4714 λαϐὼν

216 4752 276 4807 δὲ
308 4755 402 4807 καὶ
425 4752 603 4825 ψυχὴν
636 4754 733 4826 τὴν
759 4752 1123 4826 ἀνθρωπίνην,
1157 4752 1378 4824 λογικὴν
1404 4753 1459 4806 δὲ
1494 4751 1634 4829 λέγω
1653 4794 1667 4818 ,
1700 4771 1795 4823 γε-

221 4845 402 4917 γονὼς
447 4845 623 4900 πάντα
644 4847 745 4900 ὅσα
775 4846 924 4900 ἐστὶν
962 4846 1281 4918 ἄνθρωπος,
1317 4847 1474 4911 ἐκτὸς
1499 4847 1812 4919 ἁμαρτίας,

290 4964 338 4996 ⁷⁸
369 4962 529 5018 Joan.
560 4980 670 5027 xvr,
701 4963 793 5019 9.8.
868 4964 917 4996 ”
944 4963 1102 5018 Joan.
1132 4979 1222 5027 ιη,
1254 4964 1307 5019 6.
1385 4965 1431 4997 ⁷⁷
1453 4963 1598 5020 Psal.
1638 4981 1748 5033 cur,
1778 4966 1834 5021 5.

216 5074 370 5125 nem;
393 5058 626 5126 perfecta
653 5068 834 5114 autem
863 5059 1208 5113 estetanima
1241 5059 1781 5130 hominis,quantnm

218 5131 290 5202 ad
321 5129 687 5202 definitionem
726 5131 987 5202 essentia:
1033 5146 1145 5202 sua:
1183 5149 1197 5184 :
1241 5131 1334 5185 sed
1376 5129 1556 5185 tamen
1610 5148 1786 5202 neque

224 5198 463 5253 Verbum
502 5209 586 5254 est
620 5200 892 5268 perfectus
924 5200 1176 5255 Christus
1209 5216 1313 5255 non
1349 5203 1499 5256 unita
1536 5198 1788 5256 humani-

217 5280 366 5334 tate,
416 5272 667 5339 quamvis
692 5270 962 5340 perfectus
991 5269 1131 5324 Deus
1164 5272 1271 5337 sit;
1309 5274 1451 5326 sicut
1479 5286 1578 5325 nec
1606 5274 1785 5325 anima

217 5339 498 5410 perfectus
548 5339 711 5395 homo
754 5351 838 5396 est
880 5342 997 5411 sine
1039 5355 1266 5411 corpore
1292 5381 1307 5402 .
1347 5342 1449 5396 etsi
1497 5340 1787 5411 perfectam

218 5409 588 5465 Substantiam
622 5412 804 5465 habet.
838 5431 855 5462 ι
888 5409 1162 5465 Hactenus
1197 5412 1472 5465 Leontius.
1496 5409 1782 5466 F'n.Tunn.

293 5482 646 5552 (12)“0i'muc
676 5476 791 5536 οὖν
819 5477 906 5547 εἷς
961 5481 1091 5546 Υἱὸς
1127 5482 1354 5547 τέλειος
1392 5481 1784 5552 Θεοῆᾼέφανε-

209 5550 398 5619 ιώθηζ
422 5550 520 5606 Hic
552 5553 703 5607 locus
722 5567 832 5619 quo
864 5551 1154 5620 plurimum
1185 5568 1242 5607 se
1264 5552 1493 5606 ederunt
1527 5550 1781 5619 Unitarii,

220 5624 491 5677 astruitur
516 5632 682 5693 atque
714 5622 1018 5693 illustratur
1059 5623 1310 5691 superius
1350 5623 1404 5677 in
1432 5621 1779 5693 Prolegome-

222 5693 333 5763 his,
370 5692 561 5763 ubimde
590 5693 693 5746 hoc
728 5691 997 5763 Hippolyti
1024 5693 1285 5760 opusculo
1310 5708 1491 5763 sermo
1523 5691 1774 5748 recurrit.

299 5762 434 5833 (12⁸)
458 5761 515 5817 Si
547 5762 823 5834 interpreti
855 5761 1009 5830 fides,
1050 5763 1365 5835 legendum:
1393 5762 1446 5817 τί
1466 5762 1522 5819 δὲ
1550 5763 1612 5816 τὸ
1640 5762 1781 5829 ἔξελ-

1905 3205 2035 3261 vat,
2087 3196 2428 3253 revelaturus
2460 3206 2591 3251 tunc
2634 3195 2870 3261 sanctis,
2902 3194 2995 3265 qui
3027 3203 3087 3248 ut
3133 3192 3323 3247 faciem
3354 3193 3475 3261 ejus

1904 3287 2123 3343 videant
2147 3288 2297 3359 digni
2326 3288 2525 3343 erunt?
2557 3287 2703 3344 Satis
2734 3287 2874 3341 habe
2905 3285 3050 3356 quod
3081 3300 3110 3339 a
3136 3284 3356 3339 Christo
3383 3283 3472 3338 di-

1864 3385 2054 3433 ictum
2096 3386 2224 3433 est:
2262 3397 2282 3431 ι
2311 3377 2466 3444 Quod
2516 3387 2703 3433 natum
2749 3385 2833 3432 est
2877 3393 2941 3430 cx
2975 3375 3215 3445 Spiritu,
3250 3375 3475 3444 spiritus

1903 3477 1989 3525 est
2009 3471 2088 3539 "';
2120 3489 2139 3523 ι
2167 3471 2311 3527 sicut
2340 3486 2436 3541 per
2463 3470 2790 3541 Prophetam
2821 3468 3090 3540 significat
3118 3466 3276 3522 Verbi
3311 3482 3475 3538 gene-

1900 3563 2190 3629 rationem,
2224 3564 2369 3633 quod
2400 3564 2615 3633 genitus
2642 3571 2759 3628 est;
2786 3561 3060 3632 quomodo
3093 3576 3220 3616 vero
3242 3600 3259 3625 ,
3295 3574 3473 3615 reser-

1899 3664 1989 3710 vat
2020 3656 2161 3725 apud
2192 3670 2250 3715 se
2276 3655 2331 3709 in
2370 3663 2585 3725 tempus
2618 3662 2826 3710 certum
2865 3669 2930 3708 ac
2957 3652 3281 3722 praefinitum
3303 3692 3319 3718 ,
3343 3666 3469 3707 cum

1900 3746 2032 3800 illud
2063 3745 2397 3800 revelaturus
2421 3753 2527 3800 est.
2553 3744 2645 3800 Sic
2670 3744 2816 3800 enim
2849 3744 2963 3798 ait:
2997 3761 3016 3795 ‹
3049 3742 3127 3797 Ex
3159 3751 3314 3798 utero
3346 3751 3472 3796 ante

1898 3835 2186 3892 luciferum
2213 3836 2374 3906 genui
2400 3844 2451 3891 te
2463 3837 2530 3891 π.
2564 3855 2584 3889 ι

1969 3925 2131 3981 XVII.
2173 3926 2464 3983 Sufﬁciunt
2498 3928 2611 3982 haec
2638 3925 2945 3981 testimonia
2984 3924 3236 3980 ﬁdelibus
3269 3921 3472 3976 verita-

1900 4020 1969 4075 tis
1994 4020 2293 4076 studiosis:
2326 4020 2570 4076 inﬁdeles
2608 4019 2752 4074 enim
2802 4018 2934 4073 nulli
2964 4017 3209 4073 credunt.
3257 4013 3467 4068 Etenim

1899 4109 2134 4182 Spiritus
2188 4121 2411 4169 sanctus
2472 4114 2526 4167 in
2583 4127 2817 4183 persona
2874 4111 3243 4181 apostolorum
3301 4117 3471 4163 testa-

1898 4215 1988 4262 tus
2032 4213 2135 4272 est,
2167 4206 2393 4261 dicens:
2439 4223 2459 4256 ι
2499 4205 2760 4269 Domine,
2804 4205 2928 4274 quis
2980 4202 3205 4258 credidit
3257 4201 3469 4261 auditui

1896 4304 2085 4351 nostro
2098 4297 2146 4329 ⁷⁸
2160 4295 2579 4363 ἳιρυοιηοὺνοιιι
2603 4312 2669 4350 ne
2685 4296 2857 4350 simus
2879 4292 3144 4358 infideles,
3163 4307 3230 4346 ne
3250 4292 3470 4362 quando

1898 4386 1952 4441 in
1986 4387 2177 4452 nobis,
2224 4387 2370 4457 quod
2405 4387 2610 4442 dictum
2641 4395 2754 4450 est,
2801 4385 3114 4456 impleatur.
3167 4384 3471 4441 Credamus

1901 4478 2087 4548 igitur,
2136 4479 2315 4535 dilecti
2347 4478 2570 4545 fratres,
2605 4477 2903 4532 secundum
2952 4476 3290 4531 traditionem
3335 4491 3470 4545 apo-

1901 4572 2166 4628 stolorum
2187 4613 2203 4635 ,
2237 4572 2383 4643 quod
2415 4571 2555 4627 Deus
2590 4570 2834 4626 Verbum
2863 4585 2895 4626 ο
2918 4571 3074 4627 caelis
3106 4570 3383 4625 descendit
3416 4569 3470 4622 in

1901 4674 2144 4720 sanctam
2185 4662 2460 4735 Virginem
2514 4662 2778 4730 Mariam,
2829 4674 2888 4716 ut
2938 4677 3005 4716 ex
3044 4678 3107 4716 ea
3158 4662 3472 4715 incarnatus

1902 4767 2116 4825 sumpta
2155 4756 2339 4810 anima
2370 4755 2630 4820 humana,
2662 4754 2892 4810 rationis
2935 4753 3157 4823 inquam
3187 4751 3469 4822 participe.

1895 4846 2075 4904 factus
2106 4848 2291 4903 omnia
2337 4861 2681 4918 quaecunque
2715 4848 2883 4903 homo
2929 4855 3042 4911 est,
3087 4852 3311 4912 excepto
3341 4858 3471 4911 pec-

1904 4966 1953 4999 "
1982 4966 2087 5021 lsa.
2118 4980 2235 5032 Lm,
2261 4957 2311 5020 1’.

1888 5055 2044 5116 (όι...
2058 5102 2072 5127 ,
2087 5077 2207 5132 quae
2223 5061 2439 5132 quidem
2461 5061 2619 5116 lectio
2634 5077 2698 5116 ex
2715 5059 3067 5132 sequentibus
3080 5055 3467 5132 conﬁrmatur;

1890 5148 2014 5185 mox
2039 5127 2182 5185 enim
2204 5127 2396 5199 legitur
2418 5151 2431 5185 :
2451 5132 2501 5184 τί
2524 5132 2581 5185 δὲ
2603 5133 2730 5186 τὸ...
2752 5127 3029 5202 γεννηθέν.
3051 5131 3204 5202 Εοιτ.
3228 5127 3470 5202 Pulice.

1963 5202 2074 5274 (l3)
2126 5197 2281 5257 16.1.1”
2312 5201 2351 5270 ἢ
2382 5203 2644 5271 Πνεῦμα.
2689 5197 2877 5255 Divina
2902 5197 3114 5274 Christi
3145 5207 3361 5274 natura,
3386 5197 3467 5274 uti

1889 5268 2010 5335 est,
2056 5268 2135 5327 ita
2175 5268 2379 5338 passim
2414 5268 2575 5327 etiam
2608 5274 2808 5327 dicitur
2853 5291 2871 5323 ι
2900 5271 3134 5338 Spiritus
3165 5287 3184 5319 ι
3222 5268 3468 5336 antiquis

1890 5342 2145 5399 Ecclesiae
2161 5338 2476 5399 doctoribus
2499 5342 2585 5396 διὰ
2614 5342 2675 5395 τὸ
2695 5342 3120 5411 ἀσχημάτιστον,
3147 5349 3200 5392 ut
3223 5338 3469 5404 loquitur
3521 5338 3543 5362 ‘

1889 5412 2117 5469 Proclns
2161 5414 2503 5480 (Ipolitanus.
2557 5412 2693 5467 Vide
2742 5410 3021 5480 Hugonem
3080 5410 3330 5464 Grotiutu
3396 5414 3470 5464 ad

1892 5482 2057 5537 Marc.
2089 5499 2128 5536 tt
2150 5525 2165 5546 ,
2196 5482 2248 5537 8.
2282 5483 2502 5538 FABRIC.

1960 5552 2072 5623 (14)
2124 5552 2296 5621 Πλὴν
2319 5554 2448 5608 δύο.
2498 5552 2751 5607 Matthzeo
2789 5550 3047 5605 nimirum
3073 5592 3087 5616 ,
3116 5558 3170 5603 ct
3208 5548 3369 5604 Lucae
3405 5548 3466 5605 in

1889 5621 2145 5693 Evangel.
2174 5623 2270 5677 Fu.
2298 5623 2629 5693 Tunnuxus.

1958 5686 2070 5764 (15)
2096 5693 2256 5748 Κατὰ
2284 5694 2399 5761 τὴν
2416 5692 2762 5762 παράδοσιν
2791 5688 2909 5764 τῶνξ
2929 5689 3307 5764 ἀποστόλων.
3325 5686 3465 5747 Vide

1888 5764 1942 5819 in
1969 5761 2128 5821 hunc
2152 5764 2329 5821 locum
2357 5761 2615 5820 adnotata
2647 5775 2813 5832 supra
2840 5761 2910 5817 ad
2933 5776 3052 5822 can.
3085 5762 3139 5816 9.
