3860 6200
566 231 675 293 3‘17

1246 237 1305 293 S.
1345 238 1714 297 IIIPPOLYTI
1748 242 1894 297 OPP.
1938 242 2117 299 PARS
2149 242 2214 298 II.
2250 272 2324 285 --
2358 241 2661 301 DOGIIAT.
2701 241 2792 297 ET
2832 238 3160 296 HISTORIC.
3604 255 3683 313 823

568 364 712 422 cato,
744 355 978 412 salvaret
1006 355 1174 412 Adam
1209 358 1304 428 qui
1335 360 1608 416 ceciderat
1627 403 1642 428 ,
1673 370 1729 416 et
1758 362 2119 420 immortalita-

2244 362 2392 437 σώθῃ
2416 363 2507 417 τὸν
2536 362 2879 426 πεπτωκότα,
2910 361 3005 414 καὶ
3028 360 3308 430 ἀφθαρσίαν
3332 362 3581 435 ἀνθρώποις
3607 388 3685 426 πα.

569 456 679 503 tem
714 447 1027 504 hominibus
1070 449 1360 520 largiretur
1390 451 1458 507 iis
1488 453 1582 522 qui
1613 454 1892 510 crederent
1936 456 1991 510 in
2034 472 2136 513 tio-

568 539 716 593 rnine
763 554 887 593 suo.
955 537 1013 593 In
1062 539 1318 597 omnibus
1363 540 1528 613 igitur
1569 544 1996 600 demonstratum
2052 558 2139 603 est

567 630 728 685 nobis
762 630 986 685 verbum
1014 632 1278 697 veritatis,
1304 634 1450 703 quod
1482 650 1626 690 unus
1655 645 1741 691 est
1769 636 1946 703 Pater,
1980 639 2137 708 cujus

566 721 720 775 adest
749 719 988 776 Verbum
1028 738 1127 792 per
1164 724 1309 794 quod
1340 727 1521 782 omnia
1570 727 1729 793 fecit;
1777 730 1921 798 quod
1956 741 2136 800 poste-

566 812 805 867 rioribus
832 814 1186 882 temporibus,
1237 816 1381 871 sicut
1410 818 1660 885 superius
1691 819 1961 887 diximus,
1989 822 2137 877 misit

565 900 726 957 Pater
755 903 824 957 ad
858 904 1087 959 salutem
1125 906 1429 963 hominum.
1475 907 1593 965 Hoc
1614 927 1708 981 per
1732 912 1904 981 legem
1933 924 1985 967 et
2012 929 2137 982 pro-

563 994 757 1062 phetas
799 996 1153 1064 prmdicatum
1185 1007 1268 1054 est
1292 1010 1580 1056 venturum
1611 1017 1732 1058 esse
1756 1005 1810 1059 in
1846 1006 2131 1083 mundum.

564 1085 718 1142 Sicut
761 1103 890 1157 ergo
913 1088 1265 1158 praedicatum
1305 1100 1416 1159 est,
1458 1094 1538 1149 sic
1575 1109 1817 1164 praesens
1867 1112 1926 1152 se
1956 1098 2133 1167 ipsum

563 1179 914 1235 manifestum
944 1181 1071 1236 fecit
1092 1198 1159 1237 ex
1185 1183 1407 1255 Virgine
1436 1194 1492 1241 et
1518 1186 1720 1256 Spiritu
1747 1197 1937 1245 sancto
1962 1206 2136 1246 novus

562 1270 727 1326 homo
773 1270 987 1327 factus:
1021 1274 1227 1331 habens
1260 1277 1479 1333 caeleste
1507 1280 1653 1349 quod
1682 1279 1972 1336 Paternum
1997 1293 2133 1349 erat,

560 1371 821 1432 tanquam
844 1362 1116 1431 Verbum;
1144 1376 1417 1423 terrenum
1436 1386 1565 1425 vero
1586 1380 1845 1443 tanquam
1869 1390 1936 1429 ex
1958 1384 2135 1430 vetere

559 1454 771 1519 Adam,
807 1470 905 1525 per
943 1455 1219 1528 Virginem
1255 1460 1588 1518 incarnatus.
1645 1463 1737 1520 Sic
1784 1466 1839 1520 in
1870 1468 2133 1525 mundum

559 1559 837 1612 egressus,
877 1547 1022 1605 Deus
1047 1561 1370 1620 corporatus
1401 1554 1683 1623 apparuit,
1729 1571 1981 1627 egressus
2010 1575 2133 1628 per-

560 1635 736 1692 fectus
761 1638 949 1695 homo.
986 1639 1103 1695 Non
1134 1643 1279 1697 enim
1312 1659 1408 1712 per
1440 1645 1712 1702 ﬁctionem
1744 1657 1841 1703 aut
1874 1651 2131 1707 mutatio-

559 1744 685 1783 nem
706 1769 722 1796 ,
752 1731 846 1786 sed
878 1747 1005 1787 vere
1035 1732 1212 1789 factus
1244 1744 1329 1789 est
1358 1736 1547 1792 homo.

630 1819 816 1877 XVIII.
861 1822 952 1878 Sic
997 1824 1161 1895 igitur
1204 1826 1444 1882 lnnnana
1481 1844 1579 1883 sua
1631 1847 1741 1887 non
1774 1841 1990 1888 recusat
2033 1835 2128 1903 qui

558 1913 1037 1969 demonstrabatur
1082 1932 1204 1973 esse
1244 1917 1408 1984 Deus,
1443 1936 1567 1976 cum
1598 1926 1771 1980 esurit
1800 1933 1855 1981 et
1895 1927 2124 1994 laborat,

555 2013 612 2058 et
643 2005 972 2077 defatigatus
1002 2008 1145 2074 sitit;
1180 2024 1304 2065 cum
1339 2011 1642 2071 formidans
1670 2015 1843 2087 fugit,
1874 2025 1927 2073 et
1961 2034 2127 2075 orans

554 2098 808 2151 tristatur
830 2139 846 2164 ,
890 2107 944 2154 et
984 2114 1150 2169 super
1178 2102 1459 2170 pulvinum
1488 2105 1719 2168 dormit,
1752 2109 1846 2179 qui
1872 2117 2123 2164 naturam

556 2187 720 2243 habet
758 2189 1064 2246 insomnem
1098 2200 1157 2247 ut
1194 2191 1338 2250 Deus
1365 2214 1378 2250 :
1405 2211 1527 2251 cum
1578 2198 1803 2254 calicem
1859 2202 2124 2270 passionis

553 2276 788 2347 refugit,
816 2279 910 2348 qui
953 2290 1173 2351 propter
1218 2282 1322 2339 hoc
1368 2284 1422 2338 in
1474 2288 1737 2343 mundum
1779 2289 2119 2345 advenerat:

551 2382 677 2421 cum
722 2368 778 2422 in
810 2371 1081 2427 anxietate
1110 2374 1272 2429 sudat
1295 2383 1348 2430 et
1373 2376 1443 2431 ab
1467 2378 1659 2448 angelo
1686 2379 1996 2449 roboratur,
2028 2383 2121 2452 qui

552 2473 649 2513 eos
679 2460 773 2529 qui
798 2461 853 2515 in
880 2477 938 2518 se
964 2464 1193 2520 credunt
1222 2466 1465 2534 roborat,
1488 2478 1543 2524 et
1574 2483 1736 2539 opere
1763 2471 1951 2528 docuit
1975 2489 2123 2528 mor-

551 2558 662 2603 tem
697 2561 1076 2623 contemnere;
1121 2572 1247 2612 cum
1273 2543 1302 2613 a
1328 2558 1466 2615 Juda
1494 2562 1761 2630 proditur,
1796 2563 1890 2634 qui
1915 2578 2118 2635 c0gno-

552 2641 737 2696 scebat
768 2641 962 2699 Judam
994 2647 1119 2717 quis
1147 2657 1329 2719 esset;
1376 2660 1431 2707 et
1456 2668 1487 2707 a
1512 2652 1716 2725 Caipha
1740 2655 2117 2724 inhonoratur,

550 2732 643 2801 qui
677 2736 885 2790 eratab
914 2752 979 2791 eo
1009 2741 1315 2797 sacerdotio
1346 2742 1602 2815 fungente
1648 2748 1811 2816 paulo
1837 2759 1963 2803 ante
2001 2759 2120 2803 tan—

550 2840 716 2894 quam
754 2824 895 2882 Deus
948 2829 1279 2902 honoratus;
1319 2850 1443 2890 cum
1478 2836 1547 2892 ab
1579 2836 1790 2895 Herode
1823 2840 2117 2910 spernitur.

550 2921 645 2990 qui
690 2930 858 2978 totam
894 2932 1094 2978 terram
1132 2925 1477 2995 judicaturus
1511 2939 1626 2997 est;
1657 2941 1711 2986 ct
1745 2934 2057 2989 verberatur
2088 2952 2117 2988 a

551 3011 760 3075 Pilato,
816 3014 863 3067 is
898 3016 990 3083 qui
1043 3016 1384 3073 inﬁrmitates
1431 3030 1647 3076 nostras
1688 3024 1954 3092 suscepit;
2004 3034 2057 3080 et
2089 3042 2115 3078 a

2244 455 2416 525 ράσχῃ
2444 458 2556 518 τοῖς
2589 452 2933 507 πιστεύουσιν
2963 453 3040 514 είς
3063 451 3121 504 τὸ
3151 452 3305 521 ὄνομα
3330 455 3485 508 αὐτοῦ.
3513 458 3583 512 Ἐν
3613 467 3689 517 πᾶ.

2238 564 2322 600 σιν
2349 543 2442 600 οὖν
2467 546 2836 601 ἀποδέδεικται
2860 545 2992 615 ἡμῖν
3017 543 3109 614 τῆς
3134 542 3367 614 ἀληθείας
3384 544 3530 615 λόγος,
3551 550 3613 605 ὅτι
3632 550 3707 617 εἶςῖ

2236 640 2381 691 ἐστιν
2410 640 2438 690 6
2468 638 2692 708 Πατὴρ,
2726 631 2787 691 οὗ
2812 636 3042 708 πάρεστι
3073 634 3260 703 Λόγος,
3297 634 3357 687 δι’
3394 632 3446 690 οὗ
3482 638 3538 691 τὰ
3562 640 3705 701 advexi

2235 728 2489 799 εποίησεν
2509 743 2523 757 ’
2555 725 2614 778 ὃν
2646 725 2893 796 ὑστέροις
2927 724 3132 794 καιροῖς
3149 762 3164 787 ,
3190 722 3355 786 καθὼς
3383 725 3572 796 εἴπαμεν
3592 732 3689 784 ἀνω.

2233 820 2397 891 τέρω,
2418 816 2732 873 ἀπέστειλεν
2758 818 2786 869 6
2811 816 3001 886 Πατὴρ
3023 815 3153 886 πρὸς
3178 815 3423 886 σωτηρίαν
3448 816 3690 887 ἀνθρώπων,

2236 906 2402 974 Οὗτος
2431 910 2520 963 διὰ
2544 909 2708 979 νόμου
2736 908 2829 960 καὶ
2861 905 3151 979 προφητῶν
3183 900 3433 978 ὲκήρύχθη
3465 911 3698 980 παρεσόμε.

2235 1021 2324 1066 νος
2373 1004 2451 1066 εἰς
2496 1001 2587 1055 τὸν
2619 1000 2840 1071 κόσμον.
2876 998 3012 1051 Καθ’
3052 998 3109 1051 ὃν
3134 992 3223 1050 οὖν
3249 998 3427 1069 τρόπον
3461 1000 3695 1073 ἐκηρύχθη,

2236 1094 2378 1149 κατά
2406 1092 2594 1147 τοῦτον
2625 1094 2719 1146 καὶ⁹
2752 1089 2942 1163 παρὼν
2977 1088 3307 1160 ἐφανέρωσεν
3330 1089 3495 1143 ἑαυτὸν
3526 1092 3578 1143 ὲκ
3599 1093 3705 1164 Παρ-

2236 1186 2389 1241 Θένου
2428 1184 2520 1239 καὶ
2563 1184 2719 1254 ἁγίου
2746 1183 3063 1253 Πνεύματος
3080 1223 3096 1247 ,
3126 1182 3302 1244 καινὸς
3329 1182 3569 1255 ἄνθρωπος
3592 1188 3690 1253 γενό

2238 1296 2400 1349 μενος
2418 1295 2431 1309 ⁸
2457 1278 2518 1331 τὸ
2551 1278 2647 1348 μὲν
2675 1276 2922 1348 οὐράνιον
2949 1275 3086 1346 ἔχων
3116 1274 3176 1326 τὸ
3200 1274 3436 1346 Πατρῷον
3464 1275 3525 1340 ὡς
3549 1274 3699 1345 Λόγος,

2233 1370 2296 1422 τὸ
2342 1370 2398 1423 δὲ
2445 1369 2683 1438 ἐπίγειον
2722 1369 2797 1432 ὡς
2830 1368 2894 1420 ὲκ
2940 1366 3168 1420 παλαιοῦ
3204 1366 3362 1438 Ἀδὰμ
3390 1367 3468 1420 διὰ
3494 1368 3700 1439 Παρθένου

2236 1461 2621 1533 σαρκούμενος.
2668 1456 2836 1525 Οὗτος
2879 1459 3154 1530 προελθὼν
3199 1462 3275 1523 είς
3311 1460 3490 1531 κόσμον
3525 1460 3625 1529 Θεὸς
3660 1462 3727 1513 lvi

2236 1553 2446 1625 σώματι
2476 1554 2813 1625 ἐφανερώθη,
2849 1552 3134 1625 ἄνθρωπος
3161 1551 3355 1615 τέλειος
3384 1551 3626 1622 προελθὼν.
3648 1555 3701 1605 Ού

2233 1642 2340 1715 γὰρ
2358 1641 2494 1696 κατὰ
2516 1642 2815 1722 φαντασίαν
2843 1641 2877 1713 ἢ
2908 1639 3133 1714 τροπὴν,
3155 1640 3265 1693 ἀλλ’
3279 1639 3472 1710 ἀληθῶς
3487 1640 3723 1711 γενόμενος,

2159 1718 2204 1777 Β
2231 1735 2326 1790 ἄνθ
2335 1752 2534 1808 ρωπος..

2296 1826 2481 1890 Οὕτως
2512 1823 2604 1881 οὖν
2635 1828 2728 1879 καὶ
2760 1826 2830 1880 τὰ
2868 1824 3183 1899 ἀνθρώπινα
3214 1823 3395 1877 ἑαυτοῦ
3424 1824 3508 1877 οὐκ
3535 1824 3703 1876 ἀπαναί-

2226 1934 2374 1972 νεται
2393 1918 2798 1989 ἐνδεικνύμενος
2812 1917 2943 1981 Θεὸς
2965 1917 3059 1980 ὢν,
3076 1918 3165 1971 ὅτε
3191 1917 3345 1987 πεινᾷ
3364 1917 3447 1968 καὶ⁷
3462 1916 3702 1987 κοπιᾷ(16),

2226 2010 2321 2064 καὶ
2357 2010 2580 2082 κάμνων
2628 2010 2783 2082 διψᾷ’
2816 2010 2912 2064 καὶ
2943 2008 3159 2062 δειλιῶν
3190 2009 3396 2078 φεύγει,
3430 2008 3510 2060 καὶ
3534 2015 3702 2077 προσεύ-

2225 2102 2450 2174 χόμενος
2481 2102 2764 2166 λυπεῖται,
2792 2101 2887 2155 καὶ
2914 2101 3006 2155 ἐπὶ
3033 2098 3451 2172 προσκεφάλαιον
3489 2097 3701 2159 καθεύδει,

2225 2192 2254 2245 6
2275 2191 2478 2245 ἄϋπνον
2503 2190 2643 2263 ἔχων
2670 2191 2768 2263 τὴν
2792 2191 2950 2260 φύσιν
2972 2189 3048 2253 ώς
3081 2190 3213 2253 Θεός
3231 2206 3244 2219 ·
3274 2189 3363 2243 καὶ
3396 2187 3612 2258 ποτηρίου
3635 2187 3701 2240 πό-

2225 2281 2315 2346 θος
2337 2285 2708 2354 παραιτείται,
2734 2285 2762 2336 6
2783 2281 2870 2336 διὰ
2897 2280 3054 2334 τοῦτο
3086 2277 3460 2352 παραγεγονὼς
3479 2280 3528 2331 ὲν
3551 2277 3699 2348 κόσμῳ·

2223 2374 2318 2426 καὶ
2349 2373 2599 2443 ἀγωνιῶν
2632 2374 2784 2446 ἱδροῖ,
2810 2374 2905 2426 κα)⁵
2927 2374 3017 2426 ὑπ’
3046 2372 3280 2442 ἀγγέλου
3309 2369 3702 2440 ἐνδυναμοῦται,ό

2223 2464 2531 2537 ὲνδυναμῶν
2560 2466 2684 2530 τοὺς
2716 2467 2795 2529 είς
2829 2464 2988 2519 αὑτὸν
3017 2464 3396 2527 πιστεύοντας,
3426 2462 3509 2517 καὶ
3535 2461 3702 2514 θανά-ων

2223 2562 2582 2631 καταφρονεῖν
2607 2558 2754 2631 ἔργῳ
2774 2556 2991 2623 διδάξας
3009 2574 3022 2586 ·
3045 2556 3143 2609 καὶ
3174 2556 3277 2608 ὑπὸ
3313 2554 3468 2608 Ἰούδα
3489 2550 3701 2623 παραδίδο-

2220 2668 2332 2715 ται,
2360 2652 2388 2704 ὁ
2422 2648 2704 2720 γινώσκων
2732 2648 2823 2701 τὸν
2870 2647 3068 2700 Ἰούδαν
3092 2646 3177 2710 τίς
3202 2647 3342 2698 ἐστιν
3360 2662 3373 2674 ·
3397 2643 3485 2698 καὶ
3513 2640 3704 2711 ἀτιμάζε-

2219 2743 2307 2796 ταὶ
2333 2742 2437 2797 ὑπὸ
2465 2742 2710 2811 Καῖάφα,
2728 2744 2756 2795 6
2787 2742 3050 2813 πρότερον
3075 2740 3171 2793 ὑπ’
3193 2738 3351 2793 αὐτοῦ
3382 2735 3703 2809 ίερατευόμενος

2219 2835 2294 2900 ὡς
2325 2834 2589 2908 Θεόςν(17)
2613 2852 2627 2865 ·
2657 2835 2751 2888 καὶ¹
2782 2833 2888 2887 ὑπὸ
2924 2831 3169 2906 Ἡρώδου
3194 2830 3553 2898 ὲξουθενείται,
3579 2824 3704 2896 ὁμέλ-

2220 2929 2325 2982 λων
2357 2931 2535 3000 κρῖναι
2566 2929 2746 2982 πᾶσαν
2779 2927 2878 2997 τὴν
2910 2926 3015 2996 γῆν
3035 2940 3047 2957 ⁸
3080 2925 3180 2978 καὶ
3215 2921 3507 2995 μαστίζεται
3539 2918 3620 2971 ὑπὸ
3641 2916 3705 2968 ll:-

2222 3017 2405 3082 λάτου,
2434 3019 2463 3070 6
2488 3016 2587 3081 τὰς
2621 3016 2902 3079 ἀσθενείας
2937 3014 3092 3086 ἡμῶν
3131 3013 3525 3084 ἀναδεξάμενος·
3549 3007 3622 3063 καὶ
3635 3004 3706 3059 imi

549 3105 816 3160 militibus
846 3106 1090 3162 illuditur
1131 3110 1211 3176 is,
1240 3110 1327 3164 cui
1352 3120 1532 3166 astant
1561 3113 1730 3169 millia
1763 3090 1989 3171 millium
2015 3158 2030 3183 ,
2064 3129 2117 3171 ct

2224 3109 2566 3180 στρατιωτῶν
2599 3107 2876 3173 παίζεται,
2905 3100 2948 3175 ᾧ
2970 3107 3373 3179 παρεοτήκουσι
3393 3105 3563 3175 ’χίλιαι
3583 3098 3705 3172 χιλιάο

548 3197 732 3253 decies
754 3210 978 3257 centena
1008 3203 1182 3271 millia.
1206 3205 1520 3273 angelorum
1551 3216 1607 3262 et
1632 3210 2113 3281 arclaangelorum;

546 3298 601 3343 et
630 3306 659 3343 a
692 3288 892 3346 Iudaeis
936 3294 989 3346 in
1016 3294 1164 3364 ligno
1189 3294 1391 3365 ﬁgitur,
1424 3298 1515 3367 qui
1545 3308 1802 3369 tanquam
1843 3317 2115 3357 cameram

547 3381 746 3436 caelum
782 3382 927 3450 ﬁxit;
976 3394 1031 3439 et
1062 3385 1305 3442 clamans
1333 3388 1401 3441 ad
1435 3386 1648 3443 Patrem
1685 3390 1932 3460 spiritum
1965 3409 2114 3447 com-

547 3475 801 3539 mendat,
848 3477 940 3546 qui
971 3486 1055 3532 est
1088 3494 1119 3532 a
1151 3477 1311 3533 Patre
1342 3481 1751 3551 inseparabilis;
1781 3494 1835 3539 et
1857 3487 2115 3543 inclinato

544 3567 724 3635 capite
751 3567 1022 3637 exspirat,
1055 3570 1150 3639 qui
1193 3569 1369 3626 dixit:
1403 3591 1421 3623 ι
1450 3572 1778 3630 Potestatem
1811 3576 1985 3631 habeo
2012 3594 2114 3647 po-

545 3657 711 3713 nendi
753 3660 992 3715 animam
1041 3678 1251 3730 meam,
1284 3673 1338 3719 et
1368 3674 1689 3735 potestatem
1716 3668 1890 3726 habeo
1917 3670 2113 3725 iterum

545 3750 796 3805 sumendi
822 3766 940 3806 eam
967 3753 1033 3810 ⁷⁹.
1066 3773 1084 3805 ι
1123 3753 1277 3821 Quod
1309 3766 1490 3811 autem
1518 3774 1624 3813 non
1654 3759 2041 3816 dominabatur
2064 3763 2113 3817 ei

545 3855 698 3894 mors
728 3842 822 3911 qui
867 3844 976 3898 vita
1007 3853 1159 3912 erat,
1219 3848 1491 3917 signiﬁcat
1521 3865 1645 3905 cum
1672 3851 1810 3907 dixit
1837 3869 1851 3905 :
1887 3872 1906 3906 ‹
1938 3853 2049 3925 Ego
2082 3870 2114 3909 a

545 3949 633 3989 me
669 3936 789 4005 ipso
824 3953 966 4007 pono
990 3954 1111 3994 eam
1125 3940 1191 3993 ⁸ο.
1225 3958 1242 3991 ι
1283 3939 1349 3994 Ει
1375 3942 1518 3997 latus
1550 3944 1736 3998 lancea
1770 3946 2009 4014 aperitur
2039 3946 2111 4012 ei,

542 4028 637 4097 qui
663 4029 828 4083 vitam
861 4033 1114 4088 omnibus
1146 4033 1408 4104 largitur;
1440 4045 1494 4089 et
1524 4036 1691 4091 linteo
1724 4038 2019 4103 involutas,
2056 4042 2113 4095 in

543 4130 900 4193 monumento
932 4125 1168 4193 ponitur,
1188 4126 1280 4195 qui
1316 4136 1563 4184 mortuos
1590 4129 1849 4198 suscitat;
1878 4141 1933 4187 et
1955 4134 2112 4190 tertia

542 4212 631 4267 die
675 4230 703 4268 a
740 4213 899 4270 Patre
930 4218 1231 4286 excitatur,
1266 4221 1363 4289 qui
1408 4230 1493 4276 est
1536 4222 1654 4291 ipse
1698 4228 2026 4282 resurrectio
2059 4236 2115 4283 et

543 4308 674 4362 vita.
725 4307 851 4365 Haec
889 4312 1034 4366 enim
1098 4314 1286 4368 omnia
1336 4315 1496 4370 nobis
1547 4324 1805 4386 operatus
1855 4327 1966 4385 est,
2020 4319 2112 4389 qui

2216 3200 2303 3265 δες
2352 3202 2445 3254 καὶ
2470 3199 2658 3273 μυρίαι
2688 3199 2946 3272 μυριάδες
2972 3199 3225 3268 ἀγγέλων
3267 3200 3359 3251 καὶ
3396 3193 3699 3269 ἀρχαγγὲλων·

2217 3293 2310 3346 καὶ
2343 3292 2443 3346 ὑπὸ
2480 3291 2744 3345 Ἰουδαίων
2774 3291 2914 3364 ξύλῳ
2960 3294 3372 3364 προσπήγνυται
3394 3331 3407 3356 ,
3434 3292 3459 3343 6
3486 3287 3625 3358 πήξας
3653 3283 3704 3345 ὡς

2216 3388 2473 3457 καμάραν
2497 3385 2588 3438 τὸν
2620 3384 2845 3457 οὐρανόν
2869 3371 2889 3413 ³
2920 3385 3014 3438 καὶ
3042 3384 3185 3454 πρὸς
3210 3383 3419 3453 Πατέρα
3439 3380 3553 3451 βοῶν
3580 3392 3703 3447 παρα-

2215 3477 2421 3532 τίθεται
2463 3476 2524 3529 τὸ
2568 3475 2788 3547 πνεῦμα
2813 3515 2829 3540 ,
2870 3475 2900 3527 ό
2944 3474 3253 3548 ἁχώριστος
3290 3474 3381 3529 τοῦ
3410 3466 3704 3542 Πατρόςοκαὶ

2216 3569 2412 3623 κλίνων
2447 3567 2717 3640 κεφαλὴν,
2749 3569 2964 3634 ὲκπνεί,
2995 3571 3024 3621 6
3072 3568 3269 3633 εἴπας·
3306 3565 3601 3630 ‹.Ἐξουσίαν
3628 3559 3701 3629 ἔχω

2215 3661 2386 3716 θεῖναι
2407 3660 2505 3733 τὴν
2528 3660 2704 3733 ψυχήν
2739 3676 2861 3732 μου,
2894 3660 2987 3714 καὶ
3011 3659 3264 3724 ἐξουσίαν
3293 3658 3396 3729 ἔχω
3418 3657 3556 3711 πάλιν
3574 3650 3702 3705 λαϐεῖν

2215 3755 2405 3827 αὐτήν.
2433 3772 2453 3807 ι
2504 3755 2625 3807 ’Ότι
2672 3752 2730 3806 δὲ
2776 3753 2875 3807 οὐκ
2919 3753 3236 3824 ἐκυριεύετο
3278 3752 3378 3805 ὑπὸ
3413 3741 3702 3809 θανάτου,ὧς

2215 3847 2360 3921 ζωὴν
2394 3844 2577 3902 εἶπεν*
2622 3866 2641 3900 α
2685 3847 2827 3917 Ἐγὼ
2869 3848 2962 3901 ἀπ’
2991 3846 3232 3917 ἐμαυτοῦ
3280 3844 3461 3915 τίθημι
3505 3838 3700 3927 αὐτήνιιι

2215 3942 2309 3996 καὶ
2338 3941 2577 4013 πλευρὰν
2607 3940 2776 4014 λόγχῃ
2805 3932 3081 4008 νύσσεται,
3102 3940 3133 3991 6
3159 3940 3258 4010 τὴν
3280 3938 3417 4009 ζωὴν
3444 3936 3582 3988 πᾶσιν
3597 3944 3705 4002 χαριο

2214 4032 2465 4105 ζόμενοςσ
2512 4034 2604 4086 καὶ
2640 4032 2834 4087 σίνδονι
2875 4032 3225 4101 ἑλισσόμενος
3256 4033 3313 4083 ἐν
3352 4026 3571 4101 μνημείῳ
3600 4019 3703 4073 τίθε-

2212 4143 2335 4191 ται,
2382 4128 2411 4180 ό
2460 4126 2586 4189 τοὺς
2624 4125 2853 4198 νεκροὺς
2899 4125 3156 4196 ἐγείρων·
3202 4123 3295 4178 καὶ
3338 4122 3600 4195 τριήμερος
3633 4109 3704 4166 ὑπὸ

2213 4219 2427 4290 Πατρὸς
2454 4218 2769 4284 ἀνίσταται,
2799 4217 2960 4282 αὐτὸς
2980 4216 3055 4271 ὢν
3085 4218 3120 4288 ἡ
3155 4218 3444 4278 ἀνάστασις
3466 4211 3546 4267 καὶ
3567 4212 3592 4279 ή
3610 4205 3703 4275 ζωή.

2213 4310 2397 4364 Ταῦτα
2422 4310 2529 4382 γὰρ
2560 4310 2736 4363 πάντα
2761 4312 2892 4382 ἡμῖν
2921 4307 3305 4381 κατώρθωσεν,
3324 4307 3395 4371 ,ὃς
3416 4306 3476 4359 δι’
3502 4304 3620 4374 ἡμᾶς
3641 4297 3705 4365 Υέ’

540 4409 761 4469 propter
792 4417 893 4458 nos
920 4402 1094 4460 factus
1117 4416 1199 4461 est
1229 4406 1373 4461 sicut
1417 4423 1547 4475 nos;
1588 4427 1606 4461 ι
1637 4408 1751 4479 ipse
1780 4411 1929 4464 enim
1960 4410 2113 4465 inﬁr—

2222 4420 2370 4473 γονεν
2405 4401 2526 4455 καθ’
2569 4403 2737 4473 ἡμᾶς.
2788 4420 2807 4452 ι
2830 4401 3001 4466 Αὐτὸς
3031 4400 3141 4472 γὰρ
3182 4396 3574 4490 τὰςὴἀσθενείας

542 4492 759 4545 ιιιὶιίιῐεε
789 4502 1004 4551 nostras
1037 4498 1294 4567 suscepit,
1328 4507 1383 4554 et
1412 4500 1702 4570 languores
1730 4498 1951 4556 "nostros
1984 4512 2110 4571 por-

541 4583 705 4649 tavit,
740 4602 758 4634 ι
808 4592 862 4639 et
895 4601 993 4655 pro
1026 4590 1185 4644 nobis
1216 4591 1389 4658 dolet,
1424 4593 1566 4648 sicut
1614 4593 1751 4647 dixit
1782 4592 1952 4648 Isaias
1984 4610 2111 4663 pro-

540 4673 703 4746 pheta
718 4675 784 4730 “.
818 4675 899 4731 Ab
930 4681 1134 4750 angelis
1168 4683 1442 4751 laudatus,
1478 4701 1509 4739 a
1542 4686 1854 4754 pastoribus
1883 4686 2055 4749 visus,
2078 4701 2110 4740 a

542 4763 799 4837 Simeone
842 4780 1219 4840 exspectatus,
1252 4775 1321 4829 ab
1353 4776 1509 4831 Anna
1544 4785 1804 4840 testatus,
1859 4791 1890 4830 a
1933 4776 2109 4846 magis

538 4859 836 4928 quaesitus,
885 4862 954 4916 ab
1002 4863 1155 4918 stella
1199 4864 1569 4936 signiﬁcatus,
1615 4869 1672 4922 in
1723 4868 1887 4922 domo
1931 4864 2107 4921 Patris

538 4962 816 5021 versatus,
865 4971 894 5008 a
921 4953 1128 5013 Joanne
1159 4958 1328 5030 digito
1357 4971 1649 5029 ostensus;
1696 4961 1782 5016 cui
1825 4959 1985 5014 Pater
2014 4973 2106 5015 su-

609 5098 832 5157 "Joan.
866 5117 921 5168 x,
946 5100 1034 5156 I8.
1109 5103 1157 5141 ιο
1178 5098 1313 5158 Ibid.
1390 5107 1432 5136 '"
1464 5104 1566 5160 Isa.
1604 5121 1724 5172 Llll,
1753 5107 1808 5161 4.

616 5282 725 5355 (16)
750 5284 879 5341 Ὅτε
905 5285 1081 5354 πεινᾷ
1108 5287 1204 5341 καὶ
1232 5286 1411 5355 κοπιᾷ
1435 5332 1450 5357 ,
1481 5307 1536 5344 κ.
1570 5308 1620 5343 τ.
1652 5289 1701 5342 λ.
1738 5289 1869 5356 Quae
1898 5290 1986 5347 hic
2017 5307 2104 5347 se-

539 5365 818 5431 quuntur,
866 5361 931 5431 ad
961 5361 1182 5431 verbum
1227 5358 1338 5413 fere
1375 5365 1704 5415 Conveniunt
1729 5378 1853 5415 cum
1876 5361 1954 5431 iis
1983 5378 2105 5431 qua:

540 5440 607 5476 cx
642 5424 1006 5499 S._IIippolyti
1053 5428 1309 5483 Memoria
1335 5431 1612 5485 Itwresium
1644 5433 1827 5487 laudat
1864 5430 1922 5486 S.
1948 5424 2106 5487 Gela-

542 5510 658 5574 s'ius
690 5493 761 5549 De
799 5493 1004 5574 duobus
1038 5502 1241 5574 naturis
1268 5501 1565 5574 ittCItristo
1586 5544 1600 5567 ,
1629 5511 1762 5558 tom.
1794 5501 1919 5574 _Vlll
1960 5502 2103 5560 Bibl.

542 5561 948 5640 Pa'l_rum,_etlit.
979 5569 1150 5637 Lugd.
1182 5586 1303 5640 pag.
1335 5572 1458 5627 70L
1490 5561 1708 5629 Fiume.

615 5632 724 5700 (I7)
777 5632 1343 5710 Ἰερατευόῖιενοςώς
1369 5645 1528 5712 Θεός.
1563 5663 1606 5721 ⁴ι
1637 5644 1919 5718 Tanquam
1958 5642 2103 5701 Deus

2215 4493 2497 4557 ἀνεδέξατο
2554 4493 2645 4548 καὶ
2687 4490 2787 4556 τὰς
2848 4492 3035 4554 νόσους
3083 4490 3413 4553 ἐϐάστασεν,
3440 4507 3456 4537 ι
3506 4483 3583 4538 καὶ
3619 4476 3703 4547 περῖ

2216 4588 2370 4659 ἡμῶν
2395 4587 2633 4640 ὠδυνᾶτο
2652 4625 2666 4650 ,
2695 4584 2876 4648 καθὼς
2901 4579 3050 4637 εἶπεν
3094 4583 3321 4646 Ἡσαΐας
3353 4583 3381 4634 6
3414 4570 3706 4673 προφήτηςἸδ

2217 4682 2307 4734 ὑπ’
2338 4680 2581 4749 ἀγγέλων
2609 4678 2942 4750 ὑμνούμενος
2970 4676 3063 4730 καὶ
3101 4676 3207 4729 ὑπὸ
3238 4674 3499 4745 ποιμένων
3533 4670 3700 4735 θεωρού-

2221 4791 2379 4846 μενος
2398 4815 2439 4849 ,α
2457 4773 2550 4827 καὶ
2581 4772 2685 4825 ὑπὸ
2710 4770 2992 4843 Συμεῶνος
3029 4767 3467 4841 προσδοκώμενος
3488 4805 3502 4831 ,
3536 4761 3610 4815 καὶ
3634 4753 3708 4849 ὑπο

2222 4868 2388 4919 Ἀννα
2426 4846 2714 4937 -μαρτυρού
2724 4880 2898 4936 μενος.
2937 4854 3111 4925 Οὗτος
3135 4857 3202 4932 ἦν
3248 4863 3278 4915 6
3311 4858 3605 4932 ζητούμενος
3634 4846 3709 4902 ὑπὸ

2218 4959 2439 5030 μάγων,
2482 4958 2575 5010 καὶ
2623 4955 3015 5028 σημαινόμενος
3063 4953 3157 5009 ὐπ’
3200 4952 3462 5024 ἀστέρος·
3486 4949 3530 5039 '6
3564 4942 3639 5001 καί
3668 4941 3710 4992 ὲν

2210 5293 2532 5347 honoratus.
2561 5311 2580 5343 ι
2628 5291 2767 5358 Quia
2808 5311 2935 5350 cum
2967 5304 3114 5351 esset
3157 5289 3398 5360 pontifex
3428 5284 3542 5342 anni
3558 5280 3713 5360 illius.

2212 5363 2552 5434 prophetarit
2580 5348 3107 5434 Cgﬁpliasvloantiti,
3138 5348 3227 5426 5d,
3258 5360 3350 5424 52,
3400 5380 3416 5410 ι
3445 5353 3569 5427 quod
3592 5348 3712 5434 Iesus

2212 5425 2509 5514 moriturus
2530 5425 2771 5514 erai‘pro
2797 5446 2984 5514 gente,
3013 5445 3202 5514 et__non
3229 5442 3435 5514 tantum
3460 5425 3709 5514 prof???

2210 5506 2302 5559 sed
2336 5511 2394 5557 ut
2430 5503 2571 5559 ﬁlios
2620 5496 2714 5559 Dei
2745 5496 3022 5575 quierant
3059 5504 3287 5575 dispersi
3337 5496 3709 5575 cougreﬁTg‘j'f

2210 5557 2380 5629 unum
2398 5591 2464 5655 ς.)
2494 5557 2639 5655 quod
2661 5557 3216 5645 άυίὲιὸὶῶίίέιὲὲτὲὖόἐι
3239 5557 3470 5645 poterat",
3487 5557 3578 5655 nisi
3603 5557 3712 5614 De“

2209 5653 2374 5704 esset.
2409 5644 2507 5703 Fit.
2537 5644 2799 5703 Tanaim.
