3852 6208
217 275 325 331 833

1203 271 1480 329 CONTRA
1517 270 1840 328 BERONEM
1878 271 1966 327 ΕΤ
2005 273 2424 332 HELICONEM.

3354 283 3463 339 εισι

216 391 361 447 οἶδεν
384 392 549 457 αὐτὸς
579 394 757 466 μόνος,
808 391 1067 465 ὑπάρχων
1108 393 1359 464 τεχνίτης
1413 395 1642 462 φυσικὸς
1689 392 1788 447 τῶι

1901 383 2054 455 cato.’
2072 403 2134 451 ut
2158 372 2307 451 novit
2341 396 2457 466 ipse
2504 396 2680 463 solus,
2716 412 2838 453 cum
2867 399 2941 454 sit
2974 397 3168 455 artifex
3198 403 3472 459 naturalis

215 484 363 557 ὑπὲρ
390 484 618 538 ἔννοιαν·
652 486 768 539 κατ’
806 484 975 556 αὐτὴν
1015 485 1130 557 ἅμα
1157 485 1255 556 τὴν
1287 485 1551 556 σωτήριον
1579 485 1797 556 σάρκω-

221 592 333 641 σιν,
362 575 466 647 τῆς
492 576 632 641 ίδίας
659 575 908 649 θεότητος
934 576 1239 647 ἐμποιήσας
1258 577 1325 646 τῇ
1349 575 1510 647 σαρκὶ
1528 574 1625 646 τὴν
1647 574 1797 647 ἐνέρ-

216 683 399 738 γειαν,
433 667 495 721 οὐ
550 667 1025 740 περιγραφομένην
1069 667 1208 738 αὐτῇ
1256 666 1342 720 διὰ
1394 665 1493 738 τὴν
1545 665 1792 719 κένωσιν·

216 762 332 816 οὐδ’
358 760 546 832 ὥσπερ
579 761 680 831 τῆς
707 759 868 815 αὑτοῦ
897 758 1166 831 θεότητος,
1196 757 1339 812 οὓτω
1382 759 1477 813 καὶ
1499 758 1670 829 αὐτῆς
1693 776 1797 829 φυ-

220 853 392 917 σικῶς
419 853 761 924 ὲκφυομένην
795 851 927 923 (24)·
968 850 1082 905 ἀλλ’
1131 852 1189 904 ὲν
1244 847 1325 914 οἷς
1375 849 1441 905 ἂν
1490 850 1797 922 σαρκωθεὶς

217 944 421 1008 θεῖκῶς
461 945 761 1016 ἐνήργησε,
794 943 861 996 δι’
894 943 1065 1014 αὐτῆς
1104 942 1520 1015 ὲκφαινομένην.
1571 942 1646 996 Οὐ
1684 941 1795 1017 γὰρ

217 1036 417 1105 γέγονε
455 1034 619 1105 φύσει
679 1034 867 1104 θεότης
918 1032 1315 1105 μταόληθεῖσα
1372 1032 1470 1104 τὴν
1524 1032 1708 1102 φύσιν,
1757 1036 1790 1107 ἡ

219 1126 363 1200 σὰρξ
393 1127 661 1197 γενομένη
696 1129 762 1197 τῇ
797 1126 955 1196 φύσει
992 1124 1243 1197 θεότητος
1303 1124 1457 1196 σάρξ·
1511 1124 1625 1178 ἀλλ’
1658 1126 1794 1197 ὅπερ

216 1216 293 1291 ἦν
326 1220 422 1273 καὶ
454 1218 664 1289 θεότητι
719 1220 1024 1289 ωμφυεῖσα
1060 1217 1333 1289 μεμένηκε
1366 1216 1463 1288 τὴν
1516 1218 1674 1287 φύσιν
1703 1220 1795 1272 καὶ¹

216 1311 319 1381 τὴν
352 1308 633 1380 ἐνέργειαν
659 1307 792 1379 (23)·
837 1304 1018 1370 καθὼς
1070 1302 1220 1359 εἶπεν
1246 1308 1273 1359 ό
1306 1306 1513 1378 Σωτήρ·
1546 1325 1564 1357 ι
1590 1307 1662 1360 Τὸ
1696 1307 1795 1377 μὲν

220 1399 441 1471 πνεῦμα
476 1398 585 1470 (26)
631 1399 928 1473 πρόθυμον,
958 1399 991 1469 ὴ
1026 1397 1084 1452 δὲ
1139 1397 1275 1470 σὰρξ
1312 1398 1562 1470 ἀσθενής·
1593 1417 1610 1450 ι
1669 1398 1793 1452 καθ’

217 1496 288 1564 ἣν
323 1493 627 1565 ἐνεργήσας
670 1509 729 1543 τε
758 1491 854 1547 καὶ
892 1488 1080 1544 παθὼν
1138 1490 1281 1562 ἆπερ
1314 1486 1381 1561 ἦν
1412 1491 1792 1564 ἀναμαρτήτου

221 1586 448 1657 σαρκὸς,
478 1584 578 1656 τὴν
631 1584 770 1655 ὑπὲρ
822 1583 980 1654 ἡμῶν
1031 1581 1368 1637 ἐπιστώσατο
1401 1585 1513 1657 (27)
1566 1585 1793 1640 κένωσιν

221 1679 495 1750 θεότητος,
527 1676 763 1749 θαύμασι
816 1678 909 1731 καὶ
962 1677 1163 1749 σαρκὸς
1210 1678 1493 1750 παθήμασι
1550 1678 1793 1747 φυσικῶς

223 1767 631 1839 βεϐαιουμένην.
684 1766 781 1821 Διὰ
828 1766 936 1839 γὰρ
984 1766 1143 1821 τοῦτο
1186 1768 1406 1837 γέγονεν
1457 1768 1791 1841 άνθρωποςό

218 1858 328 1911 τῶν
357 1858 494 1912 ὅλων
532 1859 684 1923 Θεὸς,
711 1860 798 1912 ἵνα
830 1860 993 1931 σαρκὶ
1019 1859 1118 1932 μὲν
1144 1860 1359 1932 παθητῇ
1384 1861 1625 1931 πάσχων,
1648 1860 1790 1916 ἅπαν

222 1948 378 2019 ἡμῶν
408 1947 471 2001 τὸ
496 1947 575 2019 τῷ
607 1948 820 2019 θανάτῳ
850 1949 1057 2021 πραθὲν
1081 1948 1423 2021 λυτρώσηται
1452 1950 1625 2020 γένος·
1652 1951 1792 2004 άπα-

223 2042 305 2094 θεῖ
329 2041 388 2094 δὲ
414 2040 629 2111 θεότητι
660 2040 747 2095 διά
803 2042 1003 2115 σαρκὸς
1045 2042 1494 2114 θαυματουργῶν,
1526 2044 1661 2117 πρὸς
1692 2044 1791 2116 τὴν

221 2135 498 2204 ἀκήρατον
527 2133 692 2198 αὐτοῦ
732 2134 826 2187 καὶ
877 2134 1148 2207 μακαρίαν
1177 2135 1497 2207 ὲπαναγάγῃ
1534 2134 1699 2206 ζωὴν,
1722 2132 1791 2210 ἦς

222 2226 497 2279 ἀπέπεσεν
542 2225 622 2296 τῷ
654 2226 882 2298 διαόόλῳ
925 2225 1243 2297 πειθόμενος
1265 2227 1371 2299 (28)
1392 2246 1407 2259 ·
1450 2229 1545 2282 καὶ
1573 2228 1642 2283 τά
1670 2234 1790 2284 κατ’

222 2317 485 2389 οὐρανοὺς
531 2315 643 2387 (29)
698 2315 827 2385 ἅγια
873 2315 1126 2386 τάγματα
1178 2315 1287 2368 τῶν
1340 2316 1540 2389 νοερῶν
1594 2317 1790 2372 οὐσιῶν

226 2406 479 2477 στομώσῃ
528 2405 663 2475 πρὸς
710 2404 970 2476 ἀτρεψίαν
1028 2402 1105 2474 τῷ
1151 2404 1434 2476 μυστηρίῳ
1494 2405 1593 2476 τῆς
1625 2403 1789 2459 αὐτοῦ

224 2496 620 2569 σωματώσεως·
673 2492 742 2568 ἧς
774 2495 932 2568 ἔργον
961 2497 994 2567 ἡ
1027 2493 1135 2548 τῶν
1163 2495 1297 2548 ὅλων
1349 2496 1496 2549 ἐστὶν
1525 2498 1604 2559 είς
1630 2496 1791 2550 αὐτὸν

220 2590 709 2660 ἁνακεφαλαίωσις.
741 2589 1061 2661 Μεμένηκεν
1090 2585 1181 2643 οὖν
1203 2588 1298 2642 καὶ
1323 2587 1623 2659 σαρκωθεὶς
1648 2588 1788 2643 κατὰ

218 2687 318 2758 τὴν
352 2684 516 2756 φύσιν
553 2683 682 2747 Θεὸς
740 2681 1126 2753 ὑπεράπειρος,
1179 2679 1277 2751 τὴν
1325 2678 1501 2749 ἐαυτῷ
1556 2680 1787 2752 συγγενῆ

221 2779 317 2833 καὶ
352 2776 685 2849 κατάλληλον
737 2775 876 2845 ἔχων
922 2773 1221 2846 ἐνέργειαν·
1255 2771 1354 2843 τῆς
1413 2771 1509 2842 μὲν
1542 2770 1790 2842 θεότητος

219 2870 494 2933 οὖσιιώὦς
526 2867 887 2939 ἐκφυομένην·
923 2864 1012 2920 διὰ
1048 2865 1105 2918 δὲ
1159 2864 1260 2936 τῆς
1306 2863 1470 2919 αὑτοῦ
1520 2865 1789 2932 παναγίας

222 2957 427 3032 σαρκὸς
447 2960 503 3012 ἐν
538 2962 649 3023 τοῖς
696 2957 966 3027 θαύμασιν
989 2952 1344 3024 οἰκονομικῶς
1370 2953 1786 3024 ὲκφαινομένην·

1896 502 2083 543 eorum
2123 503 2245 558 quae
2296 499 2424 544 sunt
2453 503 2617 559 supra
2653 505 2897 559 sensum,
2930 491 2983 545 in
3019 492 3135 562 ipsa
3164 493 3325 549 simul
3379 511 3469 550 sa-

1896 579 2058 634 lutari
2112 580 2484 636 incarnatione
2545 581 2764 636 deitatis
2813 597 2927 637 suae
3001 594 3261 653 coaptans
3311 586 3463 640 carni

1896 671 2290 740 operationem,
2329 687 2437 726 non
2465 673 2936 744 circumscriptam
2981 691 3044 729 ea
3089 687 3309 746 propter
3333 692 3465 732 eva-

1895 760 2227 825 cuationem,
2264 776 2361 815 nec
2401 762 2543 817 sicut
2577 778 2642 817 ex
2677 763 2877 819 deitate
2906 780 3027 826 sua.
3068 766 3140 820 ita
3170 776 3224 822 et
3251 784 3316 822 ex
3344 771 3465 838 ipsa

1895 846 2213 901 naturaliter
2245 855 2503 915 enatam;
2529 849 2623 904 sed
2656 849 2709 905 in
2759 851 3178 924 quibuscunque
3214 856 3466 911 incarna-

1897 945 1985 991 tus
2015 937 2205 993 deiﬁce
2234 950 2492 1008 operatus
2519 951 2620 1008 est,
2644 958 2740 1012 per
2768 944 2939 1013 ipsam
2964 945 3314 1003 declaratam.
3345 949 3467 1006 Non

1894 1030 2039 1083 enim
2081 1044 2211 1085 caro
2235 1031 2374 1087 facta
2431 1041 2514 1088 est
2566 1050 2662 1105 per
2696 1045 2944 1092 naturam
2980 1039 3160 1095 deitas
3203 1042 3467 1098 translata

1894 1130 2088 1177 natura
2109 1164 2124 1186 ,
2166 1121 2308 1177 facta
2337 1124 2587 1179 videlicet
2615 1127 2914 1182 secundum
2963 1139 3211 1184 naturam
3247 1132 3465 1189 deitatis

1894 1226 2055 1265 caro:
2088 1214 2181 1266 sed
2219 1214 2363 1283 quod
2393 1224 2510 1269 erat
2538 1216 2703 1270 etiam
2743 1218 2929 1273 deitati
2964 1230 3212 1290 coaptata
3239 1225 3462 1291 mansit,

1894 1301 1946 1356 id
1981 1311 2065 1358 est
2112 1318 2240 1358 caro
2290 1304 2505 1359 infirma
2559 1316 2615 1361 et
2654 1309 2934 1377 passibilis
2968 1319 3162 1364 natura
3195 1320 3247 1365 et
3267 1327 3469 1381 opera-

1894 1394 2073 1461 tione;
2097 1396 2555 1464 quemadmodum
2592 1398 2843 1454 Salvator
2877 1401 2992 1455 ait:
3030 1420 3049 1452 ι
3089 1400 3326 1471 Spiritus
3348 1408 3469 1473 qui-

1893 1485 2012 1539 dem
2041 1498 2358 1555 promptus;
2388 1503 2516 1541 caro
2561 1498 2742 1542 autem
2790 1489 3005 1544 inlirma
3033 1492 3118 1546 3':
3161 1511 3178 1543 ι
3244 1494 3296 1546 in
3353 1510 3468 1564 qua

1893 1585 2150 1645 operatus
2180 1586 2234 1631 et
2263 1593 2458 1645 passus
2508 1592 2631 1649 quae
2674 1592 2829 1635 erant
2861 1584 3044 1637 carnis
3088 1583 3296 1653 absque
3327 1600 3461 1655 pec-

1894 1677 2039 1726 cato.
2068 1667 2486 1723 exinanitionem
2517 1684 2618 1741 pro
2656 1670 2815 1726 uobis
2846 1672 3104 1726 indicavit
3132 1673 3459 1741 divinitatis,
3528 1662 3544 1675 ’

1892 1760 2171 1816 miraculis
2203 1770 2257 1816 et
2307 1762 2489 1816 carnis
2537 1762 2887 1831 passionibus
2930 1764 3249 1819 naturaliter
3281 1767 3454 1822 robo-

1892 1861 2087 1906 ratam.
2116 1851 2343 1922 Propter
2372 1853 2477 1918 hoc
2522 1855 2668 1909 enim
2712 1853 2890 1910 factus
2912 1864 2997 1910 est
3045 1858 3208 1912 homo
3244 1859 3464 1915 univer-

1890 1958 2078 1997 sorum
2117 1942 2281 2009 Deus,
2341 1950 2402 1998 ut
2462 1961 2624 1999 carne
2661 1945 2880 2015 quidem
2942 1945 3189 2017 passibili
3222 1949 3458 2020 patiens,

1892 2045 2061 2091 totum
2106 2046 2355 2092 nostrum
2408 2038 2571 2093 morti
2614 2027 2889 2094 venditn‘m
2935 2043 3227 2099 redimeret
3248 2061 3459 2114 genus:

1891 2128 2211 2198 impassibili
2263 2143 2393 2184 vero
2448 2128 2647 2186 deitate
2713 2146 2811 2201 per
2863 2136 3101 2189 carnem‘
3142 2137 3465 2194 mirabiliter

1890 2236 2142 2290 aperaus,
2175 2222 2240 2277 ad
2264 2221 2628 2279 immortalem
2662 2223 2796 2279 illud
2840 2234 2892 2279 et
2929 2226 3141 2282 beatam
3178 2230 3462 2287 reduceret

1888 2313 2081 2378 vitam,
2109 2314 2176 2369 de
2195 2331 2303 2384 qua
2331 2315 2602 2371 ceciderat
2629 2316 2848 2371 diabolo
2874 2333 3071 2388 parens
3097 2336 3112 2385 ;
3149 2329 3311 2390 atque
3343 2339 3465 2379 san.

1889 2415 2007 2462 ctos
2041 2406 2484 2462 intellectualium
2525 2409 2952 2463 substantiamm
2980 2410 3101 2466 caeli
3145 2412 3365 2470 ordines
3392 2415 3463 2469 ad

1890 2498 2454 2553 inconvertibilitatem
2490 2500 2751 2570 mysterio
2782 2514 2897 2555 suae
2920 2502 3186 2556 stabiliret
3218 2503 3464 2573 incorpo-

1890 2590 2138 2645 rationis.
2165 2590 2336 2660 Cujus
2392 2606 2531 2661 opus
2562 2592 2806 2647 omnium
2836 2593 2914 2647 in-
2933 2609 3057 2648 eum
3083 2595 3467 2664 recapitulatio

1888 2693 1989 2738 est.
2032 2682 2230 2737 Mansit
2260 2699 2389 2752 ergo
2438 2684 2600 2738 etiam
2656 2686 2974 2742 incarnatus
3023 2689 3323 2742 secundum
3359 2705 3463 2744 na-

1890 2784 2073 2829 turam
2111 2774 2251 2829 Deus
2281 2776 2773 2846 superimmensus.
2817 2779 2921 2834 sibi
2952 2788 3237 2850 cognatam
3261 2791 3315 2836 et
3332 2796 3467 2837 con-

1887 2867 2191 2923 venientem
2215 2868 2420 2923 habens
2447 2869 2819 2939 operationem
2849 2887 2863 2923 :
2897 2884 2966 2924 ex
3001 2869 3204 2925 deitste
3235 2870 3459 2940 quidem

1891 2958 2320 3016 substantialiter
2352 2968 2572 3028 natam;
2612 2975 2710 3031 per
2730 2960 3137 3018 sanctissimam
3168 2977 3299 3018 vero
3339 2979 3461 3019 car-

225 3052 313 3107 ῐνα
341 3050 604 3122 πιστευθῇ
656 3050 788 3114 Θεὸς
819 3043 978 3111 εἶναι,
1006 3046 1073 3099 δι’
1109 3044 1368 3110 ἀσθενοῦς
1393 3045 1554 3117 φύσει
1586 3045 1787 3120 σαρκὸς

1894 3066 2011 3106 nem
2041 3051 2097 3104 in
2127 3049 2407 3106 miraculis
2434 3050 2832 3120 dispensatorie
2859 3052 3221 3120 declaratam;
3250 3064 3310 3110 ut
3341 3070 3465 3110 cre-

222 3141 541 3215 αὒτουργῶν
570 3141 667 3212 τὴν
700 3138 793 3193 τοῦ
820 3136 1018 3200 παντὸς
1042 3134 1341 3208 ’σωτηρίαν.

440 3359 550 3415 Τοῦ
584 3357 790 3422 αὑτοῦ,
821 3356 890 3411 ἐκ
911 3355 1018 3410 τοῦ
1040 3355 1225 3410 αὑτοῦ
1256 3356 1463 3426 λόγου.
1506 3363 1577 3425 γ’.

290 3471 473 3541 Κάμοὶ
509 3468 641 3540 γὰρ,
676 3468 765 3521 ἴνα
814 3465 1078 3538 τρανώσω
1133 3464 1535 3537 παραδείγματι
1563 3466 1625 3520 τὸ
1660 3470 1789 3541 περὶ

223 3563 475 3635 Σωτῆρος
505 3561 714 3633 λεχθὲν,
746 3562 775 3613 ό
798 3559 1024 3630 φυσικός
1056 3575 1156 3629 μου
1195 3557 1353 3626 λόγος
1381 3560 1645 3630 συγγενής
1672 3560 1788 3614 ἐστι

222 3656 317 3711 καὶ
355 3653 693 3725 κατάλληλος
737 3651 849 3705 sm
892 3647 1097 3719 λογικῷ
1122 3665 1182 3702 τε
1216 3648 1310 3702 καὶ
1341 3648 1511 3720 νοερῷ
1536 3649 1636 3721 τὴν
1686 3650 1788 3719 ψυ-

223 3749 343 3819 χήν·
374 3742 446 3819 ἦς
493 3744 635 3800 κατὰ
662 3742 822 3813 φύσιν
872 3743 1018 3795 ἐστὶν
1066 3739 1415 3812 αὐτοκίνητος
1455 3741 1703 3813 ἐνέργειά
1726 3760 1786 3796 τε

224 3835 318 3890 καὶ
342 3833 533 3907 πρώτη
564 3833 811 3903 δύναμις,
840 3831 1164 3903 ἀεικίνητος,
1187 3832 1216 3885 ό
1241 3830 1398 3900 λόγος
1425 3831 1786 3911 φυσικῶςίαὺ-

225 3928 322 3997 τῆς
349 3926 746 3998 πηγαζόμενος.
779 3926 875 3978 ’ον
929 3924 1234 3996 ρηματίσας
1277 3941 1338 3976 τε
1376 3924 1471 3978 καὶ
1502 3928 1788 3996 γραμμαῖς

225 4017 281 4074 εὖ
310 4019 575 4092 χαράξας,
627 4017 845 4089 γλώσσῃ
881 4017 977 4088 μὲν
1001 4015 1324 4089 ὀργανικῶς,
1357 4017 1445 4069 ὅτε
1502 4016 1607 4087 χρὴ
1652 4034 1787 4089 προ-

227 4112 392 4184 φέρω,
422 4112 517 4165 καὶ
548 4111 837 4183 γράμμασι
869 4109 1130 4181 τεχνικῶς
1156 4107 1243 4161 διὰ
1263 4108 1370 4162 τῶν
1393 4108 1657 4181 ἀνομοίων
1690 4109 1787 4181 μὲν

226 4203 537 4275 ὑπάρχοντα
586 4202 700 4273 (50)
727 4202 819 4256 καὶ
844 4201 932 4255 διὰ
957 4200 1065 4254 τῶν
1093 4200 1358 4271 ἀνομοίων
1402 4200 1477 4272 μὴ
1513 4201 1788 4272 τραπέντα

226 4298 436 4360 δεικνὺς
487 4296 650 4350 αὐτὸν
706 4294 1112 4365 ἐξακουόμενον.
1149 4294 1222 4345 Οὐ
1265 4292 1374 4365 γὰρ
1403 4292 1652 4364 γλώσσης
1696 4294 1788 4346 καὶ

1889 3145 2050 3223 datur
2078 3145 2217 3203 Deus
2266 3162 2407 3214 esse,
2438 3162 2535 3216 per
2561 3145 2834 3200 infirmam
2881 3155 3074 3202 natura
3116 3162 3335 3203 carnem
3365 3163 3463 3219 per

1890 3251 1950 3292 se
1980 3251 2215 3307 operans
2258 3238 2628 3295 universitatis
2653 3236 2908 3293 salutem.

2166 3349 2439 3417 Eiusdem,
2466 3366 2531 3405 ea:
2559 3350 2738 3405 eodem
2762 3366 3017 3406 sermone.
3059 3349 3180 3406 111.

1957 3460 2046 3517 Ill.
2097 3461 2312 3519 Etenim
2364 3472 2418 3519 et
2449 3464 2606 3530 mihi,
2664 3471 2724 3518 ut
2767 3464 3140 3533 paradigmate
3194 3463 3342 3534 quod
3388 3462 3459 3519 de

1889 3553 2171 3611 Salvatore
2223 3555 2429 3610 dictum
2487 3563 2572 3610 est
2624 3555 2947 3625 exprimam,
2978 3554 3244 3609 naturalis
3281 3568 3464 3610 sermo

1887 3660 2041 3699 meus
2067 3653 2332 3714 cognatus
2367 3650 2452 3697 est
2509 3651 2564 3697 et
2600 3650 2937 3712 competens,
2973 3656 3096 3695 cum
3134 3642 3254 3701 .sim
3286 3639 3458 3695 ratio-

1886 3737 2029 3792 nalis
2075 3746 2130 3792 et
2163 3735 2540 3802 intellectualis
2576 3735 2788 3799 anima;
2829 3733 2985 3802 cujus
3024 3733 3322 3788 secundum
3357 3746 3459 3785 na-

1888 3837 2068 3883 turam
2102 3801 2188 3881 est
2219 3840 2249 3879 a
2277 3840 2336 3879 se
2383 3824 2602 3879 mobilis
2631 3801 2907 3892 Operatio,
2937 3837 3002 3877 ac
3047 3823 3223 3891 prima
3254 3822 3455 3887 virtus,

1889 3934 2103 3989 semper
2127 3916 2364 3984 mobilis,
2401 3931 2581 3972 sermo
2604 3914 2922 3969 naturaliter
2949 3928 3015 3968 ex
3056 3927 3119 3967 ea
3154 3912 3455 3982 profluens.

1890 4013 2063 4082 Quem
2101 4012 2283 4068 verbis
2317 4010 2608 4081 prolatum,
2639 4016 2693 4063 et
2720 4007 2878 4062 lineis
2928 4013 3234 4068 exaratum,
3269 4005 3456 4076 lingua

1887 4107 2107 4179 quidem
2138 4104 2395 4175 organice
2426 4118 2549 4158 cum
2598 4110 2809 4171 oportet
2859 4099 3123 4171 produco,
3172 4108 3225 4153 et
3264 4098 3461 4153 litteris

1889 4198 2184 4256 artiﬁciose
2211 4196 2285 4268 (θ)
2338 4210 2441 4267 ρει-ι
2469 4192 2816 4249 indissimilia
2846 4207 2957 4247 non
2994 4190 3371 4254 exsistentem,
3404 4201 3460 4244 et

1888 4288 2248 4346 dissimilibus
2276 4301 2382 4342 non
2435 4284 2729 4357 fugientem
2776 4286 3070 4342 ostendens
3102 4300 3227 4341 eum
3260 4285 3461 4340 subau-

227 4392 564 4463 γραμμάτων
590 4392 619 4444 ὁ
651 4388 874 4459 φυσικός
898 4405 997 4459 μου
1023 4385 1177 4455 λόγος
1207 4386 1340 4447 ἐστὶ,
1371 4386 1473 4439 κᾶν
1515 4384 1582 4438 δι’
1610 4384 1786 4440 αὐτῶν

1894 4381 2085 4437 ditum.
2137 4376 2257 4433 Non
2297 4377 2442 4432 enim
2482 4377 2682 4448 linguae
2722 4392 2787 4432 ac
2840 4377 3142 4432 litterarum
3192 4377 3460 4431 naturalis

226 4482 386 4537 αὑτοῦ
438 4480 697 4553 ποιοῦμαι
743 4480 843 4552 τὴν
871 4476 1167 4551 προφορὰν·
1202 4475 1315 4529 ἀλλ’
1354 4475 1490 4546 ¹ὲμοῦ
1519 4475 1611 4529 τοῦ
1642 4476 1783 4531 κατά

226 4575 383 4644 ῳύσιν
442 4572 750 4636 λαλοῦντος,
806 4570 901 4625 καὶ
954 4569 1019 4623 δι’
1052 4569 1252 4639 ἀμφοῖν
1312 4566 1473 4620 αὐτὸν
1519 4566 1595 4631 ὼς
1650 4567 1783 4637 ἐμὸν

1889 4487 2068 4530 sermo
2092 4485 2246 4526 meus
2275 4480 2378 4534 est,
2428 4469 2552 4524 licet
2581 4484 2678 4539 per
2705 4484 2800 4525 cas
2836 4469 3007 4540 ipsius
3040 4468 3302 4526 faciamus
3325 4483 3460 4541 pro-

1891 4563 2327 4629 nuntiationem;
2359 4560 2454 4617 sed
2503 4577 2679 4626 meus,
2715 4559 2841 4631 quia
2875 4562 3173 4617 secundum
3207 4571 3460 4617 naturam

223 4665 590 4735 ἐκφωνοῦντος
608 4680 622 4694 °
649 4664 747 4734 τῆς
773 4661 871 4732 μὲν
894 4659 1084 4731 νοερᾶς
1117 4675 1218 4729 μου
1239 4656 1417 4729 ψυχῆς
1441 4658 1681 4726 φυσικῶς
1707 4659 1788 4711 ἀεὶ

1901 4658 2120 4727 loquor,
2142 4664 2196 4709 et
2219 4668 2316 4723 per
2348 4661 2608 4723 utrasque
2634 4654 2785 4708 illum
2819 4661 2880 4707 ut
2909 4668 3092 4708 meum
3126 4653 3417 4724 pronuntio
3440 4670 3461 4708 :

289 4785 337 4817 ⁸³
377 4784 569 4839 Hatth.
604 4796 753 4839 χιιι.
783 4780 872 4836 42.

291 4879 406 4952 (ﬂ)
446 4876 891 4952 Exemplis-nr.
914 4894 933 4928 ι
957 4874 1237 4952 Enatam.»
1276 4871 1413 4929 Male
1453 4873 1608 4941 edit.,
1647 4892 1666 4927 ι
1689 4890 1784 4931 co-

1894 4891 2127 4952 pres.__—
2149 4871 2307 4952 Forte
2341 4871 2447 4941 leg.
2480 4869 2826 4942 πειθόμενον,
2860 4880 2918 4927 ιιι
2951 4870 3019 4927 ad
3052 4871 3210 4942 γένος
3257 4869 3461 4927 refera-

224 4946 440 5021 gnatam
467 4952 484 5018 (
507 4946 578 5005 al.
610 4946 956 5017 cognitam)»
983 4946 1218 5002 COIBEF.

233 5092 258 5098 Δ
292 5021 405 5098 (25)
428 5018 734 5098 Μξμέιηπκε
781 5016 1111 5098 τῆρ’-φύσιν
1157 5013 1254 5098 καὶ
1303 5012 1417 5082 τὴν
1449 5012 1779 5098 fréprerqr:

223 5088 459 5149 omnino
491 5088 775 5160 legendum
823 5088 1395 5160 videtttr,_pepévnxsu

219 5160 450 5232 ἀσθενὴς
503 5154 596 5215 κᾶι
639 5158 851 5230 παθητὴ
883 5158 980 5229 τὴν
1010 5154 1174 5227 φύσιν
1196 5154 1291 5207 καὶ
1343 5154 1439 5226 τὴν
1470 5154 1780 5226 ἐνέργειαν.

222 5234 555 5287 Cspreuonu.

264 5302 403 5378 (26)
434 5301 508 5378 Id
671 5298 1021 5378 gramm.»
1068 5314 1121 5350 τ.
1145 5298 1215 5378 ..1.
1236 5293 1512 5378 ‘Spiritus,
1544 5295 1607 5375 τὸ
1656 5313 1784 5367 νοη-

217 5365 309 5428 τόν
336 5365 396 5426 in
423 5365 664 5431 Christo.
719 5365 839 5438 ipsa
876 5369 1078 5435 deitas;
1115 5366 1193 5421 sic
1222 5365 1424 5420 Athan.
1455 5371 1599 5432 etc.';
1630 5365 1781 5434 caro,

217 5445 277 5499 τὸ
307 5441 602 5517 ὁρώμενον.
628 5439 913 5517 Costsm'ts.
1056 5506 1095 5517 ⁸
1165 5508 1179 5517 ι
1275 5508 1284 5517 _

291 5506 438 5585 (επ
492 5509 911 5566 Ἐπιστώσατο.
982 5528 1002 5561 ι
1056 5506 1354 5574 Probavit,
1424 5508 1716 5578 persuasit.
1756 5525 1777 5560 ι

221 5584 537 5729 Βλὲἒλτῌς
561 5693 576 5708 .
601 5692 615 5705 .
642 5692 656 5705 .
689 5653 1049 5729 πειθόμενος.
1081 5647 1206 5703 Περι)
1236 5648 1288 5702 in
1322 5646 1473 5701 editt.
1501 5646 1779 5729 Sirmond.

219 5736 271 5780 ct
324 5725 537 5779 Fabric.
597 5725 735 5778 male
778 5724 1272 5790 omittuntur,qua
1332 5724 1576 5787 agnoscit
1608 5724 1780 5772 inter-

1445 5085 1611 5155 ’ἤγουν
1646 5084 1797 5155 σὰρξ

1882 4942 1992 5001 tur.
2026 4944 2186 4999 Eon“.
2219 4942 2465 4999 ΡΑτιιοι..

1957 5058 2087 5130 (29)
2127 5056 2237 5130 Καὶ
2281 5054 2352 5108 τὰ
2392 5056 2853 5130 κατὀὐρανούς.
2916 5053 3079 5130 Atqui
3111 5052 3288 5130 angeli
3332 5060 3464 5130 ante

1885 5124 2091 5184 Christi
2130 5128 2625 5197 incorporationern
2659 5127 2874 5197 alioque
2904 5127 3094 5197 ordine
3126 5124 3456 5197 continuati.

1885 5200 2125 5254 Coussr.
2153 5226 2221 5237 —
2266 5196 2591 5266 Respexisse
2635 5194 2852 5251 videtur
2901 5195 2959 5250 S.
2995 5195 3268 5266 Patcrﬂad
3320 5194 3454 5249 illud

1888 5267 2088 5338 Ephes.
2125 5267 2257 5333 1,10
2293 5285 2307 5322 :
2351 5265 2452 5321 rln
2497 5267 2907 5338 dispensatione
2939 5265 3289 5338 plenitudinis
3316 5276 3456 5319 tem-

1888 5335 2109 5464 porum,
2141 5341 2446 5393 instaurare
2478 5335 2662 5392 omnia
2718 5339 2773 5391 in
2819 5335 3058 5401 Christo,
3090 5350 3214 5405 quae
3259 5335 3315 5389 in
3346 5350 3454 5391 εω-

1910 5412 1977 5464 is.
2009 5418 2064 5464 et
2092 5424 2214 5464 uuae
2246 5409 2298 5461 in
2324 5417 2466 5463 terra
2494 5418 2643 5464 sunt.
2671 5408 2725 5462 in
2760 5409 2930 5464 ipso.»

1910 5412 1977 5470 is.
2009 5418 2064 5464 et
2092 5424 2214 5478 quae
2246 5409 2298 5461 in
2324 5417 2466 5463 terra
2494 5418 2643 5473 sunt,
2671 5408 2725 5462 in
2760 5409 2930 5476 ipso.»

1961 5501 2069 5573 (ὄρ)
2091 5498 2218 5553 Μὲν
2238 5499 2604 5573 ὑπάρχοντα.
2633 5498 2957 5553 Anastasius
2976 5496 3103 5573 legit
3118 5497 3212 5569 μή.
3233 5495 3299 5550 Ει
3327 5512 3447 5573 mox

1889 5567 2171 5640 ποιοῦμεν.
2212 5637 2221 5640 _
2259 5567 2617 5624 Cornlietisius
2697 5578 2875 5640 tamen
2948 5567 3127 5623 edidit
3180 5567 3456 5640 ’ποιουμέτ

1887 5659 1980 5695 νου
2001 5635 2285 5712 ςυίιιυοίιιι
2313 5641 2701 5712 interpretatur
2725 5655 2739 5691 :
2773 5657 2791 5690 ι
2819 5639 2945 5695 licet
2973 5654 3070 5710 per
3091 5635 3457 5712 eas(litteras)

1893 5712 2071 5781 ipsum
2103 5711 2452 5782 (sermonem)
2482 5709 2751 5780 ριοίυιο.»
2777 5760 2781 5764 .
