3852 6208
329 224 438 280 835

980 221 1037 277 S.
1082 216 1451 276 BlPPOLYTI
1492 216 1640 272 OPP.
1681 215 1863 272 PARS
1904 215 1969 271 ll.
2012 248 2079 256 —
2117 215 2421 273 DOGMAT.
2461 214 2550 271 ET
2585 214 2923 273 HISTORIC.

3427 138 3455 165 Δ

3478 215 3596 270 855

330 343 402 397 ιι)
438 338 786 397 intellectuali
827 337 1044 408 quidem
1086 337 1268 393 anima
1298 351 1419 390 mea
1450 348 1665 404 semper
1695 343 1909 388 natura-

2023 335 2409 407 πηγαζόμενον·
2446 333 2534 387 διὰ
2587 332 2643 387 δὲ
2681 332 2781 404 τῆς
2808 331 3127 403 σωματικῆς
3180 347 3279 402 μου
3334 327 3595 400 γλώσσης

328 435 455 490 liter
518 433 821 488 derivatum
852 473 868 500 ,
922 449 1019 503 per
1074 431 1412 502 corporalem
1470 443 1600 484 vero
1666 427 1909 498 linguam

332 542 508 582 meam
536 526 818 595 organice,
855 534 915 581 ut
960 526 1097 590 dixi,
1129 540 1253 580 cum
1286 529 1519 594 oportet,
1561 522 1908 592 productum.

333 617 491 674 Sicut
515 632 646 687 ergo
696 616 751 670 in
782 617 962 679 nobis,
992 628 1258 686 quantum
1310 615 1372 689 (ι)
1416 616 1685 671 aestimare
1717 633 1914 687 possu—

330 726 457 765 mus
486 708 635 780 quod
685 710 862 765 modis
905 710 1164 765 omnibus
1222 720 1308 766 est
1364 710 1763 777 inmstimabile,
1818 726 1914 781 per

330 798 668 868 corporalem
698 798 940 871 linguam
968 809 1208 854 nostram
1244 801 1752 864 inconvertibiliter,
1789 817 1912 872 qua:

332 892 636 946 secundum
670 902 922 946 naturam
950 901 1056 959 est,
1100 894 1295 948 anima:
1332 893 1674 949 rationabilis
1709 894 1915 964 produ-

332 985 475 1039 citur
499 984 709 1038 virtus:
763 984 837 1039 ita
876 984 1023 1039 etin
1073 986 1309 1055 gloriosa
1366 984 1462 1042 Dei
1511 987 1911 1053 incarnatione,

332 1090 430 1145 per
459 1074 862 1130 sanctissimam
919 1090 1139 1132 carnem
1198 1094 1355 1133 suam
1404 1079 1459 1134 in
1488 1080 1914 1151 quibuscunque

331 1165 513 1219 divine
535 1174 878 1235 operaretur,
925 1166 1044 1221 sine
1082 1168 1542 1223 convertibilitale
1570 1170 1916 1239 omnipoten-

331 1256 449 1311 tiva
478 1263 532 1310 et
582 1263 903 1310 cunctorum
934 1256 1156 1317 factiva.
1190 1257 1362 1312 totius
1420 1256 1641 1312 deitatis
1671 1258 1915 1326 operatio

333 1349 780 1410 monstrabatur,
840 1350 1045 1419 absque
1086 1350 1236 1404 omni
1298 1348 1605 1405 secundum
1660 1361 1914 1404 naturam

333 1440 840 1510 circumscriptione
891 1457 1237 1511 permanens,
1271 1441 1348 1514 (κ)
1393 1443 1519 1497 licet
1545 1459 1643 1514 per
1693 1458 1913 1498 carnem

333 1531 563 1603 fulgeret
595 1541 788 1586 natura
820 1533 1209 1588 circumlinita.
1240 1532 1359 1589 Non
1393 1535 1537 1590 enim
1570 1534 1917 1591 circumscri-

334 1624 480 1678 hitur
503 1623 706 1679 t‘actitia
731 1637 925 1685 natura
954 1626 1096 1696 quod
1116 1627 1415 1681 secundum
1435 1634 1686 1682 naturam
1711 1626 1915 1682 factum

335 1732 446 1770 non
481 1727 584 1783 est,
610 1717 737 1772 licet
759 1717 834 1788 (λ)
859 1719 1136 1772 cooriatur
1162 1719 1212 1772 ei
1236 1734 1331 1789 per
1357 1719 1771 1789 conceptionem
1800 1735 1913 1775 om-

335 1824 461 1862 nem
512 1825 734 1865 sensum
770 1810 1309 1866 eircumscribentem
1338 1828 1353 1875 ;
1413 1809 1499 1882 (μ)
1533 1826 1635 1867 nec
1660 1811 1825 1867 etiam
1858 1812 1915 1866 in

334 1901 524 1956 eodem
584 1902 702 1972 ipso
736 1901 841 1956 sibi
887 1911 1083 1957 natura
1130 1901 1380 1957 diﬂ'ertur
1413 1903 1708 1974 aliquando
1738 1914 1792 1959 et
1824 1918 1918 1957 na-

333 1992 528 2047 turalis
563 1992 831 2061 operatio,
876 1993 1052 2048 donec
1104 2003 1396 2062 utrumque
1445 1994 1589 2049 intra
1639 1995 1911 2066 propriam

336 2094 520 2138 manet
552 2085 852 2140 naturalem
900 2085 1489 2144 inconvertibilitatem.
1529 2087 1602 2161 (ν)
1634 2088 1912 2144 Connatu-

335 2176 535 2229 ralium
563 2177 708 2230 enim
744 2184 955 2231 tantum
985 2192 1079 2247 per
1107 2193 1166 2233 se
1197 2194 1429 2249 operans
1454 2190 1538 2235 est
1565 2190 1768 2247 motus,
1801 2196 1935 2235 ma»

2013 427 2336 499 ὀργανικῶς,
2373 426 2448 490 ὡς
2475 425 2630 497 ἔφην,
2653 427 2741 479 ὅτε
2784 425 2888 497 χρὴ
2922 423 3343 495 προφερόμενον.
3376 423 3594 494 Ὠσπερ

2013 515 2107 572 οῦν
2140 518 2251 590 (51)
2282 520 2364 587 ἐφ’
2392 517 2568 590 ήμῶν,
2604 518 2727 570 ὅσον
2773 516 2991 570 εἰκάσαι
3039 516 3100 568 τὸ
3129 513 3404 579 παντελῶς
3436 511 3592 568 ἀνεῖ-

2015 621 2235 671 καστον,
2259 604 2346 659 διὰ
2365 606 2464 678 τῆς
2496 605 2815 677 σωματικῆς
2843 604 3001 675 ἡμῶν
3029 602 3276 675 γλώσσης
3298 604 3595 677 ἀτρέπτως

2013 704 2047 773 ἡ
2078 701 2219 755 κατά
2258 700 2418 771 φύσιν
2467 701 2568 771 τῆς
2599 700 2777 772 ψυχῆς
2820 698 3011 771 λογικὴ
3061 698 3392 772 προφέρεται
3430 696 3596 752 δύνα-

2019 813 2127 868 μις
2164 794 2305 850 οὕτω
2334 795 2427 848 καὶ
2478 793 2570 846 ἐπὶ
2616 792 2716 863 τῆς
2746 791 3060 864 ὑπερφυοῦς
3095 791 3190 845 τοῦ
3218 790 3354 845 Θεοῦ
3409 808 3597 862 σωμαο

2013 887 2254 951 τώσεως,
2289 885 2378 940 διά
2405 886 2505 956 τῆς
2550 884 2713 940 αὑτοῦ
2763 885 3034 954 παναγίας
3068 884 3290 956 σαρκὸς,
3327 885 3385 936 ὲν
3414 879 3496 947 οἷς
3520 879 3595 937 ἂν

2016 978 2214 1042 θεῖκῶς
2260 978 2552 1050 ἐνήργησε,
2601 972 2723 1049 δίχα
2783 977 3052 1051 τροπῆςὴ
3092 976 3591 1049 παντοκρατορικὴ,

2015 1072 2110 1125 καὶ
2141 1070 2248 1124 τῶν
2273 1070 2408 1124 ὅλων
2446 1069 2700 1142 ποιητικὴ
2729 1069 2828 1140 τῆς
2877 1068 3006 1141 ὅλης
3050 1067 3301 1139 θεότητος
3338 1066 3596 1137 ἐνέργεια

2015 1160 2374 1217 διαδείκνυται
2431 1158 2565 1234 (32),
2624 1163 2804 1234 πάσης
2860 1161 3014 1225 ἐκτὸς
3046 1159 3188 1216 κατὰ
3237 1159 3398 1230 φύσιν
3432 1177 3597 1232 περιέ

2016 1256 2235 1326 γραφῆς
2257 1254 2606 1327 διαμένουσα,
2632 1253 2736 1308 κᾶν
2769 1253 2857 1307 διὰ
2897 1253 3100 1326 σαρκὸς
3124 1250 3390 1325 διέλαμψε
3421 1252 3591 1322 φύσει

2017 1349 2443 1421 πεπερασμένης
2475 1350 2611 1422 (55).
2654 1350 2729 1403 Οὐ
2760 1348 2869 1419 γὰρ
2908 1348 3119 1417 πέφυκε
3148 1345 3594 1419 περιγράφεσθαι

2016 1444 2216 1529 γενητῇ
2248 1442 2407 1512 φύσει
2441 1441 2502 1496 τὸ
2560 1441 2705 1497 κατὰ
2738 1440 2898 1511 φύσιν
2927 1441 3207 1510 ἀγένητον
3254 1439 3355 1493 κᾶν
3386 1439 3593 1509 συνέφυ

2019 1535 2168 1606 αὑτῷ
2218 1535 2360 1589 κατὰ
2421 1532 2681 1606 σύλληψιν
2729 1534 2907 1587 πάντα
2943 1532 3385 1603 περιγράφουσαν
3437 1530 3589 1585 νοῦν·

2018 1628 2140 1689 οὔτε
2168 1630 2272 1700 μὴν
2311 1630 2389 1692 είς
2436 1629 2483 1680 τ’
2506 1626 2667 1681 αὐτὸν
2725 1624 2873 1696 αὐτῷ
2926 1622 3188 1695 φέρεσθαι
3219 1622 3327 1693 (54)
3374 1621 3595 1692 φύσεώς

2017 1739 2145 1775 ποτε
2171 1722 2266 1775 καὶ
2298 1721 2531 1793 φυσικῆς
2581 1718 2883 1793 ἐνεργείας,
2934 1717 3039 1782 ἓως
3088 1716 3154 1771 ἂν
3199 1716 3456 1787 ἑκάτερον
3486 1714 3595 1786 τῆς

2020 1814 2156 1877 ιδίας
2186 1812 2338 1876 ἐντὸς
2370 1813 2521 1884 μένει
2563 1811 2798 1883 φυσικῆς
2827 1811 3110 1883 ἀτρεψίας.
3167 1809 3449 1880 Ὀμοφυῶν
3477 1809 3594 1882 γὰρ

2019 1907 2194 1978 μόνων
2246 1907 2280 1976 ἡ
2313 1904 2641 1976 ταυτουργός
2685 1905 2801 1957 ἐστι
2853 1903 3068 1976 κίνησις
3125 1903 3460 1975 σημαίνουσα
3488 1902 3592 1971 τὴν

2016 1998 2226 2061 οὐσίαν,
2275 1993 2344 2070 ἦς
2391 1995 2593 2067 φυσικὴ
2650 1994 2958 2067 καθέστηκε
2989 1994 3236 2066 δύναμις,
3263 1996 3590 2067 ἐτεροφυοῦς

2022 2089 2278 2161 ἰδιότητος
2299 2090 2486 2153 οὐσίας
2508 2085 2647 2143 εἶναι
2699 2087 2821 2143 κατ’
2845 2087 3035 2142 οὐδένα
3061 2087 3238 2160 λόγον,
3265 2089 3299 2161 ἢ
3335 2088 3588 2159 γενέσθαι

2018 2181 2141 2252 δίχα
2162 2182 2369 2254 τροπῆς
2390 2181 2711 2253 δυναμένην.

338 2268 607 2326 nifcslans
672 2272 1069 2338 substantiam,
1121 2273 1281 2342 cujus
1311 2277 1613 2330 naturalem
1642 2285 1857 2341 constat
1900 2291 2023 2331 esse
2052 2279 2334 2344 virtutem;
2368 2277 2597 2332 diversm
2651 2286 2862 2330 naturte
2892 2275 3240 2346 proprietatis
3287 2273 3593 2330 suhStantia

336 2368 482 2422 nulla
517 2368 726 2423 ratione
742 2384 863 2424 esse
888 2369 968 2423 vel
1002 2368 1117 2424 fieri
1149 2370 1267 2425 sine
1296 2371 1752 2427 convcrtibilitate
1775 2372 2006 2428 valente.

622 2488 897 2560 Ejusdem,
924 2507 989 2545 eat
1013 2490 1194 2545 eodem
1230 2509 1489 2547 sermone.
1523 2491 1550 2546 Ι
1568 2492 1628 2547 γ.

408 2602 496 2659 IV.
525 2602 844 2677 Mysterium
884 2620 1123 2674 namque
1154 2605 1351 2660 divinae
1379 2606 1770 2663 incarnationis
1791 2622 1918 2678 apo-
1970 2664 1973 2669 ,

337 2698 494 2753 stolis
532 2709 586 2754 et
610 2700 894 2769 prophetis
923 2708 1090 2771 atque
1127 2700 1444 2755 doctoribus
1490 2700 1708 2770 duplam
1730 2717 1807 2781 ac
1838 2701 1916 2756 di-

338 2805 554 2845 versam
613 2790 667 2845 iu
726 2791 982 2847 omnibus
1033 2790 1234 2846 habere
1291 2791 1597 2845 naturalem
1645 2792 1914 2847 theoriam

2235 2494 2345 2549 Τοῦ
2373 2492 2580 2557 αὐτοῦ,
2612 2490 2681 2545 ἐκ
2726 2486 2834 2546 τοῦ
2855 2490 3043 2546 αὑτοῦ
3085 2492 3293 2561 λόγου.
3315 2490 3378 2544 δ’.

2089 2610 2165 2664 Τὸ
2185 2609 2295 2682 γὰρ
2340 2607 2634 2681 μυστήριον
2673 2605 2775 2676 τῆς
2806 2603 2952 2668 θείας
2982 2603 3329 2673 σαρκώσεως,
3356 2601 3589 2659 ἀποστό-

2016 2701 2131 2768 λοις
2163 2721 2242 2768 τε,
2274 2702 2368 2756 καὶ
2409 2700 2734 2773 προφήταις,
2764 2698 2867 2750 καὶο
2897 2695 3258 2760 διδασκάλοις,
3290 2696 3471 2770 διττὴν
3498 2699 3598 2753 καὶ

2015 2796 2280 2868 διαφορὰν
2301 2795 2421 2867 ἕχον
2449 2793 2768 2861 διέγνωσται
2793 2791 2892 2862 τὴν
2926 2791 2984 2843 ὲν
3028 2792 3161 2844 πᾶσι.
3202 2790 3432 2862 φυσικὴν
3459 2790 3599 2846 θεω-

336 2880 699 2951 dignoscitur,
733 2898 856 2937 cum
889 2882 960 2938 sit
982 2881 1240 2951 perfectae
1284 2882 1503 2937 deitatis
1526 2891 1580 2937 et
1604 2883 1779 2953 plenae
1817 2884 1914 2938 de—

2023 2889 2160 2961 ρίανο
2191 2885 2507 2949 ἀνελλιποῦς
2534 2882 2777 2956 ὑπάρχον
2810 2881 3083 2954 θεότητος,
3118 2884 3211 2937 καὶ
3248 2882 3486 2955 πλήρους
3507 2885 3596 2937 ἐν·

324 2973 757 3026 ιιηοιιεῑτειὶνιιιη
824 2972 1206 3027 humanitatis.
1285 2971 1357 3043 (ξ)
1428 2971 1672 3039 Quarum
1743 2973 1916 3030 donec

339 3080 508 3117 unum
545 3065 845 3119 secundum
882 3064 1247 3118 substantiam
1286 3080 1395 3119 non
1428 3066 1704 3137 cognitum
1752 3064 1917 3120 fuerit

337 3154 577 3210 Verbum
612 3156 779 3210 unius
802 3156 1160 3227 operationis,
1184 3173 1309 3211 cum
1344 3156 1630 3227 utriusque
1659 3157 1750 3225 sit,
1772 3174 1915 3212 nun-

336 3263 503 3317 quam
557 3247 855 3317 aliquando
907 3258 1268 3317 coguoscctur
1315 3258 1517 3304 motus.
1568 3249 1703 3305 Cum
1767 3250 1915 3305 enim

336 3354 551 3410 semper
576 3339 876 3394 secundum
905 3349 1156 3393 naturam
1186 3340 1411 3395 exsistat
1432 3339 1595 3406 Deus,
1626 3343 1917 3412 superinli-

338 3432 451 3487 nita
480 3432 681 3487 virtute
713 3430 910 3495 factus,
944 3430 1088 3485 sicut
1112 3431 1304 3499 voluit,
1337 3432 1501 3487 homo
1525 3433 1645 3488 sine
1675 3445 1923 3503 peccato,

339 3524 491 3594 quod
533 3531 651 3579 erat
695 3532 800 3591 est,
833 3539 957 3580 cum
991 3527 1210 3593 quantis
1256 3525 1604 3595 cognoscitur
1642 3524 1831 3582 Deus:
1868 3537 1924 3583 ct

341 3618 488 3687 quod
517 3616 696 3673 factus
724 3625 830 3679 est,
886 3626 970 3672 est
995 3632 1118 3671 eum
1160 3618 1381 3687 quantis
1421 3632 1546 3673 esse
1573 3619 1923 3689 cognoscitur

342 3710 533 3764 homo.
567 3708 635 3781 (ο)
672 3708 985 3765 Secundum
1021 3720 1314 3778 utrumque
1335 3723 1496 3763 suum
1550 3724 1766 3778 semper
1797 3725 1919 3780 per—

340 3816 569 3855 manens
603 3802 722 3855 sine
752 3815 905 3863 casu,
940 3800 1144 3869 quibus
1164 3799 1348 3854 divine
1377 3800 1581 3869 pariter
1603 3809 1658 3855 et
1679 3800 1918 3855 humane

339 3902 600 3962 operatus
650 3902 764 3960 est;
832 3894 1225 3964 perfectionem
1292 3908 1385 3962 per
1442 3907 1658 3960 omrem
1722 3892 1918 3948 utrius.

340 4001 448 4056 que
476 3982 745 4044 rationem
784 3988 883 4042 sibi
918 3987 1245 4042 naturaliter
1274 3986 1778 4042 incommutabilem
1803 3986 1913 4043 sal-

341 4094 497 4135 γους.

647 4190 926 4262 Ejusdem,
951 4206 1016 4246 ex
1041 4191 1224 4246 eodem
1248 4205 1504 4245 sermone.
1543 4187 1606 4243 V.

410 4302 476 4358 ν.
507 4302 646 4358 Bero
668 4304 814 4359 enim
847 4304 1069 4374 quidam
1110 4317 1306 4377 nuper,
1335 4312 1390 4356 et
1418 4301 1509 4356 alii
1540 4301 1785 4372 quidam,
1809 4298 1911 4355 Va-

2019 2979 2286 3036 δεικτικὸν
2333 2977 2753 3051 ἀνθρωπότητος
2793 2975 2871 3029 ὅν.
2927 2976 3071 3041 Ἕως
3113 2977 3180 3031 ἂν
3222 2976 3321 3048 οὐχ
3364 2976 3475 3049 (35)
3513 2971 3598 3040 εἷς

2021 3076 2161 3129 κατὰ
2207 3073 2302 3146 τὴν
2335 3073 2520 3127 οὐσίαν
2551 3071 2873 3143 γνωρίζεται
2925 3070 3096 3139 Λόγος
3130 3071 3259 3142 μιᾶς
3294 3068 3597 3143 ἐνεργείας,

2020 3167 2275 3220 οὐδέποτε
2339 3165 2460 3219 καθ’
2513 3162 2689 3217 ὁτιοῦν
2742 3160 3065 3234 ἀμφοτέρων
3112 3160 3484 3233 γνωσθήσεται
3507 3161 3597 3217 κί-

2021 3277 2194 3331 νησις.
2272 3258 2330 3312 Ὀ
2389 3257 2499 3330 γὰρ
2553 3257 2642 3311 ἀεὶ
2692 3258 2834 3312 κατά
2893 3257 3055 3327 φύσιν
3117 3254 3374 3326 ὑπάρχων
3423 3254 3597 3317 Θεὸς.

2023 3352 2377 3424 ὑπεραπείρῳ
2405 3350 2628 3423 δυνάμει
2658 3350 2950 3422 γενόμενος
2979 3350 3056 3415 ὡς
3088 3349 3354 3423 ἠθέλησεν
3379 3349 3600 3422 ἄνθρωο

2023 3462 2124 3508 πος
2161 3445 2561 3515 ἀναμάρτητος,
2597 3444 2734 3516 ὅπερ
2791 3439 2860 3515 ἦν
2890 3444 3030 3508 ἐστι,
3061 3444 3181 3516 μεθ’
3223 3446 3365 3499 ὅσων
3391 3445 3598 3498 νοεῖται

2019 3536 2168 3600 Θεός·
2198 3536 2292 3590 καὶ
2321 3537 2457 3608 ὅπερ
2496 3534 2739 3605 γέγονεν,
2778 3535 2895 3588 ἐστὶ
2929 3535 3048 3605 μεθ’
3094 3536 3234 3589 ὅσων
3263 3538 3461 3589 νοεῖται
3500 3536 3599 3589 καί

2018 3628 2378 3702 γνωρίζεσθαι
2405 3628 2647 3699 πέφυκεν
2694 3626 2998 3699 ἄνθρωπος·
3027 3627 3220 3681 ἑαυτοῦ
3245 3627 3369 3682 καθ’
3402 3627 3597 3681 ἑκάτε-

2022 3739 2111 3793 ρον
2157 3722 2245 3774 ἀεὶ
2298 3721 2475 3793 μένων
2528 3720 2892 3783 ἁνέκπτωτος,
2937 3714 3021 3784 οἷς
3051 3719 3248 3784 θεῖκῶς
3294 3719 3433 3791 ὁμοῦ
3496 3721 3593 3774 καὶ

2023 3813 2380 3884 ἀνθρωπίνως
2445 3813 2716 3885 ἐνήργησε
2735 3852 2751 3875 ,
2827 3812 3031 3866 τέλειον
3100 3812 3242 3867 κατά
3309 3812 3402 3867 τὸν
3461 3813 3598 3866 ἐκα-

2022 3905 2183 3979 τέρου
2249 3905 2406 3973 λόγον
2463 3905 2651 3971 σώζων
2721 3904 2914 3959 ἑαυτοῦ
2983 3905 3229 3974 φυσικῶς
3304 3904 3598 3960 ἀναλλοίω-

2021 4014 2131 4051 τον.

2240 4196 2349 4249 Τοῦ
2380 4195 2586 4262 αὐτοῦ,
2618 4197 2687 4250 ἐκ
2718 4197 2824 4251 τοῦ
2869 4198 3056 4252 αὑτοῦ
3079 4199 3285 4270 λόγου.
3317 4205 3379 4253 ε’.

2093 4309 2285 4381 Βήρων
2332 4310 2441 4382 γάρ
2481 4328 2562 4373 τις
2610 4310 2857 4381 ἔναγχος,
2914 4311 3033 4383 μεθ’
3058 4313 3256 4384 ἑτέρων
3285 4313 3465 4379 τινῶν,
3493 4315 3598 4386 τὴν

341 4396 532 4451 lentini
557 4395 844 4466 phantasia
864 4394 1102 4461 deserta,
1126 4393 1383 4450 deteriori
1420 4392 1615 4449 irretiti
1640 4401 1769 4448 sunt
1788 4408 1915 4463 pra-

2023 4402 2333 4457 Βαλεντίνου
2368 4401 2665 4471 φαντασίαν
2694 4404 2942 4471 ἀφέντες,
2992 4405 3193 4476 χείρονι
3224 4403 3378 4475 κακῷ
3428 4423 3595 4460 κατε-

339 4489 515 4550 vitati,
549 4489 791 4543 dicentes
823 4498 1161 4558 assumptam
1195 4503 1227 4541 a
1258 4483 1441 4541 Verbo
1470 4501 1718 4552 carnem,
1745 4484 1917 4539 fuisse

340 4578 529 4634 eadem
564 4593 687 4648 qum
719 4578 978 4633 divinitas
1001 4587 1223 4648 operata
1255 4587 1339 4631 est
1362 4585 1640 4647 operatam
1681 4595 1694 4631 :
1728 4574 1919 4631 divini-

341 4679 506 4726 tatem
536 4685 667 4726 vero
701 4670 1142 4740 compassibilcm
1204 4669 1357 4725 carni
1390 4680 1610 4740 propter
1672 4667 1921 4723 exinani-

342 4765 546 4819 tioucm
566 4781 582 4831 ;
605 4763 1120 4818 convertibilitatem
1143 4762 1309 4817 simul
1336 4772 1391 4817 et
1441 4761 1879 4816 commistionem
1900 4800 1915 4823 ,

343 4872 439 4912 seu
474 4855 875 4919 confusionem,
911 4867 1077 4925 atque
1119 4855 1407 4924 utriusque
1453 4855 1506 4908 in
1535 4853 1766 4910 invicem
1805 4868 1919 4906 mu-

338 4950 602 5004 tationem
657 4948 1108 5019 dogmatizautes.
1168 4946 1227 5000 Si
1283 4944 1429 5002 enim
1477 4954 1758 5015 assumpta
1789 4958 1918 4999 caro

416 5104 528 5179 βλ)
560 5108 784 5175 Ὥσπερ
809 5103 945 5179 οὖν,
966 5104 1306 5175 Nicephorus
1326 5103 1655 5179 patriarcha
1688 5101 1798 5179 CP:
1833 5104 1914 5159 ei-

342 5173 435 5253 tat'
459 5173 602 5233 hunc
637 5173 812 5253 locum
840 5179 891 5232 in
915 5178 1055 5231 libro
1101 5173 1731 5253 eontra-impugnatores
1779 5173 1920 5253 ima-

343 5250 554 5318 ginum,
596 5250 688 5318 qui
750 5264 854 5304 ms.
903 5255 1081 5302 exstat
1108 5247 1159 5299 in
1199 5245 1529 5300 bibliotheca
1572 5243 1743 5312 Regia
1774 5254 1828 5298 et
1858 5245 1915 5299 in

344 5319 677 5375 uolbertina.
707 5319 966 5375 SIRIOND.

417 5390 528 5460 (52)
573 5390 997 5444 Διαδείκνυται.
1048 5385 1282 5458 Legebat
1308 5383 1634 5440 Anastasius
1685 5383 1912 5437 διεδείκ-

344 5477 493 5514 νυτο.
537 5460 702 5515 ΒΛυΝ.
1504 5510 1513 5522 .

422 5532 532 5601 (35)
560 5529 1051 5601 Πεπερασμένης,
1077 5527 1239 5601 Addit
1270 5525 1606 5601 Nicephorus
1640 5523 1780 5601 hanc
1813 5523 1915 5601 ad-_

348 5594 730 5672 notationem;
778 5594 1118 5672 Σημειωτέον
1161 5598 1245 5672 ὅτι
1273 5596 1336 5650 τὸ
1369 5594 1828 5664 πεπερασμένης
1866 5596 1915 5650 τ’

349 5670 511 5728 αὐτόν
550 5674 665 5723 ἐστι
692 5671 770 5744 τῷ
793 5667 1360 5744 περιγεγραμμένης.
1390 5672 1642 5736 δικηοκι).

1932 5736 2029 5762 *θ’

2020 4495 2297 4567 πάρησαν,
2323 4493 2593 4563 λέγοντες,
2620 4493 2717 4565 τὴν
2751 4492 2849 4565 μὲν
2874 4494 3310 4567 προσληφθεῖσαν
3328 4495 3407 4567 τῷ
3433 4498 3603 4567 Λόγῳ,

2021 4588 2197 4656 σάρκα
2257 4585 2506 4655 γενέσθαι
2560 4582 2889 4655 ταυτουργδν
2947 4588 3013 4657 τῇ
3070 4584 3304 4657 θεότητι,
3358 4585 3446 4640 διὰ
3496 4587 3595 4658 τὴν

2020 4679 2343 4752 πρόσληψιν·
2385 4679 2484 4751 τὴν
2526 4679 2753 4750 θεότηνα
2784 4680 2839 4732 δὲ
2883 4679 3135 4749 γενέσθαι
3181 4682 3492 4754 ταυτοπαθῆ
3524 4686 3594 4754 τῇ

2020 4774 2205 4845 σαρκὶ,
2256 4771 2345 4826 διὰ
2379 4773 2628 4826 κένωσινσ
2672 4773 2879 4846 τροπὴν
2902 4773 3061 4843 ὁμοῦ,
3088 4773 3183 4827 κα)⁴
3230 4774 3444 4848 φύρσιν,
3499 4776 3597 4830 καὶ

2021 4867 2302 4938 σύγχυσιν,
2326 4866 2422 4920 καὶ
2447 4867 2545 4937 τὴν
2595 4867 2674 4931 είς
2721 4866 2985 4938 ἀλλήλους
3011 4868 3338 4939 ἀμφοτέρων
3367 4867 3597 4938 μεταϐο-

2018 4959 2116 5029 λὴν
2165 4957 2604 5030 δογματίζοντες.
2660 4959 2724 5011 Εἰ
2772 4957 2882 5030 γὰρ
2937 4958 3343 5031 προσληφθεῖσα
3381 4960 3415 5030 ἡ
3455 4957 3599 5031 σὰρξ

2091 5112 2201 5179 ("54)
2233 5111 2540 5181 Φέρεσθαι.
2594 5109 2796 5181 Supple
2825 5111 3053 5180 πέφυκε.
3094 5110 3427 5169 Carpamus.

2091 5182 2201 5254 (55)
2240 5184 2388 5255 Ἕως
2427 5179 2503 5255 ᾂν
2548 5179 2691 5255 οὺχξ
2714 5179 3048 5255 Persuasum
3093 5181 3256 5255 habet
3278 5183 3597 5255 Cappcron—

2021 5248 2248 5323 nierius,
2270 5252 2557 5323 legendum
2584 5248 2673 5306 hic
2691 5267 2814 5307 esse
2845 5252 2949 5316 ἓως
2974 5253 3041 5307 ἂν
3077 5248 3192 5306 οὖν.
3226 5248 3408 5323 Ipsum
3425 5258 3596 5313 adeas

2020 5322 2162 5378 infra
2190 5332 2301 5377 not.
2340 5323 2424 5376 7'5.
2462 5321 2632 5376 Nemo
2657 5332 2838 5378 autem
2887 5339 2994 5378 nou
3039 5324 3204 5381 videt.
3233 5321 3287 5378 in
3313 5326 3595 5384 Anastasii

2020 5395 2270 5449 versione
2299 5407 2405 5516 lpro
2461 5412 2478 5444 ι
2500 5392 2744 5459 Quarum
2780 5412 2799 5445 ι
2830 5394 2975 5462 quod
3030 5394 3233 5451 habent
3279 5397 3435 5452 editt.
3472 5397 3597 5453 Sir-

2022 5465 2209 5516 mondi
2228 5474 2281 5516 et
2343 5464 2855 5516 abricii.le2endum
2883 5481 3006 5516 eum
3024 5464 3391 5516 Combeﬁsim
3414 5464 3597 5516 Onan.

2022 5465 2209 5519 mondi
2228 5474 2281 5519 et
2299 5464 2558 5531 Fabricii,
2575 5464 2855 5534 legendum
2883 5481 3006 5519 cum
3024 5464 3354 5522 Combelisio
3370 5481 3391 5514 ι
3414 5464 3599 5530 Quan-

2021 5535 2149 5605 diu;
2183 5554 2201 5586 ι
2231 5535 2406 5605 quiet
2430 5535 2520 5589 hic
2558 5535 2783 5589 adnotat
2810 5553 2825 5588 :
2882 5553 2901 5587 ι
2925 5534 3125 5591 Eadem
3156 5534 3269 5593 fere
3299 5538 3599 5596 concilium

2021 5603 2305 5673 Chalcedl,
2335 5604 2443 5661 Leo
2474 5620 2630 5676 papa,
2662 5614 2800 5661 etc.»
