3852 6208
326 273 425 333 837

1308 265 1590 330 CONTRA
1629 267 1951 329 BERONEM
1991 269 2079 328 ET
2113 271 2552 346 HELICONEMJ
3457 278 3568 332 83’s

325 398 517 467 γέγονε
575 394 908 467 ταυτουργδς
956 397 1020 467 τῇ
1060 393 1570 464 θεότητι,·-δηλονότι
1624 393 1720 447 καὶ
1749 393 1899 461 φύσει

2009 392 2150 448 facta
2175 403 2258 448 est
2290 392 2631 463 cooperatrix
2691 391 2986 455 divinitati,
3017 392 3184 462 liquet
3209 392 3353 462 quod
3384 405 3437 446 et
3479 411 3570 446 ua-

328 489 459 551 Θεὸς
491 488 611 560 μεθ’
637 489 777 542 ὅσων
817 487 1059 558 φυσικῶς
1110 488 1308 540 νοεῖται
1337 485 1487 548 Θεός·
1519 486 1612 539 καὶ
1637 487 1684 538 εἰ
1709 483 1899 553 γέγονε

331 578 628 632 κενωθεῖσα
688 581 757 650 τῇ
792 578 954 650 σαρκί⁵
980 573 1321 644 ταυτοπαθὴς
1343 576 1376 644 ἡ
1409 573 1618 645 θεότης,
1661 572 1900 643 δηλονότι

331 671 423 723 καὶ
457 669 616 739 φύσει
674 669 830 743 σὰρξ,
895 669 1012 740 μεθ’
1042 671 1182 723 ὅσων
1216 667 1482 739 ’φυσικῶς
1538 664 1901 737 γνωρίζεσθαι

333 763 542 831 πέφυκε
586 761 742 833 σάρξ.
773 762 854 815 Τὰ
902 763 1011 834 γὰρ
1038 762 1286 834 ἀλλήλοις
1339 759 1602 831 ὁμοεργῆ,
1633 757 1726 812 καὶ
1767 775 1898 810 ταυ-

329 852 555 922 τουργὰ,
610 851 705 905 καὶ
757 852 1002 923 ὁμόφυλα
1034 853 1271 917 πάντως,
1305 851 1397 905 καὶ
1424 850 1758 920 ταυτοπαθῆ,
1785 850 1900 902 δια-

330 925 502 1015 φορὰν
547 944 646 997 οὐκ
701 945 1007 1014 ἐπιδέχεται
1041 945 1273 1014 φύσεως·
1336 943 1430 996 καὶ
1481 943 1693 1012 φύσεων
1719 942 1902 1004 αὐτοῖς

329 1036 772 1106 συγκεχυμένων,
792 1037 942 1090 ἔσται
968 1037 1099 1100 δυὰς
1125 1039 1154 1089 ὁ
1180 1036 1432 1108 Χριστὸς,
1463 1036 1556 1088 καὶ
1595 1032 1899 1106 προσώπων

332 1129 753 1198 μεμερισμένων
803 1129 1019 1199 τετρὰς,
1073 1128 1133 1181 τὸ
1185 1128 1562 1198 φευκτὸτατον.
1626 1125 1736 1178 Καὶ
1783 1125 1899 1188 πῶς

328 1221 513 1282 αὐτοῖς
545 1216 625 1283 εἷς
654 1221 749 1272 καὶ
773 1223 800 1274 6
826 1221 1008 1283 αὐτὸς,
1039 1219 1171 1282 Θεὸς
1215 1217 1351 1289 ὁμοῦ
1384 1217 1540 1288 φύσει
1571 1217 1664 1270 καὶ⁴
1684 1215 1896 1286 ἄνθρω-

328 1327 450 1376 πος,
474 1313 503 1365 ὁ
534 1314 768 1383 Χριστός
791 1330 806 1378 ;
839 1313 997 1366 ποίαν
1023 1313 1078 1365 δὲ
1108 1313 1226 1365 κατ’
1252 1312 1446 1374 αὐτοὺς
1471 1310 1578 1376 ’ἐξει
1601 1309 1696 1379 τὴν
1721 1307 1897 1378 ὓπαρ-

328 1407 430 1471 ξιν,
481 1405 749 1477 μεταϐολῇ
804 1405 1055 1476 θεότητος
1109 1400 1394 1473 γενόμενος
1456 1402 1758 1474 ἄνθρωπος,
1807 1403 1898 1455 καὶ

327 1500 534 1571 σαρκὸς
597 1500 948 1570 μεταποιήσει
1002 1496 1166 1564 Θεός;
1235 1498 1300 1550 Ἦ
1365 1496 1474 1567 γὰρ
1534 1497 1613 1558 εἰς
1668 1495 1898 1565 ἀλλήλας

323 1594 530 1647 τούτων
589 1592 964 1663 μετάπτωσις,
1031 1590 1298 1660 παντελής
1365 1591 1512 1642 ἐστιν
1573 1590 1896 1661 ἀμφοτέρων

324 1685 624 1755 ἀναίρεσις.
684 1681 997 1734 Σκοπείσθω
1057 1682 1119 1752 δὴ
1187 1682 1348 1735 πάλιν
1421 1683 1552 1754 ἡμῖν
1611 1683 1812 1755 ἑτέρως
1866 1685 1895 1736 6

323 1778 501 1846 λόγος.

543 1888 655 1942 Τοῦ
686 1885 889 1952 αὐτοῦ,
912 1886 980 1940 ἐκ
1012 1885 1118 1940 τοῦ
1155 1885 1339 1940 αὐτοῦ
1370 1887 1572 1956 λόγου.
1609 1892 1683 1949 ς’.

393 2004 635 2068 Εὐσεόἐς
661 2004 990 2076 ⁴κεκύρωται
1017 2005 1191 2075 δόγμα
1241 2005 1604 2073 Χριστιανοῖς,
1647 2002 1766 2053 κατ’
1803 2001 1898 2052 αὑ-

315 2101 424 2169 τήν
460 2117 517 2152 τε
553 2099 733 2168 φύσιν,
765 2098 860 2151 καὶ
916 2098 1015 2168 τὴν
1065 2096 1360 2167 ἐνέργειαν,
1413 2094 1507 2147 καὶ
1564 2095 1671 2146 πᾶν
1713 2091 1898 2163 ’ἕτερον

325 2190 478 2260 αὐτῷ
530 2190 824 2262 προσφυὲς,
880 2189 992 2242 ίσον
1045 2186 1219 2256 ἐαυτῷ
1268 2186 1360 2238 καὶ
1404 2183 1596 2238 ταυτὸν
1629 2180 1766 2237 εἶναι
1809 2183 1898 2235 τὸν

325 2281 514 2334 Θεόν·’
539 2279 704 2349 μηδὲν
752 2278 931 2349 ἐαυτῷ
986 2278 1092 2331 τῶν
1149 2276 1341 2330 ἑαυτοῦ
1392 2273 1668 2336 παντελῶς
1715 2272 1898 2325 ἄνισον

321 2373 541 2442 ἔχοντα,
579 2373 672 2425 καὶ
722 2370 1108 2441 ἀκατάλληλον.
1159 2371 1220 2422 Εἰ
1275 2367 1451 2421 τοίνυν
1500 2365 1639 2420 κατὰ
1673 2367 1896 2436 Βήρωνα

314 2469 426 2537 ’τῆς
473 2467 642 2536 αὐτῆς
690 2464 838 2535 αὑτῷ
894 2462 1297 2536 προσληφθεῖσα
1351 2459 1585 2530 φυσικῆς
1624 2459 1900 2530 ἐνεργείας

328 2562 551 2628 γέγονεν
583 2562 615 2630 ἡ
647 2558 802 2629 σάρξν
830 2557 1069 2627 δηλονότι
1101 2556 1194 2609 καὶ
1227 2557 1321 2626 τῆς
1346 2555 1513 2624 αὐτῆς
1541 2553 1687 2624 αὑτῷ
1712 2554 1901 2633 γέγονε

331 2655 547 2724 φύσεως
585 2654 700 2724 μεθ’
731 2655 870 2705 ὅσων
917 2653 950 2721 ἡ
1003 2650 1183 2719 φύσις,
1235 2648 1531 2718 ἀναρχίας,
1582 2648 1898 2718 ἀγενησίας,

326 2746 605 2818 ἀπειρίας,
636 2745 954 2814 ἀῐδιότητος,
981 2740 1372 2810 ἀκαταληψίας,
1409 2739 1502 2791 καί
1525 2738 1629 2791 τῶν
1655 2740 1756 2793 ὅσα
1779 2739 1902 2792 τού-

327 2857 442 2897 1ι’ων
471 2838 592 2893 καθ’
629 2835 899 2907 ὑπεροχὴν
934 2835 962 2886 ὁ
998 2832 1304 2901 θεολογικὸς
1334 2830 1622 2904 ὑπερφυῶς
1648 2832 1809 2903 ἐνορᾷ
1832 2835 1897 2902 τῇ

328 2933 552 3003 θεὰτητι
585 2930 761 2998 λόγος·
796 2927 890 2981 καὶ
914 2926 1119 2997 τροπὴν
1145 2925 1429 2996 ἀμφότερα
1454 2922 1739 2987 πέπονθεν,
1777 2921 1899 2993 μηδ-

326 3026 520 3097 ετέρου
561 3023 652 3075 τὸν
693 3022 792 3091 τῆς
846 3019 980 3082 ἰδίας
1010 3018 1220 3087 φύσεως
1245 3015 1470 3086 οὑσιώδη
1511 3015 1665 3084 λόγον
1697 3015 1776 3068 ἔτι
1803 3031 1901 3066 σω-

2003 497 2125 542 tura
2158 487 2300 543 Deus
2355 503 2478 542 cum
2533 494 2798 556 quotquot
2827 496 2910 540 est
2941 486 3272 556 intelligatur
3301 485 3485 551 Deus;
3517 499 3570 541 et

2003 579 2049 632 si
2073 577 2211 633 facta
2238 587 2323 633 est
2351 579 2626 632 exinanita
2657 578 3061 647 compassibilis
3084 578 3238 631 carni
3290 579 3568 635 divinitas.

2001 670 2169 739 liquet
2192 670 2335 739 quod
2360 678 2414 723 et
2439 679 2632 722 natura
2664 685 2792 724 caro
2827 685 2949 722 eum
3001 678 3267 738 quotquot
3287 679 3370 724 est
3408 680 3569 723 natu-

2000 762 2188 815 raliter
2210 775 2329 815 esse
2353 760 2679 829 intelligatur
2703 776 2849 815 caro.
2892 758 2969 813 Ea
3011 760 3208 829 quippe
3237 776 3356 829 qua:
3379 771 3571 815 mutuo

2001 861 2131 907 sunt
2159 852 2527 922 cooperantia,
2575 860 2630 906 et
2664 853 2850 906 eadem
2900 852 3202 920 operantia,
3243 862 3297 906 et
3323 853 3567 921 ejusdem

2001 945 2271 1016 originis,
2325 944 2566 1014 profecto
2637 953 2690 998 et
2744 945 3170 1014 compassibilia,
3214 955 3420 1000 natura:
3459 963 3570 1003 non

2001 1036 2352 1107 suseipientia
2401 1036 2760 1090 diti‘erentiam
2794 1057 2805 1090 :
2857 1045 2909 1091 et
2935 1038 3147 1091 naturis
3171 1037 3273 1090 sibi
3299 1036 3568 1103 confusis,

1999 1131 2103 1186 erit
2127 1131 2360 1184 dualitas
2385 1128 2657 1193 Christus,
2684 1137 2737 1182 et
2763 1129 3008 1196 personis
3037 1130 3302 1197 separatis
3332 1129 3572 1198 ﬁetqua—

1999 1223 2259 1289 teruitas;
2287 1222 2432 1293 quod
2466 1229 2550 1276 est
2581 1221 2806 1276 nimium
2832 1219 3167 1285 fugiendum.
3200 1222 3268 1276 Et
3294 1224 3571 1292 quomodo

2005 1315 2112 1368 illis
2134 1330 2277 1373 unus
2307 1324 2360 1367 et
2393 1312 2534 1366 idem
2585 1313 2698 1382 ipse
2733 1313 2855 1378 erit,
2905 1312 3046 1367 Deus
3081 1327 3272 1368 natura
3323 1316 3485 1372 simul
3517 1325 3572 1369 et

2000 1389 2185 1470 homo,
2221 1405 2509 1459 Christus?
2563 1403 2645 1476 (π)
2695 1403 2868 1470 Quam
2900 1406 3060 1458 etiam
3097 1407 3393 1461 secundum
3424 1407 3570 1476 ipsos

2001 1497 2216 1551 habebit
2245 1498 2559 1560 essentiam,
2581 1497 2881 1550 mutatione
2919 1497 3219 1552 divinitatis
3251 1497 3425 1552 factus
3473 1499 3572 1552 ho-

1999 1603 2111 1653 mo,
2145 1597 2197 1643 et
2221 1589 2402 1643 carnis
2427 1589 2779 1642 translatione
2814 1587 2992 1643 Deus?
3024 1588 3196 1644 Casus
3225 1591 3365 1644 enim
3397 1591 3452 1643 iu
3487 1591 3568 1643 al-

2000 1685 2264 1738 terutras.
2329 1679 2642 1734 omnimoda
2706 1687 2788 1732 est
2838 1688 3196 1747 utrarumque
3251 1680 3567 1749 peremptio.

1924 1746 1968 1800 Β
1997 1769 2321 1840 Inspiciatur
2357 1770 2540 1840 itaque
2573 1785 2604 1824 a
2639 1769 2796 1825 nobis
2829 1772 2985 1825 aliter
3013 1746 3216 1826 sermo.

2279 1881 2554 1951 Ejusdem,
2587 1897 2651 1935 ρετ
2681 1883 2860 1936 eodem
2887 1900 3142 1970 sermone.
3183 1883 3279 1938 VI.

2068 1992 2156 2047 Vl.
2182 1992 2335 2048 Pium
2363 1993 2690 2054 Christianis
2732 1995 3086 2049 constitutum
3118 2005 3202 2050 est
3229 1997 3423 2068 dogma
3453 2014 3572 2054 cre-

2000 2086 2273 2152 dentibus,
2305 2087 2377 2158 (ρ)
2427 2087 2726 2141 secundum
2783 2087 3026 2141 eamdem
3059 2097 3306 2144 naturam
3342 2105 3406 2144 ac
3449 2105 3572 2159 Ope-

2000 2179 2288 2243 rationem,
2331 2187 2384 2232 et
2410 2194 2570 2232 omne
2595 2179 2742 2233 aliud
2775 2178 2877 2234 sibi
2920 2181 3272 2248 conveniens,
3307 2183 3570 2252 asqualem

2001 2267 2103 2322 sibi
2127 2278 2180 2322 et
2207 2267 2457 2322 eumdem
2486 2267 2662 2337 ipsum
2693 2285 2814 2324 esse
2842 2267 3034 2334 Deum,
3064 2271 3196 2324 nihil
3227 2273 3450 2326 omnino
3480 2289 3573 2327 eo-

2001 2371 2123 2408 rum
2160 2371 2279 2424 quze
2302 2371 2399 2410 sua
2431 2354 2559 2410 sunt
2594 2357 2860 2427 inaequale
2906 2357 3192 2414 habentem
3229 2371 3284 2415 et
3312 2361 3569 2416 ineonve—
3653 2358 3660 2364 ’

2005 2446 2180 2498 niens.
2220 2442 2275 2497 Si
2324 2444 2484 2514 igitur
2507 2447 2802 2500 secundum
2849 2445 3112 2501 Beronem
3156 2459 3432 2518 assumpta
3464 2452 3568 2506 sibi

2004 2551 2128 2590 caro
2145 2536 2399 2605 'ejusdem
2437 2538 2766 2605 operationis
2821 2538 3008 2592 cli‘ecta
3038 2547 3139 2603 est,
3173 2539 3315 2592 haud
3343 2541 3567 2595 dubium

2003 2628 2134 2696 quin
2163 2636 2217 2682 et
2241 2627 2480 2696 ejusdem
2510 2627 2647 2682 facta
2673 2637 2752 2682 est
2775 2629 2874 2682 sibi
2905 2638 3129 2692 naturai,
3154 2645 3275 2683 cum
3304 2641 3571 2700 quotquot

2003 2728 2084 2773 est
2118 2728 2333 2784 natura,
2363 2721 2413 2772 id
2460 2728 2542 2773 est
2573 2720 3049 2796 inprincipalitate,
3096 2719 3408 2786 iufactione,
3450 2723 3570 2776 inii-

2002 2812 2187 2875 nitate,
2241 2811 2702 2880 sempiteruitate,
2761 2811 3445 2882 iucomprehensibilitate,
3516 2824 3569 2869 et

2001 2917 2339 2971 qumcunque
2375 2903 2567 2956 horum
2596 2903 2892 2958 secundum
2947 2903 3376 2973 magnitudinem
3424 2907 3577 2959 theo-

2002 2994 2178 3064 logica
2211 2993 2547 3062 amplissime
2579 2995 2632 3048 in
2684 2995 2882 3050 deitate
2931 2996 3074 3049 ratio
3129 2997 3567 3066 contemplatur:

317 3077 556 3189 μξδιλενον
585 3077 820 3184 ἔχοντος.
864 3113 920 3165 '0
1134 3077 1622 3182 ἐτέροφυῶνέἰδως
1649 3123 1899 3177 ταυτουρ-

2007 3096 2058 3140 et
2083 3087 2514 3142 vicissitudinem
2565 3099 2795 3157 utraque
2839 3103 3000 3155 passa
3034 3097 3181 3150 sunt,
3240 3102 3434 3144 neutro
3472 3107 3570 3143 na-

327 3213 474 3281 γίαν,
511 3209 772 3279 σύγχυσιν
824 3205 958 3278 ὁμοῦ
991 3203 1248 3274 φυσικὴν,
1282 3202 1375 3256 καὶ
1419 3201 1678 3272 διαίρεσιν
1725 3199 1902 3254 αὐτῶν

330 3304 630 3372 εἰσηγεῖται
678 3299 1063 3370 προσωπικήψ
1118 3293 1478 3363 ἀδιαγνὼστου
1529 3291 1802 3355 παντελῶς
1833 3293 1898 3361 τῇ

329 3393 438 3462 τῶν
466 3392 765 3463 ἰδιωμάτων
795 3389 1060 3462 μεταϐολῇ
1082 3389 1178 3459 τῆς
1209 3388 1441 3459 φυσικῆς
1469 3385 1646 3439 αὐτῶν
1681 3384 1903 3456 γενομέ-

329 3503 432 3556 νης
463 3483 766 3556 ὑπάρξεως.

552 3728 660 3784 Τοῦ
691 3728 896 3792 αὑτοῦ,
931 3729 1000 3782 ἐκ
1023 3726 1130 3780 τοῦ
1157 3727 1340 3782 αὐτοῦ
1370 3727 1574 3797 λόγου.
1624 3726 1684 3792 ζ’.

405 3851 469 3903 Εἰ
494 3848 551 3901 δέ
584 3848 681 3916 τῆς
707 3847 874 3917 αὐτῆς
901 3845 1052 3916 αὐτῷ
1080 3845 1151 3916 μὴ
1183 3845 1375 3914 γέγονε
1404 3843 1636 3914 φύσεως,
1655 3843 1773 3896 οὐδὲ
1801 3844 1900 3912 τῆς

330 3939 502 4010 αὐτῆς
526 3937 673 4008 αὐτῷ
713 3954 842 3990 ποτε
887 3939 1176 4007 γενήσεται
1211 3936 1442 4006 φυσικῆς
1462 3936 1758 4007 ἐνεργείας·
1813 3935 1900 3988 ἴνα

336 4032 410 4102 μὴ
441 4031 551 4100 (56)
583 4030 764 4101 δειχθῇ
793 4032 856 4102 τῇ
907 4029 1065 4099 φύσει
1096 4030 1190 4100 τὴν
1218 4029 1496 4100 ἐνέργειαν
1529 4029 1709 4083 ἄνισον
1741 4027 1896 4098 ἔχων,

333 4119 430 4173 καὶ
472 4118 860 4190 ἀκατάλληλον·
888 4119 983 4172 καὶ
1007 4120 1104 4190 τῆς
1139 4118 1301 4172 αὐτοῦ
1324 4119 1392 4172 δι’
1417 4119 1552 4172 ὅλων
1572 4119 1680 4172 τῶν
1704 4118 1895 4172 ἐαυτοῦ

336 4213 568 4282 φυσικῆς
591 4212 695 4277 ἐξω
720 4210 956 4280 γεγονὼς
984 4212 1245 4284 ἰσότητος,
1275 4213 1371 4267 καὶ
1396 4213 1740 4285 ταυτότητος·
1763 4215 1898 4285 ὅπερ

333 4300 549 4363 ἀσεϐές.

551 4500 660 4556 Τοῦ
692 4503 896 4568 αὑτοῦ,
923 4503 993 4556 ἐκ
1020 4504 1124 4558 τοῦ
1155 4505 1340 4560 αὑτοῦ
1380 4509 1583 4577 λόγου.
1617 4517 1684 4580 η’.

405 4618 497 4680 Ei;
543 4616 745 4687 ταύτην
789 4616 843 4669 δὲ
875 4616 970 4687 τὴν
1029 4617 1236 4689 πλάνην
1281 4620 1646 4692 κατήχθησαν,
1715 4624 1899 4689 κακῶς

333 4707 648 4771 πεισθέντες
686 4708 819 4761 ἰδίαν
852 4708 1100 4776 γενέσθαι
1150 4710 1250 4781 τῆς
1279 4712 1479 4783 σαρκὸς
1519 4712 1615 4784 τὴν
1641 4714 1707 4766 δι’
1730 4716 1898 4787 αὐτῆς

335 4800 697 4873 ἐκφανθεῖσαν
723 4803 779 4852 ἐν
813 4804 924 4864 τοῖς
963 4800 1201 4874 θαύμασι
1257 4803 1407 4858 θείαν
1451 4805 1748 4877 ἐνέργειανο
1781 4802 1900 4882 ᾖτδ

335 4895 443 4947 πᾶν
473 4897 502 4947 6
532 4895 764 4965 Χριστὸς
795 4893 1062 4957 οὐσιὼσας
1091 4896 1211 4949 καθ’
1255 4896 1283 4949 ὂ
1328 4900 1526 4953 νοεῖται
1565 4900 1714 4964 Θεὸς,
1748 4903 1901 4956 συνέ-

334 5005 420 5058 χει
451 4987 836 5059 κρατούμενον.
888 4989 962 5041 Οὐ
1018 4989 1127 5061 γὰρ
1166 4991 1425 5060 ἔγνωσαν,
1473 4993 1729 5049 ἀδύνατον
1762 4991 1902 5052 εἶναι

336 5079 486 5143 θείας
513 5080 790 5151 ἐνέργειαν
837 5080 1047 5150 φύσεως
1103 5084 1458 5156 ἐτεροφανοῦς
1490 5089 1675 5152 οὐσίας
1709 5090 1902 5162 ἰδίωμα

321 5169 591 5239 ιγενέσθαι
619 5171 741 5241 δίχα
770 5175 997 5245 τροπῆς·
1022 5175 1142 5228 οὐδὲ
1185 5179 1441 5248 συνῆκαν,
1475 5179 1550 5243 ὡς
1604 5181 1664 5233 οὐ
1702 5183 1901 5246 παντὸς

334 5261 464 5315 ἴδιόν
502 5264 617 5314 ἐστι
655 5265 874 5333 σαρκὸς,
927 5267 988 5319 τὸ
1014 5267 1286 5339 δι’ναὺτῆς
1335 5272 1431 5340 μὲν
1485 5273 1899 5343 ἐκφαινόμενον,

333 5354 433 5407 οὐκ
469 5354 638 5425 αὐτῆς
661 5355 716 5407 δὲ
738 5358 978 5425 φυσικῶς
1003 5359 1350 5432 ἐκφυόμενον·
1379 5363 1552 5416 καίτοι
1577 5363 1779 5432 σαφοῦς
1803 5365 1900 5418 αὐ-

335 5449 447 5510 τοῖς
501 5445 685 5516 οὒσης,
737 5450 830 5502 καὶ
886 5454 1193 5522 προφανοῦς
1227 5456 1325 5526 τῆς
1377 5456 1720 5522 ἀποδείξεως.
1761 5457 1900 5526 Ἐγὼ

337 5536 445 5608 γὰρ
479 5536 693 5606 γλώσσῃ
720 5537 916 5604 λαλῶν,
942 5544 1034 5596 καὶ
1063 5546 1206 5616 χειρὶ
1234 5547 1478 5616 γράφων,
1519 5548 1645 5618 μίαν
1677 5548 1772 5602 καὶ
1801 5549 1898 5601 αὺ-

2007 3185 2140 3231 tura:
2167 3194 2279 3232 suae
2309 3178 2717 3232 substantialem
2776 3178 3039 3231 rationem
3076 3177 3217 3232 ultra
3249 3180 3566 3234 salvaudam

2005 3267 2253 3322 habente.
2286 3267 2386 3334 Qui
2414 3270 2555 3321 enim
2578 3284 2762 3322 eorum
2789 3285 2908 3337 qua:
2940 3269 3164 3323 alterius
3204 3280 3331 3324 sunt
3361 3280 3568 3324 natura:

2005 3361 2166 3414 sentit
2193 3361 2437 3414 eamdem
2469 3361 2854 3429 Operationem,
2879 3360 3255 3416 confusionem
3279 3364 3439 3417 simul
3470 3381 3571 3417 ua-

2003 3455 2256 3520 turalem,
2288 3463 2341 3508 et
2368 3454 2689 3508 divisionem
2728 3469 2918 3508 eorum
2955 3459 3298 3525 personalem
3323 3459 3570 3514 introdu-

2003 3548 2114 3600 cit:
2167 3546 2438 3615 ineognita
2491 3561 2718 3614 prorsus
2768 3546 3090 3602 idiomatum
3145 3552 3572 3609 commutatione

2002 3638 2235 3692 naturali
2259 3653 2448 3691 eorum
2479 3636 2618 3691 facta
2650 3638 2989 3694 exsistentia.

2250 3728 2521 3797 Ejusdem,
2555 3745 2619 3783 ea:
2669 3731 2849 3784 eodem
2899 3747 3155 3788 sermone.
3195 3731 3322 3786 VII.

2072 3842 2183 3896 VII.
2220 3842 2274 3896 Si
2307 3858 2435 3898 vero
2487 3843 2728 3912 ejusdem
2772 3844 2874 3899 sibi
2907 3861 3014 3898 non
3041 3845 3142 3900 fuit
3187 3856 3412 3910 natura,
3469 3859 3570 3900 net:

1999 3937 2240 4005 ejusdem
2277 3937 2379 3991 sibi
2427 3937 2719 4005 aliquando
2769 3938 2859 3990 ﬁet
2900 3939 3164 3992 naturalis
3204 3938 3570 4008 operationis;

2002 4045 2067 4081 ue
2094 4039 2350 4098 appareat
2377 4029 2673 4083 secundum
2734 4039 2984 4082 naturam
3019 4030 3388 4099 operationem
3431 4031 3567 4084 inae--

2000 4119 2215 4188 qualem
2244 4120 2446 4173 habere
2468 4127 2522 4173 et
2554 4119 3047 4184 inconvenientem,
3081 4119 3155 4189 (σ)
3182 4128 3235 4172 et
3262 4133 3373 4173 suae
3397 4119 3569 4187 ipsius

1999 4227 2097 4281 per
2119 4211 2299 4266 omnia
2332 4227 2522 4266 eorum
2559 4228 2680 4282 qua:
2710 4228 2808 4267 sua
2832 4222 2958 4266 sunt
2981 4213 3248 4290 naturalis
3281 4221 3570 4267 extraneus

1998 4305 2176 4364 factus
2205 4309 2530 4378 aequalitatis
2580 4318 2634 4363 et
2680 4309 3016 4365 identitatis:
3057 4309 3201 4380 quod
3225 4291 3307 4364 est
3353 4310 3570 4380 penitus

1929 4417 1972 4472 υ
1997 4403 2244 4473 impium.

2251 4515 2526 4585 Ejusdem,
2553 4530 2616 4568 ea:
2647 4516 2822 4568 eodem
2859 4532 3111 4571 sermone.
3156 4514 3320 4569 ΗΠ.

2079 4629 2210 4685 Vlll.
2243 4629 2302 4684 1n
2357 4631 2503 4686 hunc
2541 4640 2721 4685 autem
2776 4646 3018 4686 errorem
3049 4633 3183 4686 illati
3245 4640 3391 4696 sunt,
3432 4631 3574 4684 male

2002 4724 2282 4779 credentes
2296 4723 2567 4793 propriam
2591 4723 2772 4778 carnis
2788 4723 3031 4778 effectam
3054 4726 3292 4778 divinam
3312 4726 3574 4795 operatio-

2007 4830 2151 4880 nem,
2177 4830 2298 4884 qua:
2323 4815 2604 4884 peripsam
2631 4816 2684 4868 in
2718 4816 2994 4871 miraculis
3013 4816 3352 4872 manifestata
3377 4827 3479 4884 est;
3497 4825 3570 4888 (τ)

2006 4923 2111 4977 qua
2136 4914 2308 4962 totum
2336 4908 2588 4962 Christus
2610 4908 2983 4964 substantians
3006 4911 3300 4968 secundum
3321 4910 3466 4980 Quod
3489 4911 3574 4964 in-

2009 4998 2262 5068 telligitur
2283 4997 2445 5053 Deus.
2479 5006 2626 5054 tenet
2653 5008 2945 5055 retentum.
2979 4999 3096 5056 Non
3124 5002 3268 5056 enim
3295 5017 3570 5072 cognove-

2007 5100 2154 5158 runt,
2190 5091 2526 5162 impossibile
2575 5107 2695 5147 esse
2727 5093 2922 5148 divina:
2944 5094 3312 5163 Operationem
3341 5104 3570 5156 naturae,

2005 5185 2230 5239 alterius
2290 5193 2498 5239 natura:
2552 5186 2873 5241 substantize
2929 5187 3130 5241 idioma
3188 5186 3301 5241 ﬁeri
3367 5188 3572 5256 absque

2006 5276 2458 5331 convertibilitate
2516 5295 2530 5329 :
2585 5293 2759 5347 neque
2812 5279 3221 5344 intellexerunt,
3273 5281 3416 5348 quod
3460 5296 3570 5334 non

2006 5371 2192 5439 utique
2221 5370 2500 5438 proprium
2535 5369 2605 5424 sit
2634 5371 2846 5430 carnis,
2897 5371 3039 5439 quod
3079 5385 3173 5440 per
3204 5385 3322 5424 eam
3352 5371 3568 5442 quidem

2008 5471 2286 5516 ostensum
2315 5471 2418 5525 est,
2447 5477 2554 5515 non
2587 5479 2650 5516 ex
2677 5479 2738 5516 ea
2771 5463 3088 5515 naturaliter
3115 5471 3314 5528 ortum,
3343 5479 3573 5533 praeser-

2013 5555 2106 5608 tim
2131 5568 2255 5608 cnm
2278 5553 2438 5608 clarae
2466 5555 2536 5609 sit
2561 5554 2641 5609 eis
2671 5563 2722 5608 et
2746 5552 3045 5609 manifesta!
3070 5555 3427 5624 probationis.
3459 5557 3571 5630 Ego

414 5738 526 5808 (56)
569 5740 684 5808 Μή.
737 5740 810 5798 ita
861 5759 981 5800 cum
1012 5745 1302 5818 interprete
1346 5750 1725 5810 Combetisius.
1753 5753 1893 5812 Editi
1932 5754 2207 5812 Sirmond.
2238 5765 2292 5813 et
2321 5757 2533 5815 Fabric.
2566 5766 2756 5830 praeter
2782 5772 2914 5824 rem,
2954 5761 3069 5829 μέν.
