3860 6200
583 230 687 286 839
770 254 781 263 -
1251 224 1309 281 S.
1346 223 1705 282 HIPPOLYTI
1745 227 1896 286 OPP.
1938 232 2121 289 PARS
2158 231 2226 289 ll.
2264 259 2335 273 -—
2370 228 2672 286 DOGMAT.
2717 227 2807 284 ΕΤ
2847 229 3186 290 IllSTORlC.
3660 252 3746 312 διο

579 354 727 409 enim
773 353 960 422 lingua
1005 349 1236 420 loquens
1277 357 1333 405 et
1377 348 1544 405 manu
1594 352 1876 417 scribens,
1910 371 2074 411 uuam

2224 350 2357 423 ιτὴν
2388 350 2453 404 δι’
2484 351 2687 422 ἀμφοῖν
2710 350 2809 421 τῆς
2835 352 3025 423 νοερᾶς
3057 370 3157 424 μου
3209 353 3380 427 ψυχῆς
3421 360 3629 427 ἐκιξαίνω
3663 370 3748 426 διὰ-

579 448 828 502 eamdem
877 460 974 515 per
1017 452 1306 513 utramque
1354 444 1735 501 intellectualis
1778 447 1976 503 animae.
2025 464 2103 503 me

2261 462 2430 509 νοιαν,
2471 443 2750 514 ἐνέργειαν
2779 444 2952 515 αὐτῆς
2976 445 3319 518 ὑπάρχουσαν
3350 456 3581 524 ςυσικήκν
3603 461 3750 530 μηδενὶ

579 538 798 609 profero
819 536 1238 607 cogitationem;
1270 537 1636 605 operationem
1669 536 1788 607 ejus
1809 540 2102 596 exsistcnte

2257 537 2401 608 λόγῳ
2451 536 2630 603 δείξας
2684 536 2851 608 αὐτὴν
2908 536 3181 611 γλώσσης,
3243 541 3277 613 ἦ
3330 544 3519 615 χειρὸς,
3558 554 3749 621 φυσικῶς

581 630 885 686 naturalem
920 648 934 683 :
967 629 1116 683 nulla
1146 630 1357 684 ratione
1382 630 1677 685 ostendens
1704 646 1825 685 eam
1861 630 2041 703 lingua
2074 648 2105 686 v

2257 627 2619 698 ὲκφυομένην·
2648 629 2787 698 μήτε
2824 627 2931 699 μὴν
2984 630 3281 702 γενομένην
3310 635 3534 707 αὐτῶνῆ
3570 638 3749 713 λεγομέ-

579 736 745 775 manu
789 720 1111 775 naturaliter
1157 730 1367 787 ortam;
1420 723 1512 776 sed
1542 737 1643 778 nec
1672 721 1922 777 effectam
1965 739 2103 777 earu:

2255 736 2353 790 νην
2381 719 2638 784 διάνοιαν,
2692 719 2778 773 διὰ
2833 720 2933 792 τὴν
2977 721 3043 774 δι’
3085 723 3286 794 ἀμφοῖν
3334 726 3493 797 αὐτῆς
3527 731 3750 801 malum.

578 814 663 868 vel
714 812 914 875 dictam
960 813 1346 883 cogitationem
1393 823 1615 884 propter
1661 814 1782 884 ejus
1820 831 1887 870 ex
1928 824 2102 886 utreqt

2254 811 2511 865 Γλῶσσαν
2538 811 2668 883 γὰρ,
2715 812 2747 883 ἦ
2803 815 2980 884 χεῖρα,
3029 813 3371 887 διανοητικὴν
3430 824 3622 887 συνετὸς
3646 822 3754 880 οἶδεν

576 904 1090 985 manifestationem.
1132 904 1397 977 Linguam
1431 906 1577 961 enim
1620 908 1706 962 vel
1754 923 1974 962 manum
2004 924 2100 980 cog

2254 904 2447 968 οὐδείς’
2499 903 2686 976 ὥσπερ
2711 904 2829 957 οὐδὲ
2882 905 2979 977 τὴν
3028 907 3299 976 παναγίαν
3336 909 3425 973 τοῦ
3454 910 3575 965 Θεοῦ
3597 915 3753 987 σάρκα,

576 998 799 1052 tativam
840 996 1115 1067 sapienter
1145 999 1296 1052 novit
1327 1013 1488 1053 nemo
1513 1015 1526 1052 :
1564 999 1709 1054 sicut
1742 1014 1843 1055 nec
1871 1001 2100 1057 sanctiss

2252 995 2340 1050 διὰ
2393 996 2455 1049 τὸ
2491 996 2922 1068 προσληφθῆναι,
2954 997 3049 1052 καὶ
3094 998 3158 1051 τὺ
3205 998 3272 1052 δι’
3301 1001 3461 1073 αὐτῆς
3486 1006 3757 1081 ὲκφανθῆναι

575 1106 721 1144 mam
747 1090 841 1144 Dei
876 1106 1118 1157 carnem,
1150 1105 1249 1159 pro
1278 1105 1344 1144 eo
1364 1092 1509 1160 quod
1548 1099 1829 1161 assumpta
1858 1092 1949 1156 sit,
1984 1102 2038 1147 et
2059 1110 2099 1162 ιν

2252 1086 2350 1157 τὴν
2413 1085 2562 1140 θείαν
2614 1087 2915 1159 ἐνέργειαν,
2944 1088 3245 1159 γενομένην
3287 1091 3404 1144 κατ’
3444 1093 3587 1149 αὑτὸν
3631 1099 3756 1168 φύσει

573 1200 694 1239 eam
729 1183 912 1239 divina
940 1184 1014 1239 sit
1043 1185 1288 1253 operatio
1315 1184 1461 1238 clara
1486 1182 1696 1249 eﬂ'ecta,
1717 1185 2015 1240 secundum
2053 1201 2097 1238 n:

2251 1174 2599 1246 δημιουργόν.
2643 1174 2780 1228 Ἀλλ’
2830 1175 3069 1240 εὐσεϐῶς
3096 1176 3349 1247 ὁμολογεί
3400 1183 3656 1248 πιστεύων,
3694 1188 3756 1241 ὅτι

573 1284 749 1330 turam
809 1274 1185 1329 conditricem.
1248 1273 1354 1327 Sed
1414 1274 1500 1343 pie
1553 1274 1841 1329 conﬁtetur
1902 1275 2095 1330 creden

2249 1267 2337 1321 διὰ
2369 1268 2466 1339 τὴν
2489 1268 2644 1339 ἡμῶν
2668 1269 2962 1341 σωτηρίαν,
2990 1269 3085 1323 καὶ
3110 1270 3175 1322 τὸ
3203 1269 3361 1339 δῆσαι
3399 1273 3524 1344 πρὸς
3545 1275 3755 1347 ἀτρεψίαν

579 1366 708 1435 quia
740 1372 958 1434 propter
988 1363 1218 1418 salutem
1251 1372 1515 1431 nostram,
1543 1374 1599 1419 et
1627 1374 1687 1418 ut
1716 1365 1783 1419 ad
1808 1366 2103 1421 inconvers‘

2249 1355 2309 1409 τὸ
2338 1358 2469 1421 πᾶν,
2502 1360 2530 1411 ὁ
2558 1357 2665 1412 τῶν
2698 1357 2836 1411 ὅλων
2894 1358 3227 1430 δημιουργὸς
3292 1361 3356 1415 ἐκ
3401 1362 3492 1433 τῆς
3539 1370 3755 1436 παναγξας

573 1454 839 1508 bilitatem
869 1453 1061 1523 ligaret
1087 1454 1519 1521 universitatem,
1553 1455 1931 1512 universorum
1959 1460 2097 1514 cond

2250 1447 2609 1520 ἀειπαρθένου
2643 1450 2885 1523 Μαρίας,
2919 1451 3060 1505 κατὰ
3096 1451 3359 1523 σύλληψιν
3385 1453 3640 1525 ἄχραντον,
3662 1459 3755 1532 δίχα

568 1556 653 1600 tor
678 1561 744 1600 ex
776 1547 1120 1601 sanctissima
1169 1562 1385 1617 semper
1435 1545 1655 1617 Virgine
1685 1546 1854 1603 Maria
1888 1564 1982 1619 per
2010 1565 2092 1605 θοι

2247 1541 2493 1611 τροπῆς,
2562 1542 2892 1608 ένουσιὼσας
2951 1544 3131 1615 ἐαυτῷ
3193 1543 3370 1616 ψυῄὴν
3426 1547 3598 1618 νοερὰν
3648 1554 3754 1620 μετὰ

567 1637 873 1707 ceptionem
926 1637 1294 1693 inviolabilem
1346 1638 1465 1693 sine
1510 1639 1969 1695 conversibilitate
2012 1641 2091 1697 sul

2249 1633 2567 1705 αἰσθητικοῦ
2606 1634 2876 1706 σώματος,
2932 1635 3157 1705 γέγονεν
3208 1636 3485 1708 ἄνθρωπος
3525 1639 3755 1706 φύσεικα-

569 1730 842 1786 stantians
879 1729 1100 1784 sibimet
1149 1730 1387 1787 animam
1421 1730 1837 1786 intellectualem
1866 1749 1990 1787 cum
2018 1751 2093 1790 sei

2247 1727 2369 1791 κίας
2389 1726 2689 1797 ἀλλότριος·
2725 1726 2845 1791 ὅλος
2886 1727 3021 1790 Θεὸς
3045 1730 3073 1781 ὁ
3097 1727 3280 1791 αὐτὸς,
3330 1729 3420 1782 καὶ
3458 1729 3565 1793 ὅλος
3587 1732 3750 1805 ἂνθρω-

567 1821 685 1875 sivo
729 1836 953 1890 corpore
972 1864 988 1887 ,
1036 1830 1230 1876 natura
1257 1820 1436 1877 factus
1467 1830 1551 1877 est
1573 1823 1737 1878 homo
1762 1825 1981 1880 malitia:
2007 1827 2091 1881 alit

2246 1835 2345 1881 πος
2375 1818 2404 1870 ὁ
2441 1817 2625 1881 αύτός·
2659 1816 2779 1881 ὅλος
2804 1817 2935 1882 Θεὸς
2974 1816 3111 1889 ὁμοῦ
3158 1817 3321 1887 φύσει
3354 1818 3445 1871 καὶ
3482 1820 3750 1892 ἄνθρωποςὸ

565 1928 670 1967 nus
702 1930 715 1966 :
755 1921 901 1967 totus
926 1911 1069 1967 Deus
1096 1913 1209 1983 ipse
1230 1952 1245 1978 ,
1277 1921 1425 1968 totus
1452 1912 1616 1968 homo
1646 1913 1785 1969 idem
1822 1915 1964 1985 ipse;
1999 1925 2089 1971 toti

2242 1911 2422 1974 αὑτός.
2451 1910 2675 1982 Θεότητι
2709 1909 2817 1982 (57)
2876 1912 2972 1983 μὲν
2992 1910 3060 1965 τὰ
3087 1910 3210 1964 θεῖα
3241 1910 3329 1965 διὰ
3361 1913 3456 1983 τῆς
3478 1913 3623 1967 αύτοῦ
3646 1932 3746 1968 παν-

564 2005 708 2061 Deus
751 2007 951 2076 pariter
1000 2016 1194 2062 natura
1228 2017 1282 2062 et
1330 2008 1495 2063 homo
1548 2008 1690 2064 idem
1736 2010 1869 2079 ipse.
1938 2010 2086 2067 Deita

2243 2002 2407 2071 αγίας
2444 1994 2679 2075 ’σαρκὺς,
2710 2004 2811 2057 οὐκ
2840 2003 2971 2057 ὅντα
3003 2003 3168 2072 φύσει
3198 2005 3300 2076 τῆς
3330 2007 3519 2076 σαρκὸς
3542 2008 3742 2077 ἐνεργῶν·

563 2098 816 2167 quidem,
861 2099 1044 2153 divina
1073 2115 1169 2168 per
1194 2115 1349 2154 suam
1383 2099 1554 2171 ipsius
1581 2102 1982 2157 sanctissimam
2018 2120 2081 2159 ca

2240 2094 2615 2167 ἀνθρωπότητι
2665 2094 2723 2148 δὲ
2748 2096 2817 2150 τὰ
2846 2094 3187 2167 ἀνθρώπινα,
3217 2097 3317 2151 ούκ
3353 2096 3473 2150 ὅντα
3510 2097 3743 2167 φύσειε)εό-

562 2202 724 2250 nem,
764 2203 871 2243 non
904 2189 1221 2244 exsistentia
1252 2200 1447 2247 natura
1479 2194 1683 2258 carnis,
1730 2209 1995 2264 operans;
2032 2195 2086 2250 lu

2237 2202 2417 2257 τητος,
2465 2187 2631 2259 ἀνοχῇ
2662 2188 2884 2259 πάσχων
2919 2187 3199 2259 θεότητος.
3229 2188 3408 2261 Μηδὲν
3438 2188 3566 2243 θεῖον
3589 2190 3742 2261 γυμνὸν

559 2275 819 2329 manitate
848 2292 998 2340 vero,
1028 2278 1291 2343 humana,
1319 2294 1426 2334 non
1451 2282 1769 2337 exsistentia
1799 2294 1991 2339 natura
2020 2285 2083 2340 de

2240 2277 2490 2350 σώματος
2525 2282 2843 2352 ἐνεργήσας·
2885 2280 3018 2352 μηδὲ
3049 2281 3388 2353 ἀνθρώπινον
3423 2284 3450 2336 ὁ
3470 2282 3613 2347 αὐτὸς
3630 2283 3742 2355 ἄμιι-

559 2366 714 2432 tatis,
740 2367 955 2424 deitatis
982 2370 1315 2441 indulgentia
1360 2373 1593 2441 patiens.
1634 2373 1721 2429 Nil
1753 2376 1997 2432 divinum
2033 2395 2083 2432 nt

2239 2389 2329 2445 ρον
2355 2372 2559 2444 δράσας
2580 2374 2851 2446 θεότητος·
2877 2375 3060 2445 τηρῶν
3092 2376 3273 2447 ἑαυτῷ
3297 2377 3391 2430 καὶ
3415 2377 3528 2432 καθ’
3550 2378 3602 2430 ὃν
3626 2378 3741 2449 ἑνήρ-

556 2455 686 2510 dum
738 2471 969 2527 corpore
1015 2468 1272 2530 operatur
1318 2479 1332 2515 :
1385 2463 1463 2517 nil
1507 2464 1805 2519 humanum
1847 2467 1989 2522 idem
2020 2468 2080 2539 ip:

2237 2481 2405 2536 γησεν
2437 2466 2723 2538 ἀμφότερα
2780 2468 3117 2540 καινοπρεπῆ
3156 2468 3358 2540 τρόπον
3407 2470 3531 2540 (38),
3575 2469 3626 2524 τὸ
3654 2469 3739 2524 κατ’

553 2548 825 2618 privatum
850 2549 1130 2607 divinitate
1152 2569 1378 2624 gerens;
1415 2570 1640 2612 servans
1670 2557 1888 2613 sibimet
1912 2558 2073 2615 modu

2233 2558 2402 2629 ἄμφω
2430 2559 2675 2628 φυσικῶς
2723 2559 3100 2615 ἀναλλοίωτον
3140 2565 3222 2625 είς
3252 2564 3506 2616 πίστωσιν
3539 2563 3625 2633 τῆς
3648 2564 3738 2617 ἑαυ-

555 2641 857 2695 secundum
886 2651 1179 2714 utrumque
1227 2645 1644 2713 immutabilem,
1677 2663 1772 2717 per
1806 2664 1967 2719 quem
1996 2665 2079 2720 opt

2234 2650 2328 2705 τοῦ
2360 2650 2568 2717 τελείας
2620 2652 3117 2724 ὲνανθρωπήσεως,
3162 2655 3264 2726 τῆς
3315 2654 3478 2719 ὅντως
3528 2654 3734 2726 ἀληθοῦς.

555 2741 711 2788 ratus
737 2742 821 2789 est
849 2744 1080 2806 utraque
1119 2735 1331 2792 decenti
1379 2754 1551 2800 more.
1588 2740 1656 2795 ad
1683 2741 2079 2811 approbatione}

2235 2741 2331 2795 ml
2358 2741 2523 2813 μηδὲν
2567 2740 2798 2814 ἐχούσης
2840 2744 3197 2817 φαυλότητος.
3243 2746 3301 2798 '0
3348 2746 3442 2816 μὲν
3468 2741 3552 2799 οὖν
3575 2746 3734 2816 Βήρων,

552 2824 804 2894 perfectae
829 2842 894 2882 ac
922 2844 1081 2892 verat,
1110 2829 1354 2900 nihilque
1380 2830 1630 2887 habentis
1655 2832 1940 2902 pravitatis
1968 2833 2076 2887 inln

2228 2830 2404 2897 οὓτως
2430 2832 2588 2904 ἔχων,
2619 2834 2694 2898 ὡς
2726 2834 2881 2906 ἔφην,
2913 2835 3196 2908 ἐνεργείας
3233 2836 3416 2907 μονάδι
3439 2835 3530 2907 τὴν
3564 2835 3734 2905 θωτι

551 2919 883 2975 manationis
912 2935 1045 2976 suae.
1087 2919 1276 2991 Itaque
1303 2921 1439 2977 Bero
1471 2924 1689 2993 quidem
1718 2925 1797 2979 sic
1818 2941 1877 2981 se
1898 2925 2071 2981 haben

2229 2922 2325 2978 τοῦ
2369 2923 2606 3001 Χριστοὸ
2668 2926 2764 2979 καὶ
2805 2925 2904 2998 τὴν
2946 2927 3347 3001 ἀνθρωπότητα
3377 2927 3591 2998 συγχέας
3634 2926 3732 2997 ὁμοῦ

553 3018 611 3062 ιιι
638 3009 771 3076 dixi,
805 3011 1136 3080 operationis
1167 3013 1403 3068 monade
1429 3013 1687 3070 deitatem
1716 3014 1917 3073 Christi
1945 3028 1999 3073 et
2023 3020 2077 3074 lit

2231 2999 2495 3087 φυσικίῖις,
2548 3017 2644 3071 καὶ
2698 2999 3065 3092 προσωπικῶς
3116 3021 3376 3092 μερίζων,
3420 3019 3643 3075 καταλύει
3667 3018 3731 3071 τὸν

550 3100 866 3155 inanitatem
916 3102 1234 3158 naturaliter
1283 3104 1448 3159 simul
1496 3106 1860 3176 confundens,
1895 3120 1950 3164 et
1993 3125 2074 3181 par

2232 3108 2365 3180 βίον·
2395 3110 2668 3182 ἀγνοήσας
2692 3089 2861 3183 μὸνης
2907 3113 3007 3184 τῆς
3044 3089 3159 3169 τίὸν
3193 3089 3464 3187 -ὅμοφυῶν
3488 3110 3730 3183 προσώπων

545 3192 688 3247 tiens
711 3193 1084 3262 personaliter,
1105 3194 1355 3251 dissolvit
1384 3197 1546 3253 vitam
1581 3217 1595 3253 :
1634 3197 1709 3271 (υ)
1743 3200 2003 3272 ignorans
2028 3219 2069 3259 St

2229 3204 2499 3277 ὅμοφυοῦς
2550 3204 2877 3278 ταυτότητως
2930 3204 3027 3278 τὴν
3050 3207 3414 3281 ταυτουργίαν
3461 3202 3584 3260 εἶναι
3603 3202 3730 3274 δηλω-

547 3283 653 3338 lius
706 3292 895 3340 contra
952 3286 1285 3375 naturalium
1341 3303 1695 3359 personarum
1756 3296 2121 3352 connaturalis
2226 3297 2405 3368 τικήν.
2931 3324 2937 3331 -

549 3374 849 3433 identitatis
892 3376 1138 3433 eamdem
1168 3379 1342 3450 ipsam
1369 3382 1737 3452 operationem
1760 3398 1884 3441 esse
1911 3386 2119 3456 signiﬁ-

543 3463 797 3519 cativam.

2144 3621 2215 3636 ξ

1907 3763 2386 3827 SYLLOGISMI
2396 3812 2411 3827 .

1151 3916 1243 3975 De
1310 3913 1666 3993 suppositis
1724 3914 1851 3998 (39)
1882 3914 2232 3990 “divinitus
2298 3913 2699 3994 sapientibus
2754 3915 3169 3991 testimoniis,

1625 4031 1687 4081 et
1723 4018 1891 4093 aliis,
1925 4017 2216 4099 ejusdem
2248 4019 2310 4079 S.
2342 4018 2687 4081 Anastasii.

602 4207 645 4264 1.
685 4228 706 4262 ι
750 4209 889 4267 Ecce
935 4224 1083 4265 nunc
1131 4217 1186 4265 et
1235 4207 1641 4265 sacratissimns
1673 4208 1762 4264 hic
1795 4217 1848 4264 et
1873 4224 2104 4281 magnus
2208 4208 2655 4279 praevaricatione
2682 4208 2856 4279 jubet.
2907 4207 3294 4265 Diﬁlcillimum
3325 4219 3494 4265 autem
3529 4217 3711 4270 esse.»

531 4302 746 4369 doctor,
784 4304 1133 4373 veritatisque
1170 4302 1324 4357 testis
1363 4301 1558 4368 ﬁdelis,
1589 4302 1934 4357 concorditer
1976 4317 2100 4357 cum
2210 4299 2387 4354 modis
2433 4299 2690 4354 omnibus
2739 4298 3078 4370 impossibile
3117 4299 3344 4359 deﬁnit.
3377 4309 3433 4354 ut
3474 4314 3614 4353 unam
3646 4308 3711 4348 ro-

532 4396 656 4451 nliis
700 4396 955 4450 omnibus
996 4394 1198 4450 sanctis
1238 4394 1519 4450 catholica:
1548 4391 1637 4446 Dei
1675 4407 1738 4447 ac
1790 4392 2103 4463 apostolicae
2207 4390 2471 4445 luntatem
2513 4398 2567 4445 et
2598 4390 2989 4459 Operationem,
3031 4398 3127 4445 aut
3167 4401 3409 4445 naturam
3454 4405 3595 4445 unam
3628 4385 3710 4440 dci-

531 4485 936 4542 institutoribus
968 4485 1239 4549 Ecclesiae,
1275 4486 1415 4541 duas
1453 4483 1754 4540 secundum
1798 4485 2101 4545 unitionem
2209 4480 2336 4535 tatis
2373 4491 2427 4535 et
2457 4480 2812 4537 humanitatis
2846 4482 2967 4551 ejus
2994 4481 3361 4537 conﬁteantur
3408 4480 3496 4548 hi,
3540 4480 3616 4550 qui
3648 4489 3706 4545 pte

531 4575 871 4635 ineonfusam
890 4566 1834 4649 etimpartibilem,quemadmodum
1853 4585 2099 4643 naturas,
2139 4636 2175 4649 ﬁ
2211 4572 2391 4628 vivere
2438 4573 2646 4627 volunt.
2700 4571 2927 4642 Propter
2972 4574 3118 4644 quod
3172 4586 3227 4630 et
3272 4575 3374 4629 tale
3415 4573 3534 4645 quid
3583 4571 3626 4624 in
3661 4579 3706 4619 eo

529 4672 603 4726 ita
628 4671 789 4725 etiam
821 4671 958 4726 duas
982 4636 1288 4728 voluntates
1321 4680 1375 4729 et
1397 4636 1545 4728 'duas
1588 4672 1932 4741 Operationes
1966 4684 2098 4725 con-
2137 4636 2179 4691 υ
2210 4665 2661 4737 ἀοειηειιίῑαηιθεν
2709 4672 2967 4735 laminam
3016 4666 3213 4736 impios
3241 4673 3294 4721 ει
3321 4666 3517 4721 diem”
3558 4662 3705 4716 imm?

527 4774 782 4831 gruentes
797 4775 848 4820 et
871 4764 1259 4821 convenientes
1284 4766 1515 4828 naturis,
1538 4764 1775 4819 divinam
1814 4772 1873 4817 ut
1893 4762 2098 4817 dictum
2203 4760 2396 4813 culata:
2432 4767 2633 4814 nostra:
2661 4757 3099 4813 Christianorum
3146 4758 3271 4813 ﬁdei
3315 4758 3493 4828 abjicit
3531 4763 3577 4810 et
3605 4766 3704 4807 con-

524 4867 682 4913 estet
704 4859 1019 4921 humanam,
1045 4858 1339 4913 increatam
1379 4866 1433 4912 et
1463 4865 1732 4916 creatam,
1778 4869 1888 4908 non
1928 4855 2099 4909 incm-
2205 4853 2446 4912 demnat,
2483 4865 2691 4920 nosque
2725 4850 2828 4906 hoc
2862 4849 3039 4906 facere
3072 4860 3418 4920 protestatur.
3449 4844 3699 4904 Deduabus

524 4958 671 5017 ptam
712 4959 766 5004 et
809 4958 1061 5019 coeptam,
1112 4958 1368 5019 tanquam
1401 4947 1494 5002 Dei
1547 4947 1711 5002 simul
1765 4954 1819 5001 et
1863 4945 2100 5001 hominis
2200 4945 2345 4999 enim
2377 4943 2674 4999 Salvatoris
2720 4944 2889 4999 nostri
2936 4944 3137 5000 Christi
3167 4945 3373 4999 naturis
3403 4952 3454 4997 et
3481 4935 3700 5011 operatio-

526 5043 689 5098 nnius
703 5051 757 5097 et
776 5042 1018 5112 ejusdem
1041 5040 1254 5096 Domini
1284 5040 1455 5095 nostri
1476 5039 1605 5095 Jcsu
1637 5039 1865 5097 Christi.
1896 5053 2095 5108 magna
2203 5038 2392 5099 nibus,
2442 5045 2503 5090 ut
2554 5037 2788 5092 breviter
2827 5052 2998 5107 pauca
3042 5053 3108 5092 ex
3141 5038 3311 5094 sacris
3354 5036 3486 5091 illius
3517 5025 3697 5099 eloquiis

522 5150 651 5191 voce
680 5134 966 5191 conﬁtetur
996 5150 1060 5189 ac
1086 5133 1373 5205 praedicat,
1413 5140 1467 5187 et
1495 5131 1741 5187 conﬁteri
1784 5131 1943 5186 nobis
1973 5130 2095 5186 sine
2199 5130 2507 5201 expediam,
2545 5130 2657 5184 hinc
2687 5130 2963 5185 evidenter
2985 5130 3232 5186 allatum

588 5381 701 5453 (57)
720 5380 898 5453 ’ολος
912 5380 1371 5453 ssi-emaequ
1390 5378 1466 5453 Ita
1484 5394 1607 5453 cum
1626 5378 1915 5453 interprete
1931 5378 2091 5453 Com-

2200 5395 2219 5428 ι
2257 5377 2476 5453 licitatis
2510 5375 2847 5453 indulgentia
2873 5385 3118 5453 patiens;
3153 5395 3191 5453 ι
3215 5364 3685 5453 (ιυωβιίοευάοξηξιξς

520 5443 762 5533 lieﬁsius:
800 5443 1381 5533 lle—liqui,-Sir‘mond.,
1420 5449 1632 5533 Fabric.
1671 5443 2029 5533 et‘Basnag”

2216 5448 2374 5531 ,(⁵8)
2413 5443 2791 5533 ceroma
2809 5443 3060 5533 ,τρόπονς
3100 5443 3687 5533 ’Νον².έεῖεπέἕὶξ¹ἷ¹ῗι,ἷξ;

516 5496 1391 5593 tamtam;6:55;}:
1423 5496 1646 5575 Ξιῗῖτῗῖ.
1675 5496 2040 5593 ῐῇιέἆὲὲῐεζξὸ

2190 5496 2404 5573 ιῖυὶιο.’›
2419 5517 2593 5593 ,Αιιιιιο
2609 5496 2751 5593 istud
2768 5496 3103 5593 ἑῷῗκᾳινήτ
3128 5533 3259 5593 τινα,
3282 5496 3686 5593 ἐνέργεέατῗῖιέεῖν

518 5579 808 5659 repetitam.
836 5579 1029 5647 'vocem
1066 5579 1262 5657 αὐτὸς,
1304 5579 1573 5648 excidisse
1629 5579 1900 5645 videntur.
1958 5588 2042 5644 llm

2190 5590 2572 5659 ποιίιτιεύσας.
2607 5579 2831 5657 Dionysi
2868 5588 3026 5658 epist.
3047 5579 3096 5642 ’4
3127 5589 3189 5642 ad
3220 5579 3678 5659 CaiuntLComiﬂll'

517 5646 647 5713 item
693 5678 759 5715 ex
796 5646 1126 5718 Comrbelisio
1160 5646 1226 5718 in.
1246 5646 1693 5733 interpretatione
1721 5660 2080 5727 rcstituimus,
2260 5661 2371 5733 r59)
2416 5646 2832 5728 Suppositisfld
2859 5646 2962 5731 es;
2991 5675 3155 5730 supra
3186 5656 3384 5728 positis.
3415 5650 3599 5703 Fnstc.
