3852 6208
335 312 430 379 stt

743 450 819 506 Eat
848 453 1073 508 editione
1105 453 1501 509 Sirmondiana.

406 540 471 594 ll.
523 539 763 613 Utraque
786 544 898 616 (40)
921 547 1210 602 ostendens
1244 562 1406 616 super
1437 561 1557 616 quae
1588 526 1921 617 dupliciter,-

336 632 515 688 divine
554 636 761 691 scilicet
794 646 847 691 et
877 639 1129 705 humane,
1166 647 1446 707 operatum
1475 646 1559 693 est
1596 638 1895 693 secundum

334 725 581 780 eamdem
628 742 747 795 qua:
782 728 1041 783 veraciter
1087 745 1209 784 vera
1252 739 1335 783 est
1378 738 1431 783 et
1462 730 1731 785 naturalis
1760 730 1893 785 sub-

334 817 557 882 stantia,
584 816 751 873 Deum
792 819 1113 877 immensum
1147 821 1309 876 simul
1340 831 1394 876 et
1422 822 1892 892 circumscriptum

331 911 605 967 hominem
657 915 1001 970 exsistentem
1051 925 1105 970 et
1149 916 1496 983 intellectum,
1533 917 1890 972 substantiam

328 1004 615 1075 utriusque
642 1005 874 1077 perfecte
901 1006 1189 1077 perfectam
1220 1009 1506 1063 habentem
1540 1024 1662 1064 cum
1693 1024 1891 1078 Opera-

327 1097 475 1152 tione
512 1114 647 1162 sua,
695 1098 746 1153 id
783 1110 866 1155 est
897 1102 1129 1155 naturali
1166 1102 1512 1171 proprietate.
1559 1101 1628 1156 Et
1670 1119 1891 1161 rursus:

323 1188 441 1244 Non
473 1191 616 1244 enim
652 1191 761 1258 (41)
795 1192 932 1247 facta
961 1202 1044 1248 est
1086 1203 1277 1249 natura
1313 1195 1488 1251 deitas
1522 1204 1885 1252 transmutata

323 1292 518 1336 natura
573 1299 721 1350 caro,
782 1284 919 1340 facta
974 1297 1166 1342 natura
1217 1288 1513 1345 divinitatis
1557 1305 1686 1344 caro
1738 1306 1750 1342 :
1793 1293 1887 1346 sed

319 1376 469 1445 quod
506 1386 621 1431 erat
653 1379 812 1432 etiam
844 1379 1028 1435 deitati
1075 1391 1321 1453 coaptata
1362 1385 1566 1441 mansit
1607 1401 1754 1453 caro,
1804 1388 1889 1441 in-

318 1467 481 1522 ﬁrma
523 1481 577 1524 et
620 1473 893 1541 passibilis
938 1484 1131 1530 natura
1164 1485 1217 1530 et
1245 1479 1590 1547 operatione,
1646 1481 1787 1536 sicut
1812 1482 1889 1536 ait

323 1560 576 1618 Salvator
603 1580 615 1614 :
649 1584 666 1616 ι
697 1563 928 1634 Spiritus
960 1570 1173 1637 quidem
1210 1579 1511 1641 promptus,
1542 1589 1669 1629 caro
1701 1585 1883 1629 autem

322 1654 541 1709 infirma
563 1656 628 1709 ⁸⁸.
661 1675 678 1705 ι
719 1656 787 1711 Ει
812 1660 999 1713 iterum
1024 1676 1041 1715 :
1063 1661 1164 1716 Per
1194 1680 1352 1733 quam
1388 1665 1501 1736 (42)
1546 1679 1802 1736 operatus
1833 1677 1886 1723 et

317 1750 535 1816 patiens
574 1766 694 1819 qua:
738 1762 893 1807 erant
932 1755 1111 1811 carnis
1162 1757 1277 1811 sine
1311 1766 1551 1827 peccato,
1596 1776 1693 1829 pro
1726 1762 1884 1819 nobis

1358 329 1633 385 CONTRA
1672 327 1994 385 BERONEM
2034 328 2119 384 ET
2160 328 2570 387 IIELICONEM.

3465 336 3568 389 Si?

2322 452 2401 508 Ea:
2435 453 2662 508 editione
2697 453 3081 523 Combe/isiana
3115 453 3250 522 (49).

2068 543 2129 597 ll.
2176 542 2415 615 Utraque
2445 546 2735 601 ostendens
2767 562 2845 611 se,
2875 560 2940 601 eo
2968 546 3110 615 quod
3143 545 3431 617 dupliciter
3464 548 3568 619 (di-

1995 636 2122 691 vine
2162 637 2369 692 scilicet
2407 646 2461 692 et
2506 638 2766 710 humane)
2802 649 3086 710 operatum
3112 647 3227 707 est,
3270 640 3567 696 secundum

1994 728 2241 784 eamdem
2285 745 2407 799 qua:
2441 731 2703 785 veraciter
2733 746 2858 786 vera
2890 741 2943 787 et
2974 733 3238 787 naturalis
3265 732 3569 787 substantia

1996 830 2099 887 est,
2136 822 2305 876 Deum
2342 822 2667 880 immensum
2696 824 2879 892 simul,
2906 834 2960 881 et
2981 826 3453 895 circumscriptum
3479 841 3572 881 ex-

1994 910 2187 964 sistere
2234 926 2297 965 ac
2346 911 2571 983 intelligi
2618 914 2936 981 hominem;
3003 915 3287 985 utriusque
3333 914 3571 994 perfecte

1992 999 2285 1069 perfectam
2318 1004 2612 1058 essentiam
2646 1004 2953 1070 habentem,
2974 1022 3097 1061 cum
3126 1007 3270 1062 illius
3305 1008 3572 1077 operatio-

1994 1107 2093 1155 ne,
2144 1093 2196 1147 id
2228 1106 2341 1160 est,
2398 1096 2631 1150 naturali
2672 1096 3022 1167 proprietate.
3088 1097 3153 1151 Et
3186 1116 3371 1153 rursus
3400 1115 3420 1153 .'
3451 1101 3571 1156 Non

1990 1184 2137 1236 enim
2166 1200 2295 1239 caro
2332 1184 2476 1241 facta
2506 1197 2589 1242 est
2618 1196 2813 1241 natura
2842 1188 3035 1256 deitas,
3064 1191 3323 1247 translata
3348 1203 3567 1254 natura,

1992 1273 2131 1329 facta
2162 1276 2419 1333 videlicet
2445 1280 2745 1334 secundum
2780 1291 3035 1336 naturam
3066 1282 3369 1341 divinitatis
3397 1301 3566 1352 caro;

1990 1366 2084 1421 sed
2112 1368 2257 1437 quod
2281 1377 2417 1433 erat,
2454 1370 2618 1424 etiam
2660 1370 2843 1425 deitati
2874 1381 3087 1442 coapta,
3126 1375 3349 1441 mansit,
3382 1375 3430 1429 id
3462 1385 3565 1441 est,

1989 1476 2117 1515 caro
2144 1462 2357 1517 infirma
2390 1474 2442 1517 et
2467 1465 2741 1533 passibilis
2772 1475 2967 1520 natura
3002 1466 3408 1537 etoperatione,
3426 1470 3569 1523 sicut

1989 1554 2065 1606 ait
2115 1552 2415 1610 Salvator:
2477 1576 2495 1609 ι
2541 1558 2773 1627 Spiritus
2839 1559 3057 1630 quidem
3108 1571 3426 1630 promptus,
3469 1578 3565 1616 ca-

1990 1662 2051 1698 l0
2099 1655 2279 1701 autem
2329 1649 2564 1704 infirma.
2603 1670 2622 1701 ι
2682 1650 2751 1704 Et
2786 1668 2967 1707 rursus
3002 1667 3021 1705 :
3064 1651 3181 1719 Qua
3225 1663 3481 1722 operatus
3513 1636 3605 1708 et'

1988 1755 2202 1809 passus,
2226 1757 2347 1811 qua:
2369 1754 2528 1797 erant
2558 1744 2740 1798 carnis
2772 1745 2840 1799 ab
2863 1745 3009 1799 omni
3034 1755 3254 1815 peccato
3278 1745 3561 1811 immunis,

316 1840 580 1896 indicavit
614 1843 1035 1901 exinanilionem
1074 1823 1325 1914 deitatis"
1352 1823 1632 1907 miracmi's
1678 1863 1733 1907 et
1765 1870 1885 1909 car-
1918 1823 1961 1876 Β
1990 1830 2292 1889 divinitatis
2338 1851 2436 1904 pro
2492 1836 2652 1892 nobis
2697 1838 3122 1893 exinanitionem
3178 1840 3459 1896 miraculis
3511 1848 3583 1894 et»

314 1931 403 1987 nis
432 1934 781 2003 passionibus
809 1940 1129 1995 naturaliter
1161 1943 1491 1999 roboratam.
1549 1944 1617 1999 Et
1655 1947 1886 2002 iterum:

311 2022 635 2095 Mysterium
682 2029 792 2099 (ὀό)
838 2030 1031 2086 divina:
1092 2033 1479 2093 incarnationis
1523 2041 1786 2108 apostolis
1835 2051 1888 2096 et

310 2119 596 2187 prophetis
626 2130 787 2190 atque
825 2123 1138 2180 doctoribus
1170 2128 1387 2196 duplam
1418 2139 1472 2183 et
1499 2130 1768 2186 diversam
1797 2133 1889 2187 ha-

308 2211 441 2264 bere
494 2211 833 2283 dignoscitur
872 2218 1169 2272 naturalem
1206 2219 1257 2272 in
1296 2221 1549 2277 omnibus
1595 2224 1884 2289 theoriam,

308 2300 659 2358 indiminutaz
685 2306 897 2362 deitatis
929 2310 1216 2377 exsistens,
1249 2320 1301 2366 et
1340 2313 1509 2381 plena
1546 2315 1885 2372 demonstra-

307 2394 485 2449 tiVum
521 2396 896 2455 humanitatis.
925 2471 928 2474 q
956 2401 1023 2453 Et
1052 2404 1242 2458 iterum
1272 2421 1291 2459 .'
1321 2406 1529 2472 Quibus
1559 2409 1671 2479 (Μ)
1704 2412 1884 2466 divine

304 2487 519 2555 pariter
548 2496 604 2542 et
631 2488 866 2545 humane
890 2503 1142 2562 operatus
1171 2506 1287 2563 est,
1322 2498 1707 2567 perfectionem
1730 2543 1744 2567 ,
1790 2519 1883 2573 per

302 2593 533 2633 omnem
568 2582 851 2652 utriusque
881 2586 1168 2653 rationem,
1192 2590 1292 2643 sibi
1326 2593 1645 2648 naturaliter
1669 2595 1882 2651 incom-

304 2673 633 2727 mutabilem
690 2676 923 2731 salvans.
967 2677 1035 2730 Et
1080 2679 1267 2733 iterum
1296 2697 1315 2735 :
1357 2680 1443 2737 Nil
1488 2685 1730 2742 divinum
1768 2688 1881 2760 (45)

301 2765 521 2818 nudum
570 2780 796 2836 corpore
826 2779 1103 2837 cperatus,
1153 2773 1226 2827 nil
1261 2774 1558 2832 humanum
1592 2780 1733 2836 idem
1765 2783 1882 2854 ipse

299 2852 588 2923 privatum
609 2856 885 2913 divinitate
906 2875 1128 2929 gerens:
1165 2878 1387 2920 servans
1412 2868 1628 2924 sibimet
1659 2852 1878 2930 modum

300 2944 613 3000 sccundum
644 2958 928 3019 utrumque
956 2950 1341 3009 immutabilem
1363 2998 1378 3022 ,
1430 2973 1527 3027 per
1550 2976 1710 3030 quem
1748 2978 1880 3033 ope—

298 3047 472 3091 ratus
502 3048 584 3093 est
626 3050 855 3110 utraque
880 3042 1090 3098 decenti
1124 3062 1293 3112 more,
1337 3048 1401 3102 ad
1435 3052 1878 3120 approbationem

1987 1925 2172 1981 carnis
2194 1927 2546 1995 passionibus
2574 1929 2892 1985 naturaliter
2920 1930 3294 1986 conﬁrmatam
3316 1972 3330 1996 ,
3367 1932 3563 2001 proba-

1987 2018 2084 2072 vit.
2150 2017 2219 2071 Et
2270 2020 2506 2074 iterum:
2542 2020 2857 2092 Mysterium
2905 2022 3103 2078 divina:
3148 2022 3558 2090 incarnationis,

1992 2110 2255 2179 apostolis
2285 2120 2336 2165 et
2366 2113 2645 2182 prophetis
2672 2122 2834 2183 atque
2867 2114 3213 2182 doctoribus,
3252 2115 3467 2185 duplam
3498 2132 3562 2171 ac

1988 2203 2259 2257 diversam
2294 2204 2346 2257 in
2371 2205 2627 2259 omnibus
2657 2205 2852 2260 habere
2879 2216 3213 2276 compertum
3239 2216 3563 2262 estnatura-

1985 2295 2089 2350 lem
2127 2297 2613 2361 considerationem
2636 2316 2651 2364 ;
2688 2314 2811 2353 cum
2836 2298 3087 2370 perfectae
3113 2301 3351 2366 deitatis,
3374 2311 3423 2355 et
3446 2300 3563 2371 ple-

1985 2403 2070 2442 me
2103 2387 2211 2440 vim
2244 2388 2438 2445 habeat
2468 2391 2814 2446 ostendenda:
2842 2392 3217 2447 humanitatis.
3243 2392 3309 2444 Et
3337 2394 3563 2448 iterum:

1984 2479 2193 2548 Quibus
2218 2478 2400 2535 divine
2430 2483 2635 2552 pariter
2658 2492 2711 2537 et
2741 2484 2982 2539 humane
3016 2494 3271 2554 operatus
3297 2495 3398 2549 est,
3433 2502 3559 2556 per--

1986 2573 2125 2629 fecte
2167 2583 2399 2646 utroque
2431 2575 2514 2629 sui
2550 2576 2815 2642 rationem
2858 2586 3050 2630 natura
3090 2593 3312 2631 servans
3347 2578 3561 2633 incom-

1984 2667 2325 2721 mutabilem.
2382 2665 2451 2721 Et
2482 2668 2714 2720 iterum:
2747 2665 2890 2720 Nihil
2926 2654 3168 2722 divinum
3202 2670 3405 2723 nudum
3436 2685 3561 2724 cor-

1983 2775 2115 2830 pore
2162 2768 2452 2829 operatus,
2512 2759 2646 2813 nihil
2684 2759 2983 2813 humanum
3025 2761 3161 2814 idem
3211 2762 3325 2831 ipse
3365 2778 3559 2833 gerens

1983 2852 2126 2922 quod
2150 2866 2349 2921 expers
2384 2860 2529 2905 esset
2554 2851 2771 2906 deitatis
2807 2870 2818 2905 :
2854 2868 2960 2920 qua
2999 2852 3113 2919 ipsa
3143 2869 3281 2907 nova
3316 2854 3557 2908 decenti-

1981 2960 2088 3014 que
2114 2943 2321 2999 ratione
2356 2952 2585 3012 utraque
2615 2951 2871 3013 operatus
2896 2952 3001 3004 est,
3029 2944 3316 3014 utriusque
3350 2946 3557 3000 ratione

1982 3037 2281 3091 immunem
2316 3051 2375 3091 se
2401 3052 2430 3089 a
2462 3037 2764 3091 mutatione
2792 3051 3038 3101 servans,
3074 3039 3140 3092 ad
3174 3038 3421 3107 perfecta
3445 3057 3557 3095 suae

296 3128 565 3199 perfectae
594 3145 655 3186 ac
688 3147 824 3187 verae
855 3134 1096 3205 nihilque
1122 3136 1369 3193 habentis
1402 3143 1682 3209 pravitatis
1714 3146 1878 3200 inhu-

1985 3127 2413 3194 humanationis,
2446 3144 2567 3198 quae
2594 3128 2753 3197 plane
2778 3143 2902 3182 vera
2927 3129 3018 3193 sit,
3043 3130 3287 3201 nihilque
3319 3143 3414 3187 aut
3440 3136 3555 3189 vitii

295 3223 642 3277 manationis
670 3237 802 3278 sum.

373 3313 468 3369 Ill.
510 3314 591 3369 De
616 3316 694 3370 his
718 3334 866 3386 vero,
902 3319 991 3390 qui
1018 3338 1175 3375 unam
1221 3323 1433 3380 deitatis
1457 3337 1507 3381 et
1531 3329 1875 3386 humanitatis

288 3407 417 3477 ejus
467 3409 858 3477 operationem,
906 3421 954 3465 et
998 3426 1245 3468 naturam
1284 3434 1443 3471 unam
1486 3421 1873 3491 dogmatizant,

288 3501 435 3555 dicit
465 3516 485 3552 :
507 3499 627 3555 Non
655 3503 799 3557 enim
832 3504 943 3576 (46)
979 3506 1448 3565 circumscribitur
1480 3510 1685 3568 factitia
1717 3524 1877 3571 natu-

289 3609 356 3647 ra
390 3592 447 3647 id
478 3594 626 3663 quod
656 3609 751 3664 per
780 3606 1027 3652 naturam
1077 3599 1279 3655 factum
1310 3619 1415 3658 non
1446 3615 1549 3669 est,
1593 3608 1717 3663 licet
1746 3624 1877 3664 coo-

288 3688 479 3740 riatur
514 3687 565 3740 ei
599 3704 693 3756 per
725 3691 1158 3761 conceptionem,
1178 3710 1394 3751 omnem
1419 3699 1874 3756 circumscriben-

283 3788 406 3834 tem
452 3794 675 3833 sensum
710 3797 723 3835 :
759 3797 857 3836 nec
881 3783 1043 3836 etiam
1078 3782 1130 3837 in
1158 3786 1347 3840 eodem
1388 3788 1506 3856 ipso
1535 3790 1637 3845 sibi
1678 3802 1871 3847 natura

281 3872 549 3929 differtur
593 3872 883 3943 aliquando
938 3882 994 3929 et
1047 3877 1310 3933 naturalis
1366 3882 1647 3949 operatio,
1697 3881 1871 3939 donec

280 3970 598 4031 utrumque
645 3963 781 4017 intra
818 3966 1089 4033 propriam
1121 3976 1304 4021 manet
1349 3971 1647 4025 naturalem
1678 3972 1867 4027 incon-

280 4053 729 4107 vcrsibilitatcm.
771 4053 838 4107 Et
864 4057 987 4108 item
1013 4074 1031 4109 :
1053 4056 1499 4115 Connaturalium
1528 4062 1639 4133 (47)
1671 4064 1870 4134 quippe

279 4154 510 4201 tantum
560 4155 645 4200 est
680 4147 865 4201 eadem
916 4148 1030 4218 ipsa
1060 4166 1293 4220 Operans
1318 4162 1531 4220 motus,
1575 4159 1865 4213 essentiam

278 4237 571 4302 indicans,
622 4239 780 4307 cujus
827 4242 1130 4296 naturalem
1180 4256 1394 4301 constat
1434 4264 1554 4304 esse
1587 4250 1861 4317 virtutem,

273 4331 521 4387 alterius
566 4340 778 4385 natura:
828 4333 1153 4401 proprietate
1200 4332 1516 4395 substantiae
1562 4345 1861 4400 secundum

275 4423 501 4478 nullam
537 4422 803 4476 rationem
836 4438 957 4478 esse
985 4425 1066 4478 vel
1094 4426 1209 4480 ﬁeri
1240 4428 1361 4484 sine
1403 4434 1861 4491 conversibilitate

1983 3229 2079 3277 aut
2104 3222 2242 3277 labis
2275 3223 2547 3287 admittat,
2574 3221 2733 3276 ﬁdem
2762 3224 3130 3278 astruendam.

2053 3311 2142 3367 Ill.
2184 3313 2261 3368 De
2282 3314 2363 3367 his
2384 3330 2525 3380 vero,
2562 3315 2653 3384 qui
2687 3331 2848 3368 unam
2876 3315 3091 3371 deitatis
3126 3326 3174 3371 et
3207 3318 3554 3376 humanitatis

1979 3407 2092 3477 ejus
2122 3410 2497 3477 operationem,
2552 3419 2600 3462 et
2648 3421 2899 3464 naturam
2941 3411 3327 3482 dogmatizant,
3378 3416 3552 3473 dicit:

1978 3497 2096 3553 Non
2125 3500 2270 3555 enim
2300 3500 2677 3554 circumscribi
2730 3510 2919 3555 natura
2966 3504 3144 3573 genita
3173 3519 3552 3577 comparatum

1977 3598 2098 3650 est.
2158 3590 2305 3661 quod
2356 3591 2657 3646 secundum
2693 3604 2943 3649 naturam
2991 3597 3289 3667 ingenitum
3324 3610 3439 3667 est,
3473 3612 3547 3656 ta-

1978 3679 2136 3734 metsi
2165 3681 2214 3736 ei
2238 3681 2461 3745 coaluit,
2486 3698 2583 3752 per
2605 3686 3042 3755 conceptionem,
3059 3703 3181 3757 quae
3202 3690 3311 3744 vim
3335 3709 3548 3747 omnem

1974 3777 2174 3827 mentis
2218 3772 2648 3839 circumscribit;
2705 3791 2768 3829 ac
2801 3792 2898 3830 nec
2927 3794 3167 3848 unquam
3212 3781 3267 3835 in
3303 3786 3546 3838 eamdem

1976 3872 2230 3918 naturam
2274 3865 2694 3934 naturalemque
2739 3868 2995 3921 virtutem
3038 3885 3136 3924 seu
3176 3873 3545 3941 operationem

1972 3966 2274 4025 vertantur,
2309 3957 2482 4013 donec
2508 3967 2801 4030 utrumque
2833 3960 2975 4016 intra
3016 3963 3292 4032 propriam
3322 3975 3547 4021 natura-

1972 4048 2077 4102 lem
2121 4048 2689 4106 inconvertibilitatem
2736 4062 2938 4108 manet.
3001 4053 3070 4105 Et
3107 4054 3232 4108 item
3274 4068 3295 4107 :
3340 4055 3543 4113 Eorum

1970 4142 2115 4195 enim
2144 4142 2440 4211 duntaxat,
2488 4159 2611 4215 qua:
2635 4144 2879 4215 ejusdem
2914 4156 3120 4201 naturm
3147 4159 3307 4215 sunt,
3363 4163 3545 4209 motus

1968 4233 2211 4303 ejusdem
2243 4235 2459 4292 virtutis
2486 4251 2551 4291 ac
2575 4235 2826 4293 ellicaciae
2855 4246 2968 4301 est,
2998 4240 3358 4296 substantiam
3392 4243 3543 4298 desi-

1967 4344 2168 4397 gnans,
2217 4329 2375 4399 cujus
2399 4340 2482 4384 est
2511 4332 2777 4388 naturalis
2799 4334 3004 4401 virtus;
3060 4351 3186 4389 cum
3237 4336 3543 4395 substantia

1965 4419 2196 4475 diversa:
2226 4431 2420 4474 natura
2450 4423 2801 4492 proprietatis
2828 4424 2973 4479 nulla
2998 4426 3209 4482 ratione
3225 4442 3345 4483 esse
3369 4431 3543 4499 possit

271 4514 527 4569 valente.
601 4512 737 4567 Item
768 4530 786 4567 :
820 4514 895 4570 Ea
942 4518 1138 4587 quippe
1162 4519 1307 4591 (48),
1356 4539 1479 4593 qua;
1511 4537 1700 4581 mutuo
1732 4541 1858 4583 sum
1890 4512 1934 4565 D
1963 4518 2057 4563 aut
2092 4509 2207 4563 ﬁeri
2231 4552 2245 4570 .
2292 4512 2500 4581 absque
2547 4514 3017 4571 convertibilitate.
3057 4516 3234 4573 Item:
3265 4518 3339 4574 Ea
3371 4523 3539 4587 enim,

270 4605 678 4677 cooperantia,
728 4606 992 4661 eteadem
1039 4612 1351 4679 Operantia,
1385 4624 1439 4667 et
1463 4615 1705 4684 ejusdem
1744 4619 1856 4672 ori-

269 4701 461 4772 ginis;
496 4696 743 4768 profecto
786 4707 841 4752 et
880 4702 1277 4771 compassibilia
1305 4714 1513 4761 natura:
1549 4724 1655 4762 non
1681 4712 1852 4765 susci-

267 4795 493 4866 pientia
544 4792 906 4847 dill'erentiam
941 4811 954 4847 :
986 4804 1040 4848 et
1082 4798 1291 4852 naturis
1333 4799 1435 4853 sibi
1479 4800 1722 4857 confusis
1753 4804 1857 4858 erit

265 4889 521 4945 dealitas
549 4885 825 4950 Christus,
855 4895 907 4941 et
939 4891 1185 4956 personis
1216 4892 1481 4961 separatis
1515 4896 1605 4947 liet
1637 4905 1855 4963 quater-

264 4983 461 5038 nitas:
492 4980 635 5050 quod
664 4988 749 5035 est
778 4979 1003 5033 nimium
1034 4979 1369 5053 fugiendum.
1407 4984 1469 5038 Et
1512 4988 1701 5040 iterum
1730 5004 1749 5041 :
1793 4988 1851 5044 Si

342 5119 396 5151 “
433 5115 631 5171 Matth.
674 5132 822 5179 xxvi,
863 5115 952 5172 42.

344 5229 466 5305 (40)
511 5229 765 5305 Utraque.
803 5229 1125 5305 Su_prarcap.
1164 5234 1211 5295 1,
1245 5250 1336 5288 seu
1370 5236 1641 5291 tcstimon.
1677 5238 1726 5291 Ι.

344 5302 464 5371 (Μ)
502 5302 623 5356 Non
658 5303 815 5355 enim.
859 5302 1080 5355 Testim.
1106 5305 1155 5357 2.

344 5375 464 5444 (42)
513 5374 614 5427 Per
644 5390 824 5442 quam.
862 5375 993 5428 Ibid.

345 5446 463 5514 (45)
503 5444 840 5513 Mysterium.
883 5444 1104 5500 Testim.
1142 5447 1193 5500 4.

342 5517 462 5586 (44)
501 5517 735 5586 Ωμὶὺιιεε
771 5515 902 5570 Ibid.

345 5584 461 5657 (45)
504 5584 603 5657 ΝΜ
628 5585 884 5657 divinum.
926 5584 1149 5643 Testim.
1181 5589 1231 5646 8.

343 5654 455 5727 (ιϐ)
502 5654 627 5727 Non
654 5658 833 5727 enim.
853 5656 1074 5711 Testim.
1102 5660 1155 5713 5.

365 5725 457 5794 47)
499 5725 965 5782 Connaturalt'um.
1010 5728 1141 5783 Ibid.

365 5736 457 5794 47)
499 5736 965 5782 Gonnaturatt‘um.
1010 5736 1141 5783 Ibid.

339 5736 455 5870 ἷζε)
498 5797 583 5851 Εα
612 5797 819 5866 quippe.
863 5797 1088 5853 Testim.
1118 5801 1171 5855 5.

597 5894 870 5955 Ρηιιοι.
941 5896 1056 5958 Gn.
1098 5898 1181 5964 Χ.

1964 4616 2085 4671 qua:
2128 4602 2370 4672 ejusdem
2418 4606 2559 4659 inter
2606 4621 2665 4661 se
2702 4608 2916 4662 virtutis
2943 4620 3149 4665 suntet
3179 4614 3535 4682 operationis,

1957 4693 2312 4765 ejusdemque
2355 4712 2580 4765 prorsus
2628 4698 2857 4770 originis
2886 4715 2949 4757 ac
2974 4704 3288 4760 earumdem
3326 4707 3537 4776 passio-

1958 4802 2111 4851 num,
2143 4802 2206 4841 ea
2234 4796 2441 4842 natura“:
2470 4789 2875 4845 distinctionem
2909 4809 3016 4847 non
3054 4796 3375 4863 admittunt;
3404 4817 3534 4855 con-

1956 4879 2204 4950 fusisque
2254 4896 2438 4935 secum
2498 4884 2744 4948 naturis,
2795 4885 2900 4939 erit
2952 4886 3203 4943 Christus
3263 4891 3529 4958 dualitas,

1955 4974 2314 5044 personisque
2348 4974 2538 5030 divisis
2568 4974 2659 5030 tiet
2694 4978 3032 5046 quaternitas
3064 4998 3076 5033 :
3107 4980 3251 5050 quod
3283 4984 3526 5039 omnium

2027 5242 2136 5312 (49)
2178 5242 2301 5297 [hec
2336 5242 2645 5315 testimonia
2670 5285 2683 5307 ,
2742 5259 2805 5297 ex
2852 5243 3131 5311 superiore
3168 5242 3225 5296 S.
3257 5241 3527 5315 Hippolyti

1953 5328 2205 5367 sermone
2248 5324 2429 5367 contra
2473 5314 2725 5367 Beronem
2774 5316 2841 5368 ab
2884 5316 3174 5367 Anastasio
3216 5314 3525 5379 desumpia,

1952 5384 2237 5455 recensuit
2252 5387 2642 5454 castigavitque
2666 5384 3027 5437 Combefisius
3056 5385 3107 5435 in
3134 5385 3375 5438 editione
3398 5402 3477 5455 op
3501 5417 3528 5428 -

1952 5469 2072 5506 rum
2107 5453 2162 5506 S.
2195 5453 2451 5519 Maximi,
2489 5467 2617 5508 tom.
2651 5456 2707 5516 Ι,
2739 5470 2859 5521 pag.
2891 5456 2991 5517 76,
3026 5471 3091 5507 eo
3115 5461 3257 5522 quot
3290 5457 3343 5509 in
3376 5453 3523 5509 edito

1952 5522 2339 5577 Sirntoudiano
2369 5525 2642 5594 Anastasii
2696 5525 2875 5578 versio
2925 5525 3155 5593 implexa
3207 5526 3410 5594 passim
3462 5544 3528 5584 ac

1951 5594 2212 5648 mendosa
2266 5606 2541 5649 noscatur.
2604 5592 2841 5660 Utraque
2874 5592 3136 5649 sive’cum
3175 5592 3361 5662 téxtu,
3411 5598 3527 5653 sive

1949 5680 2072 5720 cum
2098 5665 2242 5719 notis
2262 5664 2893 5736 et-animadvet'siontbus
2907 5665 3357 5736 Cappcronnierii
3383 5667 3521 5723 infra

1948 5736 2131 5791 relatis
2154 5734 2499 5790 conferenda.

3134 5895 3210 5956 27
