3852 6208
345 274 451 332 8H

999 272 1056 328 S.
1097 271 1459 329 HIPPOLYTI
1497 270 1647 327 OPP.
1687 269 1868 327 PARS
1906 270 1973 328 ll.
2012 302 2082 314 —-
2117 271 2417 328 DOGMAT.
2459 271 2547 327 ET
2585 270 2945 328 IIISTORIC.‘

3473 273 3575 328 848

346 395 392 449 si
425 391 881 466 quemadmodum
911 407 1142 465 magnus
1173 394 1242 449 ab
1273 393 1678 448 immortalitate
1703 407 1906 464 cogno-
1934 397 1980 454 Α
2007 404 2243 449 creatam
2261 403 2313 448 et
2329 393 2718 458 creatam,sine
2732 391 3578 463 inceptionthcumineeptione,

346 488 589 542 minatus
620 485 755 557 (64),
783 488 896 541 imo
925 502 1054 541 vero
1084 494 1312 541 cunctus
1355 494 1668 540 sanctorum
1711 484 1915 541 chorus

313 579 598 644 .afﬁrmal,
627 577 772 648 quod
813 593 948 648 pene
983 577 1114 631 ﬁdes
1137 576 1436 632 Salvatoris
1465 575 1634 632 nostri
1679 590 1786 630 non
1826 573 1917 629 ad-

346 671 545 738 mittat,
577 685 700 728 cum
741 669 844 725 hoc
876 667 1125 723 instabile
1144 667 1402 738 quiddam
1429 667 1725 723 secundum
1757 681 1912 722 suam

347 763 517 833 ipsius
544 762 811 817 rationem
837 761 1085 816 exsistat.
1113 759 1267 826 Quod
1296 759 1341 814 si
1371 759 1476 814 hoc
1520 759 1686 813 fuerit
1727 771 1911 829 passa,

346 863 402 910 et
420 853 564 924 quod
595 851 721 909 huic
741 860 824 908 est
863 851 1198 909 contrarium
1257 850 1444 921 procul
1481 849 1645 905 dubio
1679 851 1915 906 sustine-

346 949 445 1012 bit,
495 946 922 1002 additamentum
975 943 1205 1009 scilicet,
1243 952 1298 998 et
1346 942 1622 1012 quomodo
1672 942 1915 998 manebit

346 1041 573 1096 ulterius
601 1038 732 1094 ﬁdes
774 1037 1069 1093 defectibus
1099 1050 1162 1091 ac
1213 1033 1544 1106 profectibus
1585 1033 1916 1090 immutata?

345 1133 560 1197 Dicant,
594 1131 790 1201 inquit,
845 1128 1015 1195 nobis,
1049 1128 1138 1198 qui
1191 1144 1282 1198 per
1334 1126 1569 1198 singulos
1616 1126 1728 1180 dies
1783 1126 1913 1195 ﬁdes

347 1233 548 1290 creant,
583 1225 685 1277 imo
705 1223 825 1278 deos
859 1221 959 1275 sibi
999 1221 1227 1275 diversos
1257 1221 1481 1290 ﬁngunt,
1512 1220 1761 1289 quoniam
1795 1235 1912 1272 cum

346 1315 470 1384 fidei
494 1314 641 1368 verbo
674 1322 911 1367 mutatur
943 1321 1098 1382 atque
1145 1309 1526 1379 multiplicatur
1577 1326 1609 1363 a
1637 1310 1834 1363 talibus
1859 1308 1915 1362 id

345 1407 484 1478 quod
511 1406 764 1460 creditur.
799 1403 941 1475 Ergo
970 1412 1024 1458 et
1053 1403 1351 1458 adversarii
1380 1401 1512 1457 ﬁdes
1544 1401 1646 1457 sibi
1680 1401 1916 1455 conden-

348 1510 428 1555 tes
449 1499 714 1565 diversas,
736 1498 944 1568 absque
972 1494 1123 1550 omni
1150 1493 1578 1550 contradictione
1615 1493 1912 1550 secundum

347 1589 660 1659 qualitatem
692 1595 745 1642 et
768 1585 1125 1657 quantitatem
1158 1592 1322 1655 atque
1352 1582 1782 1638 immutationem
1813 1583 1912 1638 do-

347 1689 589 1752 gmatum
621 1695 868 1745 suorum,
901 1677 1192 1732 immutant
1240 1674 1405 1730 simul
1449 1683 1503 1730 et
1554 1675 1914 1746 multiplicant

347 1772 400 1828 id
435 1773 579 1843 quod
601 1771 861 1834 creditur,
891 1777 945 1825 et
973 1768 1216 1839 quinque
1262 1766 1516 1821 Christos
1544 1775 1767 1821 eatenus
1796 1765 1911 1834 pla-

348 1880 556 1922 smasse
581 1871 980 1920 monstrantur.
1021 1860 1176 1916 Hunc
1206 1858 1424 1931 quidem
1450 1874 1614 1913 unam
1635 1858 1908 1929 operatio-

348 1971 493 2024 nem,
528 1955 680 2010 illum
714 1969 841 2009 vero
870 1969 970 2010 nec
1000 1968 1164 2008 unam
1218 1953 1608 2024 operationem,
1644 1958 1700 2005 et
1738 1949 1904 2004 alium

348 2064 513 2102 unam
541 2056 895 2114 voluntatem,
945 2057 1000 2102 et
1049 2046 1277 2102 alterum
1317 2061 1418 2102 nec
1454 2060 1618 2102 unam
1657 2044 1910 2099 volunta-

347 2154 494 2196 tem:
539 2155 700 2210 porro
732 2139 980 2210 quintum
1032 2155 1194 2194 unam
1253 2149 1308 2196 et
1348 2139 1506 2206 duas,
1534 2147 1696 2209 atque
1744 2153 1910 2193 unam

345 2238 402 2287 et
428 2231 585 2298 duas,
612 2230 663 2285 id
684 2239 766 2285 est
793 2239 904 2285 tres
933 2231 1274 2300 operationes
1329 2239 1383 2286 et
1428 2239 1538 2286 tres
1584 2221 1908 2294 voluntates,

351 2332 409 2378 ut
435 2322 610 2386 aiunt,
650 2322 958 2377 habentem.
985 2321 1048 2377 Et
1086 2321 1270 2378 dicant
1326 2323 1370 2378 si
1413 2323 1600 2377 volunt
1655 2322 1730 2377 illi
1785 2323 1908 2392 ipsi,

347 2417 442 2485 qui
488 2415 612 2470 talia
655 2423 932 2484 exponunt
957 2415 1230 2486 dogmata,
1272 2423 1326 2470 et
1377 2415 1470 2486 qui
1507 2414 1914 2470 communicant

347 2508 450 2571 eis,
485 2506 539 2560 in
559 2520 718 2576 quem
749 2506 934 2559 talium
958 2521 1021 2561 ac
1044 2515 1124 2561 tot
1161 2505 1498 2562 Christorum
1521 2522 1552 2562 a
1581 2521 1640 2562 se
1665 2506 1911 2561 ﬁctorum

350 2597 632 2653 credentes
653 2598 912 2667 haptizati
969 2606 1097 2654 sunt
1125 2599 1208 2654 vel
1231 2599 1573 2668 haptizantur
1601 2616 1615 2652 :
1642 2605 1736 2652 aut
1755 2597 1914 2666 cujus

349 2707 538 2748 eorum
584 2707 783 2762 corpus
815 2702 868 2747 et
899 2692 1217 2762 sanguinem
1268 2700 1493 2748 sumunt
1536 2699 1697 2761 atque
1726 2691 1912 2746 distri-

350 2786 558 2855 buunt;
591 2796 771 2842 utrum
794 2786 914 2856 ejus
936 2787 1029 2857 qui
1061 2801 1245 2852 unam,
1270 2803 1336 2840 an
1360 2786 1452 2857 qui
1479 2801 1580 2841 nec
1600 2801 1762 2840 unam
1795 2800 1916 2854 ope-

352 2883 655 2948 rationem;
687 2881 807 2950 ejus
827 2878 920 2950 qui
956 2894 1121 2933 unam
1151 2879 1507 2944 voluntatem,
1558 2892 1626 2932 an
1677 2876 1798 2946 ejus
1825 2874 1919 2945 qui

353 2988 517 3028 unam
543 2981 596 3027 et
629 2973 787 3036 duas,
818 2980 872 3025 et
893 2985 1057 3025 unam
1081 2979 1130 3024 et
1159 2969 1318 3034 duas,
1373 2969 1426 3024 id
1457 2977 1542 3024 est
1589 2977 1700 3024 tres
1726 2982 1918 3037 opera-

351 3063 530 3118 tiones
557 3070 610 3116 et
631 3071 742 3116 tres
777 3061 1106 3124 voluntates,
1138 3069 1189 3114 et
1220 3067 1503 3130 propterea
1559 3058 1673 3128 jam
1721 3075 1785 3115 ex
1815 3073 1912 3112 ne-

351 3151 603 3206 cessitate
634 3158 746 3203 tres
775 3147 936 3202 etiam
965 3155 1189 3201 naturas
1215 3147 1394 3201 habet.
1422 3144 1527 3201 Sed
1551 3161 1654 3199 non
1686 3155 1917 3198 eratvoa:

348 3255 398 3297 et
430 3259 529 3296 non
553 3250 666 3294 erat
689 3239 892 3292 auditio
910 3239 977 3304 ⁸⁷,
1020 3238 1480 3308 quemadmodum
1531 3236 1608 3290 ait
1655 3237 1916 3306 propheta

354 3349 582 3408 magnus
607 3331 772 3397 Elias,
796 3331 1054 3387 scelestos
1074 3330 1382 3386 sacerdotes
1406 3337 1460 3385 et
1479 3327 1918 3400 pseudopmphe-

356 3434 438 3478 tas
467 3423 802 3478 confusionis
833 3422 1185 3491 redarguens.

431 3535 449 3568 ι
483 3516 575 3571 lx.
607 3514 742 3570 Nam
776 3514 1038 3585 quidquid
1097 3512 1292 3568 horum
1325 3512 1582 3576 dixerint,
1617 3511 1766 3566 illinc
1790 3525 1914 3565 cum

355 3608 630 3679 impietate
649 3607 812 3661 etiam
828 3604 1263 3676 redargutionem
1287 3618 1464 3658 sermo
1480 3617 1668 3657 eorum
1690 3602 1922 3656 circum-

354 3703 528 3766 feret;
564 3701 821 3771 quoniam
854 3711 962 3752 non
991 3697 1045 3752 in
1073 3712 1258 3752 verum
1283 3705 1338 3750 et
1362 3695 1628 3751 veraciter
1649 3694 1919 3750 exsistan-

353 3805 460 3850 tem
505 3791 782 3846 Christum
823 3790 1050 3845 credunt
1089 3799 1251 3858 atque
1305 3787 1600 3856 baptizant,
1649 3801 1748 3841 nec
1771 3785 1919 3840 illius

353 3900 554 3956 corpus
577 3892 630 3938 et
664 3884 985 3954 sanguinem
1017 3881 1291 3952 accipiunt
1310 3889 1365 3935 et
1383 3879 1734 3936 distribuunt.
1760 3876 1916 3932 illum

357 3980 526 4042 enim,
567 3991 755 4032 verum
808 3975 1032 4040 scilicet,
1062 3982 1116 4029 et
1136 3974 1229 4044 qui
1275 3987 1400 4028 vere
1448 3972 1719 4038 consistit,
1753 3970 1915 4026 Chri-

362 4080 508 4126 stum
541 4068 706 4123 Deum
727 4068 890 4122 simul
920 4075 974 4121 et
1019 4067 1290 4120 hominem
1322 4064 1506 4136 inclyti
1551 4063 1794 4134 magistri
1831 4080 1918 4118 no-

355 4161 456 4217 stri
484 4175 549 4214 ac
567 4171 920 4230 praeceptores
941 4157 1194 4222 scientes,
1219 4156 1355 4209 duas
1398 4164 1453 4209 et
1490 4163 1700 4208 tantum
1723 4169 1918 4224 quem-

356 4253 646 4309 admodum
665 4261 910 4316 naturas,
927 4249 1007 4304 sic
1024 4249 1189 4304 etiam
1205 4255 1259 4302 et
1273 4246 1410 4302 duas
1425 4246 1752 4310 voluntates,
1770 4255 1823 4300 et
1839 4256 1920 4302 to—

356 4347 521 4401 tidem
539 4344 884 4414 operationes
899 4349 1259 4413 congruentes
1275 4339 1401 4404 sibi,
1415 4339 1654 4395 divinam
1688 4340 1917 4408 scilicet,

358 4421 416 4492 ut
432 4437 546 4508 jam
565 4436 767 4490 dictum
794 4444 877 4491 est
899 4433 1398 4505 etlcomprobatum,
1415 4441 1470 4488 et
1497 4433 1814 4502 humanam,
1837 4433 1921 4489 in-

2019 485 2074 538 in
2101 485 2219 553 ipso
2235 484 2562 538 conﬁtentur
2578 492 2632 538 et
2649 482 2896 539 conﬁteri
2919 482 3077 538 nobis
3095 482 3438 554 praecipiunt.
3462 481 3580 539 Non

2016 585 2223 642 autem,
2255 583 2314 629 ut
2344 575 2396 629 hi
2430 590 2575 631 nunc
2598 575 2866 630 novitates
2900 572 3164 639 fecerunt,
3195 589 3361 628 unam
3401 581 3456 628 et
3482 589 3584 629 nec

2017 685 2208 735 unam,
2232 684 2333 723 nec
2355 667 2511 733 duas,
2542 675 2595 722 et
2627 683 2816 722 rursus
2835 681 3000 720 unam
3032 657 3264 732 et'rluas,
3291 665 3344 720 id
3364 673 3447 720 est
3471 674 3583 719 tres

2015 762 2321 816 voluntates
2341 771 2395 815 et
2422 760 2768 830 operationes
2807 759 3007 814 habere
3029 758 3181 813 illum
3216 757 3476 813 fatentur.

2091 873 2108 906 ι
2147 854 2212 908 Χ.
2243 853 2418 924 Super
2449 853 2566 908 haec
2589 860 2767 908 autem
2794 852 2976 908 omnia
3010 867 3131 922 qua:
3160 832 3305 906 dicta
3351 860 3497 916 sunt,
3532 860 3584 904 et

2014 945 2146 1001 illud
2177 961 2395 1016 quoque
2431 945 2737 1002 certissime
2795 944 3067 1010 noverint,
3097 944 3357 1013 quoniam
3417 959 3582 998 unam

2015 1052 2116 1092 nec
2147 1053 2334 1104 unam,
2363 1053 2539 1108 neque
2578 1038 2736 1104 duas,
2769 1045 2826 1091 et
2890 1037 3086 1092 iterum
3111 1051 3302 1092 'unam
3359 1043 3415 1090 et
3447 1036 3587 1093 duas

2014 1131 2320 1186 voluntates
2344 1139 2397 1186 et
2430 1131 2797 1202 operationes,
2823 1137 2877 1185 et
2902 1130 3087 1185 omnia
3112 1145 3236 1185 cum
3265 1129 3588 1184 anathema-

2017 1221 2161 1278 tibus
2177 1231 2227 1278 et
2245 1221 2672 1293 depositionibus
2699 1235 2763 1276 ac
2785 1221 3346 1276 excommunicatione
3362 1221 3586 1290 dogma-

2016 1313 2267 1378 tizantes,
2301 1322 2488 1382 aperte
2510 1313 2612 1368 sibi
2636 1321 2690 1366 et
2717 1311 2997 1366 alterutris
3024 1327 3326 1382 repugnare
3349 1311 3585 1381 proban-

2016 1417 2146 1472 tur;
2182 1415 2237 1461 et
2264 1406 2366 1477 ipsi
2401 1421 2497 1476 per
2548 1420 2606 1460 se
2637 1403 2785 1473 ipsos
2811 1411 2866 1458 et
2915 1403 3143 1458 invicem
3175 1403 3494 1458 subvertunt
3519 1417 3584 1457 ac

2014 1500 2320 1562 destruunt,
2347 1497 2549 1552 alterna
2582 1496 2744 1551 verba
2803 1503 2858 1550 et
2889 1495 3166 1566 dogmata,
3223 1509 3390 1564 seque
3435 1495 3584 1563 ipsos

2013 1602 2069 1648 et
2089 1593 2398 1656 alterutros,
2428 1597 2480 1643 et
2509 1603 2604 1644 eos
2631 1588 2726 1658 qui
2753 1587 2857 1642 sibi
2901 1587 3328 1652 communicant,
3358 1586 3585 1640 anathe-

2015 1684 2296 1750 matizant,
2335 1683 2478 1738 etab
2509 1681 2657 1737 omni
2683 1695 2842 1737 sacra
2871 1679 3132 1748 dignitate
3176 1693 3242 1732 ac
3281 1677 3585 1732 ministerio

2015 1776 2222 1845 pel'lunt
2257 1781 2418 1842 atque
2447 1773 2746 1842 deponunt.
2776 1769 2996 1825 Necnon
3019 1777 3074 1823 et
3098 1783 3128 1822 a
3155 1767 3498 1838 perceptione
3517 1767 3585 1822 il-

2014 1866 2192 1920 libatre
2204 1862 2604 1920 communionis
2619 1862 2813 1916 vivifici
2830 1861 3072 1931 corporis
3091 1872 3145 1915 et
3172 1861 3454 1932 sanguinis
3469 1877 3589 1916 ma-

2013 1959 2101 2031 gni
2119 1958 2212 2013 Dei
2229 1967 2281 2013 et
2297 1956 2594 2013 Salvatoris
2607 1957 2776 2011 nostri
2794 1955 2920 2010 Jesu
2939 1954 3138 2009 Christi
3153 1962 3514 2024 sequestram.

2091 2070 2110 2103 ‹
2141 2049 2230 2105 ΧΙ.
2258 2049 2325 2104 Et
2347 2052 2462 2106 hiec
2500 2049 2709 2119 liquido
2755 2064 2877 2113 nos,
2920 2056 2974 2103 et
3003 2049 3151 2103 nullo
3206 2048 3486 2102 intuentes
3534 2053 3591 2100 et

2017 2141 2249 2197 scientes
2271 2141 2520 2197 obstante
2536 2139 2824 2205 velamine,
2847 2153 2956 2193 non
2981 2138 3156 2192 solum
3175 2136 3593 2208 proptermulti-

2017 2233 2246 2290 formem
2278 2248 2540 2297 errorem,
2590 2247 2777 2286 verum
2807 2232 2970 2287 etiam
3003 2239 3056 2285 et
3083 2239 3300 2301 propter
3330 2228 3594 2284 instabili-

2021 2333 2182 2380 tatem
2213 2331 2268 2379 et
2318 2323 2712 2379 absurditatem
2761 2337 2826 2378 ac
2879 2322 3365 2392 reciprocationem
3398 2323 3586 2378 talium

2017 2418 2258 2472 virorum
2294 2424 2348 2471 et
2371 2415 2708 2486 dogmatum,
2743 2415 2894 2470 omni
2943 2415 3192 2470 custodia
3224 2413 3590 2484 nosmetipsos

2021 2509 2089 2564 ah
2133 2510 2351 2565 illorum
2409 2509 2688 2578 impietate
2734 2517 2790 2564 et
2845 2508 3232 2564 communione
3285 2523 3587 2575 servemus,

2020 2608 2288 2671 quotquot
2323 2599 2378 2654 in
2421 2600 2649 2655 veritate
2701 2615 2822 2656 esse
2851 2616 2916 2656 ac
2941 2601 3048 2655 dici
3104 2601 3402 2656 Christiani
3444 2601 3595 2656 volu-

2021 2708 2166 2748 mus.
2193 2691 2445 2746 Alienum
2469 2693 2670 2763 quippe
2691 2708 2722 2748 a
2753 2691 3077 2749 Christianis
3109 2701 3216 2758 est,
3249 2709 3372 2748 cum
3396 2693 3590 2748 ortho-

2021 2785 2180 2841 doxia
2242 2786 2406 2840 etiam
2465 2785 2798 2856 impietatem
2855 2785 3160 2854 suscipere;
3214 2794 3308 2839 aut
3345 2785 3593 2841 conﬁteri

2019 2877 2236 2949 quidem
2251 2879 2611 2935 orthodoxam
2632 2879 2813 2945 ﬁdem,
2828 2879 3234 2933 communicare
3249 2893 3376 2933 vero
3395 2878 3483 2933 bis
3498 2877 3590 2948 qui

2019 2970 2161 3025 hanc
2186 2986 2283 3040 per
2311 2987 2481 3026 novas
2500 2971 2840 3026 inventiones
2865 2970 3139 3042 abnegant
3180 2980 3229 3025 et
3256 2970 3588 3026 adulterant.

2019 3059 2245 3131 PrOpter
2272 3062 2419 3132 quod
2446 3062 2624 3116 divina
2662 3063 2819 3119 nobis
2865 3063 2948 3117 lex
2992 3063 3154 3117 simul
3209 3073 3263 3117 et
3291 3063 3590 3132 apostolica

2013 3154 2186 3224 jubet,
2215 3169 2309 3210 eos
2337 3155 2432 3224 qui
2457 3155 2602 3210 aliud
2635 3163 2830 3225 prmler
2848 3155 2993 3226 quod
3023 3171 3054 3210 a
3083 3155 3420 3212 Christiferis
3461 3155 3591 3210 viris

2019 3248 2327 3318 accepimus
2357 3249 2423 3315 ⁸⁸,
2453 3247 2648 3304 docere
2671 3263 2734 3303 ac
2768 3247 3117 3304 introducere
3151 3250 3328 3304 conati
3362 3248 3588 3312 fuerint,

2017 3344 2259 3392 avertere
2295 3335 2408 3407 (65)
2431 3344 2486 3391 et
2511 3335 3000 3402 anathematizare,
3029 3352 3136 3390 non
3165 3345 3374 3390 tantum
3409 3336 3456 3390 si
3491 3335 3584 3389 ho-

2020 3428 2197 3483 mines
2229 3427 2450 3494 fuerint,
2484 3427 2577 3482 sed
2600 3434 2653 3480 et
2683 3426 2810 3481 licet
2855 3427 3033 3497 angeli
3091 3425 3345 3481 fortassis
3397 3442 3428 3481 e
3451 3426 3591 3482 cutio

2019 3518 2410 3574 descendentes
2437 3518 2762 3573 exstiterint.
2804 3516 2871 3572 Et
2893 3519 2938 3574 si
2971 3519 3075 3574 hoc
3098 3517 3413 3584 fecerimus,
3439 3529 3492 3574 et
3516 3519 3592 3574 di-

2017 3609 2202 3664 vinam
2253 3609 2373 3665 sine
2425 3609 2872 3680 praevaricatione
2921 3609 3400 3679 adimpleverimus
3453 3625 3590 3680 prae-

2018 3700 2343 3771 ceptionem,
2375 3714 2695 3769 sacramque
2718 3713 2782 3754 ac
2811 3699 3167 3755 orthodoxam
3200 3700 3356 3755 ﬁdem
3385 3701 3592 3771 absque

2019 3791 2410 3846 adulteratione
2437 3791 2600 3846 simul
2631 3801 2686 3846 et
2717 3789 3072 3846 innovatione
3104 3791 3511 3861 possederimus
3535 3799 3592 3846 et

2018 3882 2256 3938 confessi
2314 3881 2618 3948 fuerimus;
2673 3879 2743 3936 ad
2764 3882 2931 3936 vitam
2952 3881 3089 3936 salvi
3110 3880 3406 3936 eiliciemur
3432 3890 3593 3936 mter-

2020 3991 2144 4030 nam
2175 3976 2228 4030 in
2255 3974 2473 4030 Christo
2493 3972 2625 4029 Jesu
2671 3972 2901 4028 Domino
2925 3985 3149 4030 nostro:
3179 3989 3300 4028 cum
3334 3989 3446 4044 quo
3484 3972 3592 4028 Deo

2017 4076 2072 4122 et
2114 4067 2285 4130 Patri,
2321 4083 2426 4121 una
2458 4081 2583 4121 cum
2615 4067 2962 4122 sanctissimo
2988 4075 3042 4121 et
3083 4067 3228 4122 bono
3251 4082 3314 4121 ac
3371 4066 3590 4120 viviﬁco

2021 4157 2247 4229 Spiritu,
2276 4158 2469 4228 gloria,
2501 4158 2698 4224 honor,
2744 4158 3054 4228 imperium,
3087 4168 3138 4212 et
3171 4156 3418 4212 adoratio
3445 4173 3592 4212 nunc

2016 4258 2070 4305 et
2100 4265 2331 4320 semper,
2383 4259 2437 4304 et
2468 4249 2523 4304 in
2557 4250 2740 4304 omnia
2773 4264 3164 4320 nunquamque
3215 4248 3451 4304 finienda
3489 4264 3593 4304 sae-

2020 4345 2141 4400 cula
2167 4344 2513 4399 sazculorum.
2547 4342 2738 4398 Amen.
2783 4359 2802 4394 ι

307 4691 316 4702 κ
358 4622 610 4690 Claudii
669 4620 1147 4702 Capperonnier
1175 4638 1236 4702 v.
1279 4636 1348 4702 _c.
1400 4618 1996 4702 animadversiones
2048 4625 2114 4686 in
2166 4623 2481 4686 Anastasii
2515 4619 3202 4702 versionemdLatinam
3235 4618 3591 4694 Fragmen—

612 4697 820 4763 toruin
858 4698 1216 4778 Hippolyti,
1256 4700 1487 4762 Contra
1524 4697 1825 4762 Beronem
1857 4712 1915 4764 ct
1943 4705 2223 4767 Helicem
2252 4725 2267 4764 :
2293 4702 2474 4782 juxta
2506 4699 2857 4762 editionem
2888 4697 3349 4760 Fabricianam.
3419 4781 3423 4786 ‘

669 4825 855 4879 Anast.
881 4824 1066 4879 versio.

425 4916 462 4953 a
523 4896 871 4953 Naturalihus
933 4894 1194 4964 producta
1251 4893 1384 4965 legi-

357 4971 475 5025 bus.

1453 4979 1522 5018 να
1543 4964 1749 5034 νόμοις.

429 5039 460 5110 β
499 5035 831 5110 Vertibilitas
851 5036 1006 5110 _enim
1033 5033 1151 5103 ejus
1183 5031 1385 5110 quiest

1525 4893 1649 4967 Toi;
1674 4826 2152 4967 ἕκασταϐᾇῗὲείοῖς
2177 4895 2489 4967 διεξαγὸμε-

1524 5033 1711 5106 Τρὸπὴ
1737 5033 1844 5106 γᾲρ
1864 5035 1956 5106 τοῦ
1981 5035 2119 5091 κατὰ
2139 5035 2298 5104 φύσιν
2326 5035 2486 5089 ἀπεί-

2913 4820 3234 4875 Emendata.

2631 4892 2757 4949 Suis
2783 4907 3010 4964 qumque
3037 4891 3244 4962 legibus
3268 4894 3591 4958 temperata,

2559 4965 2635 5019 uel
2663 4964 2929 5019 ordinata.

2630 5033 2854 5088 Mutatio
2881 5048 2990 5086 non
3039 5029 3196 5085 debet
3230 5027 3394 5083 tribui
3419 5025 3468 5081 ei
3496 5024 3593 5095 qui

356 5098 608 5178 inexpers
637 5107 918 5174 motionis,
953 5098 1136 5161 motus
1157 5098 1242 5158 est
1270 5101 1387 5157 inli-
1456 5098 1860 5175 pou,'xwéi&0at
1892 5124 1914 5177 ρ

2022 5098 2316 5176 εεφυὶιότος,
2341 5109 2374 5178 ἡ
2399 5105 2484 5160 κιο
2559 5104 2627 5160 de
2661 5113 2855 5178 natura
2887 5099 2987 5158 Sua
3034 5102 3107 5156 sit
3131 5098 3463 5178 immotionis
3490 5112 3555 5149 ex

359 5180 456 5235 niti
487 5179 620 5250 (66).
1458 5189 1631 5243 νησις.

427 5338 464 5390 γ
499 5319 658 5375 Omni
699 5318 861 5375 etiam
904 5324 1126 5388 excepta
1153 5315 1387 5372 circum-

360 5389 657 5461 scriptione
685 5389 1008 5462 permansit.
1459 5399 1544 5440 κε.

429 5507 473 5538 ⁸⁷
497 5504 560 5560 Ill
583 5503 890 5574 Reg.xvut,
926 5501 1016 5555 εδ.
1093 5500 1137 5532 ⁸⁸
1161 5498 1279 5555 Cal.
1317 5515 1356 5565 ι,
1391 5498 1443 5552 8.

431 5622 542 5694 (64)
563 5620 785 5694 Magnus
807 5621 870 5694 alt
897 5617 1296 5694 immortalitate
1318 5614 1730 5694 cognominatus.
1749 5613 1912 5694 Atha-

361 5685 551 5750 nasius
585 5685 675 5744 dc’
692 5692 885 5761 synod.
936 5690 1224 5761 Seleuc.‘et
1251 5685 1476 5761 Arimiu.
1505 5685 1607 5741 Sed
1650 5687 1908 5761 mendum

364 5767 420 5821 in
467 5778 597 5817 voce
618 5756 765 5828 pene.
801 5758 939 5813 Num
975 5757 1233 5824 consules,
1279 5758 1362 5813 vel
1407 5765 1604 5827 tempus
1634 5765 1728 5811 aut
1763 5756 1907 5826 defe-

1527 5312 1712 5384 Πάσης
1740 5312 1844 5379 ἔξω
1872 5318 2215 5390 περιγραφῆς
2246 5315 2486 5388 μεμένη-

2557 5190 2701 5245 pers.
2745 5175 3072 5229 Immensum
3115 5170 3317 5226 moveri
3355 5171 3465 5222 n’on
3491 5181 3592 5236 po-

2562 5253 2761 5368 tesStine
2818 5310 2981 5394 .omni
3080 5306 3592 5380 circumscriptione

2561 5392 2879 5455 permansit.

2017 5622 2156 5665 ctum
2181 5611 2204 5664 .’
2233 5610 2468 5664 (Σο-ηερ.

2087 5681 2199 5750 (65)
2233 5681 2494 5733 Avertere.
2530 5678 2804 5733 Aversari.
2827 5677 2995 5733 ΒΑΜ.

2085 5745 2196 5823 (66)
2239 5749 2361 5806 Haec
2395 5749 2572 5805 versio
2603 5750 2810 5804 nullum
2857 5746 3050 5819 legenti
3086 5762 3306 5802 sensum
3343 5745 3578 5802 exhibet.
