3852 6208
354 328 458 386 849

669 421 860 479 Anan.
883 425 1064 479 venio.

422 510 453 564 δ
489 511 799 567 Secundum
826 513 1214 585 eamdemquae
1238 529 1386 570 vera-

355 584 641 725 ρίιεῖϐζῗηι
666 591 751 639 est
776 592 832 641 et
852 584 1119 641 naturalis
1138 585 1386 641 substan-

382 669 430 708 ia
580 692 593 705 .

355 655 430 708 tia
460 655 593 708 (67).

424 655 783 797 le(fl3_J7t)r:iusque
831 724 1066 796 perfecte
1093 725 1380 797 perfectio-

355 808 478 847 nem
509 794 815 848 habentem.

424 862 458 928 ζ
498 863 600 935 Sed
627 880 756 929 non,
786 864 927 919 sicut
955 866 1173 935 quidam
1202 866 1377 934 aiunt,

355 933 655 1005 secundum
700 933 1160 1005 comparationem
1194 956 1206 990 :
1240 953 1383 991 com-

356 1003 665 1072 parationes
720 1003 847 1061 sunt
896 1022 1084 1060 eorum
1139 1007 1378 1075 ejusdem

357 1084 561 1147 natura!
588 1082 641 1128 et
675 1090 779 1127 non
826 1093 946 1146 quin
973 1077 1379 1147 diversaa;cum

357 1143 467 1198 Deo
490 1151 669 1198 autem
699 1143 920 1201 auctore
945 1148 1185 1201 omnium
1220 1146 1383 1201 facto-

359 1230 502 1280 rum,
561 1221 617 1269 et
674 1213 885 1270 infinito
941 1217 1153 1271 linitOre
1203 1216 1382 1272 finito-

358 1299 501 1346 rum,
536 1294 587 1338 et
634 1300 757 1346 cum
812 1285 1077 1341 infinitate
1110 1287 1257 1342 nulla
1296 1303 1381 1342 ra-

356 1352 505 1409 tione
529 1366 878 1424 comparatur
902 1356 1134 1411 ﬁnitum.

422 1512 457 1565 η
498 1494 817 1565 Quanquam
845 1496 900 1550 in
930 1512 1091 1551 unam
1125 1495 1377 1552 substan-

354 1564 488 1650 tiam
492 1566 626 1650 139)
658 1564 937 1638 utriusque
986 1566 1125 1622 facta
1161 1568 1231 1622 sit
1258 1568 1380 1621 uni-

353 1634 664 1771 lase(iiiiém
719 1721 816 1775 per
869 1706 1209 1762 indissimilia
1268 1722 1378 1762 non

352 1777 701 1831 cxsistentem
733 1775 1092 1832 dissimilibus
1137 1793 1243 1831 non
1290 1778 1377 1831 fu-

351 1847 903 1987 fienteimifstendens
948 1863 1073 1903 eum
1121 1848 1380 1904 suhaudi-

383 1931 472 1971 um
543 1932 558 1966 ι
630 1958 643 1971 .

426 2145 444 2180 ι
482 2127 754 2194 Quantum
784 2125 1051 2180 aestimare
1082 2142 1372 2196 possumus

349 2199 496 2266 quod
549 2198 724 2252 modis
776 2196 1029 2251 omnibus
1058 2207 1142 2252 est
1172 2199 1374 2253 inaasti-

350 2285 436 2321 ma
447 2268 566 2321 bile.

418 2354 456 2391 κ
495 2337 643 2392 Licet
666 2351 760 2405 per
787 2351 1003 2407 carnem
1033 2336 1258 2407 fulgeret
1281 2352 1375 2392 na-

350 2416 473 2463 tura
501 2407 855 2461 circumlinita
892 2406 1021 2475 (Ἠ).

419 2476 450 2529 λ
490 2476 635 2548 Licet
660 2476 930 2530 cooriatur
964 2485 1016 2529 et
1053 2491 1148 2546 per
1179 2492 1363 2532 conce«

347 2549 586 2616 ptionem
620 2562 833 2600 omnem
873 2561 1092 2601 sensum
1136 2548 1371 2603 circum-

347 2618 697 2672 scribentem.

421 2706 461 2757 μ
498 2686 605 2741 Nec
635 2687 794 2740 etiam
825 2685 1091 2757 inpendem
1124 2686 1239 2756 ipso
1266 2688 1367 2742 sibi

348 2755 540 2811 natura
566 2756 809 2810 differtur
829 2755 1117 2825 aliquando
1142 2755 1196 2812 et
1221 2768 1372 2813 natu-

349 2830 481 2881 ralis
510 2826 773 2895 operatio.

418 2917 448 2953 ν
485 2893 929 2951 Connaturalium
969 2895 1114 2950 enim
1159 2905 1369 2952 tantum

418 2984 444 3022 r
474 2984 533 3023 se
580 2981 813 3036 operans
848 2973 929 3019 est
959 2975 1160 3031 motus,
1194 2969 1370 3022 mani~

368 3038 551 3093 hstans
572 3035 952 3107 substantiam,
975 3038 1131 3107 cujus
1156 3047 1374 3093 natura—

345 3108 451 3161 lem
483 3115 698 3160 cnnstat
730 3120 849 3160 esse
872 3106 1141 3161 virtutem.

415 3176 447 3242 ξ
484 3176 722 3244 Quarum
757 3175 930 3230 donec
971 3193 1137 3231 unum
1174 3192 1371 3233 secuna

343 3247 473 3301 dum
524 3245 901 3317 substantiam,
936 3261 1044 3301 non
1098 3249 1371 3317 COgnitum

347 3318 507 3373 fuerit
543 3316 780 3371 Verbum
813 3316 975 3371 unius
1019 3316 1369 3386 operationis,

343 3404 468 3442 cum
515 3388 799 3457 utriusque
832 3387 923 3450 sit,
956 3403 1232 3456 nunquam
1272 3390 1370 3442 ali-

344 3459 561 3528 quando
591 3467 947 3527 cognoscetur
973 3467 1170 3511 motus.

412 3546 443 3581 ο
482 3528 790 3584 Secundum
859 3535 1150 3608 utrumque
1210 3544 1367 3610 suum

344 3614 558 3667 semper
590 3612 914 3667 permanens
940 3613 1056 3652 sme
1082 3614 1232 3663 casu,
1250 3617 1370 3667 qui-

345 3669 449 3724 bus
467 3670 647 3723 divine
670 3669 869 3738 pariter
893 3676 945 3738 et
972 3667 1208 3721 humane
1242 3684 1370 3738 ope-

344 3748 498 3794 ratus
546 3749 628 3793 est
659 3755 672 3790 :
710 3736 1086 3807 perfectionem
1136 3754 1227 3806 per
1253 3736 1369 3792 om~

345 3825 469 3863 nem
512 3810 796 3877 utriusque
820 3812 1084 3861 rationem
1129 3809 1231 3862 sibi
1265 3825 1367 3863 na-

343 3880 591 3934 turaliter
615 3878 1107 3932 incommutabilem
1131 3880 1366 3934 salvans.

414 3965 456 4000 π
494 3948 664 4014 Quam
697 3949 992 4003 secundum
1026 3949 1170 4017 ipsos
1213 3949 1369 4003 habe-

342 4019 424 4073 bit
476 4019 765 4073 essentiam
813 4018 1111 4071 mutatione
1168 4018 1367 4072 divini-

341 4090 470 4144 tatis
501 4089 676 4143 factus
701 4089 885 4153 homo,
913 4098 964 4141 et
993 4089 1172 4142 carnis
1198 4098 1368 4143 trans-

341 4159 545 4214 latione
576 4158 761 4213 Deus?
799 4157 973 4213 Casus
1022 4158 1164 4212 enim
1201 4160 1251 4212 in
1283 4160 1363 4213 al-

342 4239 583 4283 terutras
610 4229 919 4282 omnimoda
966 4236 1050 4283 est
1094 4239 1366 4283 utrarum-

340 4315 449 4370 que
476 4300 795 4369 peremptio.

412 4386 446 4441 ρ
478 4367 820 4441 Secundum
882 4367 1128 4424 eamdem
1195 4377 1367 4424 natu-

341 4440 461 4494 ram
496 4440 628 4509 (74).

414 4527 445 4563 σ
485 4509 549 4564 Et
583 4508 694 4564 Suze
726 4508 895 4579 ipsius
928 4523 1025 4578 per
1068 4510 1249 4564 omnia
1278 4524 1368 4564 eo-

1376 328 1648 386 CONTRA
1689 328 2010 385 BERONEM
2046 328 2134 386 ET
2173 326 2584 384 HELlCONEM.

1870 424 1911 479 ϐ
1920 441 2076 481 ra'ca.

1527 517 1661 570 Κατ’
1690 514 1857 586 αὐτὴν
1882 516 1983 586 τὴν
2012 515 2179 579 ὄντως
2202 514 2373 586 ἀληθῆ
2395 516 2486 569 καὶ

1457 586 1689 659 φυσικὴν
1724 584 1978 657 ὓπαρξιν.

1526 726 1637 797 Τὴν
1665 726 1847 779 οὐσίαν
1877 724 2133 797 ἐκατέρου
2153 724 2370 789 τελείως
2398 742 2486 778 τε-

1456 795 1605 849 λείαν
1637 797 1845 866 ἔχοντα.

1539 864 1695 920 Ἀλλᾶ
1727 869 1844 936 οὐχ,
1868 866 1943 929 ὥς
1973 864 2116 929 τινές
2137 882 2317 936 φασιν,
2347 864 2489 918 κατά

1457 936 1759 1008 σύγκρισιν.
1786 935 1839 991 ζ.
1864 977 1877 989 .
1909 978 1922 991 .
1956 936 2208 1008 ὁμοφυῶν
2240 935 2487 1008 γᾲριοῠχ

1452 1006 1775 1078 ὲτεροφύων,
1808 1009 1863 1061 αἱ
1907 1006 2234 1078 συγκρίσεις.
2430 1006 2486 1060 δὲ

1452 1076 1660 1158 ποιητῇ
1682 1077 1787 1131 τῶν
1816 1078 1953 1158 ῥλων
1985 1076 2241 1158 ποιητῶν,
2276 1076 2485 1148 ἀπείρῳ

1452 1147 1701 1232 πτρστῶν
1746 1148 1839 1201 καὶ
1868 1147 2128 1232 ⁹ἀπειρία⁹
2158 1147 2331 1217 πέρας
2366 1150 2483 1232 κατ’

1450 1216 1637 1271 οὐδένα
1687 1216 2029 1287 συγκρίνεται
2073 1216 2247 1284 λόγονζ
2273 1246 2344 1255 --
2390 1216 2486 1273 Hic

1451 1288 1608 1340 aliter
1642 1287 1847 1351 Giazca,
1880 1297 1932 1342 et
1959 1287 2231 1342 Anastasii
2281 1288 2479 1342 versiu.

1453 1355 1656 1412 Locum
1690 1357 1879 1412 confer
1909 1372 2093 1426 supra.

1520 1497 1647 1569 Κᾶν
1666 1500 1744 1560 εἰς
1779 1498 1905 1568 μίαν
1933 1498 2224 1553 ὑπόστασιν
2246 1498 2479 1569 ἀμφοτέ-

1452 1584 1557 1640 ρων
1588 1567 1808 1637 γέγονεν
1835 1569 2044 1633 ἓνωσις.

1519 1710 1616 1763 Διὰ
1643 1710 1751 1763 τῶν
1780 1710 2044 1779 ἀνομοίων
2078 1710 2175 1781 μὲν
2209 1710 2480 1781 ὑπάρχον-

1447 1797 1535 1853 τα,
1561 1782 1653 1834 καὶ
1682 1781 1778 1853 ίδιὰ
1807 1781 1912 1853 τῶν
1954 1780 2218 1853 ἀνομοίων
2250 1780 2480 1853 μὴ

1449 1850 1621 1905 πέντα
1672 1852 1884 1914 δεικνὺς
1941 1849 2099 1904 αὑτὸν
2156 1849 2481 1923 ἐξακουόμε-

1448 1938 1559 1974 νον.

1518 2130 1676 2185 Ὅσον
1704 2130 1917 2185 εἰκάσαι
1937 2130 1997 2185 τὸ
2028 2133 2304 2197 παντελῶς
2334 2132 2479 2188 ἀνεί-

1450 2217 1667 2255 καστον.

1513 2340 1634 2396 Κάν
1664 2340 1763 2415 διδιΔ
1795 2341 1994 2414 σαρκὸς
2021 2342 2280 2415 διέλαμψε
2321 2344 2477 2415 φύσει

1445 2412 1885 2484 πεπερασμένης

1512 2482 1629 2535 Κᾶν
1662 2482 1860 2552 συνέφύ
1886 2483 2031 2554 αὐτῷ
2061 2484 2203 2555 κατά
2222 2483 2477 2555 σύλληψιν

1442 2552 1617 2606 πάντα
1650 2552 2096 2625 περιγράφουσαν
2126 2554 2269 2609 νοῦν.

1512 2684 1646 2760 Οΰτε
1679 2685 1783 2760 μὴν
1805 2687 1881 2748 εἰς
1903 2686 1952 2760 τ’
1972 2687 2133 2760 αὑτὸν
2156 2687 2302 2760 αὐτῷ
2325 2687 2479 2760 φέρε-

1443 2754 1565 2808 σθαι
1601 2754 1810 2825 (supple
1848 2756 2077 2826 πέφυκε)
2103 2754 2314 2826 φύσεώς
2337 2754 2474 2812 ’ποτε

1442 2826 1799 2906 καζλφυσικῇς
1824 2825 2118 2906 ἐνεργείας.

1526 2895 1809 2968 Ὀμοφυῶν
1838 2895 1945 2967 γὰρ
1974 2896 2201 2967 μόνωνὴ
2226 2914 2477 2968 ταυτουρ-

1444 2965 1561 3039 γός-
1582 2968 1697 3039 ἐστι
1741 2964 1983 3039 κίνησις
2003 2964 2335 3039 σημαίνουσα
2361 2964 2474 3039 ίτῆν

1443 3031 1629 3089 οὐσίαν
1659 3031 1725 3106 ἧς
1762 3031 1960 3106 φυσικὴ
1987 3031 2287 3108 καθέστηκε
2313 3031 2473 3092 δύνα-

1492 3122 1557 3167 ις.

1448 3124 1660 3247 ἒιῖὲως
1683 3174 1755 3247 av.
1770 3176 1867 3245 οὐκ
1896 3173 2007 3247 (75)
2045 3175 2158 3247 (sed
2188 3177 2472 3247 legendum

1442 3245 1657 3318 videtur
1699 3241 1790 3298 οὖν
1813 3241 1946 3318 )’ίεῖς
1976 3241 2116 3299 κατὰ
2145 3241 2268 3318 “rip;
2287 3250 2475 3303 οὐσίαν

1440 3313 2473 3462 ἔέἒῖξέιξέαίκέἓπέῗειὲἑῗςδιὲέἓὲξὲἑῇ

1438 3456 1808 3526 γνωσθήσεται
1838 3457 2066 3526 κίνησις.

1521 3526 1744 3608 ςΕαυτοῦ
1774 3527 1891 3608 καθλ
1914 3528 2169 3608 ἑκάτερον
2193 3528 2278 3608 ἀεὶ
2303 3528 2473 3608 μένων

1441 3595 1804 3667 ἀνεκπτωτος,
1836 3592 1915 3661 οἷς
1961 3592 2152 3661 θεῖκῶς
2200 3592 2335 3667 ὁμοῦ
2379 3600 2473 3652 καὶ

1440 3665 1793 3739 ἀνθρωπίνως
1830 3669 1921 3738 ὲνή
1933 3684 2120 3739 ργίησε,
2145 3665 2342 3739 τέλειον
2374 3686 2472 3721 κα·-

1440 3735 1623 3808 τάᾲτὸν
1652 3735 1920 3808 ἑκατέρω
1933 3735 2103 3808 ίλόῨον
2133 3737 2319 3801 σώζων
2348 3740 2474 3808 ἑαν-

1439 3804 1532 3859 τοῦ
1565 3804 2209 3876 φυσικῶςάναλλοίωτον.
2432 3806 2439 3813 “

1508 3946 1676 4000 Ποίαν
1704 3950 1822 4000 κατ’
1837 3948 2029 4011 αὐτοὺς
2048 3945 2156 4007 ἕξει
2171 3946 2269 4018 τὴν
2291 3946 2469 4018 ὓπαρ-

1441 4013 1539 4089 ξιν,
1578 4018 1841 4089 μεταΰολῇ
1896 4018 2143 4089 θεότητος
2184 4013 2471 4088 γενόμενὀς

1435 4087 1737 4159 ἀνθρωπος,
1772 4087 1867 4141 καὶ
1890 4088 2087 4159 σαρκὸς
2114 4087 2466 4159 μεταποιήσει

1435 4158 1599 4229 Θεόςς
1653 4161 1685 4229 ή
1738 4159 1847 4229 γὰρ
1885 4158 1969 4221 εἰς
1994 4158 2224 4229 ἀλλήλας
2262 4158 2465 4213 τούτων

1439 4227 1799 4301 nmmos.
1816 4227 2089 4300 ‘mvrexic
2113 4227 2263 4283 eam
2292 4230 2468 4301 ἀμφο-

1434 4298 1608 4371 τέρων
1630 4299 1923 4371 ἀναίρεσις.

1508 4369 1644 4422 Κατ’
1676 4368 1844 4440 αὐτὴν
1876 4368 2056 4439 φύσιν.

1511 4509 1620 4561 Καὶ
1651 4508 1751 4578 τῆς
1779 4507 1940 4562 αὑτοῦ
1969 4509 2035 4561 δι’
2057 4507 2193 4563 ὅλων
2215 4509 2322 4563 τῶν
2348 4511 2470 4564 ἑαυ-

3482 333 3589 387 830

2923 422 3239 481 Emendata.

2632 514 2938 568 Secundum
2962 515 3131 584 ipsam
3157 516 3374 570 realiter
3403 533 3585 572 veram

2562 584 2978 654 naturalemque
3012 587 3409 641 exsistentiam.

2628 722 2747 797 Qui
2785 723 3069 797 utriusque
3116 723 3352 797 perfecte
3416 725 3590 797 perfe-

2561 803 2701 848 ctam
2737 794 2929 848 habeat
2959 795 3340 849 substantiam.

2629 862 2814 933 Neque
2855 864 3021 928 enim,
3057 878 3117 918 ut
3164 864 3350 918 dicunt
3396 865 3585 933 aliqui,
3676 914 3677 917 η

2560 936 2855 987 secundum
2902 934 3302 988 concretionem
3339 944 3393 989 et
3433 951 3586 989 corn-

2559 1004 2904 1068 mislionem;
2976 1004 3299 1058 naturalium
3390 1007 3587 1075 quippe

2559 1082 2685 1128 sunt
2723 1075 3093 1129 concretioncs
3127 1090 3220 1129 seu
3253 1076 3587 1130 commistio-

2557 1160 2654 1200 nes
2697 1162 2711 1198 :
2752 1145 2841 1198 sed
2896 1144 3007 1198 Deo
3057 1146 3285 1199 creatori
3339 1147 3582 1200 omnium

2557 1224 2931 1268 creaturarum
2964 1216 3175 1268 infinito
3199 1214 3408 1269 finitum
3441 1217 3582 1270 multa

2556 1287 2767 1339 ratione
2820 1295 2995 1354 potest
3047 1287 3423 1350 commisceri;
3458 1303 3581 1339 nam

2556 1369 2661 1407 non
2707 1370 2801 1423 per
2838 1357 3238 1408 concretionem
3291 1371 3384 1409 seu
3430 1372 3583 1410 com-

2554 1424 2859 1494 mistioncm
2892 1424 3147 1479 differunt
3178 1425 3308 1494 (68).

2622 1493 2942 1563 Quanquam
2997 1495 3050 1549 in
3092 1493 3580 1564 unam'personam

2551 1571 2835 1635 utriusque
2864 1566 3000 1619 facta
3037 1565 3107 1620 sit
3140 1567 3334 1621 unitio.

2621 1704 2921 1759 Ostendens
2981 1707 3157 1775 ipsum
3223 1704 3579 1775 (sermonem

2552 1789 2730 1828 meum
2752 1776 2767 1845 )
2792 1777 2993 1839 audivi,
3034 1792 3155 1830 cum
3187 1791 3282 1844 per
3310 1794 3370 1829 ea
3401 1777 3580 1839 (litte-

2551 1861 2731 1897 rarum
2788 1846 3092 1915 elementa)
3138 1862 3257 1914 qua'
3292 1846 3579 1901 dissimilia

2549 1923 2697 1978 sunt,
2728 1918 2989 1982 exsistat;
3023 1932 3122 1971 nec
3164 1928 3339 1969 tamen
3384 1932 3477 1985 per
3515 1933 3579 1970 ea

2550 1985 2893 2053 (elementa)
2944 2002 3065 2055 quae
3102 1987 3387 2041 dissimilia
3428 1999 3578 2051 sunt,

2551 2058 2904 2109 mutationem
2940 2058 3205 2111 admittat.

2621 2125 2892 2189 Quantum
2944 2127 3247 2181 assimilare
3298 2126 3422 2181 licet
3483 2126 3576 2191 id,

2548 2196 2691 2263 quod
2744 2199 2969 2251 omnino
3021 2197 3311 2253 assimilari
3342 2213 3451 2252 non
3484 2212 3554 2268 po

2550 2275 2671 2319 lCSt.

2620 2335 2771 2390 Licet
2814 2352 2910 2405 per
2962 2351 3182 2392 carnem
3236 2346 3429 2392 natura
3477 2353 3575 2393 sua

2550 2404 2754 2476 finitam
2785 2404 3025 2476 fulgeret.

2622 2474 2770 2531 Licet
2823 2474 2886 2531 ei“
2926 2476 3187 2531 coaluerit
3239 2492 3335 2545 per
3383 2492 3578 2531 conce-

2549 2546 2788 2614 ptionem
2820 2562 2942 2616 quae
2976 2556 3208 2601 mentem
3240 2562 3456 2601 omnem
3493 2562 3578 2602 re-

2550 2616 2744 2671 frenat.

2618 2684 2727 2742 Nec
2757 2687 2918 2741 etiam
2949 2687 3001 2740 in
3027 2687 3267 2741 eamdem
3306 2703 3426 2741 eum
3457 2687 3574 2755 ipso

2549 2765 2797 2811 naturam
2848 2765 2902 2810 et
2947 2757 3249 2810 naturalem
3301 2758 3573 2826 operatio-

2548 2839 2670 2897 nem
2704 2826 2983 2881 transferri
3014 2842 3251 2896 unquam
3286 2838 3480 2897 potest.

2624 2896 2826 2951 Eorum
2853 2898 2995 2952 enim
3019 2896 3421 2967 duntaxat’quaa
3447 2906 3577 2952 sunt

2546 2966 2790 3034 ejusdem
2848 2977 3076 3033 naturae,
3142 2966 3333 3022 motus
3386 2969 3573 3021 eadem

2547 3047 2822 3107 Operatur,
2848 3038 3205 3092 substantiam
3238 3037 3569 3108 significans,

2546 3109 2703 3175 cujus
2728 3108 2991 3161 naturalis
3026 3116 3110 3162 est
3137 3109 3330 3163 virtus.

2617 3177 2866 3243 Qnandiu
2896 3179 3057 3248 igitur
3074 3194 3239 3231 unum
3274 3177 3571 3233 secundum

2545 3249 2905 3303 substantiam
2968 3250 3280 3318 agnoscitur
3336 3248 3572 3303 Verbum

2546 3317 2709 3373 unius
2749 3317 3103 3388 operationis,
3137 3320 3280 3372 nulla
3331 3335 3571 3388 unquam

2545 3388 2753 3460 ratione
2784 3400 3140 3460 cognoscetur
3156 3392 3439 3443 ambarum
3462 3405 3575 3444 mo-

2547 3458 2643 3512 tio.

2618 3528 2925 3583 Secundum
2964 3536 3253 3599 utrumque
3297 3543 3326 3581 a
3367 3543 3423 3582 se
3456 3530 3572 3600 ipso

2546 3614 2823 3667 nunquam
2850 3600 3124 3664 excidens,
3147 3599 3345 3653 divinis
3373 3599 3573 3666 pariter

2547 3676 2710 3736 atque
2742 3668 2994 3723 humanis
3021 3668 3427 3737 operationibus
3458 3678 3571 3725 suis

2545 3739 2839 3808 perfectam
2970 3738 3571 3794 incommutabilitatem

2544 3824 2770 3884 servans
2799 3810 3098 3884 secundum
3145 3809 3162 3879 (
3186 3808 3525 3864 essentialem
3549 3812 3570 3884 )

2545 3878 2831 3947 utriusque
2859 3879 3148 3939 rationem.

2612 3946 2835 4013 Qualem
2890 3948 3188 4017 secundum
3235 3946 3381 4017 ipsos
3422 3950 3570 4003 exsi-

2542 4020 2792 4071 stentiam
2821 4018 3058 4083 habebit,
3082 4016 3570 4075 factusdivinitatis

2540 4089 2837 4143 mutatione
2877 4090 3058 4151 homo,
3100 4098 3152 4143 et
3185 4090 3365 4143 carnis
3394 4099 3575 4146 trans-

2539 4160 2837 4213 mutatione
2869 4158 3049 4213 Dcus?
3072 4174 3196 4212 nam
3225 4159 3417 4213 harum
3450 4176 3570 4214 mu-

2537 4236 2627 4281 tua
2678 4231 2733 4283 in
2783 4244 2841 4284 se
2889 4230 3119 4283 invicem
3200 4231 3441 4295 mutatio,
3489 4239 3571 4285 est

2540 4300 2822 4353 ambarum
2856 4299 3168 4353 omnimoda
3198 4300 3567 4369 interemptio.

2614 4371 2920 4426 Secundum
2954 4371 3124 4440 ipsam
3153 4380 3424 4424 naturam.

2611 4510 2676 4562 Et
2704 4526 2800 4579 per
2837 4510 3018 4565 omnia
3054 4527 3174 4581 quae
3204 4528 3304 4567 sua
3336 4520 3482 4577 sunt,
3537 4527 3569 4566 a

341 4595 463 4635 rum
502 4596 623 4663 qua“:
656 4596 758 4635 sua
804 4580 1371 4663 sunt,“naturalis_ex—
1439 4578 1533 4663 τος)
1565 4580 1795 4663 φυσικῆς
1821 4579 1896 4644 ἐξ(

2025 4580 2195 4649 γονὼς
2230 4581 2471 4653 ἰσότητος
2542 4578 2773 4663 naturali
2807 4596 2907 4663 sua
2940 4578 3247 4652 aqualitate
3287 4593 3341 4639 ct
3372 4584 3567 4639 identi-

338 4660 564 4777 :rar:eus
590 4649 765 4706 factus
792 4650 1116 4721 aequalitatis
1139 4660 1194 4705 et
1218 4650 1368 4706 iden-

364 4738 379 4777 ι
465 4737 530 4777 ιε.

364 4737 530 4777 ttaus.

1440 4648 1535 4701 καὶ
1564 4648 1906 4721 ταυτότητος.

2542 4659 2651 4706 tate
2676 4652 2999 4707 excessisse.

410 4813 688 4897 (67)“Haec
716 4816 895 4872 versio
919 4815 1417 4897 Eutychianismum
1436 4812 1902 4897 'Hippolyto‘allin-

339 4882 450 4957 git;
483 4882 701 4957 aliunde
728 4902 857 4957 vero
886 4882 1170 4943 confundit
1210 4886 1270 4939 τὸ
1300 4882 1743 4957 auem-(ipsam)
1774 4902 1898 4941 cum

337 4955 416 5029 τῷ
446 4955 562 5029 τὴν
589 4955 782 5029 αὑτήν
806 4956 1114 5029 (eamdem).

412 5027 522 5095 (68)
563 5025 901 5097 Σύγκρισις.
959 5025 1080 5082 Hoc
1121 5028 1242 5083 loco
1290 5042 1395 5081 non
1443 5025 1898 5095 comparationem

340 5098 627 5168 significat,
657 5099 752 5154 sed
797 5107 1114 5153 naturarum
1155 5098 1352 5153 divina:
1396 5106 1456 5168 et
1482 5097 1732 5168 humana:
1769 5112 1900 5151 con-

338 5167 634 5223 cretionem
691 5176 745 5222 et
768 5169 1216 5232 commistionem,
1248 5184 1410 5237 quam
1448 5167 1498 5220 in
1532 5167 1897 5222 incarnatione

338 5237 665 5308 Apollinaris
709 5246 763 5291 et
808 5238 1074 5308 Eutyches
1113 5238 1404 5308 commenti
1435 5243 1581 5308 sunt,
1606 5237 1705 5308 etsi
1739 5253 1895 5308 error

340 5306 429 5364 hic
470 5324 501 5362 a
541 5306 875 5364 Tertulliano
905 5306 1091 5364 eontra
1119 5307 1403 5372 Praxeam,
1437 5323 1486 5362 c.
1514 5306 1603 5373 27,
1632 5306 1742 5376 jam
1778 5306 1895 5361 fue-

338 5388 423 5434 rat
450 5377 780 5433 confutatus.

408 5448 520 5518 (69)
560 5446 947 5502 Substantiam.
984 5447 1234 5503 Mendum
1269 5456 1399 5517 puto
1426 5445 1610 5518 potius
1641 5446 1894 5518 editionis

336 5516 690 5581 Fabricianze,
716 5534 876 5587 quam
906 5519 1213 5588 interpretis
1240 5516 1531 5572 Anastasii.
1561 5516 1895 5571 Sirmondia-

336 5603 405 5643 na
433 5588 577 5643 enim
603 5597 656 5643 et
681 5587 1075 5645 Combelisiana
1096 5589 1351 5645 exhibent
1377 5607 1395 5641 ι
1418 5587 1843 5652 subsistentiam,
1870 5605 1889 5639 ι

337 5668 397 5713 ut
425 5674 527 5712 suo
552 5658 674 5713 loco
705 5669 966 5714 notatum.

408 5728 519 5800 (79)
565 5727 768 5800 Parum
799 5739 987 5798 putum
1023 5727 1525 5800 Eutychianismum
1556 5725 1613 5781 S.
1642 5725 1895 5799 Hippoly-

336 5808 393 5854 to
422 5797 623 5870 afﬁngit
650 5797 937 5872 interpres.

2065 4818 2183 4943 ι371)
2224 4816 2301 4872 Ex
2336 4818 2436 4872 hac
2464 4817 2714 4874 versione
2746 4819 2928 4875 nullus
2964 4818 3084 4874 elici
3116 4835 3310 4875 sensus
3336 4830 3566 4890 poterat,

2130 4889 2491 4943 emendationi
2538 4898 2736 4943 nostra:
2766 4891 2872 4943 iam
2903 4891 3218 4943 nrazluserat
3243 4889 3566 4943 Franciscus

2003 4889 2098 4943 sed
2130 4889 2491 4959 emendationi
2511 4898 2736 4959 nostra:
2760 4891 2872 4959 jam
2903 4891 3218 4959 praeluserat
3243 4889 3568 4948 Franciscus

2001 4958 2292 5014 Combelis.
2330 4960 2383 5012 in
2414 4957 2470 5012 S.
2510 4957 2744 5015 Maximo
2763 4957 2971 5024 tomﬁl,
3006 4976 3058 5029 p.
3091 4961 3176 5013 75.

2070 5029 2190 5149 (722v
2222 5029 2378 5083 Hunc
2409 5029 2571 5084 etiam
2615 5032 2794 5085 locum
2832 5032 2942 5101 jam
2992 5033 3306 5085 emendarat
3341 5030 3567 5088 Franci-

2070 5116 2127 5149 us
2180 5100 2447 5149 .ombelis-

2001 5114 2127 5154 scus
2151 5100 2447 5155 Combelis.

2073 5171 2184 5242 (7'5)
2223 5169 2482 5237 Quamvis
2502 5171 2858 5247 glombefisius
2880 5170 3066 5247 legerit
3084 5172 3185 5247 ἕως
3210 5172 3276 5225 ἂν
3302 5172 3422 5247 oux,
3446 5189 3567 5247 per-

2001 5239 2224 5312 suasum
2275 5253 2452 5295 tamen
2504 5239 2677 5297 habeo
2717 5239 2998 5312 legendum
3054 5243 3142 5295 hic
3188 5258 3307 5297 esse
3345 5239 3459 5308 ἓῶέ
3497 5244 3563 5298 ἄν

2000 5308 2112 5365 οὖν.
2146 5309 2282 5365 Nam
2327 5326 2495 5381 supra
2541 5308 3118 5381 dixerat'ﬂippolytus
3171 5311 3563 5370 incarnationis

2002 5383 2326 5456 mysterium
2368 5380 2547 5456 ᾃιττὴν
2597 5383 2690 5437 καὶ
2734 5380 3013 5456 διαφορὰνζ
3040 5381 3205 5456 ἔχειν-
3225 5382 3475 5456 θεωρίαν,
3510 5394 3565 5439 et

2000 5450 2251 5525 constare
2276 5450 2556 5525 divinitate
2596 5462 2754 5525 atque
2795 5450 3129 5505 humanitate
3147 5450 3345 5525 AVerbi.‘
3379 5454 3564 5525 Itaque

2002 5535 2110 5574 non
2139 5520 2253 5574 vult
2283 5531 2342 5576 ut
2368 5519 2604 5576 Verbum
2653 5519 2723 5575 sit
2756 5537 2923 5575 unum
2960 5523 3258 5577 secundum
3308 5519 3565 5580 substan-

2002 5592 2166 5665 tiam;
2218 5592 2293 5645 ait
2346 5606 2504 5645 ruere
2551 5592 2899 5665 mysterium,
2945 5593 3185 5665 quandiu
3239 5606 3564 5665 agnoscetur

2003 5659 2444 5717 Verbumunum
2479 5659 2771 5715 secundum
2810 5659 3190 5727 substantiam,
3219 5659 3323 5718 etc.

2074 5730 2185 5801 (74)
2228 5728 2361 5787 Vide
2390 5742 2573 5788 notam
2608 5729 2717 5801 (67)
2751 5732 2816 5788 ad
2848 5732 2946 5788 has
2971 5735 3397 5793 emendationes.
