  <div class='ocr_page' id='page_1' title='image "/cluster/home/n/w/nwhite01/storage/ocr_20150623/10/hvd.32044073501330/446.png"; bbox 0 0 3852 6208; ppageno 0'>
   <div class='ocr_carea' id='block_1_1' title="bbox 408 258 517 314">
    <p class='ocr_par' dir='ltr' id='par_1_1' title="bbox 408 258 517 314">
     <span class='ocr_line' id='line_1_1' title="bbox 408 258 517 314; baseline 0 0"><span class='ocrx_word' id='word_1_1' title='bbox 408 258 517 314; x_wconf 80' lang='lat'><strong>855</strong></span> 
     </span>
    </p>
   </div>
   <div class='ocr_carea' id='block_1_2' title="bbox 1441 262 2593 321">
    <p class='ocr_par' dir='ltr' id='par_1_2' title="bbox 1441 262 2593 321">
     <span class='ocr_line' id='line_1_2' title="bbox 1441 262 2593 321; baseline 0.003 -3"><span class='ocrx_word' id='word_1_2' title='bbox 1441 262 1676 320; x_wconf 78' lang='lat' dir='ltr'><strong>SERMO</strong></span> <span class='ocrx_word' id='word_1_3' title='bbox 1714 262 1782 317; x_wconf 84' lang='grc' dir='ltr'><strong>ΙΝ</strong></span> <span class='ocrx_word' id='word_1_4' title='bbox 1823 263 2093 320; x_wconf 75' lang='lat' dir='ltr'><strong>SANCTA</strong></span> <span class='ocrx_word' id='word_1_5' title='bbox 2131 263 2593 321; x_wconf 71' lang='lat' dir='ltr'><strong>THEOPHANIA.</strong></span> 
     </span>
    </p>
   </div>
   <div class='ocr_carea' id='block_1_3' title="bbox 3525 269 3635 324">
    <p class='ocr_par' dir='ltr' id='par_1_3' title="bbox 3525 269 3635 324">
     <span class='ocr_line' id='line_1_3' title="bbox 3525 269 3635 324; baseline -0.009 0"><span class='ocrx_word' id='word_1_6' title='bbox 3525 269 3635 324; x_wconf 69' lang='grc'><strong>854</strong></span> 
     </span>
    </p>
   </div>
   <div class='ocr_carea' id='block_1_4' title="bbox 477 373 1972 456">
    <p class='ocr_par' dir='ltr' id='par_1_4' title="bbox 477 373 1972 453">
     <span class='ocr_line' id='line_1_4' title="bbox 477 373 1972 453; baseline 0.005 -26"><span class='ocrx_word' id='word_1_7' title='bbox 477 374 554 428; x_wconf 79' lang='grc' dir='ltr'><strong>οὐ</strong></span> <span class='ocrx_word' id='word_1_8' title='bbox 592 373 752 446; x_wconf 86' lang='grc' dir='ltr'>μόνον</span> <span class='ocrx_word' id='word_1_9' title='bbox 771 375 828 430; x_wconf 80' lang='grc' dir='ltr'>δὲ</span> <span class='ocrx_word' id='word_1_10' title='bbox 848 376 1005 432; x_wconf 85' lang='grc' dir='ltr'>τοῦτο</span> <span class='ocrx_word' id='word_1_11' title='bbox 1031 379 1129 452; x_wconf 84' lang='grc' dir='ltr'>τὴν</span> <span class='ocrx_word' id='word_1_12' title='bbox 1150 380 1488 446; x_wconf 77' lang='grc' dir='ltr'><strong>ἀξιοπιστίαν</strong></span> <span class='ocrx_word' id='word_1_13' title='bbox 1514 382 1606 436; x_wconf 86' lang='grc' dir='ltr'><strong>τοῦ</strong></span> <span class='ocrx_word' id='word_1_14' title='bbox 1631 383 1819 447; x_wconf 80' lang='grc' dir='ltr'>ὓδατος</span> <span class='ocrx_word' id='word_1_15' title='bbox 1843 399 1972 453; x_wconf 86' lang='grc' dir='ltr'>παρ-</span> 
     </span>
    </p>
   </div>
   <div class='ocr_carea' id='block_1_5' title="bbox 2076 373 3638 456">
    <p class='ocr_par' dir='ltr' id='par_1_5' title="bbox 2149 380 3638 456">
     <span class='ocr_line' id='line_1_5' title="bbox 2149 380 3638 456; baseline 0.003 -20"><span class='ocrx_word' id='word_1_16' title='bbox 2149 382 2215 438; x_wconf 86' lang='grc' dir='ltr'><strong>ιι.</strong></span> <span class='ocrx_word' id='word_1_17' title='bbox 2254 380 2438 452; x_wconf 84' lang='lat' dir='ltr'><strong>Neque</strong></span> <span class='ocrx_word' id='word_1_18' title='bbox 2462 387 2562 439; x_wconf 90' lang='lat' dir='ltr'><strong>hoc</strong></span> <span class='ocrx_word' id='word_1_19' title='bbox 2587 385 2960 439; x_wconf 93' lang='lat' dir='ltr'><strong>tantummodo</strong></span> <span class='ocrx_word' id='word_1_20' title='bbox 2983 385 3293 456; x_wconf 85' lang='lat' dir='ltr'><strong>dignitatem</strong></span> <span class='ocrx_word' id='word_1_21' title='bbox 3313 401 3466 456; x_wconf 71' lang='lat' dir='ltr'><strong>aqua:</strong></span> <span class='ocrx_word' id='word_1_22' title='bbox 3488 389 3638 441; x_wconf 88' lang='lat' dir='ltr'><strong>evin-</strong></span> 
     </span>
    </p>
   </div>
   <div class='ocr_carea' id='block_1_6' title="bbox 409 465 1984 546">
    <p class='ocr_par' dir='ltr' id='par_1_6' title="bbox 409 465 1984 546">
     <span class='ocr_line' id='line_1_6' title="bbox 409 465 1984 546; baseline 0.006 -29"><span class='ocrx_word' id='word_1_23' title='bbox 409 465 661 540; x_wconf 78' lang='grc' dir='ltr'>ίστησιν,</span> <span class='ocrx_word' id='word_1_24' title='bbox 707 469 842 522; x_wconf 82' lang='grc' dir='ltr'>ἀλλὰ</span> <span class='ocrx_word' id='word_1_25' title='bbox 881 471 975 525; x_wconf 81' lang='grc' dir='ltr'>καὶ</span> <span class='ocrx_word' id='word_1_26' title='bbox 1016 473 1077 526; x_wconf 84' lang='grc' dir='ltr'>τὸ</span> <span class='ocrx_word' id='word_1_27' title='bbox 1114 473 1328 527; x_wconf 87' lang='grc' dir='ltr'>πάντων</span> <span class='ocrx_word' id='word_1_28' title='bbox 1371 475 1808 546; x_wconf 78' lang='grc' dir='ltr'>αίδεσιμὼτερον.</span> <span class='ocrx_word' id='word_1_29' title='bbox 1843 475 1923 528; x_wconf 87' lang='grc' dir='ltr'><strong>δτι</strong></span> <span class='ocrx_word' id='word_1_30' title='bbox 1955 478 1984 527; x_wconf 97' lang='lat'><strong>6</strong></span> 
     </span>
    </p>
   </div>
   <div class='ocr_carea' id='block_1_7' title="bbox 409 560 1982 638">
    <p class='ocr_par' dir='ltr' id='par_1_7' title="bbox 409 560 1982 638">
     <span class='ocr_line' id='line_1_7' title="bbox 409 560 1982 638; baseline 0.007 -27"><span class='ocrx_word' id='word_1_31' title='bbox 409 575 624 613; x_wconf 84' lang='grc' dir='ltr'>παντων</span> <span class='ocrx_word' id='word_1_32' title='bbox 656 560 987 634; x_wconf 84' lang='grc' dir='ltr'>δημιουργὸς</span> <span class='ocrx_word' id='word_1_33' title='bbox 1016 567 1266 637; x_wconf 85' lang='grc' dir='ltr'>Χριστὸς,</span> <span class='ocrx_word' id='word_1_34' title='bbox 1299 567 1374 631; x_wconf 84' lang='grc' dir='ltr'><strong>ὡς</strong></span> <span class='ocrx_word' id='word_1_35' title='bbox 1409 568 1562 631; x_wconf 83' lang='grc' dir='ltr'><strong>ὑετὸς</strong></span> <span class='ocrx_word' id='word_1_36' title='bbox 1590 569 1870 638; x_wconf 78' lang='grc' dir='ltr'>κατῆλθεν,</span> <span class='ocrx_word' id='word_1_37' title='bbox 1890 563 1982 622; x_wconf 76' lang='grc' dir='ltr'>καὶ</span> 
     </span>
    </p>
   </div>
   <div class='ocr_carea' id='block_1_8' title="bbox 404 649 1982 732">
    <p class='ocr_par' dir='ltr' id='par_1_8' title="bbox 404 649 1982 732">
     <span class='ocr_line' id='line_1_8' title="bbox 404 649 1982 732; baseline 0.009 -31"><span class='ocrx_word' id='word_1_38' title='bbox 404 649 482 714; x_wconf 84' lang='grc' dir='ltr'><strong>ῶς</strong></span> <span class='ocrx_word' id='word_1_39' title='bbox 530 654 680 723; x_wconf 80' lang='grc' dir='ltr'>πηγὴ</span> <span class='ocrx_word' id='word_1_40' title='bbox 729 654 997 727; x_wconf 82' lang='grc' dir='ltr'>ἐγνώσθη,</span> <span class='ocrx_word' id='word_1_41' title='bbox 1035 659 1126 711; x_wconf 71' lang='grc' dir='ltr'>καὶ</span> <span class='ocrx_word' id='word_1_42' title='bbox 1157 659 1232 721; x_wconf 82' lang='grc' dir='ltr'>ὡς</span> <span class='ocrx_word' id='word_1_43' title='bbox 1264 660 1503 730; x_wconf 74' lang='grc' dir='ltr'>ποταμὸς</span> <span class='ocrx_word' id='word_1_44' title='bbox 1534 661 1762 732; x_wconf 79' lang='grc' dir='ltr'><strong>διεδόθη,</strong></span> <span class='ocrx_word' id='word_1_45' title='bbox 1795 663 1887 715; x_wconf 71' lang='grc' dir='ltr'>καὶ</span> <span class='ocrx_word' id='word_1_46' title='bbox 1926 663 1982 715; x_wconf 82' lang='grc' dir='ltr'>ὲν</span> 
     </span>
    </p>
   </div>
   <div class='ocr_carea' id='block_1_9' title="bbox 405 741 1981 822">
    <p class='ocr_par' dir='ltr' id='par_1_9' title="bbox 405 741 1981 822">
     <span class='ocr_line' id='line_1_9' title="bbox 405 741 1981 822; baseline 0.016 -30"><span class='ocrx_word' id='word_1_47' title='bbox 405 741 482 811; x_wconf 79' lang='grc' dir='ltr'><strong>τῷ</strong></span> <span class='ocrx_word' id='word_1_48' title='bbox 521 742 756 818; x_wconf 73' lang='grc' dir='ltr'>Ἰορδάνῃ</span> <span class='ocrx_word' id='word_1_49' title='bbox 785 745 1348 818; x_wconf 78' lang='grc' dir='ltr'>ἐδαπτίσθη.Ἢκουες</span> <span class='ocrx_word' id='word_1_50' title='bbox 1379 755 1486 822; x_wconf 80' lang='grc' dir='ltr'><strong>γάρ</strong></span> <span class='ocrx_word' id='word_1_51' title='bbox 1519 753 1718 822; x_wconf 77' lang='grc' dir='ltr'>ἀρτίως</span> <span class='ocrx_word' id='word_1_52' title='bbox 1750 752 1864 814; x_wconf 84' lang='grc' dir='ltr'><strong>πῶς</strong></span> <span class='ocrx_word' id='word_1_53' title='bbox 1896 751 1981 804; x_wconf 73' lang='grc' dir='ltr'><strong>ὲλ-</strong></span> 
     </span>
    </p>
   </div>
   <div class='ocr_carea' id='block_1_10' title="bbox 408 834 1980 917">
    <p class='ocr_par' dir='ltr' id='par_1_10' title="bbox 408 834 1980 917">
     <span class='ocr_line' id='line_1_10' title="bbox 408 834 1980 917; baseline 0.006 -31"><span class='ocrx_word' id='word_1_54' title='bbox 408 834 514 887; x_wconf 88' lang='grc' dir='ltr'>θὼν</span> <span class='ocrx_word' id='word_1_55' title='bbox 562 837 590 887; x_wconf 92' lang='lat'><strong>6</strong></span> <span class='ocrx_word' id='word_1_56' title='bbox 626 836 844 907; x_wconf 59' lang='grc' dir='ltr'>Ἰησοῦς</span> <span class='ocrx_word' id='word_1_57' title='bbox 880 841 1015 910; x_wconf 79' lang='grc' dir='ltr'>πρὸς</span> <span class='ocrx_word' id='word_1_58' title='bbox 1077 841 1163 893; x_wconf 78' lang='grc' dir='ltr'>τὸν</span> <span class='ocrx_word' id='word_1_59' title='bbox 1214 842 1464 912; x_wconf 78' lang='grc' dir='ltr'>Ἰωάννην</span> <span class='ocrx_word' id='word_1_60' title='bbox 1511 846 1568 896; x_wconf 84' lang='grc' dir='ltr'>ὲν</span> <span class='ocrx_word' id='word_1_61' title='bbox 1619 843 1695 913; x_wconf 75' lang='grc' dir='ltr'><strong>τῷ</strong></span> <span class='ocrx_word' id='word_1_62' title='bbox 1743 844 1980 917; x_wconf 76' lang='grc' dir='ltr'><strong>Ἰορδάνῃ</strong></span> 
     </span>
    </p>
   </div>
   <div class='ocr_carea' id='block_1_11' title="bbox 406 927 1979 1007">
    <p class='ocr_par' dir='ltr' id='par_1_11' title="bbox 406 927 1979 1007">
     <span class='ocr_line' id='line_1_11' title="bbox 406 927 1979 1007; baseline 0.005 -28"><span class='ocrx_word' id='word_1_63' title='bbox 406 927 708 1000; x_wconf 75' lang='grc' dir='ltr'>ἐϐαπτίσθη</span> <span class='ocrx_word' id='word_1_64' title='bbox 735 930 826 982; x_wconf 80' lang='grc' dir='ltr'>ὑπ’</span> <span class='ocrx_word' id='word_1_65' title='bbox 851 927 1116 984; x_wconf 75' lang='grc' dir='ltr'>αὑτοῦ.Ὦ</span> <span class='ocrx_word' id='word_1_66' title='bbox 1141 933 1457 1006; x_wconf 73' lang='grc' dir='ltr'><strong>παραδόξων</strong></span> <span class='ocrx_word' id='word_1_67' title='bbox 1489 935 1844 1007; x_wconf 81' lang='grc' dir='ltr'><strong>πραγμάτων·</strong></span> <span class='ocrx_word' id='word_1_68' title='bbox 1866 935 1979 998; x_wconf 89' lang='grc' dir='ltr'><strong>πῶς</strong></span> 
     </span>
    </p>
   </div>
   <div class='ocr_carea' id='block_1_12' title="bbox 403 1019 1978 1098">
    <p class='ocr_par' dir='ltr' id='par_1_12' title="bbox 403 1019 1978 1098">
     <span class='ocr_line' id='line_1_12' title="bbox 403 1019 1978 1098; baseline 0.005 -26"><span class='ocrx_word' id='word_1_69' title='bbox 403 1021 431 1072; x_wconf 88' lang='grc' dir='ltr'>ὁ</span> <span class='ocrx_word' id='word_1_70' title='bbox 457 1019 865 1091; x_wconf 82' lang='grc' dir='ltr'>ἀπερίγραπτος</span> <span class='ocrx_word' id='word_1_71' title='bbox 895 1023 1133 1094; x_wconf 79' lang='grc' dir='ltr'>ποταμὸς</span> <span class='ocrx_word' id='word_1_72' title='bbox 1163 1026 1192 1077; x_wconf 86' lang='grc' dir='ltr'><strong>ό</strong></span> <span class='ocrx_word' id='word_1_73' title='bbox 1223 1027 1525 1096; x_wconf 75' lang='grc' dir='ltr'>εὐφραίνων</span> <span class='ocrx_word' id='word_1_74' title='bbox 1562 1027 1657 1098; x_wconf 78' lang='grc' dir='ltr'>τὴν</span> <span class='ocrx_word' id='word_1_75' title='bbox 1691 1026 1846 1080; x_wconf 89' lang='grc' dir='ltr'>πόλιν</span> <span class='ocrx_word' id='word_1_76' title='bbox 1885 1027 1978 1080; x_wconf 87' lang='grc' dir='ltr'><strong>τοῦ</strong></span> 
     </span>
    </p>
   </div>
   <div class='ocr_carea' id='block_1_13' title="bbox 403 1109 1975 1189">
    <p class='ocr_par' dir='ltr' id='par_1_13' title="bbox 403 1109 1975 1189">
     <span class='ocr_line' id='line_1_13' title="bbox 403 1109 1975 1189; baseline 0.007 -28"><span class='ocrx_word' id='word_1_77' title='bbox 403 1109 558 1172; x_wconf 83' lang='grc' dir='ltr'>Θεοῦ,</span> <span class='ocrx_word' id='word_1_78' title='bbox 589 1113 646 1164; x_wconf 84' lang='grc' dir='ltr'>ὲν</span> <span class='ocrx_word' id='word_1_79' title='bbox 674 1111 837 1183; x_wconf 77' lang='grc' dir='ltr'>ὀλίγῳ</span> <span class='ocrx_word' id='word_1_80' title='bbox 869 1112 1016 1166; x_wconf 80' lang='grc' dir='ltr'>ὕδατι</span> <span class='ocrx_word' id='word_1_81' title='bbox 1052 1115 1291 1181; x_wconf 80' lang='grc' dir='ltr'>ὲλούετο;</span> <span class='ocrx_word' id='word_1_82' title='bbox 1311 1117 1372 1170; x_wconf 78' lang='grc' dir='ltr'><strong>Ἦ</strong></span> <span class='ocrx_word' id='word_1_83' title='bbox 1398 1118 1774 1189; x_wconf 81' lang='grc' dir='ltr'>άκατάληπτος</span> <span class='ocrx_word' id='word_1_84' title='bbox 1806 1119 1975 1189; x_wconf 79' lang='grc' dir='ltr'>πηγὴ,</span> 
     </span>
    </p>
   </div>
   <div class='ocr_carea' id='block_1_14' title="bbox 405 1200 1976 1280">
    <p class='ocr_par' dir='ltr' id='par_1_14' title="bbox 405 1200 1976 1280">
     <span class='ocr_line' id='line_1_14' title="bbox 405 1200 1976 1280; baseline 0.007 -30"><span class='ocrx_word' id='word_1_85' title='bbox 405 1201 438 1270; x_wconf 81' lang='grc' dir='ltr'>ἡ</span> <span class='ocrx_word' id='word_1_86' title='bbox 479 1200 623 1271; x_wconf 77' lang='grc' dir='ltr'>ζωὴν</span> <span class='ocrx_word' id='word_1_87' title='bbox 665 1201 1031 1271; x_wconf 82' lang='grc' dir='ltr'>βλαστάνονσα</span> <span class='ocrx_word' id='word_1_88' title='bbox 1065 1208 1229 1260; x_wconf 82' lang='grc' dir='ltr'>πᾶσιν</span> <span class='ocrx_word' id='word_1_89' title='bbox 1267 1206 1570 1280; x_wconf 81' lang='grc' dir='ltr'>ἀνθρώποις</span> <span class='ocrx_word' id='word_1_90' title='bbox 1599 1209 1692 1262; x_wconf 76' lang='grc' dir='ltr'>καὶ</span> <span class='ocrx_word' id='word_1_91' title='bbox 1724 1209 1871 1272; x_wconf 82' lang='grc' dir='ltr'>τέλος</span> <span class='ocrx_word' id='word_1_92' title='bbox 1903 1209 1976 1280; x_wconf 84' lang='grc' dir='ltr'>μὴ</span> 
     </span>
    </p>
   </div>
   <div class='ocr_carea' id='block_1_15' title="bbox 403 1291 1977 1373">
    <p class='ocr_par' dir='ltr' id='par_1_15' title="bbox 403 1291 1977 1373">
     <span class='ocr_line' id='line_1_15' title="bbox 403 1291 1977 1373; baseline 0.008 -32"><span class='ocrx_word' id='word_1_93' title='bbox 403 1291 619 1361; x_wconf 76' lang='grc' dir='ltr'>ἔχουσα,</span> <span class='ocrx_word' id='word_1_94' title='bbox 655 1293 757 1346; x_wconf 79' lang='grc' dir='ltr'><strong>ὑπὸ</strong></span> <span class='ocrx_word' id='word_1_95' title='bbox 792 1297 1058 1366; x_wconf 85' lang='grc' dir='ltr'>πενιχρῶν</span> <span class='ocrx_word' id='word_1_96' title='bbox 1105 1299 1200 1352; x_wconf 72' lang='grc' dir='ltr'>καὶ</span> <span class='ocrx_word' id='word_1_97' title='bbox 1237 1302 1580 1373; x_wconf 82' lang='grc' dir='ltr'>προσκαίρων</span> <span class='ocrx_word' id='word_1_98' title='bbox 1615 1300 1818 1354; x_wconf 79' lang='grc' dir='ltr'>ὑδάτων</span> <span class='ocrx_word' id='word_1_99' title='bbox 1846 1303 1977 1354; x_wconf 77' lang='grc' dir='ltr'>ἐκα-</span> 
     </span>
    </p>
   </div>
   <div class='ocr_carea' id='block_1_16' title="bbox 403 1378 1978 1462">
    <p class='ocr_par' dir='ltr' id='par_1_16' title="bbox 403 1378 1978 1462">
     <span class='ocr_line' id='line_1_16' title="bbox 403 1378 1978 1462; baseline 0.008 -31"><span class='ocrx_word' id='word_1_100' title='bbox 403 1378 654 1434; x_wconf 81' lang='grc' dir='ltr'>λύπτετο.</span> <span class='ocrx_word' id='word_1_101' title='bbox 673 1383 730 1434; x_wconf 84' lang='grc' dir='ltr'>Ὀ</span> <span class='ocrx_word' id='word_1_102' title='bbox 762 1386 933 1455; x_wconf 75' lang='grc' dir='ltr'>παντῆ</span> <span class='ocrx_word' id='word_1_103' title='bbox 963 1385 1170 1458; x_wconf 87' lang='grc' dir='ltr'>παρὼν,</span> <span class='ocrx_word' id='word_1_104' title='bbox 1204 1389 1296 1441; x_wconf 74' lang='grc' dir='ltr'><strong>καὶ</strong></span> <span class='ocrx_word' id='word_1_105' title='bbox 1331 1389 1578 1460; x_wconf 80' lang='grc' dir='ltr'><strong>μηδαμοῦ</strong></span> <span class='ocrx_word' id='word_1_106' title='bbox 1605 1391 1978 1462; x_wconf 87' lang='grc' dir='ltr'>ἀπολιμπανό-</span> 
     </span>
    </p>
   </div>
   <div class='ocr_carea' id='block_1_17' title="bbox 407 1473 1977 1554">
    <p class='ocr_par' dir='ltr' id='par_1_17' title="bbox 407 1473 1977 1554">
     <span class='ocr_line' id='line_1_17' title="bbox 407 1473 1977 1554; baseline 0.008 -31"><span class='ocrx_word' id='word_1_107' title='bbox 407 1488 585 1542; x_wconf 82' lang='grc' dir='ltr'>μενος,</span> <span class='ocrx_word' id='word_1_108' title='bbox 617 1473 646 1525; x_wconf 91' lang='lat'><strong>6</strong></span> <span class='ocrx_word' id='word_1_109' title='bbox 677 1475 1056 1548; x_wconf 81' lang='grc' dir='ltr'>ἁκατάληπτος</span> <span class='ocrx_word' id='word_1_110' title='bbox 1099 1479 1348 1548; x_wconf 78' lang='grc' dir='ltr'><strong>ἀγγέλοις</strong></span> <span class='ocrx_word' id='word_1_111' title='bbox 1380 1482 1473 1535; x_wconf 74' lang='grc' dir='ltr'>καὶ</span> <span class='ocrx_word' id='word_1_112' title='bbox 1503 1483 1731 1548; x_wconf 87' lang='grc' dir='ltr'>ἀόρατος</span> <span class='ocrx_word' id='word_1_113' title='bbox 1769 1482 1977 1554; x_wconf 86' lang='grc' dir='ltr'>ἀνθρώ-</span> 
     </span>
    </p>
   </div>
   <div class='ocr_carea' id='block_1_18' title="bbox 404 1565 1975 1644">
    <p class='ocr_par' dir='ltr' id='par_1_18' title="bbox 404 1565 1975 1644">
     <span class='ocr_line' id='line_1_18' title="bbox 404 1565 1975 1644; baseline 0.009 -30"><span class='ocrx_word' id='word_1_114' title='bbox 404 1579 545 1626; x_wconf 83' lang='grc' dir='ltr'>ποις,</span> <span class='ocrx_word' id='word_1_115' title='bbox 571 1565 662 1616; x_wconf 74' lang='grc' dir='ltr'><strong>ἐπὶ</strong></span> <span class='ocrx_word' id='word_1_116' title='bbox 696 1567 756 1618; x_wconf 83' lang='grc' dir='ltr'>τὸ</span> <span class='ocrx_word' id='word_1_117' title='bbox 786 1566 1062 1640; x_wconf 79' lang='grc' dir='ltr'><strong>βάπτισμα</strong></span> <span class='ocrx_word' id='word_1_118' title='bbox 1087 1570 1321 1642; x_wconf 79' lang='grc' dir='ltr'>ἔρχεται,</span> <span class='ocrx_word' id='word_1_119' title='bbox 1349 1572 1423 1636; x_wconf 83' lang='grc' dir='ltr'>ὡς</span> <span class='ocrx_word' id='word_1_120' title='bbox 1452 1573 1772 1644; x_wconf 76' lang='grc' dir='ltr'>ηὐδόκησεν.</span> <span class='ocrx_word' id='word_1_121' title='bbox 1795 1575 1975 1628; x_wconf 88' lang='grc' dir='ltr'>Ταῦτα</span> 
     </span>
    </p>
   </div>
   <div class='ocr_carea' id='block_1_19' title="bbox 404 1648 1976 1734">
    <p class='ocr_par' dir='ltr' id='par_1_19' title="bbox 404 1648 1976 1734">
     <span class='ocr_line' id='line_1_19' title="bbox 404 1648 1976 1734; baseline 0.012 -34"><span class='ocrx_word' id='word_1_122' title='bbox 404 1648 638 1710; x_wconf 77' lang='grc' dir='ltr'>ἀκούων,</span> <span class='ocrx_word' id='word_1_123' title='bbox 671 1653 940 1725; x_wconf 83' lang='grc' dir='ltr'>ἀγαπητὲ,</span> <span class='ocrx_word' id='word_1_124' title='bbox 971 1657 1044 1729; x_wconf 83' lang='grc' dir='ltr'>μὴ</span> <span class='ocrx_word' id='word_1_125' title='bbox 1074 1661 1313 1728; x_wconf 80' lang='grc' dir='ltr'>φυσικῶς</span> <span class='ocrx_word' id='word_1_126' title='bbox 1337 1662 1642 1732; x_wconf 81' lang='grc' dir='ltr'>ἐκλάμϐανε</span> <span class='ocrx_word' id='word_1_127' title='bbox 1662 1664 1729 1717; x_wconf 78' lang='grc' dir='ltr'><strong>τά</strong></span> <span class='ocrx_word' id='word_1_128' title='bbox 1753 1664 1976 1734; x_wconf 87' lang='grc' dir='ltr'>λεγόμε-</span> 
     </span>
    </p>
   </div>
   <div class='ocr_carea' id='block_1_20' title="bbox 403 1743 1978 1828">
    <p class='ocr_par' dir='ltr' id='par_1_20' title="bbox 403 1743 1978 1828">
     <span class='ocr_line' id='line_1_20' title="bbox 403 1743 1978 1828; baseline 0.013 -36"><span class='ocrx_word' id='word_1_129' title='bbox 403 1758 489 1803; x_wconf 90' lang='grc' dir='ltr'><strong>να,</strong></span> <span class='ocrx_word' id='word_1_130' title='bbox 539 1743 651 1794; x_wconf 82' lang='grc' dir='ltr'>ἀλλ’</span> <span class='ocrx_word' id='word_1_131' title='bbox 684 1747 1039 1818; x_wconf 74' lang='grc' dir='ltr'>οἰκονομικῶς</span> <span class='ocrx_word' id='word_1_132' title='bbox 1088 1750 1242 1821; x_wconf 83' lang='grc' dir='ltr'>δέχου</span> <span class='ocrx_word' id='word_1_133' title='bbox 1290 1752 1357 1806; x_wconf 78' lang='grc' dir='ltr'><strong>τὰ</strong></span> <span class='ocrx_word' id='word_1_134' title='bbox 1406 1755 1831 1828; x_wconf 83' lang='grc' dir='ltr'><strong>παρατιθέμενα.</strong></span> <span class='ocrx_word' id='word_1_135' title='bbox 1888 1759 1978 1812; x_wconf 74' lang='grc' dir='ltr'>Διὸ</span> 
     </span>
    </p>
   </div>
   <div class='ocr_carea' id='block_1_21' title="bbox 403 1831 1978 1915">
    <p class='ocr_par' dir='ltr' id='par_1_21' title="bbox 403 1831 1978 1915">
     <span class='ocr_line' id='line_1_21' title="bbox 403 1831 1978 1915; baseline 0.011 -32"><span class='ocrx_word' id='word_1_136' title='bbox 403 1831 498 1884; x_wconf 80' lang='grc' dir='ltr'>καὶ</span> <span class='ocrx_word' id='word_1_137' title='bbox 545 1833 574 1884; x_wconf 92' lang='lat'><strong>6</strong></span> <span class='ocrx_word' id='word_1_138' title='bbox 626 1832 827 1904; x_wconf 80' lang='grc' dir='ltr'>Κύριος</span> <span class='ocrx_word' id='word_1_139' title='bbox 873 1839 936 1907; x_wconf 79' lang='grc' dir='ltr'>τῇ</span> <span class='ocrx_word' id='word_1_140' title='bbox 992 1837 1368 1914; x_wconf 74' lang='grc' dir='ltr'>φιλανθρωπίᾳ</span> <span class='ocrx_word' id='word_1_141' title='bbox 1396 1844 1494 1915; x_wconf 80' lang='grc' dir='ltr'>τῆς</span> <span class='ocrx_word' id='word_1_142' title='bbox 1526 1846 1978 1914; x_wconf 80' lang='grc' dir='ltr'>συγκαταϐάσεως</span> 
     </span>
    </p>
   </div>
   <div class='ocr_carea' id='block_1_22' title="bbox 402 1923 1978 2010">
    <p class='ocr_par' dir='ltr' id='par_1_22' title="bbox 402 1923 1978 2010">
     <span class='ocr_line' id='line_1_22' title="bbox 402 1923 1978 2010; baseline 0.013 -35"><span class='ocrx_word' id='word_1_143' title='bbox 402 1924 502 1976; x_wconf 68' lang='grc' dir='ltr'>οὐκ</span> <span class='ocrx_word' id='word_1_144' title='bbox 530 1923 716 1978; x_wconf 76' lang='grc' dir='ltr'>ἔλαθεν</span> <span class='ocrx_word' id='word_1_145' title='bbox 745 1928 842 1998; x_wconf 80' lang='grc' dir='ltr'>τὴν</span> <span class='ocrx_word' id='word_1_146' title='bbox 875 1928 980 1984; x_wconf 86' lang='grc' dir='ltr'><strong>τῶν</strong></span> <span class='ocrx_word' id='word_1_147' title='bbox 1016 1931 1223 1985; x_wconf 80' lang='grc' dir='ltr'>ὑδάτων</span> <span class='ocrx_word' id='word_1_148' title='bbox 1255 1933 1434 2002; x_wconf 83' lang='grc' dir='ltr'>φύσιν,</span> <span class='ocrx_word' id='word_1_149' title='bbox 1469 1938 1605 2008; x_wconf 82' lang='grc' dir='ltr'>ὅπερ</span> <span class='ocrx_word' id='word_1_150' title='bbox 1637 1940 1887 2010; x_wconf 80' lang='grc' dir='ltr'>ἐποίησεν</span> <span class='ocrx_word' id='word_1_151' title='bbox 1920 1943 1978 1996; x_wconf 85' lang='grc' dir='ltr'>ὲν</span> 
     </span>
    </p>
   </div>
   <div class='ocr_carea' id='block_1_23' title="bbox 404 2013 1978 2103">
    <p class='ocr_par' dir='ltr' id='par_1_23' title="bbox 404 2013 1978 2103">
     <span class='ocr_line' id='line_1_23' title="bbox 404 2013 1978 2103; baseline 0.008 -34"><span class='ocrx_word' id='word_1_152' title='bbox 404 2019 606 2086; x_wconf 79' lang='grc' dir='ltr'>κρυφῇ.</span> <span class='ocrx_word' id='word_1_153' title='bbox 649 2037 667 2068; x_wconf 84' lang='grc'><strong><em>‹</em></strong></span> <span class='ocrx_word' id='word_1_154' title='bbox 700 2013 852 2072; x_wconf 82' lang='grc' dir='ltr'>Εἶδον</span> <span class='ocrx_word' id='word_1_155' title='bbox 897 2020 1006 2093; x_wconf 77' lang='grc' dir='ltr'><strong>γὰρ</strong></span> <span class='ocrx_word' id='word_1_156' title='bbox 1057 2023 1217 2077; x_wconf 76' lang='grc' dir='ltr'>αὑτὸν</span> <span class='ocrx_word' id='word_1_157' title='bbox 1260 2025 1326 2078; x_wconf 73' lang='grc' dir='ltr'><strong>τὰ</strong></span> <span class='ocrx_word' id='word_1_158' title='bbox 1369 2025 1554 2091; x_wconf 79' lang='grc' dir='ltr'>ὕδατα,</span> <span class='ocrx_word' id='word_1_159' title='bbox 1587 2028 1680 2082; x_wconf 74' lang='grc' dir='ltr'>καὶ</span> <span class='ocrx_word' id='word_1_160' title='bbox 1711 2030 1978 2103; x_wconf 71' lang='grc' dir='ltr'>ἐφοϐήθη-</span> 
     </span>
    </p>
   </div>
   <div class='ocr_carea' id='block_1_24' title="bbox 405 2109 1978 2192">
    <p class='ocr_par' dir='ltr' id='par_1_24' title="bbox 405 2109 1978 2192">
     <span class='ocr_line' id='line_1_24' title="bbox 405 2109 1978 2192; baseline 0.011 -33"><span class='ocrx_word' id='word_1_161' title='bbox 405 2124 524 2162; x_wconf 90' lang='grc' dir='ltr'>σαν.</span> <span class='ocrx_word' id='word_1_162' title='bbox 543 2129 562 2161; x_wconf 73' lang='grc' dir='ltr'><strong>ι</strong></span> <span class='ocrx_word' id='word_1_163' title='bbox 583 2109 905 2182; x_wconf 80' lang='grc' dir='ltr'>Ἐξέστησαν</span> <span class='ocrx_word' id='word_1_164' title='bbox 941 2115 1134 2187; x_wconf 90' lang='grc' dir='ltr'>μικροῦ</span> <span class='ocrx_word' id='word_1_165' title='bbox 1167 2117 1295 2180; x_wconf 86' lang='grc' dir='ltr'>δεῖν,</span> <span class='ocrx_word' id='word_1_166' title='bbox 1313 2120 1404 2172; x_wconf 75' lang='grc' dir='ltr'>καὶ</span> <span class='ocrx_word' id='word_1_167' title='bbox 1435 2121 1533 2192; x_wconf 81' lang='grc' dir='ltr'><strong>τῆς</strong></span> <span class='ocrx_word' id='word_1_168' title='bbox 1559 2121 1833 2192; x_wconf 77' lang='grc' dir='ltr'>ὁροθεσίας</span> <span class='ocrx_word' id='word_1_169' title='bbox 1848 2125 1978 2178; x_wconf 85' lang='grc' dir='ltr'>ἀπέ-</span> 
     </span>
    </p>
   </div>
   <div class='ocr_carea' id='block_1_25' title="bbox 403 2202 1975 2282">
    <p class='ocr_par' dir='ltr' id='par_1_25' title="bbox 403 2202 1975 2282">
     <span class='ocr_line' id='line_1_25' title="bbox 403 2202 1975 2282; baseline 0.011 -31"><span class='ocrx_word' id='word_1_170' title='bbox 403 2202 760 2269; x_wconf 82' lang='grc' dir='ltr'>φυγον.Ὄθεν</span> <span class='ocrx_word' id='word_1_171' title='bbox 782 2206 810 2256; x_wconf 88' lang='lat'><strong>6</strong></span> <span class='ocrx_word' id='word_1_172' title='bbox 830 2205 1120 2278; x_wconf 74' lang='grc' dir='ltr'>Προφήτης</span> <span class='ocrx_word' id='word_1_173' title='bbox 1147 2209 1209 2262; x_wconf 82' lang='grc' dir='ltr'>ἐκ</span> <span class='ocrx_word' id='word_1_174' title='bbox 1239 2209 1442 2264; x_wconf 82' lang='grc' dir='ltr'>πολλῶν</span> <span class='ocrx_word' id='word_1_175' title='bbox 1482 2212 1587 2264; x_wconf 85' lang='grc' dir='ltr'><strong>τῶν</strong></span> <span class='ocrx_word' id='word_1_176' title='bbox 1631 2214 1830 2282; x_wconf 84' lang='grc' dir='ltr'>χρόνων</span> <span class='ocrx_word' id='word_1_177' title='bbox 1853 2215 1975 2268; x_wconf 89' lang='grc' dir='ltr'>τοῦ-</span> 
     </span>
    </p>
   </div>
   <div class='ocr_carea' id='block_1_26' title="bbox 401 2291 1982 2372">
    <p class='ocr_par' dir='ltr' id='par_1_26' title="bbox 401 2291 1982 2372">
     <span class='ocr_line' id='line_1_26' title="bbox 401 2291 1982 2372; baseline 0.013 -29"><span class='ocrx_word' id='word_1_178' title='bbox 401 2309 464 2344; x_wconf 91' lang='grc' dir='ltr'><strong>το</strong></span> <span class='ocrx_word' id='word_1_179' title='bbox 492 2291 787 2366; x_wconf 85' lang='grc' dir='ltr'>θεωρήσας,</span> <span class='ocrx_word' id='word_1_180' title='bbox 822 2299 1071 2370; x_wconf 82' lang='grc' dir='ltr'>ἐπερωτᾷ</span> <span class='ocrx_word' id='word_1_181' title='bbox 1104 2299 1305 2370; x_wconf 85' lang='grc' dir='ltr'>λέγων’</span> <span class='ocrx_word' id='word_1_182' title='bbox 1345 2321 1362 2354; x_wconf 84' lang='lat' dir='ltr'><strong>t</strong></span> <span class='ocrx_word' id='word_1_183' title='bbox 1397 2302 1460 2356; x_wconf 92' lang='grc' dir='ltr'>Τί</span> <span class='ocrx_word' id='word_1_184' title='bbox 1497 2323 1577 2358; x_wconf 87' lang='grc' dir='ltr'><strong>σοι</strong></span> <span class='ocrx_word' id='word_1_185' title='bbox 1606 2307 1740 2372; x_wconf 75' lang='grc' dir='ltr'>ἐστὶ,</span> <span class='ocrx_word' id='word_1_186' title='bbox 1779 2307 1982 2362; x_wconf 66' lang='grc' dir='ltr'>θάλασς-</span> 
     </span>
    </p>
   </div>
   <div class='ocr_carea' id='block_1_27' title="bbox 405 2385 1976 2474">
    <p class='ocr_par' dir='ltr' id='par_1_27' title="bbox 405 2385 1976 2474">
     <span class='ocr_line' id='line_1_27' title="bbox 405 2385 1976 2474; baseline 0.012 -39"><span class='ocrx_word' id='word_1_187' title='bbox 405 2400 492 2447; x_wconf 91' lang='grc' dir='ltr'><strong>σα,</strong></span> <span class='ocrx_word' id='word_1_188' title='bbox 525 2385 605 2438; x_wconf 85' lang='grc' dir='ltr'>ὃτι</span> <span class='ocrx_word' id='word_1_189' title='bbox 656 2386 873 2456; x_wconf 76' lang='grc' dir='ltr'>ἔφυγες,</span> <span class='ocrx_word' id='word_1_190' title='bbox 905 2391 998 2443; x_wconf 73' lang='grc' dir='ltr'>καὶ</span> <span class='ocrx_word' id='word_1_191' title='bbox 1048 2393 1132 2456; x_wconf 75' lang='grc' dir='ltr'>σὺ,</span> <span class='ocrx_word' id='word_1_192' title='bbox 1178 2393 1434 2466; x_wconf 83' lang='grc' dir='ltr'>Ἰορδάνη,</span> <span class='ocrx_word' id='word_1_193' title='bbox 1467 2397 1546 2449; x_wconf 80' lang='grc' dir='ltr'>ὅτι</span> <span class='ocrx_word' id='word_1_194' title='bbox 1595 2399 1866 2474; x_wconf 74' lang='grc' dir='ltr'>ὲστράφης</span> <span class='ocrx_word' id='word_1_195' title='bbox 1897 2403 1976 2466; x_wconf 89' lang='grc' dir='ltr'><strong>είς</strong></span> 
     </span>
    </p>
   </div>
   <div class='ocr_carea' id='block_1_28' title="bbox 400 2476 1975 2556">
    <p class='ocr_par' dir='ltr' id='par_1_28' title="bbox 400 2476 1975 2556">
     <span class='ocr_line' id='line_1_28' title="bbox 400 2476 1975 2556; baseline 0.011 -28"><span class='ocrx_word' id='word_1_196' title='bbox 400 2476 472 2530; x_wconf 79' lang='grc' dir='ltr'><strong>τά</strong></span> <span class='ocrx_word' id='word_1_197' title='bbox 497 2477 704 2544; x_wconf 83' lang='grc' dir='ltr'>όπίσω;</span> <span class='ocrx_word' id='word_1_198' title='bbox 732 2499 750 2530; x_wconf 71' lang='grc' dir='ltr'><strong>ι</strong></span> <span class='ocrx_word' id='word_1_199' title='bbox 780 2481 927 2534; x_wconf 80' lang='grc' dir='ltr'><strong>Αὑτὰ</strong></span> <span class='ocrx_word' id='word_1_200' title='bbox 955 2482 1010 2534; x_wconf 81' lang='grc' dir='ltr'>δὲ</span> <span class='ocrx_word' id='word_1_201' title='bbox 1043 2484 1403 2556; x_wconf 82' lang='grc' dir='ltr'>ἀποκριθέντα</span> <span class='ocrx_word' id='word_1_202' title='bbox 1428 2484 1596 2543; x_wconf 72' lang='grc' dir='ltr'>εἷπονο</span> <span class='ocrx_word' id='word_1_203' title='bbox 1633 2491 1734 2542; x_wconf 74' lang='grc' dir='ltr'>Τὸν</span> <span class='ocrx_word' id='word_1_204' title='bbox 1764 2491 1975 2546; x_wconf 85' lang='grc' dir='ltr'>πάντων</span> 
     </span>
    </p>
   </div>
   <div class='ocr_carea' id='block_1_29' title="bbox 401 2570 1976 2655">
    <p class='ocr_par' dir='ltr' id='par_1_29' title="bbox 401 2570 1976 2655">
     <span class='ocr_line' id='line_1_29' title="bbox 401 2570 1976 2655; baseline 0.011 -34"><span class='ocrx_word' id='word_1_205' title='bbox 401 2570 624 2642; x_wconf 76' lang='grc' dir='ltr'>κτιστὴν</span> <span class='ocrx_word' id='word_1_206' title='bbox 657 2572 713 2624; x_wconf 83' lang='grc' dir='ltr'>ὲν</span> <span class='ocrx_word' id='word_1_207' title='bbox 748 2577 926 2646; x_wconf 81' lang='grc' dir='ltr'>μορφῇ</span> <span class='ocrx_word' id='word_1_208' title='bbox 963 2574 1147 2629; x_wconf 78' lang='grc' dir='ltr'>δούλου</span> <span class='ocrx_word' id='word_1_209' title='bbox 1182 2577 1410 2648; x_wconf 80' lang='grc' dir='ltr'>εἴδομεν,</span> <span class='ocrx_word' id='word_1_210' title='bbox 1449 2581 1540 2634; x_wconf 80' lang='grc' dir='ltr'>καὶ</span> <span class='ocrx_word' id='word_1_211' title='bbox 1576 2581 1636 2634; x_wconf 80' lang='grc' dir='ltr'>τὸ</span> <span class='ocrx_word' id='word_1_212' title='bbox 1681 2585 1976 2655; x_wconf 78' lang='grc' dir='ltr'>μυστήριον</span> 
     </span>
    </p>
   </div>
   <div class='ocr_carea' id='block_1_30' title="bbox 398 2664 1975 2745">
    <p class='ocr_par' dir='ltr' id='par_1_30' title="bbox 398 2664 1975 2745">
     <span class='ocr_line' id='line_1_30' title="bbox 398 2664 1975 2745; baseline 0.01 -29"><span class='ocrx_word' id='word_1_213' title='bbox 398 2664 500 2735; x_wconf 78' lang='grc' dir='ltr'>τῆς</span> <span class='ocrx_word' id='word_1_214' title='bbox 523 2666 831 2738; x_wconf 72' lang='grc' dir='ltr'>οἰκονομίας</span> <span class='ocrx_word' id='word_1_215' title='bbox 860 2669 1243 2741; x_wconf 82' lang='grc' dir='ltr'>ἀγνοήσαντες,</span> <span class='ocrx_word' id='word_1_216' title='bbox 1274 2673 1380 2726; x_wconf 80' lang='grc' dir='ltr'><strong>ἀπὸ</strong></span> <span class='ocrx_word' id='word_1_217' title='bbox 1411 2675 1508 2745; x_wconf 79' lang='grc' dir='ltr'>τῆς</span> <span class='ocrx_word' id='word_1_218' title='bbox 1533 2675 1729 2740; x_wconf 82' lang='grc' dir='ltr'>δειλίας</span> <span class='ocrx_word' id='word_1_219' title='bbox 1761 2676 1975 2730; x_wconf 75' lang='grc' dir='ltr'>ἐλαυνό-</span> 
     </span>
    </p>
   </div>
   <div class='ocr_carea' id='block_1_31' title="bbox 403 2755 566 2828">
    <p class='ocr_par' dir='ltr' id='par_1_31' title="bbox 403 2755 566 2828">
     <span class='ocr_line' id='line_1_31' title="bbox 403 2755 566 2828; baseline 0.025 -21"><span class='ocrx_word' id='word_1_220' title='bbox 403 2755 566 2828; x_wconf 82' lang='grc' dir='ltr'>μεθα.</span> 
     </span>
    </p>
   </div>
   <div class='ocr_carea' id='block_1_32' title="bbox 474 2849 1972 2933">
    <p class='ocr_par' dir='ltr' id='par_1_32' title="bbox 474 2849 1972 2933">
     <span class='ocr_line' id='line_1_32' title="bbox 474 2849 1972 2933; baseline 0.009 -30"><span class='ocrx_word' id='word_1_221' title='bbox 474 2849 588 2904; x_wconf 79' lang='grc' dir='ltr'>Νῦν</span> <span class='ocrx_word' id='word_1_222' title='bbox 612 2851 666 2905; x_wconf 85' lang='grc' dir='ltr'>δὲ</span> <span class='ocrx_word' id='word_1_223' title='bbox 696 2853 913 2921; x_wconf 85' lang='grc' dir='ltr'>γνόντες</span> <span class='ocrx_word' id='word_1_224' title='bbox 945 2853 1040 2926; x_wconf 82' lang='grc' dir='ltr'>τὴν</span> <span class='ocrx_word' id='word_1_225' title='bbox 1073 2857 1402 2927; x_wconf 83' lang='grc' dir='ltr'>οἰκονομίαν,</span> <span class='ocrx_word' id='word_1_226' title='bbox 1439 2860 1844 2933; x_wconf 81' lang='grc' dir='ltr'>προσκυνοῦμεν</span> <span class='ocrx_word' id='word_1_227' title='bbox 1874 2862 1972 2916; x_wconf 81' lang='grc' dir='ltr'>αὑ-</span> 
     </span>
    </p>
   </div>
   <div class='ocr_carea' id='block_1_33' title="bbox 398 2941 1971 3022">
    <p class='ocr_par' dir='ltr' id='par_1_33' title="bbox 398 2941 1971 3022">
     <span class='ocr_line' id='line_1_33' title="bbox 398 2941 1971 3022; baseline 0.009 -27"><span class='ocrx_word' id='word_1_228' title='bbox 398 2941 495 2996; x_wconf 85' lang='grc' dir='ltr'><strong>τοῦ</strong></span> <span class='ocrx_word' id='word_1_229' title='bbox 522 2944 620 3016; x_wconf 81' lang='grc' dir='ltr'>τὴν</span> <span class='ocrx_word' id='word_1_230' title='bbox 651 2945 1070 3016; x_wconf 76' lang='grc' dir='ltr'>εὐσπλαγχνίαν,</span> <span class='ocrx_word' id='word_1_231' title='bbox 1104 2950 1183 3002; x_wconf 76' lang='grc' dir='ltr'>ὅτι</span> <span class='ocrx_word' id='word_1_232' title='bbox 1217 2951 1553 3022; x_wconf 86' lang='grc' dir='ltr'>παραγέγονε</span> <span class='ocrx_word' id='word_1_233' title='bbox 1590 2954 1758 3007; x_wconf 89' lang='grc' dir='ltr'>σῶσαι</span> <span class='ocrx_word' id='word_1_234' title='bbox 1788 2957 1881 3009; x_wconf 73' lang='grc' dir='ltr'>καὶ</span> <span class='ocrx_word' id='word_1_235' title='bbox 1910 2957 1971 3009; x_wconf 77' lang='grc' dir='ltr'>οὐ</span> 
     </span>
    </p>
   </div>
   <div class='ocr_carea' id='block_1_34' title="bbox 398 3037 1970 3119">
    <p class='ocr_par' dir='ltr' id='par_1_34' title="bbox 398 3037 1970 3119">
     <span class='ocr_line' id='line_1_34' title="bbox 398 3037 1970 3119; baseline 0.008 -31"><span class='ocrx_word' id='word_1_236' title='bbox 398 3037 582 3106; x_wconf 82' lang='grc' dir='ltr'>κρῖναι</span> <span class='ocrx_word' id='word_1_237' title='bbox 611 3037 706 3108; x_wconf 80' lang='grc' dir='ltr'>τὴν</span> <span class='ocrx_word' id='word_1_238' title='bbox 749 3039 1262 3112; x_wconf 78' lang='grc' dir='ltr'>οἰκουμένην.”υθεν</span> <span class='ocrx_word' id='word_1_239' title='bbox 1307 3045 1554 3116; x_wconf 77' lang='grc' dir='ltr'>Ἰωάννης</span> <span class='ocrx_word' id='word_1_240' title='bbox 1586 3047 1613 3099; x_wconf 91' lang='lat'><strong>6</strong></span> <span class='ocrx_word' id='word_1_241' title='bbox 1644 3045 1738 3100; x_wconf 88' lang='grc' dir='ltr'><strong>τοῦ</strong></span> <span class='ocrx_word' id='word_1_242' title='bbox 1767 3047 1970 3119; x_wconf 86' lang='grc' dir='ltr'>Κυρίου</span> 
     </span>
    </p>
   </div>
   <div class='ocr_carea' id='block_1_35' title="bbox 399 3128 1969 3210">
    <p class='ocr_par' dir='ltr' id='par_1_35' title="bbox 399 3128 1969 3210">
     <span class='ocr_line' id='line_1_35' title="bbox 399 3128 1969 3210; baseline 0.008 -31"><span class='ocrx_word' id='word_1_243' title='bbox 399 3128 705 3200; x_wconf 80' lang='grc' dir='ltr'>πρόδρομος</span> <span class='ocrx_word' id='word_1_244' title='bbox 736 3131 1007 3202; x_wconf 81' lang='grc' dir='ltr'>ἀγνοήσας</span> <span class='ocrx_word' id='word_1_245' title='bbox 1036 3133 1192 3187; x_wconf 88' lang='grc' dir='ltr'>τοῦτο</span> <span class='ocrx_word' id='word_1_246' title='bbox 1215 3134 1276 3187; x_wconf 73' lang='grc' dir='ltr'>τὸ</span> <span class='ocrx_word' id='word_1_247' title='bbox 1307 3138 1622 3208; x_wconf 78' lang='grc' dir='ltr'>μυστήριον,</span> <span class='ocrx_word' id='word_1_248' title='bbox 1646 3140 1738 3192; x_wconf 66' lang='grc' dir='ltr'><strong>καὶ</strong></span> <span class='ocrx_word' id='word_1_249' title='bbox 1765 3138 1969 3210; x_wconf 86' lang='grc' dir='ltr'>μαθὼν,</span> 
     </span>
    </p>
   </div>
   <div class='ocr_carea' id='block_1_36' title="bbox 397 3217 1975 3303">
    <p class='ocr_par' dir='ltr' id='par_1_36' title="bbox 397 3217 1975 3303">
     <span class='ocr_line' id='line_1_36' title="bbox 397 3217 1975 3303; baseline 0.009 -33"><span class='ocrx_word' id='word_1_250' title='bbox 397 3217 482 3271; x_wconf 81' lang='grc' dir='ltr'><strong>δτι</strong></span> <span class='ocrx_word' id='word_1_251' title='bbox 514 3218 726 3289; x_wconf 87' lang='grc' dir='ltr'>ἀληθῶς</span> <span class='ocrx_word' id='word_1_252' title='bbox 750 3223 778 3273; x_wconf 86' lang='lat'><strong>6</strong></span> <span class='ocrx_word' id='word_1_253' title='bbox 809 3221 1010 3292; x_wconf 79' lang='grc' dir='ltr'>Κύριός</span> <span class='ocrx_word' id='word_1_254' title='bbox 1043 3225 1208 3286; x_wconf 78' lang='grc' dir='ltr'>ἐστιν,</span> <span class='ocrx_word' id='word_1_255' title='bbox 1238 3225 1366 3280; x_wconf 78' lang='grc' dir='ltr'>ἐϐόα</span> <span class='ocrx_word' id='word_1_256' title='bbox 1399 3226 1568 3296; x_wconf 84' lang='grc' dir='ltr'>λέγων</span> <span class='ocrx_word' id='word_1_257' title='bbox 1601 3233 1712 3294; x_wconf 87' lang='grc' dir='ltr'>τοῖς</span> <span class='ocrx_word' id='word_1_258' title='bbox 1739 3232 1975 3303; x_wconf 81' lang='grc' dir='ltr'>ἀπερχο-</span> 
     </span>
    </p>
   </div>
   <div class='ocr_carea' id='block_1_37' title="bbox 402 3311 1966 3392">
    <p class='ocr_par' dir='ltr' id='par_1_37' title="bbox 402 3311 1966 3392">
     <span class='ocr_line' id='line_1_37' title="bbox 402 3311 1966 3392; baseline 0.006 -28"><span class='ocrx_word' id='word_1_259' title='bbox 402 3311 603 3380; x_wconf 85' lang='grc' dir='ltr'>μένοις,</span> <span class='ocrx_word' id='word_1_260' title='bbox 623 3312 709 3365; x_wconf 78' lang='grc' dir='ltr'>ὑπ’</span> <span class='ocrx_word' id='word_1_261' title='bbox 727 3313 888 3366; x_wconf 80' lang='grc' dir='ltr'>αὐτοῦ</span> <span class='ocrx_word' id='word_1_262' title='bbox 916 3315 1289 3387; x_wconf 77' lang='grc' dir='ltr'>βαπτισθῆναιο</span> <span class='ocrx_word' id='word_1_263' title='bbox 1316 3337 1334 3368; x_wconf 76' lang='grc' dir='ltr'><strong>ι</strong></span> <span class='ocrx_word' id='word_1_264' title='bbox 1357 3319 1675 3392; x_wconf 83' lang='grc' dir='ltr'>Γεννήματα</span> <span class='ocrx_word' id='word_1_265' title='bbox 1695 3322 1934 3392; x_wconf 77' lang='grc' dir='ltr'>ἐχιδνῶν,</span> <span class='ocrx_word' id='word_1_266' title='bbox 1949 3341 1966 3374; x_wconf 74' lang='grc' dir='ltr'><strong>ι</strong></span> 
     </span>
    </p>
   </div>
   <div class='ocr_carea' id='block_1_38' title="bbox 397 3403 1966 3485">
    <p class='ocr_par' dir='ltr' id='par_1_38' title="bbox 397 3403 1966 3485">
     <span class='ocr_line' id='line_1_38' title="bbox 397 3403 1966 3485; baseline 0.01 -31"><span class='ocrx_word' id='word_1_267' title='bbox 397 3403 452 3454; x_wconf 88' lang='grc' dir='ltr'><strong>τί</strong></span> <span class='ocrx_word' id='word_1_268' title='bbox 481 3421 568 3474; x_wconf 86' lang='grc' dir='ltr'><strong>μοι</strong></span> <span class='ocrx_word' id='word_1_269' title='bbox 596 3405 837 3477; x_wconf 80' lang='grc' dir='ltr'>σφοδρῶς</span> <span class='ocrx_word' id='word_1_270' title='bbox 863 3409 1132 3474; x_wconf 78' lang='grc' dir='ltr'>ἀτενίζετε</span> <span class='ocrx_word' id='word_1_271' title='bbox 1153 3427 1166 3474; x_wconf 91' lang='grc'><strong>;</strong></span> <span class='ocrx_word' id='word_1_272' title='bbox 1190 3429 1213 3463; x_wconf 74' lang='grc' dir='ltr'>ι,</span> <span class='ocrx_word' id='word_1_273' title='bbox 1233 3411 1344 3464; x_wconf 79' lang='grc' dir='ltr'>Οὐκ</span> <span class='ocrx_word' id='word_1_274' title='bbox 1367 3413 1479 3483; x_wconf 72' lang='grc' dir='ltr'>είμὶ</span> <span class='ocrx_word' id='word_1_275' title='bbox 1500 3412 1609 3481; x_wconf 72' lang='grc' dir='ltr'><strong>ἐγὼ</strong></span> <span class='ocrx_word' id='word_1_276' title='bbox 1630 3415 1658 3467; x_wconf 86' lang='grc' dir='ltr'><strong>ό</strong></span> <span class='ocrx_word' id='word_1_277' title='bbox 1682 3416 1932 3485; x_wconf 76' lang='grc' dir='ltr'><strong>Χριστός⁸</strong></span> <span class='ocrx_word' id='word_1_278' title='bbox 1948 3436 1966 3468; x_wconf 77' lang='grc' dir='ltr'><strong>ι</strong></span> 
     </span>
    </p>
   </div>
   <div class='ocr_carea' id='block_1_39' title="bbox 404 3496 1970 3577">
    <p class='ocr_par' dir='ltr' id='par_1_39' title="bbox 404 3496 1970 3577">
     <span class='ocr_line' id='line_1_39' title="bbox 404 3496 1970 3577; baseline 0.008 -29"><span class='ocrx_word' id='word_1_279' title='bbox 404 3496 678 3568; x_wconf 60' lang='grc' dir='ltr'>ὁηρέτης</span> <span class='ocrx_word' id='word_1_280' title='bbox 709 3501 823 3570; x_wconf 83' lang='grc' dir='ltr'><strong>εἰμί</strong></span> <span class='ocrx_word' id='word_1_281' title='bbox 870 3502 963 3552; x_wconf 73' lang='grc' dir='ltr'><strong>καὶ</strong></span> <span class='ocrx_word' id='word_1_282' title='bbox 1008 3501 1107 3554; x_wconf 83' lang='grc' dir='ltr'>οὐκ</span> <span class='ocrx_word' id='word_1_283' title='bbox 1149 3501 1437 3573; x_wconf 81' lang='grc' dir='ltr'>αὑθέντης’</span> <span class='ocrx_word' id='word_1_284' title='bbox 1495 3505 1707 3575; x_wconf 77' lang='grc' dir='ltr'>ἰδιώτης</span> <span class='ocrx_word' id='word_1_285' title='bbox 1740 3508 1876 3577; x_wconf 71' lang='grc' dir='ltr'>εἰμὶ,</span> <span class='ocrx_word' id='word_1_286' title='bbox 1911 3509 1970 3560; x_wconf 81' lang='grc' dir='ltr'>οὐ</span> 
     </span>
    </p>
   </div>
   <div class='ocr_carea' id='block_1_40' title="bbox 401 3587 1968 3670">
    <p class='ocr_par' dir='ltr' id='par_1_40' title="bbox 401 3587 1968 3670">
     <span class='ocr_line' id='line_1_40' title="bbox 401 3587 1968 3670; baseline 0.008 -30"><span class='ocrx_word' id='word_1_287' title='bbox 401 3587 653 3656; x_wconf 78' lang='grc' dir='ltr'>βασιλεῦς</span> <span class='ocrx_word' id='word_1_288' title='bbox 672 3607 684 3619; x_wconf 90' lang='grc'><strong>·</strong></span> <span class='ocrx_word' id='word_1_289' title='bbox 723 3591 989 3662; x_wconf 74' lang='grc' dir='ltr'>πρόϐατόν</span> <span class='ocrx_word' id='word_1_290' title='bbox 1022 3595 1156 3663; x_wconf 77' lang='grc' dir='ltr'>εἰμι,</span> <span class='ocrx_word' id='word_1_291' title='bbox 1179 3595 1238 3648; x_wconf 69' lang='grc' dir='ltr'>οὐ</span> <span class='ocrx_word' id='word_1_292' title='bbox 1271 3596 1470 3666; x_wconf 77' lang='grc' dir='ltr'>ποιμήν</span> <span class='ocrx_word' id='word_1_293' title='bbox 1489 3613 1501 3625; x_wconf 88' lang='grc'><strong>·</strong></span> <span class='ocrx_word' id='word_1_294' title='bbox 1531 3596 1810 3668; x_wconf 81' lang='grc' dir='ltr'>ἄνθρωπός</span> <span class='ocrx_word' id='word_1_295' title='bbox 1836 3601 1968 3670; x_wconf 87' lang='grc' dir='ltr'>είμι,</span> 
     </span>
    </p>
   </div>
   <div class='ocr_carea' id='block_1_41' title="bbox 397 3679 1972 3762">
    <p class='ocr_par' dir='ltr' id='par_1_41' title="bbox 397 3679 1972 3762">
     <span class='ocr_line' id='line_1_41' title="bbox 397 3679 1972 3762; baseline 0.008 -31"><span class='ocrx_word' id='word_1_296' title='bbox 397 3679 460 3732; x_wconf 79' lang='grc' dir='ltr'>οὐ</span> <span class='ocrx_word' id='word_1_297' title='bbox 492 3681 636 3744; x_wconf 86' lang='grc' dir='ltr'>Θεός.</span> <span class='ocrx_word' id='word_1_298' title='bbox 673 3683 962 3756; x_wconf 84' lang='grc' dir='ltr'>Στείρωσιν</span> <span class='ocrx_word' id='word_1_299' title='bbox 991 3685 1153 3739; x_wconf 80' lang='grc' dir='ltr'>ἔλυσα</span> <span class='ocrx_word' id='word_1_300' title='bbox 1185 3685 1386 3757; x_wconf 79' lang='grc' dir='ltr'>μητρὸς</span> <span class='ocrx_word' id='word_1_301' title='bbox 1410 3688 1707 3760; x_wconf 71' lang='grc' dir='ltr'>γεννηθεὶς,</span> <span class='ocrx_word' id='word_1_302' title='bbox 1739 3691 1798 3742; x_wconf 71' lang='grc' dir='ltr'>οὐ</span> <span class='ocrx_word' id='word_1_303' title='bbox 1835 3708 1972 3762; x_wconf 87' lang='grc' dir='ltr'>παρ-</span> 
     </span>
    </p>
   </div>
   <div class='ocr_carea' id='block_1_42' title="bbox 400 3771 1972 3852">
    <p class='ocr_par' dir='ltr' id='par_1_42' title="bbox 400 3771 1972 3852">
     <span class='ocr_line' id='line_1_42' title="bbox 400 3771 1972 3852; baseline 0.008 -28"><span class='ocrx_word' id='word_1_304' title='bbox 400 3771 578 3826; x_wconf 85' lang='grc' dir='ltr'>θενίαν</span> <span class='ocrx_word' id='word_1_305' title='bbox 607 3774 902 3846; x_wconf 82' lang='grc' dir='ltr'>ἐστείρωσα</span> <span class='ocrx_word' id='word_1_306' title='bbox 929 3777 1059 3845; x_wconf 78' lang='lat'><strong>(76).</strong></span> <span class='ocrx_word' id='word_1_307' title='bbox 1080 3779 1172 3831; x_wconf 83' lang='grc' dir='ltr'>Ἐκ</span> <span class='ocrx_word' id='word_1_308' title='bbox 1199 3779 1306 3830; x_wconf 85' lang='grc' dir='ltr'><strong>τῶν</strong></span> <span class='ocrx_word' id='word_1_309' title='bbox 1340 3779 1577 3832; x_wconf 83' lang='grc' dir='ltr'>κάτωθεν</span> <span class='ocrx_word' id='word_1_310' title='bbox 1598 3780 1873 3852; x_wconf 80' lang='grc' dir='ltr'>ἁνεδόθην,</span> <span class='ocrx_word' id='word_1_311' title='bbox 1909 3784 1972 3836; x_wconf 84' lang='grc' dir='ltr'>ἐκ</span> 
     </span>
    </p>
   </div>
   <div class='ocr_carea' id='block_1_43' title="bbox 397 3855 1969 3942">
    <p class='ocr_par' dir='ltr' id='par_1_43' title="bbox 397 3855 1969 3942">
     <span class='ocr_line' id='line_1_43' title="bbox 397 3855 1969 3942; baseline 0.006 -25"><span class='ocrx_word' id='word_1_312' title='bbox 397 3864 508 3916; x_wconf 82' lang='grc' dir='ltr'><strong>τῶν</strong></span> <span class='ocrx_word' id='word_1_313' title='bbox 540 3866 743 3920; x_wconf 80' lang='grc' dir='ltr'>ἄνωθεν</span> <span class='ocrx_word' id='word_1_314' title='bbox 770 3869 829 3920; x_wconf 79' lang='grc' dir='ltr'>οὐ</span> <span class='ocrx_word' id='word_1_315' title='bbox 859 3869 1147 3939; x_wconf 77' lang='grc' dir='ltr'>κατῆλθον.</span> <span class='ocrx_word' id='word_1_316' title='bbox 1181 3871 1457 3942; x_wconf 82' lang='grc' dir='ltr'>Πατρικὴν</span> <span class='ocrx_word' id='word_1_317' title='bbox 1496 3871 1662 3942; x_wconf 77' lang='grc' dir='ltr'>ἔδησα</span> <span class='ocrx_word' id='word_1_318' title='bbox 1702 3855 1969 3941; x_wconf 82' lang='grc' dir='ltr'>γλῶσσαν,</span> 
     </span>
    </p>
   </div>
   <div class='ocr_carea' id='block_1_44' title="bbox 398 3957 1973 4036">
    <p class='ocr_par' dir='ltr' id='par_1_44' title="bbox 398 3957 1973 4036">
     <span class='ocr_line' id='line_1_44' title="bbox 398 3957 1973 4036; baseline 0.006 -27"><span class='ocrx_word' id='word_1_319' title='bbox 398 3959 459 4010; x_wconf 79' lang='grc' dir='ltr'>οὐ</span> <span class='ocrx_word' id='word_1_320' title='bbox 492 3957 675 4031; x_wconf 79' lang='grc' dir='ltr'>θεῖκὴν</span> <span class='ocrx_word' id='word_1_321' title='bbox 709 3960 936 4030; x_wconf 76' lang='grc' dir='ltr'>ἦπλωσα</span> <span class='ocrx_word' id='word_1_322' title='bbox 968 3962 1144 4033; x_wconf 86' lang='grc' dir='ltr'>χάριν.</span> <span class='ocrx_word' id='word_1_323' title='bbox 1165 3962 1298 4014; x_wconf 80' lang='grc' dir='ltr'><strong>Ὑπὸ</strong></span> <span class='ocrx_word' id='word_1_324' title='bbox 1329 3965 1531 4036; x_wconf 78' lang='grc' dir='ltr'>μητρὸς</span> <span class='ocrx_word' id='word_1_325' title='bbox 1558 3963 1973 4036; x_wconf 77' lang='grc' dir='ltr'>ὲγνὼσθην,ὐπὸ</span> 
     </span>
    </p>
   </div>
   <div class='ocr_carea' id='block_1_45' title="bbox 399 4049 1974 4126">
    <p class='ocr_par' dir='ltr' id='par_1_45' title="bbox 399 4049 1974 4126">
     <span class='ocr_line' id='line_1_45' title="bbox 399 4049 1974 4126; baseline 0.004 -25"><span class='ocrx_word' id='word_1_326' title='bbox 399 4049 628 4122; x_wconf 82' lang='grc' dir='ltr'>ἀστέρος</span> <span class='ocrx_word' id='word_1_327' title='bbox 672 4051 728 4105; x_wconf 83' lang='grc' dir='ltr'>δὲ</span> <span class='ocrx_word' id='word_1_328' title='bbox 770 4052 870 4105; x_wconf 80' lang='grc' dir='ltr'>οὐκ</span> <span class='ocrx_word' id='word_1_329' title='bbox 915 4053 1208 4125; x_wconf 78' lang='grc' dir='ltr'>ὲμηνύθην.</span> <span class='ocrx_word' id='word_1_330' title='bbox 1228 4053 1367 4123; x_wconf 85' lang='grc' dir='ltr'><strong>Ἐγὼ</strong></span> <span class='ocrx_word' id='word_1_331' title='bbox 1404 4054 1626 4125; x_wconf 74' lang='grc' dir='ltr'>εὐτελὴς</span> <span class='ocrx_word' id='word_1_332' title='bbox 1657 4056 1750 4109; x_wconf 71' lang='grc' dir='ltr'>καὶ</span> <span class='ocrx_word' id='word_1_333' title='bbox 1795 4056 1974 4126; x_wconf 82' lang='grc' dir='ltr'>ἐλάχι-</span> 
     </span>
    </p>
   </div>
   <div class='ocr_carea' id='block_1_46' title="bbox 399 4142 1968 4219">
    <p class='ocr_par' dir='ltr' id='par_1_46' title="bbox 399 4142 1968 4219">
     <span class='ocr_line' id='line_1_46' title="bbox 399 4142 1968 4219; baseline 0.004 -25"><span class='ocrx_word' id='word_1_334' title='bbox 399 4159 543 4206; x_wconf 87' lang='grc' dir='ltr'>στος,</span> <span class='ocrx_word' id='word_1_335' title='bbox 575 4142 792 4214; x_wconf 76' lang='grc' dir='ltr'>έρχεται</span> <span class='ocrx_word' id='word_1_336' title='bbox 821 4145 876 4199; x_wconf 79' lang='grc' dir='ltr'>δὲ</span> <span class='ocrx_word' id='word_1_337' title='bbox 909 4145 1084 4198; x_wconf 82' lang='grc' dir='ltr'>ὀπίσω</span> <span class='ocrx_word' id='word_1_338' title='bbox 1115 4163 1212 4216; x_wconf 84' lang='grc' dir='ltr'><strong>μου</strong></span> <span class='ocrx_word' id='word_1_339' title='bbox 1245 4147 1301 4214; x_wconf 85' lang='grc' dir='ltr'>ὃς</span> <span class='ocrx_word' id='word_1_340' title='bbox 1334 4147 1638 4218; x_wconf 75' lang='grc' dir='ltr'>ἔμπροσθέν</span> <span class='ocrx_word' id='word_1_341' title='bbox 1671 4165 1771 4219; x_wconf 85' lang='grc' dir='ltr'><strong>μου</strong></span> <span class='ocrx_word' id='word_1_342' title='bbox 1803 4150 1968 4202; x_wconf 85' lang='grc' dir='ltr'>ἐστίν·</span> 
     </span>
    </p>
   </div>
   <div class='ocr_carea' id='block_1_47' title="bbox 397 4232 1972 4312">
    <p class='ocr_par' dir='ltr' id='par_1_47' title="bbox 397 4232 1972 4312">
     <span class='ocr_line' id='line_1_47' title="bbox 397 4232 1972 4312; baseline 0.007 -30"><span class='ocrx_word' id='word_1_343' title='bbox 397 4232 572 4286; x_wconf 80' lang='grc' dir='ltr'>ὀπίσω</span> <span class='ocrx_word' id='word_1_344' title='bbox 599 4233 685 4287; x_wconf 80' lang='grc' dir='ltr'><strong>διά</strong></span> <span class='ocrx_word' id='word_1_345' title='bbox 710 4233 800 4287; x_wconf 71' lang='grc' dir='ltr'><strong>τὸν</strong></span> <span class='ocrx_word' id='word_1_346' title='bbox 829 4235 1036 4306; x_wconf 84' lang='grc' dir='ltr'>χρόνον,</span> <span class='ocrx_word' id='word_1_347' title='bbox 1071 4238 1373 4310; x_wconf 79' lang='grc' dir='ltr'>ἔμπροσθεν</span> <span class='ocrx_word' id='word_1_348' title='bbox 1400 4239 1455 4291; x_wconf 84' lang='grc' dir='ltr'>δὲ</span> <span class='ocrx_word' id='word_1_349' title='bbox 1483 4238 1569 4292; x_wconf 79' lang='grc' dir='ltr'><strong>διὰ</strong></span> <span class='ocrx_word' id='word_1_350' title='bbox 1595 4239 1652 4292; x_wconf 85' lang='grc' dir='ltr'>τὸ</span> <span class='ocrx_word' id='word_1_351' title='bbox 1685 4239 1972 4312; x_wconf 84' lang='grc' dir='ltr'>ἀπρόσιτον</span> 
     </span>
    </p>
   </div>
   <div class='ocr_carea' id='block_1_48' title="bbox 397 4323 1971 4400">
    <p class='ocr_par' dir='ltr' id='par_1_48' title="bbox 397 4323 1971 4400">
     <span class='ocr_line' id='line_1_48' title="bbox 397 4323 1971 4400; baseline 0.004 -25"><span class='ocrx_word' id='word_1_352' title='bbox 397 4323 494 4376; x_wconf 76' lang='grc' dir='ltr'>καὶ</span> <span class='ocrx_word' id='word_1_353' title='bbox 548 4325 918 4396; x_wconf 72' lang='grc' dir='ltr'>ἀνέκφραστον</span> <span class='ocrx_word' id='word_1_354' title='bbox 966 4327 1063 4397; x_wconf 79' lang='grc' dir='ltr'>τῆς</span> <span class='ocrx_word' id='word_1_355' title='bbox 1106 4327 1356 4397; x_wconf 83' lang='grc' dir='ltr'>θεότητος</span> <span class='ocrx_word' id='word_1_356' title='bbox 1412 4328 1546 4398; x_wconf 81' lang='grc' dir='ltr'>φῶς.</span> <span class='ocrx_word' id='word_1_357' title='bbox 1595 4331 1881 4400; x_wconf 77' lang='grc' dir='ltr'>(Ἔρχεται</span> <span class='ocrx_word' id='word_1_358' title='bbox 1944 4331 1971 4382; x_wconf 88' lang='grc' dir='ltr'>ὁ</span> 
     </span>
    </p>
   </div>
   <div class='ocr_carea' id='block_1_49' title="bbox 2083 473 3640 545">
    <p class='ocr_par' dir='ltr' id='par_1_49' title="bbox 2083 473 3640 545">
     <span class='ocr_line' id='line_1_49' title="bbox 2083 473 3640 545; baseline 0.001 -16"><span class='ocrx_word' id='word_1_359' title='bbox 2083 473 2191 539; x_wconf 89' lang='lat' dir='ltr'><strong>cit;</strong></span> <span class='ocrx_word' id='word_1_360' title='bbox 2223 475 2313 529; x_wconf 92' lang='lat' dir='ltr'><strong>sed</strong></span> <span class='ocrx_word' id='word_1_361' title='bbox 2358 483 2412 528; x_wconf 91' lang='lat' dir='ltr'><strong>et</strong></span> <span class='ocrx_word' id='word_1_362' title='bbox 2457 475 2601 545; x_wconf 90' lang='lat' dir='ltr'><strong>quod</strong></span> <span class='ocrx_word' id='word_1_363' title='bbox 2633 476 2885 530; x_wconf 88' lang='lat' dir='ltr'><strong>omnibus</strong></span> <span class='ocrx_word' id='word_1_364' title='bbox 2913 477 3033 533; x_wconf 93' lang='lat' dir='ltr'><strong>aliis</strong></span> <span class='ocrx_word' id='word_1_365' title='bbox 3060 478 3220 532; x_wconf 81' lang='lat' dir='ltr'><strong>rebus</strong></span> <span class='ocrx_word' id='word_1_366' title='bbox 3250 486 3331 533; x_wconf 90' lang='lat' dir='ltr'><strong>est</strong></span> <span class='ocrx_word' id='word_1_367' title='bbox 3362 479 3640 532; x_wconf 88' lang='lat' dir='ltr'><strong>venerabi-</strong></span> 
     </span>
    </p>
   </div>
   <div class='ocr_carea' id='block_1_50' title="bbox 2081 563 3638 637">
    <p class='ocr_par' dir='ltr' id='par_1_50' title="bbox 2081 563 3638 637">
     <span class='ocr_line' id='line_1_50' title="bbox 2081 563 3638 637; baseline 0.003 -19"><span class='ocrx_word' id='word_1_368' title='bbox 2081 563 2208 629; x_wconf 88' lang='lat' dir='ltr'><strong>lius,</strong></span> <span class='ocrx_word' id='word_1_369' title='bbox 2241 565 2419 635; x_wconf 80' lang='lat' dir='ltr'><strong>opifex</strong></span> <span class='ocrx_word' id='word_1_370' title='bbox 2451 567 2692 621; x_wconf 85' lang='lat' dir='ltr'><strong>omnium</strong></span> <span class='ocrx_word' id='word_1_371' title='bbox 2728 567 2977 623; x_wconf 82' lang='lat' dir='ltr'><strong>Christus</strong></span> <span class='ocrx_word' id='word_1_372' title='bbox 2995 569 3187 637; x_wconf 69' lang='lat' dir='ltr'><strong>pluviae</strong></span> <span class='ocrx_word' id='word_1_373' title='bbox 3217 570 3268 622; x_wconf 92' lang='lat' dir='ltr'><strong>in</strong></span> <span class='ocrx_word' id='word_1_374' title='bbox 3301 583 3503 623; x_wconf 79' lang='lat' dir='ltr'><strong>morem</strong></span> <span class='ocrx_word' id='word_1_375' title='bbox 3540 568 3638 622; x_wconf 80' lang='lat' dir='ltr'><strong>dc-</strong></span> 
     </span>
    </p>
   </div>
   <div class='ocr_carea' id='block_1_51' title="bbox 2083 643 3635 728">
    <p class='ocr_par' dir='ltr' id='par_1_51' title="bbox 2083 643 3635 728">
     <span class='ocr_line' id='line_1_51' title="bbox 2083 643 3635 728; baseline 0.002 -19"><span class='ocrx_word' id='word_1_376' title='bbox 2083 655 2368 720; x_wconf 77' lang='lat' dir='ltr'><strong>seendit&quot;,</strong></span> <span class='ocrx_word' id='word_1_377' title='bbox 2403 667 2460 712; x_wconf 90' lang='grc' dir='ltr'><strong>ιιι</strong></span> <span class='ocrx_word' id='word_1_378' title='bbox 2506 657 2628 713; x_wconf 88' lang='lat' dir='ltr'><strong>fons</strong></span> <span class='ocrx_word' id='word_1_379' title='bbox 2659 668 2741 713; x_wconf 77' lang='lat' dir='ltr'><strong>est</strong></span> <span class='ocrx_word' id='word_1_380' title='bbox 2770 659 3103 728; x_wconf 80' lang='lat' dir='ltr'><strong>cognitus“,</strong></span> <span class='ocrx_word' id='word_1_381' title='bbox 3139 670 3391 728; x_wconf 91' lang='lat' dir='ltr'><strong>tanquam</strong></span> <span class='ocrx_word' id='word_1_382' title='bbox 3438 643 3635 712; x_wconf 81' lang='lat' dir='ltr'><strong>flumen</strong></span> 
     </span>
    </p>
   </div>
   <div class='ocr_carea' id='block_1_52' title="bbox 2082 747 3636 818">
    <p class='ocr_par' dir='ltr' id='par_1_52' title="bbox 2082 747 3636 818">
     <span class='ocr_line' id='line_1_52' title="bbox 2082 747 3636 818; baseline 0.003 -18"><span class='ocrx_word' id='word_1_383' title='bbox 2082 763 2201 802; x_wconf 88' lang='lat' dir='ltr'><strong>sese</strong></span> <span class='ocrx_word' id='word_1_384' title='bbox 2247 747 2541 810; x_wconf 68' lang='lat' dir='ltr'><strong>diffudit&quot;,</strong></span> <span class='ocrx_word' id='word_1_385' title='bbox 2573 758 2620 803; x_wconf 82' lang='lat' dir='ltr'><strong>et</strong></span> <span class='ocrx_word' id='word_1_386' title='bbox 2672 749 2722 802; x_wconf 94' lang='lat' dir='ltr'><strong>in</strong></span> <span class='ocrx_word' id='word_1_387' title='bbox 2763 748 2996 804; x_wconf 75' lang='lat' dir='ltr'><strong>Iordane</strong></span> <span class='ocrx_word' id='word_1_388' title='bbox 3042 751 3344 818; x_wconf 79' lang='lat' dir='ltr'><strong>baptizatus</strong></span> <span class='ocrx_word' id='word_1_389' title='bbox 3380 759 3482 804; x_wconf 89' lang='lat' dir='ltr'><strong>est.</strong></span> <span class='ocrx_word' id='word_1_390' title='bbox 3519 748 3636 804; x_wconf 85' lang='lat' dir='ltr'><strong>Jam</strong></span> 
     </span>
    </p>
   </div>
   <div class='ocr_carea' id='block_1_53' title="bbox 2080 839 3637 910">
    <p class='ocr_par' dir='ltr' id='par_1_53' title="bbox 2080 839 3637 910">
     <span class='ocr_line' id='line_1_53' title="bbox 2080 839 3637 910; baseline 0.003 -19"><span class='ocrx_word' id='word_1_391' title='bbox 2080 839 2223 892; x_wconf 89' lang='lat' dir='ltr'><strong>enim</strong></span> <span class='ocrx_word' id='word_1_392' title='bbox 2255 840 2414 893; x_wconf 92' lang='lat' dir='ltr'><strong>modo</strong></span> <span class='ocrx_word' id='word_1_393' title='bbox 2447 841 2660 895; x_wconf 90' lang='lat' dir='ltr'><strong>audiisti</strong></span> <span class='ocrx_word' id='word_1_394' title='bbox 2684 841 2825 910; x_wconf 84' lang='lat' dir='ltr'><strong>quod</strong></span> <span class='ocrx_word' id='word_1_395' title='bbox 2851 842 2914 894; x_wconf 86' lang='lat' dir='ltr'><strong>ad</strong></span> <span class='ocrx_word' id='word_1_396' title='bbox 2939 839 3199 894; x_wconf 85' lang='lat' dir='ltr'><strong>Joannem</strong></span> <span class='ocrx_word' id='word_1_397' title='bbox 3231 841 3374 894; x_wconf 90' lang='lat' dir='ltr'><strong>venit</strong></span> <span class='ocrx_word' id='word_1_398' title='bbox 3399 839 3637 906; x_wconf 80' lang='lat' dir='ltr'><strong>.lesus“,</strong></span> 
     </span>
    </p>
   </div>
   <div class='ocr_carea' id='block_1_54' title="bbox 2080 931 3639 1004">
    <p class='ocr_par' dir='ltr' id='par_1_54' title="bbox 2080 931 3639 1004">
     <span class='ocr_line' id='line_1_54' title="bbox 2080 931 3639 1004; baseline 0.002 -20"><span class='ocrx_word' id='word_1_399' title='bbox 2080 939 2133 984; x_wconf 90' lang='lat' dir='ltr'><strong>et</strong></span> <span class='ocrx_word' id='word_1_400' title='bbox 2164 931 2487 1000; x_wconf 82' lang='lat' dir='ltr'><strong>baptismum</strong></span> <span class='ocrx_word' id='word_1_401' title='bbox 2524 933 2592 986; x_wconf 91' lang='lat' dir='ltr'><strong>ab</strong></span> <span class='ocrx_word' id='word_1_402' title='bbox 2619 948 2684 986; x_wconf 81' lang='lat' dir='ltr'><strong>eo</strong></span> <span class='ocrx_word' id='word_1_403' title='bbox 2711 935 2968 1004; x_wconf 88' lang='lat' dir='ltr'><strong>suscepit.</strong></span> <span class='ocrx_word' id='word_1_404' title='bbox 2999 931 3043 987; x_wconf 96' lang='grc' dir='ltr'><strong>Ο</strong></span> <span class='ocrx_word' id='word_1_405' title='bbox 3072 950 3156 988; x_wconf 89' lang='lat' dir='ltr'><strong>res</strong></span> <span class='ocrx_word' id='word_1_406' title='bbox 3178 934 3524 1002; x_wconf 85' lang='lat' dir='ltr'><strong>dignissimas</strong></span> <span class='ocrx_word' id='word_1_407' title='bbox 3546 934 3639 987; x_wconf 86' lang='lat' dir='ltr'><strong>ad-</strong></span> 
     </span>
    </p>
   </div>
   <div class='ocr_carea' id='block_1_55' title="bbox 2082 1021 3636 1091">
    <p class='ocr_par' dir='ltr' id='par_1_55' title="bbox 2082 1021 3636 1091">
     <span class='ocr_line' id='line_1_55' title="bbox 2082 1021 3636 1091; baseline 0 -16"><span class='ocrx_word' id='word_1_408' title='bbox 2082 1021 2396 1076; x_wconf 88' lang='lat' dir='ltr'><strong>miratione!</strong></span> <span class='ocrx_word' id='word_1_409' title='bbox 2422 1021 2690 1076; x_wconf 85' lang='lat' dir='ltr'><strong>lntinitunt</strong></span> <span class='ocrx_word' id='word_1_410' title='bbox 2713 1023 2908 1076; x_wconf 86' lang='lat' dir='ltr'><strong>flumen</strong></span> <span class='ocrx_word' id='word_1_411' title='bbox 2939 1023 3079 1091; x_wconf 89' lang='lat' dir='ltr'><strong>quod</strong></span> <span class='ocrx_word' id='word_1_412' title='bbox 3108 1023 3342 1076; x_wconf 68' lang='lat' dir='ltr'><strong>lzetilicat</strong></span> <span class='ocrx_word' id='word_1_413' title='bbox 3361 1022 3636 1076; x_wconf 81' lang='lat' dir='ltr'><strong>civitatem</strong></span> 
     </span>
    </p>
   </div>
   <div class='ocr_carea' id='block_1_56' title="bbox 2085 1111 3641 1183">
    <p class='ocr_par' dir='ltr' id='par_1_56' title="bbox 2085 1111 3641 1183">
     <span class='ocr_line' id='line_1_56' title="bbox 2085 1111 3641 1183; baseline 0.001 -18"><span class='ocrx_word' id='word_1_414' title='bbox 2085 1111 2174 1166; x_wconf 90' lang='lat' dir='ltr'><strong>Dei</strong></span> <span class='ocrx_word' id='word_1_415' title='bbox 2192 1111 2259 1174; x_wconf 73' lang='lat'><strong>&quot;,</strong></span> <span class='ocrx_word' id='word_1_416' title='bbox 2294 1113 2487 1182; x_wconf 71' lang='lat' dir='ltr'><strong>evigua</strong></span> <span class='ocrx_word' id='word_1_417' title='bbox 2533 1113 2769 1168; x_wconf 82' lang='lat' dir='ltr'><strong>abluitur</strong></span> <span class='ocrx_word' id='word_1_418' title='bbox 2809 1129 2967 1183; x_wconf 89' lang='lat' dir='ltr'><strong>aqua.</strong></span> <span class='ocrx_word' id='word_1_419' title='bbox 3008 1113 3150 1168; x_wconf 84' lang='lat' dir='ltr'><strong>Fons</strong></span> <span class='ocrx_word' id='word_1_420' title='bbox 3177 1111 3641 1182; x_wconf 85' lang='lat' dir='ltr'><strong>incomprehensi-</strong></span> 
     </span>
    </p>
   </div>
   <div class='ocr_carea' id='block_1_57' title="bbox 2079 1203 3641 1275">
    <p class='ocr_par' dir='ltr' id='par_1_57' title="bbox 2079 1203 3641 1275">
     <span class='ocr_line' id='line_1_57' title="bbox 2079 1203 3641 1275; baseline 0.001 -19"><span class='ocrx_word' id='word_1_421' title='bbox 2079 1203 2203 1258; x_wconf 87' lang='lat' dir='ltr'><strong>bilis</strong></span> <span class='ocrx_word' id='word_1_422' title='bbox 2231 1205 2322 1274; x_wconf 84' lang='lat' dir='ltr'><strong>qui</strong></span> <span class='ocrx_word' id='word_1_423' title='bbox 2356 1206 2515 1258; x_wconf 85' lang='lat' dir='ltr'><strong>vitam</strong></span> <span class='ocrx_word' id='word_1_424' title='bbox 2557 1207 2808 1261; x_wconf 90' lang='lat' dir='ltr'><strong>omnibus</strong></span> <span class='ocrx_word' id='word_1_425' title='bbox 2853 1206 3164 1259; x_wconf 88' lang='lat' dir='ltr'><strong>hominilms</strong></span> <span class='ocrx_word' id='word_1_426' title='bbox 3192 1205 3554 1275; x_wconf 88' lang='lat' dir='ltr'><strong>progerminat</strong></span> <span class='ocrx_word' id='word_1_427' title='bbox 3587 1212 3641 1258; x_wconf 84' lang='lat' dir='ltr'><strong>et</strong></span> 
     </span>
    </p>
   </div>
   <div class='ocr_carea' id='block_1_58' title="bbox 2079 1294 3639 1364">
    <p class='ocr_par' dir='ltr' id='par_1_58' title="bbox 2079 1294 3639 1364">
     <span class='ocr_line' id='line_1_58' title="bbox 2079 1294 3639 1364; baseline 0.001 -19"><span class='ocrx_word' id='word_1_428' title='bbox 2079 1294 2310 1348; x_wconf 90' lang='lat' dir='ltr'><strong>termino</strong></span> <span class='ocrx_word' id='word_1_429' title='bbox 2344 1304 2512 1360; x_wconf 87' lang='lat' dir='ltr'><strong>caret,</strong></span> <span class='ocrx_word' id='word_1_430' title='bbox 2538 1309 2567 1348; x_wconf 90' lang='lat' dir='ltr'><strong>a</strong></span> <span class='ocrx_word' id='word_1_431' title='bbox 2598 1295 2777 1364; x_wconf 81' lang='lat' dir='ltr'><strong>parvis</strong></span> <span class='ocrx_word' id='word_1_432' title='bbox 2806 1303 2858 1348; x_wconf 91' lang='lat' dir='ltr'><strong>et</strong></span> <span class='ocrx_word' id='word_1_433' title='bbox 2893 1296 3236 1364; x_wconf 88' lang='lat' dir='ltr'><strong>temporariis</strong></span> <span class='ocrx_word' id='word_1_434' title='bbox 3270 1296 3424 1364; x_wconf 81' lang='lat' dir='ltr'><strong>aquis</strong></span> <span class='ocrx_word' id='word_1_435' title='bbox 3449 1294 3639 1348; x_wconf 89' lang='lat' dir='ltr'><strong>obrui-</strong></span> 
     </span>
    </p>
   </div>
   <div class='ocr_carea' id='block_1_59' title="bbox 2079 1382 3640 1454">
    <p class='ocr_par' dir='ltr' id='par_1_59' title="bbox 2079 1382 3640 1454">
     <span class='ocr_line' id='line_1_59' title="bbox 2079 1382 3640 1454; baseline 0.001 -18"><span class='ocrx_word' id='word_1_436' title='bbox 2079 1391 2186 1436; x_wconf 93' lang='lat' dir='ltr'><strong>tur.</strong></span> <span class='ocrx_word' id='word_1_437' title='bbox 2230 1383 2330 1450; x_wconf 88' lang='lat' dir='ltr'><strong>Qui</strong></span> <span class='ocrx_word' id='word_1_438' title='bbox 2365 1382 2562 1452; x_wconf 91' lang='lat' dir='ltr'><strong>ubique</strong></span> <span class='ocrx_word' id='word_1_439' title='bbox 2590 1399 2827 1452; x_wconf 72' lang='lat' dir='ltr'><strong>prazsens</strong></span> <span class='ocrx_word' id='word_1_440' title='bbox 2854 1393 3058 1438; x_wconf 89' lang='lat' dir='ltr'><strong>estnec</strong></span> <span class='ocrx_word' id='word_1_441' title='bbox 3089 1400 3316 1454; x_wconf 89' lang='lat' dir='ltr'><strong>usquam</strong></span> <span class='ocrx_word' id='word_1_442' title='bbox 3353 1385 3526 1449; x_wconf 89' lang='lat' dir='ltr'><strong>abest,</strong></span> <span class='ocrx_word' id='word_1_443' title='bbox 3557 1386 3640 1438; x_wconf 87' lang='lat' dir='ltr'><strong>in-</strong></span> 
     </span>
    </p>
   </div>
   <div class='ocr_carea' id='block_1_60' title="bbox 2077 1475 3638 1546">
    <p class='ocr_par' dir='ltr' id='par_1_60' title="bbox 2077 1475 3638 1546">
     <span class='ocr_line' id='line_1_60' title="bbox 2077 1475 3638 1546; baseline -0.001 -18"><span class='ocrx_word' id='word_1_444' title='bbox 2077 1475 2583 1544; x_wconf 82' lang='lat' dir='ltr'><strong>comprehensibilis</strong></span> <span class='ocrx_word' id='word_1_445' title='bbox 2614 1476 2818 1546; x_wconf 84' lang='lat' dir='ltr'><strong>angelis</strong></span> <span class='ocrx_word' id='word_1_446' title='bbox 2847 1484 2898 1530; x_wconf 91' lang='lat' dir='ltr'><strong>et</strong></span> <span class='ocrx_word' id='word_1_447' title='bbox 2937 1475 3003 1528; x_wconf 89' lang='lat' dir='ltr'><strong>ab</strong></span> <span class='ocrx_word' id='word_1_448' title='bbox 3039 1475 3316 1528; x_wconf 88' lang='lat' dir='ltr'><strong>hominum</strong></span> <span class='ocrx_word' id='word_1_449' title='bbox 3349 1486 3638 1544; x_wconf 80' lang='lat' dir='ltr'><strong>conspectu</strong></span> 
     </span>
    </p>
   </div>
   <div class='ocr_carea' id='block_1_61' title="bbox 2077 1565 3641 1635">
    <p class='ocr_par' dir='ltr' id='par_1_61' title="bbox 2077 1565 3641 1635">
     <span class='ocr_line' id='line_1_61' title="bbox 2077 1565 3641 1635; baseline 0.001 -15"><span class='ocrx_word' id='word_1_450' title='bbox 2077 1576 2339 1630; x_wconf 89' lang='lat' dir='ltr'><strong>remotus,</strong></span> <span class='ocrx_word' id='word_1_451' title='bbox 2369 1571 2435 1620; x_wconf 87' lang='lat' dir='ltr'><strong>ad</strong></span> <span class='ocrx_word' id='word_1_452' title='bbox 2471 1566 2797 1635; x_wconf 88' lang='lat' dir='ltr'><strong>baptismum</strong></span> <span class='ocrx_word' id='word_1_453' title='bbox 2833 1567 3040 1620; x_wconf 75' lang='lat' dir='ltr'><strong>accedit</strong></span> <span class='ocrx_word' id='word_1_454' title='bbox 3067 1576 3123 1619; x_wconf 90' lang='lat' dir='ltr'><strong>ut</strong></span> <span class='ocrx_word' id='word_1_455' title='bbox 3154 1567 3252 1635; x_wconf 89' lang='lat' dir='ltr'><strong>ipsi</strong></span> <span class='ocrx_word' id='word_1_456' title='bbox 3279 1565 3641 1635; x_wconf 80' lang='lat' dir='ltr'><strong>plaeuit.ll-.ec</strong></span> 
     </span>
    </p>
   </div>
   <div class='ocr_carea' id='block_1_62' title="bbox 2078 1658 3638 1726">
    <p class='ocr_par' dir='ltr' id='par_1_62' title="bbox 2078 1658 3638 1726">
     <span class='ocr_line' id='line_1_62' title="bbox 2078 1658 3638 1726; baseline -0.001 -14"><span class='ocrx_word' id='word_1_457' title='bbox 2078 1675 2200 1712; x_wconf 91' lang='lat' dir='ltr'><strong>cum</strong></span> <span class='ocrx_word' id='word_1_458' title='bbox 2244 1659 2418 1722; x_wconf 90' lang='lat' dir='ltr'><strong>audis,</strong></span> <span class='ocrx_word' id='word_1_459' title='bbox 2447 1659 2659 1722; x_wconf 81' lang='lat' dir='ltr'><strong>dilecte,</strong></span> <span class='ocrx_word' id='word_1_460' title='bbox 2698 1673 2762 1711; x_wconf 89' lang='lat' dir='ltr'><strong>ne</strong></span> <span class='ocrx_word' id='word_1_461' title='bbox 2795 1658 3027 1711; x_wconf 88' lang='lat' dir='ltr'><strong>naturali</strong></span> <span class='ocrx_word' id='word_1_462' title='bbox 3066 1674 3215 1710; x_wconf 89' lang='lat' dir='ltr'><strong>more</strong></span> <span class='ocrx_word' id='word_1_463' title='bbox 3245 1659 3386 1712; x_wconf 89' lang='lat' dir='ltr'><strong>dicta</strong></span> <span class='ocrx_word' id='word_1_464' title='bbox 3429 1659 3638 1726; x_wconf 78' lang='lat' dir='ltr'><strong>accipe.</strong></span> 
     </span>
    </p>
   </div>
   <div class='ocr_carea' id='block_1_63' title="bbox 2079 1750 3640 1821">
    <p class='ocr_par' dir='ltr' id='par_1_63' title="bbox 2079 1750 3640 1821">
     <span class='ocr_line' id='line_1_63' title="bbox 2079 1750 3640 1821; baseline -0.001 -15"><span class='ocrx_word' id='word_1_465' title='bbox 2079 1752 2171 1806; x_wconf 85' lang='lat' dir='ltr'><strong>sed</strong></span> <span class='ocrx_word' id='word_1_466' title='bbox 2203 1767 2298 1821; x_wconf 88' lang='lat' dir='ltr'><strong>per</strong></span> <span class='ocrx_word' id='word_1_467' title='bbox 2325 1751 2784 1820; x_wconf 89' lang='lat' dir='ltr'><strong>dispensationem</strong></span> <span class='ocrx_word' id='word_1_468' title='bbox 2821 1751 3062 1819; x_wconf 88' lang='lat' dir='ltr'><strong>apposita</strong></span> <span class='ocrx_word' id='word_1_469' title='bbox 3100 1750 3377 1818; x_wconf 83' lang='lat' dir='ltr'><strong>suscipito.</strong></span> <span class='ocrx_word' id='word_1_470' title='bbox 3407 1750 3640 1818; x_wconf 85' lang='lat' dir='ltr'><strong>Ideoque</strong></span> 
     </span>
    </p>
   </div>
   <div class='ocr_carea' id='block_1_64' title="bbox 2078 1840 3639 1910">
    <p class='ocr_par' dir='ltr' id='par_1_64' title="bbox 2078 1840 3639 1910">
     <span class='ocr_line' id='line_1_64' title="bbox 2078 1840 3639 1910; baseline -0.001 -13"><span class='ocrx_word' id='word_1_471' title='bbox 2078 1858 2180 1897; x_wconf 90' lang='lat' dir='ltr'><strong>nec</strong></span> <span class='ocrx_word' id='word_1_472' title='bbox 2223 1857 2394 1910; x_wconf 86' lang='lat' dir='ltr'><strong>aquas</strong></span> <span class='ocrx_word' id='word_1_473' title='bbox 2422 1841 2578 1896; x_wconf 90' lang='lat' dir='ltr'><strong>latuit</strong></span> <span class='ocrx_word' id='word_1_474' title='bbox 2604 1842 2748 1910; x_wconf 88' lang='lat' dir='ltr'><strong>quod</strong></span> <span class='ocrx_word' id='word_1_475' title='bbox 2783 1840 3044 1895; x_wconf 85' lang='lat' dir='ltr'><strong>Dominus</strong></span> <span class='ocrx_word' id='word_1_476' title='bbox 3072 1856 3134 1895; x_wconf 78' lang='lat' dir='ltr'><strong>ex</strong></span> <span class='ocrx_word' id='word_1_477' title='bbox 3165 1856 3347 1896; x_wconf 87' lang='lat' dir='ltr'><strong>amore</strong></span> <span class='ocrx_word' id='word_1_478' title='bbox 3374 1841 3426 1894; x_wconf 90' lang='lat' dir='ltr'><strong>in</strong></span> <span class='ocrx_word' id='word_1_479' title='bbox 3459 1841 3639 1896; x_wconf 82' lang='lat' dir='ltr'><strong>homi-</strong></span> 
     </span>
    </p>
   </div>
   <div class='ocr_carea' id='block_1_65' title="bbox 2079 1930 3642 2000">
    <p class='ocr_par' dir='ltr' id='par_1_65' title="bbox 2079 1930 3642 2000">
     <span class='ocr_line' id='line_1_65' title="bbox 2079 1930 3642 2000; baseline 0.002 -16"><span class='ocrx_word' id='word_1_480' title='bbox 2079 1947 2176 1987; x_wconf 91' lang='lat' dir='ltr'><strong>nes</strong></span> <span class='ocrx_word' id='word_1_481' title='bbox 2207 1947 2266 1988; x_wconf 89' lang='lat' dir='ltr'><strong>se</strong></span> <span class='ocrx_word' id='word_1_482' title='bbox 2289 1931 2596 1994; x_wconf 88' lang='lat' dir='ltr'><strong>demittens,</strong></span> <span class='ocrx_word' id='word_1_483' title='bbox 2629 1931 2682 1984; x_wconf 90' lang='lat' dir='ltr'><strong>in</strong></span> <span class='ocrx_word' id='word_1_484' title='bbox 2711 1931 2923 1985; x_wconf 89' lang='lat' dir='ltr'><strong>occulto</strong></span> <span class='ocrx_word' id='word_1_485' title='bbox 2949 1932 3272 2000; x_wconf 87' lang='lat' dir='ltr'><strong>operabatur</strong></span> <span class='ocrx_word' id='word_1_486' title='bbox 3296 1949 3307 1984; x_wconf 90' lang='lat'><strong>:</strong></span> <span class='ocrx_word' id='word_1_487' title='bbox 3334 1951 3351 1981; x_wconf 77' lang='grc' dir='ltr'><strong>ι</strong></span> <span class='ocrx_word' id='word_1_488' title='bbox 3382 1930 3642 1987; x_wconf 82' lang='lat' dir='ltr'><strong>Viderunt</strong></span> 
     </span>
    </p>
   </div>
   <div class='ocr_carea' id='block_1_66' title="bbox 2077 2021 3643 2093">
    <p class='ocr_par' dir='ltr' id='par_1_66' title="bbox 2077 2021 3643 2093">
     <span class='ocr_line' id='line_1_66' title="bbox 2077 2021 3643 2093; baseline -0.001 -15"><span class='ocrx_word' id='word_1_489' title='bbox 2077 2026 2220 2079; x_wconf 90' lang='lat' dir='ltr'><strong>enim</strong></span> <span class='ocrx_word' id='word_1_490' title='bbox 2269 2039 2392 2078; x_wconf 86' lang='lat' dir='ltr'><strong>eum</strong></span> <span class='ocrx_word' id='word_1_491' title='bbox 2428 2038 2604 2093; x_wconf 60' lang='lat' dir='ltr'><strong>aqua,</strong></span> <span class='ocrx_word' id='word_1_492' title='bbox 2643 2032 2696 2078; x_wconf 89' lang='lat' dir='ltr'><strong>et</strong></span> <span class='ocrx_word' id='word_1_493' title='bbox 2745 2023 3124 2077; x_wconf 83' lang='lat' dir='ltr'><strong>timuerunt&quot;.</strong></span> <span class='ocrx_word' id='word_1_494' title='bbox 3158 2041 3176 2074; x_wconf 73' lang='grc' dir='ltr'><strong>ι</strong></span> <span class='ocrx_word' id='word_1_495' title='bbox 3233 2021 3430 2075; x_wconf 87' lang='lat' dir='ltr'><strong>Parum</strong></span> <span class='ocrx_word' id='word_1_496' title='bbox 3470 2021 3643 2078; x_wconf 61' lang='lat' dir='ltr'><strong>abfuit.</strong></span> 
     </span>
    </p>
   </div>
   <div class='ocr_carea' id='block_1_67' title="bbox 2076 2113 3641 2186">
    <p class='ocr_par' dir='ltr' id='par_1_67' title="bbox 2076 2113 3641 2186">
     <span class='ocr_line' id='line_1_67' title="bbox 2076 2113 3641 2186; baseline -0.002 -18"><span class='ocrx_word' id='word_1_497' title='bbox 2076 2116 2205 2186; x_wconf 90' lang='lat' dir='ltr'><strong>quin</strong></span> <span class='ocrx_word' id='word_1_498' title='bbox 2238 2125 2593 2186; x_wconf 83' lang='lat' dir='ltr'><strong>exsurgerent</strong></span> <span class='ocrx_word' id='word_1_499' title='bbox 2613 2124 2774 2184; x_wconf 90' lang='lat' dir='ltr'><strong>atque</strong></span> <span class='ocrx_word' id='word_1_500' title='bbox 2802 2114 3068 2169; x_wconf 86' lang='lat' dir='ltr'><strong>limitibus</strong></span> <span class='ocrx_word' id='word_1_501' title='bbox 3091 2114 3206 2168; x_wconf 89' lang='lat' dir='ltr'><strong>suis</strong></span> <span class='ocrx_word' id='word_1_502' title='bbox 3237 2113 3427 2182; x_wconf 77' lang='lat' dir='ltr'><strong>positis</strong></span> <span class='ocrx_word' id='word_1_503' title='bbox 3456 2127 3641 2168; x_wconf 83' lang='lat' dir='ltr'><strong>erum-</strong></span> 
     </span>
    </p>
   </div>
   <div class='ocr_carea' id='block_1_68' title="bbox 2076 2203 3638 2276">
    <p class='ocr_par' dir='ltr' id='par_1_68' title="bbox 2076 2203 3638 2276">
     <span class='ocr_line' id='line_1_68' title="bbox 2076 2203 3638 2276; baseline -0.003 -15"><span class='ocrx_word' id='word_1_504' title='bbox 2076 2215 2280 2276; x_wconf 87' lang='lat' dir='ltr'><strong>perent.</strong></span> <span class='ocrx_word' id='word_1_505' title='bbox 2315 2205 2468 2260; x_wconf 82' lang='lat' dir='ltr'><strong>Unde</strong></span> <span class='ocrx_word' id='word_1_506' title='bbox 2497 2205 2762 2275; x_wconf 84' lang='lat' dir='ltr'><strong>Propheta</strong></span> <span class='ocrx_word' id='word_1_507' title='bbox 2799 2205 2960 2273; x_wconf 87' lang='lat' dir='ltr'><strong>longo</strong></span> <span class='ocrx_word' id='word_1_508' title='bbox 2995 2214 3232 2274; x_wconf 87' lang='lat' dir='ltr'><strong>tempore</strong></span> <span class='ocrx_word' id='word_1_509' title='bbox 3269 2213 3394 2258; x_wconf 92' lang='lat' dir='ltr'><strong>ante</strong></span> <span class='ocrx_word' id='word_1_510' title='bbox 3433 2203 3535 2258; x_wconf 92' lang='lat' dir='ltr'><strong>hoc</strong></span> <span class='ocrx_word' id='word_1_511' title='bbox 3561 2203 3638 2257; x_wconf 88' lang='lat' dir='ltr'><strong>vi-</strong></span> 
     </span>
    </p>
   </div>
   <div class='ocr_carea' id='block_1_69' title="bbox 2076 2297 3639 2372">
    <p class='ocr_par' dir='ltr' id='par_1_69' title="bbox 2076 2297 3639 2372">
     <span class='ocr_line' id='line_1_69' title="bbox 2076 2297 3639 2372; baseline -0.001 -17"><span class='ocrx_word' id='word_1_512' title='bbox 2076 2301 2228 2367; x_wconf 83' lang='lat' dir='ltr'><strong>dens,</strong></span> <span class='ocrx_word' id='word_1_513' title='bbox 2255 2316 2348 2356; x_wconf 90' lang='lat' dir='ltr'><strong>eas</strong></span> <span class='ocrx_word' id='word_1_514' title='bbox 2390 2301 2686 2372; x_wconf 77' lang='lat' dir='ltr'><strong>interrogat</strong></span> <span class='ocrx_word' id='word_1_515' title='bbox 2730 2308 2784 2354; x_wconf 86' lang='lat' dir='ltr'><strong>et</strong></span> <span class='ocrx_word' id='word_1_516' title='bbox 2830 2300 2904 2354; x_wconf 85' lang='lat' dir='ltr'><strong>ait</strong></span> <span class='ocrx_word' id='word_1_517' title='bbox 2936 2319 2958 2362; x_wconf 61' lang='grc' dir='ltr'>ε,</span> <span class='ocrx_word' id='word_1_518' title='bbox 2985 2318 3002 2351; x_wconf 84' lang='lat' dir='ltr'><strong>t</strong></span> <span class='ocrx_word' id='word_1_519' title='bbox 3033 2299 3172 2368; x_wconf 86' lang='lat' dir='ltr'><strong>Quid</strong></span> <span class='ocrx_word' id='word_1_520' title='bbox 3201 2307 3284 2354; x_wconf 88' lang='lat' dir='ltr'><strong>est</strong></span> <span class='ocrx_word' id='word_1_521' title='bbox 3314 2297 3429 2359; x_wconf 85' lang='lat' dir='ltr'><strong>tibi.</strong></span> <span class='ocrx_word' id='word_1_522' title='bbox 3469 2313 3639 2364; x_wconf 88' lang='lat' dir='ltr'><strong>mare,</strong></span> 
     </span>
    </p>
   </div>
   <div class='ocr_carea' id='block_1_70' title="bbox 2076 2391 3642 2465">
    <p class='ocr_par' dir='ltr' id='par_1_70' title="bbox 2076 2391 3642 2465">
     <span class='ocr_line' id='line_1_70' title="bbox 2076 2391 3642 2465; baseline 0.001 -18"><span class='ocrx_word' id='word_1_523' title='bbox 2076 2395 2220 2465; x_wconf 90' lang='lat' dir='ltr'><strong>quod</strong></span> <span class='ocrx_word' id='word_1_524' title='bbox 2274 2393 2502 2464; x_wconf 80' lang='lat' dir='ltr'><strong>fugisti?</strong></span> <span class='ocrx_word' id='word_1_525' title='bbox 2531 2402 2584 2447; x_wconf 90' lang='lat' dir='ltr'><strong>et</strong></span> <span class='ocrx_word' id='word_1_526' title='bbox 2633 2401 2711 2458; x_wconf 90' lang='lat' dir='ltr'><strong>tu,</strong></span> <span class='ocrx_word' id='word_1_527' title='bbox 2737 2391 3010 2457; x_wconf 73' lang='lat' dir='ltr'><strong>Iordanis,</strong></span> <span class='ocrx_word' id='word_1_528' title='bbox 3049 2393 3194 2463; x_wconf 90' lang='lat' dir='ltr'><strong>quod</strong></span> <span class='ocrx_word' id='word_1_529' title='bbox 3248 2407 3544 2448; x_wconf 87' lang='lat' dir='ltr'><strong>conversus</strong></span> <span class='ocrx_word' id='word_1_530' title='bbox 3581 2406 3642 2448; x_wconf 82' lang='lat' dir='ltr'><strong>es</strong></span> 
     </span>
    </p>
   </div>
   <div class='ocr_carea' id='block_1_71' title="bbox 2075 2483 3640 2554">
    <p class='ocr_par' dir='ltr' id='par_1_71' title="bbox 2075 2483 3640 2554">
     <span class='ocr_line' id='line_1_71' title="bbox 2075 2483 3640 2554; baseline -0.003 -12"><span class='ocrx_word' id='word_1_531' title='bbox 2075 2499 2372 2542; x_wconf 79' lang='lat' dir='ltr'><strong>retrorsum</strong></span> <span class='ocrx_word' id='word_1_532' title='bbox 2394 2486 2475 2539; x_wconf 71' lang='grc' dir='ltr'><strong>ἐἳ</strong></span> <span class='ocrx_word' id='word_1_533' title='bbox 2511 2506 2527 2536; x_wconf 72' lang='grc' dir='ltr'><strong>ι</strong></span> <span class='ocrx_word' id='word_1_534' title='bbox 2564 2485 2669 2540; x_wconf 66' lang='lat' dir='ltr'><strong>Illa:</strong></span> <span class='ocrx_word' id='word_1_535' title='bbox 2704 2501 2833 2540; x_wconf 90' lang='lat' dir='ltr'><strong>vero</strong></span> <span class='ocrx_word' id='word_1_536' title='bbox 2865 2485 3233 2554; x_wconf 84' lang='lat' dir='ltr'><strong>respondent:</strong></span> <span class='ocrx_word' id='word_1_537' title='bbox 3271 2483 3524 2540; x_wconf 85' lang='lat' dir='ltr'><strong>Omnium</strong></span> <span class='ocrx_word' id='word_1_538' title='bbox 3555 2499 3640 2538; x_wconf 86' lang='lat' dir='ltr'><strong>re-</strong></span> 
     </span>
    </p>
   </div>
   <div class='ocr_carea' id='block_1_72' title="bbox 2075 2575 3641 2643">
    <p class='ocr_par' dir='ltr' id='par_1_72' title="bbox 2075 2575 3641 2643">
     <span class='ocr_line' id='line_1_72' title="bbox 2075 2575 3641 2643; baseline -0.002 -9"><span class='ocrx_word' id='word_1_539' title='bbox 2075 2595 2197 2634; x_wconf 88' lang='lat' dir='ltr'><strong>rum</strong></span> <span class='ocrx_word' id='word_1_540' title='bbox 2245 2579 2575 2633; x_wconf 81' lang='lat' dir='ltr'><strong>conditorem</strong></span> <span class='ocrx_word' id='word_1_541' title='bbox 2627 2579 2680 2632; x_wconf 92' lang='lat' dir='ltr'><strong>in</strong></span> <span class='ocrx_word' id='word_1_542' title='bbox 2711 2577 2888 2632; x_wconf 87' lang='lat' dir='ltr'><strong>forma</strong></span> <span class='ocrx_word' id='word_1_543' title='bbox 2921 2577 3060 2633; x_wconf 83' lang='lat' dir='ltr'><strong>servi</strong></span> <span class='ocrx_word' id='word_1_544' title='bbox 3095 2578 3425 2643; x_wconf 78' lang='lat' dir='ltr'><strong>vidimus&quot;;</strong></span> <span class='ocrx_word' id='word_1_545' title='bbox 3455 2575 3641 2631; x_wconf 88' lang='lat' dir='ltr'><strong>ethoc</strong></span> 
     </span>
    </p>
   </div>
   <div class='ocr_carea' id='block_1_73' title="bbox 2076 2669 3641 2742">
    <p class='ocr_par' dir='ltr' id='par_1_73' title="bbox 2076 2669 3641 2742">
     <span class='ocr_line' id='line_1_73' title="bbox 2076 2669 3641 2742; baseline -0.001 -17"><span class='ocrx_word' id='word_1_546' title='bbox 2076 2672 2395 2742; x_wconf 79' lang='lat' dir='ltr'><strong>mysterium</strong></span> <span class='ocrx_word' id='word_1_547' title='bbox 2446 2670 2869 2740; x_wconf 87' lang='lat' dir='ltr'><strong>dispensationis</strong></span> <span class='ocrx_word' id='word_1_548' title='bbox 2922 2685 3047 2725; x_wconf 92' lang='lat' dir='ltr'><strong>cum</strong></span> <span class='ocrx_word' id='word_1_549' title='bbox 3099 2669 3492 2740; x_wconf 84' lang='lat' dir='ltr'><strong>ignoraremus,</strong></span> <span class='ocrx_word' id='word_1_550' title='bbox 3531 2684 3641 2740; x_wconf 69' lang='lat' dir='ltr'><strong>prae</strong></span> 
     </span>
    </p>
   </div>
   <div class='ocr_carea' id='block_1_74' title="bbox 2075 2773 2783 2818">
    <p class='ocr_par' dir='ltr' id='par_1_74' title="bbox 2075 2773 2783 2818">
     <span class='ocr_line' id='line_1_74' title="bbox 2075 2773 2783 2818; baseline -0.003 0"><span class='ocrx_word' id='word_1_551' title='bbox 2075 2773 2220 2818; x_wconf 85' lang='lat' dir='ltr'><strong>metu</strong></span> <span class='ocrx_word' id='word_1_552' title='bbox 2251 2773 2533 2818; x_wconf 70' lang='lat' dir='ltr'><strong>commotae</strong></span> <span class='ocrx_word' id='word_1_553' title='bbox 2573 2778 2783 2818; x_wconf 91' lang='lat' dir='ltr'><strong>sumus.</strong></span> 
     </span>
    </p>
   </div>
   <div class='ocr_carea' id='block_1_75' title="bbox 2145 2854 3638 2926">
    <p class='ocr_par' dir='ltr' id='par_1_75' title="bbox 2145 2854 3638 2926">
     <span class='ocr_line' id='line_1_75' title="bbox 2145 2854 3638 2926; baseline -0.001 -15"><span class='ocrx_word' id='word_1_554' title='bbox 2145 2855 2232 2911; x_wconf 77' lang='grc' dir='ltr'><strong>ΙΙΙ.</strong></span> <span class='ocrx_word' id='word_1_555' title='bbox 2273 2855 2384 2911; x_wconf 86' lang='lat' dir='ltr'><strong>Nos</strong></span> <span class='ocrx_word' id='word_1_556' title='bbox 2416 2873 2544 2910; x_wconf 86' lang='lat' dir='ltr'><strong>vero</strong></span> <span class='ocrx_word' id='word_1_557' title='bbox 2575 2856 2776 2926; x_wconf 90' lang='lat' dir='ltr'><strong>quibus</strong></span> <span class='ocrx_word' id='word_1_558' title='bbox 2809 2854 3114 2911; x_wconf 67' lang='lat' dir='ltr'><strong>eaconomia</strong></span> <span class='ocrx_word' id='word_1_559' title='bbox 3150 2855 3240 2909; x_wconf 90' lang='lat' dir='ltr'><strong>illa</strong></span> <span class='ocrx_word' id='word_1_560' title='bbox 3287 2855 3501 2925; x_wconf 87' lang='lat' dir='ltr'><strong>cognita</strong></span> <span class='ocrx_word' id='word_1_561' title='bbox 3523 2854 3638 2922; x_wconf 88' lang='lat' dir='ltr'><strong>jam</strong></span> 
     </span>
    </p>
   </div>
   <div class='ocr_carea' id='block_1_76' title="bbox 2074 2949 3641 3020">
    <p class='ocr_par' dir='ltr' id='par_1_76' title="bbox 2074 2949 3641 3020">
     <span class='ocr_line' id='line_1_76' title="bbox 2074 2949 3641 3020; baseline 0 -17"><span class='ocrx_word' id='word_1_562' title='bbox 2074 2956 2177 3012; x_wconf 90' lang='lat' dir='ltr'><strong>est,</strong></span> <span class='ocrx_word' id='word_1_563' title='bbox 2209 2949 2500 3004; x_wconf 89' lang='lat' dir='ltr'><strong>adoramus</strong></span> <span class='ocrx_word' id='word_1_564' title='bbox 2525 2949 2643 3020; x_wconf 87' lang='lat' dir='ltr'><strong>ejus</strong></span> <span class='ocrx_word' id='word_1_565' title='bbox 2672 2949 3122 3013; x_wconf 83' lang='lat' dir='ltr'><strong>misericordiam,</strong></span> <span class='ocrx_word' id='word_1_566' title='bbox 3152 2950 3296 3019; x_wconf 92' lang='lat' dir='ltr'><strong>quod</strong></span> <span class='ocrx_word' id='word_1_567' title='bbox 3337 2950 3484 3004; x_wconf 85' lang='lat' dir='ltr'><strong>venit</strong></span> <span class='ocrx_word' id='word_1_568' title='bbox 3523 2966 3641 3005; x_wconf 87' lang='lat' dir='ltr'><strong>ser-</strong></span> 
     </span>
    </p>
   </div>
   <div class='ocr_carea' id='block_1_77' title="bbox 2076 3040 3643 3112">
    <p class='ocr_par' dir='ltr' id='par_1_77' title="bbox 2076 3040 3643 3112">
     <span class='ocr_line' id='line_1_77' title="bbox 2076 3040 3643 3112; baseline 0.003 -18"><span class='ocrx_word' id='word_1_569' title='bbox 2076 3050 2259 3096; x_wconf 88' lang='lat' dir='ltr'><strong>vatum</strong></span> <span class='ocrx_word' id='word_1_570' title='bbox 2291 3051 2511 3106; x_wconf 88' lang='lat' dir='ltr'><strong>terram,</strong></span> <span class='ocrx_word' id='word_1_571' title='bbox 2543 3057 2651 3095; x_wconf 92' lang='lat' dir='ltr'><strong>non</strong></span> <span class='ocrx_word' id='word_1_572' title='bbox 2688 3042 3009 3112; x_wconf 83' lang='lat' dir='ltr'><strong>judicatum.</strong></span> <span class='ocrx_word' id='word_1_573' title='bbox 3029 3040 3180 3097; x_wconf 89' lang='lat' dir='ltr'><strong>Unde</strong></span> <span class='ocrx_word' id='word_1_574' title='bbox 3209 3042 3370 3096; x_wconf 91' lang='lat' dir='ltr'><strong>etiam</strong></span> <span class='ocrx_word' id='word_1_575' title='bbox 3401 3040 3643 3098; x_wconf 82' lang='lat' dir='ltr'><strong>Joannes</strong></span> 
     </span>
    </p>
   </div>
   <div class='ocr_carea' id='block_1_78' title="bbox 2074 3133 3641 3206">
    <p class='ocr_par' dir='ltr' id='par_1_78' title="bbox 2074 3133 3641 3206">
     <span class='ocr_line' id='line_1_78' title="bbox 2074 3133 3641 3206; baseline 0.001 -18"><span class='ocrx_word' id='word_1_576' title='bbox 2074 3150 2378 3206; x_wconf 73' lang='lat' dir='ltr'><strong>pI‘IBCUI‘SOI‘</strong></span> <span class='ocrx_word' id='word_1_577' title='bbox 2409 3133 2643 3194; x_wconf 88' lang='lat' dir='ltr'><strong>Domini.</strong></span> <span class='ocrx_word' id='word_1_578' title='bbox 2677 3149 2802 3189; x_wconf 92' lang='lat' dir='ltr'><strong>cum</strong></span> <span class='ocrx_word' id='word_1_579' title='bbox 2855 3135 2956 3188; x_wconf 84' lang='lat' dir='ltr'><strong>hoe</strong></span> <span class='ocrx_word' id='word_1_580' title='bbox 3004 3137 3341 3206; x_wconf 78' lang='lat' dir='ltr'><strong>mysterium,</strong></span> <span class='ocrx_word' id='word_1_581' title='bbox 3369 3135 3512 3204; x_wconf 85' lang='lat' dir='ltr'><strong>quod</strong></span> <span class='ocrx_word' id='word_1_582' title='bbox 3545 3151 3641 3190; x_wconf 89' lang='lat' dir='ltr'><strong>nc-</strong></span> 
     </span>
    </p>
   </div>
   <div class='ocr_carea' id='block_1_79' title="bbox 2074 3226 3640 3304">
    <p class='ocr_par' dir='ltr' id='par_1_79' title="bbox 2074 3226 3640 3304">
     <span class='ocr_line' id='line_1_79' title="bbox 2074 3226 3640 3304; baseline -0.002 -22"><span class='ocrx_word' id='word_1_583' title='bbox 2074 3228 2306 3282; x_wconf 89' lang='lat' dir='ltr'><strong>sciverat</strong></span> <span class='ocrx_word' id='word_1_584' title='bbox 2349 3236 2527 3293; x_wconf 89' lang='lat' dir='ltr'><strong>antea,</strong></span> <span class='ocrx_word' id='word_1_585' title='bbox 2558 3226 2782 3304; x_wconf 80' lang='lat' dir='ltr'><strong>edoctus</strong></span> <span class='ocrx_word' id='word_1_586' title='bbox 2811 3226 3172 3296; x_wconf 77' lang='lat' dir='ltr'><strong>cognovisset,</strong></span> <span class='ocrx_word' id='word_1_587' title='bbox 3199 3227 3344 3296; x_wconf 91' lang='lat' dir='ltr'><strong>quod</strong></span> <span class='ocrx_word' id='word_1_588' title='bbox 3379 3243 3502 3282; x_wconf 84' lang='lat' dir='ltr'><strong>vere</strong></span> <span class='ocrx_word' id='word_1_589' title='bbox 3534 3226 3640 3279; x_wconf 92' lang='lat' dir='ltr'><strong>Do-</strong></span> 
     </span>
    </p>
   </div>
   <div class='ocr_carea' id='block_1_80' title="bbox 2074 3317 3641 3387">
    <p class='ocr_par' dir='ltr' id='par_1_80' title="bbox 2074 3317 3641 3387">
     <span class='ocr_line' id='line_1_80' title="bbox 2074 3317 3641 3387; baseline -0.001 -17"><span class='ocrx_word' id='word_1_590' title='bbox 2074 3318 2255 3370; x_wconf 92' lang='lat' dir='ltr'><strong>minus</strong></span> <span class='ocrx_word' id='word_1_591' title='bbox 2289 3327 2453 3381; x_wconf 86' lang='lat' dir='ltr'><strong>esset,</strong></span> <span class='ocrx_word' id='word_1_592' title='bbox 2483 3317 2807 3371; x_wconf 82' lang='lat' dir='ltr'><strong>exclamavit</strong></span> <span class='ocrx_word' id='word_1_593' title='bbox 2835 3317 2901 3370; x_wconf 89' lang='lat' dir='ltr'><strong>ad</strong></span> <span class='ocrx_word' id='word_1_594' title='bbox 2935 3317 3034 3371; x_wconf 90' lang='lat' dir='ltr'><strong>hos</strong></span> <span class='ocrx_word' id='word_1_595' title='bbox 3061 3319 3154 3387; x_wconf 91' lang='lat' dir='ltr'><strong>qui</strong></span> <span class='ocrx_word' id='word_1_596' title='bbox 3193 3317 3257 3371; x_wconf 90' lang='lat' dir='ltr'><strong>ad</strong></span> <span class='ocrx_word' id='word_1_597' title='bbox 3292 3332 3416 3371; x_wconf 92' lang='lat' dir='ltr'><strong>eum</strong></span> <span class='ocrx_word' id='word_1_598' title='bbox 3464 3317 3641 3386; x_wconf 83' lang='lat' dir='ltr'><strong>bapti-</strong></span> 
     </span>
    </p>
   </div>
   <div class='ocr_carea' id='block_1_81' title="bbox 2075 3409 3638 3479">
    <p class='ocr_par' dir='ltr' id='par_1_81' title="bbox 2075 3409 3638 3479">
     <span class='ocr_line' id='line_1_81' title="bbox 2075 3409 3638 3479; baseline -0.001 -15"><span class='ocrx_word' id='word_1_599' title='bbox 2075 3412 2230 3466; x_wconf 85' lang='lat' dir='ltr'><strong>zandi</strong></span> <span class='ocrx_word' id='word_1_600' title='bbox 2259 3421 2517 3465; x_wconf 89' lang='lat' dir='ltr'><strong>venerant</strong></span> <span class='ocrx_word' id='word_1_601' title='bbox 2545 3429 2558 3464; x_wconf 88' lang='lat'><strong>:</strong></span> <span class='ocrx_word' id='word_1_602' title='bbox 2597 3429 2616 3461; x_wconf 72' lang='grc' dir='ltr'><strong>ι</strong></span> <span class='ocrx_word' id='word_1_603' title='bbox 2648 3409 2938 3479; x_wconf 74' lang='lat' dir='ltr'><strong>Progenies</strong></span> <span class='ocrx_word' id='word_1_604' title='bbox 2960 3411 3266 3479; x_wconf 88' lang='lat' dir='ltr'><strong>viperarum</strong></span> <span class='ocrx_word' id='word_1_605' title='bbox 3286 3409 3351 3475; x_wconf 79' lang='lat'><strong>“,</strong></span> <span class='ocrx_word' id='word_1_606' title='bbox 3384 3429 3401 3460; x_wconf 85' lang='grc'><strong>›</strong></span> <span class='ocrx_word' id='word_1_607' title='bbox 3431 3409 3558 3479; x_wconf 91' lang='lat' dir='ltr'><strong>quid</strong></span> <span class='ocrx_word' id='word_1_608' title='bbox 3584 3410 3638 3462; x_wconf 91' lang='lat' dir='ltr'><strong>in</strong></span> 
     </span>
    </p>
   </div>
   <div class='ocr_carea' id='block_1_82' title="bbox 2072 3501 3640 3571">
    <p class='ocr_par' dir='ltr' id='par_1_82' title="bbox 2072 3501 3640 3571">
     <span class='ocr_line' id='line_1_82' title="bbox 2072 3501 3640 3571; baseline -0.003 -13"><span class='ocrx_word' id='word_1_609' title='bbox 2072 3519 2160 3558; x_wconf 90' lang='lat' dir='ltr'><strong>me</strong></span> <span class='ocrx_word' id='word_1_610' title='bbox 2213 3513 2320 3558; x_wconf 92' lang='lat' dir='ltr'><strong>tam</strong></span> <span class='ocrx_word' id='word_1_611' title='bbox 2379 3503 2722 3557; x_wconf 85' lang='lat' dir='ltr'><strong>vehementer</strong></span> <span class='ocrx_word' id='word_1_612' title='bbox 2754 3503 3084 3558; x_wconf 87' lang='lat' dir='ltr'><strong>intuemini?</strong></span> <span class='ocrx_word' id='word_1_613' title='bbox 3143 3501 3306 3556; x_wconf 72' lang='lat' dir='ltr'><strong>«Non</strong></span> <span class='ocrx_word' id='word_1_614' title='bbox 3367 3517 3485 3558; x_wconf 93' lang='lat' dir='ltr'><strong>sum</strong></span> <span class='ocrx_word' id='word_1_615' title='bbox 3539 3517 3640 3571; x_wconf 89' lang='lat' dir='ltr'><strong>ego</strong></span> 
     </span>
    </p>
   </div>
   <div class='ocr_carea' id='block_1_83' title="bbox 2071 3581 3642 3663">
    <p class='ocr_par' dir='ltr' id='par_1_83' title="bbox 2071 3581 3642 3663">
     <span class='ocr_line' id='line_1_83' title="bbox 2071 3581 3642 3663; baseline -0.002 -15"><span class='ocrx_word' id='word_1_616' title='bbox 2071 3595 2320 3649; x_wconf 82' lang='lat' dir='ltr'><strong>Christus</strong></span> <span class='ocrx_word' id='word_1_617' title='bbox 2337 3595 2401 3658; x_wconf 68' lang='lat'><strong>’9;</strong></span> <span class='ocrx_word' id='word_1_618' title='bbox 2435 3613 2452 3645; x_wconf 76' lang='grc' dir='ltr'><strong>ι</strong></span> <span class='ocrx_word' id='word_1_619' title='bbox 2489 3581 2756 3660; x_wconf 78' lang='lat' dir='ltr'><strong>minister,</strong></span> <span class='ocrx_word' id='word_1_620' title='bbox 2792 3610 2901 3650; x_wconf 91' lang='lat' dir='ltr'><strong>non</strong></span> <span class='ocrx_word' id='word_1_621' title='bbox 2936 3594 3190 3649; x_wconf 88' lang='lat' dir='ltr'><strong>dominus</strong></span> <span class='ocrx_word' id='word_1_622' title='bbox 3215 3609 3315 3663; x_wconf 86' lang='lat' dir='ltr'><strong>ego</strong></span> <span class='ocrx_word' id='word_1_623' title='bbox 3345 3610 3463 3646; x_wconf 87' lang='lat' dir='ltr'><strong>sum</strong></span> <span class='ocrx_word' id='word_1_624' title='bbox 3487 3593 3642 3662; x_wconf 38' lang='lat' dir='ltr'><strong>;.pri-</strong></span> 
     </span>
    </p>
   </div>
   <div class='ocr_carea' id='block_1_84' title="bbox 2072 3685 3638 3754">
    <p class='ocr_par' dir='ltr' id='par_1_84' title="bbox 2072 3685 3638 3754">
     <span class='ocr_line' id='line_1_84' title="bbox 2072 3685 3638 3754; baseline -0.001 -16"><span class='ocrx_word' id='word_1_625' title='bbox 2072 3695 2252 3749; x_wconf 85' lang='lat' dir='ltr'><strong>vatus,</strong></span> <span class='ocrx_word' id='word_1_626' title='bbox 2285 3701 2391 3738; x_wconf 90' lang='lat' dir='ltr'><strong>non</strong></span> <span class='ocrx_word' id='word_1_627' title='bbox 2427 3701 2518 3739; x_wconf 82' lang='lat' dir='ltr'><strong>rex</strong></span> <span class='ocrx_word' id='word_1_628' title='bbox 2551 3703 2564 3751; x_wconf 91' lang='lat'>;</span> <span class='ocrx_word' id='word_1_629' title='bbox 2598 3687 2717 3740; x_wconf 82' lang='lat' dir='ltr'><strong>ovi‘s</strong></span> <span class='ocrx_word' id='word_1_630' title='bbox 2757 3701 2898 3749; x_wconf 92' lang='lat' dir='ltr'><strong>sum,</strong></span> <span class='ocrx_word' id='word_1_631' title='bbox 2932 3701 3037 3740; x_wconf 92' lang='lat' dir='ltr'><strong>non</strong></span> <span class='ocrx_word' id='word_1_632' title='bbox 3070 3693 3284 3754; x_wconf 78' lang='lat' dir='ltr'><strong>pastor;</strong></span> <span class='ocrx_word' id='word_1_633' title='bbox 3318 3685 3498 3745; x_wconf 90' lang='lat' dir='ltr'><strong>homo.</strong></span> <span class='ocrx_word' id='word_1_634' title='bbox 3531 3700 3638 3741; x_wconf 88' lang='lat' dir='ltr'><strong>non</strong></span> 
     </span>
    </p>
   </div>
   <div class='ocr_carea' id='block_1_85' title="bbox 2075 3762 3636 3841">
    <p class='ocr_par' dir='ltr' id='par_1_85' title="bbox 2075 3762 3636 3841">
     <span class='ocr_line' id='line_1_85' title="bbox 2075 3762 3636 3841; baseline -0.001 -13"><span class='ocrx_word' id='word_1_635' title='bbox 2075 3775 2234 3832; x_wconf 87' lang='lat' dir='ltr'><strong>Deus.</strong></span> <span class='ocrx_word' id='word_1_636' title='bbox 2270 3762 2614 3831; x_wconf 86' lang='lat' dir='ltr'><strong>Sterilitatem</strong></span> <span class='ocrx_word' id='word_1_637' title='bbox 2663 3778 2850 3832; x_wconf 88' lang='lat' dir='ltr'><strong>matris</strong></span> <span class='ocrx_word' id='word_1_638' title='bbox 2881 3793 3012 3830; x_wconf 80' lang='lat' dir='ltr'><strong>meae</strong></span> <span class='ocrx_word' id='word_1_639' title='bbox 3041 3792 3163 3831; x_wconf 90' lang='lat' dir='ltr'><strong>cum</strong></span> <span class='ocrx_word' id='word_1_640' title='bbox 3196 3791 3447 3833; x_wconf 82' lang='lat' dir='ltr'><strong>nascerer</strong></span> <span class='ocrx_word' id='word_1_641' title='bbox 3479 3775 3636 3841; x_wconf 82' lang='lat' dir='ltr'><strong>solvi,</strong></span> 
     </span>
    </p>
   </div>
   <div class='ocr_carea' id='block_1_86' title="bbox 2074 3853 3640 3937">
    <p class='ocr_par' dir='ltr' id='par_1_86' title="bbox 2074 3853 3640 3937">
     <span class='ocr_line' id='line_1_86' title="bbox 2074 3853 3640 3937; baseline -0.001 -16"><span class='ocrx_word' id='word_1_642' title='bbox 2074 3883 2182 3922; x_wconf 92' lang='lat' dir='ltr'><strong>non</strong></span> <span class='ocrx_word' id='word_1_643' title='bbox 2214 3867 2574 3937; x_wconf 82' lang='lat' dir='ltr'><strong>virginitatem</strong></span> <span class='ocrx_word' id='word_1_644' title='bbox 2607 3853 2798 3937; x_wconf 87' lang='lat' dir='ltr'><strong>reliqui</strong></span> <span class='ocrx_word' id='word_1_645' title='bbox 2831 3867 3086 3922; x_wconf 89' lang='lat' dir='ltr'><strong>sterilem.</strong></span> <span class='ocrx_word' id='word_1_646' title='bbox 3125 3866 3264 3920; x_wconf 83' lang='lat' dir='ltr'><strong>lnfra</strong></span> <span class='ocrx_word' id='word_1_647' title='bbox 3292 3867 3640 3930; x_wconf 88' lang='lat' dir='ltr'><strong>emersi,non</strong></span> 
     </span>
    </p>
   </div>
   <div class='ocr_carea' id='block_1_87' title="bbox 2072 3957 3639 4029">
    <p class='ocr_par' dir='ltr' id='par_1_87' title="bbox 2072 3957 3639 4029">
     <span class='ocr_line' id='line_1_87' title="bbox 2072 3957 3639 4029; baseline -0.001 -15"><span class='ocrx_word' id='word_1_648' title='bbox 2072 3960 2304 4029; x_wconf 88' lang='lat' dir='ltr'><strong>desuper</strong></span> <span class='ocrx_word' id='word_1_649' title='bbox 2332 3958 2606 4014; x_wconf 89' lang='lat' dir='ltr'><strong>descendi.</strong></span> <span class='ocrx_word' id='word_1_650' title='bbox 2640 3957 2815 4015; x_wconf 83' lang='lat' dir='ltr'><strong>Patris</strong></span> <span class='ocrx_word' id='word_1_651' title='bbox 2840 3960 3078 4028; x_wconf 86' lang='lat' dir='ltr'><strong>linguam</strong></span> <span class='ocrx_word' id='word_1_652' title='bbox 3107 3959 3323 4029; x_wconf 77' lang='lat' dir='ltr'><strong>ligavi‘,</strong></span> <span class='ocrx_word' id='word_1_653' title='bbox 3357 3974 3462 4012; x_wconf 93' lang='lat' dir='ltr'><strong>non</strong></span> <span class='ocrx_word' id='word_1_654' title='bbox 3499 3959 3639 4013; x_wconf 86' lang='lat' dir='ltr'><strong>divi-</strong></span> 
     </span>
    </p>
   </div>
   <div class='ocr_carea' id='block_1_88' title="bbox 2074 4051 3636 4122">
    <p class='ocr_par' dir='ltr' id='par_1_88' title="bbox 2074 4051 3636 4122">
     <span class='ocr_line' id='line_1_88' title="bbox 2074 4051 3636 4122; baseline 0.001 -19"><span class='ocrx_word' id='word_1_655' title='bbox 2074 4068 2197 4106; x_wconf 88' lang='lat' dir='ltr'><strong>nam</strong></span> <span class='ocrx_word' id='word_1_656' title='bbox 2225 4052 2452 4122; x_wconf 83' lang='lat' dir='ltr'><strong>gratiam</strong></span> <span class='ocrx_word' id='word_1_657' title='bbox 2479 4051 2734 4121; x_wconf 78' lang='lat' dir='ltr'><strong>explicui.</strong></span> <span class='ocrx_word' id='word_1_658' title='bbox 2761 4051 2801 4103; x_wconf 89' lang='lat' dir='ltr'><strong>A</strong></span> <span class='ocrx_word' id='word_1_659' title='bbox 2824 4062 2994 4106; x_wconf 89' lang='lat' dir='ltr'><strong>matre</strong></span> <span class='ocrx_word' id='word_1_660' title='bbox 3027 4051 3262 4122; x_wconf 83' lang='lat' dir='ltr'><strong>agnitus,</strong></span> <span class='ocrx_word' id='word_1_661' title='bbox 3288 4066 3396 4112; x_wconf 80' lang='lat' dir='ltr'><strong>non</strong></span> <span class='ocrx_word' id='word_1_662' title='bbox 3419 4067 3449 4106; x_wconf 92' lang='lat' dir='ltr'><strong>a</strong></span> <span class='ocrx_word' id='word_1_663' title='bbox 3484 4051 3636 4106; x_wconf 80' lang='lat' dir='ltr'><strong>Stella</strong></span> 
     </span>
    </p>
   </div>
   <div class='ocr_carea' id='block_1_89' title="bbox 2072 4141 3639 4214">
    <p class='ocr_par' dir='ltr' id='par_1_89' title="bbox 2072 4141 3639 4214">
     <span class='ocr_line' id='line_1_89' title="bbox 2072 4141 3639 4214; baseline -0.001 -16"><span class='ocrx_word' id='word_1_664' title='bbox 2072 4143 2519 4214; x_wconf 68' lang='lat' dir='ltr'><strong>pra‘signiﬁcatus</strong></span> <span class='ocrx_word' id='word_1_665' title='bbox 2554 4145 2732 4198; x_wconf 80' lang='lat' dir='ltr'><strong>sum’.</strong></span> <span class='ocrx_word' id='word_1_666' title='bbox 2766 4141 2969 4196; x_wconf 90' lang='lat' dir='ltr'><strong>Tenuis</strong></span> <span class='ocrx_word' id='word_1_667' title='bbox 3009 4159 3108 4212; x_wconf 88' lang='lat' dir='ltr'><strong>ego</strong></span> <span class='ocrx_word' id='word_1_668' title='bbox 3135 4153 3188 4196; x_wconf 83' lang='lat' dir='ltr'><strong>et</strong></span> <span class='ocrx_word' id='word_1_669' title='bbox 3217 4143 3514 4207; x_wconf 87' lang='lat' dir='ltr'><strong>minimus;</strong></span> <span class='ocrx_word' id='word_1_670' title='bbox 3546 4158 3639 4196; x_wconf 80' lang='lat' dir='ltr'><strong>ve-</strong></span> 
     </span>
    </p>
   </div>
   <div class='ocr_carea' id='block_1_90' title="bbox 2075 4235 3638 4306">
    <p class='ocr_par' dir='ltr' id='par_1_90' title="bbox 2075 4235 3638 4306">
     <span class='ocr_line' id='line_1_90' title="bbox 2075 4235 3638 4306; baseline -0.003 -16"><span class='ocrx_word' id='word_1_671' title='bbox 2075 4237 2153 4290; x_wconf 91' lang='lat' dir='ltr'><strong>nit</strong></span> <span class='ocrx_word' id='word_1_672' title='bbox 2184 4247 2362 4290; x_wconf 86' lang='lat' dir='ltr'><strong>autem</strong></span> <span class='ocrx_word' id='word_1_673' title='bbox 2396 4244 2518 4306; x_wconf 84' lang='lat' dir='ltr'><strong>post</strong></span> <span class='ocrx_word' id='word_1_674' title='bbox 2559 4251 2644 4290; x_wconf 91' lang='lat' dir='ltr'><strong>me</strong></span> <span class='ocrx_word' id='word_1_675' title='bbox 2683 4235 2775 4305; x_wconf 90' lang='lat' dir='ltr'><strong>qui</strong></span> <span class='ocrx_word' id='word_1_676' title='bbox 2806 4242 2928 4288; x_wconf 88' lang='lat' dir='ltr'><strong>ante</strong></span> <span class='ocrx_word' id='word_1_677' title='bbox 2959 4249 3043 4288; x_wconf 89' lang='lat' dir='ltr'><strong>me</strong></span> <span class='ocrx_word' id='word_1_678' title='bbox 3069 4235 3212 4300; x_wconf 63' lang='lat' dir='ltr'><strong>est”;</strong></span> <span class='ocrx_word' id='word_1_679' title='bbox 3245 4245 3364 4303; x_wconf 89' lang='lat' dir='ltr'><strong>post</strong></span> <span class='ocrx_word' id='word_1_680' title='bbox 3397 4251 3482 4288; x_wconf 89' lang='lat' dir='ltr'><strong>me</strong></span> <span class='ocrx_word' id='word_1_681' title='bbox 3515 4236 3638 4304; x_wconf 86' lang='lat' dir='ltr'><strong>qui-</strong></span> 
     </span>
    </p>
   </div>
   <div class='ocr_carea' id='block_1_91' title="bbox 2074 4327 3638 4397">
    <p class='ocr_par' dir='ltr' id='par_1_91' title="bbox 2074 4327 3638 4397">
     <span class='ocr_line' id='line_1_91' title="bbox 2074 4327 3638 4397; baseline -0.001 -14"><span class='ocrx_word' id='word_1_682' title='bbox 2074 4330 2194 4384; x_wconf 87' lang='lat' dir='ltr'><strong>dem</strong></span> <span class='ocrx_word' id='word_1_683' title='bbox 2227 4330 2436 4388; x_wconf 83' lang='lat' dir='ltr'><strong>ratione</strong></span> <span class='ocrx_word' id='word_1_684' title='bbox 2465 4327 2743 4397; x_wconf 90' lang='lat' dir='ltr'><strong>temporis,</strong></span> <span class='ocrx_word' id='word_1_685' title='bbox 2772 4337 2894 4383; x_wconf 88' lang='lat' dir='ltr'><strong>ante</strong></span> <span class='ocrx_word' id='word_1_686' title='bbox 2923 4343 3009 4381; x_wconf 89' lang='lat' dir='ltr'><strong>me</strong></span> <span class='ocrx_word' id='word_1_687' title='bbox 3034 4336 3210 4388; x_wconf 83' lang='lat' dir='ltr'><strong>autem</strong></span> <span class='ocrx_word' id='word_1_688' title='bbox 3242 4336 3459 4397; x_wconf 78' lang='lat' dir='ltr'><strong>propter</strong></span> <span class='ocrx_word' id='word_1_689' title='bbox 3490 4327 3638 4382; x_wconf 83' lang='lat' dir='ltr'><strong>inac-</strong></span> 
     </span>
    </p>
   </div>
   <div class='ocr_carea' id='block_1_92' title="bbox 402 4413 1972 4492">
    <p class='ocr_par' dir='ltr' id='par_1_92' title="bbox 402 4413 1968 4491">
     <span class='ocr_line' id='line_1_92' title="bbox 402 4413 1968 4491; baseline -0.007 -11"><span class='ocrx_word' id='word_1_690' title='bbox 402 4417 745 4488; x_wconf 68' lang='grc' dir='ltr'>ἰπχυρότερός</span> <span class='ocrx_word' id='word_1_691' title='bbox 781 4435 902 4487; x_wconf 86' lang='grc' dir='ltr'>μου,</span> <span class='ocrx_word' id='word_1_692' title='bbox 929 4413 988 4472; x_wconf 81' lang='grc' dir='ltr'><strong>οῦ</strong></span> <span class='ocrx_word' id='word_1_693' title='bbox 1018 4419 1116 4471; x_wconf 74' lang='grc' dir='ltr'>οὐκ</span> <span class='ocrx_word' id='word_1_694' title='bbox 1158 4419 1272 4490; x_wconf 84' lang='grc' dir='ltr'><strong>εἰμί</strong></span> <span class='ocrx_word' id='word_1_695' title='bbox 1309 4421 1488 4483; x_wconf 83' lang='grc' dir='ltr'>ἱκανὸς</span> <span class='ocrx_word' id='word_1_696' title='bbox 1534 4420 1600 4472; x_wconf 66' lang='grc' dir='ltr'><strong>τά</strong></span> <span class='ocrx_word' id='word_1_697' title='bbox 1647 4421 1968 4491; x_wconf 77' lang='grc' dir='ltr'>ὑποδήματα</span> 
     </span>
    </p>
   </div>
   <div class='ocr_carea' id='block_1_93' title="bbox 2076 4413 3637 4492">
    <p class='ocr_par' dir='ltr' id='par_1_93' title="bbox 2076 4418 3637 4476">
     <span class='ocr_line' id='line_1_93' title="bbox 2076 4418 3637 4476; baseline -0.002 -1"><span class='ocrx_word' id='word_1_698' title='bbox 2076 4435 2285 4475; x_wconf 87' lang='lat' dir='ltr'><strong>cessum</strong></span> <span class='ocrx_word' id='word_1_699' title='bbox 2335 4429 2389 4476; x_wconf 89' lang='lat' dir='ltr'><strong>et</strong></span> <span class='ocrx_word' id='word_1_700' title='bbox 2435 4419 2796 4475; x_wconf 86' lang='lat' dir='ltr'><strong>inenarrabile</strong></span> <span class='ocrx_word' id='word_1_701' title='bbox 2842 4420 3021 4473; x_wconf 89' lang='lat' dir='ltr'><strong>lumen</strong></span> <span class='ocrx_word' id='word_1_702' title='bbox 3070 4419 3387 4473; x_wconf 88' lang='lat' dir='ltr'><strong>divinitatis.</strong></span> <span class='ocrx_word' id='word_1_703' title='bbox 3428 4439 3448 4470; x_wconf 77' lang='grc' dir='ltr'><strong>ι</strong></span> <span class='ocrx_word' id='word_1_704' title='bbox 3481 4418 3637 4472; x_wconf 72' lang='lat' dir='ltr'><strong>Venit</strong></span> 
     </span>
    </p>
   </div>
   <div class='ocr_carea' id='block_1_94' title="bbox 401 4508 1966 4584">
    <p class='ocr_par' dir='ltr' id='par_1_94' title="bbox 401 4508 1966 4584">
     <span class='ocr_line' id='line_1_94' title="bbox 401 4508 1966 4584; baseline 0.002 -23"><span class='ocrx_word' id='word_1_705' title='bbox 401 4508 686 4578; x_wconf 78' lang='grc' dir='ltr'>βαστάσαι,</span> <span class='ocrx_word' id='word_1_706' title='bbox 724 4510 883 4574; x_wconf 73' lang='grc' dir='ltr'>αὐτὸς</span> <span class='ocrx_word' id='word_1_707' title='bbox 933 4512 1076 4582; x_wconf 81' lang='grc' dir='ltr'>ὑμᾶς</span> <span class='ocrx_word' id='word_1_708' title='bbox 1123 4511 1371 4581; x_wconf 79' lang='grc' dir='ltr'>βαπτίσει</span> <span class='ocrx_word' id='word_1_709' title='bbox 1410 4514 1465 4565; x_wconf 82' lang='grc' dir='ltr'>ἐν</span> <span class='ocrx_word' id='word_1_710' title='bbox 1511 4511 1784 4583; x_wconf 75' lang='grc' dir='ltr'>Πνεῦματι</span> <span class='ocrx_word' id='word_1_711' title='bbox 1828 4513 1966 4584; x_wconf 78' lang='grc' dir='ltr'>ἁγίῳ</span> 
     </span>
    </p>
   </div>
   <div class='ocr_carea' id='block_1_95' title="bbox 399 4601 1962 4674">
    <p class='ocr_par' dir='ltr' id='par_1_95' title="bbox 399 4601 1962 4674">
     <span class='ocr_line' id='line_1_95' title="bbox 399 4601 1962 4674; baseline 0.001 -18"><span class='ocrx_word' id='word_1_712' title='bbox 399 4602 494 4658; x_wconf 73' lang='grc' dir='ltr'>καὶ</span> <span class='ocrx_word' id='word_1_713' title='bbox 544 4603 694 4674; x_wconf 84' lang='grc' dir='ltr'>πυρί.</span> <span class='ocrx_word' id='word_1_714' title='bbox 720 4622 738 4654; x_wconf 74' lang='grc' dir='ltr'><strong>ι</strong></span> <span class='ocrx_word' id='word_1_715' title='bbox 760 4601 899 4672; x_wconf 83' lang='grc' dir='ltr'><strong>Ἐγὼ</strong></span> <span class='ocrx_word' id='word_1_716' title='bbox 933 4603 1266 4669; x_wconf 70' lang='grc' dir='ltr'>ὑπεξούσιος,</span> <span class='ocrx_word' id='word_1_717' title='bbox 1299 4604 1455 4668; x_wconf 77' lang='grc' dir='ltr'>αὐτὸς</span> <span class='ocrx_word' id='word_1_718' title='bbox 1503 4603 1560 4656; x_wconf 77' lang='grc' dir='ltr'>δὲ</span> <span class='ocrx_word' id='word_1_719' title='bbox 1607 4603 1962 4668; x_wconf 76' lang='grc' dir='ltr'>αὐτεξούσιος.</span> 
     </span>
    </p>
   </div>
   <div class='ocr_carea' id='block_1_96' title="bbox 411 4691 1965 4766">
    <p class='ocr_par' dir='ltr' id='par_1_96' title="bbox 411 4691 1965 4766">
     <span class='ocr_line' id='line_1_96' title="bbox 411 4691 1965 4766; baseline 0.001 -21"><span class='ocrx_word' id='word_1_720' title='bbox 411 4691 549 4760; x_wconf 82' lang='grc' dir='ltr'>Ἐγὼ</span> <span class='ocrx_word' id='word_1_721' title='bbox 576 4694 862 4766; x_wconf 81' lang='grc' dir='ltr'>ἁμαρτιῶν.</span> <span class='ocrx_word' id='word_1_722' title='bbox 888 4694 1085 4765; x_wconf 73' lang='grc' dir='ltr'>ἔνοχος,</span> <span class='ocrx_word' id='word_1_723' title='bbox 1123 4694 1283 4758; x_wconf 76' lang='grc' dir='ltr'>αὐτὸς</span> <span class='ocrx_word' id='word_1_724' title='bbox 1328 4694 1384 4746; x_wconf 80' lang='grc' dir='ltr'>δὲ</span> <span class='ocrx_word' id='word_1_725' title='bbox 1429 4695 1706 4766; x_wconf 87' lang='grc' dir='ltr'>ἁμαρτιῶν</span> <span class='ocrx_word' id='word_1_726' title='bbox 1740 4695 1965 4766; x_wconf 84' lang='grc' dir='ltr'>ἀφαιρέ-</span> 
     </span>
    </p>
   </div>
   <div class='ocr_carea' id='block_1_97' title="bbox 396 4785 1965 4862">
    <p class='ocr_par' dir='ltr' id='par_1_97' title="bbox 396 4785 1965 4862">
     <span class='ocr_line' id='line_1_97' title="bbox 396 4785 1965 4862; baseline 0.018 -28"><span class='ocrx_word' id='word_1_727' title='bbox 396 4804 518 4856; x_wconf 78' lang='grc' dir='ltr'>της.</span> <span class='ocrx_word' id='word_1_728' title='bbox 535 4787 673 4856; x_wconf 81' lang='grc' dir='ltr'><strong>Ἐγὼ</strong></span> <span class='ocrx_word' id='word_1_729' title='bbox 704 4789 796 4841; x_wconf 76' lang='grc' dir='ltr'><strong>τὸν</strong></span> <span class='ocrx_word' id='word_1_730' title='bbox 843 4788 1002 4860; x_wconf 82' lang='grc' dir='ltr'>νόμον</span> <span class='ocrx_word' id='word_1_731' title='bbox 1048 4785 1336 4859; x_wconf 47' lang='grc' dir='ltr'>παράπτωᾈ</span> <span class='ocrx_word' id='word_1_732' title='bbox 1367 4789 1527 4852; x_wconf 67' lang='grc' dir='ltr'><strong>αὑτδῖ</strong></span> <span class='ocrx_word' id='word_1_733' title='bbox 1575 4789 1630 4841; x_wconf 71' lang='grc' dir='ltr'><strong>δὲ</strong></span> <span class='ocrx_word' id='word_1_734' title='bbox 1672 4789 1768 4862; x_wconf 66' lang='grc' dir='ltr'><strong>τὴν</strong></span> <span class='ocrx_word' id='word_1_735' title='bbox 1810 4790 1965 4860; x_wconf 61' lang='grc' dir='ltr'>Χάριν</span> 
     </span>
    </p>
   </div>
   <div class='ocr_carea' id='block_1_98' title="bbox 398 4879 1967 4950">
    <p class='ocr_par' dir='ltr' id='par_1_98' title="bbox 398 4879 1967 4950">
     <span class='ocr_line' id='line_1_98' title="bbox 398 4879 1967 4950; baseline -0.002 -15"><span class='ocrx_word' id='word_1_736' title='bbox 398 4879 895 4948; x_wconf 71' lang='grc' dir='ltr'>φωταγωγεί.Ἑγὼ</span> <span class='ocrx_word' id='word_1_737' title='bbox 939 4880 1013 4943; x_wconf 82' lang='grc' dir='ltr'>ὡς</span> <span class='ocrx_word' id='word_1_738' title='bbox 1067 4881 1248 4940; x_wconf 76' lang='grc' dir='ltr'>δοῦλος</span> <span class='ocrx_word' id='word_1_739' title='bbox 1294 4881 1560 4950; x_wconf 78' lang='grc' dir='ltr'>κατηχῶν,</span> <span class='ocrx_word' id='word_1_740' title='bbox 1590 4881 1749 4945; x_wconf 74' lang='grc' dir='ltr'>αὐτὸς</span> <span class='ocrx_word' id='word_1_741' title='bbox 1795 4881 1850 4933; x_wconf 80' lang='grc' dir='ltr'>δὲ</span> <span class='ocrx_word' id='word_1_742' title='bbox 1892 4881 1967 4944; x_wconf 82' lang='grc' dir='ltr'>ὡς</span> 
     </span>
    </p>
   </div>
   <div class='ocr_carea' id='block_1_99' title="bbox 408 4970 1966 5044">
    <p class='ocr_par' dir='ltr' id='par_1_99' title="bbox 408 4970 1966 5044">
     <span class='ocr_line' id='line_1_99' title="bbox 408 4970 1966 5044; baseline 0.002 -22"><span class='ocrx_word' id='word_1_743' title='bbox 408 4970 670 5043; x_wconf 69' lang='grc' dir='ltr'>δεσπότης</span> <span class='ocrx_word' id='word_1_744' title='bbox 698 4972 914 5044; x_wconf 87' lang='grc' dir='ltr'>κρίνων.</span> <span class='ocrx_word' id='word_1_745' title='bbox 932 4971 1071 5041; x_wconf 81' lang='grc' dir='ltr'>Ἐγὼ</span> <span class='ocrx_word' id='word_1_746' title='bbox 1111 4973 1170 5025; x_wconf 82' lang='grc' dir='ltr'>τὸ</span> <span class='ocrx_word' id='word_1_747' title='bbox 1202 4973 1394 5043; x_wconf 78' lang='grc' dir='ltr'>ἔδαφος</span> <span class='ocrx_word' id='word_1_748' title='bbox 1438 4973 1622 5043; x_wconf 78' lang='grc' dir='ltr'>κλίνην</span> <span class='ocrx_word' id='word_1_749' title='bbox 1651 4973 1775 5044; x_wconf 77' lang='grc' dir='ltr'>ἔχω,</span> <span class='ocrx_word' id='word_1_750' title='bbox 1805 4974 1966 5038; x_wconf 68' lang='grc' dir='ltr'>αὐτὸς</span> 
     </span>
    </p>
   </div>
   <div class='ocr_carea' id='block_1_100' title="bbox 393 5064 1974 5138">
    <p class='ocr_par' dir='ltr' id='par_1_100' title="bbox 393 5064 1974 5138">
     <span class='ocr_line' id='line_1_100' title="bbox 393 5064 1974 5138; baseline 0.001 -21"><span class='ocrx_word' id='word_1_751' title='bbox 393 5064 484 5118; x_wconf 73' lang='grc' dir='ltr'>τὸν</span> <span class='ocrx_word' id='word_1_752' title='bbox 509 5064 733 5138; x_wconf 73' lang='grc' dir='ltr'>οὐρανὸν</span> <span class='ocrx_word' id='word_1_753' title='bbox 763 5065 894 5137; x_wconf 77' lang='grc' dir='ltr'>ἔχει.</span> <span class='ocrx_word' id='word_1_754' title='bbox 915 5065 1052 5134; x_wconf 85' lang='grc' dir='ltr'><strong>Ἐγὼ</strong></span> <span class='ocrx_word' id='word_1_755' title='bbox 1080 5066 1361 5137; x_wconf 82' lang='grc' dir='ltr'>μετανοίας</span> <span class='ocrx_word' id='word_1_756' title='bbox 1394 5065 1635 5136; x_wconf 78' lang='grc' dir='ltr'>βαπτίζω</span> <span class='ocrx_word' id='word_1_757' title='bbox 1661 5066 1974 5138; x_wconf 74' lang='grc' dir='ltr'>βάπτισμα,</span> 
     </span>
    </p>
   </div>
   <div class='ocr_carea' id='block_1_101' title="bbox 467 5221 1972 5289">
    <p class='ocr_par' dir='ltr' id='par_1_101' title="bbox 467 5224 1971 5289">
     <span class='ocr_line' id='line_1_101' title="bbox 467 5224 1971 5289; baseline 0 -8"><span class='ocrx_word' id='word_1_758' title='bbox 467 5227 511 5259; x_wconf 86' lang='grc'><strong>⁹⁰</strong></span> <span class='ocrx_word' id='word_1_759' title='bbox 549 5225 686 5281; x_wconf 84' lang='lat' dir='ltr'><strong>Osee</strong></span> <span class='ocrx_word' id='word_1_760' title='bbox 717 5241 792 5289; x_wconf 88' lang='lat' dir='ltr'><strong>vt,</strong></span> <span class='ocrx_word' id='word_1_761' title='bbox 825 5226 878 5280; x_wconf 80' lang='grc'>5.</span> <span class='ocrx_word' id='word_1_762' title='bbox 951 5224 993 5255; x_wconf 84' lang='grc'><strong>⁹¹</strong></span> <span class='ocrx_word' id='word_1_763' title='bbox 1034 5225 1190 5279; x_wconf 90' lang='lat' dir='ltr'><strong>.loan.</strong></span> <span class='ocrx_word' id='word_1_764' title='bbox 1228 5241 1299 5289; x_wconf 85' lang='lat' dir='ltr'><strong>tv,</strong></span> <span class='ocrx_word' id='word_1_765' title='bbox 1335 5225 1418 5279; x_wconf 74' lang='grc' dir='ltr'>Μ.</span> <span class='ocrx_word' id='word_1_766' title='bbox 1494 5227 1538 5257; x_wconf 77' lang='grc'><strong>⁹⁹</strong></span> <span class='ocrx_word' id='word_1_767' title='bbox 1576 5225 1730 5279; x_wconf 85' lang='lat' dir='ltr'><strong>.loan.</strong></span> <span class='ocrx_word' id='word_1_768' title='bbox 1760 5241 1852 5284; x_wconf 87' lang='lat' dir='ltr'><strong>vtt.</strong></span> <span class='ocrx_word' id='word_1_769' title='bbox 1883 5224 1971 5281; x_wconf 82' lang='lat'><strong>&#39;58.</strong></span> 
     </span>
    </p>
   </div>
   <div class='ocr_carea' id='block_1_102' title="bbox 2076 5221 3092 5289">
    <p class='ocr_par' dir='ltr' id='par_1_102' title="bbox 2076 5221 3092 5285">
     <span class='ocr_line' id='line_1_102' title="bbox 2076 5221 3092 5285; baseline -0.008 -5"><span class='ocrx_word' id='word_1_770' title='bbox 2076 5225 2094 5259; x_wconf 87' lang='grc'><strong><em>³</em></strong></span> <span class='ocrx_word' id='word_1_771' title='bbox 2131 5224 2318 5280; x_wconf 85' lang='lat' dir='ltr'><strong>Matth.</strong></span> <span class='ocrx_word' id='word_1_772' title='bbox 2349 5239 2429 5285; x_wconf 85' lang='grc' dir='ltr'>ιιι,</span> <span class='ocrx_word' id='word_1_773' title='bbox 2466 5223 2553 5278; x_wconf 73' lang='grc'><strong>15.</strong></span> <span class='ocrx_word' id='word_1_774' title='bbox 2627 5222 2676 5254; x_wconf 73' lang='grc'><strong>⁸⁸</strong></span> <span class='ocrx_word' id='word_1_775' title='bbox 2713 5221 2856 5276; x_wconf 88' lang='lat' dir='ltr'><strong>Psal.</strong></span> <span class='ocrx_word' id='word_1_776' title='bbox 2888 5236 3010 5285; x_wconf 68' lang='grc' dir='ltr'>ην,</span> <span class='ocrx_word' id='word_1_777' title='bbox 3041 5221 3092 5273; x_wconf 77' lang='lat'><strong>5.</strong></span> 
     </span>
    </p>
   </div>
   <div class='ocr_carea' id='block_1_103' title="bbox 2072 4510 3637 4582">
    <p class='ocr_par' dir='ltr' id='par_1_103' title="bbox 2072 4510 3637 4582">
     <span class='ocr_line' id='line_1_103' title="bbox 2072 4510 3637 4582; baseline -0.001 -17"><span class='ocrx_word' id='word_1_778' title='bbox 2072 4510 2264 4569; x_wconf 79' lang='lat' dir='ltr'><strong>fortior</strong></span> <span class='ocrx_word' id='word_1_779' title='bbox 2294 4528 2400 4577; x_wconf 90' lang='lat' dir='ltr'><strong>nte,</strong></span> <span class='ocrx_word' id='word_1_780' title='bbox 2431 4513 2587 4580; x_wconf 84' lang='lat' dir='ltr'><strong>cujus</strong></span> <span class='ocrx_word' id='word_1_781' title='bbox 2627 4527 2727 4582; x_wconf 83' lang='lat' dir='ltr'><strong>ego</strong></span> <span class='ocrx_word' id='word_1_782' title='bbox 2766 4525 2872 4565; x_wconf 86' lang='lat' dir='ltr'><strong>non</strong></span> <span class='ocrx_word' id='word_1_783' title='bbox 2905 4527 3024 4564; x_wconf 92' lang='lat' dir='ltr'><strong>sum</strong></span> <span class='ocrx_word' id='word_1_784' title='bbox 3057 4511 3253 4580; x_wconf 87' lang='lat' dir='ltr'><strong>dignus</strong></span> <span class='ocrx_word' id='word_1_785' title='bbox 3283 4521 3497 4579; x_wconf 85' lang='lat' dir='ltr'><strong>portare</strong></span> <span class='ocrx_word' id='word_1_786' title='bbox 3526 4511 3637 4564; x_wconf 83' lang='lat' dir='ltr'><strong>cal-</strong></span> 
     </span>
    </p>
   </div>
   <div class='ocr_carea' id='block_1_104' title="bbox 2071 4599 3637 4670">
    <p class='ocr_par' dir='ltr' id='par_1_104' title="bbox 2071 4599 3637 4670">
     <span class='ocr_line' id='line_1_104' title="bbox 2071 4599 3637 4670; baseline -0.002 -14"><span class='ocrx_word' id='word_1_787' title='bbox 2071 4610 2380 4666; x_wconf 89' lang='lat' dir='ltr'><strong>ceamenta;</strong></span> <span class='ocrx_word' id='word_1_788' title='bbox 2435 4602 2546 4670; x_wconf 90' lang='lat' dir='ltr'><strong>ipse</strong></span> <span class='ocrx_word' id='word_1_789' title='bbox 2593 4616 2689 4655; x_wconf 88' lang='lat' dir='ltr'><strong>vos</strong></span> <span class='ocrx_word' id='word_1_790' title='bbox 2727 4601 3017 4669; x_wconf 86' lang='lat' dir='ltr'><strong>baptizabit</strong></span> <span class='ocrx_word' id='word_1_791' title='bbox 3050 4601 3102 4654; x_wconf 91' lang='lat' dir='ltr'><strong>in</strong></span> <span class='ocrx_word' id='word_1_792' title='bbox 3135 4599 3338 4670; x_wconf 85' lang='lat' dir='ltr'><strong>Spiritu</strong></span> <span class='ocrx_word' id='word_1_793' title='bbox 3370 4610 3558 4656; x_wconf 82' lang='lat' dir='ltr'><strong>saneto</strong></span> <span class='ocrx_word' id='word_1_794' title='bbox 3584 4609 3637 4653; x_wconf 89' lang='lat' dir='ltr'><strong>et</strong></span> 
     </span>
    </p>
   </div>
   <div class='ocr_carea' id='block_1_105' title="bbox 2071 4691 3639 4763">
    <p class='ocr_par' dir='ltr' id='par_1_105' title="bbox 2071 4691 3639 4763">
     <span class='ocr_line' id='line_1_105' title="bbox 2071 4691 3639 4763; baseline -0.002 -17"><span class='ocrx_word' id='word_1_795' title='bbox 2071 4691 2193 4763; x_wconf 84' lang='lat' dir='ltr'><strong>igne</strong></span> <span class='ocrx_word' id='word_1_796' title='bbox 2214 4693 2254 4745; x_wconf 65' lang='lat'><strong>‘.</strong></span> <span class='ocrx_word' id='word_1_797' title='bbox 2291 4711 2309 4744; x_wconf 72' lang='grc' dir='ltr'><strong>ι</strong></span> <span class='ocrx_word' id='word_1_798' title='bbox 2360 4691 2470 4761; x_wconf 85' lang='lat' dir='ltr'><strong>Ego</strong></span> <span class='ocrx_word' id='word_1_799' title='bbox 2510 4693 2761 4762; x_wconf 86' lang='lat' dir='ltr'><strong>potestati</strong></span> <span class='ocrx_word' id='word_1_800' title='bbox 2798 4692 3088 4758; x_wconf 80' lang='lat' dir='ltr'><strong>obnoxius,</strong></span> <span class='ocrx_word' id='word_1_801' title='bbox 3125 4691 3237 4760; x_wconf 89' lang='lat' dir='ltr'><strong>ipse</strong></span> <span class='ocrx_word' id='word_1_802' title='bbox 3265 4708 3358 4760; x_wconf 86' lang='lat' dir='ltr'><strong>per</strong></span> <span class='ocrx_word' id='word_1_803' title='bbox 3401 4707 3459 4745; x_wconf 91' lang='lat' dir='ltr'><strong>se</strong></span> <span class='ocrx_word' id='word_1_804' title='bbox 3496 4701 3639 4759; x_wconf 85' lang='lat' dir='ltr'><strong>pote-</strong></span> 
     </span>
    </p>
   </div>
   <div class='ocr_carea' id='block_1_106' title="bbox 2071 4781 3635 4854">
    <p class='ocr_par' dir='ltr' id='par_1_106' title="bbox 2071 4781 3635 4854">
     <span class='ocr_line' id='line_1_106' title="bbox 2071 4781 3635 4854; baseline -0.004 -14"><span class='ocrx_word' id='word_1_805' title='bbox 2071 4795 2263 4840; x_wconf 87' lang='lat' dir='ltr'><strong>statem</strong></span> <span class='ocrx_word' id='word_1_806' title='bbox 2309 4785 2532 4838; x_wconf 89' lang='lat' dir='ltr'><strong>habens.</strong></span> <span class='ocrx_word' id='word_1_807' title='bbox 2564 4782 2674 4854; x_wconf 88' lang='lat' dir='ltr'><strong>Ego</strong></span> <span class='ocrx_word' id='word_1_808' title='bbox 2704 4795 3045 4853; x_wconf 86' lang='lat' dir='ltr'><strong>peccatorum</strong></span> <span class='ocrx_word' id='word_1_809' title='bbox 3081 4799 3226 4846; x_wconf 89' lang='lat' dir='ltr'><strong>reus,</strong></span> <span class='ocrx_word' id='word_1_810' title='bbox 3271 4783 3387 4853; x_wconf 90' lang='lat' dir='ltr'><strong>ipse</strong></span> <span class='ocrx_word' id='word_1_811' title='bbox 3423 4791 3505 4836; x_wconf 88' lang='lat' dir='ltr'><strong>est</strong></span> <span class='ocrx_word' id='word_1_812' title='bbox 3541 4781 3635 4850; x_wconf 86' lang='lat' dir='ltr'><strong>qui</strong></span> 
     </span>
    </p>
   </div>
   <div class='ocr_carea' id='block_1_107' title="bbox 2071 4871 3636 4946">
    <p class='ocr_par' dir='ltr' id='par_1_107' title="bbox 2071 4871 3636 4946">
     <span class='ocr_line' id='line_1_107' title="bbox 2071 4871 3636 4946; baseline -0.004 -17"><span class='ocrx_word' id='word_1_813' title='bbox 2071 4874 2247 4930; x_wconf 81' lang='lat' dir='ltr'><strong>aufert</strong></span> <span class='ocrx_word' id='word_1_814' title='bbox 2273 4873 2661 4946; x_wconf 81' lang='lat' dir='ltr'><strong>peceata&#39;.Ego</strong></span> <span class='ocrx_word' id='word_1_815' title='bbox 2693 4875 2860 4943; x_wconf 79' lang='lat' dir='ltr'><strong>legem</strong></span> <span class='ocrx_word' id='word_1_816' title='bbox 2892 4874 3126 4932; x_wconf 82' lang='lat' dir='ltr'><strong>ineuleo.</strong></span> <span class='ocrx_word' id='word_1_817' title='bbox 3193 4873 3282 4924; x_wconf 88' lang='lat' dir='ltr'><strong>ille</strong></span> <span class='ocrx_word' id='word_1_818' title='bbox 3329 4872 3512 4940; x_wconf 70' lang='lat' dir='ltr'><strong>gratie</strong></span> <span class='ocrx_word' id='word_1_819' title='bbox 3551 4871 3636 4923; x_wconf 89' lang='lat' dir='ltr'><strong>Iu-</strong></span> 
     </span>
    </p>
   </div>
   <div class='ocr_carea' id='block_1_108' title="bbox 2066 4962 3634 5037">
    <p class='ocr_par' dir='ltr' id='par_1_108' title="bbox 2066 4962 3634 5037">
     <span class='ocr_line' id='line_1_108' title="bbox 2066 4962 3634 5037; baseline -0.006 -14"><span class='ocrx_word' id='word_1_820' title='bbox 2066 4981 2186 5024; x_wconf 89' lang='lat' dir='ltr'><strong>cem</strong></span> <span class='ocrx_word' id='word_1_821' title='bbox 2235 4965 2469 5037; x_wconf 57' lang='lat' dir='ltr'><strong>prafert.</strong></span> <span class='ocrx_word' id='word_1_822' title='bbox 2501 4964 2612 5036; x_wconf 84' lang='lat' dir='ltr'><strong>Ego</strong></span> <span class='ocrx_word' id='word_1_823' title='bbox 2641 4974 2700 5020; x_wconf 92' lang='lat' dir='ltr'><strong>ut</strong></span> <span class='ocrx_word' id='word_1_824' title='bbox 2728 4981 2917 5020; x_wconf 91' lang='lat' dir='ltr'><strong>servus</strong></span> <span class='ocrx_word' id='word_1_825' title='bbox 2949 4965 3192 5022; x_wconf 89' lang='lat' dir='ltr'><strong>instituo.</strong></span> <span class='ocrx_word' id='word_1_826' title='bbox 3227 4963 3312 5016; x_wconf 81' lang='lat' dir='ltr'><strong>ille</strong></span> <span class='ocrx_word' id='word_1_827' title='bbox 3343 4962 3548 5030; x_wconf 83' lang='lat' dir='ltr'><strong>judteat</strong></span> <span class='ocrx_word' id='word_1_828' title='bbox 3577 4970 3634 5015; x_wconf 90' lang='grc' dir='ltr'><strong>ιιι</strong></span> 
     </span>
    </p>
   </div>
   <div class='ocr_carea' id='block_1_109' title="bbox 2075 5057 3628 5128">
    <p class='ocr_par' dir='ltr' id='par_1_109' title="bbox 2075 5057 3628 5128">
     <span class='ocr_line' id='line_1_109' title="bbox 2075 5057 3628 5128; baseline -0.005 -9"><span class='ocrx_word' id='word_1_829' title='bbox 2075 5062 2349 5119; x_wconf 88' lang='lat' dir='ltr'><strong>dominus.</strong></span> <span class='ocrx_word' id='word_1_830' title='bbox 2378 5059 2505 5114; x_wconf 82' lang='lat' dir='ltr'><strong>Mihi</strong></span> <span class='ocrx_word' id='word_1_831' title='bbox 2538 5059 2711 5115; x_wconf 91' lang='lat' dir='ltr'><strong>solum</strong></span> <span class='ocrx_word' id='word_1_832' title='bbox 2751 5061 2923 5114; x_wconf 90' lang='lat' dir='ltr'><strong>lectus</strong></span> <span class='ocrx_word' id='word_1_833' title='bbox 2953 5067 3053 5123; x_wconf 88' lang='lat' dir='ltr'><strong>est,</strong></span> <span class='ocrx_word' id='word_1_834' title='bbox 3089 5057 3200 5128; x_wconf 88' lang='lat' dir='ltr'><strong>ipse</strong></span> <span class='ocrx_word' id='word_1_835' title='bbox 3239 5057 3434 5111; x_wconf 73' lang='lat' dir='ltr'><strong>emtum</strong></span> <span class='ocrx_word' id='word_1_836' title='bbox 3467 5064 3628 5111; x_wconf 83' lang='lat' dir='ltr'><strong>tenet.</strong></span> 
     </span>
    </p>
   </div>
   <div class='ocr_carea' id='block_1_110' title="bbox 3179 5218 3626 5285">
    <p class='ocr_par' dir='ltr' id='par_1_110' title="bbox 3179 5218 3626 5285">
     <span class='ocr_line' id='line_1_110' title="bbox 3179 5218 3626 5285; baseline 0.009 -15"><span class='ocrx_word' id='word_1_837' title='bbox 3179 5219 3224 5251; x_wconf 80' lang='lat'>”</span> <span class='ocrx_word' id='word_1_838' title='bbox 3266 5218 3406 5272; x_wconf 84' lang='lat' dir='ltr'><strong>Psal.</strong></span> <span class='ocrx_word' id='word_1_839' title='bbox 3441 5235 3626 5285; x_wconf 74' lang='lat' dir='ltr'><strong>uxvr,</strong></span> 
     </span>
    </p>
   </div>
   <div class='ocr_carea' id='block_1_111' title="bbox 398 5289 1972 5366">
    <p class='ocr_par' dir='ltr' id='par_1_111' title="bbox 398 5295 1959 5366">
     <span class='ocr_line' id='line_1_111' title="bbox 398 5295 1959 5366; baseline 0.001 -16"><span class='ocrx_word' id='word_1_840' title='bbox 398 5298 484 5351; x_wconf 86' lang='lat' dir='ltr'><strong>l7.</strong></span> <span class='ocrx_word' id='word_1_841' title='bbox 559 5300 604 5330; x_wconf 80' lang='lat'>&quot;</span> <span class='ocrx_word' id='word_1_842' title='bbox 642 5296 786 5351; x_wconf 81' lang='lat' dir='ltr'><strong>Psal.</strong></span> <span class='ocrx_word' id='word_1_843' title='bbox 819 5311 973 5354; x_wconf 73' lang='grc' dir='ltr'>ειμι.</span> <span class='ocrx_word' id='word_1_844' title='bbox 1004 5298 1054 5351; x_wconf 76' lang='grc'>5.</span> <span class='ocrx_word' id='word_1_845' title='bbox 1131 5299 1174 5329; x_wconf 70' lang='grc'><strong>⁸⁷</strong></span> <span class='ocrx_word' id='word_1_846' title='bbox 1215 5295 1442 5366; x_wconf 89' lang='lat' dir='ltr'><strong>Philipp.</strong></span> <span class='ocrx_word' id='word_1_847' title='bbox 1475 5312 1533 5358; x_wconf 88' lang='lat' dir='ltr'><strong>tt,</strong></span> <span class='ocrx_word' id='word_1_848' title='bbox 1564 5297 1614 5350; x_wconf 86' lang='lat'><strong>7.</strong></span> <span class='ocrx_word' id='word_1_849' title='bbox 1689 5296 1734 5327; x_wconf 81' lang='grc'><strong>⁸³</strong></span> <span class='ocrx_word' id='word_1_850' title='bbox 1759 5295 1959 5366; x_wconf 78' lang='lat' dir='ltr'><strong>Matth.</strong></span> 
     </span>
    </p>
   </div>
   <div class='ocr_carea' id='block_1_112' title="bbox 2076 5289 3629 5366">
    <p class='ocr_par' dir='ltr' id='par_1_112' title="bbox 2110 5289 3629 5360">
     <span class='ocr_line' id='line_1_112' title="bbox 2110 5289 3629 5360; baseline -0.001 -12"><span class='ocrx_word' id='word_1_851' title='bbox 2110 5295 2161 5352; x_wconf 88' lang='lat'><strong>7.</strong></span> <span class='ocrx_word' id='word_1_852' title='bbox 2236 5297 2279 5329; x_wconf 74' lang='grc'><strong>⁸⁸</strong></span> <span class='ocrx_word' id='word_1_853' title='bbox 2304 5293 2461 5350; x_wconf 78' lang='lat' dir='ltr'><strong>Joan.</strong></span> <span class='ocrx_word' id='word_1_854' title='bbox 2501 5311 2539 5360; x_wconf 87' lang='grc' dir='ltr'><strong>ι,</strong></span> <span class='ocrx_word' id='word_1_855' title='bbox 2576 5291 2667 5350; x_wconf 71' lang='lat'><strong>20.</strong></span> <span class='ocrx_word' id='word_1_856' title='bbox 2742 5295 2759 5324; x_wconf 70' lang='grc' dir='ltr'><strong>ί</strong></span> <span class='ocrx_word' id='word_1_857' title='bbox 2787 5292 2919 5349; x_wconf 85' lang='lat' dir='ltr'><strong>Luc.</strong></span> <span class='ocrx_word' id='word_1_858' title='bbox 2954 5309 2992 5357; x_wconf 87' lang='lat' dir='ltr'><strong>I,</strong></span> <span class='ocrx_word' id='word_1_859' title='bbox 3030 5290 3116 5345; x_wconf 66' lang='grc' dir='ltr'><strong>ΞΟ.</strong></span> <span class='ocrx_word' id='word_1_860' title='bbox 3193 5291 3213 5320; x_wconf 88' lang='grc'><strong><em>²</em></strong></span> <span class='ocrx_word' id='word_1_861' title='bbox 3252 5289 3442 5346; x_wconf 76' lang='lat' dir='ltr'><strong>Matth.</strong></span> <span class='ocrx_word' id='word_1_862' title='bbox 3477 5307 3535 5358; x_wconf 86' lang='lat' dir='ltr'><strong>tt,</strong></span> <span class='ocrx_word' id='word_1_863' title='bbox 3573 5291 3629 5349; x_wconf 86' lang='lat'><strong>9.</strong></span> 
     </span>
    </p>
   </div>
   <div class='ocr_carea' id='block_1_113' title="bbox 394 5365 1835 5433">
    <p class='ocr_par' dir='ltr' id='par_1_113' title="bbox 394 5365 1835 5433">
     <span class='ocr_line' id='line_1_113' title="bbox 394 5365 1835 5433; baseline -0.002 -10"><span class='ocrx_word' id='word_1_864' title='bbox 394 5369 416 5400; x_wconf 85' lang='grc'><strong><em>³</em></strong></span> <span class='ocrx_word' id='word_1_865' title='bbox 452 5367 607 5423; x_wconf 82' lang='lat' dir='ltr'><strong>Joan.</strong></span> <span class='ocrx_word' id='word_1_866' title='bbox 653 5384 690 5433; x_wconf 88' lang='lat' dir='ltr'><strong>t,</strong></span> <span class='ocrx_word' id='word_1_867' title='bbox 719 5368 805 5420; x_wconf 72' lang='lat'><strong>27.</strong></span> <span class='ocrx_word' id='word_1_868' title='bbox 883 5367 905 5398; x_wconf 73' lang='grc'><strong>⁸</strong></span> <span class='ocrx_word' id='word_1_869' title='bbox 943 5367 1130 5421; x_wconf 76' lang='lat' dir='ltr'><strong>Matth.</strong></span> <span class='ocrx_word' id='word_1_870' title='bbox 1161 5383 1240 5432; x_wconf 88' lang='grc' dir='ltr'>ιιι,</span> <span class='ocrx_word' id='word_1_871' title='bbox 1275 5367 1361 5419; x_wconf 82' lang='grc' dir='ltr'>Η.</span> <span class='ocrx_word' id='word_1_872' title='bbox 1395 5365 1399 5366; x_wconf 56' lang='grc'><strong><em>⁷</em></strong></span> <span class='ocrx_word' id='word_1_873' title='bbox 1435 5366 1456 5398; x_wconf 89' lang='grc'><strong><em>³</em></strong></span> <span class='ocrx_word' id='word_1_874' title='bbox 1493 5365 1649 5421; x_wconf 79' lang='lat' dir='ltr'><strong>Joan.</strong></span> <span class='ocrx_word' id='word_1_875' title='bbox 1682 5383 1720 5431; x_wconf 91' lang='grc' dir='ltr'><strong>ι,</strong></span> <span class='ocrx_word' id='word_1_876' title='bbox 1748 5365 1835 5422; x_wconf 74' lang='lat'><strong>29.</strong></span> 
     </span>
    </p>
   </div>
   <div class='ocr_carea' id='block_1_114' title="bbox 463 5523 1952 5595">
    <p class='ocr_par' dir='ltr' id='par_1_114' title="bbox 463 5523 1952 5595">
     <span class='ocr_line' id='line_1_114' title="bbox 463 5523 1952 5595; baseline 0.003 -21"><span class='ocrx_word' id='word_1_877' title='bbox 463 5524 574 5594; x_wconf 80' lang='lat'><strong>(76)</strong></span> <span class='ocrx_word' id='word_1_878' title='bbox 621 5527 702 5578; x_wconf 79' lang='grc' dir='ltr'><strong>οὐ</strong></span> <span class='ocrx_word' id='word_1_879' title='bbox 729 5523 1054 5595; x_wconf 76' lang='grc' dir='ltr'>παρθενίαν</span> <span class='ocrx_word' id='word_1_880' title='bbox 1083 5525 1425 5592; x_wconf 77' lang='grc' dir='ltr'>ἐστείρωσα.</span> <span class='ocrx_word' id='word_1_881' title='bbox 1467 5523 1755 5595; x_wconf 88' lang='lat' dir='ltr'><strong>Gregorius</strong></span> <span class='ocrx_word' id='word_1_882' title='bbox 1778 5524 1952 5580; x_wconf 81' lang='lat' dir='ltr'><strong>Thau-</strong></span> 
     </span>
    </p>
   </div>
   <div class='ocr_carea' id='block_1_115' title="bbox 400 5594 1951 5665">
    <p class='ocr_par' dir='ltr' id='par_1_115' title="bbox 400 5594 1951 5665">
     <span class='ocr_line' id='line_1_115' title="bbox 400 5594 1951 5665; baseline 0.003 -18"><span class='ocrx_word' id='word_1_883' title='bbox 400 5606 681 5664; x_wconf 82' lang='lat' dir='ltr'><strong>matttrgtts</strong></span> <span class='ocrx_word' id='word_1_884' title='bbox 707 5596 758 5648; x_wconf 90' lang='lat' dir='ltr'><strong>in</strong></span> <span class='ocrx_word' id='word_1_885' title='bbox 785 5609 968 5649; x_wconf 75' lang='lat' dir='ltr'><strong>sancta</strong></span> <span class='ocrx_word' id='word_1_886' title='bbox 998 5594 1350 5665; x_wconf 78' lang='lat' dir='ltr'><strong>Tlteopltattt&#39;a.</strong></span> <span class='ocrx_word' id='word_1_887' title='bbox 1383 5613 1434 5663; x_wconf 90' lang='lat' dir='ltr'><strong>p.</strong></span> <span class='ocrx_word' id='word_1_888' title='bbox 1467 5596 1567 5648; x_wconf 71' lang='grc'><strong>106</strong></span> <span class='ocrx_word' id='word_1_889' title='bbox 1585 5594 1904 5650; x_wconf 25' lang='grc' dir='ltr'>ίθιιίιΝιιεδίί</span> <span class='ocrx_word' id='word_1_890' title='bbox 1939 5617 1951 5651; x_wconf 71' lang='grc' dir='ltr'><strong>ι</strong></span> 
     </span>
    </p>
   </div>
   <div class='ocr_carea' id='block_1_116' title="bbox 393 5665 1956 5739">
    <p class='ocr_par' dir='ltr' id='par_1_116' title="bbox 393 5665 1956 5739">
     <span class='ocr_line' id='line_1_116' title="bbox 393 5665 1956 5739; baseline 0.001 -22"><span class='ocrx_word' id='word_1_891' title='bbox 393 5667 467 5717; x_wconf 69' lang='grc' dir='ltr'><strong>Σὺ</strong></span> <span class='ocrx_word' id='word_1_892' title='bbox 575 5665 784 5739; x_wconf 82' lang='grc' dir='ltr'>τεχθεὶς</span> <span class='ocrx_word' id='word_1_893' title='bbox 804 5669 868 5739; x_wconf 70' lang='grc' dir='ltr'>ἐκ</span> <span class='ocrx_word' id='word_1_894' title='bbox 897 5667 999 5739; x_wconf 74' lang='grc' dir='ltr'>τῆς</span> <span class='ocrx_word' id='word_1_895' title='bbox 1020 5666 1286 5739; x_wconf 75' lang='grc' dir='ltr'>παρθένου</span> <span class='ocrx_word' id='word_1_896' title='bbox 1318 5667 1599 5739; x_wconf 72' lang='grc' dir='ltr'>Μαρίας...</span> <span class='ocrx_word' id='word_1_897' title='bbox 1617 5667 1734 5739; x_wconf 24' lang='grc' dir='ltr'>ὀὐκ</span> <span class='ocrx_word' id='word_1_898' title='bbox 1766 5666 1956 5739; x_wconf 68' lang='grc' dir='ltr'>ἔλυσας</span> 
     </span>
    </p>
   </div>
   <div class='ocr_carea' id='block_1_117' title="bbox 395 5735 1957 5808">
    <p class='ocr_par' dir='ltr' id='par_1_117' title="bbox 395 5735 1957 5808">
     <span class='ocr_line' id='line_1_117' title="bbox 395 5735 1957 5808; baseline 0.001 -20"><span class='ocrx_word' id='word_1_899' title='bbox 395 5735 692 5807; x_wconf 82' lang='grc' dir='ltr'>παρθενίαν</span> <span class='ocrx_word' id='word_1_900' title='bbox 723 5736 917 5806; x_wconf 82' lang='grc' dir='ltr'>αὐτῆς·</span> <span class='ocrx_word' id='word_1_901' title='bbox 953 5735 1207 5792; x_wconf 70' lang='grc' dir='ltr'>ἀλλὰκαὶ</span> <span class='ocrx_word' id='word_1_902' title='bbox 1240 5735 1436 5808; x_wconf 78' lang='grc' dir='ltr'>ταύτην</span> <span class='ocrx_word' id='word_1_903' title='bbox 1467 5737 1829 5807; x_wconf 81' lang='grc' dir='ltr'>ὲφροὺρησας.</span> <span class='ocrx_word' id='word_1_904' title='bbox 1865 5737 1957 5791; x_wconf 81' lang='grc' dir='ltr'><strong>καὶ</strong></span> 
     </span>
    </p>
   </div>
   <div class='ocr_carea' id='block_1_118' title="bbox 2055 5519 3629 5648">
    <p class='ocr_par' dir='ltr' id='par_1_118' title="bbox 2055 5519 3629 5648">
     <span class='ocr_line' id='line_1_118' title="bbox 2055 5519 3629 5648; baseline -0.026 -49"><span class='ocrx_word' id='word_1_905' title='bbox 2055 5526 2153 5596; x_wconf 67' lang='grc' dir='ltr'><strong>τῆς</strong></span> <span class='ocrx_word' id='word_1_906' title='bbox 2189 5527 2390 5648; x_wconf 63' lang='grc' dir='ltr'>ιίιητρὸς</span> <span class='ocrx_word' id='word_1_907' title='bbox 2421 5525 2555 5596; x_wconf 76' lang='grc' dir='ltr'>αὐτῇ</span> <span class='ocrx_word' id='word_1_908' title='bbox 2592 5524 2963 5597; x_wconf 78' lang='grc' dir='ltr'>προσηγορίαν</span> <span class='ocrx_word' id='word_1_909' title='bbox 2983 5520 3336 5604; x_wconf 17' lang='lat' dir='ltr'><strong>smmis-ag.</strong></span> <span class='ocrx_word' id='word_1_910' title='bbox 3384 5519 3464 5604; x_wconf 63' lang='grc' dir='ltr'><strong>ςΓυ</strong></span> <span class='ocrx_word' id='word_1_911' title='bbox 3501 5537 3629 5577; x_wconf 45' lang='lat' dir='ltr'><strong>vero</strong></span> 
     </span>
     <span class='ocr_line' id='line_1_119' title="bbox 2059 5595 3626 5648; baseline -0.005 1"><span class='ocrx_word' id='word_1_912' title='bbox 2059 5611 2124 5648; x_wconf 76' lang='lat' dir='ltr'><strong>ex</strong></span> <span class='ocrx_word' id='word_1_913' title='bbox 2165 5595 2192 5648; x_wconf 78' lang='lat' dir='ltr'><strong>ll</strong></span> <span class='ocrx_word' id='word_1_914' title='bbox 2219 5600 2328 5648; x_wconf 86' lang='lat' dir='ltr'><strong>aria</strong></span> <span class='ocrx_word' id='word_1_915' title='bbox 2359 5606 2518 5648; x_wconf 89' lang='lat' dir='ltr'><strong>nattts</strong></span> <span class='ocrx_word' id='word_1_916' title='bbox 2554 5595 2848 5648; x_wconf 51' lang='lat' dir='ltr'><strong>virgine...</strong></span> <span class='ocrx_word' id='word_1_917' title='bbox 2893 5609 2997 5646; x_wconf 92' lang='lat' dir='ltr'><strong>nou</strong></span> <span class='ocrx_word' id='word_1_918' title='bbox 3035 5595 3239 5647; x_wconf 74' lang='lat' dir='ltr'><strong>solvtstt</strong></span> <span class='ocrx_word' id='word_1_919' title='bbox 3267 5597 3626 5648; x_wconf 70' lang='lat' dir='ltr'><strong>vtt&#39;atnitatmn</strong></span> 
     </span>
    </p>
   </div>
   <div class='ocr_carea' id='block_1_119' title="bbox 2059 5595 3628 5792">
    <p class='ocr_par' dir='ltr' id='par_1_119' title="bbox 2059 5595 3628 5792">
     <span class='ocr_line' id='line_1_120' title="bbox 2059 5595 3626 5664; baseline -0.002 -15"><span class='ocrx_word' id='word_1_920' title='bbox 2059 5595 2124 5650; x_wconf 58' lang='lat' dir='ltr'><strong>es</strong></span> <span class='ocrx_word' id='word_1_921' title='bbox 2165 5595 2328 5664; x_wconf 80' lang='lat' dir='ltr'><strong>Maria</strong></span> <span class='ocrx_word' id='word_1_922' title='bbox 2359 5606 2518 5649; x_wconf 89' lang='lat' dir='ltr'><strong>nattts</strong></span> <span class='ocrx_word' id='word_1_923' title='bbox 2554 5595 2848 5662; x_wconf 76' lang='lat' dir='ltr'><strong>virgine...,</strong></span> <span class='ocrx_word' id='word_1_924' title='bbox 2893 5609 2997 5646; x_wconf 90' lang='lat' dir='ltr'><strong>ttou</strong></span> <span class='ocrx_word' id='word_1_925' title='bbox 3035 5595 3239 5647; x_wconf 75' lang='lat' dir='ltr'><strong>solvisti</strong></span> <span class='ocrx_word' id='word_1_926' title='bbox 3267 5595 3626 5662; x_wconf 78' lang='lat' dir='ltr'><strong>virginitatmn</strong></span> 
     </span>
     <span class='ocr_line' id='line_1_121' title="bbox 2061 5663 3628 5737; baseline 0 -19"><span class='ocrx_word' id='word_1_927' title='bbox 2061 5666 2212 5733; x_wconf 86' lang='lat' dir='ltr'><strong>ejus:</strong></span> <span class='ocrx_word' id='word_1_928' title='bbox 2245 5666 2336 5720; x_wconf 85' lang='lat' dir='ltr'><strong>sed</strong></span> <span class='ocrx_word' id='word_1_929' title='bbox 2361 5675 2413 5718; x_wconf 86' lang='lat' dir='ltr'><strong>et</strong></span> <span class='ocrx_word' id='word_1_930' title='bbox 2439 5666 2577 5720; x_wconf 85' lang='lat' dir='ltr'><strong>hanc</strong></span> <span class='ocrx_word' id='word_1_931' title='bbox 2598 5663 2906 5730; x_wconf 88' lang='lat' dir='ltr'><strong>custodisti,</strong></span> <span class='ocrx_word' id='word_1_932' title='bbox 2932 5673 2980 5720; x_wconf 91' lang='lat' dir='ltr'><strong>ct</strong></span> <span class='ocrx_word' id='word_1_933' title='bbox 3019 5664 3191 5735; x_wconf 80' lang='lat' dir='ltr'><strong>ipsam</strong></span> <span class='ocrx_word' id='word_1_934' title='bbox 3223 5665 3418 5720; x_wconf 81' lang='lat' dir='ltr'><strong>matris</strong></span> <span class='ocrx_word' id='word_1_935' title='bbox 3441 5665 3628 5737; x_wconf 73' lang='lat' dir='ltr'><strong>appel-</strong></span> 
     </span>
     <span class='ocr_line' id='line_1_122' title="bbox 2061 5733 2826 5792; baseline -0.001 -1"><span class='ocrx_word' id='word_1_936' title='bbox 2061 5737 2261 5792; x_wconf 86' lang='lat' dir='ltr'><strong>latione</strong></span> <span class='ocrx_word' id='word_1_937' title='bbox 2289 5737 2521 5792; x_wconf 84' lang='lat' dir='ltr'><strong>donasti.</strong></span> <span class='ocrx_word' id='word_1_938' title='bbox 2556 5753 2573 5787; x_wconf 80' lang='grc'><strong>»</strong></span> <span class='ocrx_word' id='word_1_939' title='bbox 2608 5733 2826 5790; x_wconf 58' lang='lat' dir='ltr'><strong>Fame.</strong></span> 
     </span>
    </p>
   </div>
   <div class='ocr_carea' id='block_1_120' title="bbox 2142 5748 2826 5793">
    <p class='ocr_par' dir='ltr' id='par_1_120' title="bbox 2142 5748 2826 5793">
     <span class='ocr_line' id='line_1_123' title="bbox 2142 5748 2826 5793; baseline -0.001 -2"><span class='ocrx_word' id='word_1_940' title='bbox 2142 5752 2261 5792; x_wconf 74' lang='lat' dir='ltr'><strong>IOIIC</strong></span> <span class='ocrx_word' id='word_1_941' title='bbox 2289 5748 2521 5793; x_wconf 82' lang='lat' dir='ltr'><strong>donastt.</strong></span> <span class='ocrx_word' id='word_1_942' title='bbox 2556 5753 2573 5787; x_wconf 76' lang='grc' dir='ltr'><strong>ι</strong></span> <span class='ocrx_word' id='word_1_943' title='bbox 2608 5748 2826 5790; x_wconf 68' lang='grc' dir='ltr'>ιἈιιιιιε.</span> 
     </span>
    </p>
   </div>
   <div class='ocr_carea' id='block_1_121' title="bbox 2219 5593 3626 5664">
    <p class='ocr_par' dir='ltr' id='par_1_121' title="bbox 2219 5593 3626 5664">
     <span class='ocr_line' id='line_1_124' title="bbox 2219 5593 3626 5664; baseline -0.001 -16"><span class='ocrx_word' id='word_1_944' title='bbox 2219 5593 2328 5664; x_wconf 79' lang='lat' dir='ltr'><strong>aria</strong></span> <span class='ocrx_word' id='word_1_945' title='bbox 2359 5593 2848 5662; x_wconf 23' lang='lat' dir='ltr'><strong>natttsV&#39;virgine...,</strong></span> <span class='ocrx_word' id='word_1_946' title='bbox 2872 5609 2997 5664; x_wconf 86' lang='lat' dir='ltr'><strong>non</strong></span> <span class='ocrx_word' id='word_1_947' title='bbox 3035 5595 3239 5647; x_wconf 75' lang='lat' dir='ltr'><strong>solvisti</strong></span> <span class='ocrx_word' id='word_1_948' title='bbox 3267 5593 3626 5662; x_wconf 78' lang='lat' dir='ltr'><strong>virginitatmn</strong></span> 
     </span>
    </p>
   </div>
  </div>
