3852 6208
287 259 399 320 857

1350 264 1580 322 SERMO
1620 265 1685 320 IN
1725 264 1995 320 SANCTA
2033 262 2522 319 THEOPHANIA.'

3428 271 3535 328 858

290 377 701 449 ὲπιγνώσωνται
733 382 833 454 τὴν
862 381 956 437 τοῦ
980 383 1110 437 Υίοῦ
1142 383 1567 457 δύναμιν.”Αφες
1598 388 1744 459 ἄρτι,
1779 386 1862 440 οὖ-

1975 400 2075 440 nos
2108 384 2333 455 implere
2360 384 2651 456 justitiam.
2683 384 2837 441 Tunc
2875 384 3129 458 deinceps
3162 386 3400 445 Joannes
3429 391 3533 460 ipsi

284 489 401 535 τως
433 471 543 544 γάρ
587 473 793 545 πρέπον
818 476 950 545 ἡμῖν
976 478 1121 530 ἐστιν
1150 476 1431 548 πληρῶσαι
1459 481 1639 533 πᾶσαν
1669 476 1862 532 δικαιο-

1971 475 2235 545 permittit
2265 493 2277 527 :
2315 495 2332 527 ι
2371 474 2435 530 Ει
2470 476 2776 545 baptizatus
2809 473 2989 542 Jesus,
3019 479 3205 533 statim
3235 480 3429 534 iterum
3465 496 3533 535 ex

291 562 483 635 σύνην.
516 565 649 619 Τότε
692 564 876 621 λοιπὸν
904 567 1124 638 ἀφίησιν
1152 570 1313 623 αὐτὸν
1359 572 1387 623 6
1425 571 1695 642 Ἰωάννης,
1735 591 1752 624 ι
1777 573 1870 627 καὶ

288 652 608 725 βαπτισθεὶς
646 658 675 709 6
712 656 917 727 Ἰησοῦς
953 657 1154 722 εὐθέως
1181 659 1347 729 ἀνέϐη
1390 661 1498 713 ἀπὸ
1521 661 1614 715 τοῦ
1643 662 1832 727 ὓδατος
1851 678 1866 693 ⁶

290 744 386 795 καὶ
412 741 763 817 ἠνεῴχθησαν
787 744 935 816 αὐτῷ
958 748 1007 798 oi
1035 749 1272 820 οὐρανοὶ,
1303 750 1397 803 καὶ
1421 750 1527 804 ίδοὺ
1555 752 1615 805 τὸ
1645 753 1867 824 Πνεῦμα

285 832 384 885 τοῦ
410 834 546 887 Θεοῦ
576 837 895 909 κατέρχεται
922 842 980 894 έν
1008 840 1138 895 εἴδει
1169 844 1513 914 περιστερᾶς,
1537 844 1631 897 καὶ
1657 844 1868 913 ἔμεινεν

284 924 377 976 ἐπ’
408 926 590 981 αὐτόν.
624 930 735 983 Καὶ
766 932 916 1003 φωνὴ
944 936 1009 987 ὲκ
1045 932 1153 985 τῶν
1191 934 1436 1003 οὐρανῶν
1465 934 1730 1002 λέγουσαο
1765 929 1867 989 06-
1918 938 1927 947 '

279 1014 378 1078 τός
409 1018 558 1071 ἐστιν
583 1021 613 1072 6
643 1020 769 1085 Υίὸς
803 1040 904 1094 μου
931 1025 960 1077 6
986 1025 1286 1096 ἀγαπητὸς,
1309 1028 1365 1080 ἐν
1393 1020 1438 1095 ᾧ
1467 1027 1758 1097 ηύδόκησα.

360 1112 523 1176 ’ῐδες,
556 1113 829 1186 ἀγαπητὲ,
853 1118 1036 1171 πόσων
1065 1120 1159 1172 καὶ
1188 1120 1431 1190 πηλίκων
1458 1118 1677 1190 ἀγαθῶν
1703 1123 1727 1174 ὲ
1737 1121 1863 1192 μέλ-

280 1201 453 1274 λομεν
486 1204 835 1276 ζημιοῦσθαι,
862 1211 910 1263 εί
937 1207 1075 1277 εἶξεν
1106 1213 1135 1266 6
1163 1213 1366 1285 Κύριος
1393 1217 1459 1286 τῇ
1488 1214 1581 1268 τοῦ
1624 1216 1862 1271 Ἰωάννου

281 1298 656 1371 παρακλήσει,
686 1303 781 1356 καὶ
814 1306 1168 1377 παρῃτήσατο
1202 1307 1263 1359 16
1296 1308 1609 1380 βάπτισμα;
1646 1310 1865 1363 Κεκλει-

284 1388 475 1457 σμένοι
505 1390 614 1463 γάρ
638 1386 778 1463 ἦσαν
801 1393 908 1464 πρὸ
926 1394 1113 1447 τούτου
1142 1396 1191 1448 οἱ
1214 1396 1450 1468 οὐρανοὶ,
1480 1396 1675 1450 ἄϐατον
1704 1392 1771 1468 ἦν
1803 1396 1865 1449 16

280 1481 398 1536 ἄνω
417 1484 635 1556 χωρίον.
676 1486 763 1540 Ἐν
782 1489 893 1551 τοῖς
918 1488 1066 1541 κάτω
1094 1489 1409 1560 κατείημεν,
1444 1492 1501 1543 ὲν
1530 1491 1641 1554 τοῖς
1672 1490 1781 1544 ἄνω
1806 1490 1863 1544 δὲ

279 1575 386 1629 οὐκ
418 1576 685 1649 άνίειμεν.
714 1580 888 1633 Μόνον
916 1580 972 1634 δὲ
1016 1582 1044 1633 6
1083 1582 1357 1652 Δεσπότης
1397 1581 1728 1654 έϐαπτίσθη;
1769 1584 1863 1636 καὶ

279 1667 377 1721 ’ὠν
413 1668 644 1723 παλαιὸν
673 1669 956 1742 ἄνθρωπον
999 1674 1354 1735 ἀνεκαίνισεν,
1394 1673 1579 1728 καὶτὰ
1609 1674 1863 1747 σκῆπτρα

283 1758 389 1828 τῆς
440 1759 713 1825 υἱοθεσίας
744 1760 891 1832 αὐτῷ
925 1762 1085 1816 πάλιν
1114 1763 1451 1817 ἐπίστευσεν.
1496 1764 1710 1827 Εὐθέως
1754 1765 1861 1837 γὰρ

292 1867 311 1900 ι
346 1849 699 1921 ἠνεῴχθησαν
728 1852 876 1924 αὐτῷ
915 1857 963 1907 oi
1001 1853 1238 1927 οὐρανοί.
1271 1875 1290 1909 ι
1335 1856 1605 1929 Διαλλαγή
1637 1857 1860 1927 γέγονεν

280 1942 391 1996 τῶν
425 1943 637 2015 ὁρατῶν
665 1944 800 2017 πρὸς
828 1946 893 1998 τὰ
921 1946 1155 2019 ἁόρατα’
1188 1948 1656 2021 ὲχαροποιήθησαν
1680 1948 1749 2001 τά
1770 1949 1859 2002 οὒ-

287 2036 444 2101 ράνια
476 2035 747 2106 τάγματα,
784 2036 905 2109 ίάθη
935 2040 1003 2093 τὰ
1030 2041 1248 2110 ἐπίγεια
1278 2043 1578 2113 νοσήματα,
1612 2040 1854 2113 ἐγνώσθη

278 2126 349 2178 τά
391 2126 680 2198 ἀπόρρητα
720 2130 1039 2202 πράγματα,
1084 2131 1341 2204 ὲφιλιώθη
1378 2133 1445 2188 τά
1483 2133 1853 2205 ὲχθραίνοντα.

286 2219 521 2284 Ἠκουες
564 2221 672 2292 γάρ
716 2222 810 2275 τοῦ
852 2223 1236 2292 εὐαγγελιστοῦ
1274 2225 1552 2295 λέγοντος·
1591 2245 1609 2278 ι
1659 2224 1856 2297 Ἦνεῴ-

282 2309 491 2381 χθησαν
521 2312 668 2385 αὐτῷ
700 2315 751 2368 οἱ
778 2316 1024 2388 οὐρανοί·
1070 2337 1089 2370 ι
1119 2318 1285 2390 τριῶν
1326 2319 1644 2390 παραδόξων
1675 2320 1852 2393 χάριν.

283 2402 388 2455 Τοῦ
419 2404 531 2474 γάρ
563 2406 794 2477 νυμφίου
822 2408 1057 2480 Χριστοῦ
1085 2408 1499 2482 βαπτιζομένου,
1528 2412 1632 2467 ἔδει
1657 2414 1746 2466 τὸν
1769 2413 1857 2466 ού-

286 2498 467 2568 ράνιον
511 2497 751 2570 θάλαμον
794 2502 892 2565 τὰς
944 2502 1361 2575 λαμπροφόρους
1411 2504 1616 2572 ἀνοῖξαι
1660 2505 1851 2571 πύλας.

294 2589 569 2656 Ὡσαύτως
596 2593 652 2645 δὲ
682 2596 774 2648 καὶ
803 2594 894 2648 τοῦ
923 2596 1079 2665 ἁγίου
1108 2592 1246 2651 Πνέύ
1256 2615 1422 2668 ματος
1452 2600 1509 2652 ὲν
1534 2598 1665 2652 εῖδει
1699 2616 1854 2670 περι-

285 2684 480 2753 στερεῖς
509 2685 802 2749 κατιόντος,
832 2688 924 2741 καὶ
950 2688 1047 2760 τῆς
1069 2689 1329 2761 Πατρῲας
1363 2691 1543 2761 φωνῆς
1579 2689 1853 2761 πανταχοῦ

279 2771 719 2847 διαδεδραμένης.
755 2777 862 2830 ἔδει
901 2780 999 2842 τὰς
1034 2798 1052 2829 ι
1093 2781 1445 2852 ἐπουρανίους
1474 2780 1647 2844 πύλας
1678 2782 1852 2855 “99'

282 2864 451 2934 μένας
482 2866 763 2938 ὑπάρχειν.
798 2888 816 2920 ι
847 2870 957 2922 Καὶ
990 2869 1096 2923 ἰδοὺ
1128 2870 1479 2942 ἠνεῴχθησαν
1515 2871 1662 2942 αὐτῷ
1690 2874 1738 2925 οί
1763 2874 1854 2926 ού-

281 2955 452 3024 ρανοὶ,
491 2957 581 3010 καὶ
626 2958 775 3029 φωνὴ
822 2959 1056 3028 ἐγένετο,
1098 2960 1360 3029 λέγουσα·
1393 2981 1411 3013 ι
1452 2957 1617 3028 Οὗτός
1647 2965 1793 3017 ἐστιν
1821 2965 1852 3018 6

279 3044 405 3109 Υἱός
432 3066 534 3117 μου
567 3050 594 3101 6
618 3050 917 3122 ἀγαπητὸς,
949 3053 1007 3105 ἐν
1034 3045 1078 3120 ᾧ
1101 3053 1392 3124 ηὑδόκησα.
1422 3074 1440 3106 ι

1968 581 2109 635 aqua
2137 566 2414 633 ascendit;
2440 575 2493 619 vt
2518 566 2687 635 aperti
2715 575 2843 621 sunt
2866 567 2969 637 ipsi
2994 569 3116 623 ραιιὶ
3143 589 3155 623 :
3181 580 3235 625 et
3256 585 3385 625 ecce
3409 568 3532 639 Spi-

1968 658 2107 711 ritus
2143 656 2237 712 Dei
2281 658 2560 713 descendit
2605 660 2782 730 specie
2819 660 3104 727 columbae,
3144 673 3196 715 et
3224 677 3386 731 super
3414 664 3534 731 ipso

1968 749 2187 803 mansit.
2216 747 2279 803 Et
2306 765 2409 803 vox
2433 750 2498 805 de
2523 752 2684 817 caelo,
2710 753 2895 808 dicens
2925 772 2937 807 :
2967 752 3065 808 llic
3085 762 3167 807 est
3189 752 3359 811 Filius
3379 769 3535 813 meus

1969 840 2218 907 dilectus,
2254 842 2306 895 in
2340 857 2449 912 quo
2480 844 2837 913 coutplacui’.
2876 864 2895 897 ι

2039 1114 2129 1171 Vl.
2172 1115 2358 1184 Vides,
2400 1116 2613 1182 dilecte,
2653 1127 2787 1188 quot
2814 1126 2869 1173 et
2902 1131 3230 1187 quantorum
3265 1119 3532 1175 honorum

1960 1206 2233 1276 jacturam
2281 1207 2476 1263 facturi
2520 1208 2851 1274 fuissemus,
2894 1210 2940 1265 si
2983 1209 3210 1267 Joannis
3245 1213 3532 1269 monitioni

1964 1298 2230 1355 Dominus
2263 1301 2539 1368 cessisset,
2579 1310 2634 1356 et
2662 1302 2991 1372 baptismum
3023 1319 3129 1357 non
3163 1306 3535 1375 suscepisset?

1964 1390 2146 1446 Clausi
2186 1392 2330 1447 enim
2371 1400 2529 1446 erant
2565 1393 2795 1447 antehac
2833 1394 2978 1457 coeli,
3025 1394 3301 1449 inaccessa
3336 1412 3530 1466 supera

1963 1485 2131 1555 regio.
2164 1482 2221 1538 In
2263 1484 2520 1540 inferiora
2550 1484 2931 1540 descendimus
2966 1504 2979 1540 :
3015 1486 3081 1541 ad
3114 1488 3398 1557 superiora
3433 1504 3531 1543 au-

1962 1586 2068 1632 tem
2098 1590 2204 1631 non
2239 1577 2434 1631 iterum
2476 1577 2843 1632 ascendimus.
2874 1574 3011 1630 Num
3048 1592 3177 1631 vero
3215 1577 3393 1632 solum
3426 1577 3533 1632 Do-

1962 1670 2145 1725 minus
2171 1670 2477 1739 baptizatus
2499 1670 2615 1724 est?
2641 1679 2693 1724 et
2726 1677 2960 1724 veterem
2995 1668 3271 1723 hominem
3300 1685 3531 1725 renova-

1964 1762 2062 1826 vit,
2088 1771 2141 1816 et
2164 1770 2375 1830 sceptra
2399 1759 2706 1830 adoptionis
2724 1759 2827 1831 ipsi
2848 1759 3043 1815 iterum
3067 1760 3312 1815 credidit.
3334 1760 3529 1815 Statim

1960 1852 2107 1909 enim
2144 1869 2164 1903 ι
2200 1851 2371 1921 aperti
2410 1851 2513 1921 ipsi
2561 1860 2689 1907 sunt
2729 1851 2875 1907 cmli.
2909 1870 2928 1903 ι
2966 1849 3361 1907 Reconciliatio
3386 1851 3531 1907 facta

1959 1955 2043 2000 est
2074 1942 2372 1998 visibilium
2418 1958 2540 1997 cum
2587 1943 2988 2009 invisibilihus;
3027 1943 3279 2000 caelestes
3310 1945 3533 2001 ordines

1959 2034 2159 2107 gaudio
2204 2042 2333 2089 sunt
2364 2033 2604 2103 impleti;
2630 2043 2837 2089 satiatae
2870 2035 2926 2089 in
2957 2035 3117 2090 terris
3146 2036 3527 2108 aegritudines;

1958 2143 2046 2184 res
2092 2126 2424 2183 abscondita:
2470 2141 2592 2197 qua:
2642 2136 2819 2193 erant,
2872 2127 3152 2198 patefacta:
3198 2139 3365 2197 sunt;
3410 2147 3532 2201 quae

1960 2218 2197 2274 hostium
2231 2225 2389 2271 erant
2420 2216 2473 2270 in
2505 2232 2757 2283 numero,
2792 2217 3001 2273 reddita
3028 2216 3177 2273 fuere
3201 2220 3397 2274 amica.
3427 2221 3534 2274 Au-

1956 2309 2084 2365 disti
2113 2307 2259 2363 enim
2296 2310 2682 2381 evangelistam
2716 2309 2985 2366 dicentem
3015 2329 3028 2366 :
3066 2330 3085 2363 ι
3118 2310 3381 2369 Patefacti
3403 2322 3532 2369 sunt

1956 2400 2060 2471 ipsi
2087 2401 2244 2468 cmli;
2280 2420 2300 2453 ι
2339 2402 2409 2457 ob
2440 2402 2543 2457 tria
2591 2403 2705 2457 haec
2743 2401 3105 2458 admirabilia.
3138 2403 3352 2474 Sponso
3382 2406 3529 2461 enim

1954 2491 2173 2549 Christo
2206 2495 2480 2566 baptizato
2512 2495 2797 2565 oportebat
2820 2496 3058 2551 cmicstis
3093 2496 3314 2550 thalami
3340 2497 3525 2567 splen-

1954 2586 2111 2643 didas
2137 2598 2325 2659 portas
2363 2589 2583 2659 aperiri.
2615 2587 2884 2644 Similiter
2923 2598 2977 2644 et
3010 2588 3215 2660 Spiritu
3249 2602 3439 2648 sancto
3472 2593 3527 2647 in

1953 2679 2218 2735 columbae
2257 2681 2437 2751 specie
2478 2681 2864 2749 descendente,
2893 2688 2948 2737 et
2974 2680 3150 2738 Patris
3175 2700 3308 2739 voce
3342 2685 3526 2741 omnia

1951 2781 2301 2841 percurrente
2358 2772 2499 2837 loca,
2554 2774 2839 2843 oportebat
2888 2792 2907 2826 ι
2966 2786 3154 2845 portas
3186 2776 3358 2832 attolli
3414 2792 3529 2832 cce-

1950 2863 2116 2919 lestes
2146 2866 2209 2920 ‘°.
2252 2883 2273 2919 ι
2309 2864 2375 2920 Et
2403 2880 2528 2920 ecce
2560 2865 2729 2934 aperti
2757 2874 2886 2921 sunt
2908 2867 2957 2921 ci
2984 2868 3131 2930 coeli,
3163 2876 3218 2922 et
3250 2884 3355 2923 vox
3385 2867 3525 2924 facta

1949 2964 2033 3012 est
2063 2956 2287 3012 dicens:
2327 2975 2345 3008 ι
2382 2956 2482 3013 Hic
2511 2965 2594 3012 est
2633 2956 2806 3013 Filius
2840 2973 2997 3015 meus
3038 2958 3291 3026 dilectus,
3331 2960 3387 3014 in
3416 2975 3526 3031 quo

1952 3047 2278 3117 complacui.
2311 3068 2331 3101 ι

361 3110 677 3211 Ἀγαπητὺςπ
714 3110 934 3213 ἀγάπην
976 3110 1158 3217 γεννᾷ,
1206 3110 1301 3200 καί
1347 3147 1460 3216 φῶς
1509 3147 1688 3213 mw,
1734 3148 1848 3218 φῶς

2025 3140 2133 3195 Vll.
2175 3141 2403 3196 Amatus
2437 3156 2679 3195 amorem
2714 3150 2955 3211 generat,
2984 3152 3037 3197 et
3064 3142 3158 3197 lux
3190 3142 3524 3198 immateria-

274 3226 567 3297 ἀπρόσιτον
584 3230 713 3302 (78).
745 3251 763 3283 ι
787 3227 951 3299 Οὗτός
980 3237 1123 3289 ἐστιν
1150 3238 1177 3289 6
1201 3238 1324 3302 Υἱός
1352 3256 1452 3311 μου
1470 3242 1497 3293 ό
1513 3242 1842 3314 ἀγαπητὸς,›

274 3321 300 3371 6
332 3320 483 3375 κάτω
512 3324 794 3393 ἐπιφανεὶς
827 3328 919 3381 καὶ
956 3328 1060 3381 τῶν
1088 3330 1363 3401 Πατρῴων
1398 3332 1617 3389 κόλπων
1649 3335 1723 3407 μὴ
1746 3354 1850 3407 χω-

277 3413 500 3485 ρισθεὶς,
544 3418 804 3489 ἐπεφάνη,
837 3420 933 3471 οὐκ
977 3422 1175 3492 ἐφάνη’
1208 3421 1333 3476 ἄλλο
1372 3423 1479 3496 γάρ
1510 3426 1570 3478 16
1598 3428 1845 3499 φανῆναι,

273 3506 461 3578 ἐπειδὴ
508 3508 643 3579 πρὸς
687 3510 747 3562 τὺ
777 3511 1094 3583 φαινόμενον
1118 3515 1146 3567 6
1178 3514 1449 3584 βαπτίζων
1472 3516 1567 3569 τοῦ
1593 3518 1846 3587 βαπτιζο-

274 3599 438 3670 μένου
468 3603 710 3672 προέχει.
735 3604 935 3659 Τούτου
957 3606 1140 3660 ἕνεκεν
1163 3610 1191 3661 6
1231 3608 1420 3681 Πατὴρ
1458 3610 1748 3681 οὐρανόθεν
1787 3612 1848 3665 τὸ

272 3690 426 3758 ἇγιον
486 3692 706 3765 Πνεῦμα
759 3698 851 3751 ἐπὶ
891 3698 981 3751 τὸν
1030 3698 1419 3771 βαπτιζόμενον
1474 3701 1844 3774 κατέπεμπεν.

274 3784 488 3857 Ὠσπερ
517 3788 627 3858 γὰρ
670 3791 725 3842 ὲν
772 3794 834 3862 τῇ
868 3792 1081 3863 κιϐωτῷ
1106 3792 1199 3847 τοῦ
1238 3794 1360 3853 Νῦε
1389 3794 1476 3849 διὰ
1520 3799 1846 3868 περιστερᾶς

270 3881 591 3951 μηνύεταιὴ
621 3880 996 3953 φιλανθρωπία
1025 3883 1117 3937 τοῦ
1148 3884 1303 3949 Θεοῦ,
1333 3886 1505 3952 οὕτως
1536 3888 1629 3940 καὶ
1655 3887 1749 3941 νῦν
1780 3888 1848 3942 τὸ

268 3974 326 4025 ὲν
362 3973 493 4026 εῖδει
538 3976 866 4045 περιστερᾶς
918 3975 1192 4029 κατελθὼν
1240 3976 1482 4048 Πνεῦμα,
1524 3979 1598 4041 ὼς
1638 3980 1848 4051 καρπὸν

270 4064 458 4127 ἐλαίας
503 4062 797 4134 βαστάσαν,
846 4066 937 4119 ἐπὶ
976 4066 1067 4120 τὸν
1103 4068 1548 4141 μαρτυρούμενον
1587 4071 1841 4143 κατέστη.

269 4153 366 4205 Διά
386 4153 477 4217 τί;
507 4156 593 4207 ἴνα
618 4154 713 4208 καὶ
742 4155 839 4225 τῆς
866 4155 1131 4227 Πατρῴας
1151 4159 1333 4229 φωνῆς
1374 4159 1435 4212 16
1466 4160 1679 4230 βέϐαιον
1709 4178 1848 4231 γνω-

271 4246 455 4317 ρισθῇ,
487 4248 582 4299 καὶ
618 4249 651 4317 ἠ
700 4248 1007 4318 προφητικὴ
1056 4250 1358 4323 πρόρρησις
1400 4253 1464 4305 ὲκ
1496 4253 1705 4306 πολλῶν
1738 4254 1846 4309 τῶν

269 4338 477 4408 χρόνων
500 4337 763 4410 πιστωθῇ.
792 4339 925 4392 Ποία
958 4338 1129 4410 αῦτης
1180 4360 1196 4392 ι
1224 4342 1377 4413 Φωνὴ
1400 4343 1605 4414 Κυρίου
1628 4344 1845 4397 ἐπὶτῶν

270 4432 497 4495 ὑδάτων,
544 4434 573 4486 6
614 4433 744 4497 Θεὸς
787 4434 885 4505 τῆς
915 4433 1070 4506 δόξης
1115 4434 1457 4508 ἐϐρόντησεν,
1511 4439 1716 4510 Κύριος
1748 4440 1842 4493 ἐπὶ
1871 4484 1917 4541 D

271 4524 477 4576 ὑδάτων
506 4524 735 4577 πολλῶν.
777 4545 795 4576 ι
834 4525 967 4578 Ποία
998 4529 1185 4598 φωνή;
1227 4545 1247 4579 ι
1276 4522 1444 4590 Οὗτός
1476 4529 1622 4583 ἐστιν
1651 4533 1680 4584 6
1711 4531 1839 4595 Υἱός

272 4631 369 4685 μω
400 4616 430 4666 6
464 4616 761 4687 ἀγαπητὸς,
795 4618 850 4669 ἐν
875 4610 918 4685 ᾧ
943 4617 1238 4689 ηὑδόκησα.
1279 4636 1298 4669 ι
1328 4610 1495 4682 Οὗτός
1523 4621 1669 4672 ὲστ;ν
1696 4623 1725 4673 6
1744 4620 1836 4673 τοῦ

281 4707 479 4777 Ἰωσὴφ
510 4708 904 4780 ὀνομαζόμενος
930 4710 1063 4775 υίὸς,
1093 4711 1184 4762 καὶ
1216 4710 1345 4780 ἐμὸς
1364 4710 1670 4781 Μονογενὴς
1698 4710 1837 4765 κατὰ

271 4800 366 4871 τὴν
394 4798 580 4871 θεῖκὴν
600 4800 807 4854 οὐσίαν.
837 4820 855 4851 ι
886 4794 1051 4864 Οὗτός
1079 4803 1225 4855 ἐστιν
1248 4803 1277 4854 6
1301 4802 1427 4865 Υἱός
1452 4818 1553 4872 μου
1574 4804 1601 4855 6
1628 4802 1837 4875 ἀγαπη-

270 4892 388 4953 τός’
436 4909 455 4943 ι
486 4894 515 4945 6
547 4891 766 4957 πεινῶν,
798 4892 890 4946 καὶ
919 4893 1132 4964 τρέφων
1167 4893 1451 4965 μυριάδας·
1491 4894 1587 4947 καὶ
1606 4894 1833 4961 κοπιῶν,

274 4984 361 5036 καὶ
389 4984 681 5038 ἀναπαύων
709 4986 835 5048 τοὺς
864 4986 1163 5048 κοπιῶντας
1183 5002 1197 5015 ·
1238 4988 1267 5039 6
1309 4984 1385 5058 μὴ
1422 4985 1561 5057 ἔχων
1593 4986 1695 5040 ποῦ
1736 4986 1835 5059 τὴν

273 5076 508 5148 κεφαλὴν
537 5076 732 5142 κλῖναι,
764 5078 856 5130 καὶ
892 5076 1065 5130 πάντα
1098 5078 1156 5131 ὲν
1189 5079 1254 5148 τῇ
1282 5079 1426 5149 χειρὶ⁵
1460 5078 1773 5149 βαστάζωνο
1806 5080 1836 5133 6

274 5169 511 5240 πάσχων,
530 5171 624 5224 καὶ
637 5170 705 5224 τά
719 5170 864 5241 πάθη
887 5168 1128 5241 ἰώμενος·
1146 5174 1174 5225 6
1191 5172 1568 5243 ραπιζόμενος,
1587 5173 1680 5225 καὶ
1694 5171 1837 5225 ἐλευ-

272 5261 449 5334 θερίαν
472 5262 550 5333 τῷ
570 5264 756 5335 κόσμῳ
776 5262 1110 5333 δωρούμενος
1136 5263 1265 5334 (79)’
1287 5266 1315 5318 6
1332 5262 1429 5335 τὴν
1451 5263 1581 5316 πλευ
1591 5263 1687 5335 ρὰν
1709 5281 1835 5317 νυτ-

338 5405 357 5434 ⁹
394 5402 586 5459 Matth.
615 5421 699 5468 ιιι,
737 5403 827 5467 16,
865 5403 949 5457 l7.

336 5514 446 5584 (78)
485 5515 609 5580 Φῶς
646 5516 838 5571 ἇῦλον
862 5515 1047 5587 γεννᾷ
1087 5516 1211 5586 φῶς
1249 5519 1593 5586 ἀπρόσιτον.
1638 5518 1829 5586 Filius,

279 5605 295 5638 ι
330 5586 507 5660 lumen
531 5589 597 5641 de
632 5587 835 5660 lumine
864 5586 882 5639 ὁ
915 5587 1094 5660 dictus
1116 5591 1291 5660 etiam,
1325 5590 1395 5643 ab
1426 5588 1711 5660 Hippolyto
1738 5606 1833 5643 su-

275 5658 469 5743 perius.
486 5673 607 5743 cap.
640 5658 706 5711 10
734 5656 1191 5743 con‘trq‘Noetum.
1214 5656 1648 5743 Φῶςορεερὸσὶτον
1670 5664 1835 5732 respi-

275 5728 423 5782 citad
454 5726 637 5785 l'l'im.
672 5745 744 5791 vt.
780 5728 856 5783 l6.
898 5728 1118 5784 Punic.

1948 3234 2017 3290 lis
2048 3234 2223 3289 lucem
2262 3233 2720 3289 inacccssibilem.
2740 3252 2779 3286 ιι
2818 3232 2917 3291 Hic
2945 3245 3028 3291 est
3060 3235 3231 3306 Filius
3257 3252 3412 3292 meus
3436 3237 3525 3292 di-

1949 3326 2145 3392 lectus,
2182 3345 2200 3376 ι
2244 3327 2339 3397 qui
2386 3325 2528 3380 infra
2574 3326 2843 3397 apparuit,
2896 3343 2997 3383 nec
3048 3337 3229 3384 tamen
3273 3344 3304 3383 a
3350 3328 3525 3384 Patris

1947 3418 2071 3473 sinu
2102 3418 2205 3472 fuit
2228 3432 2509 3488 separatus
2535 3437 2547 3471 :
2569 3420 2819 3488 apparuit
2840 3428 2894 3474 et
2924 3436 3032 3475 non
3065 3423 3333 3492 apparuit.
3362 3422 3523 3495 Aljud

1946 3510 2091 3565 enim
2138 3512 2283 3580 quod
2336 3511 2670 3579 apparebat:
2711 3512 3004 3581 siquidem,
3048 3523 3212 3583 prout
3246 3517 3521 3584 apparuit,

1945 3602 2234 3671 baptizans
2256 3601 2532 3670 baptizata
2556 3604 2902 3671 praestantior
2926 3603 3048 3659 fuit.
3070 3604 3255 3675 Itaque
3274 3604 3431 3660 Pater
3455 3607 3523 3661 de

1946 3694 2085 3749 casio
2106 3692 2367 3762 Spiritum
2393 3700 2642 3747 sanctum
2668 3693 2721 3746 in
2748 3693 3081 3763 baptizatum
3106 3696 3345 3750 demisit.
3367 3697 3521 3751 Sicut

1946 3787 2090 3841 enim
2120 3786 2175 3839 in
2205 3800 2331 3839 arca
2353 3782 2463 3838 Noe
2492 3800 2587 3854 per
2615 3785 2928 3839 columbam
2958 3787 3295 3856 significatus
3316 3797 3398 3841 est
3425 3786 3518 3843 Dei

1948 3879 2003 3934 in
2048 3877 2302 3932 homines
2352 3891 2539 3941 amor;
2586 3877 2664 3931 sic
2697 3886 2750 3931 et
2783 3894 2929 3933 nunc
2962 3876 3217 3948 Spiritus,
3253 3880 3521 3935 columbae

1945 3971 2280 4027 descendens
2317 3970 2516 4041 specie,
2542 3970 2689 4025 velut
2717 3968 2953 4027 fructum
2981 3980 3206 4041 portans
3244 3972 3396 4037 oleae,
3426 3986 3521 4027 su-

1946 4080 2044 4135 per
2084 4080 2210 4120 eum
2259 4065 2349 4121 cui
2392 4064 2764 4119 testimonium
2818 4064 3206 4133 perhibebatur
3254 4064 3514 4121 substitit.

1946 4157 2169 4224 Quare?
2203 4167 2264 4212 ut
2292 4156 2526 4211 Paterna
2557 4156 2721 4211 etiam
2754 4171 2859 4210 vox
2904 4165 3052 4211 certa
3086 4165 3141 4211 et
3184 4156 3346 4210 lirma
3395 4173 3518 4214 esse

1945 4259 2242 4315 constaret,
2286 4258 2341 4304 et
2383 4248 2715 4319 prophetica:
2762 4247 3102 4318 prtedictioni
3157 4248 3345 4303 multis
3391 4257 3517 4304 ante

1946 4342 2281 4412 temporibus
2325 4340 2482 4397 facta:
2532 4340 2823 4395 haberetur
2887 4340 3042 4396 ﬁdes.
3092 4338 3353 4407 Quaenam
3392 4342 3520 4398 illa?

1952 4453 1971 4487 ι
2008 4433 2125 4489 Vox
2160 4434 2374 4489 Domini
2400 4448 2563 4504 super
2589 4447 2782 4503 aquas,
2814 4431 2957 4489 Deus
2986 4433 3170 4504 gloriae
3193 4434 3391 4501 tonuit,
3418 4433 3517 4490 Do-

1944 4528 2124 4582 minus
2158 4542 2320 4597 super
2340 4542 2511 4597 aquas
2539 4524 2737 4579 multas
2759 4525 2852 4577 “.o
2880 4524 3143 4593 Quaenam
3194 4525 3339 4593 vox?
3372 4545 3389 4578 ι
3415 4523 3513 4581 Hic

1944 4630 2028 4674 est
2055 4618 2226 4674 Filius
2267 4634 2421 4675 meus
2464 4618 2717 4687 dilectus,
2763 4618 2817 4672 in
2850 4632 2963 4688 quo
3008 4617 3331 4689 complacui.
3363 4636 3383 4671 ι
3413 4615 3511 4672 ilic

1940 4720 2024 4767 est
2063 4710 2155 4780 qui
2204 4709 2425 4779 Josepbi
2460 4712 2777 4764 nominatus
2804 4718 2890 4765 est
2919 4708 3090 4776 (ilius,
3141 4718 3197 4765 et
3238 4724 3395 4765 meus
3427 4719 3513 4764 est

1942 4803 2264 4875 Unigenitus
2292 4802 2591 4857 secundum
2626 4801 2863 4856 divinam
2891 4801 3209 4860 essentiam.
3250 4820 3269 4854 ι
3302 4799 3399 4856 Hic
3427 4812 3511 4856 est

1939 4893 2111 4949 Filius
2145 4907 2300 4948 meus
2328 4890 2597 4947 dilectus:
2636 4909 2655 4943 ι
2690 4892 2942 4947 esuriens
2978 4892 3067 4947 ille
3096 4890 3190 4963 qui
3223 4890 3511 4945 innumera
3556 4952 3559 4953 ν
3606 4942 3611 4943 ,

1940 4986 2036 5041 alit
2061 4984 2259 5050 millia;
2284 4983 2561 5050 laborans,
2599 4982 2851 5053 idemque
2881 4998 3131 5039 recreans
3164 4982 3509 5046 laborantes;

1940 5094 2049 5132 non
2103 5076 2309 5131 habens
2349 5074 2442 5130 ubi
2489 5084 2652 5144 caput
2695 5075 2920 5131 reclinet
2960 5090 3119 5130 suum
3153 5075 3217 5140 ",
3244 5083 3297 5128 et
3325 5074 3508 5129 omnia

1942 5185 2133 5242 gerens
2183 5184 2384 5235 manu;
2435 5167 2529 5238 qui
2561 5168 2797 5237 patitur,
2858 5177 2911 5222 et
2962 5166 3217 5221 omnibus
3264 5166 3509 5221 medetur

1941 5262 2320 5334 passionibus;
2359 5261 2453 5332 qui
2482 5261 2705 5317 caeditur
2741 5260 3011 5332 colaphis,
3049 5267 3103 5314 et
3128 5259 3394 5313 mundum
3416 5258 3511 5315 do-

1027 5404 1069 5435 “
1099 5402 1240 5457 Psal.
1274 5420 1431 5471 χχιιι,
1458 5404 1509 5459 7;
1586 5407 1626 5437 ⁸⁸
1652 5405 1798 5461 Psal.
1836 5421 2028 5472 xxvm,
2059 5406 2113 5461 5.
2192 5406 2236 5437 “
2259 5404 2394 5459 Luc.
2421 5419 2498 5468 ιι,
2529 5402 2582 5458 5.

2001 5519 2116 5589 (79)
2168 5518 2222 5570 Ὀ
2237 5516 2652 5587 ραπιζόμενος,
2690 5520 2789 5589 καὶ
2816 5514 3161 5589 ἐλευθερίαν
3191 5512 3271 5580 τῷ
3300 5514 3522 5583 κόσμῳ

1928 5585 2319 5658 δωρούμενος.
2352 5585 2558 5643 Alludit
2586 5589 2673 5641 hic
2702 5585 3020 5658 Hippolytus
3048 5587 3113 5642 ad
3143 5600 3347 5642 morem
3385 5600 3535 5641 ιιιιι-

1932 5646 2254 5715 ηυῖιιὶιίριιᾱί
2278 5646 2485 5716 ’δεινος
2513 5673 2608 5730 per
2636 5646 2867 5727 alapam.
2897 5646 2971 5711 In.
