4028 6214
456 286 558 342 859

1121 282 1180 339 S.
1223 282 1583 339 IllPPOLYTl
1618 285 1764 342 OPP.
1805 286 1986 344 PARS
2022 286 2088 344 ll.
2125 317 2195 328 ——
2233 287 2539 345 DOGMAT.
2581 287 2669 344 ET
2705 268 3054 346 HISTORIC:

3567 291 3678 349 860

457 398 922 460 natl'rbertate“;
949 397 1042 468 qui
1068 398 1123 452 in
1157 397 1326 455 latere
1365 400 1668 471 percutitur
1691 402 1756 470 η,
1789 412 1843 459 et
1871 404 2014 460 latus

2115 401 2353 474 τόμενος,
2370 405 2464 458 καὶ
2475 404 2570 477 τὴν
2588 405 2718 458 πλευ
2727 403 2824 478 ράν
2845 404 2938 459 τοῦ
2967 403 3136 476 Ἀδάμ
3151 404 3526 477 διορθούμενος
3542 407 3674 479 (80).

456 493 645 548 Adami
679 491 901 561 corrigit
917 491 982 544 ⁸⁸.

531 579 667 636 Vill.
709 577 814 634 Sed
861 589 1120 645 mentem,
1158 596 1366 652 quaeso,
1395 583 1528 637 mihi
1561 591 1810 639 accurate
1845 583 2021 638 inten-

459 670 572 726 dite
602 690 615 726 :
643 673 768 726 volo
803 673 946 728 enirn
986 689 1265 729 recurrere
1293 676 1360 730 ad
1393 674 1589 730 fontem
1625 677 1769 739 vitae,
1801 684 1854 730 et
1894 674 2018 729 fon-

457 771 565 818 tem
603 764 840 820 medelas
880 768 1264 821 scatnricntem
1311 767 1682 836 contemplari.
1729 767 1885 822 Pater
1919 767 2020 820 im-

459 857 803 911 mortalitatis
831 857 1193 911 immortalem
1225 856 1418 912 Filium
1446 874 1509 912 ac
1535 857 1766 912 Verbum
1792 859 1846 912 in
1871 874 2020 911 mun-

455 947 584 1000 dum
617 947 784 1013 misit,
817 948 912 1018 qui
947 949 1093 1003 venit
1127 949 1193 1003 ad
1237 951 1481 1006 homines
1519 951 1732 1005 loturus
1761 966 1854 1007 eos
1879 966 2018 1020 aqua

456 1047 509 1091 et
536 1037 738 1107 Spiritu
775 1057 789 1092 :
820 1049 872 1092 et
902 1051 1313 1110 regeneraturus
1346 1041 1413 1095 ad
1447 1042 1642 1096 anima:
1667 1043 2018 1111 corporisque

459 1127 1044 1198 incorruptibilitatem,
1075 1130 1357 1200 inspiravit
1382 1131 1434 1185 in
1467 1147 1567 1186 nos
1595 1133 1845 1202 spiritum
1875 1132 2015 1198 vita},

459 1225 514 1294 et
559 1217 959 1287 incorruptibili
1018 1231 1290 1276 armatura
1340 1238 1440 1277 nos
1477 1222 1688 1278 “induit.
1747 1223 1803 1277 Si
1857 1224 2020 1294 igitur

457 1292 621 1361 homo
652 1306 825 1363 factus
867 1309 1191 1366 immortalis
1230 1321 1331 1376 est,
1373 1313 1516 1368 Deus
1542 1315 1703 1367 etiam
1727 1315 1832 1368 erit
1857 1292 1920 1368 ίί.
1959 1315 2016 1368 Si

455 1411 585 1452 vero
625 1415 720 1468 per
762 1415 957 1469 aquam
1003 1409 1060 1456 et
1093 1400 1353 1471 Spiritum
1388 1413 1636 1460 sanctum
1665 1421 1696 1460 a
1731 1421 2017 1475 regenera-

457 1488 606 1542 tione
632 1503 709 1551 ,ετ
740 1488 955 1544 lavacro
999 1489 1143 1546 Deus
1185 1491 1263 1555 lit,
1312 1494 1641 1562 comperitur
1684 1496 1846 1549 etiam
1898 1505 2020 1563 post

455 1582 909 1642 resurrectionem
953 1597 984 1635 e
1028 1584 1258 1638 mortuis
1297 1586 1534 1640 cohmres
1579 1585 1784 1642 Christi
1815 1589 2014 1644 esse".

455 1669 623 1738 Igitur
649 1673 912 1742 praeconis
942 1688 1075 1728 voce
1101 1676 1378 1744 proclamo
1411 1695 1426 1732 :
1458 1677 1670 1742 Venite,
1705 1695 1894 1735 omnes
1915 1682 2014 1735 tri-

2199 579 2358 633 Ἀλλά
2400 581 2704 636 συντείνατέ
2753 601 2841 654 μοι
2869 585 2961 638 τὸν
3004 583 3148 649 νοῦν,
3181 586 3501 656 παρακαλῶ,
3539 588 3679 658 μετά

2116 669 2426 742 ἀκριϐείας·
2479 673 2733 746 βούλομαι
2777 676 2880 746 γὰρ
2915 676 3007 729 ἐπὶ
3043 677 3138 748 τὴν
3175 679 3353 749 πηγὴν
3399 679 3495 750 τῆς
3533 679 3684 751 ζωῆς

2115 761 2464 834 ἀναδραμεῖν,
2500 766 2592 818 καὶ
2621 765 2912 821 θεάσασθαι
2945 769 3042 841 τὴν
3083 769 3262 840 πηγὴν
3295 770 3400 821 τῶν
3435 772 3680 842 ίαμάτων

2116 850 2486 919 πηγάζουσαν.
2528 853 2584 905 '0
2613 855 2710 924 τῆς
2735 856 3030 921 ἀθανασίας
3060 859 3267 929 Πατὴρ,
3293 859 3381 912 τὸν
3415 860 3681 915 ἀθάνατον

2116 941 2242 993 Υίὸν
2263 943 2354 994 καὶ
2376 943 2545 1012 Λόγον
2572 945 2884 1000 ἀπέστειλεν
2907 951 2985 1012 είς
3013 950 3101 1003 τὸν
3133 951 3332 1020 κόσμον
3351 968 3364 980 ·
3398 952 3461 1018 ’ὃς
3489 953 3687 1020 ἀφικό-

2120 1050 2280 1104 μενος
2312 1037 2390 1098 είς
2424 1037 2514 1088 τὸν
2545 1037 2845 1109 ἄνθρωπον,
2887 1041 3174 1096 λούσασθαι
3209 1043 3359 1097 ῦδατι
3393 1045 3485 1098 καὶ
3510 1045 3685 1099 Πνεύ-

2119 1140 2246 1193 ματι
2264 1141 2276 1152 ·
2308 1125 2399 1177 καὶ
2421 1127 2790 1198 ἀναγεννήσας
2810 1131 2944 1201 πρὸς
2963 1133 3266 1204 ἀφθαρσίαν
3291 1135 3468 1205 ψυχῆς
3497 1154 3553 1189 τε
3583 1137 3688 1191 καὶ

2118 1213 2382 1284 σώματος,
2415 1217 2739 1290 ἐνεφύσησεν
2766 1223 2892 1291 ἡμῖν
2917 1223 3129 1293 πνεῦμα
3150 1223 3312 1295 ζωῆς,
3341 1228 3687 1298 περιαμφιά-

2117 1319 2215 1366 σας
2243 1305 2386 1373 ἡμᾶς
2405 1305 2664 1377 ἀφθάρτῳ
2696 1309 2983 1380 πανοπλίᾳ.
3019 1313 3079 1364 Εἰ
3108 1308 3199 1365 οῦν
3230 1313 3490 1378 ἀθάνατος
3521 1317 3690 1384 γέγοο

2115 1409 2202 1446 νεν
2231 1395 2259 1445 ὁ
2290 1393 2589 1464 ἄνθρωπος,
2633 1397 2783 1450 ἔσται
2824 1399 2917 1451 καὶ
2945 1399 3073 1463 Θεός
3105 1401 3234 1471 (8|).
3274 1403 3335 1455 Ei
3374 1402 3428 1456 δὲ
3456 1403 3585 1468 Θεὸς
3610 1404 3686 1457 δι’

2118 1482 2308 1546 ὕδατος
2341 1486 2434 1537 καὶ
2465 1485 2777 1556 Πνεύματος
2804 1487 2960 1556 ἁγίου
2993 1489 3129 1559 μετά
3158 1491 3252 1562 τὴν
3282 1491 3379 1561 τῆς
3408 1493 3690 1564 κολυμΰὴ-

2118 1574 2250 1646 θρας
2283 1576 2634 1647 ἀναγέννησιν
2665 1577 2892 1647 γίνεται,
2924 1581 3232 1651 εὑρίσκεται
3267 1583 3361 1635 καὶ
3384 1582 3690 1653 συγκλτςρο-

2117 1665 2278 1736 νόμος
2313 1667 2546 1737 Χριστοῦ
2587 1669 2725 1738 μετά
2755 1669 2850 1741 τὴν
2884 1671 2949 1724 ἐκ
2980 1671 3185 1742 νεκρῶν
3221 1672 3534 1726 ἀνάστασιν.
3584 1673 3688 1727 Διὸ

455 1760 560 1814 bus
585 1761 848 1830 gentium,
877 1763 942 1816 ad
970 1764 1311 1833 baptismatis
1335 1767 1813 1824 immortalitatem.
1841 1769 2014 1826 Vitam

2117 1757 2372 1828 κηρύσσω
2402 1758 2593 1827 λέγων·
2625 1760 2810 1829 Δεῦτε,
2843 1764 3013 1816 πᾶσαι
3045 1764 3101 1816 αἱ
3128 1766 3353 1836 πατριαὶ
3374 1765 3478 1818 τῶν
3491 1762 3693 1830 ἐθνῶν,

459 1852 614 1907 vobis
644 1853 734 1922 qui
764 1853 819 1908 in
845 1855 1161 1924 ignorantia:
1189 1859 1420 1929 caligine
1443 1862 1639 1915 versati
1663 1863 1840 1918 adhuc
1862 1865 2014 1931 estis,

457 1939 636 1996 fausto
663 1943 908 2012 signiﬁco
937 1947 1149 2001 nuntio.
1177 1946 1368 2002 Venite
1397 1964 1463 2003 ex
1493 1951 1752 2005 servitute
1782 1953 1835 2007 in
1858 1954 2020 2009 liber-

458 2040 644 2096 tatem,
675 2048 742 2087 ex
780 2037 1065 2104 tyrannide
1098 2039 1164 2092 ad
1195 2054 1441 2109 regnum,
1465 2057 1532 2096 ex
1569 2044 1915 2112 corruptione
1950 2045 2016 2100 ad

456 2123 1048 2194 incorruptibilitatem.
1081 2127 1147 2182 Et
1171 2131 1467 2200 quomodo,
1486 2133 1682 2204 inquit,
1704 2135 2018 2191 veniemus?

454 2213 774 2279 Quomodo?
814 2217 918 2274 Per
957 2235 1154 2292 aquam
1201 2232 1255 2278 et
1300 2223 1560 2294 Spiritum
1595 2237 1866 2283 sanctum.
1894 2227 2019 2285 Haec

455 2313 540 2360 est
568 2322 706 2378 aqua
736 2324 860 2365 cum
889 2311 1092 2382 Spiritu
1124 2315 1436 2384 conjuncta,
1485 2333 1591 2387 qua
1624 2319 1908 2388 paradisus
1939 2322 2017 2376 ri-

455 2408 632 2469 gatur,
683 2411 828 2458 terra
880 2405 1205 2476 pinguescit,
1247 2409 1641 2466 incrementum
1684 2413 1880 2482 planta:
1925 2431 2019 2470 ca-

456 2489 632 2558 piunt,
663 2504 924 2562 generant
953 2497 1241 2565 animalia;
1276 2507 1438 2569 atque
1463 2510 1522 2556 ut
1552 2504 1734 2557 omnia
1757 2520 2016 2575 compen-

456 2578 549 2632 dio
577 2581 892 2649 amplectar,
930 2599 1026 2653 per
1063 2601 1226 2655 quam
1259 2598 1606 2659 regeneratus
1638 2591 1803 2647 homo
1843 2596 2017 2649 viviti-

454 2679 630 2738 eatur,
656 2688 762 2742 qua
792 2673 1040 2730 Christus
1064 2677 1369 2748 baptizatus
1382 2690 1485 2746 est,
1515 2682 1570 2736 in
1591 2662 1754 2754 quam
1785 2682 2018 2755 Spiritus

455 2772 678 2819 sanctus
707 2764 972 2822 columbae
1001 2771 1180 2839 specie
1205 2770 1504 2829 descendit.

527 2945 617 3002 IX.
659 2946 759 3004 Hic
790 2959 873 3004 est
903 2951 1139 3021 Spiritus
1164 2955 1257 3025 qui
1284 2956 1352 3012 ab
1385 2957 1544 3014 initio
1578 2977 1598 3012 ι
1635 2959 1908 3018 ferebatur
1932 2980 2020 3020 su-

456 3052 553 3106 per
591 3054 762 3107 aquas
787 3040 860 3106 ";
898 3060 916 3092 ι
955 3058 1051 3110 per
1077 3060 1238 3113 quem
1271 3049 1506 3104 mundus
1533 3061 1799 3117 movetur,
1825 3066 2016 3111 natura

456 3136 638 3181 creata
677 3131 946 3195 consistit,
985 3141 1038 3187 et
1063 3137 1246 3190 omnia
1280 3138 1448 3192 vitam
1491 3141 1799 3212 accipiunt;
1833 3147 1926 3215 qui
1955 3147 2011 3200 in

456 3221 734 3288 prophetis
785 3233 1039 3291 operatus
1063 3235 1147 3280 est
1170 3228 1234 3293 ¹⁹,
1267 3227 1321 3283 in
1354 3229 1630 3287 Christum
1653 3235 1922 3292 devolavit
1945 3240 2010 3293 ⁸ο.

457 3309 557 3366 llic
603 3321 686 3366 est
733 3312 966 3383 Spiritus
1008 3318 1187 3386 specie
1219 3319 1524 3390 linguarum
1553 3325 1829 3394 ignearum
1860 3329 2016 3386 datus

451 3405 713 3472 apostolis
735 3407 798 3460 ²¹.
836 3405 989 3463 llunc
1013 3411 1288 3479 quaerebat
1312 3412 1479 3469 David
1509 3431 1631 3470 cum
1663 3418 1799 3474 dixit
1827 3439 1840 3475 :
1867 3439 1884 3473 ι
1909 3422 2017 3477 Cor

455 3491 720 3550 mundum
757 3514 877 3552 crea
916 3499 968 3553 in
999 3500 1280 3567 me,Deus,
1326 3517 1379 3558 et
1405 3507 1652 3575 spiritum
1686 3523 1893 3567 rectum
1933 3514 2015 3568 in-

453 3599 592 3638 nova
622 3585 674 3638 in
704 3584 1001 3642 visceribus
1031 3589 1168 3643 meis
1189 3591 1254 3644 ".
1276 3610 1295 3642 ι
1330 3590 1406 3648 De
1435 3594 1538 3650 hoc
1564 3594 1779 3654 Gabriel
1809 3601 1875 3656 ad
1902 3600 2016 3657 Vir-

455 3674 632 3744 ginem
663 3694 674 3729 :
711 3695 730 3727 ι
767 3676 1000 3747 Spiritus
1025 3690 1248 3736 sanctus
1276 3689 1617 3753 superveniet
1645 3689 1698 3744 in
1728 3701 1798 3758 te,
1829 3702 1881 3748 et
1901 3693 2014 3749 vir-

458 3776 545 3822 tus
571 3769 837 3824 Altissimi
873 3771 1222 3827 obumbrabit
1251 3775 1347 3828 tibi
1365 3779 1430 3831 ”.
1465 3796 1484 3830 ι
1528 3777 1630 3835 Per
1670 3783 1814 3839 hunc
1846 3783 2016 3855 Spiri-

455 3869 568 3913 tum
591 3859 784 3916 Petrus
810 3863 1020 3918 beatam
1049 3866 1194 3920 illam
1227 3883 1413 3923 vocem
1434 3870 1626 3928 cﬂatus
1646 3884 1728 3930 est
1754 3893 1766 3929 :
1806 3895 1824 3928 ι
1849 3877 1929 3931 Tu
1952 3894 2012 3934 es

449 3949 704 4008 Christus
759 3952 931 4010 Filius
957 3955 1051 4010 Dei
1079 3958 1307 4016 viventis
1328 3963 1391 4014 ³⁸.
1419 3981 1438 4015 ι
1461 3962 1563 4018 Per
1586 3966 1730 4022 hunc
1751 3966 2010 4038 Spiritum

451 4041 661 4097 ﬁrmata
690 4043 942 4102 Ecclesia!
977 4057 1127 4117 petra
1156 4062 1238 4107 est
1261 4053 1325 4106 ³⁸.
1355 4053 1453 4108 llic
1473 4065 1556 4110 est
1583 4055 1817 4126 Spiritus
1846 4059 2012 4116 Para-

450 4133 621 4189 cletus
645 4148 860 4206 propter
889 4147 942 4194 te
974 4142 1172 4198 missus
1213 4146 1280 4210 “,
1320 4153 1379 4200 ut
1405 4146 1802 4206 demonstraret
1837 4153 2009 4208 lilium

450 4235 504 4281 te
525 4242 643 4282 esse
675 4227 789 4284 Dei.

2115 1849 2206 1900 ἐπὶ
2232 1848 2328 1920 τὴν
2347 1849 2436 1903 τοῦ
2465 1850 2832 1923 βαπτίσματος
2862 1854 3175 1909 ἀθανασίαν.
3206 1856 3355 1927 Ζωὴν
3377 1857 3501 1926 ὑμῖν
3525 1858 3693 1926 εύαγο

2115 1938 2416 2010 γελίζομαι,
2447 1945 2560 2005 τοῖς
2603 1945 2658 1996 ἐν
2697 1944 2772 2014 τῷ
2805 1944 2950 2015 ζόφῳ
2987 1946 3084 2016 τῆς
3116 1947 3387 2015 ἀγνωσίας
3415 1948 3695 2018 ἐνδιατρί-

2116 2030 2318 2085 ϐουσιν.
2352 2033 2514 2086 Δεῦτε
2546 2037 2625 2098 είς
2666 2035 2975 2108 ἐλευθερίαν
3015 2039 3079 2091 ἐκ
3122 2039 3384 2104 δουλείας,
3420 2041 3497 2104 εἰς
3528 2040 3694 2110 βασι-

2115 2121 2264 2177 λείαν
2301 2124 2366 2177 ὲκ
2409 2127 2738 2196 τυραννίδος,
2772 2128 2851 2192 είς
2888 2128 3193 2200 ἀφθαρσίαν
3231 2132 3295 2183 ἐκ
3325 2132 3422 2201 τῆς
3451 2132 3685 2203 φθορᾶς.

2116 2215 2226 2268 Καὶ
2254 2215 2390 2281 πῶς,
2420 2218 2604 2288 φησιν,
2645 2219 3007 2291 ἐλευσόμεθα;
3051 2221 3209 2287 Πῶς;
3254 2224 3332 2274 Δι’
3369 2222 3553 2286 ὓδατος
3584 2226 3693 2278 καὶ

2116 2306 2269 2375 ἁγίου
2298 2308 2626 2379 Πνεύματος.
2662 2309 2831 2364 Τοῦτο
2858 2311 2912 2364 δέ
2943 2314 3086 2365 ἐστιν
3129 2311 3190 2365 τὸ
3231 2312 3375 2384 ὕδωρ
3414 2314 3475 2366 τὸ
3509 2314 3694 2367 Πνεύ-

2120 2414 2247 2467 ματι
2279 2398 2584 2464 κοινωνοῦν,
2615 2400 2681 2453 δι’
2706 2394 2765 2454 οῦ
2793 2402 3115 2486 παράδεισος
3147 2403 3440 2468 ποτίζεται,
3471 2405 3536 2457 δι’
3562 2400 3620 2459 οῦ
3647 2407 3690 2478 ἠ

2116 2484 2189 2554 γῆ
2222 2485 2511 2551 πιαίνεται,
2540 2489 2607 2541 δι’
2639 2484 2700 2542 οῦ
2739 2491 2901 2558 φυτὸν
2927 2484 3106 2557 αὔξει,
3147 2492 3213 2546 δι’
3241 2489 3300 2546 οὗ
3342 2494 3454 2558 ζῶα
3497 2512 3695 2547 τεκνο-

2116 2578 2262 2644 γονεῖ
2278 2592 2291 2606 ο
2322 2578 2415 2630 καὶ
2441 2577 2527 2629 ἴνα
2557 2578 2732 2631 πάντα
2759 2578 2988 2632 συνελὼν
3012 2581 3168 2642 εἴπω,
3207 2579 3272 2631 δι’
3294 2575 3354 2634 οῦ
3383 2581 3695 2649 ἀναγεννὼ-

2120 2685 2278 2738 μενος
2325 2667 2667 2737 ζωογονεῖται
2716 2667 3019 2741 ἄνθρωπος,
3067 2671 3126 2724 ἐν
3164 2662 3209 2738 ᾧ
3250 2671 3343 2724 καὶ
3382 2672 3410 2723 ό
3447 2672 3693 2742 Χριστὸς

2117 2760 2448 2814 ἐϐαπτίσατο
2466 2801 2481 2827 ,
2515 2763 2572 2814 ἐν
2597 2754 2641 2830 ᾧ
2673 2761 2764 2814 καὶ
2792 2762 2852 2814 τὸ
2883 2761 3104 2832 Πνεῦμα
3141 2765 3443 2834 κατήρχετο
3469 2765 3524 2817 ἐν
3549 2764 3696 2818 εἴδει

2118 2854 2464 2925 περιστερᾶς.

2190 2945 2360 2999 Τοῦτο
2381 2945 2436 2998 δέ
2465 2946 2609 2998 ἐστιν
2635 2944 2694 2998 τὸ
2714 2944 2955 3015 Πνεῦμα,
2982 2944 3041 2999 τὸ
3062 2946 3155 2999 ἀπ’
3180 2947 3348 3018 ἀρχῆς
3379 2966 3397 2998 ι
3426 2948 3695 3020 ἐπιφερό-

2123 3054 2281 3107 μενον
2315 3036 2498 3089 ἐπάνω
2530 3035 2636 3088 τῶν
2674 3035 2880 3090 ὑδάτων
2902 3053 2916 3068 ⁶
2965 3054 2986 3089 ι
3015 3037 3080 3089 δι’
3107 3032 3183 3114 οῦ.
3203 3038 3402 3107 κόσμος
3431 3043 3694 3106 κινεῖται,

2116 3128 2183 3181 δι’
2206 3122 2267 3182 οῦ
2295 3127 2472 3190 κτίσις
2502 3127 2714 3180 ἵσταται
2753 3127 2846 3181 καὶ
2877 3127 2944 3181 τά
2975 3127 3263 3200 σύμπαντα
3299 3130 3650 3199 ζωογονεῖται
3671 3152 3688 3164 ·

2114 3217 2173 3270 τὸ
2194 3220 2251 3271 ἐν
2277 3218 2578 3289 προφήταις
2604 3219 2920 3290 ἐνεργῆσαν,
2939 3220 3001 3272 τὸ
3022 3222 3112 3274 ἐπὶ
3127 3222 3356 3293 Χριστὸν
3379 3224 3690 3279 καταπτάν.

2116 3307 2284 3360 Τοῦτό
2315 3310 2459 3360 ἐστιν
2491 3308 2549 3362 τὸ
2587 3308 2807 3379 Πνεῦμα
2838 3309 2898 3362 τὸ
2939 3309 3086 3362 δοθὲν
3131 3313 3236 3374 τοῖς
3279 3311 3587 3375 ἀποστόλοις
3625 3315 3692 3366 ἐν

2114 3397 2241 3450 εἴδει
2265 3398 2501 3471 πυρίνων
2532 3399 2806 3467 γλωσσῶν.
2836 3398 3004 3452 Τοῦτο
3034 3400 3092 3452 τὸ
3121 3400 3342 3472 Πνεῦμα
3362 3402 3540 3473 ἐζήτει
3571 3406 3686 3457 Δα-

2115 3488 2199 3541 ϐὶδ
2222 3489 2394 3557 λέγων
2412 3506 2426 3520 ο
2446 3508 2465 3542 ι
2483 3489 2722 3560 Καρδίαν
2748 3489 2990 3561 καθαρὰν
3013 3492 3193 3546 κτίσον
3218 3496 3273 3546 ἐν
3297 3495 3438 3564 ἐμοὶ,
3459 3495 3488 3546 ὁ
3522 3494 3688 3560 Θεὸς,

2115 3582 2208 3636 καὶ
2249 3581 2464 3654 πνεῦμα
2490 3582 2641 3645 εύθές
2668 3583 2973 3652 ἐγκαίνισον
2999 3586 3055 3637 ἐν
3087 3586 3197 3648 τοῖς
3221 3586 3470 3653 ἐγκάτοις
3502 3603 3630 3656 μου.
3661 3606 3681 3638 ι

2115 3674 2250 3746 Περί⁷
2276 3673 2465 3727 τούτου
2495 3676 2588 3728 καὶ
2614 3673 2847 3746 Γαϐριὴλ
2877 3675 3056 3744 ἔλεγεν
3076 3679 3141 3747 τῇ
3159 3676 3412 3748 Παρθένῳ
3428 3695 3440 3707 ·
3473 3697 3491 3728 ι
3516 3678 3698 3732 Πνεῦι

2116 3781 2195 3836 μα
2229 3766 2382 3835 ἆγιον
2410 3766 2755 3820 ἐπελεύσεται
2787 3767 2878 3819 ἐπὶ
2913 3767 2990 3831 σὲ,
3032 3768 3127 3820 καὶ
3163 3768 3384 3838 δύναμις
3426 3768 3688 3838 Ὑψίστου

2113 3857 2420 3911 ἐπισκιάσει
2449 3876 2549 3911 σοι.
2587 3877 2606 3910 ι
2643 3857 2739 3912 Διὰ
2782 3857 2967 3912 τούτου
3007 3859 3100 3912 τοῦ
3135 3859 3443 3930 Πνεύματος
3472 3861 3688 3932 Πέτρος

2113 3949 2408 4018 ἐφθέγξατο
2448 3951 2545 4022 τὴν
2595 3952 2867 4023 μακαρίαν
2908 3951 3121 4023 ἐκείνην
3163 3955 3366 4024 φωνήνο
3403 3973 3420 4003 ι
3455 3954 3526 4006 Σὺ
3566 3950 3620 4006 εἴ
3654 3957 3690 4007 ὁ

2109 4041 2340 4113 Χριστὸς
2387 4044 2415 4095 ό
2463 4042 2587 4105 Υἱὸς
2631 4041 2725 4095 τοῦ
2756 4041 2886 4096 Θεοῦ
2927 4041 3142 4107 ζῶντος.
3179 4063 3196 4095 ι
3233 4045 3330 4097 Διὰ
3361 4045 3547 4098 τούτου
3580 4045 3684 4099 τοῦ

2109 4133 2422 4205 Πνεύματος
2445 4132 2794 4205 ἐστερεώθηή
2816 4134 2988 4204 πέτρα
3015 4134 3112 4204 τῆς
3143 4135 3481 4206 Ἐκκλησίας.
3503 4134 3685 4189 Τοῦτό

2111 4228 2258 4278 ἐστιν
2290 4225 2348 4278 τὸ
2382 4224 2625 4295 Πνεῦμα,
2653 4226 2681 4277 ό
2711 4224 3080 4296 Παράκλητος,
3113 4225 3173 4277 τὸ
3194 4225 3281 4278 διὰ
3302 4227 3358 4279 σὲ
3385 4228 3684 4297 πεμπόμε-

2109 4337 2218 4385 νον,
2249 4318 2337 4371 ἴνα
2372 4317 2518 4390 δείξῃ
2547 4335 2606 4370 σε
2639 4317 2823 4370 τέκνον
2855 4317 3010 4370 Θεοῦ.

518 4407 588 4463 X.
629 4408 836 4466 Accede
863 4412 1025 4482 igitur
1053 4423 1106 4468 et
1136 4431 1476 4485 regenerare,
1509 4434 1542 4474 ο
1572 4419 1755 4489 homo,
1781 4423 1846 4477 ad
1875 4425 2006 4480 ado-

2176 4409 2342 4483 Δεῦρο
2372 4410 2566 4475 τοίνυν,
2585 4410 2996 4482 ἀναγεννήθητι,
3019 4409 3285 4482 ἄνθρωπε,
3308 4412 3386 4474 εἰς
3406 4411 3685 4466 υἱοθεσίαν

449 4498 687 4569 ptionem
721 4501 773 4554 in
807 4501 974 4557 [ilium
1003 4503 1118 4560 Dei.
1153 4505 1216 4560 Et
1243 4510 1552 4576 quomodo?
1581 4511 1776 4581 inquit.
1809 4514 1865 4568 Si
1893 4531 2003 4570 non

449 4590 774 4645 adulterium
803 4609 900 4649 nec
923 4596 1122 4651 eadem
1155 4601 1494 4656 commiseris
1514 4603 1580 4666 ³⁷,
1612 4619 1713 4659 nec
1745 4605 1894 4660 idola
1917 4623 2012 4661 co-

449 4682 644 4748 lueris;
671 4685 714 4738 si
742 4701 848 4740 non
873 4689 1106 4744 vincar-is
1131 4708 1158 4743 ιι
1189 4693 1479 4762 voluptate,
1503 4695 1548 4749 si
1573 4712 1681 4750 non
1706 4699 2012 4754 committas

449 4785 508 4831 ut
534 4777 756 4832 allectus
779 4782 1040 4848 superbia:
1067 4784 1161 4838 tibi
1190 4786 1532 4855 dominetur;
1559 4791 1603 4844 si
1628 4791 1814 4845 sordes
1840 4791 2013 4861 impu-

446 4869 622 4923 ritatis
669 4871 968 4942 abstergas,
1015 4883 1070 4929 et
1114 4893 1253 4932 onus
1281 4883 1486 4948 peccati
1521 4898 1551 4935 a
1588 4891 1637 4936 te
1671 4883 1927 4953 abjicias;
1963 4885 2010 4939 si

446 4977 616 5016 exuas
655 4974 983 5019 armaturam
1032 4967 1230 5022 diaboli
1272 4980 1325 5025 et
1369 4973 1562 5028 induas
1600 4974 1720 5028 lidci
1758 4975 2004 5039 loricam,

447 5054 590 5108 sicut
635 5055 848 5111 Isaias:
887 5075 905 5107 ι
939 5056 1240 5125 Lavamini,
1270 5064 1465 5132 inquit,
1509 5074 1562 5120 ct
1607 5067 1832 5135 quaerite
1857 5067 2004 5136 judi-

446 5148 616 5211 cium,
648 5149 840 5218 eripite
868 5164 1213 5220 Oppressum,
1237 5153 1479 5223 judicate
1518 5158 1786 5226 orphano,
1821 5158 2002 5212 absol-

519 5259 562 5291 ¹³
593 5257 725 5314 Hel).
752 5276 790 5322 ι,
814 5264 867 5317 5.
945 5261 988 5295 ⁸⁵
1016 5261 1204 5321 Matth.
1238 5283 1385 5329 xxvi,
1417 5266 1505 5320 67.
1585 5267 1626 5298 "
1649 5266 1804 5321 Joan.
1841 5284 1956 5329 xu,
1980 5267 2064 5321 '55.

448 5331 490 5401 ξ’
517 5329 635 5401 Act.
667 5347 853 5398 xxvni,
884 5333 974 5386 25.
1051 5337 1096 5365 ²⁰
1120 5335 1311 5390 Matth.
1351 5353 1431 5401 Ill,
1465 5337 1550 5390 16.
1626 5340 1669 5370 ²¹
1705 5338 1823 5392 Act.
1855 5355 1914 5400 ιι,
1944 5337 1997 5390 5.

446 5400 652 5454 “lhid.
694 5403 781 5456 18.
857 5405 902 5435 ²⁶
947 5401 1105 5459 Joan.
1161 5422 1271 5471 xvr,
1316 5400 1424 5462 26.7
1483 5409 1524 5439 "
1555 5406 1750 5476 Ephes.
1798 5423 1872 5473 vi,
1910 5407 2001 5462 14.

519 5515 630 5586 (80)
674 5517 792 5585 Τὴν
835 5522 1102 5590 πλευρὰν
1135 5521 1242 5575 τοῦ
1283 5520 1453 5590 Ἀδὰμ
1478 5517 2003 5591 διορθούμενος-,Λῐά

453 5596 555 5674 est.
591 5597 867 5674 peccatum
913 5589 1009 5659 per
1040 5591 1204 5674 Eva'rn
1252 5589 1639 5674 introductum,
1674 5589 1795 5661 qua:
1825 5606 1892 5645 ex
1925 5589 2004 5643 la-

457 5660 569 5708 tere
600 5654 790 5709 Adami
818 5654 1046 5716 formata
1079 5677 1108 5715 a
1142 5661 1250 5716 Deo
1281 5661 1472 5717 fuerat.
1505 5654 1719 5716 nam:

531 5723 642 5792 (8i)
683 5727 886 5782 Ἔσται
913 5731 1010 5783 καὶ
1045 5733 1205 5798 Θεός.
1234 5731 1313 5787 Ad
1347 5733 1476 5790 illud
1506 5733 1726 5803 respicit
1747 5729 1788 5785 11
1819 5729 1931 5786 Pet.
1965 5746 2004 5796 ι,

2113 4505 2268 4560 Θεοῦ.
2300 4506 2410 4558 Καὶ
2442 4505 2586 4568 πῶς;
2623 4504 2814 4575 φησίν·
2863 4504 2955 4556 ἐὰν
2989 4505 3180 4575 μηκέτι
3221 4505 3508 4576 μοιχεύσῃς
3540 4506 3678 4577 (82),

2119 4600 2250 4672 μηδέ
2283 4598 2566 4670 φονεύσῃς,
2602 4598 2734 4669 μηδὲ
2763 4597 3276 4671 εἰδωλολατρεύσῃςο
3305 4599 3396 4652 ἐὰν
3430 4600 3504 4670 μὴ
3537 4617 3679 4669 κρα-

2112 4691 2279 4763 τηθῇς
2297 4690 2384 4759 ὑφ’
2402 4690 2611 4760 ἡδονῆς,
2631 4689 2724 4741 ἐὰν
2748 4689 2820 4760 μὴ
2842 4689 3008 4752 πάθος
3029 4689 3397 4760 ὑπερηφανίας
3413 4692 3680 4765 κυριεύσῃ

2115 4800 2206 4834 σου
2229 4799 2242 4812 ο
2274 4781 2368 4835 ἐὰν
2402 4782 2671 4854 ἁποξέσῃς
2710 4781 2800 4834 τὸν
2843 4781 3010 4852 ῥύπον
3047 4781 3146 4852 τῆς
3182 4782 3536 4854 ἀκαθαρσίας,
3579 4785 3682 4838 καὶ

2111 4871 2416 4945 ἀπορῤίψῃς
2461 4872 2521 4924 τὸ
2567 4870 2781 4940 φορτίον
2823 4870 2922 4939 τῆς
2959 4869 3256 4940 άμαρτίαςσ
3297 4869 3390 4922 ἐὰν
3430 4870 3680 4943 ἀποδύσῃ

2110 4967 2208 5038 τὴν
2238 4963 2532 5019 πανοπλίαν
2570 4962 2663 5016 τοῦ
2695 4961 2959 5025 διαϐόλου,
2995 4962 3087 5014 καὶ
3115 4961 3304 5032 ἐνδύσῃ
3333 4963 3422 5014 τὸν
3451 4961 3678 5033 θώρακα

2108 5060 2206 5129 τῆς
2242 5058 2494 5120 πίστεως,
2529 5054 2708 5118 καθώς
2735 5070 2897 5124 φησιν
2933 5053 3154 5118 Ἡσαΐας
3176 5070 3189 5082 ο
3225 5073 3242 5103 ι
3272 5053 3547 5106 Λούσασθε
3576 5057 3678 5108 καὶ

2106 5147 2374 5221 ζητήσατε
2404 5146 2604 5219 κρίσιν,
2641 5145 2872 5217 ῥύσασθε
2915 5145 3281 5216 ἀδικούμενον,
3323 5148 3540 5218 κρίνατε
3577 5150 3678 5220 ὀρ-

2112 5265 2176 5318 ".
2221 5262 2264 5315 ll
2324 5261 2438 5314 Pet.
2490 5260 2608 5324 ι,ι.
2685 5261 2726 5290 ¹⁷
2757 5258 2917 5314 Rom.
2966 5275 3082 5327 vm,
3116 5259 3200 5316 l7.
3279 5260 3322 5292 ¹⁸
3363 5259 3494 5314 Gen.
3540 5276 3576 5325 ι,
3613 5263 3672 5317 2.

2105 5336 2148 5367 ²²
2179 5332 2318 5387 Psal.
2355 5348 2406 5398 ι,
2439 5331 2524 5384 ιε.
2602 5331 2646 5362 ’³
2689 5327 2821 5385 Luc.
2873 5345 2912 5394 r,
2960 5329 3048 5383 55.
3124 5330 3169 5361 ’⁸
3208 5329 3395 5384 Matth.
3430 5345 3539 5395 xvr,
3575 5331 3674 5388 l6.

2107 5519 2173 5572 ιε
2208 5516 2323 5585 Ἵνα
2343 5513 2430 5568 διὰ
2453 5513 2654 5585 τούτων
2683 5512 2916 5585 γένησθε
2949 5511 3098 5576 θείας
3133 5513 3376 5566 κοινωνοὶ
3409 5511 3624 5583 φύσεως
3657 5531 3675 5546 ο

2116 5606 2135 5640 ι
2176 5584 2246 5640 Ut
2271 5600 2364 5654 per
2391 5587 2505 5639 Ιιίεο
2535 5583 2840 5638 ciliciamini
2870 5583 3375 5654 drivin:eicunsortes
3403 5594 3669 5636 naturqu

2179 5653 2291 5726 (82)
2341 5655 2475 5708 Ἐὰν
2487 5655 2695 5726 μηκέτ-ι
2710 5653 3056 5726 μοιχεύσῃς.
3082 5653 3135 5726 |_n
3166 5655 3318 5726 hunc
3338 5654 3515 5708 locum
3551 5655 3675 5710 ride

2121 5722 2405 5785 Possinum
2443 5722 2508 5782 ad
2550 5724 2607 5782 S.
2641 5723 2745 5780 Nili
2768 5723 3050 5795 epistolam
3078 5722 3131 5778 2.
3166 5722 3381 5781 Punic.
