2014 3107
144 169 194 197 861

728 171 918 200 SERMONUM
938 170 1159 200 FRAGMENTA.

1701 173 1756 201 86?.

143 226 231 261 φανῷ,
253 227 300 255 καὶ
314 227 474 255 δικαιώσατε
491 228 588 265 χήραν.
608 229 662 255 Καὶ
679 228 755 256 δεῦτε
772 230 818 257 καὶ
836 230 919 257 διαλε-

977 232 1031 259 vite
1044 232 1164 258 viduam.
1178 231 1210 259 Ει
1222 232 1311 259 venite
1321 236 1347 260 et
1359 231 1550 268 disceptemus,
1564 232 1602 260 ait
1612 231 1753 259 Dominus.

141 274 262 310 χθῶμεν,
289 274 361 308 λέγει
389 274 499 310 Κύριος.
524 274 578 301 Καὶ
595 275 641 301 ἐὰν
662 272 728 301 ὦσιν
746 276 774 302 αί
792 276 924 311 ἁμαρτίαι

142 320 219 355 ὑμῶν
233 319 270 351 ὡς
287 319 433 353 φοινικοῦν,
449 319 487 350 ὠς
498 320 573 354 χιόνα
589 319 724 346 λευκανῶ·
745 321 792 348 ἐὰν
812 321 840 347 δὲ
860 318 925 347 ὦσιν

140 365 180 397 ὡς
197 366 331 397 κόκκινον,
348 364 413 391 ὡσεὶ
427 364 498 400 ἔριον
509 365 641 392 λευκανῶ.
656 366 709 392 Καὶ
719 366 765 393 ἐὰν
776 366 868 402 θέλητε
878 366 925 393 καὶ

138 411 193 446 τῆς
211 411 301 446 φωνῆς
317 419 366 446 μου
380 411 528 447 ἀκούσητε,
545 412 579 438 τὰ
598 412 686 446 ἀγαθὰ
704 414 752 448 τῆς
773 413 822 448 γῆς
843 413 925 448 φάγε-

140 456 199 482 σθε.
218 466 229 482 ι
247 457 324 488 Ἰδες,
339 457 474 492 ἀγαπητὲ,
490 457 547 489 πῶς
562 460 689 493 προεῖπεν
703 460 716 485 ὁ
731 460 872 494 προφήτης
894 458 923 485 τὸ

137 502 187 529 τοῦ
200 502 384 538 βαπτίσματος
394 502 539 539 καθάρσιον
549 511 557 535 ς
574 504 602 530 '0
611 504 663 538 γὰρ
673 505 843 531 καταῦαίνων
855 505 922 539 μετὰ

138 549 257 581 πίστεως
272 550 311 580 είς
322 549 352 575 τδ
362 549 411 584 τῆς
421 549 622 584 ἀναγεννήσεως
633 549 741 585 λουτρὸν
751 550 922 577 διατάσσεται

136 594 178 629 τῷ
195 594 314 629 πονηρῷ,
333 595 508 622 συντάσσεται
528 595 556 622 δὲ
570 595 608 630 τῷ
622 595 731 631 Χριστῷ
742 604 749 611 ⁸
764 596 922 631 ἁπαρνείται

136 641 185 666 τὸν
205 640 310 677 ἐχθρὸν,
330 641 455 676 ὁμολογεῖ
468 641 495 668 δὲ
509 642 550 674 τδ,
567 642 633 668 Θεὸν
647 640 715 669 εἶναι
730 642 775 668 τὸν
786 642 901 678 Χριστόν
913 650 920 657 ·

138 687 287 714 ἀποδύεται
302 687 351 722 τὴν
367 687 497 720 δουλείαν,
515 687 634 714 ἐνδύεται
655 688 683 714 δὲ
702 688 750 723 τὴν
771 687 919 715 υἱοθεσίαν·

138 734 283 770 ἀνέρχεται
300 734 353 760 ἀπὺ
369 734 416 760 τοῦ
433 734 617 770 βαπτίσματος
631 734 754 770 λαμπρὸς
769 734 807 766 ὡς
821 735 835 760 ό
848 733 924 769 ἥλιος

140 780 208 815 (83),
225 780 428 816 ἀπαστράπτων
442 781 490 812 τὰς
505 780 554 815 τῆς
568 780 739 815 δικαιοσύνης
755 780 865 811 ἀκτῖνας
874 789 880 795 ·
893 779 922 806 τὸ

974 278 1006 305 Ει
1020 279 1042 305 si
1055 279 1109 306 sint
1121 283 1230 313 peccata
1241 284 1329 306 vestra
1342 279 1414 306 sicut
1426 279 1608 313 phmniceum,
1624 283 1653 307 ut
1666 279 1754 306 nivem

973 324 1118 356 dealbabo;
1141 324 1218 359 sique
1237 323 1337 351 fuerint
1355 329 1386 351 ut
1407 325 1561 357 coccinum,
1578 324 1710 353 dealbabo
1726 328 1757 351 ut

972 369 1072 396 lanam.
1095 369 1126 396 Et
1140 370 1248 404 quando
1263 370 1345 397 vultis
1360 378 1452 398 vocem
1468 379 1555 399 meam
1566 371 1670 403 audire,
1684 370 1755 397 bona

974 420 1051 442 teme
1065 415 1213 442 comedetis
1228 416 1260 442 ’⁸.
1278 425 1287 442 ι
1314 415 1404 448 Vides,
1421 416 1527 448 dilecte,
1544 417 1680 451 quomodo
1694 423 1758 450 pro-

975 458 1055 493 pheta
1074 458 1200 493 baptismi
1216 459 1269 486 vim
1288 460 1455 494 purgativam
1470 460 1602 495 prmdixit.
1617 460 1668 493 Qui
1683 461 1756 488 enim

976 511 1037 531 cum
1052 504 1103 531 iidc
1118 505 1144 531 in
1161 504 1213 531 hoc
1228 505 1441 539 regenerationis
1454 505 1591 532 lavacrum
1606 505 1756 538 descendit,

975 550 1112 577 renuntiat
1124 550 1242 581 diabolo.
1257 556 1283 577 et
1297 551 1405 578 Christo
1418 559 1447 578 se
1460 551 1577 583 addicit;
1592 551 1695 578 hostem
1708 551 1758 578 ab-

975 599 1065 630 negat,
1082 599 1109 622 at
1121 595 1260 623 Christum
1279 595 1363 622 Deum
1380 604 1440 624 esse
1458 596 1617 629 conﬁtetur;
1638 597 1757 624 servitu-

975 645 1028 667 tem
1051 642 1135 673 exuit,
1159 641 1247 668 induit
1271 642 1460 676 adoptionem;
1486 642 1555 669 redit
1570 650 1602 669 ex
1622 643 1757 677 baptismo

975 686 1133 722 splendidus
1151 691 1180 714 ut
1193 687 1244 719 sol,
1263 687 1354 714 radios
1367 687 1479 722 justitia‘.
1489 687 1669 722 eﬂulgurans;
1682 687 1756 722 quod

974 740 1038 759 vero
1061 732 1208 759 maximum
1232 736 1283 764 est,
1308 733 1453 760 revertitur
1465 733 1537 760 ﬁlius
1554 732 1600 760 Dei
1616 739 1641 760 et
1655 732 1757 760 Christi

975 779 1105 806 cohaeres.
1131 777 1183 812 Ipsi
1208 779 1292 813 gloria
1319 783 1344 806 et
1360 780 1480 814 potentia
1493 787 1554 806 cum
1570 779 1756 811 sanctissimo,

138 825 168 852 δὲ
185 826 322 861 μέγιστον,
343 827 446 854 ἄνεισιν
464 827 521 858 υίὸς
543 826 619 858 Θεοῦ,
643 826 689 853 καὶ
706 826 919 862 συγκληρονόμος

975 823 1047 850 bono
1060 828 1086 850 et
1099 823 1208 850 viriﬁco
1222 823 1282 858 ejus
1297 823 1412 859 Spiritu,
1428 832 1502 852 nunc
1516 825 1552 852 sit
1567 829 1593 851 et
1607 831 1714 858 semper
1730 827 1757 850 et

137 870 268 906 Χριστοῦ.
284 872 362 907 Αὐτῷ
377 874 392 908 ἡ
405 872 467 905 δόξα
480 872 566 899 καὶτὸ
580 873 678 908 κράτος
692 873 740 899 σὺν
749 872 787 908 τῷ
799 872 919 907 παναγίῳ

976 870 1003 897 in
1018 869 1108 896 omnia
1123 868 1221 896 saecula
1235 870 1407 897 saeculorum.
1422 871 1519 898 Amen.

137 917 185 945 καὶ
198 917 292 953 ἀγαθῷ
303 918 349 944 καὶ
365 917 488 953 ζωοποιῷ
502 918 583 945 αὑτοῦ
596 918 745 954 Πνεύματι,
757 918 805 945 νῦν
816 919 862 945 καὶ
874 918 927 950 ἀεὶ,
942 917 988 944 καὶ
1000 917 1039 948 εἰς
1054 915 1117 946 τοὺς
1133 914 1292 950 σύμπαντας
1306 916 1406 949 αἰῶνας
1424 917 1479 944 τῶν
1498 916 1612 944 αἰώνων.
1637 916 1737 952 Ἀμήν.

140 1002 1754 1016 __,_,___—___________—___—____..

638 1086 705 1143 S.
746 1085 1251 1143 EIPPOLYTI

415 1204 806 1264 SERMONUM
853 1204 1015 1264 SIVE
1062 1203 1518 1262 HOMILIABUM

748 1324 1131 1371 FRAGMENTA.

312 1557 355 1585 Ea:
368 1566 484 1585 sermone
500 1557 537 1585 De
552 1558 759 1586 resurrectione.
772 1574 807 1578 —
822 1559 897 1593 Apud
913 1559 1084 1586 Anastasium
1102 1559 1233 1586 Sinaitam
1249 1559 1277 1586 in
1296 1558 1416 1593 Hodego,
1436 1566 1498 1594 pag.
1512 1558 1572 1588 350.

144 1615 301 1646 Ἰππολΰτω
327 1618 475 1644 ἐπισκόπου
496 1617 604 1654 Ῥώμης
610 1639 618 1651 ,
641 1619 673 1645 ὲκ
692 1618 738 1645 τοῦ
760 1619 829 1653 Περὶ
845 1619 917 1647 ἁνα-

969 1619 1104 1655 ﬂippolyti
1125 1619 1244 1660 episcopi
1262 1618 1388 1660 Romani,
1416 1626 1449 1646 ex
1467 1625 1595 1660 sermone
1611 1618 1649 1645 De
1664 1627 1753 1647 ταυτα

258 1662 394 1695 στάσεως
409 1663 457 1690 καὶ
474 1664 641 1699 ἀφθαρσίας
654 1666 732 1700 λόγου
746 1664 812 1701 (84).

1171 1659 1284 1681 rectione
1299 1659 1323 1681 ιι
1340 1659 1544 1688 incorruptione.

173 1710 327 1744 (Ἔσονται,
348 1710 440 1746 φησιν,
461 1711 490 1737 ὲν
511 1713 542 1747 τῇ
562 1712 707 1739 ἀναστάσει
725 1713 748 1739 οἱ
765 1700 917 1749 ἄνθρωποι,

1006 1701 1123 1734 «Erunt,
1141 1701 1238 1736 inquit,
1261 1701 1384 1728 homines
1403 1709 1429 1728 in
1453 1700 1661 1733 resurrectione,
1684 1700 1755 1728 sicut

133 1756 173 1787 ὡς
194 1756 219 1782 οἱ
238 1755 348 1790 ἄγγελοι
370 1756 417 1783 τοῦ
433 1756 515 1782 Θεοῦ*
536 1766 545 1782 ν
569 1758 598 1783 ὲν
622 1757 760 1794 ἀφθαρσίᾳ
784 1747 917 1794 δηλονότι,

969 1748 1055 1783 angeli
1077 1747 1173 1781 Dei”;
1195 1757 1204 1773 ι
1242 1748 1371 1775 nimirum
1398 1747 1583 1782 corruptionis
1618 1752 1752 1782 expertes,

133 1802 183 1828 καὶ
206 1801 354 1836 ἀθανασίᾳ,
374 1801 420 1828 καὶ
444 1802 566 1838 ἁρευσίᾳ.
586 1803 740 1839 Ἀφθαρτος
760 1803 814 1839 γὰρ
840 1804 918 1830 οὐσία

133 1847 163 1874 οὐ
182 1847 323 1881 γεννᾶται,
345 1847 395 1873 οὐκ
416 1846 508 1878 αὔξει.
531 1847 579 1882 οὐχ
602 1848 695 1881 ὑπνοῖ,
719 1848 749 1874 οὑ
772 1849 860 1883 πεινᾷ,
886 1848 916 1875 οὒ

133 1891 215 1927 διψᾷ,
235 1892 264 1918 οὐ
280 1892 373 1927 κοπιᾷ,
387 1891 416 1917 οὗ
434 1892 543 1926 πάσχει,
558 1892 587 1918 οὺ
609 1891 729 1927 θνήσκει,
749 1892 778 1919 οὐ
794 1893 917 1929 τιτρᾶται

134 1938 187 1964 ὑπῆ
212 1937 282 1972 ἥλων
306 1937 353 1963 καὶ
378 1936 492 1973 λόγχης,
516 1937 565 1973 οὐχ
590 1937 665 1973 ἱδροῖ,
692 1938 740 1973 οὐχ
765 1939 915 1974 αἱμορῤοεί.

134 1984 263 2012 Τοιαῦται
285 1984 373 2011 οὐσίαι
393 1984 460 2011 εἰσὶν
480 1985 496 2020 ῆ
517 1993 547 2011 τε
569 1984 622 2012 ’τῶν
644 1984 776 2019 ἀγγέλων,
790 1986 844 2021 ἦτε
863 1985 917 2012 τῶν

133 2030 237 2065 ψυχῶν,
257 2030 312 2056 τῶν
337 2031 370 2057 ὲκ
389 2029 522 2065 σωμάτων
544 2030 769 2066 ἀπηλλαγμένων.
809 2030 916 2067 Ἐπειδὴ

133 2077 181 2102 καὶ
195 2077 348 2112 ἀμφότεραι
369 2077 533 2112 ἑτερογενεῖς
552 2078 618 2109 εἰσι,
640 2077 686 2103 καὶ
709 2076 844 2113 ἀλλότριαι
867 2076 916 2112 τῆς

133 2121 293 2157 δρωμένης,
319 2121 368 2149 καὶ
399 2122 578 2159 φθειρομένης
613 2123 713 2158 ταύτης
743 2122 788 2149 τοῦ
813 2122 915 2158 κόσμου

133 2167 259 2198 κτίσεως.

967 1793 1144 1826 immortales,
1170 1794 1237 1820 nihil
1259 1794 1367 1821 deﬂuxu
1389 1793 1480 1828 aliquo
1503 1792 1651 1828 deperdere
1668 1792 1752 1819 soliti.

967 1839 1034 1867 Nam
1051 1833 1212 1867 immortalis
1236 1844 1334 1866 natura
1354 1847 1407 1866 non
1422 1843 1542 1873 generat,
1569 1846 1622 1865 non
1638 1845 1753 1872 genera-

968 1890 1022 1917 tur,
1040 1894 1093 1913 non
1108 1891 1231 1921 augetur,
1246 1894 1300 1913 non
1314 1886 1423 1919 dormit,
1440 1892 1493 1911 non
1509 1884 1603 1914 esurit.
1618 1891 1671 1910 non
1683 1883 1752 1914 sitit,

968 1939 1022 1958 non
1053 1930 1190 1965 fatigatur,
1217 1938 1271 1957 non
1292 1930 1403 1965 patitur,
1431 1937 1485 1956 non
1513 1929 1639 1960 moritur,
1664 1935 1752 1961 neque

967 1983 982 2003 a
997 1976 1080 2003 clavis
1100 1981 1127 2004 et
1145 1977 1239 2004 lancea
1257 1976 1422 2011 perforatur,
1443 1983 1498 2002 non
1515 1976 1603 2008 sudat,
1619 1984 1672 2002 non
1690 1975 1752 2009 (un-

967 2023 1007 2050 dit
1026 2023 1197 2057 sanguinem.
1215 2022 1353 2058 Ejusmodi
1375 2022 1480 2050 naturis
1505 2026 1630 2049 constant
1651 2022 1750 2057 angeli,

968 2072 995 2095 et
1011 2069 1108 2096 anima;
1126 2069 1265 2103 corporeis
1279 2068 1395 2096 vinculis
1412 2068 1552 2095 exsoluta.
1566 2067 1658 2095 Ambaa
1677 2068 1749 2095 enim

969 2110 1028 2138 istaa
1054 2117 1160 2139 naturae
1185 2117 1249 2139 sunt
1272 2112 1384 2140 alterius
1408 2112 1525 2147 generis,
1551 2116 1578 2139 et
1598 2113 1710 2140 diverszr
1734 2120 1750 2139 a

968 2158 1101 2185 creaturis
1123 2159 1204 2193 hujus
1218 2158 1321 2191 mundi,
1338 2166 1398 2193 quae
1411 2159 1462 2186 sub
1478 2163 1616 2193 aspectum
1639 2158 1750 2192 cadunt,

968 2208 996 2231 et
1007 2204 1173 2239 corruptioni
1190 2205 1379 2239 subjiciuntur.

134 2304 178 2333 Ex
199 2313 316 2333 sermone
330 2304 495 2340 Theologite,
512 2306 539 2332 id
554 2310 592 2333 ut
607 2306 727 2334 Deitatis.
742 2322 778 2326 —
795 2306 890 2334 Exstat
916 2309 943 2334 in
957 2309 1043 2337 Actis,
1056 2311 1158 2337 concilii
1179 2311 1363 2338 Lnteranensis
1381 2311 1428 2338 sub
1447 2312 1565 2339 Marti'no
1585 2309 1601 2337 Ι
1621 2318 1683 2338 arm.
1697 2309 1749 2337 649

491 2340 623 2374 celebrati,
636 2347 757 2369 secretar.
777 2350 800 2375 ν,
812 2351 872 2377 pag.
886 2344 948 2375 287.
965 2350 1028 2371 tom.
1042 2345 1085 2371 VII
1101 2346 1163 2371 edit.
1187 2345 1380 2373 Venelo-Labb.

169 2384 223 2412 Τοῦ
240 2385 317 2420 ἁγίου
335 2384 490 2422 Ἱππολύτου
505 2386 653 2412 ἐπισκόπου
661 2386 715 2422 καὶ
732 2386 880 2422 μάρτυρος,

303 2422 335 2447 ὲκ
349 2420 396 2447 τοῦ
409 2420 477 2454 Περὶ
493 2422 646 2456 θεολογίας
660 2420 748 2455 λόγον.

170 2477 207 2504 To
226 2477 312 2504 θέλειν
329 2477 386 2513 ἔχει
403 2478 417 2504 ὁ
431 2477 506 2509 Θεὸς,
526 2478 555 2504 οὺ
572 2478 602 2504 τὸ
620 2477 657 2513 μὴ
678 2477 779 2505 θέλειν·
800 2479 915 2514 τρεπτοῦ

132 2522 188 2559 γὰρ
213 2523 291 2550 τοῦτο
319 2524 367 2550 καὶ
396 2523 571 2559 προαιρετοῦ·
601 2523 677 2560 ἀϊδίῳ
703 2524 755 2560 γὰρ
786 2524 915 2561 θελήματι

133 2569 202 2596 θεοῦ
225 2569 322 2597 ἕπεται
344 2569 379 2596 τὰ
400 2570 543 2606 γινόμενα,
567 2565 589 2603 ᾧ
610 2569 658 2596 καὶ
683 2570 813 2606 γενόμενα
840 2571 915 2607 μένει

136 2614 288 2650 σωζόμενα.

167 2704 191 2721 ³⁸
205 2704 256 2732 lsa.
276 2713 294 2737 ι,
310 2703 402 2733 16-19.
457 2707 480 2722 ¹⁹
491 2705 583 2732 Matth.
600 2713 665 2738 xxii,
679 2705 723 2734 50.

172 2831 227 2866 (85)
244 2832 384 2866 Λαμπρός
406 2834 445 2866 ὡς
466 2834 481 2860 ὁ
504 2832 600 2867 ἣλιος,
621 2833 688 2861 Illud
710 2834 815 2861 videtur
831 2833 918 2868 respi-

134 2873 208 2898 cere,
227 2867 298 2902 quod
317 2872 403 2902 poeta:
420 2869 513 2896 dicunt
535 2869 568 2896 de
588 2869 644 2897 sole
670 2876 701 2896 ex
720 2868 818 2897 Oceani
839 2867 917 2897 undis

135 2908 300 2938 emergente.
317 2903 420 2930 FABRIC.

932 2393 953 2421 Ι)
967 2390 1058 2418 Sancti
1079 2390 1211 2427 Hippolyti
1236 2392 1355 2426 episcopi
1372 2396 1398 2418 et
1413 2393 1549 2427 martyris,
1570 2399 1604 2420 ex
1625 2399 1750 2420 sermone

1141 2427 1179 2454 De
1195 2427 1334 2462 theologia,
1351 2427 1376 2454 id
1391 2433 1442 2459 est,
1458 2427 1572 2455 Deitate.

1002 2479 1076 2508 Velle
1100 2481 1177 2508 habet
1201 2481 1286 2515 Deus;
1308 2489 1361 2508 non
1386 2486 1476 2509 autem
1504 2490 1558 2509 non
1579 2482 1672 2510 velle:
1696 2483 1748 2511 hoc

966 2526 1037 2553 enim
1063 2527 1192 2554 vertibilis
1217 2532 1268 2561 est,
1290 2533 1317 2555 et
1338 2528 1541 2563 eligentis:sed
1556 2529 1746 2563 sempiternam

965 2571 1131 2599 voluntatem
1157 2572 1203 2600 Dei
1231 2579 1383 2609 sequuntur
1405 2582 1466 2610 quae
1489 2575 1575 2609 ﬁunt,
1597 2582 1646 2609 per
1665 2582 1746 2609 quem

965 2622 992 2645 et
1008 2618 1078 2646 facta
1093 2624 1203 2648 manent
1220 2625 1337 2647 servata.
1498 2627 1504 2631 '

1112 2697 1133 2712 υ

1007 2829 1062 2868 (84)
1080 2831 1132 2856 Ἐκ
1146 2830 1198 2868 τοῦ
1214 2830 1281 2864 περὶ
1296 2830 1489 2868 ἀναστάσεως
1502 2834 1604 2868 λόγου.
1621 2834 1751 2862 Memine-

970 2870 1033 2893 rnnt
1057 2865 1214 2902 interculus
1234 2872 1422 2902 marmoreus.
1452 2865 1483 2894 S.
1504 2865 1750 2902 Hieronynius.So-

971 2902 1109 2936 phronins,
1122 2900 1300 2935 Nicephorus.
1311 2900 1456 2937 Honorius,
1469 2899 1617 2932 Proculus.
1633 2899 1706 2934 inn}.
