4028 6214
469 319 570 374 8'35
1175 325 1233 383 S.
1268 322 1625 380 HIPPOLYTI
1663 323 1809 378 OPP.
1850 321 2029 378 PARS
2068 320 2134 376 11.
2174 353 2242 363 --
2279 317 2584 375 DOGMAT.
2626 317 2714 374 ET
2751 317 3090 376 lllSTOlilC.
3582 319 3690 377 εει

1335 526 1418 582 Ea:
1449 527 1668 580 humilia
1698 525 1990 581 Dominicat
2015 524 2256 582 Pascha.
2278 555 2346 566 —
2375 523 2516 578 Ibid.
2550 541 2669 595 pag.
2703 523 2830 580 293.

544 613 602 668 S.
625 610 896 686 Hippolyti
939 617 1181 689 episcOpi
1224 628 1280 673 et
1307 619 1594 689 martyris,
1637 633 1703 673 ex
1739 617 1961 672 humilia
2059 621 2135 678 A'

2104 616 2238 676 ,Τοῦ
2279 617 2434 685 ἁγίου
2473 616 2787 689 ξιππολύτου
2829 612 3125 689 ἐπισκόπου
3163 611 3257 689 καὶ
3296 611 3588 684 μάρτυρος,
3624 614 3695 668 ἐκ

971 682 1260 742 Dominicw
1296 682 1530 743 Pascltiu.
1582 682 1586 684 Ἴ
2329 682 2338 685 ’
2437 686 2540 757 τῆς

2329 682 2338 685 ’
2437 686 2540 757 τῆς
2569 689 2672 752 Εἰς
2699 687 2764 740 τὸ
2794 685 3007 754 Πάσχα
3035 682 3363 754 ἐξηγήσεως.

546 794 715 852 Totus
763 808 881 854 erat
930 799 984 854 in
1035 800 1287 856 omnibus
1337 810 1391 857 et
1440 800 1667 870 ubique;
1726 799 2028 868 adimplens

2202 798 2363 863 Ὅλος
2401 794 2470 869 ἦν
2511 800 2570 852 ὲν
2616 800 2746 851 πᾶσι
2794 799 2886 852 καὶ
2931 795 3226 867 πανταχοῦ,
3258 797 3491 868 γεμίσας
3528 796 3587 851 δὲ
3621 796 3687 850 τδ

472 902 604 941 vero
643 889 820 942 omnia
867 890 935 944 ad
972 905 1164 947 omnes
1211 892 1387 948 aerios
1433 892 1800 962 principatus,
1847 891 2026 946 nudus

2130 894 2238 946 πᾶν
2273 892 2408 963 πρὸς
2453 891 2630 954 πάσας
2667 889 2764 954 τὰς
2793 891 3006 959 ἀερίους
3034 889 3206 961 ἀρχάς
3235 889 3438 958 γυμνὸς
3480 890 3689 943 ἀνταπ-

473 977 868 1048 redespoliatus
901 989 984 1035 est
1026 1000 1038 1035 :
1081 990 1134 1036 et
1175 982 1242 1036 ad
1284 998 1508 1052 parvum
1557 983 1754 1038 clamat
1794 980 2028 1036 transire

2130 983 2384 1036 εδύσατο·
2439 982 2534 1036 καὶ
2570 982 2706 1053 πρὸς
2742 981 2917 1049 ὀλίγον
2961 980 3058 1051 βοᾷ
3097 980 3383 1051 παρελθεῖν
3418 979 3480 1034 τὺ
3517 981 3692 1053 ποτη-

470 1067 716 1132 calicem,
763 1079 820 1124 ut
862 1071 1113 1126 ostendat
1149 1087 1292 1138 vere,
1325 1073 1452 1142 quia
1495 1081 1548 1128 et
1573 1073 1734 1127 homo
1763 1081 1908 1138 erat;
1942 1087 2028 1125 re-

2133 1090 2266 1146 ptov,
2305 1073 2392 1128 ἵνα
2431 1072 2581 1143 δείξῃ
2615 1070 2830 1144 ἀληθῶς
2867 1073 2950 1124 ὅτι
2983 1071 3076 1124 καὶ
3115 1071 3401 1142 ἄνθρωπος
3430 1069 3538 1141 (85)
3577 1065 3686 1142 ἦν’

472 1158 766 1215 niiniscens
794 1169 974 1216 autem
1007 1171 1061 1216 et
1098 1171 1317 1233 propter
1350 1163 1496 1234 quod
1534 1163 1735 1218 miSsus
1767 1172 1870 1226 est,
1901 1177 2024 1231 per-

2131 1161 2474 1233 μεμνημένος
2504 1163 2561 1216 δὲ
2601 1163 2693 1214 καὶ
2725 1160 2804 1214 διὸ
2836 1160 3111 1230 ἀπεστάλη
3131 1200 3146 1224 ,
3184 1159 3378 1232 πληροῖ
3418 1159 3514 1231 τὴν
3543 1161 3693 1212 οίκο-

470 1248 583 1304 ῆείι
627 1250 1086 1320 dispensationem
1135 1255 1202 1309 ad
1239 1271 1400 1326 quam
1437 1255 1637 1309 missus
1678 1263 1794 1320 est;
1833 1261 1887 1308 et
1914 1252 2024 1307 cla-

2124 1255 2315 1324 νομίαν
2346 1257 2423 1318 είς
2457 1254 2523 1325 ἢν
2553 1252 2828 1324 ἀπεστάλη
2871 1251 3001 1324 (86),
3033 1255 3128 1306 καὶ
3157 1250 3280 1322 βοᾷ⁹
3324 1269 3343 1301 ι
3375 1251 3574 1323 Πάτερ,
3606 1249 3686 1323 μὴ

470 1350 621 1396 mat:
666 1363 684 1394 ι
715 1341 892 1410 Pater,
939 1360 1048 1399 non
1093 1361 1219 1400 mea.
1263 1347 1615 1412 voluntas”;
1649 1365 1667 1397 ι
1719 1354 1813 1400 et:
1854 1362 1873 1396 ι
1902 1342 2025 1413 Spi-

2123 1347 2183 1399 τὸ
2215 1345 2423 1416 θέλημὰ
2456 1361 2586 1416 μου·
2625 1363 2642 1398 t
2669 1374 2727 1386 -—
2762 1364 2780 1398 ι
2807 1345 2868 1399 τὸ
2898 1348 3027 1418 μέν·
3053 1343 3275 1416 Πνεῦμα
3309 1343 3612 1416 πρόθυμον,
3646 1345 3685 1414 ἡ

469 1433 606 1489 ritus
643 1435 857 1506 quidem
892 1447 1192 1509 promptus,
1220 1455 1347 1495 caro
1373 1448 1549 1494 autem
1582 1439 1796 1493 inﬁrma
1817 1437 1882 1490 “.
1915 1454 1934 1488 ι

1086 1447 1192 1503 tus,
1220 1455 1347 1495 caro
1373 1448 1549 1494 autem
1582 1439 1796 1493 inﬁrma
1817 1437 1882 1490 “.
1915 1454 1934 1488 ι
2125 1437 2182 1491 δὲ
2211 1437 2344 1509 σὰρξ
2376 1437 2627 1508 ἀσθενής.
2654 1455 2673 1490 ι

1073 1617 1076 1620 δ
2052 1546 2139 1602 Iv.

540 1645 620 1699 Ea:
645 1664 880 1704 sermone
903 1649 956 1703 in
989 1647 1239 1704 Eleanam
1275 1658 1328 1704 et
1348 1650 1578 1703 Annam.
1606 1677 1675 1688 ——
1700 1645 1851 1714 Apud
1882 1641 2131 1740 Theodori

1962 1728 2080 1764 una.
2109 1745 2131 1764 υ

2019 1641 2248 1764 dorétbum
2279 1639 2414 1695 Dial.
2443 1637 2483 1704 1,
2515 1640 2602 1693 cui
2627 1639 2813 1694 titulus
2837 1639 3165 1707 Ἄτρεπτος,
3195 1637 3328 1708 Opp.
3354 1647 3478 1693 tom.
3503 1635 3534 1692 Ι
3551 1635 3609 1705 ιν,

2018 1728 2080 1764 ια.
2181 1748 2194 1762 .

1961 1728 2194 1781 pag.oo.

534 1831 590 1888 S.
615 1832 882 1908 Hippolyti
929 1837 1160 1908 episcopi
1192 1845 1244 1890 et
1285 1837 1558 1908 martyris,
1599 1852 1662 1890 ex
1695 1850 1945 1892 sermone
2118 1826 2125 1843 ’

2118 1824 2248 1904 Τοῦ-
2271 1824 2424 1908 ἀγίου
2461 1824 2778 1908 Ἱππολύτῳ
2823 1823 3122 1908 επισκόπου
3159 1822 3250 1908 καὶ
3294 1820 3584 1908 μάρτυρος,
3614 1823 3689 1877 ὲκ

904 1893 974 1959 ἔνι’
993 1893 1245 1959 ΕΙεάηαηι
1278 1920 1322 1960 et
1348 1893 1572 1960 Auitum.
2158 1895 2250 1947 τοῦ
2278 1895 2434 1963 λόγου
2458 1913 2495 1946 τ⁴

2158 1895 2250 1947 τοῦ
2278 1895 2434 1963 λόγου
2458 1895 2547 1947 τοῦ
2572 1897 2673 1960 Εἰς
2695 1894 2799 1948 τὸν
2834 1893 3122 1947 Ἐλκανᾶν
3147 1893 3240 1946 καί
3271 1893 3383 1957 τὴν
3408 1894 3635 1945 "Amr.

533 1995 645 2050 Duc
673 1997 827 2061 mihi,
859 2013 892 2050 ο
922 1997 1159 2063 Samuel,
1209 1998 1260 2052 in
1289 1998 1553 2053 Bethleem
1599 2000 1913 2068 iuvencam;
1957 2010 2016 2054 ut

2194 1990 2326 2056 ’Ἄγε
2365 1989 2426 2059 δή
2464 2006 2584 2058 μοι,
2625 1983 2668 2040 ὦ
2697 1987 2964 2058 Σαμουὴλ,
2997 1989 3079 2048 είς
3111 1983 3352 2055 Βηθλεὲμ
3382 1983 3685 2054 ἑλκομένην

460 2102 524 2140 es
555 2085 751 2140 Davide
782 2096 962 2141 natum
1011 2104 1209 2158 regem,
1243 2098 1297 2142 et
1325 2090 1469 2144 hunc
1510 2105 1539 2144 a
1570 2089 1728 2146 Patre
1755 2105 1932 2160 regem
1963 2099 2016 2146 et

2117 2079 2216 2151 τὴν
2261 2079 2506 2150 δάμαλιν,
2561 2079 2646 2130 ἵνα
2696 2076 2966 2146 ὲπιδείξης
3003 2074 3092 2127 τὸν
3141 2076 3204 2126 ὲκ
3246 2072 3408 2124 Δαϐὶδ
3451 2072 3679 2142 βασιλέα

461 2177 794 2233 sacerdotem
823 2190 1043 2234 unctum
1076 2182 1350 2238 ostendas.

2117 2171 2449 2242 τικτόμενον,
2478 2169 2570 2224 καὶ
2592 2168 2775 2222 τοῦτον
2801 2167 2902 2220 ὑπὸ
2927 2165 3135 2237 Πατρὸς
3163 2161 3381 2234 βασιλέα
3406 2164 3496 2216 καὶ
3527 2163 3681 2234 ἱερέα

2120 2265 2421 2337 χριόμενον.

812 2359 1066 2430 Ejusdem
1097 2379 1161 2416 ea:
1191 2363 1370 2418 eodem
1411 2382 1662 2422 sermone.
2046 2326 2090 2385 Β
2383 2359 2403 2408 ²

2046 2326 2090 2385 Β
2246 2326 2257 2335 ’
2383 2353 2492 2408 Τοῦ
2525 2352 2730 2414 αὐτοῦ,
2765 2351 2832 2404 ἐκ
2862 2349 2967 2404 τοῦ
2999 2347 3181 2402 αὑτοῦ
3210 2348 3413 2416 λόγου.

527 2450 622 2507 Dic
651 2452 803 2516 mihi,
839 2468 871 2508 ο
903 2455 1057 2509 beata
1079 2454 1267 2522 Maria,
1305 2457 1434 2525 quid
1469 2468 1586 2513 erat
1623 2476 1653 2514 a
1682 2465 1736 2514 te
1773 2459 1826 2514 in
1855 2468 2011 2516 utero

2185 2445 2321 2503 Εῒπὲ
2359 2465 2467 2518 μοι,
2502 2441 2546 2500 ὦ
2581 2444 2824 2517 μακαρία
2855 2441 3060 2514 Μαρία,
3096 2443 3147 2493 τί
3178 2437 3244 2513 ἦν
3272 2440 3332 2493 τὸ
3358 2439 3461 2492 ὑπὸ
3489 2437 3582 2491 σοῦ
3612 2438 3679 2490 ἐν

456 2553 796 2613 conceptum,
831 2554 884 2600 et
915 2547 1041 2616 quid
1076 2555 1183 2602 ate
1218 2549 1269 2601 in
1301 2549 1544 2620 virginali
1575 2551 1800 2606 matrice
1835 2561 2013 2622 gesta-

2113 2545 2179 2613 τῇ
2223 2539 2396 2611 κοιλίᾳ
2443 2535 2885 2606 συνειλημμένον,
2920 2532 3012 2585 καὶ
3051 2532 3104 2584 τί
3139 2526 3206 2602 ἦν
3244 2531 3304 2584 τὸ
3341 2529 3469 2622 ὑπὸ*
3485 2528 3577 2622 σοῦ
3611 2529 3680 2622 ὲν

458 2634 660 2689 batur?
704 2635 939 2691 Verbum
987 2638 1131 2692 enim
1180 2647 1296 2694 erat
1339 2616 1433 2694 Dei
1469 2616 1910 2713 primogenitum,
1941 2642 2011 2697 de

2115 2633 2412 2706 παρθενικῇ
2455 2631 2634 2701 μήτρα
2661 2625 3086 2696 βασταζόμενονς
3117 2623 3286 2691 Λόγος
3313 2621 3418 2694 γάρ
3440 2616 3507 2692 ἦν
3529 2619 3675 2713 Θεοῦ

454 2724 608 2779 caelis
647 2725 700 2778 in
747 2733 798 2780 te
834 2726 1197 2793 descendens,
1237 2739 1291 2784 et
1324 2731 1485 2785 homo
1523 2712 1913 2804 primogenitus
1954 2733 2010 2788 in

2115 2727 2455 2799 πρωτότοκος
2491 2725 2586 2777 ἀπ’
2613 2719 2854 2791 οὐρανῶν
2900 2716 3092 2809 ὲπὶισὲ
3128 2712 3678 2809 κατερχόμενοςζκαῗ.

455 2825 609 2871 utero
631 2815 925 2884 formatus;
961 2828 1018 2873 ut
1045 2821 1456 2892 primogenitum
1485 2802 1722 2880 Verbum
1761 2825 1879 2894 Dei,
1908 2827 2010 2882 ho-

2109 2817 2392 2890 ἄνθρωπος
2431 2814 2768 2885 πρωτότοκος
2810 2810 2866 2862 ὲν
2895 2802 3072 2876 κοιλίᾳ
3112 2806 3509 2875 πλασσόμενοςο
3539 2802 3606 2856 ἵν’
3640 2804 3679 2857 ὸ

455 2906 588 2962 mini
619 2909 975 2981 primogenita
1000 2912 1210 2966 unitum
1240 2915 1636 2970 ostenderetur.

2108 2909 2447 2983 πρωτότοκος
2479 2905 2648 2973 Λόγος
2677 2899 2830 2966 Θεοῦ,
2859 2898 3184 2971 πρωτοτόκῳ
3211 2895 3481 2968 ἀνθρώπῳ
3505 2912 3677 2949 συνα-

2110 3002 2377 3074 πτόμενος
2413 2996 2620 3066 δειχθῇ.

817 3088 1066 3160 Ejusdem
1097 3107 1162 3146 ea:
1191 3093 1368 3146 eodem
1397 3110 1649 3148 sermone.
2377 3095 2408 3144 Ἰ

2377 3090 2487 3144 Τοῦ
2517 3085 2723 3150 αὑτοῦ,
2751 3083 2820 3136 ἐκ
2853 3081 2957 3136 τοῦ
2987 3079 3170 3133 αὐτοῦ
3197 3081 3402 3149 λόγου.

531 3176 874 3244 Secundam,
925 3194 1019 3248 per
1066 3181 1398 3250 prophetas,
1459 3191 1517 3236 ut
1558 3199 1653 3252 per
1705 3182 2008 3241 Samuelem

2185 3185 2295 3254 Τὴν
2339 3184 2395 3236 δὲ
2438 3179 2693 3249 δευτέραν
2739 3175 2836 3247 τὴν
2878 3173 2966 3228 διὰ
3005 3172 3112 3226 τῶν
3144 3170 3434 3243 προφητῶν
3472 3169 3546 3232 ὡς
3578 3169 3677 3224 διὰ

453 3284 710 3324 revocans
750 3280 802 3324 et
836 3271 1072 3326 liberans
1102 3273 1359 3342 populum
1395 3289 1423 3328 a
1452 3276 1710 3331 servitute
1747 3277 2005 3348 alienige-

2109 3279 2202 3337 τοῦ
2244 3270 2493 3345 Σαμουὴλ
2537 3266 2839 3328 ἀνακαλῶν,
2884 3264 2977 3318 καὶ
3031 3261 3371 3333 ἐπιστρέφων
3414 3260 3504 3314 τὸν
3544 3260 3680 3314 λαὸν

453 3377 664 3416 narum.
713 3361 969 3430 Tertiam,
1017 3364 1234 3432 quando
1283 3365 1598 3422 incarnatus
1650 3368 1857 3436 aderat,
1905 3370 2006 3424 ho-

2109 3372 2218 3430 ἀπὸ
2249 3370 2345 3440 τῆς
2371 3361 2609 3423 δουλείας
2646 3357 2750 3412 τῶν
2779 3353 3106 3424 ἀλλοφύλων.
3139 3354 3248 3425 Τὴν
3274 3353 3331 3407 δὲ
3363 3353 3572 3424 τρίτην,
3609 3353 3678 3405 ἐν

456 3455 600 3508 mine
640 3471 700 3509 ex
737 3453 948 3524 Virgine
995 3467 1301 3526 assumpto;
1343 3459 1436 3528 qui
1475 3468 1529 3514 et
1562 3460 1834 3516 civitatem
1869 3477 2004 3518 con-

2110 3458 2144 3536 ᾖ
2180 3461 2436 3530 ἒνσαρκος
2479 3451 2656 3523 παρῆν
2698 3447 2789 3501 τὸν
2831 3449 2894 3500 ὲκ
2929 3446 3029 3514 τῆς
3069 3444 3340 3514 Παρθένου

451 3547 708 3616 spicatus,
737 3545 881 3601 ﬂevit
908 3562 1070 3617 super
1101 3547 1294 3617 ipsam.

2111 3535 2414 3614 ἀναλαϐὼν,
2445 3546 2502 3610 ὃς
2531 3543 2626 3599 καὶ
2650 3541 2770 3596 ἰδὼν
2795 3539 2891 3610 τὴν
2917 3538 3091 3603 πόλιν,
3118 3536 3376 3589 ἔκλαυσεν
3402 3535 3486 3588 ἐπ’
3508 3535 3678 3604 αὐτῇ.

2029 3643 2093 3700 ν.

523 3729 606 3784 Ea:
633 3731 810 3785 cadent
839 3733 1343 3803 sermone.-—Apud
1374 3732 1609 3787 eumdem
1642 3733 2008 3792 Theodoritum
2048 3737 2106 3792 Di

2000 3756 2008 3791 ι
2048 3737 2182 3794 Dial.
2213 3735 2276 3802 ll,
2303 3735 2391 3806 qui
2436 3730 2792 3798 Ἀσύτχυτος
2822 3721 3145 3777 inscribitur.
3180 3717 3318 3772 Ibid.
3349 3735 3471 3789 pag.
3504 3717 3591 3774 88.

522 3821 673 3878 Hanc
714 3823 783 3877 ob
807 3838 1027 3878 causam
1078 3823 1178 3878 tria
1217 3823 1344 3878 anni
1388 3835 1626 3895 tempora
1658 3825 1996 3884 Servatorem
2024 3837 2066 3895 C

2167 3828 2277 3882 Καὶ
2314 3825 2403 3880 διὰ
2438 3821 2592 3876 τοῦτο
2631 3820 2780 3890 τρεῖς
2810 3814 2992 3884 καιροὶ
3029 3811 3123 3866 τοῦ
3150 3811 3390 3865 ἐνιαυτοῦ
3432 3826 3671 3881 προετυ-

450 3913 629 3984 ipsum
675 3915 1184 3986 praesigniﬁcabat“,
1231 3927 1289 3972 ut
1326 3933 1447 3987 quae
1478 3919 1544 3973 de
1587 3919 1705 3989 ipso
1751 3923 2003 3991 praedicta

2104 3919 2300 3973 ποῦντο
2331 3919 2410 3979 είς
2441 3911 2598 3967 αὐτὸν
2627 3909 2716 3963 τὸν
2738 3906 2988 3976 Σωτῆρα,
3015 3906 3099 3958 ἵνα
3130 3903 3195 3956 τὰ
3222 3901 3673 3974 προφητευθέντα

450 4017 608 4062 erant
647 4009 898 4080 mysteria
943 4020 1239 4080 perageret.
1285 4010 1340 4064 ln
1372 4010 1634 4067 Paschate
1667 4015 1906 4083 quidem,
1944 4023 2004 4070 ut

2104 4011 2195 4064 ἐπὶ
2223 4007 2386 4063 αὑτοῦ
2419 4005 2692 4077 μυστήρια
2724 3998 3028 4070 ἐπιτελέσῃ.
3083 3997 3170 4049 Ἐν
3205 3995 3302 4067 μὲν
3335 3992 3412 4063 τῷ
3438 3992 3630 4062 Πάσχα
3650 4031 3670 4057 ,

450 4101 760 4156 ostenderet
793 4116 910 4156 sese
955 4110 1206 4171 tanquam
1237 4117 1390 4156 ovem
1432 4105 1794 4172 mactandum,
1824 4116 1878 4161 et
1908 4123 2000 4161 ve-

2103 4105 2191 4157 ῖνα
2225 4099 2414 4155 ἑαυτὸν
2447 4095 2688 4167 ἐπιδείξῃ
2725 4095 2815 4148 τὸν
2850 4092 3104 4165 μέλλοντα
3139 4089 3214 4153 ὡς
3246 4089 3512 4159 πρόϐατον
3544 4085 3671 4140 θύε-

451 4206 572 4245 rum
623 4190 831 4246 Pascha
886 4193 1257 4262 probandum,
1307 4194 1448 4248 sicut
1491 4195 1623 4249 dicit
1667 4197 1995 4266 Apostolus:

2105 4194 2248 4260 σθαι,
2267 4193 2361 4246 καὶ
2377 4189 2623 4257 ἀληθινὸν
2639 4189 2826 4256 Πάσχα
2839 4183 3164 4246 δείκνυσθαι,
3190 4182 3264 4246 ὼς
3295 4184 3324 4235 ὁ
3349 4179 3670 4242 Ἀπόστολος

456 4301 474 4333 ι
506 4281 714 4337 Pascha
757 4291 1000 4338 nostrum
1043 4299 1139 4353 pro
1183 4284 1338 4339 nobis
1374 4283 1682 4342 immolatus
1720 4298 1804 4344 est
1841 4288 2001 4343 Chri-

2098 4286 2276 4354 λέγει·
2299 4284 2400 4336 «Τὸ
2417 4282 2474 4335 δὲ
2495 4282 2682 4351 Πάσχα
2698 4276 3048 4349 ήμῶνύπὲρὴ
3057 4273 3170 4345 μῶν
3194 4271 3356 4344 ὲθύθη
3382 4270 3612 4343 Χριστὸς
3637 4287 3660 4321 ι

449 4368 616 4422 stus“
646 4387 663 4420 ι
715 4367 876 4425 Dens.
927 4369 983 4424 In
1016 4370 1332 4427 Pentecoste
1360 4387 1508 4441 vero,
1541 4385 1600 4430 ut
1631 4375 1852 4446 regnum
1885 4394 1999 4435 οω-

2099 4380 2128 4431 ὁ
2153 4376 2302 4440 Θεός,
2349 4374 2437 4426 Ἐν
2473 4373 2528 4426 δὲ
2561 4374 2627 4443 τῇ
2667 4370 3042 4441 Πεντηκοστῇ,
3087 4366 3172 4418 ῖνα
3213 4365 3537 4435 προσημήνῃ
3566 4361 3669 4433 τὴν

453 4459 625 4513 lorum
678 4462 1149 4531 pmsigniticarct;
1203 4474 1260 4518 ut
1317 4468 1408 4536 qui
1463 4468 1667 4537 primus
1713 4469 1780 4524 ad
1831 4473 2000 4526 caelos

2100 4469 2209 4522 τῶν
2244 4466 2484 4540 οὐρανῶν
2523 4463 2796 4537 βασιλείαν
2817 4477 2832 4493 ο
2871 4459 3031 4522 αὐτὸς
3058 4456 3268 4528 πρῶτος
3301 4457 3380 4520 είς
3402 4456 3668 4528 οὐρανοὺς

450 4549 714 4618 ascendit,
749 4551 966 4622 Deoque
993 4555 1194 4610 donum
1235 4557 1504 4614 hominem
1541 4561 1756 4618 obtulit.

2105 4560 2344 4626 ἀναϐὰς,
2387 4558 2481 4614 καὶ
2523 4556 2614 4611 τὸν
2653 4553 2936 4628 ἄνθρωπον
2985 4551 3154 4624 δῶρον
3193 4548 3268 4620 τῷ
3303 4548 3421 4620 Θεῷ
3491 4559 3671 4616 προσ-

1865 4647 1870 4656 “
2109 4653 2351 4725 ενὲγκας.

2012 4763 2102 4824 VI.

614 4846 699 4902 Ea:
739 4850 975 4904 oratione
1010 4851 1065 4905 in
1095 4851 1250 4918 illud,
1289 4870 1308 4904 ι
1342 4852 1596 4910 Dominus
1640 4857 1809 4924 pascit
1852 4873 1949 4912 me.
1991 4875 2012 4911 ι
2039 4888 2111 4899 -
2135 4858 2289 4927 Apud
2319 4857 2555 4913 eumdem
2595 4852 2966 4908 Theodoritum
2997 4851 3136 4905 Dial.
3169 4848 3212 4916 ῐ,
3249 4867 3372 4921 pag.
3405 4848 3494 4905 36.

448 4943 630 4997 Sancti
656 4939 937 5024 Hippolyti
961 4943 1210 5024 episcopi.
1236 4953 1288 4998 et
1321 4947 1594 5024 martyris,
1637 4962 1705 5002 ex
1745 4948 1992 5004 oratione

2097 4949 2203 5003 Τοῦ
2245 4949 2398 5024 ἀγίου
2439 4944 2782 5024 Ἱππολύτου.
2807 4940 3102 5024 ὲπιὲόπου
3134 4942 3228 4995 καὶ
3273 4940 3564 5024 μάρτυρος,
3593 4938 3661 4993 ix

720 5012 773 5066 in
812 5011 962 5079 illud,
996 5011 1029 5063 ἶ
1064 5011 1322 5068 Dominus
1352 5011 1526 5085 pascit
1552 5031 1654 5071 me.
1689 5037 1708 5070 ι
2191 5019 2282 5072 τοῦ
2296 5011 2311 5071 ’ἶ

2191 5011 2465 5086 τοῦλόγου
2504 5016 2596 5071 τοῦ
2632 5016 2711 5078 είς
2734 5013 2817 5078 τὸ,
2851 5033 2870 5064 t
2895 5012 3095 5084 Κύριος
3126 5011 3402 5082 ποιμαίνει
3435 5011 3523 5084 με.
3562 5029 3581 5064 ι

515 5123 684 5178 Porro
720 5133 896 5178 autem
929 5139 1052 5178 arca
1087 5140 1153 5178 ex
1182 5124 1340 5193 lignis
1379 5141 1500 5195 quae
1530 5141 1840 5196 putrescere
1879 5143 1988 5182 non

2169 5130 2278 5184 Καὶ
2323 5127 2554 5191 κιὸωτὸς
2597 5127 2652 5180 δὲ
2693 5128 2758 5180 ὲκ
2801 5125 2971 5190 ξύλων
3015 5125 3274 5196 ἀσήπτων
3317 5123 3480 5188 αὐτὸς
3519 5119 3591 5196 ἦν
3634 5126 3666 5179 ὁ

445 5225 715 5288 poterant,
754 5227 870 5271 erat
910 5217 1024 5287 ipse
1054 5216 1320 5271 Salvator.
1367 5215 1470 5272 Per
1507 5217 1647 5272 hanc
1681 5217 1849 5285 enim,
1890 5233 1992 5288 pu-

2098 5222 2318 5293 Σωτήρ·
2351 5221 2410 5274 τὸ
2439 5220 2548 5292 γὰρ
2579 5218 2820 5291 ἄσηπτον
2849 5216 3013 5274 αὑτοῦ
3040 5218 3134 5272 καὶ
3169 5215 3492 5291 ἀδιάφθορον
3529 5217 3659 5274 cxi-

512 5398 557 5429 ³⁰
580 5396 712 5452 Luc.
746 5413 876 5465 χιιι,
901 5396 988 5452 42.
1079 5398 1121 5429 ³¹
1145 5399 1330 5454 Matth.
1365 5413 1512 5462 xxvn,
1538 5398 1629 5454 41.
1699 5401 1785 5458 "l
1815 5402 1938 5458 Cor.
1967 5418 2022 5468 v,
2050 5401 2107 5458 7.

519 5555 631 5623 (85)
648 5557 767 5612 Ὅτι
797 5559 894 5613 καί
916 5559 1241 5627 ἄνθρωπος.
1261 5557 1399 5614 Nota
1418 5560 1642 5624 dictum,
1669 5577 1688 5610 ι
1707 5567 1761 5614 et
1781 5559 1996 5622 homou
2104 5559 2229 5617 103.

445 5627 700 5700 quoniam
747 5630 952 5700 scilicet
986 5625 1147 5683 aliam
1187 5630 1408 5700 insuper
1449 5643 1695 5685 naturam
1737 5631 1998 5700 habebat.

2110 5699 2115 5700 ί
2172 5627 2287 5699 ς86)
2316 5627 2606 5700 tumcf...
2635 5625 3103 5697 ἀπεστάιηᾘωο
3136 5639 3412 5698 perperam
3454 5625 3659 5682 omissa

444 5695 494 5752 et
529 5695 666 5751 Deus
696 5709 829 5753 erat.
871 5699 1061 5766 Gala,
1095 5701 1160 5755 ad
1201 5695 1334 5756 Bulli
1361 5700 1568 5770 Defens.
1596 5701 1689 5768 ﬁd.
1723 5699 1844 5757 Nic.
1877 5716 1998 5772 pag.
2105 5699 2158 5754 in
2181 5695 2312 5756 edit.
2346 5695 2558 5756 Fabric.
