4028 6214
273 274 379 333 865

266 666 449 729 λωπές
501 684 600 736 μου
650 665 760 719 ἀπὸ
801 664 1090 737 προσώπου
1136 664 1237 735 τῆς
1285 665 1597 736 ἀφροσύνης
1655 683 1775 735 μου.
1809 683 1826 716 s

280 759 339 813 '0
359 759 420 813 δὲ
440 759 642 831 Κύριος
670 760 1053 831 ἀναμάρτητος
1083 754 1174 829 ἦν,
1206 759 1270 811 ὲκ
1308 756 1415 810 τῶν
1443 758 1703 827 ἀσήπτων
1741 757 1831 821 ξύ-

266 852 374 906 λων
414 852 476 905 τὸ
509 852 649 905 κατά
682 850 985 921 ἄνθρωπον,
1024 850 1295 903 τουτέστιν
1328 852 1393 902 ὲκ
1422 848 1521 917 τῆς
1559 848 1831 920 Παρθένου

265 946 361 997 καὶ
408 942 502 997 τοῦ
544 944 695 1012 ἁγίου
744 941 1089 1013 Πνεύματος,
1139 940 1335 993 ἔσωθεν
1365 942 1458 993 καὶ
1508 941 1704 1004 ἔξωθεν
1734 941 1827 993 τοῦ

264 1038 442 1106 Λόγου
475 1036 567 1089 τοῦ
595 1035 729 1090 Θεοῦ
759 1029 846 1089 οἷα
878 1034 1247 1105 καθαρωτάτῳ
1286 1032 1495 1104 χρυσίῳ
1535 1050 1829 1104 περικεκα-

261 1127 327 1181 λυ
335 1128 560 1201 μμένος.

1435 274 1813 332 δεῐὶΜΟΝυΜ
1854 277 2292 335 FRAGMENTA.

271 412 360 457 νος
389 391 562 464 ταύτῃ
600 391 1015 463 κατηγγέλλετο,
1044 390 1105 445 τὸ
1137 389 1405 462 μηδεμίαν
1444 391 1827 463 ἁμαρτήματος

1941 393 2167 448 tredinis
2214 404 2264 447 et
2297 396 2660 465 corruptionis
2706 413 2899 470 expers
2926 402 3045 473 ejus
3085 404 3490 463 tabernaculum
3596 376 3611 392 ’

271 484 545 555 σηπεδόνα
586 482 781 554 φῦσαν.
836 484 896 536 '0
944 483 1053 555 γὰρ
1089 483 1413 554 ἁμαρτήσας
1450 484 1544 536 καὶ
1588 482 1835 553 ἐξομολο-

267 574 531 646 γούμινός
560 591 695 647 φησι
714 591 727 605 ·
772 592 791 626 ι
815 573 1170 645 Προσώζεσαν
1201 574 1293 627 καὶ
1322 574 1603 645 ὲσάπησαν
1643 575 1691 626 οἱ
1720 573 1833 645 μώ-

3319 258 3339 283 ⁸
3392 295 3495 350 866

1934 485 2376 555 signiﬁcabatur,
2423 489 2567 558 quod
2632 492 2835 547 nullam
2894 499 3096 563 peccati
3153 499 3490 567 putredinem

1934 580 2139 642 genuit.
2169 578 2304 629 Nam
2337 577 2428 646 qui
2464 580 2722 647 peccavit,
2753 582 3041 639 conﬁtetur
3065 594 3118 641 et
3147 588 3313 642 dicit:
3345 605 3362 638 ι
3384 586 3494 640 Ριι-

1932 671 2187 720 truerunt
2224 676 2278 721 et
2309 680 2579 739 corruptae
2619 682 2747 727 sunt
2779 674 3057 732 cicatrices
3094 692 3244 744 mea,
3292 693 3323 732 a
3356 677 3495 733 facie

1933 755 2255 827 insipientia:
2283 775 2415 814 mea:
2436 761 2500 815 ³³.
2518 780 2536 815 ι
2571 761 2831 819 Dominus
2860 775 3038 821 autem
3064 769 3268 837 peccati
3298 784 3493 837 expers

1931 856 2069 914 erat,
2103 858 2157 903 ct
2184 866 2251 905 ex
2285 851 2444 919 lignis
2474 853 2850 922 putrefactioni
2882 874 2987 911 non
3016 859 3266 913 obnoxiis
3297 874 3494 913 secun-

1934 938 2064 994 dum
2116 941 2412 1009 hominem,
2466 944 2566 1000 hoc
2606 956 2689 1001 est
2734 964 2799 1001 ex
2828 946 3046 1017 Virgine
3093 959 3149 1005 ct
3186 966 3250 1005 ex
3288 951 3490 1020 Spiritu

1934 1040 2143 1097 sancto,
2183 1033 2327 1089 intus
2351 1042 2404 1087 et
2426 1034 2560 1091 foris
2596 1049 2851 1109 tanquam
2879 1042 3174 1111 purissimo
3204 1042 3364 1097 Verbi
3393 1043 3487 1097 Dei

1933 1138 2069 1179 auro
2097 1125 2506 1182 circumtectus.

1824 1215 1938 1271 VII.

460 1314 549 1370 Ea:
586 1329 819 1369 sermone
842 1312 895 1367 in
924 1327 1180 1385 magnum
1228 1310 1534 1366 Canticum.
1562 1311 1809 1380 —Apud
1850 1310 2083 1364 eumdem
2117 1310 2484 1366 Theodoritum
2508 1312 2643 1367 Dial.
2680 1312 2743 1380 ll,
2766 1316 2893 1370 ibid.
2932 1334 3052 1388 pag.
3080 1318 3166 1381 88,
3206 1320 3293 1375 89.

262 1408 373 1465 Τοῦ
401 1408 583 1473 αὐτοῦ,
608 1406 677 1460 ἐκ
706 1405 809 1459 τοῦ
829 1401 1169 1526 λόγῖιέλτῖρῦ
1190 1404 1267 1466 εἰς
1292 1402 1386 1473 τὴν
1420 1400 1581 1472 ’ῼδὴν
1608 1402 1706 1473 τὴν
1734 1418 1828 1471 με-

952 1492 1142 1545 γαΑην.

347 1590 409 1643 '0
450 1588 540 1643 τὸν
570 1586 881 1641 ἀπολωλότα
915 1586 979 1638 ὲκ
1010 1584 1115 1655 γῆς
1158 1583 1574 1656 πρωτόπλαστον
1618 1582 1827 1653 ἀνθρω-

262 1698 389 1745 πον,
421 1680 514 1733 καὶ
552 1681 610 1734 ὲν
647 1678 864 1748 δεσμοῖς
897 1675 1124 1730 θανάτου
1164 1674 1546 1746 κρατούμενον,
1594 1674 1653 1741 ἐξ
1699 1674 1825 1744 ᾅδου

260 1773 577 1827 κατωτάτου
619 1770 881 1833 ἑλκύσας·
922 1771 951 1822 6
996 1767 1197 1821 ἄνωθεν
1241 1766 1535 1831 κατελθὼν,
1590 1767 1683 1819 καὶ
1735 1766 1825 1819 τὸν

260 1869 415 1919 κάτω
433 1866 513 1927 εἰς
536 1864 601 1916 τὰ
627 1864 738 1917 ἄνω
766 1862 1062 1930 ἀνενέγκας
1082 1879 1093 1891 ·
1125 1864 1153 1914 6
1177 1860 1284 1914 τῶν
1304 1859 1515 1930 νεκρῶν
1548 1857 1828 1928 εὐαγγελι-

260 1956 415 2027 στὴς,
450 1956 543 2008 καὶ
571 1953 677 2007 τῶν
708 1953 893 2024 ψυχῶν
924 1953 1219 2024 λυτρωτὴς,
1256 1954 1345 2006 καὶ
1382 1952 1675 2015 ἀνάστασις
1719 1949 1827 2005 τῶν

257 2046 617 2117 τεθαμμένων
658 2045 937 2114 γινόμενος
956 2081 970 2105 ,
998 2035 1152 2105 οὗτος
1181 2038 1248 2112 ἧν
1286 2044 1314 2094 6
1341 2042 1433 2095 τοῦ
1474 2043 1823 2113 νενικημένου

257 2140 549 2213 ἀνθρώπου
575 2137 935 2209 γεγενημένος
959 2138 1167 2208 βοηθὸς,
1199 2136 1314 2190 κατ’
1335 2136 1492 2190 αὑτὸν
1523 2138 1705 2206 ὅμοιος
1733 2135 1827 2190 αύ-

256 2236 358 2307 τῷ,
398 2235 738 2307 πρωτότοκος
769 2232 959 2301 Λόγος,
993 2232 1085 2286 τὸν
1113 2231 1529 2303 πρωτόπλαστον
1570 2228 1742 2300 ’Λδάμ
1768 2231 1825 2283 ὲν

255 2332 325 2400 τῇ
385 2326 650 2399 Παρθένῳ
700 2325 1188 2395 ἐπισκεπτόμενοςο
1244 2326 1274 2377 6
1326 2322 1689 2392 πνευματικὸς
1736 2322 1826 2375 τὸν

254 2421 441 2491 χοίκὸν
469 2424 527 2474 ὲν
552 2422 618 2490 τῇ
646 2420 825 2490 μήτρᾳ
849 2416 1139 2487 ἐπιζητῶν·
1166 2418 1194 2469 6
1221 2416 1308 2469 ἀεὶ
1337 2414 1443 2479 ζῶν
1462 2416 1549 2468 τὸν
1578 2415 1666 2467 διὰ
1689 2431 1826 2485 παρ-

256 2513 429 2582 ἀκοῆς
476 2511 837 2564 ἀποθανόνταο
882 2510 911 2561 6
952 2509 1195 2580 οὐράνιος
1241 2508 1331 2561 τὸν
1367 2507 1605 2575 ἐπίγειον
1642 2507 1721 2570 εἰς
1760 2506 1827 2559 τὰ.

256 2606 374 2660 ἀνω
400 2602 600 2658 καλῶνο
643 2605 672 2658 6
701 2600 924 2672 εὐγενὴς
950 2601 1038 2654 τὸν
1065 2599 1247 2652 δοῦλον
1273 2598 1360 2653 διὰ
1387 2599 1488 2668 τῆς
1519 2599 1652 2661 ἰδίας
1683 2600 1824 2651 ὑπα-

256 2698 396 2768 κοῆς
421 2695 698 2767 ἐλεύθερον
725 2692 1001 2758 ἀποδεῖξαι
1031 2691 1195 2744 θέλων
1214 2710 1230 2725 ·
1273 2693 1302 2745 6
1338 2690 1428 2743 τὸν
1469 2690 1547 2751 εἰς
1576 2689 1679 2759 γῆν
1704 2687 1825 2741 λυό-

260 2807 426 2862 μενον
460 2788 739 2859 ἄνθρωπον
766 2787 856 2839 καὶ
885 2784 1077 2856 βρῶμα
1105 2785 1281 2853 ὄφεως
1316 2772 1677 2853 γεγενημένον
1697 2820 1711 2844 ,
1746 2782 1824 2844 εἰς

256 2882 547 2951 ἀδάμαντα
591 2878 813 2950 τρέψας,
869 2879 963 2931 καὶ
1000 2876 1186 2930 τοῦτον
1248 2876 1339 2928 ἐπὶ
1393 2873 1549 2941 ξύλου
1619 2889 1826 2945 κρεμα-

258 2975 460 3028 σθέντα
490 2972 674 3045 κύριον
707 2971 846 3024 κατά
875 2968 968 3023 τοῦ
1012 2968 1353 3039 νενικηκότος
1388 2964 1702 3032 ἀποδείξας,
1733 2963 1825 3017 καὶ

258 3066 351 3120 διὰ
382 3063 541 3117 τοῦτο
560 3061 647 3116 διά
672 3061 849 3128 ξύλου,
880 3059 1175 3131 νικηφόρος
1203 3059 1533 3131 εὑρίσκεται.

519 3154 628 3209 Τοῦ
661 3150 868 3220 αὑτοῦ,
907 3152 973 3205 ἐκ
1011 3151 1116 3205 τοῦ
1145 3150 1330 3205 αὐτοῦ
1354 3152 1560 3221 λόγου.

331 3250 397 3302 0i
429 3246 538 3319 γὰρ
568 3247 658 3299 τὸν
685 3246 810 3298 Υἱδν
834 3242 927 3297 τοῦ
957 3242 1092 3296 Θεοῦ
1128 3242 1388 3314 ἔνσαρκον
1414 3240 1509 3295 νῦν
1542 3238 1615 3311 μὴ
1640 3238 1824 3308 ἐπιγι-

256 3340 581 3404 νώσκοντες,
607 3336 993 3407 ἐπιγνώσονται
1021 3334 1180 3389 αὐτὸν
1204 3332 1391 3405 κριτὴν
1414 3334 1469 3385 ὲν
1495 3330 1623 3403 δόξῃ
1650 3346 1824 3402 παρα-

257 3438 565 3509 γινόμενον,
596 3434 687 3487 τὸν
710 3432 806 3488 νῦν
834 3434 892 3485 έν
923 3429 1095 3502 ἀδόξῳ
1124 3427 1334 3500 σώματι
1365 3426 1737 3499 ὑϐριζόμενον.

525 3617 634 3673 Τοῦ
666 3614 873 3681 αὐτοῦ,
901 3612 969 3666 ἐκ
996 3612 1102 3666 τοῦ
1134 3609 1319 3664 αὐτοῦ
1348 3609 1551 3678 λόγου.

331 3711 446 3767 Καὶ
471 3710 579 3781 γὰρ
608 3708 656 3761 οἱ
684 3702 965 3761 ἀπόστολοι
991 3702 1232 3763 ἐλθόντες
1264 3701 1342 3761 εἰς
1368 3698 1429 3751 τὸ
1460 3699 1718 3768 μνημεῖον
1751 3697 1818 3768 τῇ

256 3802 445 3875 ἡμέρᾳ
471 3802 539 3871 τῇ
571 3798 745 3871 τρίτη,
775 3796 869 3864 οὐχ
902 3792 1149 3865 εὕρισκον
1186 3789 1247 3842 τὸ
1290 3788 1447 3858 σῶμα
1475 3786 1567 3839 τοῦ
1610 3785 1783 3855 Ἰησοῦ
1803 3803 1815 3817 ·

254 3895 315 3947 ὃν
345 3894 542 3965 τρόπον
569 3890 672 3943 υἱοὶ
699 3888 793 3941 τοῦ
839 3884 1051 3957 Ἰσραὴλ
1084 3883 1181 3954 τὴν
1212 3880 1388 3950 ταφὴν
1417 3878 1510 3931 τοῦ
1545 3878 1818 3941 Μωῦσέως

256 3984 559 4045 ἀναϐάντες
590 3982 648 4033 ὲν
668 3977 747 4049 τῷ
770 3976 883 4048 ὄρει
911 3972 1158 4045 ἐζήτουν,
1200 3970 1293 4024 καὶ
1325 3970 1424 4040 οὐχ
1456 3968 1723 4041 εὕρισκον.

1858 3053 1905 3113 C

2046 1398 2318 1468 Ejusdem,
2346 1417 2411 1456 ex
2433 1419 2666 1457 sermone
2696 1403 2750 1456 In
2786 1421 3037 1475 magnum
3074 1407 3377 1466 Canticum.

2004 1579 2106 1646 Qui
2156 1580 2425 1650 perditum
2476 1584 2749 1639 hominem
2799 1602 2865 1641 ex
2912 1597 3053 1641 terra
3098 1587 3387 1643 formatum
3435 1602 3486 1645 et

1931 1670 2164 1724 vinculis
2211 1674 2404 1725 mortis
2437 1674 2745 1735 astrictum,
2787 1691 2851 1729 ex
2884 1676 3070 1730 intimo
3120 1677 3330 1733 inferno
3373 1683 3481 1735 eri-

1927 1763 2077 1832 puit;
2111 1763 2203 1831 qui
2237 1764 2466 1833 desuper
2495 1766 2734 1828 veniens,
2772 1768 2822 1819 in
2859 1768 3087 1821 sublime
3118 1770 3310 1823 extulit
3337 1772 3485 1827 hutni

1922 1852 2223 1922 jacentem;
2260 1854 2352 1923 qui
2402 1864 2737 1909 mortuorum
2773 1858 3132 1927 evangelista,
3189 1872 3241 1913 et
3274 1861 3487 1914 anima-

1928 1958 2049 1997 rum
2082 1944 2406 2011 redemptor,
2438 1954 2491 2001 et
2523 1948 2849 2002 resurrectio
2880 1949 3240 2018 sepultorum,
3277 1951 3365 2006 hic
3392 1951 3486 2006 de-

1926 2036 2052 2090 victi
2086 2036 2323 2091 hominis
2358 2036 2460 2091 fuit
2491 2038 2810 2103 auxiliator,
2857 2041 3156 2094 secundmn
3192 2041 3369 2111 ipsum
3410 2042 3487 2097 si—

1926 2127 2071 2183 milis
2102 2128 2196 2191 illi,
2229 2130 2645 2198 primogenitum
2680 2129 2915 2185 Verbum
2943 2132 3177 2201 primum
3208 2144 3483 2202 parentem

1924 2218 2096 2273 Adam
2135 2220 2188 2273 in
2223 2219 2443 2305 Virgine
2470 2221 2736 2277 visitans:
2782 2223 3083 2292 spiritualis
3112 2233 3389 2280 terrenum
3430 2228 3483 2281 in

1926 2311 2148 2365 matrice
2170 2327 2448 2380 qua'rens;
2474 2326 2686 2382 semper
2710 2313 2916 2378 vivens,
2941 2329 3037 2384 per
3064 2315 3483 2373 inobedientiam

1925 2412 2237 2471 mortuum;
2286 2406 2523 2460 celestis
2574 2415 2881 2461 terrestrem
2939 2408 3007 2461 ad
3065 2408 3344 2477 superiora
3390 2424 3483 2461 vo-

1926 2510 2093 2560 cans;
2129 2496 2326 2550 nobilis
2356 2511 2571 2551 servum
2607 2511 2703 2566 per
2729 2497 3003 2565 propriam
3034 2496 3397 2550 obedientiam
3418 2497 3486 2550 li—

1925 2584 2131 2641 bertate
2185 2587 2388 2641 donare
2440 2588 2646 2641 volens.
2700 2586 2803 2652 Qui
2831 2589 2883 2639 in
2938 2597 3134 2641 terram
3186 2586 3482 2641 resolutum

1928 2676 2200 2732 hominem
2246 2688 2298 2733 et
2329 2679 2585 2748 pabulum
2638 2679 2902 2748 serpentis
2945 2678 3219 2744 circ-ctum,
3264 2679 3320 2733 in
3353 2680 3484 2732 ada-

1927 2777 2165 2821 mantem
2212 2769 2511 2835 convertit;
2555 2777 2610 2823 et
2650 2769 2795 2824 hunc
2831 2771 2883 2823 in
2932 2771 3079 2840 ligno
3124 2783 3481 2839 suspensum,

1926 2857 2206 2913 dominum
2248 2860 2509 2915 adversus
2538 2860 2796 2914 victorem
2843 2861 3166 2929 declaravit;
3209 2871 3371 2931 atque
3408 2861 3482 2914 ita

1926 2963 2023 3018 per
2051 2949 2253 3019 lignum
2278 2949 2451 3004 victor
2476 2950 2765 3003 invenitur.

2292 3151 2542 3222 Ejusdem
2567 3171 2631 3207 ea:
2653 3155 2830 3207 eodem
2863 3170 3117 3209 sermone.

1999 3237 2100 3306 Qui
2126 3241 2269 3295 enim
2295 3241 2493 3296 Filium
2528 3243 2619 3297 Dei
2646 3244 2986 3298 incarnatum
3013 3260 3157 3299 nunc
3182 3259 3291 3298 non
3321 3258 3485 3314 agno-

1928 3338 2110 3399 scunt,
2140 3343 2433 3404 agnoscent
2471 3334 2645 3403 ipsum
2692 3335 2929 3404 judicem
2974 3336 3028 3388 in
3055 3335 3221 3405 gloria
3262 3336 3483 3388 venien-

1930 3430 2057 3487 tem,
2101 3439 2260 3493 quem
2308 3440 2453 3481 nunc
2500 3426 2555 3479 in
2591 3440 2819 3495 corpore
2860 3425 3091 3496 inglorio
3141 3424 3483 3479 contumeliis

1929 3513 2189 3569 adiciunt.

2285 3604 2532 3676 Ejusdem
2561 3622 2626 3660 ea:
2649 3606 2826 3660 eodem
2852 3623 3104 3662 sermone.

1991 3695 2201 3751 Etenim
2240 3699 2469 3767 apostoli
2502 3715 2626 3753 cum
2661 3700 2933 3754 venissent
2961 3699 3026 3752 ad
3068 3707 3478 3752 monumentum

1921 3787 2008 3843 die
2052 3790 2228 3852 tertio,
2276 3806 2383 3844 non
2427 3791 2749 3845 invenerunt
2774 3806 2970 3859 corpus
2999 3789 3124 3845 Jesu
3172 3790 3481 3859 :quemad-

1922 3880 2140 3934 modum
2174 3879 2268 3933 lilii
2309 3878 2469 3935 Israel
2503 3882 2857 3935 ascendentes
2893 3882 2945 3932 in
2988 3891 3255 3940 montem,
3298 3879 3478 3947 sepul-

1931 3956 2122 4026 chrum
2148 3971 2346 4043 Moysis
2370 3971 2720 4041 quaesierunt,
2746 3978 2800 4026 et
2826 3985 2934 4024 non
2963 3972 3300 4023 invenerunt.

1814 4063 1950 4120 Vill.

608 4165 692 4221 Ea:
735 4180 968 4219 sermone
992 4163 1046 4218 in
1076 4162 1349 4217 exordium
1384 4158 1565 4214 Isaia.
1603 4157 1755 4229 Apud
1783 4160 2017 4213 eumdem
2050 4160 2419 4215 Theodoritum
2464 4158 2601 4213 Dial.
2630 4156 2671 4223 i,
2705 4156 2835 4212 ibid.
2888 4172 3008 4225 pag.
3043 4154 3131 4209 36.

261 4283 371 4340 Τοῦ
417 4280 575 4350 ἁγίου
618 4276 953 4350 Ἱππολύτου,
990 4276 1056 4350 ἐκ
1082 4273 1172 4350 τοῦ
1215 4274 1371 4344 λόγου
1404 4274 1484 4337 εἰς
1512 4271 1611 4343 τὴν
1652 4269 1820 4341 ἀρχὴν
1848 4271 1900 4331 D

841 4348 935 4401 τοῦ
988 4345 1229 4399 Ἡσαΐου.

334 4444 594 4517 Αἰγύπτῳ
633 4442 730 4514 μὲν
756 4441 847 4494 τὸν
881 4440 1083 4511 κόσμον
1121 4438 1406 4501 ἀπείκασε,
1434 4434 1826 4507 χειροποιήτοις

260 4539 321 4592 δὲ
346 4537 445 4609 τὴν
484 4532 914 4604 εῑδωλολατρίαν,
956 4529 1163 4601 σεισμῷ
1206 4528 1261 4581 δὲ
1289 4527 1386 4600 τὴν
1432 4525 1825 4598 μετανάστασιν

262 4632 360 4684 καὶ
387 4628 682 4683 κατάλυσιν
708 4626 877 4695 αὐτῆς
896 4641 909 4655 ·
942 4622 1142 4694 Κύριον
1168 4622 1226 4675 δὲ
1255 4621 1347 4674 τὸν
1372 4620 1561 4688 Λόγον,
1600 4617 1825 4688 νεφέλην

262 4723 322 4775 δὲ
348 4719 577 4791 κούφην,
593 4718 652 4771 τὸ
676 4716 1056 4788 καθαρώτατον
1086 4712 1303 4783 σκῆνος,
1322 4712 1399 4774 εἰς
1425 4708 1826 4781 ὃὲνθρονισθεὶς

261 4818 293 4868 6
343 4813 545 4885 Κύριος
600 4810 755 4883 ἡμῶν
808 4808 1012 4881 Ἰησοῦς
1055 4806 1285 4879 Χριστὸς
1324 4803 1567 4875 εἰσῆλθεν
1614 4804 1691 4866 εἰς
1730 4802 1821 4856 τὸν

268 4909 403 4979 βίον,
436 4911 610 4962 σεῖσαι
634 4906 734 4978 τὴν
758 4904 987 4975 πλάνην.

2062 4270 2247 4328 Sancti
2279 4272 2548 4344 Hippolyti
2577 4287 2642 4344 ex
2682 4284 2928 4344 sermone
2969 4268 3021 4321 in
3058 4265 3341 4321 exordium

2611 4341 2782 4395 Isaiae.

1994 4437 2225 4509 Egypto
2255 4436 2472 4506 quidem
2519 4433 2780 4488 mundum
2816 4430 3173 4499 comparavit,
3227 4427 3479 4483 manufa—

1925 4532 2026 4588 ctis
2058 4547 2187 4587 vero
2220 4527 2599 4593 idololatriam,
2637 4535 2791 4580 terra-
2822 4523 2989 4576 motui
3022 4522 3255 4591 denique
3286 4521 3478 4575 interi-

1925 4635 2039 4680 tum
2070 4632 2123 4677 et
2148 4621 2479 4676 eversionem
2504 4618 2673 4687 ipsius
2701 4634 2714 4669 :
2738 4614 3025 4668 Dominum
3051 4628 3213 4682 porro
3241 4611 3476 4666 Verbum

1925 4714 2055 4771 nubi
2079 4712 2202 4776 levi,
2230 4708 2525 4780 purissimo
2555 4704 2939 4770 tabernaculo;
2976 4704 3030 4756 in
3058 4718 3168 4773 quo
3190 4702 3479 4757 considens

1924 4805 2186 4861 Dominus
2216 4810 2399 4857 noster
2427 4798 2585 4852 Jesus
2613 4796 2883 4863 Christus,
2917 4796 2973 4849 in
3006 4796 3170 4849 vitam
3200 4795 3478 4865 ingressus

1926 4908 2010 4954 εει
2038 4906 2097 4952 υι
2124 4907 2362 4949 errorem
2390 4895 2719 4945 concuteret.

1846 4990 1938 5049 IX.

270 5093 355 5149 Ea:
382 5095 615 5148 oratione
636 5090 865 5145 secunda
886 5090 940 5143 in
965 5087 1258 5142 Danielem.
1283 5112 1354 5126 —
1376 5086 1528 5155 Apud
1546 5084 1877 5138 Eustran'um
1900 5081 2255 5155 presbyterum
2272 5073 2383 5155 (ΖΡἒ
2399 5074 2464 5155 in
2491 5070 3124 5155 nacta-trifidv‘ersuseos
3150 5066 3475 5155 quipdicunt,

955 5136 1003 5231 ξ
1018 5136 2025 5231 solutazﬁsuntpnonoperari,
2048 5136 2315 5231 ἔιεηΔεαρ.
2363 5146 2459 5231 19.
2488 5140 2889 5231 ῌπᾹΛΙῨΙοιίοῇρο
2906 5136 3201 5231 ‘u‘tariusque
3223 5136 3478 5193 Ecclesia:

340 5209 1238 5301 iié'c'ili'éniiiiimaiiﬁi?driénia‘ui
1264 5209 1528 5298 perpetua
1551 5209 1882 5296 iu'dogmate
1908 5224 1974 5278 de
1999 5209 2314 5292 purgatorio
2340 5214 2717 5274 consensione,
2744 5227 2864 5280 pag.
2896 5209 3019 5301 492.

268 5329 432 5398 Λέγει
499 5326 678 5398 τοίνυν
742 5320 1048 5398 Ἱππόλυτος
1090 5320 1135 5398 _6
1197 5318 1429 5398 μάρτυς.
1457 5317 1553 5398 κα).
1597 5317 1820 5398 ἔπισχε)Γ

337 5387 439 5461 ero;
456 5468 483 5479 _
503 5396 721 5469 Ῥώμης
766 5395 824 5447 έν
852 5391 928 5463 τῷ
954 5387 1357 5462 δευτέρῳλόγῳ
1384 5390 1463 5453 εἰς
1493 5388 1584 5442 τὸν
1624 5387 1822 5459 Δανιὴλ

333 5485 520 5525 τοιαυτ
524 5484 577 5521 α·

335 5560 468 5614 Τότε
514 5558 610 5629 μὲν
638 5549 732 5609 οὖν
764 5553 961 5617 συστὰς
999 5551 1253 5624 ’Λζαριας
1290 5548 1404 5620 ἅμα
1441 5550 1554 5613 τοῖς
1584 5547 1821 5610 λοιποῖς,

265 5652 335 5706 δι’
366 5650 535 5722 ὕμνου
566 5648 661 5703 καὶ
686 5646 849 5717 εὐχῆς
886 5642 1298 5716 ὲξομολογοῦντο
1321 5641 1400 5713 τῷ
1432 5639 1550 5711 Θεῷ
1577 5641 1635 5694 ἐν
1677 5638 1825 5711 μέσῳ

340 5767 543 5823 "Psai.
576 5779 780 5825 “ml,
815 5762 866 5818 5.

1926 5314 2017 5368 Ait
2048 5326 2178 5381 ergo
2224 5307 2539 5381 Hippolytus
2589 5300 3216 5381 martyrnetcpiscopus
3253 5298 3475 5367 Romae,

2167 5370 2670 5435 oratiotte'secunda
2707 5370 2760 5425 in
2792 5370 3085 5434 Danielem,
3117 5370 3236 5423 sic:

1998 5542 2153 5598 Tunc
2186 5553 2313 5593 vero
2347 5544 2499 5592 stans
2525 5532 2750 5587 Azarias
2783 5545 2905 5586 cum
2939 5529 3170 5597 caeteris,
3195 5528 3396 5601 hymno
3426 5540 3479 5585 et

1930 5634 2179 5705 precibus
2208 5629 2373 5684 Deum
2404 5626 2693 5682 laudabant
2729 5621 2783 5676 iu
2815 5620 2994 5678 medio
3018 5620 3269 5677 fornacis.
3306 5618 3471 5676 Exor-r
