4028 6214
402 351 414 366 ‘
488 261 592 317 867
1195 266 1252 322 S.
1295 267 1656 324 HIPPOLYTI
1684 268 1838 328 OPP.
1877 269 2047 327 PARS

2148 314 2161 327 .
2201 298 2271 312 -
2308 271 2610 332 DOGMAT.
2653 274 2742 332 ET
2781 275 3126 336 HISTORIC.
3619 280 3728 337 858

487 373 638 430 dium
682 375 866 447 itaque
899 376 1157 435 ducentes
1192 396 1224 436 a
1255 390 1466 448 sancto,
1499 383 1735 452 glorioso
1762 395 1816 439 et
1844 386 2047 455 magni-

2159 385 2258 457 τῆς
2285 387 2530 459 καμίνου.
2583 389 2899 461 Ἀρξάμενοι
2928 386 3020 445 οὖν
3055 393 3161 446 ἀπὸ
3189 393 3283 447 τοῦ
3312 394 3469 464 άγίου
3507 396 3601 450 καὶ
3639 399 3730 453 ὲν-

487 465 596 522 ilco
623 468 860 536 nomine,
901 469 970 524 ad
1004 471 1119 541 ipsa
1149 470 1363 527 Domini
1395 488 1557 542 opera
1603 473 1966 542 devenerunt;
2001 485 2047 532 el

2155 477 2306 542 δόξου
2333 479 2426 532 καὶ
2466 479 2910 553 μεγαλοπρεποῦς
2937 484 3218 556 ὀνόματος,
3259 482 3422 558 ἦλθον
3465 489 3554 542 ἐπ’
3591 489 3732 544 αὐτὰ

485 562 722 631 primum
767 562 984 632 quidem
1036 565 1272 620 caelestia
1329 566 1742 635 compellantes,
1788 567 2047 637 gloriﬁca-

2155 570 2224 624 τὰ
2247 570 2382 642 ἔργα
2411 571 2502 625 τοῦ
2527 574 2748 645 Κυρίου,
2782 574 2993 647 πρῶτον
3019 577 3089 630 τὰ
3113 579 3410 649 ἐπουράνια
3438 581 3735 651 ὀνομάζον-

487 652 617 707 bant
648 653 925 709 dicentes:
965 673 985 706 ‹
1023 655 1354 719 Beuedicite,
1392 657 1574 709 omnia
1612 672 1774 726 opera
1810 658 2047 722 Domini,

2157 681 2266 726 τες,
2313 665 2406 716 καὶ
2435 664 2678 731 ἐδόξαζον
2708 667 2986 735 λέγοντες·
3043 689 3062 721 ι
3098 671 3405 741 Εύλογεῖτε,
3450 676 3625 729 πάντα
3659 675 3730 730 τὰ

487 743 719 800 Domino
759 747 824 801 “.
857 765 876 798 s
929 745 1053 801 Post
1094 747 1208 801 luec
1248 747 1315 801 ad
1355 748 1494 802 tilios
1515 748 1795 802 hominum
1841 749 2047 804 descen-

2159 752 2297 824 ἔργα
2338 755 2562 824 Κυρίου,
2604 756 2692 809 τὸν
2735 757 2958 829 Κύριον.
2996 779 3014 810 ι
3057 763 3288 816 Ἔπειτα
3329 766 3590 837 μετῆλθον
3634 765 3731 818 ἐπὶ

485 838 704 902 derunt,
741 851 903 909 atque
927 839 1222 893 ordinatim
1250 840 1508 911 hymnum
1542 841 1874 905 amittentes,
1907 843 2047 898 dein-

2157 844 2284 906 τοὺς
2312 844 2461 907 υἱοὺς
2486 844 2594 898 τῶν
2620 846 2940 918 ἀνθρώπων,
2973 851 3065 903 καὶ
3097 853 3236 906 κατὰ
3263 853 3416 918 τάξιν
3444 855 3533 910 τὸν
3561 855 3730 927 ὕμνον

497 945 624 999 ceps
667 931 1053 986 subterraneos
1094 931 1430 986 advocarunt
1472 933 1696 1002 spiritus
1741 933 2047 1004 angelorum

2157 937 2539 1007 ἀναφέροντες,
2569 937 2756 991 ἔπειτα
2792 940 2858 992 τὰ
2884 943 3208 1012 καταχθόνια
3236 945 3525 1018 ὠνόμασαν
3563 949 3730 1002 πνεύ-

486 1027 577 1095 qui
608 1035 809 1081 tartara
847 1026 1455 1100 tenent,justorumque
1504 1028 1735 1096 animas,
1765 1037 1825 1083 ut
1855 1039 2047 1083 etcum

2159 1044 2301 1098 ματα
2330 1026 2712 1100 ταρταρούχων
2744 1029 2987 1099 ἀγγέλων
3020 1036 3112 1088 καλ⁹
3142 1035 3319 1106 ψυχὰς
3361 1037 3606 1104 δικαίων,
3637 1040 3732 1095 ἵνα

487 1117 593 1173 illis
625 1120 847 1176 insimul
877 1121 1091 1178 divinas
1120 1123 1306 1178 laudes
1335 1122 1704 1178 concinerent.

2156 1119 2249 1171 καὶ
2270 1118 2420 1171 αὐτοὶ
2453 1119 2548 1172 σὺν
2579 1119 2758 1183 αὐτοῖς
2786 1121 2876 1174 τὸν
2900 1122 3031 1176 Θεὸν
3059 1125 3318 1196 ύμνῶσιν.

2079 1232 2147 1289 Χ.

733 1327 816 1381 Ea:
852 1329 1088 1382 oratione
1116 1328 1190 1384 De
1221 1329 1606 1394 distributione
1649 1331 1999 1385 talentorum.
2035 1359 2107 1370 ——
2135 1325 2287 1395 Apud
2332 1324 2705 1383 Theodoritum
2784 1329 2921 1385 Dial.
2948 1329 3010 1394 11,
3046 1331 3174 1387 ibid.
3224 1349 3343 1403 pag.
3380 1333 3467 1388 88.

488 1418 675 1476 Sancti
705 1418 1250 1499 Hippolytiepiscopi
1289 1432 1343 1477 et
1377 1424 1663 1499 martyris,
1703 1440 1769 1478 ex
1807 1423 2047 1478 oratione

2151 1418 2258 1472 Τοῦ
2287 1419 2443 1499 άγίου
2485 1419 3147 1499 Ἰππολύτουξὲπισκόπου-
3163 1427 3256 1480 καὶ
3298 1427 3607 1499 μάρτυρος,
3657 1431 3731 1483 ὲκ

844 1489 922 1545 ne
944 1489 1311 1547 distributione
1343 1489 1679 1548 talentorum.

2219 1489 2313 1542 τοῦ
2360 1489 2547 1573 ολόγου,
2605 1493 2699 1546 τοῦ
2755 1497 2861 1561 Εὶς
2914 1494 3027 1564 τὴν
3076 1496 3194 1550 τῶν
3249 1489 3563 1552 τὰλᾶντωγί
3595 1489 3730 1554 δια-

2221 1576 2435 1628 νομην.

2218 1651 2453 1716 Τούτους
2490 1653 2547 1706 δὲ
2576 1653 2669 1707 καὶ
2716 1657 2841 1721 τοὺς
2877 1657 3238 1729 ἐτεροδόξους,
3270 1660 3493 1731 φήσειεν
3539 1660 3603 1714 ἄν
3639 1679 3732 1726 τις

2149 1747 2410 1815 γειτνιᾷν,
2457 1746 2854 1818 σφαλλομένους
2887 1751 3312 1822 παραπλησίως·
3364 1753 3457 1806 καὶ
3483 1753 3592 1823 γάρ
3621 1755 3729 1806 κά-

2149 1838 2337 1900 κεῖνοι,
2389 1837 2508 1907 ἦτοι
2561 1839 2712 1910 χιλὸν
2741 1840 3022 1912 ἄνθρωπον
3059 1842 3374 1913 ὁμολογοῦσι
3422 1844 3731 1911 πεφυκέναι

2146 1923 2236 1978 τὸν
2264 1927 2494 1996 Χριστὸν
2526 1930 2604 1992 εἰς
2627 1930 2718 1983 τὸν
2755 1930 2888 2000 βίον,
2931 1933 3029 2003 τῆς
3057 1933 3307 2005 θεότητος
3335 1935 3498 1989 αὐτοῦ
3525 1937 3587 1990 τὸ
3623 1939 3727 1992 τά-

2146 2015 2335 2071 λαντον
2383 2019 2734 2091 ἁρνούμενοι·
2771 2023 2922 2094 ἤτοι,
2973 2011 3062 2078 τὸν
3111 2027 3241 2082 Θεὸν
3298 2029 3728 2098 ὁμολογοῦντες,

2147 2111 2453 2168 ἀναίνονται
2503 2113 2661 2168 πάλιν
2707 2115 2796 2170 τὸν
2855 2117 3157 2187 ἄνθρωπον,
3218 2118 3728 2188 πεφαντασιισικέναι

2154 2203 2490 2269 διδάσκοντες
2522 2206 2618 2270 τὰς
2649 2207 2796 2276 ὄψεις
2845 2209 3022 2262 αὐτῶν
3047 2210 3154 2263 τῶν
3189 2211 3499 2281 Θεωμένων,
3529 2216 3606 2279 ὡς
3632 2218 3730 2271 άν-

2155 2295 2390 2368 θρωπον,
2419 2299 2478 2350 ού
2513 2299 2815 2368 φορέσαντα
2842 2299 3143 2371 ἄνθρωπον,
3175 2303 3308 2357 ἀλλὰ
3335 2305 3559 2376 δόκησίν
3603 2325 3732 2361 τινα

2076 2407 2119 2462 Β
2153 2391 2484 2464 φασματώδη
2510 2394 2705 2464 μᾶλλον
2734 2395 3012 2462 γεγονέναι
3032 2413 3044 2425 ⁸
3084 2391 3195 2449 οἷον
3225 2397 3413 2471 ὥσπερ
3435 2403 3725 2474 Μαρκίων,

2143 2485 2238 2536 καὶ
2280 2483 2626 2549 Ούαλεντῖνος
2666 2486 2756 2539 καὶ
2789 2488 2837 2539 οἱ
2884 2489 3172 2541 Γνωστικοὶ
3218 2490 3317 2560 τῆς
3346 2492 3548 2562 σαρκὸς
3591 2495 3732 2547 ἁπο-

2148 2574 2480 2640 διασπῶντες
2503 2577 2592 2630 τὸν
2627 2577 2818 2647 Λόγον,
2852 2579 2912 2632 τὸ
2940 2578 2996 2632 ἒν
3024 2579 3303 2645 τάλαντον,
3325 2583 3730 2640 ἀποδάλλονται

2144 2666 2243 2738 τὴν
2270 2667 2430 2722 eme
2440 2665 2593 2741 ρώπη
2602 2685 2706 2725 σιν.

2051 2759 2141 2815 XI.

480 2846 566 2902 Ex
604 2863 838 2902 sermone
889 2847 966 2904 De
1023 2848 1239 2904 duobus
1288 2848 1617 2906 latronibus.
1652 2852 1899 2922 ——Apud
1926 2869 2046 2977 {adn

1919 2941 1936 2978 ι
1974 2941 1988 2977 ι
2033 2963 2046 2978 .

2148 2870 2188 2995 ἶ
2231 2853 2604 2978 Ἆὲοάονὶιωη
2670 2855 2806 2914 Dial.
2840 2857 2929 2921 Ill,
2967 2859 3060 2930 qui
3101 2858 3344 2934 ’Λπαθής
3385 2862 3723 2925 inscribitur.

559 1699 672 1757 Hos
699 1710 878 1756 autem
905 1709 960 1756 et
987 1716 1084 1756 eos
1110 1700 1196 1771 qui
1229 1700 1380 1755 aliter
1399 1702 1662 1766 sentiunt,
1690 1700 1883 1756 dixerit
1903 1701 2054 1771 quis-

483 1796 630 1868 piam
655 1796 709 1850 in
737 1796 901 1851 simili
925 1809 1111 1849 errore
1133 1794 1356 1848 versari.
1379 1791 1510 1848 Nam
1530 1802 1584 1848 et
1613 1794 1711 1858 illi,
1741 1795 1820 1849 vel
1843 1795 2046 1848 nudum

483 1889 762 1945 hominem
799 1889 1125 1944 conﬁtentur
1152 1887 1471 1957 apparuisse
1500 1887 1776 1942 Christum
1798 1889 1848 1940 in
1881 1896 2047 1951 terra,

483 1981 782 2036 divinitatis
807 1981 926 2050 ejus
949 1979 1210 2034 talentum
1239 1991 1532 2052 negantes;
1565 1979 1647 2033 vel
1681 1979 1848 2032 Deum
1880 1980 2050 2033 conii-

485 2081 682 2136 tentcs,
713 2071 989 2125 hominem
1023 2087 1218 2126 rursus
1249 2081 1467 2141 negant.
1497 2072 1753 2126 docentes
1782 2087 1907 2126 eum
1948 2071 2048 2127 fal-

481 2165 586 2219 laci
609 2163 788 2234 specie
814 2165 1176 2233 spectantium
1203 2165 1378 2219 oculis
1410 2165 1673 2230 illusisse,
1701 2181 1824 2220 cum
1869 2167 2047 2220 homi-

481 2272 607 2312 nem
637 2271 744 2310 uon
769 2257 1076 2326 gestaverit,
1107 2256 1198 2312 sed
1233 2257 1392 2312 inane
1421 2257 1602 2328 potius
1633 2268 1904 2327 spectrum
1934 2257 2049 2313 fue-

480 2349 584 2403 rit:
611 2349 750 2404 sicut
769 2347 1010 2403 Marcion
1033 2358 1086 2404 ct
1106 2348 1425 2406 Valentinus
1449 2360 1501 2406 et
1518 2350 1782 2415 Gnostici,
1808 2350 2043 2407 Verbum

480 2457 510 2495 a
537 2456 704 2496 carne
728 2442 1064 2508 divellentes,
1095 2443 1357 2498 talentum
1387 2459 1577 2511 unum,
1603 2443 1709 2499 hoc
1733 2452 1835 2512 est,
1866 2445 2047 2500 incar-

479 2534 754 2589 nationem
785 2533 1066 2604 abjiciuut.

586 3009 862 3081 Ejusdem,
892 3027 954 3067 ex
990 3027 1238 3066 sermone
1273 3011 1349 3065 De
1372 3012 1573 3066 duobus
1605 3013 1921 3069 latronibus.

2211 3015 2317 3069 Τοῦ
2349 3017 2533 3081 αὐτοῦ,
2561 3020 2626 3072 ἐκ
2650 3018 2742 3072 τοῦ
2777 3019 2934 3089 λόγου
2966 3023 3067 3087 Εῑς
3101 3021 3244 3088 τοὺς
3264 3021 3372 3078 δύο
3399 3024 3653 3093 λῃστάς.

554 3125 855 3196 Utrumque
887 3125 1092 3180 mundo
1125 3125 1355 3194 praebuit
1398 3125 1614 3181 Domini
1659 3143 1881 3198 corpus,
1913 3143 2042 3183 san-

2231 3134 2537 3205 ’Λμφότερα
2556 3135 2796 3206 παρέσχε
2822 3136 2882 3189 τὸ
2896 3137 2988 3190 τοῦ
3013 3138 3217 3209 Κυρίου
3236 3138 3392 3210 σῶμα
3410 3140 3485 3212 τῷ
3509 3141 3725 3214 κόσμῳ,

479 3223 696 3294 guinem
729 3235 944 3276 sacrum
975 3228 1030 3274 et
1063 3235 1260 3290 aquam
1292 3228 1560 3274 sanctam.

2148 3221 2283 3296 αἷμα
2307 3226 2368 3278 τὸ
2401 3227 2565 3296 ἱερὸν,
2597 3229 2690 3281 καὶ
2719 3227 2860 3300 ὕδωρ
2894 3229 2954 3282 τὸ
2981 3230 3156 3299 ἆγιον.

828 3333 1104 3408 Ejusdem,
1133 3349 1196 3388 ea:
1225 3333 1403 3388 eodem
1428 3348 1681 3388 sermone.

2421 3336 2530 3391 Τοῦ
2563 3337 2768 3401 αὑτοῦ,
2802 3339 2870 3393 ἐκ
2897 3341 3003 3394 τοῦ
3030 3340 3214 3395 αὐτοῦ
3240 3343 3444 3411 λόγου.

551 3445 618 3501 Et
664 3461 883 3518 corpus,
931 3447 1183 3516 quamvis
1226 3447 1464 3501 humano
1517 3462 1670 3501 more
1724 3455 2040 3515 mortuum,

2214 3450 2324 3503 Kal.
2355 3451 2545 3522 νεκρόν
2572 3468 2632 3504 τε
2679 3450 2741 3505 ὃν
2781 3452 2842 3505 τὸ
2890 3453 3047 3525 σῶμα
3082 3455 3221 3509 κατὰ
3247 3457 3338 3510 τὸν
3380 3457 3727 3531 ἀνθρώπινον

477 3555 733 3609 magnam
774 3540 828 3594 in
861 3555 919 3594 se
951 3540 1076 3594 vita:
1105 3539 1212 3593 vim
1251 3540 1429 3594 habet.
1461 3539 1593 3606 Quae
1629 3541 1774 3595 enim
1803 3557 1869 3596 ex
1897 3558 2045 3595 mor-

2148 3543 2363 3615 τρόπον,
2391 3544 2630 3615 μεγάλην
2654 3544 2765 3616 ἔχει
2786 3545 2932 3616 ζωῆς
2961 3548 3018 3600 ὲν
3043 3548 3189 3620 αὐτῷ
3213 3549 3463 3620 δύναμιν.
3525 3553 3590 3604 ’Ἀ
3609 3554 3727 3623 γὰρ

480 3633 588 3689 tuis
620 3633 940 3703 corporibus
984 3649 1091 3687 non
1131 3633 1426 3704 proﬂuunt,
1461 3649 1527 3687 ex
1560 3633 1677 3702 ipso
1714 3643 2039 3699 manarunt,

2148 3636 2208 3690 ού
2243 3639 2523 3709 προχεῖται
2555 3637 2662 3691 τῶν
2694 3639 2900 3710 νεκρῶν
2930 3641 3224 3711 σωμάτων,
3256 3642 3425 3696 ταῦτα
3459 3644 3518 3709 ἐξ
3553 3645 3725 3697 αὐτοῦ

480 3725 704 3796 sanguis
741 3733 796 3780 et
826 3741 967 3796 aqua
997 3743 1011 3779 :
1047 3734 1106 3779 ut
1154 3725 1421 3779 sciremus
1461 3733 1724 3795 quantum
1762 3724 1829 3779 ad
1873 3727 2039 3779 vitam

2149 3731 2437 3803 προεχέθη,
2476 3725 2613 3803 αἷμά
2641 3751 2700 3786 τε
2736 3737 2829 3788 καὶ
2859 3733 3032 3807 ὕδωρο
3071 3737 3136 3788 ἵν’
3163 3736 3434 3809 εἰδείημεν
3462 3739 3646 3810 ἡλίκον
3680 3744 3723 3811 ἡ

478 3818 657 3873 valeat
697 3829 937 3889 potestas
979 3835 1100 3888 quae
1133 3819 1186 3872 in
1229 3832 1458 3888 corpore
1505 3818 1802 3884 habitavit;
1840 3827 1898 3872 ut
1940 3833 2041 3872 nec

2148 3820 2611 3893 κατασκηνώσασα
2668 3823 2895 3896 δύναμις
2940 3828 2996 3879 ὲν
3035 3827 3111 3900 τῷ
3139 3827 3345 3900 σώματι
3399 3831 3534 3903 πρὸς
3576 3827 3724 3902 ζωὴν

480 3912 660 3983 ipsum
697 3912 873 3967 simile
906 3911 1027 3968 aliis
1063 3912 1292 3966 cadaver
1333 3912 1602 3978 videatur,
1638 3919 1692 3966 et
1717 3911 1877 3966 nobis
1919 3911 2041 3965 vitae

2148 3911 2389 3978 δύναται,
2431 3915 2505 3974 ὡς
2533 3917 2606 3988 μή
2638 3933 2697 3968 τε
2728 3918 2858 3970 αὐτὸ
2877 3921 2990 3982 τοῖς
3015 3920 3194 3986 ἄλλοις
3220 3923 3402 3992 ὅμοιον
3433 3923 3722 3992 φαίνεσθαι

479 4017 678 4058 causas
700 4004 872 4072 possit
901 4001 1181 4057 eﬂ‘undere

2148 4006 2361 4076 νεκρὸν,
2408 4008 2537 4078 ἡμῖν
2570 4008 2626 4061 δὲ
2659 4008 2726 4062 τὰ
2750 4009 2893 4082 ζωῆς
2924 4012 3068 4065 αἴτια
3098 4017 3317 4086 προχεῖν
3348 4015 3625 4070 δύνασθαι.

832 4115 1105 4180 Ejusdem,
1137 4130 1202 4170 ea:
1225 4115 1400 4170 eodem
1425 4132 1675 4169 sermone.

2413 4121 2522 4175 Τοῦ
2549 4122 2755 4187 αὐτοῦ,
2781 4123 2850 4176 ἐκ
2877 4123 2982 4178 τοῦ
3011 4127 3197 4180 αὑτοῦ
3226 4128 3434 4198 λόγου.

549 4227 671 4282 Non
703 4227 1064 4298 confringilur
1103 4242 1167 4282 os
1205 4227 1378 4282 sancti
1407 4227 1588 4296 Agni;
1617 4227 1937 4282 ostendente
1982 4227 2046 4281 ﬁ-

2219 4232 2294 4285 Ού
2325 4233 2668 4304 συντρίϐεται
2689 4236 2746 4288 δὲ
2767 4235 2955 4289 ὀστοῦν
2979 4238 3072 4290 τοῦ
3098 4239 3252 4308 ἁγίου
3282 4241 3581 4313 Προόάτου,
3608 4243 3718 4296 δει-

481 4337 639 4392 gura,
683 4321 990 4392 passionem
1025 4335 1130 4373 non
1172 4322 1435 4390 attingere
1477 4321 1754 4376 virtutem.
1788 4320 2046 4391 Corporis

2149 4323 2371 4388 κνύντος
2412 4325 2506 4377 τοῦ
2545 4325 2716 4379 τύπου
2747 4327 2820 4398 μὴ
2850 4328 3273 4401 καθικνούμενον
3306 4335 3403 4406 τῆς
3433 4335 3723 4406 δυνάμεως

481 4415 628 4467 enim
656 4415 830 4468 virtus
862 4421 991 4467 sunt
1020 4425 1168 4466 ossa.

2152 4415 2213 4469 τὸ
2246 4415 2432 4481 πάθος.
2465 4416 2720 4489 Σώματος
2743 4420 2850 4492 γάρ
2876 4421 3036 4476 ὀστέα
3063 4423 3308 4496 δύναμις.

3311 4579 3721 4598 ὴ..-

903 4667 1094 4778 EX
1176 4666 1549 4780 ALllS
1627 4668 1746 4780 s.
1833 4671 2600 4788 HlPPOLYTI
2683 4676 3328 4839 SCRIPTIS

1719 4865 2470 4958 FRAGMENTA.

2055 5080 2098 5135 1.

1159 5169 1313 5238 Apud
1339 5178 1600 5224 auctorem
1641 5169 1896 5226 Clironici
1925 5174 2222 5242 paschalis,
2251 5189 2314 5228 ex
2335 5174 2562 5228 editione
2585 5175 2795 5248 Cangii,
2831 5195 2951 5250 pag.
2983 5179 3036 5235 6.

487 5252 809 5340 Hippolytus
835 5258 1000 5330 igitur
1028 5260 1240 5350 giet'atis
1267 5271 1490 5331 martyr,
1517 5259 1718 5350 'l’ortus
1739 5261 1900 5331 juxta
1938 5263 2047 5350 βο-

2161 5264 2506 5333 ⁰1ππόλυτος
2551 5267 2756 5350 toiqu
2810 5269 2919 5350 τῇς
2965 5274 3273 5350 εὐσεᾷείας
3312 5276 3563 5347 μάρτυς,
3585 5280 3712 5337 ἐπιε-

557 5344 698 5381 mam
727 5330 1018 5418 episcopus:
1043 5332 1098 5384 in
1126 5331 1259 5412 libro
1284 5330 1434 5418 quem
1463 5332 1708 5413 adversus
1735 5330 1909 5414 omnes
1933 5335 2046 5390 lite-

2212 5330 2728 5418 O'noxocjeloytbc
2759 5330 3264 5418 τοῦκιξλουμένοῦ
3291 5330 3535 5418 ᾖοζῖιίοιῖ

557 5414 692 5451 reses
721 5400 964 5468 confecit,
985 5401 1107 5455 ‘ha'c
1132 5403 1208 5455 ita
1235 5400 1382 5456 verba
1410 5413 1560 5456 tenus
1597 5404 1807 5472 scripsit
1832 5419 1850 5456 :

2214 5407 2354 5460 σίον
2396 5400 2500 5489 ῥῆξ
2539 5400 2793 5489 rem“
2811 5411 2880 5463 ἐν
2903 5400 3156 5489 eam};
3181 5400 3712 5489 ἀπάάὲιῖἀίρέἇὲῖς

2215 5476 2583 5546 συντάγματι
2613 5476 2875 5548 ἔγραψεν
2905 5482 3002 5536 ἐπὶ
3035 5476 3258 5552 λέξεως
3289 5476 3496 5557 οῦτξνς..

557 5555 727 5613 Video
763 5560 1046 5630 equidem,
1078 5562 1132 5618 in
1180 5578 1288 5635 quo
1321 5563 1404 5620 vis
1444 5563 1807 5622 contentionis
1847 5566 2033 5637 praci-

2224 5568 2366 5640 ’0ρῶ
2395 5569 2491 5639 μὲν
2521 5565 2633 5634 οῦν,
2662 5572 2743 5626 ὅτι
2771 5572 3096 5643 φιλονεικίας
3126 5577 3185 5631 τὸ
3212 5579 3388 5651 ἔργον.
3420 5555 3581 5654 Ᾰέγει
3601 5584 3710 5657 γάρ

562 5695 607 5727 ⁸⁸
630 5693 764 5748 Dan.
814 5711 895 5764 ιιι,
932 5699 1021 5754 57.
