4028 6214
535 253 634 310 87f

1167 267 1222 323 S.
1267 269 1625 332 HlPPOLYTl
1666 276 1812 333 OPP.
1853 278 2032 337 PARS
2068 284 2134 339 ll.
2175 317 2246 330 —
2284 285 2583 346 DOGMAT.
2625 289 2713 345 ET
2749 291 3086 349 HlSTORlC.

535 479 3178 530 ————__.________________________

1483 675 1641 833 S.
1775 683 2818 845 HIPPOLYTI

905 1147 1009 1209 DE
1063 1151 1402 1216 VIRGINE
1456 1157 2010 1221 CORINTHIACA
2070 1162 2174 1225 ET
2226 1165 2337 1226 DE
2392 1167 2738 1241 QUODAM
2803 1171 3386 1244 MAGISTRIANO.

1273 1323 1457 1399 Apud
1505 1323 1858 1388 Palladium
1907 1329 1976 1390 in
2006 1331 2287 1394 Historia
2347 1333 2670 1412 Lausiaca,
2730 1357 2865 1418 cap.
2909 1341 3045 1405 148.

1749 1489 1807 1554 (G
1818 1506 2020 1542 num.
2055 1491 2300 1557 Biblioth,
2322 1496 2386 1558 ll,
2411 1499 2463 1550 5i
2473 1501 2518 1550 3.

707 1774 968 1831 Narratio
1002 1775 1277 1848 Hippolyti
1298 1822 1321 1855 ,_
1347 1783 1437 1851 qui
1473 1783 1573 1850 fuit
1630 1787 1919 1855 familiaris

1118 1851 1495 1918 apostolorum.

606 1957 663 2013 ln
684 1959 792 2014 alio
816 1959 956 2015 libro
976 1961 1066 2016 cui
1097 1973 1215 2017 erat
1244 1964 1562 2035 inscriptum
1584 1983 1779 2024 nomen
1800 1968 2090 2044 Hippolyti,

524 2049 623 2119 qui
669 2047 773 2103 fuit
807 2048 1094 2105 familiaris
1135 2053 1546 2122 apostolorum,
1596 2056 1776 2112 inveni
1823 2061 2090 2128 ejusmodi

522 2136 889 2192 narrationem
919 2155 932 2190 :
970 2157 989 2191 ι
1022 2138 1146 2194 Fuit
1173 2142 1423 2211 quaedam
1455 2145 1792 2204 nobilissima
1833 2151 1987 2222 virgo
2037 2162 2092 2208 et

523 2228 947 2294 formosissima,
973 2247 1096 2300 qua:
1120 2234 1176 2285 in
1202 2232 1309 2288 vita
1335 2249 1404 2289 ex
1441 2236 1638 2292 virtute
1681 2242 1888 2308 agenda
1931 2258 2089 2298 exer-

524 2317 751 2372 cebatur
773 2317 1041 2374 Corinthi.
1085 2319 1235 2377 Hanc
1260 2323 1353 2379 illo
1383 2333 1626 2397 tempore
1663 2329 1974 2388 detulerunt
2019 2335 2088 2389 ad

512 2407 774 2477 judicem,
799 2410 894 2480 qui
919 2421 1038 2466 erat
1054 2414 1291 2482 gentilis,
1321 2416 1376 2470 in
1399 2425 1637 2488 tempore
1657 2433 2085 2492 persecutorum,

522 2508 583 2554 ut
615 2515 737 2570 quae
767 2502 1071 2559 maledictis
1094 2505 1388 2563 incesseret
1405 2519 1460 2564 et
1492 2520 1733 2582 tempora
1773 2524 1826 2570 et
1855 2515 2088 2587 impera-

516 2606 663 2648 tores
690 2601 746 2649 et
797 2595 1112 2653 simulacra.
1170 2599 1551 2671 Proponebant
1598 2615 1776 2661 autem
1811 2607 1930 2678 ejus
1965 2609 2088 2678 pul-

515 2685 883 2742 chritudinem
909 2688 1102 2744 harum
1133 2706 1315 2746 rerum
1339 2704 1756 2765 cauponatores,
1800 2698 1968 2770 impio
1993 2702 2085 2772 ju-

515 2774 626 2830 dici
650 2773 884 2834 feminas
905 2777 1102 2835 insano
1122 2796 1310 2838 amore
1340 2784 1677 2855 depereunti.
1704 2791 1753 2844 Is
1781 2805 1909 2847 vero
1933 2793 2087 2862 equi-

515 2866 605 2924 nis
642 2869 888 2935 auribus,
927 2880 981 2926 et
1011 2870 1245 2928 feminas
1279 2874 1472 2932 insane
1515 2881 1826 2936 amantibus
1873 2885 2085 2955 cogita-

516 2960 757 3017 tionibus
785 2962 994 3043 accepit
1023 2966 1376 3022 calumniam.
1408 2966 1486 3024 Ea
1511 2980 1689 3026 autem
1729 2975 1990 3043 producta
2015 2976 2086 3033 ad

519 3052 796 3106 hominem
819 3041 1149 3110 sceleratum
1177 3097 1193 3122 ,
1223 3058 1395 3114 multo
1434 3063 1610 3132 magis
1658 3064 1847 3120 insana
1892 3075 2084 3136 captus

517 3153 599 3200 est
628 3144 1068 3214 intemperantia.
1098 3147 1390 3221 Postquam
1415 3163 1596 3208 autem
1619 3159 1871 3214 omnibus
1895 3161 2086 3217 adver-
2117 3141 2158 3196 Β

517 3251 614 3290 sus
634 3249 752 3290 eam
777 3236 1036 3293 adhibitis
1055 3241 1321 3299 machinis
1344 3244 1486 3300 hanc
1503 3247 1596 3301 Dei
1626 3248 1897 3304 hominem
1925 3254 2079 3309 sedu-

514 3341 637 3381 cere
695 3343 805 3382 non
856 3329 1029 3398 potuit
1077 3333 1339 3401 profanus
1387 3335 1572 3400 homo,
1599 3338 1766 3392 variis
1800 3343 2081 3398 tormentis

514 3418 745 3488 subjecit
769 3418 960 3475 fortem
987 3419 1266 3478 feminam.
1299 3423 1494 3481 Verum
1515 3443 1638 3483 cum
1669 3445 1736 3484 ne
1758 3430 1842 3486 his
1862 3432 2077 3500 quidem

511 3509 656 3578 quod
684 3509 897 3565 volebat
923 3510 1084 3567 fuerit
1106 3525 1406 3582 assecutus,
1427 3527 1486 3572 ut
1513 3519 1605 3587 qui
1630 3535 1737 3573 non
1763 3531 1940 3590 posset
1960 3537 2079 3578 eam

508 3602 780 3658 abducere
811 3618 842 3658 a
867 3605 1067 3660 Christi
1114 3605 1494 3673 confessione,
1540 3610 1595 3664 in
1633 3626 1752 3665 eam
1797 3611 2079 3670 insaniens

510 3693 768 3757 crudelis,
803 3693 1070 3764 ejusmodi
1101 3711 1261 3766 poena
1297 3699 1470 3768 ipsam
1522 3699 1718 3755 affecit.
1754 3701 1973 3757 Castam
2025 3714 2079 3760 et

511 3793 898 3855 temperantem
924 3786 1183 3842 feminam
1212 3804 1420 3858 ponens
1448 3791 1501 3844 in
1537 3793 1869 3861 prostibulo,
1911 3795 2080 3864 jussit

509 3876 560 3930 ei
593 3879 687 3947 qui
733 3891 826 3933 eas
867 3879 1198 3948 possidebat,
1234 3881 1420 3937 dicens
1455 3898 1472 3937 :
1501 3881 1653 3938 Hanc
1680 3886 1813 3940 mihi
1844 3902 1994 3958 cape,
2025 3899 2077 3944 et

509 3977 620 4022 tres
650 3984 903 4024 nummos
940 3985 1006 4024 ex
1033 3986 1092 4025 ea
1121 3973 1188 4026 ad
1225 3989 1310 4029 me
1332 3974 1483 4030 defer
1510 3977 1772 4047 quotidie.
1816 3977 1865 4034 Is
1896 3989 2075 4036 autem

509 4075 704 4114 aurum
731 4061 951 4132 exigens
973 4077 1039 4117 ex
1065 4063 1209 4134 turpi
1232 4065 1462 4131 actione,
1485 4082 1605 4121 eam
1637 4068 1860 4123 tradidit
1890 4071 2077 4125 volen-

509 4156 655 4212 tibus
677 4157 733 4211 in
759 4156 968 4212 ofﬁcina
1001 4157 1346 4214 abominandi
1381 4158 1590 4231 ﬂagitii.
1628 4162 1765 4217 Cum
1793 4163 1908 4219 hac
1943 4180 2073 4236 ergo

507 4249 790 4304 novissent
821 4250 916 4320 qui
951 4250 1270 4305 tenebantur
1299 4251 1495 4307 insano
1542 4269 1730 4310 amore
1760 4257 2068 4322 mulierum,

507 4340 820 4397 assidebant
847 4341 1120 4398 scelerata:
1143 4343 1293 4398 exitii
1323 4344 1570 4409 ofﬁcinae,
1607 4347 1907 4402 mercedem
1937 4348 2070 4402 dan-

508 4443 590 4489 tes
639 4433 939 4488 inhonestae
984 4435 1318 4503 operationis
1367 4437 1754 4509 cupientesque
1806 4455 1929 4494 cum
1974 4441 2065 4496 illa

2119 1802 2169 1860 Α

2119 1671 2189 1682 .—

2342 1793 2627 1866 Διήγησις
2665 1800 3017 1880 Ἱππολύτου
3036 1807 3139 1861 τοῦ
3169 1813 3460 1880 γνωρίμου
3491 1816 3606 1870 τῶν

2785 1875 3158 1932 ἀποστόλων.

2277 1979 2363 2032 Ἐν
2391 1981 2534 2053 ἄλλῳ
2573 1982 2884 2059 βιϐλιδαρίῳ
2927 1989 3386 2066 ἐπιγεγραμμένῳ
3441 1997 3755 2056 Ἱππολύτου

2189 2069 2284 2124 τοῦ
2307 2074 2578 2145 γνωρίμου
2608 2077 2714 2130 τῶν
2753 2080 3082 2149 ἀποστόλων,
3124 2083 3278 2160 εὗρον
3315 2091 3555 2164 διήγημα
3587 2097 3758 2150 τοιοῦ-

2189 2179 2280 2216 τον
2299 2179 2312 2193 ο
2342 2164 2711 2240 Εὑγενεστάτη
2736 2187 2818 2236 τις
2847 2173 2955 2244 (89)
3005 2176 3098 2229 καὶ
3135 2179 3439 2254 ὡραιοτάτη
3486 2186 3754 2254 παρθένος

2190 2252 2433 2326 ὑπῆρχεν
2465 2259 2522 2311 ἐν
2548 2262 2613 2330 τῇ
2649 2263 2896 2336 Κορίνθῳ
2927 2265 3074 2320 πόλει
3094 2269 3401 2345 ἀσκουμένη
3423 2252 3502 2338 εἰς
3521 2252 3612 2329 τόν
3633 2279 3757 2332 ἐνά-

2190 2363 2342 2418 ρετον
2368 2348 2496 2418 βίον.
2550 2352 2763 2424 Ταύτην
2793 2360 2913 2410 κατ’
2955 2360 3127 2414 ἐκεῖνο
3162 2365 3353 2435 καιροῦ
3393 2366 3634 2424 διέϐαλον
3675 2371 3756 2442 τῷ

2187 2437 2304 2492 τότε
2337 2439 2604 2504 δικάζοντι
2629 2445 2846 2518 Ἕλληνι
2864 2448 2975 2503 ὄντι
3004 2452 3095 2505 ἐπὶ
3131 2452 3222 2506 τοῦ
3253 2456 3444 2527 καιροῦ
3487 2458 3594 2512 τῶν
3626 2437 3755 2514 duo;

2187 2529 2350 2594 κτῶν,
2376 2529 2449 2594 ὡς
2484 2531 2905 2607 βλασφημοῦσαν
2938 2541 3030 2593 καὶ
3075 2543 3200 2607 τοὺς
3243 2549 3464 2617 καιροὺς
3502 2550 3595 2602 καὶ
3627 2552 3756 2616 τοὺς

2187 2620 2454 2692 βασιλεῖς,
2500 2628 2592 2681 καὶ
2631 2629 2698 2683 τὰ
2747 2630 2960 2686 εἴδωλα.
2990 2635 3330 2705 Προεπείνων
3350 2640 3370 2662 ⁴
3393 2639 3451 2692 δὲ
3473 2641 3533 2694 τὸ
3555 2643 3756 2714 ταύτης

2186 2715 2399 2782 κάλλος,
2429 2719 2478 2771 οἱ
2511 2722 2640 2793 περὶ
2663 2721 2733 2776 τὰ
2759 2726 2982 2780 τοιαῦτα
3015 2728 3249 2801 κάπηλοι
3268 2735 3753 2806 γυναικομανοῦντι

2185 2808 2262 2881 τῷ
2292 2809 2436 2881 ἀθέῳ
2463 2813 2569 2866 τῶν
2599 2814 2882 2872 δικαστῶν.
2927 2819 2985 2872 '0
3008 2820 3064 2874 δὲ
3089 2822 3256 2894 ἡδέως
3281 2825 3491 2889 ἐδέξατο
3521 2829 3618 2900 τὴν
3636 2829 3751 2899 δια.

2185 2898 2346 2972 ϐολὴν
2375 2905 2487 2966 τοῖς
2519 2906 2758 2971 ἱππικοῖς
2784 2909 2983 2975 ὠτίοις,
3020 2913 3113 2966 καὶ
3149 2916 3259 2978 τοῖς
3294 2898 3622 2988 θηλυμανέσι
3665 2898 3755 2974 λο-

2186 2998 2419 3065 γισμοῖς.
2448 2999 2853 3074 Προσαχθείσης
2877 3004 2932 3058 δὲ
2964 3005 3164 3078 ταύτης
3196 3008 3272 3080 τῷ
3291 3011 3576 3083 μιαιφόνῳ,
3613 3014 3750 3070 πολὺ

2187 3083 2348 3139 πλέον
2379 3090 2445 3158 τῇ
2485 3090 2691 3162 ἀσωτίᾳ
2713 3095 3042 3166 ἐκμέμηνεν.
3083 3099 3169 3163 Ὠς
3198 3099 3253 3153 δὲ
3285 3103 3468 3157 πᾶσαν
3501 3106 3750 3176 μηχανὴν

2185 3177 2302 3229 κατ’
2332 3178 2502 3249 αὐτῆς
2534 3183 2758 3253 κινήσας
2785 3187 2812 3237 ό
2846 3185 3090 3260 βέϐηλος,
3123 3189 3221 3260 τὴν
3253 3191 3345 3244 τοῦ
3371 3193 3504 3246 Θεοῦ
3537 3195 3750 3266 ἄνθρωα-

2183 3285 2281 3322 πον
2307 3273 2488 3324 πεῖσαι
2517 3272 2615 3326 ούκ
2634 3275 2895 3348 ἠδυνήθη,
2919 3279 3194 3354 διαφόροις
3215 3282 3416 3350 αἰκίαις
3437 3287 3634 3360 ταύτην
3650 3293 3751 3361 τὴν

2179 3359 2427 3426 γενναίαν
2467 3362 2748 3419 ὑπέϐαλεν.
2813 3369 2898 3432 Ὡς
2918 3369 2973 3424 δὲ
2998 3373 3092 3426 καὶ
3121 3374 3178 3427 ἐν
3203 3375 3412 3440 τούτοις
3455 3359 3746 3450 ἀπέτυχεν,

2183 3448 2256 3521 μὴ
2279 3451 2500 3522 ἰσχύσας
2529 3455 2698 3529 αὐτὴν
2729 3459 3030 3533 ἀποστῆσαι
3052 3465 3150 3535 τῆς
3179 3465 3466 3538 ὁμολογίας
3512 3448 3749 3541 τῆς-τοῦ

2178 3543 2434 3614 Χριστοῦ.
2467 3546 2772 3619 ἀπομανεὶς
2795 3553 2936 3625 πρὸς
2957 3555 3126 3627 αὐτὴν
3141 3559 3171 3612 ό
3191 3559 3480 3631 ἀνήμερος,
3515 3564 3636 3617 τότε
3665 3582 3750 3618 τι-

2180 3636 2361 3708 μωρίᾳ
2406 3639 2631 3714 τοιαύτῃ
2663 3643 2834 3716 αὐτὴν
2867 3648 3199 3717 παρέδωκεν.
3243 3655 3451 3725 Στήσας
3486 3657 3585 3727 τὴν
3641 3658 3748 3712 σώ-

2178 3743 2346 3797 φρονα
2367 3731 2447 3792 είς
2476 3736 2721 3802 πορνεῖον
2740 3775 2755 3800 ,
2807 3737 3106 3793 ἐνετείλατο
3157 3743 3233 3813 τῷ
3263 3744 3461 3810 ταύτας
3503 3748 3744 3818 νέμοντι,

2176 3812 2378 3882 λέγων’
2427 3817 2586 3883 Δέξαι
2629 3821 2852 3895 ταύτην,
2891 3827 2984 3879 καὶ
3018 3812 3292 3902 ἡμερήσιά
3344 3853 3432 3905 μοι
3477 3836 3538 3902 ἐξ
3569 3812 3746 3908 ἀὐτῆς

2174 3904 2301 3976 τρία
2324 3908 2628 3980 νομίσματα
2658 3913 2973 3986 ἀποκόμιζε.
3013 3919 3069 3972 '0
3094 3921 3151 3975 δὲ
3177 3904 3630 3998 εἰσπραττόμενος
3651 3904 3744 3982 τόν

2174 3999 2238 4051 ἐκ
2266 4000 2362 4070 τῆς
2385 4003 2815 4075 αἰσχροπραγίας
2845 4010 3062 4080 χρυσὸν,
3092 4011 3304 4067 ἔκδοτον
3324 4017 3491 4088 αὐτὴν
3515 4019 3744 4091 ἔστησεν

2172 4089 2284 4150 τοῖς
2304 4087 2660 4162 βουλομένοις,
2693 4095 2752 4146 ἐν
2784 4097 2861 4168 τῷ
2893 4098 2988 4152 τοῦ
3023 4100 3226 4172 μύσους
3247 4087 3608 4180 ἐργαστηρίῳ.
3632 4087 3742 4175 ’Ὡς

2171 4176 2263 4234 οὖν
2284 4181 2525 4251 ἔγνωσαν
2551 4187 2600 4238 οἱ
2626 4187 2753 4259 περὶ
2775 4189 2844 4243 τά
2867 4191 3090 4248 τοιαῦτα
3115 4197 3582 4271 γυναικοῖέρακες,
3601 4219 3743 4276 παρ-

2171 4271 2391 4344 ήδρευον
2422 4274 2501 4346 τῷ
2551 4279 2846 4351 παρανόμῳ
2874 4283 3232 4357 ἐργαστηρίῳ,
3267 4287 3496 4354 διδόντες
3527 4294 3616 4348 τὸν

2169 4363 2360 4435 ἀτίμου
2395 4367 2658 4438 ἐργασίας
2689 4371 2898 4442 μισθὸν,
2935 4376 3026 4428 καὶ
3057 4376 3362 4450 βουλόμενοι
3402 4383 3576 4458 ταύτῃ
3603 4363 3740 4458 προς

2097 4488 2137 4545 C
2172 4454 2374 4528 φθορὰν
2395 4459 2620 4530 ὁμιλεῖν.
2661 4464 2725 4517 Ἠ
2755 4465 2810 4518 δὲ
2840 4470 3139 4542 σεμνοτάτη
3174 4471 3334 4543 αῦτη,
3370 4477 3462 4528 καὶ
3484 4454 3612 4541 τοῦς
3645 4454 3740 4533 λό-

479 4525 746 4595 ἰιηρίιετ
769 4528 1044 4597 congredi.
1081 4527 1174 4582 llla
1213 4538 1393 4584 autem
1431 4532 1580 4601 virgo
1609 4532 1989 4588 honestissima
2017 4543 2071 4588 et

2175 4525 2302 4619 γους
2326 4525 2460 4625 πρὸς
2490 4555 2705 4629 ἀπάτην
2737 4525 3083 4628 ἐκκλίνουσα,
3128 4525 3499 4640 ἐκλιπάῐροῦσα
3538 4525 3739 4638 agt-ob;

505 4617 562 4672 in
585 4617 775 4688 primis
802 4625 1130 4687 veneranda,
1163 4632 1215 4679 et
1230 4626 1391 4680 verba
1421 4626 1485 4680 ad
1507 4627 1874 4696 deceptionem
1905 4627 2070 4682 delle-

506 4718 680 4773 ctens,
707 4711 1021 4780 suppliciter
1043 4716 1123 4771 eis
1158 4716 1395 4782 dicebat,
1423 4735 1655 4791 rogans:
1692 4718 1877 4775 Habeo
1912 4721 2066 4775 ulcus

507 4801 561 4857 in
591 4802 710 4857 loco
731 4805 978 4870 occulto,
1019 4809 1164 4877 quod
1216 4809 1527 4865 mirandum
1561 4813 1614 4866 in
1657 4811 1878 4867 modum
1926 4814 2068 4868 male

505 4890 614 4946 olet
632 4908 648 4958 ;
668 4901 721 4948 et
743 4895 908 4950 timeo
925 4912 992 4951 ne
1019 4912 1115 4952 vos
1138 4899 1242 4954 mei
1265 4900 1450 4955 odium
1473 4903 1649 4972 capiat
1673 4913 1888 4973 propter
1910 4905 2065 4959 ulcus

505 4986 886 5042 aversandum.
933 4987 1223 5046 Concedite
1260 5007 1390 5063 ergo
1435 4995 1569 5049 mihi
1613 5010 1814 5064 paucos
1843 4997 1978 5062 dies,
2012 5008 2064 5050 et

507 5086 636 5131 tunc
683 5075 864 5132 licebit
903 5095 1001 5135 vos
1046 5081 1129 5136 vel
1169 5098 1255 5137 me
1313 5084 1512 5140 habere
1541 5087 1724 5156 gratis.
1763 5087 1856 5141 llis
1883 5089 2061 5144 verbis

503 5182 795 5238 persuasus
822 5170 1242 5242 intemperantes
1276 5175 1490 5230 interim
1522 5178 1847 5234 amandabat
1880 5179 2056 5234 beata.

502 5255 754 5314 Assiduis
779 5269 958 5315 autem
983 5263 1234 5332 precibus
1254 5263 1421 5320 Deum
1450 5267 1691 5336 placans,
1717 5280 1770 5325 et
1796 5285 2055 5340 compun-

504 5351 607 5407 ctis
631 5352 1116 5423 supplicationibus
1136 5373 1259 5412 eum
1282 5358 1487 5414 inﬂexit
1510 5361 1577 5415 ad
1606 5362 2050 5421 misericordiam.

509 5441 801 5500 Attendens
833 5461 963 5518 ergo
1003 5445 1148 5505 Deus
1185 5451 1277 5522 qui
1325 5452 1472 5506 novit
1495 5453 1883 5524 cogitationes,
1917 5472 2056 5526 quo-

2175 4645 2491 4715 παρεκάλει,
2520 4647 2775 4718 λέγουσα·
2817 4653 2936 4708 Ὅτι
2959 4655 3114 4720 ἓλκος
3144 4659 3252 4730 ἔχω
3287 4679 3339 4714 τι
3370 4665 3448 4726 είς
3491 4683 3738 4739 κεκρυμ-

2175 4735 2334 4806 μένον
2363 4738 2545 4801 τόπον,
2580 4741 2715 4814 ὃπερ
2739 4745 2980 4814 ἐσχάτως
3003 4747 3143 4812 ὄζει·
3173 4753 3265 4805 καὶ
3297 4753 3508 4809 δέδοικα
3543 4759 3615 4828 μὴ
3653 4764 3737 4824 εἰς

2172 4829 2325 4895 μῖσος
2357 4845 2458 4898 μου
2496 4830 2685 4902 ἔλθητε
2723 4835 2799 4905 τῷ
2842 4836 3195 4912 ἀποτροπαίῳ
3235 4845 3327 4897 τοῦ
3359 4846 3564 4913 ἕλκους.
3606 4853 3735 4905 ’Ἑν-

2165 4918 2282 4971 δοτε
2312 4916 2404 4974 οὖν
2427 4939 2517 4992 μοι
2547 4924 2731 4995 ὀλίγας
2754 4929 2982 5000 ἡμέρας,
3019 4935 3111 4988 καὶ
3143 4935 3386 5002 ἐξουσίαν
3434 4957 3535 5012 μου
3578 4943 3730 5014 ἔχετε

2167 5009 2261 5062 καὶ
2285 5010 2491 5083 δωρεάν
2519 5031 2586 5084 με
2609 5016 2768 5087 ἔχειν.
2803 5021 3024 5086 Τούτοις
3043 5024 3098 5076 δὲ
3128 5029 3241 5088 τοῖς
3268 5009 3447 5097 λόγοις
3473 5034 3504 5103 ή
3549 5009 3728 5104 μάκα-

2167 5098 2255 5168 ρία
2289 5101 2525 5156 πείσασα
2552 5106 2677 5169 τοὺς
2697 5107 2935 5174 ἀσώτους
2964 5113 3100 5178 τέως
3130 5115 3471 5190 ἀπέπεμψεν.
3492 5098 3727 5194 ⁷Ἷιῖμιμε-

2160 5187 2444 5257 λεστάταις
2473 5193 2530 5247 δὲ
2559 5195 2769 5268 δεήσεσι
2792 5200 2882 5253 τὸν
2916 5202 3045 5257 Θεὸν
3076 5187 3456 5280 δυσωπήσασα,
3491 5187 3593 5268 καὶ.
3625 5187 3730 5269 κα-

2159 5285 2578 5354 τανενυγμέναις
2599 5288 2821 5354 ἱκεσίαις
2859 5294 3043 5349 τοῦτον
3065 5299 3144 5362 είς
3176 5301 3569 5375 εὑσπλαγχνίαν
3593 5325 3726 5363 κατ-

2166 5369 2428 5444 έκαμψεν.
2470 5377 2861 5452 Προσεσχηκὼς
2883 5387 3065 5450 ξτοίνυν
3092 5391 3122 5441 ό
3147 5389 3276 5456 Θεὸς
3316 5396 3345 5448 ὁ
3517 5400 3722 5466 ἐννοίας

2164 5463 2338 5530 εἰδὼς,
2371 5468 2487 5532 πῶς
2519 5472 2584 5523 ἐκ
2617 5474 2838 5544 καρδίας
2877 5478 2910 5548 ἠ
2947 5478 3173 5553 σώφρων
3200 5485 3297 5557 τῆς
3332 5487 3554 5557 ἁγνείας
3589 5463 3718 5565 ἐκήζ

542 5663 555 5676 ,
576 5594 688 5666 (89)
714 5601 1122 5675 Εὐτενεστάτη
1147 5625 1258 5676 τις.
1279 5607 1522 5666 Meminit
1548 5611 1712 5682 hujus
1739 5613 1966 5684 virginis
1999 5628 2051 5672 et

542 5679 622 5721 ts:
653 5681 824 5721 neque
851 5673 1059 5721 usniam
1092 5691 1209 5721 eam
1237 5679 1638 5721 (Ini-initiis.on
1677 5699 1796 5721 anno
1822 5687 2025 5721 mnia...

2175 5623 2446 5696 :ephorus,
2480 5627 2620 5684 Hist.
2653 5633 2920 5702 eccl.,lib.
2973 5653 3070 5708 νη,
3121 5656 3239 5714 cap.
3282 5644 3382 5713 15,
3437 5649 3530 5706 sed
3586 5666 3705 5721 pau-

507 5673 622 5730 cis;
653 5681 824 5736 neque
851 5673 1060 5741 uspiam
1092 5673 1639 5740 eain'Corinthiacatn
1677 5699 1796 5741 esse
1822 5673 2049 5747 dictitat.
