4028 6214
292 295 420 350 8ἳ5.

1271 283 1626 343 NARRATIO
1649 285 1734 340 DE
1761 282 2037 342 VlRGlNE
2053 280 2538 345 CORINTHIACA.

3413 281 3516 337 87-}

291 417 442 477 δετο,
482 415 540 466 ὲν
585 411 818 475 ἐκείναις
842 413 961 474 ταῖς
993 409 1226 481 ἡμέραις
1247 407 1592 480 ᾠκονόμησεν
1635 406 1665 457 ὁ
1691 404 1856 473 φύλαξ

1967 403 2128 458 modo
2159 411 2309 458 casta
2343 400 2616 472 pudicitiae
2648 414 2834 455 curam
2862 401 3076 468 gerebat
3098 416 3165 456 ex
3215 399 3418 466 animo,
3458 401 3512 457 in

293 505 390 578 τῆς
417 500 958 574 πάντων’ἀνθρώπων
985 499 1257 571 σωτηρίας
1285 498 1486 552 τοιόνδε
1510 514 1583 551 τι.

1961 495 2069 550 illis
2099 494 2291 550 diebus
2319 509 2418 564 pro
2447 491 2620 549 salute
2643 491 2887 548 omnium
2919 491 3024 546 tale
3056 492 3186 562 quid
3218 489 3440 547 struxit.

1631 632 1824 708 1bid.,
1866 649 2003 710 cap.
2046 632 2180 692 1ῐι9.

673 761 810 829 Περὶ
837 758 1271 831 Marcomani)
1295 759 1472 824 τινός.

364 874 662 937 Νεανίσκος
697 889 781 935 τις
809 872 919 944 (90)
950 871 1351 943 Μαγιστριανὺς
1376 870 1484 942 (91)
1513 909 1527 933 ,
1558 869 1756 941 ὡραῖος
1781 869 1858 940 τῷ

295 969 447 1030 εἴδει,
482 964 709 1035 εὐσεϐὴς
740 968 807 1036 τῇ
835 963 1049 1036 γνώμῃ,
1153 945 1452 1016 ἐντέθεικεν
1479 965 1508 1016 ὁ
1539 961 1668 1026 Θεὸς
1700 962 1857 1034 ζῆλον

295 1054 662 1127 πνευματικὸν
680 1053 1004 1125 πυριφλεγῆ,
1029 1053 1104 1116 ὼς
1128 1053 1221 1106 καὶ
1249 1052 1479 1106 Θανάτου
1515 1054 1857 1125 καταφρονῆ-

293 1165 418 1201 σαι·
445 1148 539 1200 καὶ
558 1144 802 1200 ἀπελθὼν
836 1144 912 1215 τῷ
951 1145 1187 1215 σχήματι
1223 1145 1320 1215 τῆς
1362 1143 1653 1208 ἀκολασίας
1683 1144 1859 1216 εἰσέρ-

293 1254 448 1307 χεται
478 1237 695 1307 βαθεῖαν
731 1233 966 1306 ἑσπέραν
1006 1233 1142 1306 πρὸς
1195 1233 1285 1288 τὸν
1321 1234 1586 1306 τρέφοντα
1627 1233 1856 1298 ταύτας,

293 1329 391 1381 καὶ
419 1328 632 1381 δίδωσιν
664 1324 812 1396 αὐτῷ
838 1324 996 1380 πέντε
1020 1325 1352 1396 νομίσματα,
1381 1327 1474 1379 καὶ
1498 1324 1644 1394 λέγει
1670 1324 1818 1395 αὐτῷ
1841 1341 1854 1352 ·

293 1419 654 1491 Συγχὼρησόν
688 1435 775 1489 μοι
810 1419 984 1487 μεῖναι
1006 1416 1206 1488 ταύτην
1224 1416 1324 1488 τὴν
1359 1416 1526 1470 νύκτα
1559 1417 1696 1471 κατὰ
1726 1418 1857 1470 ταύ-

290 1511 518 1582 της’τῆς
542 1510 727 1580 κόρης.
758 1507 1026 1563 Εἰσελθὼν
1051 1503 1144 1561 οὖν
1174 1509 1292 1578 μετ’
1327 1507 1495 1577 αὐτῆς
1516 1508 1594 1569 εἰς
1623 1506 1712 1559 τὸν
1733 1506 1859 1560 ἀπό-

293 1618 500 1674 κρυφον
525 1597 690 1665 οἷκον,
723 1600 870 1669 λέγει
896 1600 1032 1671 αὐτῇ
1058 1615 1072 1630 ι
1119 1600 1371 1665 Ἀνάστα,
1402 1595 1571 1652 σῶσον
1603 1599 1851 1669 σεαυτήν.

292 1692 407 1746 Καὶ
430 1688 655 1752 ἐκδύσας
678 1689 846 1758 αὐτὴν
869 1687 936 1741 τά
959 1687 1168 1759 ἱμάτια,
1196 1688 1290 1740 καὶ
1329 1689 1393 1757 τῇ
1434 1683 1626 1738 ἑαυτοῦ
1673 1682 1856 1754 ἐσθῆτι

2358 753 2433 808 De
2465 754 2690 826 quodam
2735 751 3096 824 Magistriano.

2031 865 2258 934 Quidam
2285 867 2617 930 adolescens,
2649 866 3058 938 Magistrianus,
3105 867 3280 937 specie
3309 865 3512 924 l'ormo-

1962 975 2075 1023 sus,
2104 968 2283 1014 mente
2313 959 2455 1028 pius,
2489 959 2577 1013 cui
2604 958 2746 1014 Deus
2771 959 2946 1013 zelum
2971 958 3192 1014 immisit
3215 959 3512 1029 spiritalem

1961 1050 2095 1106 adeo
2116 1051 2392 1106 ardentem
2434 1059 2491 1104 ut
2511 1049 2673 1105 etiam
2704 1059 2931 1106 mortem
2973 1060 3359 1117 contemneret,
3389 1067 3511 1107 cum

1961 1150 2222 1210 praetextu
2276 1142 2702 1211 intemperantiae
2729 1157 2795 1197 eo
2843 1143 3196 1206 accessisset,
3246 1144 3514 1214 profundo

1962 1248 2186 1302 vespere
2231 1233 2528 1303 ingreditur
2558 1235 2625 1288 ad
2648 1250 2770 1289 eum
2796 1237 2886 1306 qui
2909 1237 3028 1292 illas
3049 1236 3242 1302 alebat,
3263 1246 3317 1292 et
3341 1238 3432 1293 dat
3466 1241 3514 1293 ei

1963 1325 2202 1394 quinque
2225 1325 2450 1392 solidos,
2472 1334 2527 1381 et
2554 1326 2684 1381 dicit
2710 1330 2794 1382 ei:
2819 1329 3063 1384 Concede
3113 1329 3247 1384 mihi
3298 1347 3516 1386 manere

1961 1417 2064 1472 hac
2095 1429 2251 1471 nocte
2291 1432 2414 1472 cum
2439 1418 2538 1473 hac
2576 1419 2770 1488 puclla.
2801 1418 2854 1473 ln
2885 1419 3060 1475 locum
3088 1437 3214 1491 ergo
3241 1423 3514 1478 occultum

1960 1521 2082 1560 cum
2111 1520 2174 1559 ea
2203 1505 2500 1575 ingressus.
2533 1505 2666 1561 dicit
2701 1507 2781 1562 ei:
2809 1507 2999 1578 Surge,
3037 1523 3190 1562 serva
3215 1519 3266 1563 te
3316 1510 3510 1578 ipsam.

1959 1595 2024 1649 Et
2051 1611 2173 1650 cum
2196 1611 2316 1650 eam
2345 1597 2460 1652 suis
2509 1596 2749 1652 veStibus
2777 1597 3071 1664 induisset,
3109 1599 3313 1666 tunica,
3346 1600 3515 1654 cami-

1960 1686 2062 1750 sia,
2094 1696 2148 1741 et
2177 1688 2494 1759 chlamyde,
2546 1696 2601 1742 et
2641 1688 2892 1743 omnibus
2915 1689 3193 1753 virilibus,
3245 1691 3376 1746 dicit
3425 1693 3509 1747 ei:

294 1781 676 1856 μεταμφιάσας
699 1779 885 1852 αὐτὴν,
910 1781 1023 1843 τοῖς
1054 1795 1114 1832 τε
1140 1777 1413 1848 καμισίοις
1432 1816 1448 1842 ,
1483 1776 1578 1829 καὶ
1610 1777 1677 1846 τῇ
1726 1773 1854 1845 χλα-

1958 1777 2242 1849 Egredere,
2291 1788 2344 1836 te
2390 1795 2604 1835 summa
2655 1780 2954 1851 chlamydis
3004 1791 3156 1851 parte
3199 1791 3513 1854 contegens.

296 1877 421 1949 μύδι
446 1877 540 1930 καὶ
569 1877 681 1938 τοῖς
705 1874 965 1948 ἀνδρείοις
993 1873 1177 1936 πᾶσιν,
1205 1870 1350 1939 λέγει
1374 1870 1510 1940 αὐτῇ
1528 1885 1541 1899 ·
1587 1867 1676 1939 Τῷ
1704 1867 1858 1939 ἄκρῳ

290 1971 394 2040 τῆς
425 1967 689 2039 χλαμύδος
728 1963 1208 2037 περικαλυψαμένη
1268 1961 1468 2030 ἔξελθε.
1529 1962 1638 2015 Καὶ
1689 1961 1858 2024 οὕτως

294 2063 588 2132 ποιήσασα,
624 2059 714 2113 καὶ
743 2058 870 2130 ὃλην
913 2055 1109 2127 ἑαυτὴν
1157 2055 1500 2127 σφραγίσασα
1529 2053 1606 2124 τῷ
1651 2069 1855 2124 μυστη-

295 2155 398 2225 ρίῳ
419 2153 510 2206 τοῦ
535 2150 787 2223 σταυροῦ,
807 2147 1093 2214 ἐξελθοῦσα
1107 2146 1338 2218 ἄφθορος
1358 2146 1452 2199 τοῦ
1468 2145 1631 2199 τόπου
1652 2146 1855 2199 ἐκείνου

294 2247 390 2300 καὶ
432 2243 690 2315 ἀμίαντος
731 2240 1004 2305 παντελῶς
1037 2239 1391 2293 διασέσωσται
1434 2241 1500 2311 τῇ
1543 2239 1722 2312 χάριτι
1763 2237 1854 2293 τοῦ

295 2337 529 2411 Χριστοῦ
552 2376 568 2400 ,
603 2336 695 2389 καὶ
718 2336 782 2405 τῇ
825 2333 921 2387 τοῦ
958 2331 1239 2387 νεανίσκου
1275 2331 1458 2402 αίτίᾳ,
1494 2330 1588 2385 τοῦ
1630 2329 1708 2402 τῷ
1743 2329 1857 2402 ίδίῳ

293 2433 485 2502 αἵματι
513 2427 716 2498 ταύτην
739 2427 835 2497 τῆς
851 2424 1046 2496 ἀτίμου
1074 2423 1275 2496 φθορᾶς
1300 2422 1720 2489 ἀπαλλάξαντος.
1746 2422 1857 2493 Τὴν

292 2523 340 2576 δ’
372 2519 536 2591 ἀλλην
560 2517 768 2590 ἡμέραν
797 2514 907 2586 (92)
941 2512 1186 2583 ἐγνώσθη
1213 2512 1275 2565 τὸ
1304 2512 1506 2583 δρᾶμα,
1529 2511 1622 2566 καὶ
1648 2527 1854 2582 προση-

293 2612 459 2684 νέχθη
508 2612 536 2665 ὀ
589 2606 988 2682 Μαγιστριανὰς
1021 2605 1098 2677 τῷ
1143 2604 1554 2676 θηριωδεστάτῳ
1606 2603 1854 2676 δικαστῇ.

308 2705 628 2777 ’Λνακρίνας
665 2702 722 2755 δὲ
768 2701 859 2754 τὸν
893 2701 1134 2770 γενναῖον
1159 2697 1394 2770 ἀθλητὴν
1430 2696 1523 2750 τοῦ
1566 2697 1799 2770 Χριστοῦ
1829 2699 1858 2751 ὀ

294 2799 594 2869 ἀνήμερος,
623 2794 718 2848 καὶ
744 2793 918 2848 πάντα
952 2790 1168 2864 μαθὼν,
1205 2790 1413 2862 θηρίοις
1447 2789 1630 2843 τοῦτον
1677 2807 1855 2861 παρα-

295 2891 560 2962 ϐληθῆναι
587 2886 898 2940 ἐκέλευσεν·
926 2885 1011 2938 ἵνα
1054 2883 1146 2936 καὶ
1188 2884 1245 2938 ὲν
1287 2881 1459 2952 τούτῳ
1495 2883 1524 2934 ὁ
1570 2881 1857 2952 μισόκαλος

297 2985 506 3056 δαίμων
537 2982 927 3055 καταισχυνθῇ.
958 2979 1202 3050 Νομίσας
1229 2976 1336 3047 γὰρ
1377 2975 1466 3028 τὸν
1507 2974 1745 3046 ἀνδρεῖον
1787 2977 1854 3045 τῇ

296 3077 540 3147 ἀθεμίτῳ
570 3075 804 3146 τιμωρία
827 3071 1166 3143 περιϐαλεῖν,
1209 3066 1425 3122 διπλοῦν
1467 3066 1714 3138 μάρτυρα
1762 3063 1855 3118 τοῦ

1959 1871 2090 1935 Qua:
2115 1885 2239 1925 cum
2264 1871 2343 1928 sic
2372 1871 2610 1937 fecisset,
2634 1879 2688 1926 et
2717 1886 2776 1926 se
2800 1881 2966 1927 totam
2998 1873 3150 1943 signo
3179 1874 3355 1929 crucis
3395 1890 3517 1929 mu-

1959 1961 2165 2027 niisset,
2213 1978 2429 2032 egressa
2457 1978 2532 2030 ex
2565 1963 2656 2018 illo
2698 1963 2821 2018 loco
2854 1963 3077 2018 omnino
3126 1965 3436 2035 incorrupta
3463 1975 3518 2021 et

1959 2054 2261 2124 impolluta,
2295 2065 2507 2110 servata
2529 2064 2610 2111 est
2632 2054 2832 2110 Christi
2859 2055 3030 2126 gratia
3061 2064 3116 2111 et
3139 2071 3306 2112 causa
3335 2057 3519 2112 adole-

1958 2146 2176 2213 scentis,
2204 2148 2294 2217 qui
2317 2163 2437 2203 eam
2463 2163 2560 2205 suo
2580 2149 2844 2220 sanguine
2867 2147 3112 2203 liberavit
3138 2163 3169 2203 a
3194 2149 3335 2218 turpi
3361 2148 3514 2205 vitio.

1959 2237 2216 2310 Sequenti
2259 2249 2438 2296 autem
2466 2241 2551 2296 die
2578 2257 2663 2296 res
2719 2240 2821 2297 fuit
2851 2242 3061 2310 cognita
3082 2280 3098 2307 ,
3143 2250 3196 2296 et
3223 2242 3518 2312 productus

1957 2339 2041 2386 est
2069 2329 2447 2402 Magistrianus
2486 2332 2552 2386 ad
2583 2328 2940 2388 saevissimum
2960 2333 3219 2403 judicem.
3249 2333 3388 2388 Cum
3417 2350 3519 2389 au-

1959 2430 2064 2474 tem
2091 2429 2369 2477 strenuum
2399 2421 2602 2478 Christi
2627 2423 2887 2478 athletam
2914 2425 3276 2480 examinasset
3299 2426 3518 2496 impius,

1942 2523 2009 2566 et
2061 2513 2242 2568 omnia
2293 2514 2610 2579 didicisset,
2655 2514 2822 2583 jussit
2859 2529 2983 2570 eum
3012 2515 3174 2584 objici
3221 2517 3430 2585 bestiis,
3463 2530 3522 2575 ut

1957 2602 2118 2656 etiam
2145 2603 2302 2658 bonis
2332 2604 2561 2660 infestus
2589 2605 2800 2662 daemon
2843 2608 2898 2662 in
2935 2622 3000 2662 eo
3033 2607 3333 2664 ameeretur
3360 2610 3519 2682 igno-

1957 2695 2143 2750 minia.
2176 2694 2310 2750 Nam
2335 2713 2458 2752 cum
2488 2698 2853 2754 existimasset
2887 2700 3063 2753 virum
3111 2699 3305 2756 fortem
3331 2703 3385 2758 in
3421 2720 3521 2759 ne-

1958 2788 2154 2843 farium
2188 2789 2408 2859 injicere
2454 2789 2780 2859 supplicium
2805 2831 2822 2858 ,
2864 2805 2989 2846 eum
3023 2791 3200 2848 eﬂ'ecit
3250 2794 3520 2864 duplicem

1955 2881 2154 2936 Christi
2183 2891 2504 2953 martyrem;
2535 2883 2702 2952 utqui
2730 2892 2786 2938 et
2818 2899 2914 2954 pro
2941 2899 3036 2940 sua
3058 2885 3238 2940 anima
3268 2887 3524 2956 praeclare

1957 2974 2391 3039 decertaverit,et
2410 2990 2508 3044 pro
2521 2975 2608 3030 illa
2626 2976 2782 3031 beata
2803 2975 2857 3030 in
2881 2977 3154 3033 laboribus
3169 2986 3387 3035 strenue
3402 2995 3525 3049 per-

1957 3067 2293 3120 sevcraverit.
2307 3064 2574 3132 Quocirca
2589 3066 3006 3135 duplicihonore
3020 3076 3073 3122 et
3085 3068 3295 3124 duabus
3309 3068 3531 3138 insignio

299 3146 535 3240 Χριστοῦ
568 3167 751 3220 τοῦτον
776 3165 1070 3236 ἀπέφηνεν,
1099 3162 1191 3217 καὶ¹
1213 3161 1352 3232 ὑπὲρ
1383 3159 1480 3230 τῆς
1511 3156 1702 3210 ἑαυτοῦ
1732 3156 1856 3211 ἀθα-

1961 3157 2064 3212 bus
2090 3159 2304 3214 coronis
2332 3159 2525 3228 dignus
2559 3170 2640 3215 est
2664 3159 2878 3215 habitus
2896 3176 2927 3214 a
2952 3160 3152 3215 Christi
3175 3160 3526 3231 benignitate.

300 3263 461 3316 νάτου
489 3259 667 3330 ψυχῆς
688 3257 994 3328 ἀθλήσαντα
1023 3252 1301 3323 γενναίως,
1334 3251 1428 3304 καὶ
1480 3249 1619 3319 ὑπὲρ
1675 3248 1773 3317 τῆς
1836 3248 2080 3320 ἀοιδίμου
2111 3250 2323 3321 ἐκείνης
2382 3250 2476 3305 καὶ
2516 3251 2789 3322 μακαρίας
2833 3251 3135 3323 ἀθλητικῶς
3184 3254 3295 3316 τοῖς
3347 3253 3530 3317 πόνοις

303 3355 803 3429 ἐγκαρτερήσαντα.
850 3351 937 3404 Διὸ
975 3350 1066 3404 καὶ
1109 3348 1300 3417 διπλῆς
1349 3345 1512 3415 τιμῆς
1566 3344 1714 3415 παρά
1768 3343 1860 3397 τοῦ
1899 3345 2134 3415 Χριστοῦ
2174 3347 2267 3400 καὶ
2331 3347 2439 3401 τῶν
2503 3348 2754 3420 ἀοιδίμων
2795 3347 2888 3403 καὶ
2927 3348 3205 3420 μακαρίων
3252 3347 3529 3417 στεφάνων

305 3449 456 3524 παρὰ
477 3447 576 3516 τῆς
601 3446 788 3498 τούτου
818 3441 1219 3513 φιλανθρωπίας
1248 3437 1472 3509 ἠξιώθη.
2599 3451 2602 3454 λ

1959 3598 2148 3662 οντες..
2187 3597 2392 3668 tom.l,
2413 3613 2538 3668 pag.
2566 3597 2690 3652 8M.

2041 3669 2151 3737 (92)
2187 3668 2306 3735 Τὴν
2326 3663 2592 3737 δ’ἅλᾶην
2615 3665 2860 3736 ἡμέραν.
2902 3665 3045 3737 Hist.
3086 3666 3360 3720 Lausiacw
3397 3663 3528 3721 edit.

1969 3735 2143 3793 Paris.
2176 3737 2334 3802 16M,
2372 3739 2438 3808 τῇ
2472 3736 2528 3789 δὲ
2557 3737 2782 3809 ἐπιούσῃ
2809 3735 3006 3809 ἡμέρᾳ.

375 3603 490 3674 (90)
518 3602 974 3674 Nsarlgxoquc.
1008 3597 1158 3674 lianc
1201 3599 1325 3653 item
1357 3597 1636 3652 historiam
1676 3611 1851 3666 perse-

305 3671 491 3744 quitur
517 3674 656 3728 idem
688 3671 1022 3744 Nicephorus
1046 3671 1162 3744 an.

380 3745 491 3812 (91)
546 3735 1260 3812 dlartarpiardg._ﬁltiss;e
1315 3736 1429 3812 Lat.
1473 3735 1566 3812 Cr.
1604 3737 1784 3812 Agens
1809 3738 1863 3812 in

308 3805 494 3879 rebus}
541 3805 965 3882 Μαγιστριανός.
1008 3808 1138 3865 Vide
1183 3809 1443 3879 Cangium
1495 3807 1548 3861 in
1595 3805 1863 3861 σιωπαί-ἑο

526 5785 794 5843 ῐδλτιιοι.
839 5778 952 5840 Gn.
999 5780 1082 5840 Χ.
3164 5750 3234 5802 9⁸
