3934 6198
3370 311 3473 367 886

228 307 344 366 835
914 308 985 363 IN
1016 303 1347 397 CANONEM
1382 302 1795 361 PASCHALEM
1833 303 2157 363 BUCHERII
2187 303 2853 365 AMMADVERSIONES.

1132 726 1685 855 [EGIDII
1832 724 2130 853 BUC
2152 722 2598 850 ΗΕΒΙΙ

1631 1002 1674 1055 Ε
1730 998 1879 1058 SOC.
1916 999 2079 1058 JESU

613 1187 693 1248 IN
741 1185 806 1247 S.
866 1178 1308 1245 HIPPOLYTI
1365 1178 1746 1242 CANONEM
1794 1172 2276 1240 PASCHALEM
2333 1175 3109 1242 ANIMADVERSIONES.

1361 1542 1746 1633 INDEX
1797 1535 2368 1631 CAPITUM.

1825 1786 1889 1797 ...ο

302 1904 354 1959 I.
422 1885 439 1891 ’ν
500 1905 546 1959 Α
580 1920 679 1974 quo
704 1918 840 1956 anno
876 1900 1057 1957 Conon
1089 1899 1431 1973 Hippolyteus
1457 1902 1697 1970 incipiat.

306 1995 377 2053 ιι.
506 1996 617 2053 Cur
647 1997 965 2068 Hippolytus
985 1997 1350 2050 octaeteridem
1380 1995 1625 2065 geminet.
1650 1991 1836 2044 Potuit
1861 1988 2088 2057 simplici
2119 1993 2435 2041 octaeteriae
2458 1992 2726 2039 contentus
2749 1997 2874 2038 esse.
2960 2030 2967 2037 .

332 2092 422 2147 lli.
521 2092 867 2161 Parergorum
891 2092 1047 2159 primi
1076 2090 1315 2144 laterculi
1340 2087 1643 2157 explicatio.
1662 2084 1771 2139 Cur
1794 2083 2013 2138 subinde
2044 2081 2153 2135 bini
2179 2080 2291 2135 dies
2324 2076 2893 2147 quartwdecimtelunce
2916 2074 3266 2144 designentur.

296 2180 390 2235 ιν.
469 2180 639 2235 Tertia
678 2180 857 2233 tabula
887 2180 1124 2247 paschali
1156 2180 1466 2233 Victorianus
1510 2178 1821 2245 conformior
1869 2177 2194 2247 proponitur.
2231 2174 2391 2229 Luna:
2432 2171 2691 2243 paschalis
2719 2166 3039 2238 Hippolyten:
3081 2174 3210 2221 tetas
3237 2165 3455 2219 eruitur.

535 2252 801 2319 Hippolyti
829 2249 1007 2305 Canon
1034 2251 1089 2302 in
1121 2248 1399 2303 Victoriani
1430 2260 1607 2318 typum
1634 2251 1889 2302 redactus.

309 2339 379 2396 Υ.
493 2339 809 2411 Hippolytus
838 2339 1110 2411 paschales
1136 2338 1448 2411 Lgtinorum
1472 2340 1632 2407 primi
1666 2341 1864 2411 generis
1893 2338 2124 2390 rationes
2150 2335 2405 2411 sequitur.
2432 2333 2774 2411 Primoenim
2806 2343 2963 2402 caput
2992 2335 3178 2387 mensis
3206 2336 3469 2403 paschalis

553 2402 649 2466 (1'5
684 2402 869 2465 Martii
900 2409 1127 2463 orditur.
1161 2408 1400 2463 Secundo
1431 2402 1611 2462 lunam
1640 2402 1939 2478 phschalem
1970 2424 2001 2459 α
2057 2421 2144 2460 xw
2176 2402 2227 2458 in
2256 2419 2370 2458 χχιι
2412 2402 2687 2471 di/fundit.

306 2503 398 2559 Vl.
494 2503 563 2557 Et
592 2502 925 2557 Dominicam
954 2500 1248 2570 paschalem
1280 2499 1468 2554 Martii
1497 2500 1567 2553 20
1597 2500 1853 2553 admittit.

302 2599 423 2655 VII.
501 2596 790 2722 NlttnquaJn
820 2596 1006 2648 limitis
1037 2610 1069 2646 a
1101 2593 1299 2663 synodo
1326 2592 1639 2647 Cwsariensi
1666 2592 1936 2647 constituti
1958 2591 2112 2660 ﬁnem
2140 2589 2360 2645 excedit.
2402 2587 2549 2658 Cycli
2592 2588 2892 2658 Hippolylei
2920 2588 2974 2642 in
3008 2588 3329 2644 Kalendario
3368 2590 3455 2644 Ju-

571 2670 697 2722 iano
759 2666 1016 2722 isnositio.

551 2675 697 2723 liano
722 2675 1016 2736 dispositio.

306 2762 441 2819 VIII.
504 2762 585 2817 An
609 2764 883 2816 octaeteris
906 2760 1171 2829 paschalis
1205 2760 1403 2829 passim
1431 2766 1686 2825 usurpata
1713 2755 1781 2808 sit
1811 2772 1825 2829 ς

1909 2753 2053 2807 rimis
2077 2754 2417 2809 Christianis.
2454 2752 2786 2808 Octaeridem
2819 2751 3092 2823 Hippolyti
3112 2752 3347 2824 Scaliger
3376 2753 3439 2808 ab
3472 2776 3475 2777 ν

556 2833 775 2897 surdam
803 2826 952 2902 putat
981 2847 999 2885 :
1034 2847 1150 2901 qum
1175 2826 1345 2884 tamen
1370 2827 1683 2881 Latinorum
1721 2826 1948 2879 rationes
1978 2835 2166 2879 servat.

305 2927 399 2982 IX.
493 2927 782 2982 Octaeteris
806 2927 1049 2996 Dionysii
1074 2925 1422 2980 Alexandrini
1450 2924 1695 2993 episcopi.

306 3023 379 3080 Χ.
499 3023 637 3078 Julii
670 3024 930 3092 Africani.

301 3120 397 3173 XI.
497 3119 965 3175 Montanistarum.

299 3215 419 3271 XII.
498 3218 886 3273 Audianorum.

300 3312 445 3367 X2".
504 3314 744 3369 Aliorum
773 3316 913 3385 apud
935 3315 1152 3370 Bedam.

299 3407 449 3465 λιν.
504 3408 614 3464 Cur
640 3409 1060 3465 Christianorum
1098 3412 1450 3481 antiquissimi
1478 3412 1839 3469 octaeleridem
1865 3413 2036 3481 potius
2068 3427 2221 3481 quam
2245 3405 2776 3463 enneadecaeteridem
2805 3404 3119 3473 suffecerint.

300 3484 424 3561 XV.
524 3504 863 3561 Octaeleridis
890 3507 1237 3562 incommoda.
2674 3494 2681 3505 ’

1830 3858 1875 3913 Α
1908 3851 2183 3905 Dominica
2216 3848 2478 3920 inciderit.
2498 3846 2633 3902 Nam
2666 3860 2773 3901 non
2802 3853 3010 3900 tantum
3033 3857 3157 3898 cum
3178 3843 3468 3914 quartade-

1907 3949 2048 4004 cima
2077 3961 2198 4016 qua:
2222 3958 2349 3998 vere
2375 3941 2642 3997 terminus
2667 3946 2770 4003 est,
2799 3937 2891 3992 sed
2920 3936 3079 3992 etiam
3101 3950 3225 3990 cum
3248 3938 3467 4005 quinta-

1906 4038 2115 4093 decima
2142 4036 2268 4089 luna
2301 4033 2387 4105 (de
2418 4048 2525 4103 qua
2553 4030 2689 4085 nihil
2723 4029 2811 4085 hic
2840 4028 3152 4098 latereulus)
3186 4028 3241 4081 in
3284 4026 3468 4081 Domi-

1906 4129 2085 4183 nicam
2116 4118 2364 4192 incurrit,
2401 4124 2617 4181 oetiduo
2648 4124 2855 4181 Pascha
2885 4121 3085 4177 diﬂ’erri
3119 4120 3233 4174 vult
3262 4118 3468 4188 Hippo-

1906 4223 2068 4294 lytus,
2105 4228 2164 4274 ut
2189 4234 2317 4275 mox
2346 4218 2645 4273 ostendam.

359 3848 404 3903 Ι.
450 3848 492 3902 Α
535 3864 635 3919 quo
664 3864 801 3902 anno
834 3848 1017 3904 Canon
1054 3848 1399 3923 Hippolyteus
1440 3853 1679 3923 incipiat.

298 4046 620 4103 lsliusmodi
649 4056 777 4103 sunt
807 4049 860 4102 in
904 4059 1081 4104 statua
1111 4051 1199 4104 illa
1230 4067 1531 4108 marmorea
1562 4052 1802 4108 Lauren-

231 4139 382 4195 tiana
432 4139 547 4193 bini
576 4141 858 4209 paschales
881 4142 1125 4196 laterculi
1151 4161 1162 4196 :
1190 4144 1281 4212 qui
1313 4145 1381 4198 ab
1406 4160 1549 4199 anno
1572 4145 1805 4199 Alexan-

230 4231 314 4285 dri
345 4231 482 4300 imp.
500 4230 793 4286 Mammaaze
816 4232 909 4286 ﬁlii
932 4233 1128 4302 primo,
1144 4233 1418 4290 Canonem
1434 4236 1590 4299 inire,
1607 4237 1805 4292 diserte

233 4332 525 4378 testantur.
566 4323 805 4378 Primum
839 4334 1019 4379 autem
1049 4326 1338 4381 Alexandri
1371 4343 1481 4382 non
1516 4329 1570 4383 in
1602 4329 1801 4384 Christi

230 4416 514 4485 vulgarem
536 4415 663 4481 224,
688 4426 747 4471 ut
772 4417 964 4471 volunt
984 4418 1241 4486 Annales,
1266 4419 1360 4475 sed
1388 4419 1513 4484 222,
1538 4430 1597 4475 ut
1617 4430 1803 4477 nostra

231 4508 296 4563 ad
327 4506 634 4562 Victoriam
660 4508 942 4577 Appendix
966 4511 1169 4577 sciscit,
1194 4511 1494 4575 incurrere,
1520 4520 1600 4566 tot
1629 4511 1803 4568 Cano-

1906 4376 1969 4432 ιι.
2028 4378 2135 4433 Cur
2176 4375 2511 4445 Hippolytus
2584 4372 2944 4427 octaeteridem
2993 4372 3234 4442 geminet.
3281 4367 3468 4422 Potuit

2187 4446 2419 4516 simplici
2444 4445 2754 4498 octaeteride
2770 4452 3035 4498 contentus
3059 4458 3189 4498 esse.

230 4599 315 4653 nis
346 4598 582 4667 hujusce
616 4599 961 4655 characteres
1002 4602 1278 4657 evincunt.
1316 4601 1495 4669 Quare
1538 4604 1673 4658 nihil
1702 4606 1804 4659 mi-

227 4706 375 4755 rum,
410 4690 458 4744 si
494 4689 671 4745 Julius
697 4689 1002 4757 Africanus,
1015 4694 1117 4748 hoc
1143 4702 1385 4764 tempore
1409 4696 1673 4762 scribens,
1698 4714 1802 4750 ιιι

228 4781 475 4838 Danielis
531 4784 901 4841 hebdomadas
950 4787 1276 4842 octaeteride
1331 4788 1486 4859 (quae
1531 4791 1801 4861 geminata

227 4877 814 4934 beckazdecaeteridem
853 4880 1162 4950 componit)
1202 4881 1473 4950 explicare
1506 4886 1801 4954 aggressus

225 4968 342 5023 sit:
374 4970 679 5038 praesertim
720 4986 843 5025 cum
889 4970 1129 5027 Canonis
1169 4972 1528 5029 constantiam
1567 4975 1635 5029 ab
1672 4973 1801 5045 Hip—

228 5060 414 5130 polyto
450 5061 503 5114 in
536 5064 868 5131 praeteritum
904 5078 1057 5132 atque
1086 5080 1149 5119 ac
1179 5064 1421 5120 futurum
1452 5068 1694 5136 promitti
1720 5070 1800 5122 vi—

230 5154 409 5219 deret;
444 5155 673 5209 necdum
702 5156 870 5209 nimia
900 5156 1021 5224 ejus
1049 5158 1417 5213 contractione
1441 5160 1794 5229 deprehensa.

1978 4606 2082 4661 Sed
2117 4622 2215 4661 cur
2248 4614 2468 4661 sanctus
2510 4603 2668 4659 Pater
2707 4605 3083 4660 octaeteridem
3111 4604 3377 4675 'geminat,
3412 4618 3469 4663 et

1904 4700 1960 4754 in
2013 4714 2124 4754 cxn
2172 4700 2394 4769 insuper
2437 4712 2609 4753 annos
2653 4698 2925 4753 extendit?
2970 4698 3196 4753 Videbat
3239 4700 3465 4768 scilicet,

1903 4793 2023 4848 rudi
2058 4792 2236 4848 adhuc
2264 4792 2484 4859 saeculo,
2527 4791 2582 4846 in
2632 4791 2844 4849 duabus
2882 4792 3324 4860 octaeteridibus,
3369 4808 3465 4849 seu

1902 4901 2010 4940 una
2039 4884 2578 4950 heckwdecaeteride,
2611 4886 2847 4954 aliquam
2878 4885 3055 4939 inesse
3084 4884 3339 4939 feriarum
3380 4900 3469 4940 se-

1902 4977 2036 5031 riem
2063 4995 2077 5044 ;
2109 4976 2435 5046 tandemque
2468 4977 2750 5046 completis
2783 4987 2988 5046 septem
3032 4977 3464 5033 heckzedecaete-

1902 5071 2133 5139 ridibus,
2174 5071 2338 5126 ferias
2370 5071 2437 5125 ad
2463 5080 2625 5140 caput
2648 5071 2859 5138 redire;
2892 5071 3465 5127 heckaadecaeteridem

1904 5160 2089 5231 itaque
2136 5162 2435 5219 contexuit.
2487 5164 2558 5217 At
2606 5170 2817 5232 poterat
2843 5162 3000 5216 'idem
3050 5172 3201 5217 tanto
3246 5162 3465 5217 brevius

227 5242 386 5309 Quod
413 5244 597 5299 subdit
633 5245 977 5318 Hippolytus,
1024 5247 1326 5303 solvendum
1368 5267 1477 5304 esse
1510 5251 1798 5320 jejunium,
1831 5231 1873 5287 Β
1901 5254 2321 5326 distinctiusque
2363 5256 2417 5310 in
2460 5231 2683 5311 totidem
2727 5256 3144 5312 octaeteridibus
3183 5265 3462 5325 praestare.

226 5350 344 5388 cum
367 5338 646 5391 Dominica
668 5339 939 5407 incideret,
954 5354 1141 5395 verum
1168 5351 1251 5396 est
1274 5360 1287 5395 :
1310 5342 1423 5397 sive
1450 5342 1516 5397 de
1550 5342 1798 5400 Paschali

229 5424 340 5479 sive
374 5424 444 5479 de
470 5424 538 5481 iis
568 5443 691 5497 qua:
730 5428 925 5498 jejunii
960 5431 1218 5486 solemnis
1256 5432 1372 5488 dies
1407 5433 1790 5502 intercursant,

1905 5346 2119 5418 Septem
2152 5348 2296 5403 enim
2329 5350 2680 5406 octaeterides
2712 5351 2870 5405 binos
2901 5350 3104 5404 solares
3124 5350 3302 5419 cyclos
3322 5352 3463 5403 inte.

1902 5455 2049 5513 gros,
2076 5450 2136 5495 ut
2176 5440 2399 5497 totidem
2428 5441 2971 5498 heckaedecaeterides
2994 5451 3286 5512 quaternos
3316 5458 3465 5496 com-

230 5512 529 5605 Dominicis
567 5519 919 5589 accipiamus.
970 5521 1154 5592 Neque
1188 5524 1363 5592 video,
1404 5528 1679 5596 quomodo
1708 5528 1797 5585 hic
1901 5530 2250 5601 plectuntur;
2291 5542 2512 5603 tamque
2533 5537 2662 5600 duo,
2687 5551 2852 5603 quam
2876 5547 3109 5601 quatuor
3139 5535 3269 5589 solis
3301 5536 3465 5605 cycli,

230 5603 682 5677 ἀπονηστίζεσθαι
725 5610 824 5675 δεῖ,
869 5612 1135 5680 sitidem,
1181 5615 1327 5684 quod
1377 5618 1799 5688 transferendum

1909 5622 2107 5679 litteras
2146 5621 2510 5681 Dominicales
2550 5627 2606 5681 in
2652 5628 2837 5683 orbem
2868 5629 3167 5693 reducunt;
3210 5637 3262 5683 et
3303 5629 3477 5684 annis.

230 5710 337 5751 ⁸³³⁸
373 5696 673 5771 jejunium,
710 5714 769 5759 υῑ
822 5705 934 5761 VU"
984 5703 1245 5778 Scaliger,
1287 5725 1403 5764 cum
1445 5712 1697 5768 terminus
1744 5715 1799 5769 in
1910 5717 2039 5776 solis
2066 5735 2173 5792 LVI,
2202 5721 2548 5793 priusquam
2572 5738 2700 5791 ειη,
2735 5723 3073 5781 evolvuntur.
3098 5720 3232 5779 Hinc
3266 5730 3374 5777 tam
3409 5718 3469 5777 in
