3934 6198
160 322 241 380 893

750 312 817 367 IN
851 310 1183 368 CANONEM
1220 312 1635 369 PASCHALEM
1673 314 1999 372 BUCIIERII
2040 314 2707 373 ANIMADVERSIONES.

3242 317 3349 373 89$

158 450 248 495 tum
273 434 503 499 incurrit,
531 441 586 487 ut
613 434 769 489 annis
803 433 1011 503 periodi
1048 448 1102 486 IV
1127 443 1180 488 et
1217 451 1307 500 LX,
1331 450 1405 489 VII
1443 444 1496 490 et
1520 451 1672 503 LXIII,
1705 440 1749 499 Β
1777 437 1869 507 qui
1892 437 1960 492 84
1982 453 2246 492 annorum
2269 446 2372 502 est,
2401 439 2577 508 capite
2605 438 2657 491 5.
2690 435 2838 490 Adeo
2861 450 3045 489 verum
3072 443 3175 498 est,
3202 438 3343 503 quod

158 552 182 587 Χ
210 541 253 587 ει
286 545 418 593 LXVI,
446 543 538 581 XIII
580 536 633 581 CI.
670 541 811 589 LXIX,
851 542 940 579 XVI
978 535 1032 579 CI
1076 542 1246 592 LXXII,
1280 542 1369 579 XIX
1412 536 1465 581 CI
1512 544 1671 594 LXXV,

158 639 248 679 IIII
278 632 324 675 et
349 636 563 674 LXXVIII.
604 617 712 672 Nec
741 626 849 671 tota
876 618 993 686 ejus
1028 617 1129 670 112
1154 632 1419 671 annorum
1453 620 1673 687 periodo

158 730 353 785 unquam
377 712 577 765 videbis
601 720 721 764 ante
744 711 926 763 lunam
956 725 1044 762 XVI
1069 708 1275 763 Pascha
1296 709 1671 764 Christianum

158 808 305 863 indici.
336 805 602 873 Ejusmodi
628 813 753 858 sunt
780 803 905 857 anni
934 818 1141 867 omnes,
1176 817 1407 871 quorum
1434 802 1673 869 termini,

157 916 229 953 seu
254 896 667 967 quartadecima:
699 894 981 964 paschales
1009 893 1062 945 in
1094 891 1283 946 feriam
1313 909 1365 946 VI
1395 892 1670 960 incidunt;

157 1004 200 1043 ut
221 1005 310 1041 XVII
333 996 382 1041 et
412 1002 601 1050 LXXIII,
641 1002 710 1039 XX
740 994 793 1039 et
838 1001 1020 1049 LXXVI,
1056 999 1197 1037 XXIII
1236 992 1291 1038 et
1333 999 1519 1047 LXXIX,
1549 1000 1675 1039 XXVI

156 1092 195 1134 τι
219 1094 397 1142 LXXXII,
425 1094 553 1131 XXIX
584 1086 640 1131 et
668 1093 863 1140 LXXXV.
891 1093 1041 1131 XXXII
1066 1085 1119 1132 et
1141 1091 1405 1141 LXXXVIII,
1445 1092 1589 1131 XXXV
1623 1084 1677 1130 et

157 1188 239 1237 ια,
264 1185 451 1224 XXXVIII
482 1178 535 1224 et
562 1185 705 1223 XCIV.

187 1310 249 1364 1⁷1.
272 1310 330 1363 Et
356 1310 685 1363 Dominicam
714 1310 1014 1379 pascltalem
1048 1309 1233 1363 Martii
1261 1308 1333 1363 20
1369 1308 1634 1363 admittit.

210 1444 260 1498 Et
286 1444 420 1497 hisce
446 1443 661 1511 quidem
687 1443 829 1497 binis
856 1445 1252 1513 posterioribus
1276 1444 1431 1499 annis
1460 1444 1509 1499 id
1533 1460 1673 1515 pra:-

157 1549 268 1591 terea
300 1536 557 1605 peculiare
595 1543 698 1599 est,
728 1544 785 1589 III
816 1536 1025 1592 Pascha
1061 1536 1403 1592 Dominicum
1436 1553 1533 1590 xm
1568 1536 1676 1590 Ka-

158 1628 303 1681 lendas
327 1626 545 1693 Apriles,
581 1643 677 1681 seu
710 1627 886 1682 Martii
921 1628 992 1684 2t)
1030 1630 1115 1684 die
1158 1630 1471 1694 decernant,
1498 1630 1674 1684 littera

160 1718 426 1772 Dominicali
449 1716 506 1768 B.
528 1717 682 1783 Quod
710 1729 885 1773 tamen
910 1721 1014 1775 ﬁne
1037 1722 1246 1790 prologi
1278 1723 1360 1775 sui
1378 1721 1669 1786 Victorius,

1790 528 1961 583 nostri
2010 528 2064 581 in
2093 527 2392 583 Victorium
2439 526 3023 595 Commentariicapite
3056 525 3087 578 4
3129 524 3345 577 ﬁniente

1776 621 2035 686 diximus,
2064 636 2240 689 neque
2272 618 2473 674 Iudaeis
2496 618 2785 683 veteribus,
2819 632 2993 685 neque
3024 618 3221 669 nostris
3251 631 3345 684 per

1775 711 1886 766 duo
1923 712 2105 780 priora
2142 712 2337 765 saecula
2362 710 2692 765 Christianis
2717 707 3140 762 astronomicum
3176 706 3342 775 acqui—

1776 802 1940 856 noctii
1972 803 2113 856 diem
2142 805 2405 873 agnitum,
2436 817 2543 855 non
2582 809 2724 855 certe
2766 809 2914 853 tanto
2956 798 3209 867 scrupulo
3247 797 3343 850 ob-

1777 904 2052 949 servatum
2081 915 2093 949 :
2126 912 2249 951 cum
2280 896 2334 949 hi
2368 895 2515 949 nullo
2543 893 2609 947 ad
2638 909 2730 947 eas
2765 892 2927 947 tricas
2952 891 3081 957 otio,
3114 890 3201 944 vix
3234 889 3341 942 ulla

1777 1001 1809 1040 a
1840 996 1918 1041 tot
1954 988 2425 1057 persecutionibus
2468 984 2843 1054 respiratione,
2890 982 3026 1036 nihil
3072 996 3232 1050 supra
3289 980 3341 1032 id

1776 1081 1920 1149 quod
1976 1080 2240 1134 hactenus
2285 1094 2317 1133 a
2367 1078 2651 1149 Synagoga
2697 1082 3014 1144 usurpatum
3054 1074 3340 1137 videbant,

1776 1170 2165 1239 inquirendum
2193 1180 2446 1241 putarent
2477 1177 2818 1233 curarentve,
2863 1182 2961 1220 nec
2994 1182 3216 1218 mensem
3248 1182 3344 1217 no-

1775 1277 1977 1326 vorum,
2012 1262 2186 1316 solum
2232 1277 2260 1315 a
2299 1262 2580 1329 Scriptura
2616 1268 2997 1325 memoratum,
3038 1258 3143 1311 alio
3176 1272 3338 1326 quam

1775 1349 1945 1403 Judaei
1976 1365 2140 1405 sensu
2176 1350 2679 1419 interpretarentur.
3087 1335 3097 1343 ’
3172 1337 3181 1342 ’

1775 1461 1884 1516 VII.
1928 1461 2214 1532 Nunquam
2253 1462 2437 1515 limitis
2478 1460 2747 1532 asynodo
2778 1458 3116 1532 ‘Cwsurriensi
3145 1458 3339 1532 consti-

1846 1535 1946 1584 tuti
1979 1528 2133 1600 ﬁném
2157 1534 2377 1585 excedit.
2410 1530 2555 1601 (Σμειὶ
2579 1528 2891 1601 Ἠἰρροιυῑεί
2927 1531 2979 1582 in
3010 1528 3338 1581 Kalendario

1843 1602 2063 1655 .Iuliano
2096 1604 2392 1668 dispositio.

1847 1713 1953 1769 Nec
1981 1714 2109 1768 illud
2149 1715 2237 1770 hic
2266 1714 2647 1781 omittendum,
2678 1713 3026 1784 Hippolytum
3053 1712 3336 1768 constituti

160 1826 376 1878 nunquam
399 1809 603 1875 penitus
640 1809 961 1863 celebratum
985 1811 1205 1864 inveniri
1229 1811 1455 1865 scribit:
1481 1825 1674 1878 nempe
1704 1795 1746 1850 Β
1775 1805 1844 1858 ah
1876 1806 2081 1876 synodo
2108 1805 2433 1861 Caesariensi
2474 1806 2661 1859 limitis
2708 1805 2977 1874 paschalis
3028 1804 3189 1858 tinem
3229 1820 3336 1857 non

162 1911 253 1971 post
277 1900 527 1954 Nicaenam
560 1902 857 1971 synodum,
890 1912 982 1955 aut
1013 1901 1214 1957 fortean
1245 1917 1311 1957 eX
1352 1917 1459 1971 quo
1496 1901 1671 1955 Latini

162 1992 680 2046 beckzedecaeteridem
739 1992 878 2047 hanc
938 1993 1276 2061 abjeccrant,
1331 1992 1401 2047 ad
1457 2002 1669 2047 aetatem

161 2098 292 2152 usque
319 2082 550 2147 Victorii,
590 2092 654 2137 ut
694 2084 949 2139 diximus.
996 2083 1109 2139 Nisi
1161 2085 1316 2138 malis
1359 2099 1482 2138 cum
1530 2084 1671 2139 Beda

162 2174 499 2241 celebrandum,
550 2190 716 2242 quam
779 2176 1095 2229 celebratum
1154 2176 1349 2245 legere.
1418 2176 1670 2245 Alioquin

161 2262 373 2333 Hippolyti
403 2265 512 2319 haec
546 2265 838 2319 octaeteris
880 2268 1182 2335 geminata,
1232 2266 1345 2320 sive
1392 2265 1669 2320 heckzede-

162 2354 358 2417 caeteris,
386 2369 654 2408 annorum
692 2355 791 2408 “2
816 2355 1117 2420 intervallo,
1146 2354 1229 2408 bis
1272 2355 1378 2408 isto
1416 2355 1501 2408 die
1535 2370 1669 2408 con-

160 2443 311 2499 stituit.
341 2442 481 2497 Unde
508 2445 663 2499 vides
693 2445 1034 2515 IIippolytuIn
1066 2462 1132 2500 ex
1164 2447 1341 2516 primo
1375 2454 1428 2501 et
1456 2447 1670 2516 rigidis-

163 2535 267 2586 simo
299 2533 601 2589 Latinorum
648 2552 843 2605 genere
884 2537 1179 2604 exstitisse,
1216 2538 1308 2607 qui
1355 2537 1666 2592 Iudaeorum

163 2625 369 2679 terminos
388 2628 902 2696 complectebantur;
920 2637 973 2683 et
995 2628 1396 2697 aequinoctium,
1422 2629 1501 2682 vel
1524 2638 1669 2683 certe

164 2716 261 2767 solis
285 2717 328 2769 in
350 2718 579 2772 Arietem
617 2719 944 2787 ingressum,
980 2736 1086 2772 non
1116 2735 1238 2773 cum
1277 2718 1340 2772 ‘21
1386 2718 1585 2784 Martii,
1612 2729 1669 2773 ut

163 2802 316 2857 Μαιξηί
344 2805 549 2874 Patres;
580 2824 760 2878 neque
800 2825 922 2863 eum
955 2810 1045 2873 22,
1081 2818 1138 2862 ut
1178 2810 1381 2878 passim
1416 2809 1667 2863 Anatolio

164 2896 385 2964 tribuunt;
417 2903 505 2956 sed
536 2918 668 2956 cum
703 2901 768 2955 I8
802 2902 1221 2971 comparabant,
1272 2916 1339 2956 ex
1384 2902 1670 2956 nonnullo-

163 3001 252 3041 rum
281 3001 493 3047 veterum
526 2986 582 3049 et
613 2994 905 3049 celebrium
938 2994 1336 3063 astrologorum
1367 2994 1664 3048 sententia:

164 3094 253 3134 cum
281 3087 454 3153 quibus
488 3086 711 3142 Judaeos
757 3086 1128 3153 consensisse,
1173 3085 1438 3155 Joseplius
1479 3101 1665 3140 eorum

1772 1901 2048 1963 excedere,
2082 1899 2205 1953 licet
2246 1898 2457 1952 initium
2493 1898 2660 1953 biduo
2703 1907 3023 1953 antevertat.
3069 1898 3144 1953 Ea
3190 1899 3335 1953 enim

1772 1986 2010 2060 Synodus
2034 1990 2102 2043 ab
2131 2006 2185 2043 XI
2217 1988 2485 2045 Kalendas
2520 1989 2752 2059 Apriles,
2795 2006 2890 2045 seu
2930 1990 3001 2043 22
3037 1988 3236 2056 Martii,
3269 1990 3337 2043 ad

1772 2098 1826 2136 XI
1858 2080 2126 2137 Kalendas
2159 2081 2305 2148 Maii,
2347 2099 2441 2139 seu
2475 2084 2539 2138 2i
2574 2084 2776 2153 Aprilis
2814 2084 3097 2149 inclusive,
3135 2098 3231 2152 per
3267 2083 3330 2137 51

1771 2172 1885 2227 dies
1919 2172 2124 2228 Pascha
2157 2174 2544 2245 ἀναστάσιμον,
2576 2191 2669 2231 seu
2711 2175 3021 2231 Dominicas
3054 2175 3336 2244 paschales

1773 2265 2066 2319 concludit.
2101 2263 2420 2337 Hippolytus
2452 2268 2520 2321 ab
2554 2283 2652 2320 XIII
2684 2265 2949 2321 Kalendas
2977 2267 3207 2335 Apriles,
3240 2282 3336 2320 seu

1770 2355 1946 2410 Martii
1979 2357 2071 2424 20,
2101 2358 2168 2412 ad
2205 2374 2257 2412 XI
2287 2358 2556 2413 Kalendas
2586 2358 2726 2424 Maii,
2742 2374 2834 2427 per
2857 2359 2973 2413 dies
3013 2358 3238 2413 omnino
3268 2358 3336 2411 55

1770 2450 2030 2514 extendit,
2055 2458 2114 2503 ut
2143 2465 2209 2503 ex
2241 2450 2484 2519 subjecto
2528 2450 2916 2520 diagrammate
2945 2459 3106 2519 patet.
3139 2448 3197 2502 In
3227 2463 3336 2517 quo

1770 2554 1943 2594 annos
1994 2540 2563 2595 beckaedecaetcridos-
2595 2541 2714 2610 ejus
2763 2557 2923 2596 senos
2956 2542 3146 2605 denas,
3179 2542 3335 2609 quasi

1769 2629 1989 2683 totidem
2024 2646 2278 2685 numeros
2318 2632 2552 2695 Aureos,
2589 2647 2741 2701 mque
2785 2648 2847 2686 ac
2890 2648 2981 2686 XIX
3024 2632 3247 2685 Latinos
3283 2639 3336 2684 et

1768 2721 2186 2785 Alexandrinos,
2221 2723 2385 2777 certis
2408 2723 2674 2777 mensium
2708 2722 2884 2778 Martii
2918 2734 2971 2778 et
3000 2724 3198 2793 Aprilis
3221 2725 3336 2778 die-

1768 2813 1869 2868 bus
1893 2829 1957 2866 eX
1989 2813 2108 2882 ejus
2134 2813 2378 2867 doctrina
2403 2814 2671 2870 atIiXimus
2699 2835 2710 2869 :
2740 2818 2812 2869 ita
2836 2825 3035 2882 tamen,
3065 2826 3124 2870 ut
3146 2817 3334 2871 sexde-

1768 2903 1874 2957 cim
1905 2902 2033 2956 anni
2066 2903 2178 2967 isti,
2209 2918 2315 2956 non
2356 2902 2460 2957 nisi
2504 2904 2570 2958 ad
2599 2914 2722 2959 octo
2753 2906 2867 2960 dies
2900 2907 3165 2960 mensium
3203 2906 3333 2959 isto-

1767 3008 1886 3046 rum
1921 3001 2296 3061 apponantur;
2343 2993 2471 3061 quia
2505 2993 2618 3047 bini
2670 2994 2725 3048 in
2773 2996 3019 3050 cellulam
3050 3012 3210 3050 unam
3252 2996 3335 3049 in-

1768 3091 1996 3139 currunt
2034 3102 2045 3136 :
2084 3084 2302 3153 quando
2333 3084 2483 3154 inihi!
2530 3085 2675 3139 aliud
2718 3086 3191 3143 hecktedecactcris
3227 3092 3331 3152 est,

165 3172 394 3231 historicus
423 3180 695 3244 insinuat;
735 3187 788 3233 et
826 3195 923 3233 nos
969 3178 1214 3231 dicemus
1243 3180 1295 3230 in
1334 3185 1568 3231 tractatu
1599 3177 1671 3232 De
1698 3162 1740 3220 Ο
1772 3193 1936 3247 quam
1962 3177 2249 3233 octaeteris
2282 3178 2577 3247 geminata,
2623 3190 2682 3235 ut
2714 3181 2826 3251 jam
2874 3184 3033 3241 toties
3073 3185 3330 3239 diximus.

163 3265 351 3327 paschali
374 3278 620 3334 veterum,
647 3278 873 3339 tempore
918 3268 1137 3335 Christi,
1166 3267 1473 3321 Judworum
1507 3268 1672 3338 cyclo,

1774 3268 1854 3323 En
1887 3269 2023 3341 cycli
2059 3268 2330 3340 Hippolyti
2350 3270 2405 3323 in
2430 3270 2753 3329 Kalendario
2781 3273 2996 3332 Iuliano
3029 3276 3330 3348 dispositio.

734 3451 961 3513 CYCLI
1008 3449 1493 3511 HIPPOLYTEI
1530 3450 1612 3510 IN
1654 3448 2178 3511 KALENDARIO
2221 3449 2694 3516 DISPOSITIO.

954 3580 1079 3668 ἒξ
1169 3579 1294 3657 ‹ἓ
1379 3584 1504 3664 εξ

356 3715 821 3773 manus.

354 3984 411 4024 ιιι
535 3972 574 4026 5
768 3971 825 4024 Ἀ
968 3986 1064 4024 XIX
1159 3984 1295 4023 XVIII
1402 3984 1454 4023 VI
1634 3971 1660 4023 I

320 4069 449 4079 ——
518 4072 667 4088 --.
734 4070 875 4081 ——
944 4070 1086 4084 ———
1158 4055 1297 4079 -'——
1394 4055 1483 4093 XIV
1573 4069 1716 4082 ———

322 4108 459 4164 PI-id.
581 4112 614 4165 6
790 4113 825 4165 b
966 4127 1061 4164 VIII
1625 4112 1660 4165 2

321 4248 451 4304 Non.
583 4251 613 4304 7
790 4268 821 4305 c
1191 4265 1264 4304 VII
1621 4252 1656 4305 5

320 4347 1291 4446 Ῑῆἶ’ἑ““ιι’“ἷιῖ““
1397 4372 1458 4481 ξε
1565 4352 1706 4447 Τ

355 4545 425 4584 VII
583 4532 616 4587 9
790 4546 821 4586 e
995 4547 1029 4583 ν
1189 4548 1255 4586 XV
1628 4534 1662 4588 5

324 4628 1716 4727 TTT—‘TWT

324 4768 1716 4881 Ῑ“Ῑ’ἶῐῖῗ”“”““ῗ

358 4966 405 5003 Iv
522 4953 635 5005 [I2
784 4952 829 5003 Α
999 4968 1039 5005 ιι
1188 4968 1263 5006 XII
1629 4954 1663 5007 8

325 5048 1298 5147 ῙῙΤ“““Γ“
1572 5053 1715 5149 ἐἷ’

324 5188 1715 5289 ΞΕῙΤΤ’”““Ῑ‹Γ

329 5327 1718 5429 ΕΞἿΞἿΓ“’Ῑ““ἾΓ

345 5524 448 5566 XVII
574 5514 637 5568 I6
800 5532 829 5568 e
954 5532 1089 5570 XVIII
1177 5532 1287 5571 XVII
1389 5498 1484 5605 xy"
1615 5517 1681 5569 12

332 5608 1298 5710 ῙκῖῗῗἾ-Ῑῖῗη
1575 5616 1681 5709 Ἦ

1815 4302 1869 4339 χι

1835 4390 1862 4443 1

1779 4490 1920 4585 ’ἵ

1785 4632 1929 4726 Τ

1836 4813 1871 4867 4
2019 4796 2114 4835 VIII

1801 4914 1807 4918 _
1841 4913 1926 4918 __
2021 4867 2113 4906 XVI

1840 4913 1927 5008 Ξ-
2056 4957 2080 5010 ι

1781 5054 2133 5150 TT

1847 5235 1877 5288 7
2057 5238 2092 5292 5

1840 5376 1873 5428 ⁸
2048 5376 2102 5445 ιι
2225 5358 2325 5467 ιζ.

1786 5475 2282 5572 -ἷ-ἶι

1784 5615 2343 5714 ’ῙῘΤΤ
