3934 6198
159 302 243 357 897

768 293 833 348 ΙΝ
870 292 1195 349 CANONEM
1236 292 1645 350 PASCIIALEM
1680 291 2008 349 BUCHERII
2046 288 2717 346 ANIMADYERSIUNES.

3266 295 3367 350 898

220 415 379 481 Atque
411 411 525 466 lucc
552 410 621 465 de
652 411 725 466 iis
759 426 880 480 quae
918 411 985 465 ad
1017 411 1290 482 Hippolyti
1317 411 1616 475 Canonem,
1649 409 1703 466 et
1729 418 1773 471 Α
1804 410 2075 467 riensibus
2117 409 2415 477 collocarit,
2450 409 2595 479 quod
2620 409 2792 479 magis
2822 408 3110 476 existimo;
3146 417 3273 465 tunc
3300 412 3368 465 ab

161 503 433 557 institutum
457 510 711 555 nostrum
737 509 1001 570 spectant,
1026 500 1167 555 dicta
1196 499 1327 556 sint.
1355 501 1555 556 Czetera
1580 516 1700 570 quae

164 598 234 649 hic
260 591 421 648 notari
453 600 702 661 possent,
731 591 918 645 omitto
945 610 960 647 :
990 600 1106 645 tum
1131 590 1259 661 quia
1288 590 1421 644 nihil
1445 592 1512 645 ad
1544 592 1698 646 insti-

163 698 330 750 tutum,
353 695 462 738 tum
484 684 616 753 quia
644 684 788 753 apud
814 683 1167 752 Scaligerum,
1190 682 1467 739 Pctavium
1489 693 1544 740 ct
1563 684 1697 741 alios

162 779 299 833 videri
325 786 568 847 possunt.
607 775 730 832 Una
754 778 915 833 modo
939 779 1168 848 quaestio
1190 788 1454 848 superest.

165 953 271 1008 VIII.
309 953 556 1036 Qtta'stio.
581 954 680 1036 .An
709 958 980 1036 octacteris
1004 957 1279 1036 Paschalis
1314 961 1697 1036 passim__usur-

210 1028 479 1100 pat‘ahsil-a
507 1028 703 1100 primis
728 1028 1064 1100 Christianis.
1101 1029 1477 1086 Octaeteridem
1505 1031 1697 1100 Hippo-

212 1095 293 1163 lyti
320 1092 552 1173 Scaliger
585 1094 873 1149 absurdam
908 1107 1100 1167 putat:
1124 1115 1240 1170 qua:
1273 1112 1446 1156 tamen
1478 1092 1697 1156 Latina-

218 1181 319 1216 rum
345 1177 572 1218 rattones
605 1176 802 1222 servat.

214 1318 429 1389 Scaliger
452 1318 571 1375 suis
608 1320 667 1374 in
707 1320 851 1375 hunc
881 1318 1151 1394 Hippolyti
1186 1322 1463 1382 Canonem
1506 1328 1694 1385 obser-

161 1410 449 1473 vationibus,
499 1412 687 1465 vereri
721 1428 778 1467 se
817 1412 912 1477 ait,
968 1422 1027 1468 ut
1080 1415 1168 1470 illa
1219 1415 1696 1475 beckaedccaeteris

164 1500 435 1570 llippolytea
468 1516 719 1571 unquam
744 1512 956 1573 recepta
981 1501 1164 1570 fuerit,
1200 1519 1323 1559 cum
1359 1515 1437 1561 tot
1461 1507 1695 1564 absurda

164 1595 204 1645 itt
231 1593 307 1645 illa
332 1592 510 1647 relicta
551 1593 689 1648 sint.
731 1592 873 1647 Nam
901 1595 1155 1666 alioquin,
1190 1598 1384 1667 inquit,
1423 1603 1697 1655 octacteri-

161 1684 229 1735 des
246 1683 497 1751 paschales
526 1684 701 1752 fuisse
734 1686 967 1743 novimus
988 1702 1052 1740 ex
1083 1687 1304 1757 epistola
1331 1688 1572 1760 Dionysii
1595 1694 1697 1761 epi-

164 1776 294 1841 scopi,
322 1784 420 1830 etc.
446 1776 553 1831 Sed
582 1792 693 1832 nos
717 1777 950 1833 absurda
980 1778 1031 1833 in
1062 1780 1167 1836 hoc
1185 1779 1453 1854 Hippolyti
1476 1783 1695 1839 Canonc
1728 1774 1767 1827 Β

164 1868 279 1921 nulla
298 1867 561 1935 videmus;
597 1884 713 1923 non
737 1869 837 1924 alia
860 1879 1023 1937 certe,
1041 1887 1202 1941 quam
1233 1889 1354 1942 qua:
1374 1874 1427 1929 in
1454 1878 1691 1944 paschali

168 1957 437 2014 Latinorum
474 1960 741 2016 methodo
776 1965 1216 2020 monstravimus.
1250 1965 1381 2032 Quae
1411 1982 1571 2023 nemo
1601 1970 1695 2024 ab-

166 2050 295 2103 surda
320 2053 588 2107 vocaverit
616 2070 633 2108 :
670 2064 726 2109 et
754 2068 819 2110 ut
837 2064 1039 2123 essent,
1071 2073 1231 2111 nemo
1261 2068 1478 2129 propter
1504 2076 1566 2115 ea
1595 2076 1693 2129 pa-

168 2144 358 2199 scltalem
398 2142 725 2200 Latinorum
749 2147 958 2217 cyclutn
990 2147 1044 2201 in
1075 2163 1177 2203 usu
1212 2148 1381 2205 fuisse
1425 2165 1548 2205 cum
1573 2150 1694 2206 Sea-

168 2235 296 2302 lgcro
316 2250 502 2305 negare
526 2236 776 2291 auderet.
812 2234 921 2291 Nec
954 2237 1121 2303 enim,
1151 2253 1272 2307 qua:
1296 2240 1500 2308 passim
1534 2256 1694 2295 usur-

170 2335 278 2390 pata,
313 2333 399 2379 aut
423 2326 550 2395 quia
587 2334 872 2397 usurpata,
909 2342 1015 2381 non
1048 2327 1281 2382 absurda
1312 2338 1459 2384 sunt.
1492 2328 1690 2384 Verum

169 2430 261 2477 uos,
296 2425 348 2470 ut
380 2418 521 2482 dixi,
571 2418 726 2472 nulla
773 2418 825 2472 in
857 2419 926 2474 iis
955 2418 1271 2474 Latinorum
1300 2428 1393 2475 aut
1421 2419 1690 2491 Hippolyti

169 2508 414 2563 rationibus
444 2509 709 2574 absurda,
748 2502 838 2564 Sed
887 2512 1066 2579 potius
1110 2521 1262 2567 acuta
1298 2523 1351 2567 ct
1378 2512 1689 2568 verisimilia

170 2599 295 2652 multa
332 2599 521 2667 inesse,
561 2602 705 2656 satis
753 2600 887 2670 jam,
946 2610 1005 2656 ut
1056 2602 1270 2669 opinor,
1318 2603 1686 2673 probavimus.

168 2689 363 2761 Cumque
402 2694 693 2762 paschales
730 2693 1042 2749 Latinorum
1078 2695 1312 2750 rationes
1358 2694 1449 2750 diu
1494 2696 1548 2750 in
1587 2695 1690 2752 Ec-

170 2782 293 2836 elesia
316 2784 562 2855 viguisse,
595 2802 668 2842 ex
697 2787 859 2841 dictis
888 2787 1100 2841 abunde
1128 2786 1240 2856 jam
1274 2795 1517 2854 constet;
1555 2786 1687 2858 Hip-

171 2873 360 2944 polyteas
394 2892 611 2947 quoque
669 2893 789 2947 qua:
828 2876 1017 2933 iisdem
1048 2877 1329 2947 principiis
1363 2878 1684 2945 innituntur,

171 2964 424 3033 aliquandiu
451 2969 650 3022 saltem
680 2978 987 3037 usurpatas,
1021 2984 1214 3040 negare
1243 2986 1347 3025 non
1372 2986 1683 3041 possumus.

170 3052 311 3125 Neque
335 3060 711 3128 probabilitate
735 3069 901 3123 caret,
928 3062 1286 3118 octacteridas
1309 3063 1429 3132 ejus
1456 3065 1685 3121 subinde

171 3150 423 3206 emendatas
460 3168 578 3208 esse
622 3172 638 3215 ;
689 3154 813 3207 licet
859 3154 1252 3209 emendationis
1302 3156 1544 3223 modum,
1590 3159 1682 3227 qui

171 3244 309 3294 varius
332 3256 440 3297 esse
470 3244 686 3313 potuit,
728 3244 1057 3314 ignoremus.

249 3394 324 3451 IX.
362 3398 652 3455 Octaeteris
684 3399 925 3472 Dionysii
952 3402 1300 3458 Alexandrini
1331 3405 1577 3476 episcopi.

224 3504 423 3566 llursunt
453 3514 819 3568 octacteridos
850 3531 1007 3569 usum
1027 3515 1221 3585 priscis
1249 3517 1570 3575 Christianis
1599 3517 1683 3574 fa-

175 3597 382 3653 utiliarctn
431 3602 621 3669 fuisse,
667 3605 861 3672 probat
898 3604 1135 3676 Dionysii
1171 3607 1407 3677 episcopi
1452 3610 1685 3665 Alexan-

172 3687 277 3741 drini
318 3690 419 3761 (qui
460 3697 527 3749 ab
575 3711 724 3751 anno
751 3697 954 3752 Christi
978 3698 1083 3753 246
1117 3698 1184 3754 ad
1204 3699 1312 3754 265
1341 3700 1521 3755 sedem
1562 3717 1683 3757 eam

172 3781 317 3849 tenuit)
350 3785 562 3853 epistola
619 3787 686 3841 ad
728 3786 1022 3843 Domitium
1068 3799 1122 3845 et
1161 3789 1444 3861 Didytnum
1471 3832 1487 3857 ,
1520 3808 1681 3860 quam

172 3868 267 3923 citat
296 3870 538 3937 Eusebius
588 3877 731 3932 Hist.
765 3880 1133 3935 ecclesiastica:
1168 3882 1259 3935 lib.
1286 3898 1392 3947 vn,
1423 3898 1542 3952 cap.
1574 3884 1641 3938 15
1667 3902 1679 3937 :

174 3956 338 4027 luitur,
383 3968 484 4033 ait,
530 3969 802 4024 Canonem
860 3983 974 4025 octo
1029 3989 1284 4026 annorum
1337 3975 1499 4040 citat,
1545 3976 1684 4043 quod

173 4049 319 4113 festum
350 4056 619 4115 Paschalis
660 4078 759 4115 non
799 4062 906 4115 alio
949 4064 1075 4116 anni
1114 4076 1336 4133 tempore
1373 4082 1529 4135 quant
1569 4074 1683 4135 post

174 4144 271 4196 reris
312 4152 672 4217 a'quinoctittm
730 4153 981 4207 celebrari
1022 4155 1227 4210 debeat.
1276 4155 1528 4211 Fueritne
1570 4158 1685 4217 haec

174 4227 361 4305 llionysii
398 4244 705 4305 octacteris,
743 4243 830 4298 illa
863 4242 1131 4316 Hippolyti
1161 4245 1369 4300 dierum
1397 4247 1558 4313 2922,
1602 4247 1685 4301 ἀίο

172 4322 314 4379 vinare
337 4337 412 4383 est
443 4349 455 4385 :
487 4348 598 4385 non
626 4331 794 4386 fuisse
821 4342 1019 4399 tamen,
1044 4333 1349 4400 videretur;
1382 4334 1427 4389 si
1450 4333 1680 4389 Pascha-

172 4412 221 4465 tis
254 4430 332 4471 eos
364 4424 620 4477 terminos
654 4423 939 4487 exhibuit,
990 4424 1081 4494 qui
1123 4433 1248 4494 post
1297 4426 1679 4494 aequinoctium
1715 4460 1758 4515 Β

174 4519 347 4563 vernum
380 4527 589 4584 semper
616 4515 971 4584 plenilunium
998 4516 1333 4581 exhiberem,
1351 4527 1401 4571 et
1424 4527 1681 4572 constan-

172 4602 229 4646 ter
257 4616 266 4650 :
299 4600 389 4658 hoc
416 4607 560 4659 enim
594 4605 911 4677 Hippolytca
951 4608 1223 4677 sesquidie
1256 4607 1466 4662 brevior
1499 4619 1681 4663 tenere

174 4700 253 4741 "0n
289 4704 496 4763 potest,
531 4699 636 4754 nisi
678 4700 895 4754 aliunde
918 4700 1156 4770 juvetur.
1191 4698 1307 4754 Jam
1347 4709 1475 4757 tttnc
1522 4702 1683 4772 igitur

175 4784 369 4849 tempore
417 4790 652 4863 Dionysii
699 4802 933 4857 constat,
984 4792 1247 4862 quosdam
1300 4792 1507 4848 Pascha
1557 4806 1683 4849 ante

174 4877 494 4938 ’Bflltinoctium
520 4926 535 4951 ,
565 4884 754 4939 saltem
782 4884 1043 4948 Caesaris,
1075 4884 1374 4939 celebrasse
1419 4885 1678 4953 subinde;

174 4975 287 5020 uter
316 4972 519 5032 Cauone
556 4976 822 5048 Hippolyti
863 4987 916 5031 et
956 4975 1269 5031 Latinorum
1309 4976 1540 5033 vidimus
1564 5017 1579 5041 ,
1628 4988 1681 5032 et

173 5057 299 5114 etiam
326 5064 371 5117 in
392 5065 606 5126 Judaico
626 5054 947 5124 videbimus.
981 5069 1181 5124 Contra
1210 5069 1307 5122 hos
1333 5084 1520 5125 omnes
1550 5068 1679 5123 Dio-

175 5151 345 5215 ".l'Siunt
368 5163 639 5230 scripsisse
671 5163 982 5232 conjectura
1004 5178 1141 5233 pene
1168 5174 1312 5218 certa
1334 5170 1446 5227 est;
1480 5172 1534 5217 et
1560 5163 1679 5232 qui-

174 5233 268 5291 dem
299 5243 339 5296 si
371 5252 741 5318 :equinoctium
790 5253 855 5308 21
916 5253 1099 5307 martii
1145 5251 1346 5307 Juliaui
1394 5252 1675 5319 delixerit;

173 5330 285 5390 quod
326 5334 436 5393 inde
463 5345 839 5414 consequitur,
890 5344 1127 5399 citimam
1164 5359 1317 5399 suam
1366 5343 1677 5413 paschalem

175 5428 460 5515 tteontertiam
484 5449 585 5488 non
612 5436 717 5491 nisi
747 5438 779 5491 8
801 5437 1041 5506 ejusdem
1070 5435 1244 5489 Martii
1273 5435 1359 5489 die
1383 5450 1541 5490 orsus
1563 5435 1677 5488 fuco

285 5526 310 5566 ε
349 5518 493 5587 Cujus
520 5522 736 5593 regione
764 5540 883 5589 nos,
924 5539 1097 5579 annos
1128 5523 1675 5579 hecktedecaeteridos

174 5590 455 5678 “‘PDOIytea:
502 5631 560 5669 ιιι
602 5627 655 5671 et
684 5633 736 5670 χι
770 5617 1207 5686 composuimus:
1261 5618 1306 5671 si
1340 5632 1467 5672 vero
1502 5615 1673 5685 tequi-

174 5691 369 5751 noctiutu
412 5699 477 5756 25
510 5703 682 5762 Martii
732 5722 853 5762 cum
886 5708 1094 5763 Caesare
1126 5717 1179 5762 ct
1213 5704 1459 5762 Patribus
1493 5704 1672 5762 Cresa-

1800 504 1975 560 Martii
1996 502 2082 570 12,
2106 503 2197 557 ubi
2218 502 2430 559 Aureus
2453 502 2573 572 ejus
2598 518 2855 558 numeros
2874 519 2968 558 vni
2998 514 3053 557 et
3080 518 3168 557 xvt
3199 517 3367 573 appo-

1798 596 2010 652 suimus
2033 636 2047 659 ,
2077 603 2174 650 aut
2200 609 2361 666 quam
2386 595 2669 657 citissime,
2704 595 2990 650 undecimo
3019 594 3217 658 Martii,
3256 596 3369 665 pri-

1797 703 1946 742 mum
1981 686 2335 742 inchoaverit.
2364 685 2547 740 Potuit
2577 695 2757 740 tamen
2790 685 2878 739 hic
2905 686 3142 740 solarum
3176 685 3367 740 Domi-

1798 779 2064 838 nicarum.
2107 792 2215 831 non
2250 778 2377 832 item
2412 776 2769 832 terminorttm
2813 778 3151 846 paschalium
3196 777 3367 832 ratio-

1797 885 1919 924 nem
1952 869 2170 936 habere,
2204 883 2416 938 nempe,
2452 877 2514 923 ut
2537 868 2641 922 illae
2672 867 2802 923 solre
2828 876 2951 937 post
2981 869 3365 938 aequinoctium

1798 959 2196 1027 indicerentur;
2247 969 2307 1016 ut
2341 958 2407 1014 de
2452 960 2723 1025 Anatolio,
2757 960 2851 1030 qui
2893 959 3196 1031 discipulus
3243 962 3365 1031 ejus

1797 1052 1964 1108 fuisse
2004 1053 2237 1118 videtur,
2274 1051 2702 1108 observabimus.

2303 1210 2372 1266 Χ.
2414 1210 2551 1265 Julii
2585 1211 2848 1280 Africani.

1866 1367 2069 1430 Tertio,
2115 1365 2293 1422 Julius
2353 1365 2664 1429 Africanus,
2710 1366 2803 1437 qui
2858 1365 3153 1421 Cltronicon
3202 1382 3361 1422 suum

1795 1458 2043 1530 perduxit
2072 1472 2241 1528 usque
2273 1457 2337 1511 ad
2369 1471 2572 1509 annutn
2596 1455 2799 1510 Christi
2825 1455 2951 1521 221,
2988 1455 3179 1524 quinto
3205 1454 3359 1509 Tem-

1793 1567 1977 1620 porum
2004 1549 2278 1603 volumine
2309 1548 2381 1602 ita
2417 1548 2625 1611 scribit,
2654 1554 2790 1601 teste
2821 1544 3148 1617 Hieronymo
3172 1546 3225 1599 in
3257 1545 3362 1598 Da-

1794 1642 1951 1696 nielis
1989 1657 2106 1710 cap.
2136 1655 2189 1694 ix
2213 1681 2227 1706 ,
2260 1648 2313 1694 et
2344 1639 2575 1695 Eusebio
2615 1639 2753 1692 libro
2784 1637 3142 1691 Demonstrat.
3176 1653 3356 1706 evang.

1794 1749 1891 1787 vttt
1924 1751 1937 1786 :
1966 1731 2133 1787 erci
2164 1743 2213 1786 et
2239 1730 2416 1785 Judrei
2449 1747 2539 1800 per
2577 1734 2691 1784 oct'o
2718 1745 2882 1783 annos
2917 1729 3075 1783 trium
3102 1730 3360 1782 mensium

1808 1824 2196 1896 Ἐμὸολισμοὺς
2224 1824 2451 1893 faciunt.
2504 1824 2564 1880 Si
2608 1824 2745 1878 enim
2783 1824 2940 1878 octies
2980 1821 3218 1875 undecim
3249 1818 3361 1873 dies

1796 1915 1909 1985 (qui
1947 1926 2237 1985 supersunt
2265 1931 2331 1969 ex
2360 1930 2503 1968 anno
2524 1914 2655 1969 solis
2680 1929 2802 1968 cum
2835 1912 3011 1967 lunari
3038 1909 3360 1981 composito)

1792 2017 1839 2061 et
1860 2018 2104 2077 quartam
2142 2008 2246 2061 diei
2276 2016 2477 2078 partem
2516 2006 2740 2061 volueris
2775 2015 3100 2076 supputare;
3130 2005 3197 2059 90
3227 2004 3358 2067 dies,

1793 2096 1887 2150 hoc
1909 2105 1983 2151 est
2041 2107 2145 2150 tres
2180 2086 2608 2165 nienses,eﬁicics.
2645 2094 2708 2148 Et
2737 2095 2898 2165 paulo
2929 2103 3054 2149 attlc
3084 2112 3097 2148 :
3125 2092 3359 2147 Lunares

1795 2187 2132 2243 Hebrtcorum
2180 2203 2400 2254 menses,
2440 2186 2723 2241 secundum
2763 2186 2976 2240 illorum
3021 2187 3360 2255 supputatio-

1792 2293 1927 2341 nent,
1958 2286 2172 2346 possunt
2201 2276 2373 2345 facere
2422 2290 2512 2342 per
2548 2273 2780 2344 singulos
2826 2288 3023 2327 menses
3066 2273 3178 2325 dies
3206 2270 3276 2325 29
3310 2280 3360 2324 et

1790 2371 1980 2434 sentis;
2024 2370 2099 2422 ita
2138 2378 2195 2421 ut
2234 2367 2361 2420 solis
2408 2366 2639 2420 circulus
2669 2381 2760 2434 per
2786 2381 2951 2419 annos
2976 2380 3097 2419 suos
3125 2364 3359 2435 singulos

1792 2460 1901 2533 (qui
1946 2462 2135 2514 habent
2162 2460 2271 2513 dies
2300 2458 2402 2512 565
2432 2446 2497 2511 ρι’
2524 2466 2765 2527 quartam
2813 2456 2920 2509 diei
2962 2455 3187 2526 partem)
3240 2455 3358 2524 plus

1789 2553 1975 2606 habeat
2002 2550 2241 2604 undecim
2263 2549 2372 2601 dies
2406 2557 2454 2601 et
2478 2556 2723 2617 quartam
2754 2546 2859 2599 diei
2888 2556 3113 2616 partem.
3140 2544 3359 2599 Crtecits

1788 2644 2003 2714 quidem
2035 2640 2361 2696 octacteride
2384 2653 2512 2693 usos
2532 2677 2546 2701 ,
2576 2646 2629 2691 et
2658 2636 2873 2706 quidem
2909 2637 3123 2706 qualem
3156 2636 3243 2690 hic
3265 2636 3358 2689 dc-

1788 2735 1979 2791 scribit
2029 2732 2351 2793 Africanus,
2394 2731 2527 2786 satis
2556 2730 2791 2795 scimus;
2823 2727 3038 2783 Iudaeos
3064 2744 3172 2782 non
3202 2728 3355 2793 item,

1789 2827 1895 2880 nisi
1930 2824 2065 2880 forte
2094 2824 2160 2878 de
2189 2821 2514 2878 octacteride
2546 2818 2760 2874 Juliaua
2784 2820 2851 2874 ad
2887 2819 2952 2873 76
2975 2834 3147 2873 annos
3174 2819 3357 2888 Calip-

1786 2917 1939 2987 picos
1970 2916 2023 2969 in
2058 2914 2305 2970 Paschali
2348 2928 2539 2968 eorum
2586 2911 2807 2981 periodo
2855 2911 2976 2966 addi
3012 2911 3173 2965 solita
3210 2909 3354 2963 Afri»

1787 3024 1955 3066 canus
2008 3007 2288 3075 intelligat.
2332 3005 2652 3073 Quanquam
2701 3018 2875 3073 neque
2908 3003 3010 3056 hoc
3043 3000 3215 3067 dicat;
3258 3002 3352 3055 sed

1712 3110 1752 3168 ς
1789 3110 1993 3156 tantum
2022 3099 2235 3154 Judacos
2261 3106 2383 3151 octo
2422 3096 2578 3151 annis
2606 3104 2715 3151 tres
2743 3095 3109 3150 embolimaeos
3139 3110 3353 3149 menses

1784 3193 2056 3247 inculcare
2072 3234 2086 3256 ,
2111 3189 2253 3259 quod
2279 3197 2333 3244 et
2354 3188 2407 3241 itt
2432 3201 2619 3242 eorum
2642 3184 2983 3255 productiore
2998 3183 3065 3238 84
3083 3198 3353 3238 annorum

1784 3280 2007 3352 periodo
2036 3293 2225 3333 verum
2252 3287 2368 3343 est,
2403 3277 2494 3330 ubi
2528 3275 2656 3329 anni
2710 3283 2834 3330 octo
2881 3283 2990 3330 tres
3034 3274 3354 3345 plerumque

1782 3389 1998 3429 menses
2040 3370 2410 3425 embolimaeos
2460 3369 2868 3423 nanciscuntur.
2920 3365 3030 3420 Cur
3072 3375 3250 3420 autem
3297 3366 3350 3419 in

1784 3469 1886 3522 hac
1925 3481 2195 3523 annorum
2232 3465 2507 3519 lunarium
2551 3463 2934 3532 supputatione
2963 3461 3175 3532 cyclum
3206 3459 3352 3514 hunc

1783 3559 2074 3614 Africanus
2112 3557 2293 3627 potius
2344 3572 2507 3627 quam
2544 3565 2622 3610 tot
2643 3556 2778 3610 alios
2812 3552 3068 3609 certiores
3096 3552 3348 3621 accipiat,

1784 3651 1930 3704 nulla
1985 3648 2117 3702 mihi
2147 3646 2364 3717 quidem
2415 3645 2556 3700 ratio
2604 3644 2827 3700 solidior
2866 3642 3134 3707 occurrit,
3183 3656 3346 3710 quam

1784 3741 1927 3811 quod
1962 3756 2084 3795 eunt
2114 3748 2167 3794 et
2199 3738 2488 3793 faciliorem
2519 3777 2534 3801 ,
2582 3744 2637 3791 et
2675 3751 2706 3790 a
2749 3734 3074 3805 quihusdam
3109 3733 3208 3787 aevi
3262 3733 3349 3787 sui

1783 3832 2107 3887 Christianis
2150 3831 2203 3883 in
2258 3844 2416 3883 usum
2465 3826 2648 3882 induci
2698 3826 2963 3882 videbat:
2998 3840 3121 3879 nam
3158 3824 3347 3878 eodem

1787 3936 2025 3994 tempore
2093 3937 2246 3977 suam
2326 3920 2691 3976 concinnabat
2769 3915 3346 3974 Iret-kzdecaeteridem

1784 4016 2119 4087 Hippolytus.
2160 4012 2225 4067 Et
2260 4028 2392 4067 sane
2425 4012 2584 4082 paulo
2613 4008 2884 4065 difﬁcilior
2929 4007 3321 4064 enneadecaete

1786 4111 1860 4165 ris
1880 4109 2120 4164 nondum
2148 4104 2476 4161 Christianis
2498 4109 2779 4173 perspecta
2800 4099 2934 4157 satis
2955 4108 3048 4154 aut
3064 4096 3346 4152 familiaris

1762 4210 1932 4266 'erat;
1965 4196 2190 4253 Judaica
2222 4212 2350 4251 vero
2369 4194 2437 4249 84
2465 4206 2735 4247 annorum
2763 4190 3017 4260 periodus
3052 4186 3209 4244 fidem
3230 4185 3343 4256 jam

1784 4292 1951 4346 nimia
1986 4305 2084 4346 sua
2119 4289 2489 4345 contractione
2516 4283 2838 4355 perdiderat.

2264 4466 2354 4522 Xl.
2395 4465 2447 4520 Μ
2454 4464 2857 4519 ontanistarum.

1852 4609 2077 4677 Quarto,
2127 4603 2486 4667 Montanistze,
2543 4608 2603 4655 ut
2652 4598 2816 4655 refert
2869 4598 3207 4653 Sozomenus
3249 4595 3343 4649 lih.

1783 4719 1880 4768 vn,
1926 4717 2045 4770 cap.
2094 4699 2161 4754 18
2209 4698 2326 4759 ίίη.,
2366 4700 2809 4764 argumentautcs
2850 4700 3039 4747 contra
3090 4705 3184 4744 eos
3249 4686 3341 4758 qui

1782 4812 1847 4849 ex
1881 4790 2183 4859 rationibus
2209 4788 2352 4842 luna:
2374 4785 2584 4840 Pascha
2617 4781 2992 4847 celebrabant,
3026 4790 3080 4835 et
3114 4794 3219 4834 non
3247 4793 3345 4848 po-

1783 4889 1891 4943 tius
1918 4902 1985 4940 ex
2017 4883 2146 4940 solis
2172 4881 2395 4944 circulo,
2433 4879 2592 4946 longe
2608 4873 2839 4930 certiore
2866 4882 2921 4928 et
2940 4870 3340 4936 constantiore,

1782 4981 1855 5033 ita
1893 4977 2202 5033 statuebant
2228 4992 2241 5029 :
2270 4971 2471 5026 Menses
2501 4967 2734 5038 singulos
2762 4982 2873 5023 esse
2906 4965 2974 5021 50
3004 4965 3227 5029 dierum,
3256 4962 3343 5015 in-

1779 5074 1946 5142 cipere
1970 5078 2144 5123 autem
2174 5068 2312 5119 diem
2341 5065 2568 5133 primam
2597 5064 2662 5117 ab
2689 5058 2996 5132 wquinoctio
3021 5073 3197 5125 verno,
3225 5072 3341 5127 quia

1778 5166 2134 5218 Romanorum
2183 5172 2324 5211 more
2376 5156 2575 5209 dicitur
2629 5169 2685 5207 ts
2714 5150 2986 5206 Kalendas
3020 5145 3223 5217 Apriles
3266 5147 3337 5216 (id

1778 5267 1863 5312 est
1891 5255 1963 5310 24
1998 5249 2220 5322 Martii),
2269 5245 2724 5319 quandoquidem,
2772 5242 3034 5314 inquiunt,
3086 5242 3189 5292 duo
3234 5239 3337 5292 ista

1777 5346 2069 5402 luminaria
2103 5352 2225 5396 tunc
2251 5349 2429 5395 creata
2453 5348 2575 5393 sunt
2595 5378 2612 5404 ,
2652 5336 2839 5407 quibus
2872 5346 3103 5403 tempora
3132 5343 3179 5386 et
3212 5349 3329 5385 ann:

1780 5437 2194 5491 declararentur.
2225 5430 2389 5502 quue
2409 5446 2468 5484 eo
2494 5430 2905 5491 demonstratur,
2935 5423 3072 5495 quod
3101 5423 3225 5477 luna
3251 5440 3337 5479 ver

1779 5513 2142 5582 octacterident
2166 5541 2282 5578 cum
2312 5523 2419 5578 sole
2438 5522 2590 5592 paria
2610 5521 2804 5589 faciat,
2837 5528 2885 5571 et
2900 5518 3134 5586 utrisque
3158 5515 3330 5569 eodem

1777 5632 2003 5687 tempore
2042 5616 2310 5668 neomenia
2341 5612 2631 5681 contingat.
2669 5608 2942 5679 Siquidem
2982 5606 3253 5661 octacteris
3280 5606 3331 5659 in

1777 5703 1950 5759 lttnari
1984 5717 2138 5757 cursu
2176 5702 2243 5759 99
2284 5700 2566 5769 mensibus,
2600 5698 2914 5755 dicbusrera
2947 5694 3086 5754 2922
3114 5694 3336 5767 comple-
