3934 6198
616 271 729 329 899
1291 271 1351 329 S.
1387 271 1743 330 lllPPOLYTl
1778 272 1927 332 OPP.
1961 272 2141 330 PARS
2172 269 2238 327 ll.
2276 296 2351 312 --
2375 269 2676 331 DOGMAT.
2716 271 2808 330 ET
2834 273 3189 334 HlSTORIC.
3728 288 3812 347 900

625 399 735 442 tur.
782 385 941 440 Intra
981 402 1114 457 quos
1154 386 1233 441 sol
1281 397 1398 442 octo
1431 405 1691 445 annorum
1722 406 1911 446 cursus
1947 380 2193 454 absolvit,
2223 391 2271 449 Α
2294 398 2395 444 est.
2423 388 2696 449 Hactenus
2715 390 3074 463 Epiphanius.
3101 392 3314 462 Quibus
3333 394 3495 467 huius
3512 405 3812 463 octseteridos

615 481 903 545 destinatis
939 480 1216 550 unicuique
1245 496 1383 534 anno
1410 481 1592 536 diebus
1625 480 1730 536 360
1754 481 1829 555 (2)
1851 485 1970 536 'cum
1996 493 2187 551 quarta
2287 480 2613 538 Christianae
2650 495 2869 550 natura,
2907 486 3301 556 quantitasque
3340 488 3497 557 plane
3538 488 3728 550 Iuliana
3771 510 3813 557 et

618 574 838 640 insuper
867 574 1021 624 unius
1049 572 1156 624 diei
1175 583 1344 641 parte.
1370 572 1624 627 Etenima
1644 591 1696 629 Ix
1727 573 2001 630 Kalendas
2023 574 2187 645 Apri;
2288 569 2604 645 Hippolyten
2647 575 2861 630 dierum
2892 576 3040 631 2922
3078 576 3231 631 velut
3258 578 3433 634 oculis
3463 580 3719 651 subjicitur
3741 606 3752 643 :
3773 605 3814 646 ει

624 665 721 729 les,
745 674 801 717 ut
818 664 882 717 ab
907 664 1122 719 exordio
1139 666 1422 719 creatiunis
1445 666 1571 720 solis
1594 682 1657 720 ac
1672 668 1829 736 primi
1852 668 2042 721 mensis
2063 684 2188 737 sup-
2286 670 2341 727 id
2374 674 2634 735 praeterea
2658 667 3016 738 signiﬁcatur,
3046 682 3230 724 annos
3257 667 3379 738 ejus
3405 671 3733 730 embolimeos
3752 680 3813 732 di.

622 764 812 823 putant
839 766 1183 809 memoratam
1205 757 1259 811 in
1271 754 1469 810 sanctis
1479 755 1692 811 Litteris
1713 756 1775 811 14
1796 758 1955 823 diem,
1985 767 2033 813 et
2054 758 2188 812 hanc
2287 773 2476 814 versos
2497 760 2567 814 ab
2588 757 2920 832 Hippolyteis
2947 760 3125 817 fuisse
3148 778 3162 816 :
3187 760 3612 832 quandoquidem
3626 768 3811 837 primus,

620 866 735 904 esse
748 849 929 904 dicunt
949 863 1047 903 vul
1075 848 1207 906 Idus
1238 850 1457 920 Aprilis,
1490 854 1546 904 in
1575 869 1679 923 qua
1711 852 1919 907 Pascha
1941 861 2188 923 perpetuo
2288 855 2519 917 quartus
2556 855 2611 902 el
2653 850 2918 918 septimus
2955 849 3087 904 anni
3133 851 3500 907 octaelel‘idos
3522 852 3809 928 Hippolyten,

613 941 904 995 celebrant.
939 940 1090 1006 Quod
1124 943 1170 995 si
1203 959 1322 997 cum
1352 943 1451 997 hac
1484 944 1569 999 die
1598 947 1710 1000 dies
1735 947 1897 1001 etiam
1931 946 2176 1003 Resurre-

2289 937 2402 994 sint
2437 939 2799 1006 embolimaei;
2828 955 2939 996 non
2962 941 3183 1009 tertius,
3223 950 3413 999 sextus
3455 952 3508 999 et
3534 955 3745 1012 octavus,
3769 964 3810 1002 Ill

620 1036 809 1099 clionis
836 1036 972 1103 forte
998 1046 1298 1102 concurrat,
1344 1046 1454 1091 tum
1480 1040 1714 1108 proxime
1747 1043 1983 1112 sequenti
2014 1042 2192 1096 Domi-
2290 1030 2345 1085 in
2382 1030 2485 1086 hac
2521 1030 2917 1101 Epiphanlanao
2948 1031 3143 1103 Νεψιθ
3185 1042 3369 1088 tamen
3406 1034 3535 1089 εὲῑίε
3576 1039 3808 1109 comam",

618 1129 744 1181 nica
795 1128 957 1198 ferias
997 1137 1179 1198 agunt.
1229 1127 1497 1201 Scriptum
1552 1140 1631 1186 est
1675 1133 1811 1186 enim
1851 1148 1870 1187 :
1903 1135 1946 1188 Α
1983 1151 2074 1189 xlv
2107 1136 2191 1191 die
2289 1137 2415 1178 cum
2445 1137 2553 1192 ‘1“0
2575 1120 2780 1178 (Ππίεῑί
2807 1139 2952 1180 anno
2975 1126 3401 1196 componendus
3431 1127 3501 1183 δίε
3531 1127 3711 1197 Primus
3734 1132 3808 1184 Ιιυ·

622 1233 783 1289 usque
820 1215 887 1270 ad
929 1233 1041 1271 xxx.
1082 1215 1206 1271 Haec
1228 1216 1570 1273 Montanistie
1613 1220 1752 1289 apud
1800 1218 2188 1286 Sozomcnum,
2287 1215 2379 1285 jus
2404 1216 2764 1272 octaeteridos
2787 1231 2986 1281 annus,
3019 1217 3131 1274 nisi
3158 1226 3349 1273 certus
3370 1218 3560 1288 aliquis
3588 1218 3810 1277 character

615 1325 687 1362 ex
710 1308 910 1378 quibus
936 1307 1045 1362 duo
1069 1316 1216 1363 certa
1241 1306 1433 1377 colligo
1471 1325 1485 1362 :
1520 1306 1783 1375 Primum,
1808 1309 2188 1364 octacteridem
2292 1307 2631 1362 adhibeatur.
2682 1306 2955 1366 Caeterum
2992 1325 3119 1365 eam
3172 1310 3230 1363 in
3283 1324 3388 1364 usu
3424 1306 3658 1365 maxime
3680 1310 3807 1370 fuisse

618 1402 835 1473 primis,
883 1409 944 1455 ut
996 1400 1130 1466 dixi,
1172 1399 1501 1457 Christianis
1545 1401 1600 1455 in
1641 1418 1742 1457 usu
1787 1405 1994 1474 passim
2022 1404 2191 1462 fuisse
2291 1399 2483 1471 primis
2514 1399 2772 1458 Ecclesia:
2810 1404 3175 1472 temporibus,
3229 1402 3423 1457 saltem
3457 1410 3573 1470 post
3601 1400 3692 1455 200
3718 1406 3806 1473 plus

620 1510 722 1566 pro
750 1492 1054 1549 Paschate:
1090 1492 1293 1563 alioqui
1335 1476 1680 1549 Montanista:
1708 1504 1896 1550 contra
1941 1498 2189 1551 umbram
2293 1492 2476 1547 minus
2524 1492 2729 1547 Christi
2773 1507 3001 1559 annum,
3037 1493 3154 1547 duo
3194 1507 3265 1546 ex
3299 1492 3404 1547 hoc
3431 1491 3686 1564 Epiphanii
3718 1500 3803 1553 loco

622 1595 950 1660 pugnarent.
996 1584 1331 1651 Secundum,
1393 1585 1774 1645 octaeteridem
1829 1588 1973 1642 illam
2021 1588 2176 1645 fuissr

2291 1581 2568 1637 evincunt.
2596 1580 2781 1638 Primo
2800 1623 2817 1650 ,
2844 1584 2989 1653 quod
3015 1582 3368 1653 Epiphanius
3386 1595 3569 1641 contra
3586 1589 3803 1645 Audianos

620 1680 846 1751 praecise
884 1678 1095 1735 dierum
1124 1676 1295 1744 2922,
1325 1693 1389 1733 ac
1420 1678 1648 1748 proinde
1673 1677 1942 1736 Julianam
1972 1690 2026 1736 et
2063 1681 2193 1753 llip-
2225 1736 2265 1753 ﬁ
2295 1671 2384 1727 hic
2407 1688 2573 1744 agens
2595 1688 2694 1743 pro
2724 1689 2916 1730 mense
2944 1675 3218 1745 paschali.
3243 1675 3391 1730 luna:
3421 1684 3650 1733 naturam
3671 1695 3800 1736 eaex-

621 1775 820 1847 polyli;
865 1774 971 1830 nisi
1023 1772 1357 1830 Sozomenus
1392 1774 1575 1829 omnia
1608 1773 1697 1829 hic
1735 1789 1843 1828 non
1890 1736 2195 1837 refer-31,23;
2224 1736 2267 1795 Β
2294 1764 2497 1835 plicare
2521 1767 2733 1832 maluit,
2755 1782 2919 1837 quam
2941 1768 3463 1825 enneadecaeteride
3484 1769 3797 1834 Alexandrina,

620 1866 811 1920 saltem
835 1865 950 1920 dies
971 1864 1330 1931 abundantes,
1362 1874 1419 1919 ut
1449 1864 1706 1919 minutias
1728 1879 1923 1935 parvas
1944 1865 2189 1920 omittat:
2293 1857 2545 1926 quamvis
2587 1868 2702 1913 tum
2732 1860 2970 1914 maxime
3000 1859 3058 1913 in
3100 1858 3408 1915 Ecclesiam
3437 1859 3722 1917 Orientalem
3747 1863 3793 1916 ir-

622 1958 770 2027 quod
819 1957 909 2011 vix
946 1958 1111 2027 ’puto,
1164 1956 1608 2026 quandoquidem
1649 1956 1936 2012 octaeteris
1984 1956 2176 2011 lunaris

2293 1958 2549 2018 repente,
2600 1950 2694 2005 sed
2728 1966 2893 2020 quam
2924 1950 3195 2020 Audiani,
3246 1961 3307 2006 ut
3343 1953 3687 2017 recentiorem,
3706 1955 3794 2022 reji-

618 2060 754 2105 tunc
790 2064 912 2104 cum
949 2048 1114 2104 solari
1150 2048 1302 2119 paria
1333 2063 1441 2103 non
1479 2047 1677 2116 faciat;
1714 2047 1860 2119 quod
1893 2057 2071 2105 tamen
2103 2048 2193 2105 hic
2292 2042 2527 2097 ciebant.
2565 2042 2839 2111 Secundo,
2889 2061 3016 2099 nam
3059 2044 3116 2099 id
3166 2043 3467 2100 Catholicis
3514 2044 3788 2113 objiciebam,

620 2138 965 2196 Montanistae
999 2146 1331 2209 supponunt.
2293 2142 2430 2190 teste
2455 2134 2644 2190 eodem
2668 2134 2970 2206 Epiphanio
2997 2135 3025 2208 §
3056 2136 3088 2191 9
3119 2152 3132 2187 :
3158 2137 3203 2188 Α
3229 2134 3576 2201 Constantini,
3592 2135 3791 2205 inquiunt,

2294 2240 2542 2299 tempore,
2583 2238 2641 2283 ut
2672 2230 3007 2301 imperatoris
3054 2231 3331 2285 rationem
3359 2228 3630 2295 haberetis,
3664 2239 3790 2299 pater-

770 2380 773 2385 .
1135 2320 1252 2330 mu
1292 2320 1679 2347 ""mmm’"
2078 2390 2105 2399 η
2290 2339 2414 2378 nam
2444 2323 2501 2377 in
2537 2322 2845 2377 celebrando
2871 2323 3134 2378 Paschate
3173 2322 3587 2377 consuetudinem
3633 2320 3789 2390 reliqui-

687 2405 913 2477 Quinto,
944 2407 1037 2464 sed
1062 2407 1177 2464 hazc
1198 2408 1381 2469 omnia
1411 2409 1615 2483 clarius
1640 2410 1805 2466 habet
1830 2409 2188 2482 Epiphanius,
2289 2418 2428 2480 stis;
2479 2416 2719 2486 diemque
2762 2418 3160 2482 commutastis,
3193 2425 3273 2493 ⁶ιιι
3305 2431 3393 2470 vos
3427 2414 3493 2468 ad
3527 2414 3785 2482 imperatoris

612 2511 674 2557 et
710 2500 887 2557 fusius
918 2501 1108 2557 haeresi
1143 2501 1209 2558 70
1235 2502 1644 2570 Audianorum;
1674 2505 1972 2575 przeserlim
2012 2504 2040 2577 ᾗ
2072 2506 2138 2561 15
2173 2523 2188 2561 :
2290 2520 2475 2565 nutum
2514 2508 2979 2562 accommodaretis
3008 2523 3028 2562 :
3060 2518 3113 2561 et
3147 2524 3269 2561 cum
3302 2505 3494 2561 natalis
3527 2503 3784 2559 Constantini

619 2595 754 2653 Cum
784 2612 975 2661 annus,
1013 2595 1209 2667 inquit,
1241 2595 1524 2651 secundum
1548 2596 1675 2650 solis
1707 2613 1921 2651 cursum
1944 2596 2049 2652 565
2078 2597 2189 2673 die-
2290 2601 2660 2663 celebraretur,
2709 2599 2989 2654 Paschalis
3039 2601 3308 2654 rationem
3336 2596 3653 2652 immutastis.
3692 2593 3787 2646 Pra-

614 2688 716 2744 bus
743 2699 899 2760 atque
933 2688 1075 2743 horis
1107 2688 1274 2743 tribus
1312 2686 1641 2761 (duplicibus
1669 2688 1896 2761 scilicet)
1927 2690 2189 2761 complea—
2289 2700 2533 2749 cesserat
2573 2691 2736 2763 igitur
2779 2690 2918 2745 alios
2944 2689 3391 2746 Christianorum
3425 2686 3591 2758 cyclos
3612 2691 3783 2739 octaete»

615 2790 745 2846 tur;
779 2780 902 2834 inde
935 2780 1017 2850 ﬁt,
1048 2789 1111 2834 ut
1164 2782 1414 2852 quoniam
1461 2780 1589 2834 luna
1625 2780 1730 2836 554
1782 2781 1963 2837 diebus
1990 2799 2189 2838 annum
2287 2786 2397 2852 ris;
2427 2784 2548 2840 ideo
2576 2799 2607 2838 a
2650 2782 2901 2839 Patribus
2933 2782 3175 2839 Nicmnis
3209 2782 3438 2851 abiecta,
3474 2778 3602 2847 quod
3623 2792 3647 2829 a
3668 2775 3783 2827 talio-

607 2889 774 2926 suum
817 2862 1065 2939 absolvit,
1107 2872 1219 2927 dies
1248 2873 1295 2926 ei
1327 2872 1566 2928 undecim
1597 2883 1752 2945 atque
1791 2874 1934 2930 hora:
1964 2884 2066 2929 tres
2097 2893 2188 2930 su-
2290 2878 2451 2933 nibus
2497 2876 2645 2931 veris
2680 2877 2823 2931 lunae
2871 2875 3152 2948 sesquidie
3191 2875 3423 2931 deiicere
3448 2870 3694 2931 videretur,
3715 2882 3777 2933 ge—

614 2964 838 3035 persint.
872 2962 1061 3034 Itaque
1096 2964 1297 3034 primus
1335 2981 1503 3019 annus
1531 2974 1740 3035 epactas
1764 3004 1780 3030 ,
1814 2982 1946 3036 quas
1967 2976 2184 3033 nocant,
2289 2970 2492 3025 minata
2521 2968 2694 3025 solido
2723 2967 2922 3023 triduo.

614 3056 765 3158 habet
793 3056 1034 3158 undecim
1073 3066 1197 3158 cum
1225 3056 1368 3158 horis
1402 3055 1923 3158 tribuit-Secundus
1958 3059 2068 3158 dies
2093 3059 2183 3125 22,
2211 3106 2256 3158 C
2652 3102 2789 3158 xm.
2829 3103 3074 3158 Aliorum
3105 3102 3255 3158 apud
3286 3101 3391 3156 Βεά

606 3149 775 3201 horas
828 3145 880 3203 6.
940 3146 1147 3202 Tertius
1187 3156 1380 3216 praeter
1420 3147 1533 3201 dies
1573 3148 1664 3213 5'5,
1704 3148 1860 3203 horas
1889 3150 1942 3205 9.
1980 3152 2098 3216 Qua
2122 3116 2187 3206 ea;
2211 3116 2256 3167 α
2592 3176 2595 3179 -
2654 3116 2789 3158 Ml"
2829 3116 3074 3158 Aliorum
3105 3116 3253 3174 apud
3286 3116 3497 3156 manu“

606 3240 820 3294 dierum
852 3255 1059 3292 summa
1089 3238 1425 3292 intercalaris
1472 3240 1665 3294 mensis
1704 3256 1841 3294 unus
1884 3240 2184 3303 deducitur,
2359 3240 2545 3307 Sexto,
2574 3254 2676 3295 nec
2698 3247 2909 3294 tantum
2944 3239 3140 3309 primis
3176 3239 3287 3294 illis
3315 3232 3555 3292 Ecclesia:
3582 3224 3772 3296 lentpori'

613 3346 680 3384 ac
708 3329 893 3385 triceni
923 3330 1033 3383 dies
1056 3329 1381 3385 inseruntur.
1420 3327 1625 3400 Reliqui
1654 3340 1776 3384 sunt
1801 3331 1913 3385 dies
1935 3341 2062 3399 tres,
2092 3333 2187 3387 ho-
2285 3334 2389 3389 bus
2419 3333 2487 3387 ad
2533 3348 2693 3387 usum
2732 3330 3017 3387 Paschatis
3054 3332 3304 3387 adhibita
3333 3337 3415 3383 est
3443 3323 3683 3380 octaeteris
3707 3334 3718 3369 :
3739 3316 3775 3367 in

612 3438 691 3478 rae
714 3422 768 3480 9.
801 3420 908 3487 Qui
941 3438 1062 3477 cum
1089 3420 1331 3476 undecim
1359 3421 1540 3476 diebus
1567 3424 1692 3479 anni
1716 3424 1897 3493 quarti
1924 3423 2066 3478 horis
2098 3428 2188 3480 tri-
2286 3442 2407 3482 sera
2450 3426 2614 3481 etiam
2660 3427 2860 3481 saecula
2897 3426 3249 3481 inveteravit.
3296 3422 3387 3477 Sic
3432 3419 3561 3475 enim
3593 3413 3704 3466 Beda
3725 3406 3777 3459 De

615 3514 712 3570 bus
749 3513 1037 3585 conjuncti,
1080 3514 1192 3570 dies
1221 3514 1505 3583 conﬁciunt
1531 3513 1631 3581 14,
1662 3514 1818 3570 horas
1855 3516 1941 3587 l2.
1971 3517 2184 3574 Additis
2286 3516 2493 3570 ratione
2523 3526 2705 3587 temp.,
2758 3532 2879 3587 cap.
2932 3516 3002 3570 41
3037 3533 3051 3570 :
3100 3514 3302 3571 Verum
3342 3515 3494 3569 etiam
3531 3520 3644 3561 nunc
3676 3508 3773 3561 sunt.

609 3606 804 3661 deinde
838 3605 961 3660 aliis
990 3606 1231 3660 undecim
1276 3606 1459 3661 diebus
1494 3606 1738 3678 horisque
1765 3607 1956 3673 tribus,
1987 3618 2185 3679 cpacta:
2283 3611 2373 3679 qui
2398 3607 2529 3664 solis
2557 3618 2674 3663 octo
2707 3625 2903 3676 annos,
2936 3609 3153 3663 totidem
3187 3608 3352 3663 annis
3375 3603 3619 3659 lunaribus
3639 3598 3773 3666 ρκιαηι

612 3697 722 3766 28,
746 3710 797 3754 et
829 3700 974 3755 hora
1004 3699 1072 3754 15
1097 3709 1439 3770 consurgunt.
1469 3698 1629 3764 Sexto
1652 3699 1865 3755 demum
1899 3718 2058 3769 anno,
2086 3719 2185 3757 un-
2284 3701 2488 3755 dierum
2522 3700 2828 3769 azqualitate
2855 3702 3113 3769 componi.
3152 3698 3381 3756 Refutat
3410 3709 3495 3751 eos
3516 3691 3593 3747 ille
3614 3687 3768 3759 quidem

609 3791 784 3846 decim
812 3792 1004 3846 annuis
1027 3790 1208 3846 diebus
1232 3802 1393 3863 atque
1420 3792 1562 3847 horis
1593 3792 1761 3847 tribus
1795 3794 2181 3861 accedentibus,
2283 3802 2340 3848 et
2379 3802 2526 3849 recte
2578 3811 2592 3848 :
2641 3793 2733 3849 sed
2779 3807 2880 3847 nos
2928 3793 3092 3848 etiam
3135 3794 3301 3849 docet
3331 3784 3668 3846 octaeteridem
3691 3778 3766 3847 jam

609 3884 726 3939 dies
760 3885 1059 3955 conﬂantur
1087 3885 1176 3951 56,
1205 3901 1325 3939 cum
1355 3885 1500 3939 horis
1532 3886 1619 3940 18.
1648 3884 1731 3939 Ea:
1753 3887 1819 3940 iis
1847 3888 2181 3943 intercalaris
2284 3884 2411 3940 inde
2449 3885 2519 3941 ab
2546 3901 2690 3941 anno
2717 3884 2921 3941 Christi
2958 3886 3167 3958 vulgari
3213 3885 3341 3952 222,
3387 3890 3475 3937 am
3498 3878 3635 3933 etiam
3656 3872 3766 3927 εἱιίιιῑ

615 3979 751 4033 alter
772 3979 964 4033 mensis
987 3979 1215 4032 exsistit.
1266 3977 1347 4033 Ad
1390 3979 1527 4033 hunc
1567 3979 1780 4033 modum
1806 3981 1958 4033 tertio
1998 3982 2182 4051 cuique
2283 3987 2638 4047 usurpatam,
2692 3978 2760 4032 ad
2808 3993 2908 4032 sua
2966 3993 3140 4049 usque
3202 3989 3463 4047 tempora.
3502 3985 3585 4026 seu
3621 3973 3763 4020 annum

613 4086 757 4127 anno
811 4071 1084 4126 attributis
1141 4070 1386 4141 singulis,
1441 4070 1546 4124 duo
1606 4087 1805 4126 menses
1857 4072 2177 4126 inseruntur.
2282 4068 2486 4125 Christi
2524 4068 2626 4122 720
2657 4078 2752 4124 aut
2802 4067 2946 4136 750,
2988 4084 3019 4124 a
3053 4068 3381 4140 quibusdam
3422 4051 3763 4135 pertinacissime

613 4162 759 4219 Nam
800 4163 969 4233 priori
1015 4164 1240 4221 triennio
1267 4179 1396 4231 suus
1426 4163 1619 4219 mensis
1652 4163 1874 4227 accedit,
1904 4165 2183 4232 posteriori
2281 4172 2683 4219 conservatam.
3461 4154 3467 4159 ’

610 4259 827 4328 perinde
850 4273 999 4311 suus.
1028 4256 1240 4311 Restant
1278 4271 1342 4311 ex
1356 4255 1552 4326 epactis
1569 4254 1678 4309 illis
1694 4256 1817 4310 .dies
1846 4254 1898 4322 6,
1929 4257 2175 4323 Ιιονω18.

612 4350 816 4415 Quibus
847 4351 1098 4420 septimus
1121 4365 1287 4403 annus
1312 4347 1551 4402 undecim
1570 4348 1704 4413 dies,
1722 4349 1877 4403 horas
1904 4349 1939 4403 ὅ
1956 4349 2140 4418 adjicit
2158 4367 2177 4404 :

608 4446 743 4516 ﬁunt
776 4455 974 4515 epactce
1005 4443 1104 4510 17,
1139 4444 1283 4497 hora:
1320 4442 1410 4496 2|.
1458 4439 1592 4495 Tum
1632 4454 1812 4496 octavo
1845 4458 1983 4497 anno
2014 4444 2177 4497 unde-
2206 4442 2252 4498 D

606 4510 713 4590 cius
752 4510 935 4589 rursus
966 4535 1146 4598 diebus
1183 4535 1426 4605 horisque
1471 4535 1638 4587 tribus
1683 4534 1917 4604 (semper
1949 4534 2176 4605 duplici-

2352 4522 2465 4579 Cur
2492 4533 2671 4579 autem
2703 4523 3139 4580 Christianorum
3175 4523 3265 4579 isti
3294 4510 3753 4605 antiquissimit.cum

607 4622 735 4693 bus)
788 4595 1079 4695 adjunctis,
1126 4622 1196 4679 28
1248 4595 1489 4691 dierum,
1540 4595 1790 4679 horarum
1823 4595 1923 4690 ἐι,
1977 4595 2176 4695 epach

2287 4616 2591 4684 paschalem
2618 4613 2931 4672 Judaeorum
2957 4616 3169 4687 cyclum
3201 4617 3319 4688 jam
3361 4616 3618 4669 erroneum

606 4693 931 4788 colliguntur
960 4735 980 4773 :
1008 4717 1151 4772 horae
1181 4717 1291 4771 dies
1319 4718 1603 4788 conﬁciunt
1628 4718 1780 4784 duos,
1829 4719 1919 4790 qui
1959 4693 2030 4775 28
2068 4720 2176 4775 illis
2282 4724 2403 4764 fere
2432 4716 2486 4763 ει
2530 4708 2636 4763 alio
2673 4709 2939 4779 castigare
2977 4708 3204 4772 Venelli.
3255 4697 3601 4790 υοιειθιθτίάεφ
3626 4693 3752 4760 Ponus

606 4811 969 4878 annamerati,
997 4811 1065 4865 30
1094 4811 1204 4864 dies
1237 4809 1431 4865 solidos
1473 4812 1749 4881 complent.
1785 4788 1961 4878 Quare
1995 4823 2176 4867 octavo

2287 4817 2446 4871 quam
2490 4801 3060 4856 enueadccaeteridem
3109 4801 3431 4861 sull‘eceriut,
3471 4788 3622 4881 facilis

605 4921 744 4959 anno
778 4904 845 4959 50
877 4900 986 4958 dies
1017 4903 1417 4970 intercalantur,
1470 4913 1521 4958 et
1555 4904 1817 4959 biennium
1851 4906 1997 4960 istud
2027 4921 2171 4959 mcn-
2276 4894 2487 4966 ieCllll'a
2519 4902 2620 4949 08L
2658 4892 2902 4948 Primum
2937 4894 3082 4949 enim
3115 4895 3185 4950 ab
3212 4889 3499 4950 ηοιῖοΐίδυε
3524 4888 3572 4937 ⁸⁸
3602 4868 3748 4930 {who-

604 5015 712 5054 sem
742 4997 894 5051 habet
923 5012 1105 5051 unum.
1135 4995 1373 5066 Adeoque
1408 5003 1516 5049 tota
1545 4994 1643 5049 illa
1672 4997 1915 5065 periodus
1939 5006 2169 5051 octaele-
2278 4990 2431 5045 ribus
2474 4990 2610 5045 solet
2644 4997 2838 5045 natura
2880 4988 3203 5059 procedere;
3237 4977 3523 5059 cuiusmodi
3550 4970 3747 5067 est

606 5089 719 5142 rica
742 5086 851 5140 dies
875 5085 975 5140 sibi
1009 5086 1239 5139 vindicat
1265 5049 1355 5147 90,
1380 5084 1471 5152 qui
1499 5049 1697 5138 menses
1722 5078 1920 5139 solidoi
1942 5086 2169 5155 e/ﬁcinnt
2279 5084 2557 5154 paratione
2634 5081 3177 5138 enneadecaeteridos
3252 5070 3534 5138 octaeteriS-
3570 5049 3746 5155 ’θέίηξίθ

607 5186 748 5239 tres;
776 5175 1026 5229 nimirum
1055 5174 1240 5245 primis
1274 5172 1477 5227 duobus
1511 5174 1749 5228 trienniis
1778 5145 2002 5245 singulii
2030 5191 2171 5230 men-
2275 5176 2563 5233 octaeteris
2600 5191 2724 5231 cum
2768 5174 2982 5231 duobus
3010 5176 3170 5231 annis
3205 5166 3543 5231 bissextilibus
3557 5145 3746 5245 parili"

606 5286 713 5325 sem
751 5285 935 5335 unum,
979 5268 1183 5322 biennio
1223 5267 1405 5321 itidem
1453 5275 1693 5336 sequente
1721 5282 1946 5321 mensem
1983 5283 2161 5322 unum.
2274 5271 2370 5336 cit,
2399 5285 2572 5340 eoque
2601 5269 2903 5325 litterarum
2938 5268 3348 5323 Dominicalium
3379 5261 3581 5325 aliquam
3605 5240 3741 5340 53"?”

606 5374 677 5416 1n
718 5364 798 5418 his
849 5363 1018 5417 tribus
1054 5358 1457 5416 intercalaribus
1484 5359 1748 5413 mensibus
1775 5401 1790 5422 ,
1824 5362 1914 5431 qui
1967 5360 2168 5431 triplici
2277 5365 2473 5421 seriem
2488 5329 2719 5429 'retinei,
2750 5363 2897 5416 nulla
2922 5371 3067 5418 certe
3087 5362 3297 5416 ratione
3322 5354 3506 5413 ωτιηι,
3528 5329 3743 5431 Εηηειᾶες

605 5454 703 5508 illa
730 5455 933 5509 dierum
960 5454 1264 5509 collectione
1293 5462 1557 5517 constant,
1600 5428 1909 5508 Judworum
1938 5428 2170 5520 Pascha,
2276 5456 2506 5513 caeteris
2529 5457 2666 5510 ultra
2696 5463 2932 5524 quattuor
2948 5453 3274 5517 bissextlles,
3302 5462 3399 5507 tres
3425 5446 3597 5525 tantum
3615 5428 3737 5525 illi“?

603 5564 639 5600 a
680 5547 1100 5602 Christianorum
1152 5557 1556 5617 ceterorumque
1615 5526 2171 5605 Paschate'diversum
2279 5549 2500 5620 insuper
2548 5516 2788 5614 obtinet;
2840 5560 3015 5616 eoque
3062 5546 3360 5601 litterarum
3414 5516 3736 5593 Dominicalium

1135 2271 1252 2330 XII.
1292 2273 1679 2347 Audianorum.

2280 4313 2423 4370 XIV.
2465 4314 2575 4370 Cur
2617 4314 3042 4370 Christianorum
3087 4296 3759 4386 antiquissimi_octae‘eridtl

2419 4387 2596 4455 potius
2626 4402 2785 4457 quam
2811 4379 3351 4441 enneadecaeteridem
3385 4379 3663 4449 su/Ieceriulo

675 5720 753 5791 (2)
778 5719 1004 5777 Videtur
1025 5723 1308 5785 leuandum
1334 5723 1459 5780 ⁸565.
1485 5724 1721 5807 Βυςιιειι.
1741 5748 1793 5807 ~_-
1821 5721 1897 5778 lta
1923 5725 2176 5780 enimvcrl

2287 5722 2386 5783 'idc
2436 5726 2706 5782 Valcsium
2746 5725 2797 5780 in
2830 5724 2973 5781 llllllC
2996 5724 3199 5783 locum.
