4028 6214
324 347 434 403 90-9

1173 352 1185 367 '
1252 347 1523 404 SPURM.
1562 380 1633 390 —
1667 347 1754 404 DE
1791 344 2381 404 CONSUMMATIONE
2409 347 2648 405 MUNDI.

3462 348 3562 402 910

322 461 392 514 ἐν
414 459 493 525 τῷ
517 458 696 526 καιρῷ
714 458 920 525 ἐκείνῳ
941 458 1325 526 σιωπήσεται,
1350 460 1439 514 ὅτι
1466 461 1671 530 καιρὸς
1698 473 1884 526 πονη-

1990 459 2216 527 dilccte,
2251 459 2649 530 improbitatem
2680 455 2958 513 hominum
2985 458 3128 513 illius
3155 458 3465 524 memoriae,
3499 471 3565 515 ut

318 552 429 620 ρός
466 550 616 604 ἐστι.
652 549 805 603 Μειοε
828 589 842 614 ,
872 550 1149 620 ἀγαπητὲ,
1179 551 1286 605 τῶν
1317 552 1436 605 τότε
1470 553 1771 625 ἀνθρώπων
1797 554 1893 625 τὴν

323 642 593 714 πονηρίαν
616 682 630 703 ,
671 641 787 704 πῶς
819 641 1263 713 καθαρπάζουσιν
1305 644 1482 708 οἰκίας
1531 646 1625 699 καὶ
1658 646 1891 717 ἀγροὺς,

321 736 419 787 καὶ
459 735 540 786 ὅτι
580 733 642 786 τὸ
683 733 888 786 δίκαιον
929 733 1022 785 τοῦ
1054 734 1261 787 δικαίου
1296 732 1405 807 (61)
1451 736 1726 810 αἴροντες
1767 737 1895 790 ὅταν

320 825 431 896 γὰρ
459 825 630 878 ταῦτα
660 824 901 895 γένηται,
937 825 1022 877 ἵνα
1058 825 1173 897 ἴδῃς
1196 827 1277 879 ὅτι
1301 827 1452 891 τέλος
1493 829 1627 881 ἐστί.
1659 827 1750 880 Διὸ
1782 828 1892 898 (62)

318 920 495 987 ἔγνως
514 918 610 988 τὴν
640 917 830 985 σοφίαν
857 916 951 969 τοῦ
983 919 1285 988 προφήτου,
1314 920 1406 971 καὶ
1429 918 1527 990 τὴν
1556 919 1895 989 ἀποκάλυψιν

316 1008 419 1079 τὴν
444 1008 739 1079 μέλλουσα-ν
768 1005 980 1059 ἔσεσθαι
1004 1008 1061 1058 ἐν
1091 1010 1210 1069 ταῖς
1241 1007 1475 1078 ἡμέραις
1500 1008 1754 1070 ὲκείναις.
1786 1008 1894 1060 Καὶ

320 1100 524 1161 πάντες
550 1100 599 1151 οἱ
628 1097 902 1169 προφῆται
926 1138 941 1163 ,
976 1096 1051 1161 ὡς
1080 1098 1410 1168 προείπομεν
1433 1139 1447 1162 ,
1493 1097 1567 1160 ὡς
1598 1098 1665 1151 τὰ
1694 1100 1895 1170 ἀρχαῖα

320 1192 663 1262 ὲνεφάνησαν
684 1189 817 1261 (65),
850 1189 1020 1253 οὕτως
1052 1191 1147 1244 καὶ
1171 1190 1239 1243 τὰ
1267 1192 1325 1243 ὲν
1355 1195 1467 1255 τοῖς
1496 1192 1743 1264 ὑστέροις
1769 1211 1894 1247 και-

319 1286 435 1355 ροῖς
447 1282 769 1353 γενήσεσθαι
799 1281 1060 1351 μέλλοντα
1092 1282 1426 1352 διαπρυσίως
1448 1282 1556 1354 (6-5)
1580 1284 1889 1339 ὲθέσπισαν.

392 1375 480 1429 Vl.
530 1375 667 1427 Ἀλλ’
698 1375 783 1427 ἵνα
832 1374 905 1444 μὴ
951 1375 1042 1426 τὸν
1104 1374 1257 1442 λόγον
1300 1374 1554 1428 ἁπάντων
1601 1376 1709 1429 τῶν
1765 1394 1896 1448 προ-

316 1466 505 1536 φητῶν
533 1467 645 1528 τοῖς
675 1466 913 1535 ῥήμασιν
936 1463 1044 1535 (65)
1076 1465 1461 1536 ἀναλώσωμεν,
1486 1466 1602 1529 ἐνὸς
1634 1466 1896 1536 μνησθέν-

314 1575 429 1621 τες,
462 1558 555 1610 ἐπὶ
582 1558 643 1610 τὸ
665 1556 1020 1627 προκείμενον
1049 1556 1452 1628 ἐπανέλθωμεν.
1487 1556 1551 1609 Τί
1582 1557 1639 1610 δὲ
1667 1558 1759 1611 καὶ
1792 1559 1897 1611 Μι-

314 1649 480 1719 χαίας
526 1647 925 1720 προαγορεύει;
977 1647 1119 1701 Τάδε
1154 1647 1313 1717 λέγει
1347 1648 1579 1716 Κύριος,
1619 1648 1717 1701 ἐπὶ
1758 1648 1896 1714 τοὺς

1990 552 2195 621 justum
2230 552 2510 622 diripiant,
2558 552 2752 607 domos
2797 559 2852 605 et
2889 566 3083 619 agros,
3116 560 3169 605 et
3196 550 3368 620 ipsam
3391 550 3559 620 justi-

1994 644 2123 699 tiam
2154 643 2406 699 auferant
2446 660 2473 698 a
2507 643 2655 712 justo
2690 662 2703 696 :
2737 650 2795 696 ut
2822 643 2965 698 scias
2995 652 3108 695 tum
3144 643 3305 697 finem
3348 642 3562 707 adesse,

1994 736 2212 806 quando
2245 736 2359 789 haec
2381 737 2529 790 lient.
2554 736 2625 789 At
2642 745 2921 805 perspecta
2950 734 3044 789 tibi
3073 742 3156 789 est
3173 734 3447 803 prophetae
3475 750 3565 790 sa-

1995 827 2195 896 pientia
2246 841 2309 880 ac
2353 825 2612 879 revelatio
2656 824 2835 878 futura
2882 824 3211 894 temporibus
3239 824 3367 880 illis.
3421 824 3564 891 Quin

1996 916 2269 986 propheta:
2299 930 2489 969 omnes
2514 954 2529 977 ,
2577 914 3030 983 quemadmodum
3070 914 3454 985 praediximus,
3506 924 3568 969 ut

1996 1017 2175 1063 vetera
2207 1007 2593 1078 patefecerunt,
2624 1008 2703 1063 sic
2729 1008 3122 1077 posterioribus
3149 1015 3407 1063 eventura
3429 1003 3565 1063 tem-

1997 1099 2221 1168 poribus
2250 1099 2395 1153 clare
2416 1099 2689 1153 vaticinati
2717 1106 2861 1153 sunt.

2066 1370 2156 1427 Vl.
2208 1371 2312 1427 Sed
2365 1388 2433 1426 ne
2480 1373 2826 1428 recensendis
2884 1373 3126 1428 omnium
3173 1375 3563 1445 prophetarum

1994 1464 2176 1519 verbis
2205 1464 2505 1518 orationem
2550 1479 2958 1529 consumamus,
3001 1465 3094 1519 ubi
3129 1466 3293 1521 unius
3324 1467 3564 1521 mentio-

1996 1570 2119 1608 nem
2172 1552 2483 1618 fecerimus,
2528 1553 2597 1608 ad
2641 1556 2979 1624 propositum
3024 1565 3380 1612 revertamur.
3421 1557 3563 1625 Quid

1996 1661 2159 1717 porro
2190 1644 2441 1701 Michmas
2481 1661 2697 1715 quoque
2730 1646 3013 1715 prmdicit?
3043 1647 3172 1702 Haec
3208 1649 3336 1701 dicit
3377 1648 3563 1703 Domi-

313 1740 625 1810 προφήτας
664 1741 805 1807 τοὺς
850 1739 1204 1806 πλανῶντας
1244 1740 1351 1795 τὸν
1391 1742 1547 1795 λαόν
1580 1759 1720 1810 μου,
1755 1741 1884 1807 τοὺς

1996 1752 2093 1790 nus
2133 1754 2289 1806 super
2329 1736 2603 1806 prophetas
2649 1738 2737 1805 qui
2782 1737 3033 1791 seducunt
3075 1739 3323 1807 papulum
3368 1755 3557 1801 meum,

311 1828 649 1895 δάκνοντας
674 1830 744 1882 ἐν
770 1828 892 1896 τοῖς
913 1829 1159 1883 ὀδοῦσιν
1183 1829 1399 1893 αὐτῶν,
1427 1830 1525 1883 καὶ
1550 1832 1891 1898 κηρύσσον-

310 1938 423 1986 τας
472 1920 565 1973 ἐπ’
603 1920 792 1974 αὑτὸν
839 1920 1119 1988 εἰρήνην·
1165 1919 1261 1973 καὶ
1302 1922 1353 1973 εὶ
1403 1922 1515 1974 οὐκ
1557 1920 1732 1988 ἐδόθη
1777 1920 1886 1991 (66)

310 2014 404 2077 εις
428 2010 494 2064 τὸ
534 2011 730 2080 στόμα
757 2009 974 2073 αὐτῶν,
1018 2010 1281 2079 ἠγίασαν
1314 2009 1422 2081 (67)
1451 2011 1543 2063 ἐπ’
1575 2010 1761 2064 αὑτὸν
1785 2013 1890 2065 πό·-

310 2106 521 2172 λεμον.
547 2102 649 2155 Διά
687 2102 861 2156 τοῦτο
883 2100 997 2166 νὺξ
1022 2100 1162 2170 ὑμῖν
1183 2102 1351 2154 ἔσται
1375 2100 1443 2164 ἐξ
1478 2100 1759 2169 ὁράσεως,
1790 2101 1889 2155 καὶ

310 2192 531 2245 σκοτία
574 2189 716 2260 ὑμῖν
760 2191 933 2244 ἔσται
975 2190 1043 2243 ἐκ
1079 2188 1384 2258 μαντείας.
1420 2189 1528 2242 Καὶ
1572 2188 1815 2244 δύσεται
1856 2193 1889 2244 ὁ

311 2284 490 2351 ’ἣλιος
510 2281 607 2336 ἐπὶ
629 2281 772 2348 τοὺς
800 2279 1127 2350 προφήτας,
1144 2281 1243 2334 καὶ
1266 2278 1638 2335 συσκοτάσει
1662 2280 1770 2352 (68)
1794 2282 1885 2334 ἐπ’

311 2375 539 2440 αὐτοὺς
562 2375 600 2442 ἡ
624 2373 832 2443 ἡμέρα.
860 2373 968 2427 Καὶ
994 2370 1613 2440 καταισχυνθήσονται
1632 2376 1685 2428 οἱ
1708 2373 1888 2441 ὁρῶν-

312 2484 416 2533 τες
457 2466 529 2520 τὰ
561 2467 834 2527 ἐνύπνια,
872 2464 969 2517 καὶ
1000 2462 1631 2533 καταγελασθήσονται
1656 2467 1710 2517 οὶ
1732 2464 1886 2534 μάν-

310 2573 454 2622 τεις.
507 2554 692 2607 Ταῦτα
741 2555 1246 2626 προῖστορήσαμεν,
1295 2553 1379 2607 ἵνα
1424 2554 1597 2622 γνῶτε
1645 2556 1744 2626 τὴν
1797 2557 1884 2608 ἐπ’

310 2647 559 2717 ἐσχάτων
587 2646 957 2719 γενησομένην
992 2645 1101 2716 (69)
1147 2643 1338 2716 ὀδύνην
1372 2647 1465 2698 καὶ
1494 2646 1762 2718 ταραχὴν,
1794 2648 1889 2700 καὶ

312 2737 537 2791 πάντων
598 2733 898 2806 ἀνθρώπων
961 2733 1059 2805 τὴν
1120 2732 1257 2804 πρὸς
1310 2732 1569 2805 ἀλλήλους
1628 2736 1891 2807 ἀναστρο-

312 2829 422 2900 φὴν
448 2829 559 2899 (70)
599 2827 695 2881 καὶ
721 2826 931 2895 φθόνον,
969 2827 1063 2880 καὶ
1110 2829 1285 2897 μῖσος,
1316 2826 1409 2879 καὶ
1455 2825 1589 2897 ἔριν,
1640 2826 1738 2895 τὴν
1781 2826 1888 2878 τῶν

312 2918 587 2990 ποιμένων
619 2918 711 2970 ἐπὶ
741 2917 847 2970 τῶν
882 2916 1167 2988 προϐάτων
1210 2915 1487 2986 ἀμέλειαν,
1517 2915 1612 2969 καὶ
1641 2914 1733 2968 τοῦ
1759 2913 1886 2969 λαοῦ

310 3013 454 3085 πρὸς
479 3011 605 3074 τοὺς
641 3011 806 3082 ἱερεῖς
842 3008 1210 3063 ἀνυπότακτον
1238 3007 1476 3061 διάθεσιν
1503 3007 1636 3077 (71).

383 3100 492 3156 Vl].
536 3101 626 3154 Διὸ
672 3100 871 3163 πάντες
912 3098 991 3169 τῷ
1043 3098 1155 3167 ἰδίῳ
1194 3096 1456 3169 θελήματι
1502 3098 1884 3169 ἐμπεριπατή-

310 3209 485 3249 σουσι.
513 3193 625 3245 Καὶ
649 3190 719 3244 τὰ
754 3190 917 3245 τέκνα
943 3192 1054 3252 τοῖς
1083 3187 1326 3257 γονεῦσιν
1355 3188 1735 3242 ὲπιὸαλοῦνται
1767 3191 1880 3260 χεῖ-

314 3304 415 3358 ρας
436 3302 451 3317 ο
483 3285 619 3356 γυνὴ
647 3284 737 3337 τὸν
784 3284 913 3337 ἴδιον
945 3283 1112 3354 ἄνδρα
1158 3281 1472 3354 παραδώσει
1511 3283 1591 3347 είς
1635 3282 1880 3347 θάνατον,

308 3380 407 3433 καὶ
436 3377 574 3449 ἀνὴρ
606 3377 703 3451 τὴν
731 3374 923 3428 ἑαυτοῦ
952 3377 1180 3443 γυναῖκα
1219 3375 1311 3427 ἐπὶ
1340 3375 1622 3446 κριτήριον
1663 3373 1779 3440 ἄξει
1808 3374 1883 3437 ὡς

310 3470 644 3523 ὑπεύθυνον*
694 3467 946 3522 δεσπόται
990 3468 1071 3531 είς
1110 3466 1238 3529 τοὺς
1275 3466 1493 3529 δούλους
1525 3465 1880 3536 ἀπάνθρωποι

309 3562 731 3633 αύθεντήσονται
787 3558 897 3631 (72)
940 3560 1032 3612 καὶ
1064 3557 1237 3612 δοῦλοι
1285 3557 1422 3628 πρὸς
1452 3557 1578 3619 τοὺς
1619 3556 1882 3619 δεσπότας

310 3652 681 3707 ἀνυπότακτον
720 3648 957 3702 διάθεσιν
1010 3645 1464 3719 περιϐαλοῦνταιο
1509 3645 1879 3717 πρεσϐυτέρου

310 3741 505 3797 πολιὰν
537 3740 710 3802 οὐδεὶς
742 3737 1139 3808 αἰδεσθήσεται,
1165 3735 1257 3789 καὶ
1284 3734 1545 3805 νεωτέρου
1579 3733 1771 3797 κάλλος
1793 3735 1882 3786 οὺ-

308 3839 423 3900 δεὶς
474 3834 871 3907 οἱκτειρήσεται
919 3831 1051 3902 (75)’
1082 3831 1129 3881 οἱ
1162 3828 1280 3882 ναοὶ
1324 3826 1417 3879 τοῦ
1459 3823 1591 3877 Θεοῦ
1623 3823 1697 3888 ὡς
1742 3819 1879 3877 οἶκοι

310 3929 548 3990 ἔσονται,
590 3927 684 3980 καὶ
728 3922 1099 3994 καταστροφαὶ
1125 3919 1232 3973 τῶν
1271 3918 1574 3989 ἐκκλησιῶν
1602 3914 1877 3987 πανταχοῦ

308 4024 656 4093 γενήσονται·
692 4020 745 4071 αἱ
778 4016 989 4087 Γραφα).
1033 4010 1616 4082 καταφρονηθήσονται,
1651 4007 1744 4061 κα)⁵
1784 4006 1877 4060 τοῦ

311 4114 507 4187 ἐχθροῦ
536 4112 603 4165 τὰ
630 4111 843 4183 ᾄσματα
865 4107 975 4178 (74)
1004 4103 1275 4175 πανταχοῦ
1301 4102 1569 4173 ὲξᾲσουσι.
1598 4101 1874 4170 Πορνεῖαι,

310 4208 406 4262 καὶ
431 4206 683 4278 μοιχεῖαι,
700 4204 793 4255 καὶ
816 4200 1091 4270 ἐπιορκίαι
1114 4197 1247 4268 (75),
1266 4196 1362 4267 τὴν
1384 4194 1486 4263 γῆν
1508 4190 1873 4263 πληρώσουσι,

312 4299 650 4371 φαρμακεῖαι
677 4296 770 4347 καὶ
786 4292 1071 4353 ὲπαοιδίαι,
1095 4290 1189 4342 καὶ
1215 4288 1457 4358 μαντεῖαι
1482 4284 1655 4338 ὀπίσω
1673 4282 1875 4336 τούτων

313 4388 557 4460 σφοδρῶς
599 4386 692 4440 καὶ
722 4382 1014 4455 προθύμως
1050 4376 1550 4447 ὲξακολουθήσουσι.
1584 4372 1693 4426 Καὶ
1740 4372 1872 4425 καθ-

1994 1830 2083 1899 qui
2117 1830 2355 1883 mordent
2381 1829 2620 1882 dentibus
2646 1831 2777 1893 suis,
2806 1839 2855 1883 et
2879 1829 3169 1897 prmdicant
3192 1831 3238 1885 ei
3266 1847 3483 1899 pacem;
3510 1840 3561 1884 et

1992 1921 2038 1974 si
2060 1920 2191 1973 nihil
2222 1920 2407 1974 datum
2447 1920 2607 1988 fuerit
2650 1921 2703 1974 in
2735 1936 2790 1974 os
2814 1935 3015 1985 eorum,
3040 1921 3377 1995 sanctiﬁcunt
3399 1938 3561 1991 super

1991 2029 2108 2065 eum
2140 2012 2350 2066 bellum.
2384 2011 2673 2080 Propterea
2709 2028 2813 2066 nos:
2845 2014 2945 2066 erit
2970 2012 3110 2066 vobis
3132 2028 3225 2079 pro
3254 2014 3477 2079 visione,
3509 2024 3559 2068 et

1995 2102 2217 2157 tenebrae
2249 2103 2394 2157 vobis
2442 2114 2594 2158 erunt
2633 2119 2727 2173 pro
2758 2105 3100 2159 divinatione.
3138 2103 3206 2158 Et
3251 2106 3451 2161 occidet
3480 2106 3560 2160 sul

1992 2212 2149 2265 super
2174 2197 2470 2266 prophetas,
2501 2206 2548 2250 et
2579 2195 2999 2250 oblenebrabilur
3030 2213 3184 2267 super
3216 2213 3302 2250 eos
3332 2198 3462 2253 dies.
3492 2197 3559 2253 Et

1998 2284 2382 2353 confundemur
2426 2286 2515 2355 qui
2560 2284 2733 2338 vident
2785 2286 3025 2352 somnia,
3077 2296 3127 2340 et
3186 2287 3562 2343 deridebuntur

1989 2384 2130 2428 vates
2164 2376 2230 2430 ⁵⁷.
2268 2375 2395 2430 Haze
2435 2377 2915 2445 praenarravimus,
2969 2385 3026 2429 ut
3076 2376 3390 2446 intelligatis
3434 2394 3560 2435 cru-

1988 2466 2188 2520 ciatum
2218 2476 2271 2521 et
2296 2469 2757 2536 perturbationem
2786 2468 3047 2522 extremis
3079 2467 3315 2523 futuram
3347 2478 3453 2523 tem
3466 2484 3558 2538 po-

1988 2559 2160 2623 ribus,
2192 2560 2544 2629 omniumque
2591 2560 2873 2620 hominum
2915 2561 3055 2614 inter
3083 2574 3144 2616 se
3180 2561 3387 2615 vivendi
3427 2577 3557 2616 con-

1990 2650 2351 2717 suetudinem,
2394 2648 2672 2715 invidiam,
2726 2651 2932 2716 odium,
2979 2651 3420 2719 contentionem;
3462 2667 3557 2721 pa-

1990 2750 2200 2795 storum
2242 2743 2295 2795 in
2329 2742 2523 2797 ovibus
2550 2743 2952 2812 negligentiam,
2982 2744 3167 2815 populi
3202 2759 3330 2815 erga
3375 2760 3555 2801 sacer-

1994 2834 2150 2889 dotes
2189 2834 2429 2889 animum
2472 2834 2904 2904 immorigerum.
3190 2832 3193 2833 ⁷
3366 2851 3369 2853 ·

2059 3086 2172 3140 νη.
2202 3084 2277 3140 lta
2307 3100 2494 3141 omnes
2525 3100 2626 3140 suo
2666 3085 2933 3139 arbitratu
2973 3084 3177 3139 vivent.
3204 3083 3327 3138 Filii
3358 3100 3555 3140 manus

1986 3177 2229 3247 injicient
2276 3177 2329 3229 in
2377 3185 2650 3245 parentes,
2692 3190 2833 3229 uxor
2878 3174 3057 3229 virum
3104 3190 3263 3230 suum
3295 3175 3469 3239 tradet
3500 3178 3553 3231 in

1984 3274 2251 3331 mortem;
2293 3266 2377 3319 vir
2414 3279 2638 3319 uxorem
2684 3279 2862 3329 suam,
2890 3272 2950 3318 ut
2978 3265 3359 3329 ream,.trahet
3382 3265 3437 3319 in
3462 3265 3553 3336 ju-

1983 3359 2207 3423 dicium,
2258 3357 2462 3412 domini
2516 3357 2570 3411 in
2614 3372 2802 3413 servos
2856 3372 2988 3412 suos
3031 3367 3193 3412 erunt
3244 3358 3551 3426 inhumani,

1982 3450 2124 3505 servi
2178 3451 2234 3503 in
2284 3450 2536 3506 dominos
2590 3451 2833 3504 animum
2893 3460 3079 3521 gerent
3132 3452 3552 3520 inobedientem,

1982 3543 2130 3598 senis
2168 3542 2423 3597 canitiem
2476 3557 2637 3597 nemo
2674 3544 3028 3610 reverebitur,
3059 3544 3317 3613 juvenilis
3366 3545 3556 3602 forma:

1983 3649 2148 3688 nemo
2193 3634 2577 3702 miserebitur,
2607 3635 2804 3704 templa
2851 3636 3032 3689 divina
3061 3636 3350 3692 domorum
3382 3638 3555 3695 instar

1982 3737 2162 3793 erunt,
2199 3725 2334 3781 locis
2373 3726 2625 3780 omnibus
2669 3727 2980 3782 eversiones
3012 3728 3143 3781 fient
3171 3729 3551 3797 ecclesiarum,

1982 3821 2275 3891 Scriptura:
2292 3830 2731 3885 contemnentur,
2752 3820 2925 3875 hostis
2954 3820 3100 3874 illius
3119 3821 3328 3875 cantica
3352 3822 3554 3892 ubique

1980 3914 2365 3970 decantabunt.
2409 3911 2541 3967 Post
2579 3913 2694 3966 [nec
2729 3922 2941 3980 stupra,
2970 3911 3258 3978 adulteria,
3288 3912 3554 3982 perjuria.

1978 4006 2277 4076 implebunt
2290 4014 2487 4059 terram
2507 4022 2521 4070 ;
2542 4004 2958 4069 incantationes,
2973 4001 3335 4058 divinationes
3352 4020 3552 4075 magno

1980 4101 2181 4169 impetu
2214 4098 2505 4167 studioque
2544 4104 2859 4166 sequentur.
2910 4093 2967 4148 ln
3011 4109 3247 4160 summa,
3272 4096 3428 4150 exiis
3455 4098 3550 4167 qui

1979 4188 2277 4243 Christiani
2328 4187 2600 4253 videntur,
2631 4195 2759 4240 tunc
2798 4192 3090 4253 exsurgent
3118 4181 3239 4237 falsi
3274 4186 3551 4255 propheta:

1977 4280 2209 4350 falsique
2230 4279 2489 4349 apostoli,
2522 4278 2772 4333 homines
2803 4277 3149 4346 impostores,
3174 4285 3546 4346 corruptores,

1976 4372 2231 4439 maleﬁci,
2256 4371 2583 4427 mentientes
2604 4368 2744 4423 alius
2765 4368 2817 4421 in
2848 4367 3037 4429 alium,
3061 4365 3311 4447 adulteri,
3331 4377 3550 4435 stupra-

311 4482 433 4534 ὀλου
472 4480 578 4533 ύπδ
605 4478 712 4532 τῶν
739 4474 1037 4530 δοκούντων
1070 4467 1208 4525 εἶναι
1237 4465 1550 4540 Χριστιανοὶ
1579 4463 1711 4536 (76),
1752 4465 1873 4518 τότε

1989 4472 2148 4527 tores,
2177 4478 2422 4533 rapaces,
2449 4462 2620 4525 avari,
2638 4459 3296 4531 perjuri,detractores,se
3314 4455 3546 4511 invicem

309 4572 696 4645 ἐγερθήσονται
753 4568 864 4640 (77)
910 4563 1369 4637 ψευδοπροφῆται,
1419 4554 1874 4629 ψευδαπόστολοι,

382 4737 428 4771 ’⁸⁷
457 4736 619 4793 Mich.
653 4752 735 4800 Ill,
781 4737 834 4801 5,
860 4734 915 4799 6,
948 4733 997 4787 7.

379 4899 495 4969 (61)
522 4898 632 4969 ’Ἐκ
655 4893 749 4969 τοῦ
781 4892 1011 4969 δικαίου,
1044 4891 1104 4945 Β.

382 4964 496 5039 (62)
522 4966 675 5039 Ibid.
695 4966 861 5039 deest_
876 4964 977 5017 διό.

380 5037 493 5110 (65)
516 5038 801 5110 Προεῖ-πον,
828 5037 890 5088 Β.

380 5096 495 5180 (64’)
524 5096 1017 5180 mammam,
1063 5102 1156 5159 sed
1198 5099 1467 5156 editorum
1506 5098 1661 5153 codd.
1711 5096 1871 5153 lectio

307 5176 456 5239 recte
478 5176 546 5235 se
567 5176 747 5233 habet.
800 5246 810 5249 _
1035 5244 1075 5249 _
1162 5241 1220 5249 __
1366 5239 1389 5249 _
1664 5241 1686 5249 _
1798 5236 1823 5249 ..

385 5252 498 5322 (65)
534 5250 752 5305 Rectius
799 5246 854 5301 in
896 5260 1001 5301 ms.
1035 5244 1121 5308 B.,
1162 5241 1317 5310 λόγον
1364 5239 1576 5293 ἅπαντα
1604 5241 1715 5302 τοῖς
1757 5239 1865 5290 τῶν

309 5322 604 5396 meo???)
638 5322 891 5396 ῥῄμασιγο

383 5384 497 5462 (66)
524 5384 746 5462 his-B.,
782 5388 874 5442 καὶ
902 5387 1000 5440 ούκ
1030 5384 1205 5462 εδόθη..

380 5452 492 5533 (67)
526 5461 655 5531 Leg.
687 5462 934 5531 ἤγειραν,
965 5457 1046 5533 vel
1079 5452 1282 5533 potius,
1313 5461 1372 5533 ut
1403 5453 1453 5507 in
1494 5452 1579 5515 B.,
1605 5453 1864 5533 ἤγγισαν.

309 5522 417 5588 Sed
459 5522 513 5586 in
544 5522 863 5586 eodem'm's.
899 5528 1058 5595 male,
1079 5522 1180 5578 Ἐπ’
1212 5522 1407 5588 αὐτῶν,
1438 5534 1491 5578 et
1518 5522 1642 5577 mox
1677 5522 1869 5594 ἀγορά-

308 5621 447 5667 σεως
486 5618 583 5671 pro
612 5601 871 5672 ὁράσεως.

380 5670 501 5744 (68)
521 5670 800 5744 Σκοτὰσει,
815 5670 881 5744 Β.

382 5732 494 5814 (69)
528 5743 675 5798 Alter
718 5740 827 5796 Pici
874 5740 1065 5803 codex,
1103 5736 1403 5808 γεγονεῖαν,
1430 5734 1523 5792 sed
1556 5734 1640 5799 B.,
1675 5732 1866 5810 ἐσομέ-

307 5829 428 5888 νην.

1988 4557 2114 4612 odio
2139 4556 2415 4611 habentes.
2441 4552 2695 4609 Pastores
2726 4550 2856 4605 fient
2884 4547 3042 4621 quasi
3068 4546 3203 4617 lupi,
3235 4546 3545 4602 sacerdotes

2052 4885 2162 4956 (70)
2198 4884 2303 4956 Pro
2349 4880 2652 4956 verbiscﬁv
2694 4878 2831 4956 πρὸς
2871 4877 3133 4956 ἀλλήλους
3174 4875 3538 4946 ἀναστροφὴν,

1980 4957 2034 5011 in
2058 4948 2104 5010 Β
2146 4948 2239 5028 'es_t
2270 4948 3003 5028 WWWWW-_‘99°PdY-.
3050 5017 3062 5028 .
3197 5014 3209 5028 .
3436 5011 3459 5028 .

2049 5028 2161 5097 (71)
2192 5025 2390 5080 Eodem
2499 5014 2830 5097 codice_,_pi_'o
2843 5014 3022 5097 verbis
3039 5014 3408 5097 ἀνυπότακτον
3431 5014 3541 5097 διά-
3589 5072 3592 5077 ,

1978 5084 2156 5162 θεὲινξ
2179 5097 2372 5167 legitur
2408 5092 2649 5160 ἀταξίαν.
2686 5084 2795 5167 και
2836 5086 3132 5167 γον-εῖςρτᾲι
3161 5085 3324 5136 τέκνα
3372 5084 3537 5167 μισή-

1979 5156 2146 5229 σουσι,
2182 5156 2275 5219 καὶ
2297 5165 2463 5222 τέκνα
2494 5156 2605 5225 τοῖς
2634 5156 3295 5229 γονεῦσιννὲπιῆάλλονται
3327 5156 3533 5229 χεῖρας.

2050 5224 2161 5308 (7‘).)
2193 5238 2276 5298 B.,
2321 5224 2609 5308 πρὸς-τοῦς
2631 5224 2845 5308 δούλους
2886 5224 3276 5297 ἀπανθρωπίαν
3310 5224 3540 5292 κτήσον-

1976 5302 2083 5363 ται.
2124 5302 2195 5362 lto
2223 5316 2275 5359 et
2298 5302 2432 5358 alter
2453 5302 2566 5357 Pici
2588 5302 2778 5356 codex.

2051 5380 2162 5447 (75)
2192 5375 2551 5447 ῼίκτειρήσει,

2049 5431 2161 5516 (74)
2197 5446 2352 5516 Falsa
2381 5431 2451 5516 ’βό
2473 5431 2778 5516 perniciosa
2802 5438 3075 5516 dogmata.
3104 5433 3271 5500 Infra,
3301 5447 3418 5502 cap.
3441 5431 3538 5501 45,

1976 5508 2075 5588 pro
2100 5508 2317 5588 ἐχθροῦ,
2384 5515 2439 5588 in
2473 5508 2971 5588 B.,_est.Ata6;6ltou.

2048 5577 2162 5657 (75)
2196 5577 2365 5637 Verba
2394 5585 2488 5652 τὴν
2521 5583 2621 5650 γῆν
2651 5577 3013 5648 πληρώσουσι,
3049 5577 3381 5647 φαρμακεῖαι
3406 5588 3538 5647 sup-

2014 5659 2111 5711 levi
2146 5673 2209 5711 ex
2251 5657 2307 5706 Β.
3294 5702 3297 5703 ,

1975 5675 2111 5728 plen
2146 5675 2209 5711 ex
2254 5675 2307 5706 ι).

2052 5727 2165 5795 (76)
2194 5724 2553 5795 Χριστιανῶν,
2588 5723 2658 5775 id.

2049 5785 2163 5873 (77)
2192 5785 2466 5858 Ἔσονται,
2500 5795 2585 5852 Β..
2623 5800 2675 5845 ει
2712 5788 2847 5843 alter
2878 5786 2990 5843 Pici
3024 5785 3215 5846 codex.
