3934 6198
524 292 621 346 911

1289 294 1575 352 APPEND.
1616 296 1707 351 AD
1744 294 2023 351 PARTEM
2062 296 2103 350 Ii
2143 296 2426 354 OPERUM
2466 296 2523 352 S.
2566 296 2964 353 HIPPOLYTI.

3600 309 3688 369 9i!

523 408 866 465 mendacium
904 410 1156 482 diligent,
1204 413 1461 468 monachi
1500 422 1754 484 expetent
1793 429 1914 484 qua:
1958 431 2056 470 sun

2160 415 2380 487 ,γόητες
2410 413 2707 485 ἄνθρωποι,
2740 416 3073 489 φθοροποιοὶ,
3106 422 3398 486 κακοποιοὶ,
3422 422 3695 497 ψευδόμενοι

521 499 732 569 mundi,
780 502 974 558 divites
1003 504 1246 558 animum
1274 515 1548 575 expertem
1574 506 1960 562 misericordiae
1996 506 2082 560 in-

520 591 709 656 duent,
756 591 977 661 pauperi
1008 608 1113 647 non
1144 602 1467 650 succurrent
1508 595 1803 666 principes,
1830 604 2081 665 potentes

518 685 899 740 miserationes
928 686 1203 756 abjicient,
1226 687 1438 759 judices
1471 687 1680 759 justum
1724 687 1973 743 auferent
2011 702 2082 743 ex

513 777 686 848 justo,
701 779 1126 850 muneribusque
1141 781 1394 836 excaecati
1409 782 1728 851 injustitiam
1747 781 2077 852 probabunt.

2185 508 2308 560 κατ’
2336 505 2599 579 ἀλλήλων,
2640 508 2838 579 μοιχοὶ,
2869 509 3077 579 πόρνοι,
3112 510 3372 581 ἅρπαγες,
3398 511 3697 583 πλεονέκται,

2184 598 2459 672 ἐπίορκοι,
2509 599 2822 664 κατάλαλοι,
2851 599 3107 672 ἀλλήλους
3158 602 3431 673 μισοῦντες
3483 605 3600 678 (78).
3647 609 3702 662 οι

2185 693 2442 763 ποιμένες
2483 692 2561 756 ὡς
2596 692 2748 746 λύκοι
2792 695 3141 765 γενήσονται·
3173 694 3221 747 oi
3269 696 3426 766 ἱερεῖς
3460 695 3517 748 τὸ
3536 696 3704 768 ψεῦδος

2185 783 2520 839 ἀσπάσονται
2542 801 2555 815 ·
2586 786 2636 838 οἱ
2662 785 2885 856 μοναχοὶ
2914 784 3024 856 (79)
3049 784 3116 838 τὰ
3140 784 3235 838 τοῦ
3258 786 3455 857 κόσμου
3477 788 3709 860 mliﬁcus-

519 892 629 930 σιν’
661 879 710 931 οἱ
738 876 978 931 πλούσιοι
1004 877 1338 948 ἀσπλαχνίαν
1358 879 1662 933 ὲνδύσονται
1681 898 1695 910 ·
1724 880 1774 932 οἱ
1804 880 2061 950 ἄρχοντες
2080 878 2280 950 πτωχῷ
2321 881 2383 933 οὐ
2431 880 2811 953 βοηθήσουσιν,
2863 881 2913 934 ol
2954 880 3207 935 δυνάσται
3253 882 3551 952 οἰκτιρμοὺς
3596 884 3689 938 ἀπο

518 967 804 1022 ὕαλοῦνται
825 985 839 998 ·
867 971 915 1022 οἱ
939 969 1123 1040 κριταὶ
1137 969 1199 1022 τὸ
1237 969 1440 1023 δίκαιον
1461 973 1523 1023 ἐκ
1572 969 1665 1024 τοῦ
1708 971 1918 1024 δικαίου
1959 968 2171 1041 ἀροῦσι,
2203 972 2297 1024 καὶ
2324 976 2436 1035 τοῖς
2477 971 2671 1045 δώροις
2701 952 3142 1044 ὲκῖυφλούμενοι,
3176 973 3384 1027 ἀδικίαν
3423 975 3711 1031 ὲπισπάσον-

516 1082 625 1120 ται.

589 1160 721 1217 VIIl.
743 1160 884 1228 Quid
902 1178 1065 1218 narro
1085 1177 1207 1232 quae
1228 1162 1357 1217 fient
1376 1164 1444 1217 ah
1465 1163 1799 1231 hominibus,
1820 1180 1943 1218 cum
1964 1164 2079 1233 ipsa

2253 1162 2387 1218 VIII.
2418 1162 2527 1215 Καὶ
2557 1162 2610 1214 τί
2641 1163 2783 1232 λέγω
2825 1163 2952 1235 περὶ
2978 1161 3285 1234 ἀνθρώπων
3324 1159 3450 1231 (80),
3482 1160 3606 1214 ὅπου
3636 1163 3714 1215 καὶ

515 1253 679 1306 etiam
698 1254 964 1308 elementa
991 1254 1238 1308 ordinem
1265 1268 1421 1307 suum
1451 1254 1562 1308 sint
1582 1264 1841 1323 negatura
1859 1254 1883 1307 ?
1900 1252 2056 1308 Terra

2179 1254 2316 1308 αὐτὰ
2363 1255 2430 1308 τὰ
2486 1258 2723 1326 στοιχεῖα
2772 1255 2871 1326 τὴν
2930 1255 3136 1308 οἰκείαν
3186 1251 3340 1317 τάξιν
3398 1252 3709 1324 ἀρνήσονται·

514 1354 694 1399 motus
710 1352 870 1399 erunt
892 1360 986 1416 per
1006 1360 1196 1400 omnes
1218 1345 1488 1409 civitates,
1507 1344 1824 1413 pestilentiae
1848 1358 1946 1414 per
1970 1358 2082 1397 om-

512 1451 609 1490 nes
626 1436 891 1506 regiones,
911 1436 1148 1490 tonitrua
1174 1436 1291 1491 sine
1318 1443 1500 1498 modo,
1525 1435 1791 1490 horrenda
1835 1433 2074 1505 fulgura,

2178 1348 2389 1418 σεισμοὶ
2418 1347 2558 1401 κατὰ
2586 1342 2766 1401 πᾶσαν
2793 1347 2967 1412 πόλιν,
2996 1345 3175 1416 λοιμοὶ
3216 1345 3310 1397 ἐπὶ
3332 1346 3505 1397 πᾶσαν
3530 1342 3710 1415 χώραν,

2179 1438 2399 1510 βρονταὶ
2434 1440 2663 1510 ἄμετροι
2695 1438 2803 1509 (81)
2846 1440 2940 1493 καὶ
2970 1437 3203 1508 φοϐεραὶ
3248 1436 3538 1507 ἀστραπαὶ,
3562 1434 3714 1499 οἴκους

510 1542 632 1597 quae
643 1527 833 1583 domos
847 1543 1115 1599 agrosque
1124 1536 1370 1592 exurent;
1385 1527 1630 1597 procella:
1640 1538 1943 1600 ventorum,
1957 1542 2056 1597 qua

2176 1531 2270 1584 καὶ
2313 1531 2515 1603 ἀγροὺς
2560 1530 2972 1584 κατακαίουσαιο
3016 1527 3332 1597 καταιγίδες
3376 1526 3599 1597 ἀνέμων,
3633 1526 3715 1596 τὴν

510 1630 711 1676 terram
735 1638 797 1678 ac
816 1638 964 1677 mare
982 1638 1100 1678 sine
1129 1622 1290 1676 modo
1306 1622 1729 1691 perturbabunt;
1751 1630 1907 1676 teme
1922 1620 2074 1675 steri-

512 1713 709 1778 litates,
724 1716 935 1770 sonitus
952 1714 1140 1779 muris,
1163 1714 1520 1769 intolerabilis
1542 1715 1834 1768 commotio
1850 1714 1919 1767 ob
1938 1713 2075 1767 inte-

510 1806 675 1859 ritum
700 1815 809 1861 tam
833 1808 1135 1861 animarum
1156 1820 1318 1875 quam
1341 1804 1656 1871 hominum;
1682 1805 1834 1876 signa
1857 1806 1911 1859 in
1933 1806 2067 1870 sole,

509 1899 662 1969 signa
692 1899 747 1952 in
778 1900 926 1963 luna,
970 1899 1204 1953 siderum
1230 1899 1296 1952 de
1317 1899 1404 1952 via
1426 1896 1774 1963 deﬂexiones,
1806 1898 2069 1967 angustiae

508 1993 771 2063 gentium,
795 1991 938 2046 aeris
962 1989 1329 2060 intemperies,
1347 1990 1625 2059 grandinis
1640 1989 1961 2044 emissiones
1983 2005 2070 2045 su-

505 2098 601 2152 per
621 2082 811 2136 faciem
835 2090 1021 2146 terrm;
1050 2081 1255 2135 hiemes
1280 2079 1619 2145 incrdinaue,
1641 2078 1839 2149 glacies
1861 2079 1945 2132 sui
1963 2078 2069 2133 dis-

507 2173 728 2238 similis,
754 2173 975 2226 ardores
1005 2172 1097 2241 qui
1131 2171 1305 2226 sedari
1333 2180 1621 2241 nequeant,
1651 2171 1930 2239 repentina
1961 2169 2065 2225 ful-

502 2263 672 2329 mina,
705 2263 979 2329 insperata
1013 2262 1297 2327 incendia;
1326 2270 1400 2326 et,
1446 2270 1504 2313 ut
1549 2261 1715 2314 semel
1742 2260 1941 2326 dicam,
1974 2277 2065 2329 ge-

501 2355 668 2409 mitus
739 2362 794 2409 et
854 2354 1100 2423 planctus
1161 2353 1428 2407 universa:
1479 2361 1634 2406 terra:
1692 2350 2095 2405 consolatione

499 2442 756 2497 carentis.
793 2440 879 2495 Ea:
905 2457 1005 2511 quo
1039 2442 1177 2495 enim
1212 2440 1553 2495 abundaverit
1592 2441 1863 2510 iniquitas,
1902 2440 2060 2509 refri-

498 2544 664 2607 gescet
717 2534 948 2588 cimritas
1000 2534 1285 2588 multorum
1327 2534 1394 2588 ⁸⁸.
1446 2532 1760 2604 Propterea,
1799 2532 2061 2589 Dominus

496 2624 735 2679 universi
777 2623 971 2677 borum
1023 2614 1269 2678 omnium
1313 2624 1715 2679 fluctuationem
1766 2633 1819 2678 et
1862 2623 2060 2678 confu-

497 2716 705 2772 sionem
736 2716 934 2772 clamat
965 2730 1058 2785 per
1087 2714 1462 2787 Evangelinm,
1494 2718 1681 2771 dicens
1713 2736 1727 2770 :
1770 2714 1968 2782 Videte,
2000 2732 2062 2769 ne

496 2808 841 2863 seducamini.
873 2807 1033 2862 Multi
1071 2810 1209 2863 enim
1243 2810 1443 2862 venient
1488 2810 1542 2862 in
1588 2811 1794 2863 nomine
1828 2825 1938 2861 meo
1983 2808 2063 2862 di-

2173 1623 2278 1693 γῆν
2306 1624 2399 1676 καὶ
2428 1621 2525 1694 τὴν
2556 1622 2829 1675 θάλασσαν
2866 1621 3123 1693 ἀμέτρως
3170 1618 3611 1689 ἐκταράσσουσαι,
3635 1618 3715 1687 τῆς

2171 1715 2274 1785 γῆς
2321 1715 2608 1786 ἀκαρπίαι,
2641 1715 2914 1785 θαλάσσης
2942 1708 3094 1783 ἦχος,
3129 1710 3231 1764 καὶ
3278 1709 3438 1774 σάλος
3478 1710 3714 1781 ἀφόρητος

2170 1807 2277 1861 ἀπὸ
2332 1806 2516 1878 ψυχῶν
2567 1807 2662 1861 καὶ
2714 1805 2987 1868 ἀπωλείας
3038 1802 3381 1875 ἀνθρώπων·
3440 1805 3626 1872 σημεῖα
3668 1803 3713 1854 ἐν

2167 1902 2321 1973 ἡλίῳ,
2356 1904 2555 1972 σημεῖα
2588 1902 2644 1953 ὲν
2679 1899 2897 1972 σελήνῃ,
2927 1897 3143 1969 ἄστρων
3185 1894 3555 1968 παρατροπαὶ,
3584 1909 3713 1946 συνο-

2168 1995 2259 2066 χαὶ
2312 1993 2478 2047 ἐθνῶν
2506 2033 2520 2054 ,
2567 1992 2743 2062 ἀέρων
2782 1988 3072 2061 ἀκρασίαι,
3119 1988 3367 2059 χαλάζης
3406 1986 3599 2056 βολίδες
3639 1982 3713 2036 ἐπὶ

2167 2084 2458 2157 προσώπου
2495 2084 2594 2153 τῆς
2630 2084 2753 2153 γῆς,
2789 2081 3054 2153 χειμῶνος
3091 2079 3338 2146 ἁταξίαι,
3377 2078 3591 2147 παγετοὶ
3618 2076 3712 2130 διά-

2167 2196 2321 2249 φοροι
2366 2178 2497 2249 (δίἣν
2537 2175 2815 2237 καύσων-ες
2864 2170 3313 2242 ἀπαραμύθητοι,
3372 2168 3613 2240 κεραυνοὶ
3642 2169 3710 2221 αἱ·

2166 2268 2379 2337 φνίδιοι,
2424 2264 2743 2337 ὲμπρησμοὶ
2771 2263 3042 2332 ἀδόκητοι,
3072 2263 3168 2315 καὶ
3200 2258 3529 2326 ἁπαξαπλῶς
3561 2257 3709 2328 πάσης

2162 2361 2262 2430 τῆς
2290 2360 2392 2430 γῆς
2430 2358 2624 2430 θρῆνος
2667 2357 2762 2409 καὶ
2795 2355 3041 2417 κοπετὺς,
3085 2352 3447 2424 παραμυθίαν
3477 2350 3547 2422 μὴ
3580 2348 3707 2419 ἐ.χού-

2165 2468 2281 2523 σης.
2310 2452 2405 2503 Ἐκ
2425 2450 2535 2520 γὰρ
2557 2448 2664 2502 τοῦ
2686 2444 3105 2515 πληθυνθῆναι
3139 2444 3261 2512 τὴν
3295 2443 3577 2513 ἁμαρτίαν
3597 2438 3706 2511 (85),

2161 2541 2503 2611 ψυγήσεται
2555 2542 2594 2608 η
2645 2537 2845 2607 ἀγάπη
2894 2535 3014 2590 τῶν
3066 2533 3342 2589 πολλῶν.
3395 2533 3490 2587 Διὰ
3534 2530 3705 2584 τούτων

2162 2633 2415 2687 ἁπάντων
2447 2634 2546 2702 τὴν
2574 2631 2760 2701 ζάλην,
2787 2629 2885 2701 τὴν
2909 2627 3155 2692 ἀταξίαν,
3192 2629 3223 2680 6
3246 2626 3449 2698 Κύριος
3480 2623 3567 2677 τοῦ
3592 2639 3705 2676 πανο

2158 2725 2271 2790 τὸς,
2299 2724 2388 2779 διὰ
2436 2725 2531 2777 τοῦ
2576 2721 2911 2791 Εὐαγγελίου
2952 2721 3053 2792 βοᾷ
3100 2720 3281 2785 λέγων
3303 2736 3317 2750 ⁸
3352 2718 3601 2773 Βλέπετε
3632 2713 3701 2783 μὴ

2160 2815 2536 2885 πλανηθῆτε·
2580 2815 2795 2869 πολλοὶ
2827 2815 2937 2884 γὰρ
2970 2813 3336 2871 ἐλεύσονται
3358 2811 3456 2864 ἐπὶ
3482 2809 3558 2875 τῷ
3594 2810 3700 2864 ὀνό-

496 2911 666 2957 ccntes
689 2917 708 2955 :
735 2900 873 2967 Quia
900 2917 993 2969 ego
1016 2917 1152 2967 sum,
1181 2910 1230 2955 et
1259 2910 1456 2971 tempus
1489 2903 1944 2971 appropinquavit.
1976 2901 2056 2955 Ne

2160 2908 2296 2980 ματί
2332 2924 2450 2978 μου
2486 2907 2767 2978 λέγοντες
2803 2907 2905 2973 ὅτι,
2950 2903 3097 2976 Ἐγώ
3121 2905 3266 2971 ειμι,
3314 2901 3412 2956 καὶ
3454 2904 3486 2955 ό
3529 2898 3702 2966 καιρὸς

495 2992 820 3046 seducamini
867 2992 1031 3061 igitur
1073 3002 1191 3062 post
1231 3009 1338 3046 eos.
1385 2992 1516 3047 Cum
1561 3003 1736 3045 autent
1781 2993 2059 3046 audieritis

495 3084 633 3138 bella
675 3096 724 3137 et
765 3085 1149 3151 dissensiones,
1195 3084 1356 3138 nolite
1407 3084 1607 3138 terreri.
1658 3084 1873 3153 Oportet
1918 3084 2056 3137 enim

490 3176 718 3254 primum
743 3180 851 3229 Iure
881 3175 996 3243 ﬁeri
1029 3190 1045 3226 :
1074 3175 1164 3229 sed
1186 3190 1286 3227 non
1312 3177 1490 3227 statim
1512 3174 1633 3243 ﬁnis
1671 3177 1737 3226 δ’.
1766 3171 2057 3228 Videamus

489 3270 658 3325 verba
700 3254 1006 3323 'Salvattiris
1032 3308 1047 3335 ,
1086 3268 1543 3339 quemadmodum
1584 3267 1650 3321 ad
1699 3282 1800 3322 nos
1844 3281 2055 3335 semper

491 3359 895 3416 conﬁrmandos
939 3359 1253 3430 praeceperit
1305 3376 1319 3413 :
1357 3357 1557 3423 Videte,
1600 3374 1662 3412 ne
1707 3357 2049 3412 seducamini.

489 3447 652 3504 Ιιιιίιὶ
670 3452 807 3504 enim
831 3450 1030 3505 venient
1054 3451 1107 3503 in
1136 3451 1341 3503 nomine
1368 3465 1478 3502 meo
1501 3449 1748 3516 dicentes,
1771 3447 1883 3519 Ego
1909 3465 2047 3502 sunt.

557 3723 648 3779 IX.
676 3723 809 3778 Nam
851 3733 1204 3795 posteaquam
1237 3723 1351 3793 ipse
1374 3730 1687 3792 assumptus
1732 3730 1815 3777 est
1848 3722 1914 3776 ad
1942 3718 2046 3777 Pa-

489 3829 647 3883 trem,
683 3824 1036 3872 surrexerunt
1064 3815 1281 3884 quidam
1308 3814 1583 3869 dicentes:
1610 3811 1725 3883 Ego
1747 3828 1868 3868 sum
1888 3812 2018 3867 Chri

487 3920 623 3976 stus,
655 3920 714 3964 nt
741 3907 926 3963 Simon
954 3906 1170 3976 Magus,
1207 3916 1258 3961 et
1294 3904 1522 3973 reliqui,
1558 3919 1792 3975 quorum
1826 3904 2043 3957 nomina

2164 3002 2391 3071 ἧγγικε.
2419 2998 2514 3066 Μὴ
2548 2993 2662 3052 οὖν
2688 2994 3036 3063 πλανηθῆτε
3075 2995 3276 3048 ὀπίσω
3312 2991 3523 3048 αὐτῶν.
3557 2992 3700 3046 'Otar

2151 3094 2220 3149 δὲ
2265 3093 2564 3157 ἀκούσητε
2610 3087 2911 3155 πολέμους
2966 3086 3065 3139 καὶ
3124 3085 3593 3149 ἀκαταστασίας,
3630 3080 3697 3151 μὴ

2152 3180 2449 3251 πτοηθῆτε
2497 3180 2628 3251 (84).
2675 3178 2768 3231 Δεῖ
2798 3177 2909 3247 γὰρ
2949 3177 3136 3231 ταῦτα
3173 3176 3455 3246 γενέσθαι
3482 3174 3701 3242 πρῶτον,

2150 3277 2287 3331 ἀλλ’
2328 3275 2438 3328 οὐκ
2467 3272 2647 3336 εὐθὺς
2682 3269 2792 3340 (85)
2833 3268 2900 3321 τὸ
2935 3268 3131 3334 τέλος.
3162 3268 3454 3338 Μὰθωμεν
3501 3265 3584 3319 τοῦ
3610 3264 3702 3316 Σω-

2149 3366 2314 3435 τῆρος
2354 3362 2444 3415 τὸν
2487 3361 2665 3428 λόγον,
2696 3358 2813 3421 πῶς
2855 3356 2943 3410 διὰ
2988 3356 3189 3420 παντὸς
3245 3356 3546 3426 άσφαλίζων
3583 3354 3701 3424 ἡμᾶς

2160 3450 2658 3528 παρήγγειλε’(86).
2693 3449 2957 3504 Βλέπετε
2978 3448 3063 3518 μὴ
3105 3448 3484 3518 πλανηθῆτε.
3512 3443 3700 3502 Πολλεὶ

2154 3546 2264 3616 γὰρ
2283 3546 2634 3599 ἐλεύσονται
2657 3542 2754 3595 ἐπὶ
2784 3540 2866 3606 τῷ
2888 3540 3132 3610 ὀνόματί
3151 3557 3284 3609 μου
3308 3541 3597 3611 λέγοντες,
3616 3537 3700 3597 ὅτι,

2159 3634 2306 3706 Ἐγώ
2330 3636 2467 3704 εἰμι.

2223 3728 2319 3783 IX.
2353 3728 2462 3781 Καὶ
2491 3726 2600 3798 γὰρ
2627 3723 2764 3797 μετά
2793 3722 2855 3776 τὸ
2881 3719 3263 3791 ἀναληφθῆναι
3286 3718 3447 3774 αὐτὸν
3480 3716 3602 3788 πρὸς
3622 3714 3695 3767 τὸν

2153 3801 2395 3891 Πατέρα,
2432 3817 2733 3887 ἀνέστησάν
2763 3830 2908 3877 τινες
2948 3812 3222 3880 λέγοντες,
3262 3813 3385 3864 Ὅτι
3409 3807 3515 3878 ἐγώ
3539 3804 3697 3891 εἰμιᾲὸ

2152 3889 2421 3986 Χριστὸς,
2454 3909 2635 3973 καθὼς
2670 3908 2852 3978 Σίμων
2879 3908 2909 3959 6
2948 3904 3171 3971 Μάγος,
3207 3904 3313 3957 καὶ
3342 3904 3390 3956 οἱ
3433 3900 3614 3963 λοιποὶ,
3634 3889 3697 3949 ὦν

484 4003 689 4059 referre
734 4017 840 4058 non
897 4010 980 4057 est
1025 3999 1193 4069 hujus
1246 3998 1526 4068 temporis.
1572 3995 1754 4063 Quare
1801 4006 2045 4050 extremo

2160 3985 2251 4056 οὐκ
2285 4001 2398 4053 ἔστι
2434 3999 2623 4070 καιρὸς
2658 3996 2782 4068 ἄρτι
2815 3994 2886 4048 τὰ
2918 3993 3158 4064 ὀνόματα
3203 3991 3594 4064 μνημονεῦσαι.
3621 3985 3694 4041 Διὸ

485 4094 649 4148 ctiam
674 4093 761 4148 die
789 4087 1279 4148 consummationis
1322 4103 1614 4159 exsurgere
1646 4087 1827 4142 denuo
1855 4087 2050 4140 debent

485 4183 883 4253 pseudochristi
913 4183 1124 4255 viriqui
1157 4183 1373 4237 dicant:
1402 4179 1514 4250 Ego
1536 4194 1657 4233 sum
1682 4176 1966 4251 Gliristus;
1997 4187 2050 4232 et

485 4277 741 4332 scducent
760 4258 1084 4349 complures.
1099 4272 1349 4343 Plerique
1366 4272 1612 4328 homines
1627 4270 1969 4326 cursitabunt
1982 4268 2050 4324 ab

484 4369 693 4424 oriente
708 4368 775 4423 ad
795 4365 1131 4423 occidentem
1155 4380 1345 4435 usque,
1364 4364 1500 4419 etab
1520 4363 1775 4432 aquilone
1793 4377 1965 4432 usque
1982 4361 2051 4416 ad

482 4475 652 4526 mare,
668 4460 943 4515 dicentes:
974 4457 1075 4514 Ubi
1098 4459 1185 4514 hic
1202 4457 1485 4513 Christus?
1514 4454 1613 4511 Ubi
1639 4455 1746 4510 illic
1761 4454 2045 4509 Christus?

485 4550 590 4605 Sed
614 4549 708 4620 qui
730 4565 868 4603 vana
895 4549 1157 4619 sapientia
1181 4547 1414 4619 praediti,
1438 4561 1537 4601 nec
1557 4545 1842 4616 diligenter
1868 4545 2044 4616 legant

483 4644 815 4712 Scripturas,
860 4657 960 4697 nec
1014 4651 1162 4697 recta
1216 4641 1492 4705 sentiant,
1547 4655 1743 4694 nomen
1800 4648 2044 4709 qua:rent

481 4736 626 4807 quod
658 4734 902 4790 invenire
937 4748 1045 4788 non
1073 4742 1344 4805 poterunt.
1379 4731 1602 4802 Oportet
1630 4731 1775 4787 enim
1804 4732 2040 4800 primum

552 4855 596 4887 ⁸⁸
622 4853 1104 4917 Malth.-xx1v,12.
1185 4852 1229 4885 "
1264 4851 1396 4907 Luc.
1426 4868 1542 4917 xxi,
1574 4850 1628 4916 8,
1662 4852 1716 4907 9.
1750 4916 1770 4937 ο

557 4979 666 5051 (78)
698 4976 873 5051 Verba
906 4974 1163 5051 ἀλλήλους
1198 4972 1499 5051 μισοῦντες,
1528 4983 1585 5051 ει
1613 4990 1759 5039 mox,
1791 4975 1842 5028 οι
1874 4976 2038 5045 ἱερεῖς

483 5051 543 5104 τὸ
563 5044 754 5113 ψεῦδος
782 5044 1136 5110 ἀσπάσονται,
1165 5046 1407 5113 supptevi
1436 5044 1586 5113 esAB.

554 5111 664 5192 ('79)
696 5119 819 5173 Haec
849 5120 916 5173 de
941 5111 1357 5171 monachis’zevo
1388 5112 1445 5167 S.
1477 5111 1745 5184 Hippolyti
1771 5128 1876 5166 non
1903 5128 2036 5167 con-

478 5201 770 5332 νθῗὲιθῗιίια
809 5268 954 5332 recte
983 5259 1044 5311 B.
1071 5270 1184 5332 pro
1211 5254 1318 5332 ἀπὸ
1344 5252 1677 5332 ἀνθρώπων.
1698 5250 1910 5332 ibidem
1944 5267 2027 5306 se-

477 5323 663 5399 quitur
693 5351 706 5386 :
740 5332 832 5384 καὶ
862 5329 930 5384 τὰ
955 5323 1190 5397 στοιχεῖα
1208 5325 1314 5399 τὴνΔ
1343 5323 1475 5399 ἰδίαν
1499 5324 1651 5399 τάξιν
1687 5323 2033 5399 ἁρνῄσονται.

482 5393 652 5457 Verba
687 5403 812 5456 inde
838 5400 979 5454 κατὰ
1022 5393 1200 5452 πᾶσαν
1233 5393 1387 5449 πόλιν
1414 5394 1591 5464 λοιμοὶ
1633 5408 1755 5464 quae
1795 5393 1851 5447 in
1876 5394 2036 5448 editis

479 5474 722 5534 aberant,
751 5488 816 5526 ex
841 5473 1029 5526 eodem
1056 5470 1177 5524 cod.
1215 5466 1474 5536 supplevi.

550 5541 661 5614 (81)
695 5542 770 5614 Ita
809 5552 953 5595 recte
984 5541 1043 5595 Β.
1074 5554 1171 5609 pro
1214 5533 1403 5614 ἀνεμοι
1431 5534 1575 5614 quod
1609 5543 1747 5614 erat.
1768 5535 1824 5587 in
1851 5533 2033 5589 editis.

476 5604 601 5666 Mn'x
627 5604 768 5664 enim
797 5604 1098 5680 sequuntur
1126 5610 1287 5663 verha
1313 5604 1624 5680 καταιγίδες
1656 5604 1892 5680 ἀνέμων,
1914 5618 2035 5676 qua:

477 5684 532 5737 in
567 5682 657 5735 illo
679 5681 861 5734 codice
874 5674 1102 5735 'cxstant
1128 5681 1311 5733 statim
1340 5685 1461 5747 post
1485 5674 1781 5748 ἀστραπαί.

549 5752 660 5825 (82)
693 5749 751 5805 lu
782 5750 842 5804 B.
878 5760 961 5806 est
994 5746 1454 5821 d6tacpopm,quod
1496 5746 1667 5818 magis
1708 5746 1901 5819 placet,
1931 5758 2031 5802 no-

2146 4095 2239 4149 καὶ
2271 4097 2328 4146 ὲν
2360 4095 2423 4163 τῇ
2469 4090 2672 4162 ἐσχάτῃ
2703 4087 2887 4160 ἡμέρᾳ
2920 4088 3019 4157 τῆς
3066 4085 3414 4150 συντελείας,
3448 4084 3527 4137 δεῖ
3556 4080 3692 4135 πάλιν

2146 4185 2439 4255 ἀναστῆναι
2472 4182 2583 4251 (87)
2606 4178 3021 4249 ψευδοχρίστους
3050 4176 3257 4248 ἄνδρας
3299 4176 3567 4244 λέγοντας,
3593 4171 3691 4224 Ὀτι

2146 4276 2256 4347 ἐγώ
2288 4277 2403 4345 εἰμι
2434 4276 2462 4327 6
2508 4270 2771 4344 Χριστός*
2817 4270 2911 4322 καὶ
2952 4268 3180 4332 πολλοὺς
3213 4268 3564 4339 πλανήσουσι.
3600 4262 3693 4316 Καὶ

2146 4366 2330 4421 πολλοὶ
2360 4364 2470 4417 τῶν
2498 4360 2798 4433 ἀνθρώπων
2829 4359 3130 4432 δραμοῦσιν
3174 4358 3285 4412 ἀπὸ
3318 4355 3582 4412 ἀνατολῶν
3605 4352 3691 4415 ἕως

2146 4457 2397 4528 δυσμῶν,
2447 4458 2540 4509 καὶ
2576 4455 2685 4507 ἀπὸ
2731 4453 2906 4525 βορρᾶ
2944 4452 3047 4516 ἓως
3096 4450 3409 4523 θαλάσσης,
3437 4449 3687 4518 λέγοντες⁶

2148 4549 2257 4603 Ποῦ
2297 4543 2398 4603 ὧδε
2444 4550 2472 4600 6
2522 4546 2789 4619 Χριστός;
2846 4545 2956 4599 Ποῦ
3007 4546 3122 4599 ἐκεῖ
3167 4545 3196 4597 6
3247 4544 3514 4618 Χριστός;
3553 4533 3690 4592 Ἀλλᾶ

2152 4642 2376 4713 μάταιον
2428 4643 2681 4715 φρόνημα
2725 4639 3072 4710 κεκτημένοι,
3108 4639 3326 4702 καὶτὰς
3361 4633 3574 4709 Γραφὰς
3602 4634 3688 4700 ep-

2153 4734 2327 4805 μελῶς
2346 4735 2446 4788 οὐκ
2468 4733 2949 4804 ἀναγινώσκοντες,
2969 4734 3071 4786 οὐκ
3086 4729 3222 4802 ὀρθά
3241 4729 3556 4802 φρονοῦντες
3571 4718 3686 4792 (38)!

2141 4982 2326 5042 tatque
2351 4973 2549 5042 glacies
2580 4980 2785 5042 aeterno
2815 4968 3017 5041 frigore
3062 4975 3401 5037 compactas,
3443 4977 3559 5034 qua:
3589 4971 3683 5012 non

2142 5040 2336 5098 iterum
2358 5040 2529 5096 facile
2560 5040 2868 5097 solvuntur.

2212 5112 2324 5183 (85)
2370 5112 2511 5166 Idem
2559 5126 2688 5175 ms.,
2719 5110 2877 5181 ἔχων.
2935 5109 3021 5163 Ἐν
3061 5106 3171 5179 γὰρ
3216 5106 3295 5177 τῷ
3337 5097 3681 5174 πληθυνθῆναι

2141 5183 2533 5322 ἀνῖξιὶῗνίῖεὼε
2566 5251 2692 5304 ὅταν
2718 5249 2776 5302 δὲ
2805 5263 2979 5319 usque
3013 5247 3077 5302 ad
3108 5242 3378 5317 πτοηθῆτε
3428 5242 3481 5294 in
3507 5239 3565 5291 B.
3595 5235 3679 5288 de-

2142 5325 2471 5380 siderantur.

2214 5393 2326 5464 (85)
2351 5392 2454 5459 Id.,
2485 5390 2796 5464 aeeéw;,__et
2823 5404 2948 5464 mni:
2984 5388 3118 5464 μάθε
3148 5402 3246 5464 pro
3280 5382 3549 5464 μάθωμεν.

2217 5394 2305 5464 (85
2351 5394 2454 5459 Id.,
2485 5394 2706 5456 εὐθέως,
2742 5399 2796 5445 et
2823 5404 2948 5442 mox
2984 5394 3118 5458 μάθε
3148 5402 3246 5456 pro
3280 5394 3549 5455 μάθωμεν.

2217 5394 2326 5534 (86)
2373 5463 2473 5527 ld.,
2515 5459 2868 5531 ἀσφαλίζεται
2906 5458 3051 5530 ἡμᾶς
3085 5459 3177 5511 καὶ
3210 5448 3563 5528 παραγγέλλει
3598 5440 3678 5496 λέ-

2146 5552 2323 5671 γυξῖξἹ)
2364 5606 2455 5657 Δεῖ
2477 5598 2567 5657 οὖν
2601 5604 2658 5656 ὲν
2679 5618 2730 5655 τ.
2747 5617 2793 5653 ε.
2819 5616 2876 5669 η.
2901 5616 2954 5671 τ.
2981 5615 3030 5652 σ.
3070 5597 3228 5652 πάλιν
3255 5591 3560 5663 ἀναστῆναι,
3581 5583 3634 5642 Β.

2213 5668 2326 5749 (88)
2373 5668 2872 5749 ὐρθοφρονοῦντες,
2900 5668 2959 5725 Β.
