4028 6214
289 277 398 342 913

1219 278 1494 336 SPURIA.
1536 310 1605 320 —
1640 281 1727 336 DE
1765 279 2353 338 CONSUMMATIONE
2388 274 2621 335 MUNDI.

3426 275 3529 331 9M

287 393 618 468 ζητήσουσιν
661 395 864 468 ὄνομα,
898 397 1035 469 ὅπερ
1079 399 1260 470 εὑρεῖν
1305 400 1366 452 οὐ
1399 390 1737 473 δυνήσονται.
1785 403 1877 454 Δεῖ

1980 402 2092 457 lucc
2139 402 2276 467 ﬁeri,
2321 400 2506 470 itaque
2552 397 2797 468 conspici
2830 397 2998 452 lilium
3037 395 3388 468 perditionis,
3428 406 3558 452 noc-

288 486 401 557 γὰρ
432 486 649 559 πρῶτον
686 488 859 541 ταῦτα
885 488 1160 557 γενέσθαι,
1193 490 1290 543 καὶ
1312 491 1484 557 οὕτως
1519 493 1749 565 όφθῆναι
1778 494 1868 546 τὸν

289 578 408 632 υἱὸν
431 579 532 648 τῆς
565 578 862 643 ἀπωλείας,
898 581 1066 650 ἤγουν
1094 581 1186 634 τὸν
1219 582 1480 637 διάϐολον.

363 669 429 724 X.
481 671 592 724 Καὶ
636 673 685 724 οἱ
738 671 993 744 θεηγόροι
1037 674 1147 745 (89)
1199 673 1483 728 ἀπόστολοι
1532 675 1868 746 βεϐαιοῦντες

286 762 388 834 τὴν
413 762 508 816 τοῦ
535 763 739 834 Κυρίου
776 763 952 833 Ἰησοῦ
982 765 1220 836 Χριστοῦ
1249 766 1552 839 παρουσίαν
1579 766 1712 838 (90),
1738 767 1869 822 ἕκα-

291 871 417 918 στος
465 853 646 907 αὐτῶν
680 854 926 922 ὑπέδειξε
961 856 1069 909 τῶν
1115 858 1327 927 ἐναγῶν
1373 858 1466 912 καὶ¹
1526 858 1867 930 φθοροποιῶν

287 942 597 1015 ἀνθρώπων
627 945 728 1016 τὴν
757 945 1026 1012 ἀνάδειξιν
1070 947 1276 1000 τούτων
1312 947 1446 1019 (91),
1477 948 1571 1000 καὶ
1600 948 1870 1018 ἐκήρυξαν

289 1033 602 1103 ἀναφανδὸν
639 1033 740 1098 τάς
761 1033 965 1088 τούτων
987 1035 1096 1107 (92)
1121 1036 1412 1107 ἀθεμίτους
1441 1037 1687 1110 πράξεις.
1711 1037 1870 1109 Πρῶ-

287 1143 386 1190 τος
426 1127 455 1179 6
485 1127 694 1198 Πέτρος
731 1129 764 1198 ἡ
811 1128 988 1200 πέτρα
1024 1129 1123 1199 τῆς
1166 1129 1434 1194 πίστεως,
1475 1129 1534 1182 ὃν
1571 1130 1872 1200 ἐμακάρισε

289 1217 531 1288 Χριστὸς
555 1221 584 1272 ὁ
609 1219 740 1282 Θεὸς
769 1217 949 1288 ἡμῶν,
983 1220 1012 1270 6
1043 1218 1359 1282 διδάσκαλος
1395 1219 1495 1289 τῆς
1528 1219 1870 1290 Ἐκκλησίας,

289 1311 322 1363 ὁ
358 1309 575 1380 πρῶτος
606 1309 872 1381 μαθητὴς,
907 1311 936 1362 6
965 1310 1066 1374 τὰς
1098 1310 1246 1374 κλεῖς
1278 1311 1378 1381 τῆς
1415 1311 1688 1380 βασιλείας
1713 1310 1869 1380 ἔχων,

291 1401 536 1466 ἐδίδαξεν
559 1404 592 1473 ἡ
601 1404 706 1473 μᾶς
720 1401 910 1470 λέγων·
940 1403 1117 1456 Τοῦτο
1142 1402 1374 1470 πρῶτον
1399 1400 1735 1472 γινώσκετε,
1778 1401 1873 1455 τέ-

292 1511 416 1547 atra
438 1494 570 1564 (95),
601 1493 690 1546 ὅτι
705 1494 1056 1548 ἐλεύσονται
1086 1495 1178 1548 ἐπ’
1206 1494 1478 1562 ἐσχάτων
1506 1493 1624 1548 τῶν
1647 1493 1876 1562 ἡμερῶν

292 1587 616 1656 ἐμπαῖκται
645 1586 794 1640 κατὰ
841 1585 950 1651 τὰς
982 1585 1140 1651 ιδίας
1187 1586 1503 1656 ἐπιθυμίας
1544 1586 1744 1640 αὐτῶν
1768 1586 1875 1655 (91)

294 1682 708 1751 πορευόμενοι.
769 1681 881 1734 Καὶ
938 1681 1017 1734 ἐν
1079 1681 1221 1750 ὑμῖν
1289 1680 1534 1733 ἔσονται
1603 1678 1877 1748 ψευδοδι-

1970 501 2050 547 est
2075 493 2371 547 diabolum.

2046 670 2113 725 Χ.
2148 669 2289 737 Quin
2315 678 2370 725 et
2417 667 2736 737 diviniloqui
2769 665 3037 736 apostoli,
3087 664 3178 734 qui
3214 664 3538 720 conﬁrmant

1973 765 2265 820 adventum
2315 763 2533 818 Domini
2587 763 2757 817 nostri
2811 759 2942 816 Jcsu
2975 758 3216 822 Christi,
3259 757 3535 828 sigillatim

1973 859 2275 914 innuerunt
2321 857 2550 912 istorum
2613 855 3056 911 detestandorum
3119 865 3184 905 ac
3237 851 3534 904 exitialium

1972 952 2252 1005 hominum
2290 948 2830 1013 demonstrationem,
2856 962 2919 1000 ac
2957 945 3133 1014 palam
3179 943 3540 1013 praedicarunt

1949 1041 2209 1099 nefarias
2257 1042 2472 1096 illorum
2527 1041 2787 1095 actiones.
2843 1036 3099 1105 Princeps
3137 1035 3364 1098 Petrus,
3413 1034 3539 1088 ﬁdei

1972 1143 2145 1204 petra,
2171 1149 2332 1204 quem
2360 1134 2576 1187 beatum
2601 1131 2866 1200 judicavit
2892 1129 3142 1184 Christus
3167 1127 3308 1182 Deus
3333 1137 3539 1193 noster,

1974 1227 2064 1281 ille
2093 1227 2286 1282 doctor
2319 1224 2595 1286 Ecclesiae,
2638 1224 2726 1279 ille
2757 1229 2965 1294 primus
3001 1221 3414 1290 discipulorum,
3449 1219 3540 1274 ille
3590 1263 3604 1282 ,

1973 1322 2067 1392 qui
2119 1323 2269 1392 regni
2315 1322 2492 1377 claves
2540 1320 2720 1384 habet,
2763 1319 2948 1373 docuit
2983 1332 3079 1372 nos
3131 1317 3315 1370 dicens
3356 1333 3372 1369 :
3427 1314 3540 1368 Hoc

1973 1411 2202 1482 primum
2239 1412 2443 1471 scitote,
2469 1409 2593 1476 ﬁlii,
2624 1408 2761 1478 quod
2782 1410 2982 1460 venient
3008 1408 3063 1458 in
3088 1405 3335 1458 extremis
3360 1402 3540 1457 diebus

1975 1503 2257 1564 illusores',
2310 1499 2590 1552 secundant
2638 1513 2762 1550 suas
2810 1498 3044 1564 ipsorum
3092 1497 3540 1557 concupiscentias

1976 1591 2326 1645 ambulantes.
2375 1590 2439 1641 Et
2473 1597 2626 1640 erunt
2673 1588 2729 1640 in
2775 1588 2914 1641 robis
2957 1587 3082 1656 falsi
3123 1587 3399 1649 doctores,
3451 1587 3541 1654 qui

1977 1683 2312 1736 introducent
2361 1690 2530 1734 sectas
2575 1680 2882 1748 perditionis
2906 1679 2973 1736 "’.
3024 1677 3336 1734 Secundum
3397 1679 3540 1732 hunc

294 1771 626 1837 δάσκαλοι,
671 1774 888 1839 οἵτινες
920 1771 1395 1840 παρεισάξουσιν
1423 1770 1683 1839 αἱρέσεις
1718 1772 1875 1825 ἀπω-

1980 1785 2242 1831 consonat
2281 1773 2520 1830 Joannes
2564 1773 2848 1841 theologus
2880 1772 3109 1826 dilectus
3146 1771 3379 1836 Christi,
3431 1771 3543 1827 cla-

293 1860 492 1926 λείας.
525 1859 683 1914 Μετά
713 1859 904 1915 τοῦτον
933 1860 1144 1931 συνῳδὰ
1176 1860 1428 1931 Ἰωάννης
1452 1863 1480 1914 ό
1514 1860 1762 1930 θεολόγος
1787 1861 1878 1914 καὶ

295 1951 660 2022 ἠγαπημένος
711 1951 805 2008 τοῦ
855 1951 1095 2024 Χριστοῦ
1145 1953 1270 2023 βοᾷ·
1320 1952 1556 2022 Φανερά
1613 1955 1743 2007 ἐστι
1810 1953 1881 2006 τὰ

297 2043 485 2097 τέκνα
514 2044 624 2098 τοῦ
653 2043 955 2108 διαϐόλου,
983 2045 1082 2097 καὶ
1114 2045 1233 2098 νῦν
1259 2045 1627 2114 ἀντίχριστοι
1663 2045 1882 2099 πολλοὶ

294 2135 624 2201 γεγόνασιν
642 2149 656 2164 ⁸
684 2133 819 2186 ἀλλά
847 2132 932 2203 μὴ
957 2131 1302 2200 πλανηθῆτε
1327 2135 1519 2188 ὀπίσω
1539 2133 1759 2188 αὐτῶν.
1783 2133 1879 2202 Μὴ

297 2225 483 2279 παντί
537 2226 826 2294 πνεύματι
870 2226 1181 2282 πιστεύετε
1204 2266 1219 2287 ,
1267 2227 1357 2280 ὅτι
1403 2225 1621 2280 πολλοὶ
1661 2225 1880 2294 ψευδο-

298 2315 598 2385 προφῆται
639 2317 1012 2384 ἐληλύθασιν
1050 2317 1160 2387 (95)
1191 2320 1279 2382 είς
1304 2315 1411 2370 τὸν
1451 2319 1701 2385 κόσμον.
1747 2312 1881 2370 Εἶτα

299 2412 334 2463 ὁ
377 2408 577 2472 Ἰούδας
629 2407 882 2462 Ἰακώϐου
941 2408 1011 2461 τὰ
1057 2410 1217 2479 ὅμοια
1264 2409 1470 2463 τούτων
1522 2409 1698 2478 λέγει·
1762 2411 1880 2463 Ἐπ’

298 2499 580 2569 ἐσχάτων
601 2499 720 2552 τῶν
745 2500 978 2568 χρόνων
996 2501 1239 2554 ἔσονται
1261 2501 1574 2570 ἐμπαῖκται
1604 2501 1753 2554 κατὰ
1778 2501 1883 2569 τὰς

304 2588 465 2655 ιδίας
492 2589 805 2658 ἐπιθυμίας
828 2591 1213 2657 πορευόμενοι
1237 2589 1354 2642 τῶν
1376 2589 1683 2644 ἀσεϐειῶν.
1706 2588 1883 2647 Οὗτοί

301 2683 463 2734 εἰσιν
483 2683 537 2735 οί
557 2683 792 2750 ἀφόϐως
813 2683 1182 2755 ἑαυτοὺς(96)
1217 2686 1650 2753 ποιμαίνοντες.
1674 2688 1882 2755 Ἔγνως

302 2771 416 2825 τῶν
441 2771 706 2840 θεολόγων
728 2773 837 2844 (97)
865 2776 957 2827 καὶ
989 2774 1300 2828 ἀποστόλων
1321 2776 1420 2847 τὴν
1446 2779 1761 2848 συμφωνίαν
1790 2780 1884 2832 καὶ

306 2864 564 2935 ὁμόνοιαν
596 2865 697 2935 τῆς
729 2865 948 2936 διδαχῆς
977 2867 1176 2921 αὐτῶν.

383 2955 473 3008 XI.
524 2959 722 3011 ’Λκουε
765 2958 948 3014 λοιπὸν
986 2960 1080 3014 καὶ
1123 2960 1333 3014 Παύλου
1377 2961 1625 3030 λέγοντος
1668 2963 1883 3033 παρρη-

311 3046 405 3118 σίᾳ.
436 3045 568 3117 (98),
604 3048 720 3112 πῶς
752 3049 973 3113 τούτους
1009 3051 1254 3120 φανερῶς
1299 3052 1704 3106 ἀποκαλύπτει·
1736 3054 1885 3108 Βλέ-

1981 1877 2240 1937 matque:
2301 1866 2579 1936 Manifesti
2628 1878 2748 1919 sunt
2796 1865 2897 1934 ﬁlii
2945 1865 3144 1917 diaboli
3179 1864 3252 1926 ⁸⁸,
3308 1875 3357 1918 et
3409 1879 3542 1916 nunc

1981 1959 2293 2013 Antichristi
2331 1958 2485 2010 multi
2527 1957 2657 2025 facti
2700 1957 2922 2019 sunt";
2979 1971 3165 2008 verum
3216 1971 3277 2007 ne
3322 1954 3544 2007 seducu-

1981 2053 2110 2106 mini
2137 2058 2254 2120 post
2276 2067 2360 2104 eos
2395 2050 2481 2103 η’.
2513 2047 2692 2102 Nolite
2717 2050 2857 2101 omni
2883 2049 3098 2116 spiritui
3139 2049 3382 2102 credere:
3420 2047 3545 2116 quia

1981 2144 2136 2198 multi
2161 2143 2624 2213 pseudopropheta:
2647 2141 2885 2194 exierunt
2909 2143 2959 2194 in
2983 2141 3234 2193 mundum
3249 2140 3312 2188 ⁵³.
3344 2137 3547 2193 Deinde

1981 2237 2145 2291 etiam
2172 2233 2342 2289 Judas
2365 2233 2553 2290 Jacobi
2587 2232 2756 2287 frater
2789 2233 2874 2286 his
2912 2232 3112 2286 similia
3157 2232 3320 2286 dicit:
3359 2229 3424 2284 In
3453 2247 3546 2282 no-

1981 2329 2210 2383 vissimis
2258 2326 2590 2397 temporibus
2626 2336 2778 2378 erunt
2821 2326 3061 2378 illusores
3083 2365 3099 2390 ,
3127 2322 3410 2378 secundum
3449 2339 3546 2374 sua

1983 2420 2246 2476 desideria
2276 2416 2603 2471 ambulantes
2649 2415 2704 2468 in
2758 2415 3132 2483 impietatibus.
3184 2412 3255 2466 Hi
3296 2423 3416 2466 sunt
3455 2413 3546 2480 qui

1982 2518 2094 2572 sine
2115 2528 2253 2569 metu
2278 2514 2473 2581 seipsos
2497 2518 2718 2580 pascunt
2735 2508 2798 2562 ⁸⁵.
2820 2508 3147 2578 Perspexisti
3172 2506 3543 2574 theologorum

1982 2621 2037 2665 et
2083 2607 2455 2678 apostolorum
2495 2618 2822 2660 consensum
2911 2617 2976 2656 ac
3025 2600 3284 2656 doctrinae
3328 2599 3543 2652 illorum

1984 2700 2353 2756 concordiam.

2059 2951 2148 3007 XI.
2199 2950 2466 3018 Deinceps
2511 2947 2740 3001 Paulum
2787 2945 2948 2999 etiam
2993 2942 3220 3005 audias,
3265 2941 3430 2996 libere
3465 2943 3545 2996 lo-

1986 3049 2266 3111 quentem,
2291 3055 2454 3109 quam
2489 3046 2672 3108 aperte
2704 3037 2868 3090 hosce
2890 3034 3128 3089 revelet:
3176 3031 3350 3087 Videte
3381 3032 3546 3086 malos

308 3153 453 3192 πετε
480 3139 626 3206 τοὺς
668 3141 892 3208 κακοὺς
931 3143 1202 3211 ἐργάτας,
1235 3144 1498 3208 ,ϐλέπετε
1535 3146 1650 3215 τὴν
1703 3163 1879 3201 κατα-

1985 3135 2274 3204 operarios,
2327 3133 2495 3187 videte
2543 3131 2912 3185 concisionem.
2961 3128 3160 3194 Videte,
3191 3144 3252 3182 ne
3303 3129 3419 3197 quis
3457 3145 3548 3182 οοε

307 3229 521 3298 τομήν.
552 3233 813 3284 Βλέπετε
846 3230 932 3300 μή
967 3249 1057 3297 τις
1083 3231 1236 3301 ὑμᾶς
1259 3232 1427 3286 ἔσται
1453 3235 1487 3288 ό
1521 3233 1886 3305 συλαγωγῶν

308 3318 409 3373 διὰ
441 3319 552 3388 τῆς
593 3323 955 3390 φιλοσοφίας
982 3323 1082 3375 καὶ
1120 3323 1302 3391 κενῆς
1329 3324 1579 3393 ἀπάτης.
1626 3325 1888 3380 Βλέπετε

310 3409 438 3476 πῶς
471 3410 727 3479 ἀκριϐῶς
764 3412 1173 3481 περιπατεῖτε,
1215 3413 1305 3467 ὅτι
1348 3418 1404 3468 αὶ
1448 3413 1657 3484 ἡμέραι
1701 3429 1886 3483 πονη-

301 3503 412 3570 ραί
439 3504 577 3556 εισι.
621 3504 819 3557 Λοιπὸν
852 3505 934 3568 τίς
965 3504 1076 3569 ἕξει
1115 3505 1424 3573 ἀπολογίαν,
1460 3507 1671 3560 ἁκούων
1714 3506 1884 3560 ταῦτα

309 3597 370 3648 ἐν
391 3597 459 3665 τῇ
506 3596 818 3668 Ἐκκλησία,
861 3599 1010 3670 παρά
1051 3615 1110 3651 τε
1143 3597 1250 3651 τῶν
1286 3599 1579 3669 προφητῶν
1619 3600 1712 3651 καὶ
1750 3600 1884 3652 ἀπο-

314 3689 537 3752 στόλων,
561 3691 654 3742 κα).
681 3690 808 3761 παρ’
839 3691 1002 3744 αὑτοῦ
1035 3690 1128 3744 τοῦ
1158 3691 1384 3761 Κυρίου,
1411 3693 1502 3744 καὶ
1527 3692 1588 3744 οὺ
1612 3693 1885 3763 φροντίσει

310 3783 414 3851 τῆς
448 3780 626 3851 ψυχῆς
659 3782 823 3836 αὐτοῦ
850 3782 949 3854 τὴν
979 3780 1318 3852 ἐπιμέλειαν,
1343 3782 1436 3834 καὶ
1459 3783 1548 3834 τὸν
1573 3781 1764 3853 καιρὸν
1787 3783 1887 3853 τῆς

315 3873 662 3937 συντελείας,
697 3875 789 3927 καὶ
818 3872 915 3944 τὴν
959 3872 1107 3945 ὥραν
1146 3873 1358 3944 ἐκείνην
1389 3873 1487 3945 τὴν
1526 3873 1819 3944 μέλλουσαν

318 3967 586 4039 μέλλομεν
643 3968 752 4040 (99)
809 3969 1175 4042 παρίστασθαι
1221 3971 1314 4022 ἐπὶ
1355 3971 1448 4023 τοῦ
1490 3970 1730 4042 βήματος
1791 3973 1887 4026 τοῦ

315 4059 582 4130 Χριστοῦ;

391 4149 505 4204 ΧΠ.
556 4150 716 4204 Ἀλλὰ
755 4152 854 4222 τῆς
893 4152 1202 4216 συντελείας
1243 4152 1336 4207 τοῦ
1367 4153 1525 4222 λόγου
1572 4153 1748 4225 πέρας
1790 4153 1891 4206 δώ-

317 4259 510 4305 σαντες
547 4241 622 4313 (1)
667 4242 933 4313 τρέψομεν
978 4242 1079 4314 τὴν
1126 4243 1376 4315 διήγησιν
1420 4246 1513 4298 ἐπὶ
1554 4243 1624 4298 τὰ
1665 4243 1887 4298 ἀκολού-

1986 3227 2314 3297 deprwdetur
2337 3242 2429 3296 per
2469 3223 2855 3294 philosophiam
2906 3231 2955 3276 et
2991 3222 3198 3274 inanem
3253 3219 3546 3289 fallaciam.

2003 3319 2176 3373 Videte
2207 3317 2467 3388 quomodo
2499 3324 2650 3369 caute
2679 3313 2978 3376 ambuletis,
3000 3312 3253 3383 quoniam
3285 3311 3392 3366 dies
3422 3312 3553 3365 mali

1987 3423 2109 3466 sunt
2134 3411 2201 3465 ⁸⁸.
2234 3408 2435 3478 Ecquis
2484 3407 2650 3478 igitur
2701 3405 2922 3460 habebit
2963 3403 3370 3459 excusationem
3398 3444 3414 3467 ,
3455 3401 3548 3471 qui

1988 3504 2105 3558 haec
2131 3502 2317 3556 audiat
2363 3501 2417 3553 in
2463 3497 2707 3553 Ecclesia
2750 3512 2782 3551 a
2819 3496 3118 3566 prophetis,
3162 3496 3231 3550 ab
3264 3495 3546 3564 apostolis,

1987 3607 2151 3665 atque
2171 3595 2240 3649 ab
2269 3595 2389 3662 ipso
2416 3591 2648 3645 Domino
2671 3607 2686 3644 :
2723 3604 2825 3644 nec
2854 3589 3122 3644 sollicitus
3143 3588 3246 3642 erit
3274 3587 3341 3642 de
3367 3587 3550 3642 anima

1989 3705 2111 3750 sua,
2143 3703 2206 3742 ac
2237 3696 2476 3754 tempore
2519 3682 3012 3738 consummationis
3047 3690 3102 3737 et
3135 3681 3266 3736 hora
3298 3681 3410 3748 illa,
3444 3697 3550 3750 qua

1989 3780 2106 3837 sisti
2135 3780 2395 3834 debemus
2425 3775 2492 3830 ad
2525 3774 2768 3828 tribunal
2794 3773 3037 3828 Christi?

2062 4136 2177 4190 ΧΠ.
2220 4135 2326 4191 Sed
2361 4133 2727 4188 narrationem
2773 4129 2934 4198 hujus
2967 4130 3059 4184 de"
3082 4127 3552 4182 consummatione

1991 4230 2256 4285 orationis
2293 4236 2679 4282 convcrtamus
2711 4223 2776 4278 ad
2805 4239 2868 4277 ca
2901 4236 3024 4291 qua:
3063 4228 3367 4289 sequuntur
3393 4220 3554 4275 nobis

318 4334 426 4398 θως
455 4335 585 4405 ἡμῖν
605 4312 869 4404 μέλλοντα
891 4335 966 4406 (2)
998 4312 1344 4406 ρήθήσεσθαι.
1372 4336 1609 4408 Παράγω
1632 4337 1705 4406 (δ)
1731 4336 1787 4389 δὲ
1812 4337 1879 4398 εἰς

1990 4324 2238 4379 dicenda.
2271 4320 2330 4375 1n
2362 4319 2601 4374 medium
2631 4331 2760 4371 vero
2807 4315 3049 4385 produco
3091 4321 3279 4367 testem
3323 4312 3427 4365 [ide
3472 4312 3555 4366 di-

321 4427 484 4497 μέσον
517 4425 824 4489 ἀξιόπιστον
857 4426 1127 4498 μάρτυρα,
1162 4426 1251 4478 τὸν
1281 4430 1565 4498 προφήτην
1590 4425 1804 4498 Δανιὴλ,
1830 4426 1879 4490 ὃς

1993 4433 2159 4489 gnum
2209 4413 2486 4469 Danielem
2517 4411 2873 4482 prophetam,
2913 4407 3007 4478 qui
3059 4407 3331 4462 somnium
3373 4403 3553 4458 Nabu-

311 4496 378 4570 τὸ
407 4516 653 4570 ἐνύπνιον
683 4516 777 4569 τοῦ
805 4496 1270 4590 Ναϐουχοδονόσορ
1303 4496 1636 4582 διέλυσερια).
1662 4496 1768 4570 ana
1790 4519 1879 4588 τῆς

1993 4509 2341 4565 chodonosor
2389 4502 2674 4567 dissolvit,
2730 4510 2890 4568 atque
2939 4497 3008 4551 ab
3056 4496 3210 4551 initio
3263 4512 3551 4566 regnorum

318 4609 496 4679 ἀρχῆς
545 4607 653 4660 τῶν
701 4605 964 4676 βασιλέων
1004 4606 1108 4670 ἕως
1150 4607 1249 4676 τῆς
1293 4605 1634 4669 συντελείας,
1672 4605 1885 4658 ὑπέδει-

319 4702 411 4770 ξεν
433 4701 509 4773 (4)
535 4701 921 4774 ἀπαράτροπον
957 4700 1072 4752 ὁδὸν
1113 4704 1223 4764 τοῖς
1266 4699 1478 4753 ὁδεῦσαι
1524 4697 1756 4764 θέλουσι,
1791 4701 1886 4770 τῆς

1995 4617 2168 4670 usque
2209 4598 2275 4652 ad
2320 4592 2887 4653 consummationem,
2935 4590 3077 4644 viam
3119 4588 3551 4643 indeclinabilem

1994 4693 2148 4764 sequi
2193 4689 2531 4748 volentibus,
2572 4683 2996 4740 declarationem
3038 4681 3282 4738 veritatis
3329 4683 3555 4737 demon-

389 4819 436 4850 ⁵⁸
465 4818 506 4871 ll
539 4818 654 4873 Pet.
687 4835 767 4880 ιιι,
802 4817 867 4882 5;
904 4833 962 4881 ιι,
991 4817 1039 4868 1.
1117 4819 1160 4850 δι
1192 4816 1208 4868 Ι
1236 4816 1392 4871 Joan.
1419 4832 1500 4879 ιιι,
1528 4815 1610 4870 10.
1688 4819 1733 4849 ⁵³
1760 4817 1777 4870 Ι
1801 4817 1879 4872 Jo:

1997 4832 2055 4877 ιι,
2094 4811 2180 4866 18.
2259 4810 2329 4840 ⁵¹⁶
2372 4806 2502 4860 Luc.
2534 4803 2706 4866 xxt,8.
2792 4803 2838 4834 ⁸³
2870 4800 2889 4854 l
2919 4800 3077 4856 Joan.
3112 4819 3184 4865 tv,
3221 4803 3271 4854 1.
3349 4800 3394 4831 ⁸⁵
3425 4797 3547 4855 Jud.

320 4907 377 4945 ν.
411 4888 497 4955 18,
527 4891 611 4944 19.
645 4921 651 4927 -
689 4890 735 4919 ⁵⁵
762 4887 899 4940 Phil.
928 4903 1007 4951 ιιι,
1035 4887 1100 4954 2;
1132 4887 1342 4942 Coloss.
1372 4903 1431 4949 ιι,
1459 4888 1519 4952 8;
1559 4886 1755 4957 Ephcs.
1780 4904 1833 4955 ν,
1865 4889 1879 4942 1

1980 4886 2062 4938 16.
3293 4891 3297 4894 ’

397 5008 510 5076 (89)
554 5007 712 5060 Ὅθεν
738 5008 832 5060 καὶ
853 5009 900 5060 οἱ
928 5006 1185 5074 θεολόγοι,
1214 5007 1286 5060 id.

395 5079 508 5150 (90)
546 5079 885 5150 Μαρτρρίανν
919 5078 976 5150 Β·

392 5143 508 5217 (91)
547 5143 656 5214 1ἀ.,’
681 5143 772 5218 τὸν
805 5149 971 5218 ἐναγῆ
1005 5147 1101 5200 καὶ
1127 5145 1446 5218 φθοροποιὸν
1478 5143 1740 5199 διάϐολον.

394 5218 508 5288 (92)
547 5217 646 5286 ld.,
679 5217 891 5272 τούτου.

397 5284 509 5359 (95)
549 5291 605 5342 In
634 5284 706 5353 Β,
760 5291 938 5359 verba;
952 5285 1371 5359 τοῦτοπρῶτον
1416 5284 1744 5359 γινώσκετε,
1796 5286 1884 5338 τέ-

322 5356 882 5482 κναηιιεείιέειοιιιιιτ.
922 5356 1045 5412 Mox
1073 5356 1265 5412 ibidem
1310 5360 1536 5431 legitur:
1587 5357 1884 5426 ἐμπαῖκται

322 5447 420 5482 κα.
451 5447 509 5482 εν
534 5448 608 5482 ou.
632 5447 680 5482 ν.

322 5432 420 5485 καὶ
451 5432 509 5483 ἐν
534 5432 680 5485 ὑμῖν.

534 5448 806 5554 ὶ1ξι¹ίωιίῖιειό
832 5497 946 5552 Pici
975 5499 1161 5554 codice
1193 5499 1346 5554 deest
1374 5499 1571 5553 αὐτῶν.

398 5571 510 5641 (95)
547 5569 989 5641 Είσεληλύθ-ασιν,
1024 5570 1086 5626 Β.

397 5638 509 5723 (96)
548 5641 700 5710 Apud
734 5638 792 5694 Β.
827 5638 1020 5694 Judam
1064 5648 1184 5696 est:
1225 5641 1272 5692 οἱ
1300 5638 1726 5709 ἀποδιορίζοντες
1764 5638 1887 5690 ἑαυ-

322 5727 472 5774 τους.

2063 5000 2174 5070 (97)
2217 4997 2520 5058 Ποιοῦντες.
2562 4995 2836 5062 Ἐγνωτε,
2881 4991 3187 5064 ἀγαπητοὶ,
3224 4989 3332 5044 τῶν
3372 4990 3554 5047 θεολό-

2027 5089 2122 5133 ων,
2147 5072 2206 5122 Β.

1991 5089 2122 5141 γων,
2147 5089 2206 5122 n.

2063 5141 2176 5209 (98)
2209 5137 2422 5192 Παύλου
2445 5138 2774 5209 παρρησίαν,
2793 5133 2867 5209 id.

2062 5200 2286 5281 (99)]ιίι
2322 5226 2420 5262 uls.
2455 5200 2822 5281 B.'pro_ibpav
2850 5205 3063 5273 ἐκείνην
3088 5203 3152 5281 ἣν
3183 5200 3464 5281 μέλλομέν.

2063 5271 2352 5349 (η’νωιω
2423 5271 2593 5349 πέρας
2641 5271 2929 5349 δοῦσαντεςΔ
2957 5271 3196 5342 supplevi
3260 5287 3326 5325 ex
3378 5271 3440 5326 Β.
3490 5271 3551 5330 In

1988 5345 2179 5406 eodem
2214 5361 2295 5403 est
2331 5349 2421 5400 τὸν
2450 5345 2605 5415 λόγον
2635 5364 2730 5415 pro
2751 5346 2843 5398 τοῦ
2874 5345 3050 5415 λόγου..
3311 5355 3315 5358 ·

2083 5424 2135 5489 2)
2175 5419 2252 5472 lta
2282 5419 2480 5472 rectius
2508 5412 2565 5471 Β.
2595 5412 2698 5489 pro
2729 5413 2994 5469 ἀκόλουθα
3014 5412 3109 5476 ὡς.

2084 5487 2137 5553 5)
2179 5491 2283 5551 Id.,
2324 5487 2647 5558 παραγαγῶ.

2060 5551 2139 5630 (4)
2183 5551 2568 5630 ’Υποδείξαντα
2597 5558 2729 5611 alter
2766 5553 2876 5609 Pici
2921 5570 3025 5610 ms.
3059 5551 3150 5610 Sic
3176 5552 3315 5610 etB.
3355 5554 3410 5610 in
3441 5569 3552 5624 quo

1990 5628 2150 5689 etiam
2181 5628 2589 5701 ἀπαράτρωτον.
