4028 6214
466 263 575 324 νει,

1245 255 1531 314 APPEND.
1573 255 1982 318 ADPARTEM
2020 258 2065 313 Il
2106 256 2389 314 OPERUM
2425 258 2480 312 S.
2519 259 2899 316 IIIPI’OLY'I‘I.

3604 269 3717 324 916

469 382 680 463 stravit.
713 381 853 449 Quid
894 383 1036 438 enim
1062 383 1370 453 propheta?
1406 383 1549 440 clare
1593 384 1708 455 regi
1747 382 2038 439 Nabucho-

2152 385 2395 457 Ξιληθείας
2434 383 2532 458 τὴν
2566 387 2822 459 δήλωσιν,
2850 387 2915 440 Τί
2956 386 3065 458 γάρ
3117 404 3280 458 φησιν
3315 388 3346 441 ὁ
3395 389 3719 461 προφήτης;

466 475 708 528 donosor
738 474 1117 544 pramuntiavit
1141 490 1156 526 :
1193 473 1436 541 Videbas,
1458 491 1488 528 ο
1511 491 1624 542 rex,
1652 485 1700 530 et
1723 491 1836 530 ecce
1863 485 2041 530 statua

467 564 648 632 ingens
681 566 859 618 stabat
889 567 945 619 in
976 574 1251 636 conspectu
1285 574 1418 622 tuo:
1458 565 1610 636 cujus
1641 576 1796 636 caput
1829 576 1954 620 erat,
1974 581 2038 620 ea:

459 669 636 721 auro,
681 655 898 711 brachia
944 659 1057 728 ejus
1108 669 1159 714 et
1201 663 1404 717 humeri
1445 667 1714 735 argentei,
1755 675 1929 720 uenter
1985 673 2036 717 et

457 744 670 812 femora
695 764 760 801 ea:
784 765 906 816 tere,
935 751 1079 805 tibia:
1108 753 1295 822 ferrem
1311 772 1331 821 ;
1354 756 1544 826 pedum
1571 769 1744 812 autem
1775 773 1900 827 pars
1921 765 2036 810 erat

465 835 676 904 ferrea,
724 855 848 907 pars
893 849 1138 896 testacea.
1175 845 1630 916 Contemplabaris
1693 864 1815 917 ergo
1866 846 2032 900 donec

462 927 732 984 abscissus
761 942 838 986 est
868 933 1005 1001 lapis
1031 936 1144 990 sine
1175 938 1440 1006 manibus,
1480 941 1571 1010 qui
1607 941 1864 1009 percussit
1897 941 2036 992 ima-

464 1019 604 1089 ginis
628 1022 780 1090 pedes
805 1024 1000 1094 ferreos
1023 1045 1085 1080 ac
1110 1037 1380 1098 testaceos,
1397 1041 1446 1086 et
1473 1032 1682 1086 tandem
1708 1032 2035 1085 comminuit.

469 1113 703 1186 Tumque
733 1120 894 1174 simul
940 1125 1262 1178 comminuta
1299 1135 1443 1189 sunt,
1489 1135 1643 1189 testa,
1691 1125 1911 1194 ferrum,
1945 1141 2038 1190 ws,

465 1217 762 1277 argentum,
786 1220 836 1264 et
868 1229 1094 1268 aurum:
1123 1224 1172 1268 et
1218 1216 1364 1285 facta
1407 1216 1559 1286 quasi
1609 1214 1780 1285 pulvis
1825 1231 1858 1267 a
1903 1214 2041 1283 facie

467 1299 695 1355 turbinis
717 1303 904 1357 eestivi.
931 1303 1094 1376 Lapis
1120 1314 1296 1360 autem
1327 1307 1417 1378 qui
1442 1306 1699 1376 percussit
1732 1307 2034 1376 imaginem,

467 1391 628 1445 crevit
672 1393 728 1446 in
780 1405 1006 1450 montem
1048 1414 1336 1469 magnum,
1382 1408 1433 1453 et
1474 1398 1685 1469 replevit
1735 1398 2036 1451 universam

471 1490 666 1536 terram
690 1484 758 1540 “.

2150 477 2416 549 ἀριδήλως
2441 477 2515 550 (5)
2546 478 2682 550 πρὸς
2707 479 2800 533 τὸν
2822 477 3293 548 Ναϐουχοδονόσορ
3319 478 3684 548 προήγγειλεν
3704 496 3720 510 ο

2158 566 2450 636 Ἐθεώρεις
2471 610 2486 634 ,
2541 565 2588 624 ὦ
2636 571 2930 637 βασιλεῦ,
2979 571 3078 625 καὶ
3115 569 3245 624 ὶδοὺ
3287 570 3464 625 εἰκὼν
3486 569 3725 640 μεγάλη

2143 659 2381 715 ἑστῶσα
2421 661 2532 730 πρὸ
2576 662 2898 732 προσώπου
2926 677 3041 717 σου
3061 704 3076 728 ,
3120 659 3196 733 ἧς
3227 665 3266 732 ἠ
3309 663 3538 732 κεφαλὴ
3572 681 3732 732 χρυ-

2144 754 2305 818 σίου,
2333 757 2386 808 οί
2415 754 2737 824 ,βραχίονες
2768 754 2957 823 αὐτῆς
2997 754 3097 808 real
3122 758 3174 809 οἱ
3204 750 3349 824 ὦμοι
3379 755 3648 824 ἀργυροῖ,
3682 755 3729 821 ἡ

2144 847 2341 902 κοιλία
2384 847 2483 901 καὶ
2526 851 2581 902 οἱ
2614 847 2796 918 μηροὶ
2841 848 3074 918 χαλκοῖ,
3107 851 3166 903 al
3198 847 3417 918 κνῆμαι
3458 848 3730 916 σιδηραῖ,

2147 945 2201 996 oi
2233 939 2414 1007 πόδες
2433 940 2552 1010 μὲν
2575 939 2757 1010 μέρος
2799 954 2854 994 τι
2881 941 2958 1011 (6)
2995 939 3306 1009 σιδηροῦν,
3330 940 3424 992 real
3446 938 3627 1008 μέρος
3666 954 3735 990 τι

2147 1031 2525 1099 ὀστράκινον.
2583 1031 2874 1100 Ἐθεώρεις
2921 1032 3030 1099 ἕως
3077 1027 3150 1087 οὗ
3197 1029 3502 1100 ἀπετμήθη
3549 1029 3740 1093 λίθος

2147 1123 2292 1177 ἄνευ
2334 1124 2553 1193 χειρὸς,
2597 1125 2695 1178 καὶ
2737 1124 2996 1188 ἐπάταξε
3036 1123 3152 1194 τὴν
3193 1124 3395 1178 είκόνα
3435 1120 3534 1176 ἐπι
3573 1119 3743 1186 τοὺς

2148 1215 2336 1281 πόδας
2363 1216 2504 1282 τοὺς
2537 1216 2824 1284 σιδηροῦς
2851 1217 2948 1270 real
2985 1216 3407 1284 όστρακίνους,
3451 1213 3550 1267 real
3583 1211 3744 1266 ἐλέ-

2149 1321 2375 1358 πτυνεν
2412 1309 2500 1373 εὶς
2533 1305 2726 1373 τέλος.
2778 1308 2916 1361 Τότε
2953 1307 3410 1375 ἐλεπτύνθησαν
3435 1303 3741 1369 εἰσάπαξ,

2143 1394 2210 1448 τὸ
2257 1395 2574 1464 ὄστρακον,
2631 1395 2730 1449 real
2771 1399 2804 1450 ὁ
2848 1395 3115 1464 σίδηρος,
3172 1395 3271 1448 real
3319 1397 3353 1448 ὁ
3396 1392 3648 1463 χαλκὸς,
3693 1391 3748 1444 ὁ

2142 1485 2400 1556 ἄργυρος
2444 1487 2541 1540 real
2589 1490 2622 1540 ό
2667 1487 2926 1555 χρυσός·
2974 1486 3073 1540 real
3111 1485 3389 1556 ἐγένοντο
3432 1483 3570 1536 ὡσεὶ
3618 1498 3744 1534 κο..

469 1574 704 1643 νιορτὸς
731 1577 849 1632 ἀπὸ
875 1577 1105 1645 ἅλωνος
1131 1580 1390 1651 θερινῆς,
1423 1583 1521 1636 καὶ
1548 1584 1581 1636 ὁ
1617 1580 1784 1646 λίθος
1805 1582 1838 1634 ό
1862 1575 2133 1642 πατάξας
2163 1576 2276 1645 τὴν
2299 1579 2522 1644 εἰκόνα,
2552 1579 2787 1649 ἐγένετο
2815 1582 2903 1648 εὶς
2933 1579 3071 1648 ὅρος
3089 1577 3263 1649 μέγα,
3289 1575 3387 1631 real
3404 1574 3747 1645 ἐπλήρωσε

470 1668 680 1724 πᾶσαν
709 1672 824 1742 τὴν
847 1673 980 1745 γῆν.

543 1765 682 1820 XIII.
723 1767 1126 1841 Conjungentes
1175 1787 1306 1844 ergo
1354 1773 1442 1829 his
1497 1773 1736 1828 visiones
1780 1770 2038 1833 Danielis,

2212 1767 2348 1824 XIII.
2376 1770 2466 1825 Διὸ
2503 1771 2838 1843 συνάψαντες
2861 1771 3092 1837 τούτοις,
3126 1771 3222 1826 καὶ
3255 1769 3354 1835 τὰς
3394 1769 3490 1822 τοῦ
3523 1767 3745 1839 Δανιὴλ

472 1859 762 1915 amborum
805 1877 968 1916 unum
1019 1861 1286 1920 faciemus
1338 1866 1771 1934 expositionem,
1815 1864 2044 1919 demou-

473 1959 714 2007 strantes
746 1966 875 2008 vera
904 1951 1075 2009 fuisse
1098 1970 1130 2009 a
1169 1953 1392 2011 Daniele
1419 1957 1558 2021 visa,
1590 1967 1646 2012 et
1679 1965 2045 2012 consentanea

473 2043 546 2098 iis
587 2060 710 2114 qua:
760 2042 1265 2105 Nabuchodonosor
1309 2064 1529 2120 quoque
1597 2050 1935 2120 praeviderat.
1985 2049 2046 2102 In

473 2136 626 2191 hunc
655 2136 801 2194 enim
835 2137 1060 2193 modum
1094 2139 1170 2194 ait
1199 2140 1463 2210 propheta
1492 2160 1504 2194 :
1543 2140 1655 2212 Ego
1691 2139 1882 2194 Daniel
1906 2139 2048 2192 vide-

475 2228 620 2292 bam,
644 2237 694 2283 et
733 2240 850 2284 ecce
889 2239 1118 2300 quatuor
1146 2232 1284 2286 uenti
1323 2233 1441 2286 εωίὶ
1475 2233 1780 2304 pugnabant
1822 2234 1878 2286 in
1911 2231 2046 2284 mari

475 2336 668 2392 magno
694 2334 714 2373 :
766 2331 818 2376 et
855 2332 1106 2392 quatuor.
1129 2322 1307 2378 bestia:
1352 2325 1575 2395 grandes
1611 2324 1955 2379 ascendebant
1985 2326 2048 2378 de

476 2413 638 2480 mari,
667 2413 808 2468 inter
848 2431 902 2468 se
943 2414 1185 2470 diuersa.
1224 2415 1411 2470 Prima
1454 2416 1621 2471 bestia
1666 2416 1818 2486 quasi
1860 2415 2046 2479 lewna,

475 2513 529 2558 et
573 2505 688 2574 ejus
731 2504 834 2561 alte
862 2506 1000 2561 velut
1033 2506 1246 2577 aquilte.
1285 2508 1617 2579 Aspiciebam
1655 2509 1818 2562 donec
1859 2508 2051 2562 evulsa:

477 2604 603 2649 sunt
625 2595 727 2650 alte
751 2596 888 2665 ejus,
916 2606 965 2652 et
1000 2595 1212 2652 sublata
1249 2607 1327 2652 est
1354 2615 1386 2652 a
1424 2608 1586 2665 terra,
1619 2608 1668 2652 et
1701 2613 1858 2667 super
1898 2595 2050 2666 pedes

477 2689 706 2744 hominis
731 2691 902 2758 stetit,
930 2698 981 2743 et
1009 2706 1098 2744 cor
1135 2691 1361 2745 hominis
1404 2691 1588 2744 datum
1627 2699 1702 2745 est
1743 2690 1812 2744 ei.
1841 2689 1910 2743 Et
1939 2705 2052 2744 ecce

479 2781 650 2836 bestia
695 2782 926 2836 secunda
970 2781 1163 2838 similis
1191 2798 1316 2836 urso
1345 2783 1403 2836 in
1449 2791 1601 2853 parte
1649 2784 1817 2849 stetit,
1852 2791 1904 2838 et
1949 2794 2052 2837 tres

479 2873 691 2927 ordines
721 2873 774 2926 in
803 2889 891 2927 ore
935 2873 1072 2942 ejus,
1117 2873 1173 2926 in
1211 2873 1382 2928 medio
1425 2873 1664 2927 dentium
1693 2874 1842 2942 ejus;
1879 2882 1928 2927 et
1977 2875 2053 2927 sic

481 2964 723 3019 dicebant
751 2966 802 3018 ei
829 2980 848 3018 :
892 2964 1090 3035 Surge,
1129 2965 1336 3020 comede
1378 2981 1562 3020 carnes
1607 2965 1886 3034 plurimas.
1925 2963 2054 3019 Post

480 3056 577 3110 hoc
605 3057 944 3125 aspiciebam,
989 3067 1040 3110 et
1078 3074 1194 3111 ecce
1238 3058 1408 3111 bestia
1444 3059 1599 3110 tertia
1626 3056 1784 3110 veluti
1829 3058 2048 3125 pardus,

477 3156 532 3200 et
580 3147 704 3200 huic
759 3158 911 3202 erant
961 3149 1072 3202 avis
1114 3149 1217 3203 ala:
1265 3158 1494 3218 quatuor
1535 3164 1692 3216 super
1746 3163 1834 3212 se;
1875 3150 2052 3217 capita

477 3248 708 3311 quatuor
741 3248 894 3293 erant
936 3240 1152 3294 bestia»
1173 3239 1302 3293 Post
1335 3239 1430 3293 hoc
1475 3238 1814 3308 aspiciebam,
1847 3249 1896 3293 et
1940 3256 2054 3294 ecce

477 3341 674 3402 quarta
705 3331 876 3386 bestia
908 3331 1158 3385 terribilis
1197 3340 1351 3401 atque
1383 3329 1663 3396 mirabilis,
1695 3339 1742 3383 et
1782 3330 1936 3400 fortis
1966 3347 2056 3384 su-

477 3439 578 3492 pra
619 3421 867 3488 modum;
909 3421 1060 3491 cujus
1110 3422 1288 3476 dentes
1332 3430 1482 3476 erant
1514 3421 1713 3490 ferrei,
1762 3430 1812 3474 et
1861 3438 2053 3493 ungues

478 3516 613 3570 anei
626 3530 648 3580 ξ
677 3515 862 3570 edebat
888 3523 938 3570 et
965 3516 1370 3583 comminuebat,
1399 3525 1449 3570 et
1472 3515 1676 3584 reliqua
1701 3515 1917 3585 pedibus
1940 3516 2051 3570 suis

479 3605 850 3660 conculcabat.
883 3605 956 3659 Et
999 3605 1110 3661 heec
1139 3605 1291 3671 ualde
1333 3605 1663 3676 discrepabat
1695 3606 1759 3659 ab
1811 3606 2048 3659 omnibus

478 3697 662 3752 bestiis
690 3696 1100 3767 praecedentibus
1127 3710 1266 3764 eam,
1297 3705 1348 3751 et
1370 3697 1594 3751 habebat
1628 3713 1831 3752 cornua
1857 3696 2053 3750 decem.

478 3787 895 3844 Considerabam
933 3805 1130 3842 cornua
1171 3788 1320 3858 ejus;
1367 3797 1417 3843 et
1471 3805 1584 3843 ecce
1630 3805 1792 3842 cornu
1835 3805 2055 3858 parvum

478 3883 639 3937 creuit
667 3883 724 3936 in
753 3881 923 3936 medio
964 3897 1166 3936 eorum.
1207 3881 1278 3935 Et
1331 3883 1436 3936 tria
1479 3883 1543 3936 de
1587 3882 1835 3935 cornibus
1867 3881 2052 3950 primis

477 3969 660 4030 euulsa
687 3983 809 4029 sunt
837 3991 871 4028 a
897 3974 1033 4044 facie
1056 3974 1190 4044 ejus.
1212 3972 1280 4028 Et
1312 3991 1426 4029 ecce
1457 3975 1598 4028 oculi
1637 3975 1864 4029 hominis
1899 3986 2051 4028 erant

478 4067 537 4120 in
567 4081 732 4121 cornu
763 4067 888 4133 isto,
917 4075 968 4120 et
990 4083 1047 4120 os
1073 4067 1284 4136 loquens
1308 4067 1541 4136 ingentia
1559 4066 1628 4119 ³⁷.

2144 1862 2387 1932 ὁράσεις,
2430 1863 2559 1934 μίαν
2597 1866 2655 1918 ἐν
2695 1865 3026 1939 ἀμφοτέροις
3073 1864 3172 1937 τὴν
3215 1863 3462 1935 διήγησιν
3499 1861 3746 1933 ποιησό-

2147 1952 2286 2023 μεθα
2320 1955 2392 2024 (7)
2421 1955 2814 2020 ἐπιδεικνύντες
2844 1957 2962 2020 πῶς
2981 1956 3244 2027 σύμφωνα
3269 1955 3364 2008 καὶ
3383 1953 3553 2025 ἀληθῆ
3576 1949 3747 2024 ἦσαν

2143 2039 2238 2093 τοῦ
2283 2043 2560 2113 προφήτου
2592 2044 2660 2097 τὰ
2699 2043 2961 2115 ὁραθέντα
3003 2045 3100 2117 (8),
3134 2044 3276 2115 ἆπερ
3305 2043 3397 2096 καὶ
3435 2045 3463 2096 ὁ
3506 2043 3746 2095 Ναϐου-

2146 2133 2428 2206 χοδονόσορ
2452 2136 2771 2208 προεώρακε
2791 2154 2804 2167 ·
2833 2135 2982 2206 λέγει
3014 2136 3123 2209 γὰρ
3144 2136 3314 2201 οὕτως
3335 2139 3363 2190 ὁ
3396 2137 3692 2207 προφήτης
3717 2153 3738 2166 ’

2159 2228 2299 2299 Ἐγὼ
2325 2231 2548 2298 Δανιὴλ
2593 2230 2904 2299 ἐθεώρουν,
2939 2230 3037 2285 real
3061 2231 3191 2286 ἰδοὺ
3232 2234 3284 2285 οἱ
3334 2231 3634 2298 τέσσαρες
3672 2232 3746 2284 οι

2146 2321 2351 2391 ἄνεμοι
2380 2322 2486 2376 τοῦ
2525 2322 2781 2390 οὐρανοῦ
2817 2323 3196 2391 προσέϐαλον
3222 2325 3313 2388 εὶς
3347 2323 3460 2390 τὴν
3495 2321 3747 2376 θάλασ-

2148 2428 2268 2467 σαν
2310 2413 2426 2481 τὴν
2463 2413 2768 2484 μεγάληνο
2818 2413 2917 2467 καὶ
2962 2414 3229 2482 τέσσαρα
3274 2413 3449 2482 θηρία
3493 2411 3744 2482 μεγάλα

2149 2503 2462 2558 ἀνέϐαινον
2493 2505 2562 2558 ἐκ
2595 2504 2706 2574 τῆς
2743 2504 3090 2572 θαλάσσης,
3134 2504 3491 2575 διαφέροντα
3525 2504 3742 2570 (tum.

2149 2599 2292 2649 λων.
2327 2595 2397 2650 Τὸ
2429 2594 2663 2665 πρῶτον
2699 2597 2906 2666 θηρίον
2935 2597 3076 2650 ὡσεὶ
3114 2597 3358 2664 λέαινα,
3395 2597 3490 2649 καὶ
3535 2596 3744 2664 πτερὰ

2151 2688 2341 2758 αὐτῆς
2363 2690 2444 2756 ὠς
2486 2689 2685 2744 ἀετοῦ.
2728 2688 3064 2757 Ἐθεώρουν,
3098 2689 3208 2755 ἕως
3249 2684 3320 2744 οὗ
3367 2687 3605 2756 ἐξετίλη
3651 2689 3740 2758 (9)

2152 2780 2224 2834 τὰ
2266 2781 2453 2850 πτερὰ
2495 2781 2687 2849 αὐτῆς
2713 2821 2728 2846 ,
2772 2780 2870 2833 καὶ
2919 2777 3138 2847 ἐξήρθη
3180 2778 3298 2832 ἀπὸ
3333 2778 3442 2847 τῆς
3468 2777 3582 2847 γῆς
3626 2779 3742 2831 καὶ

2152 2874 2251 2927 ἐπὶ
2278 2874 2476 2929 ποδῶν
2503 2874 2812 2943 ἀνθρώπου
2841 2873 3061 2942 ἐστάθη
3078 2913 3093 2938 ,
3119 2873 3216 2927 real
3254 2871 3465 2940 καρδία
3495 2869 3743 2939 ἀνθρώά

2154 2977 2272 3021 που
2291 2966 2467 3034 ἐδόθη
2497 2967 2676 3032 αὐτῷ.
2695 2967 2802 3020 Καὶ
2830 2967 2959 3020 ίδοὺ
2983 2967 3188 3033 θηρίον
3205 2964 3500 3032 δεύτερον,
3518 2961 3740 3032 ὅμοιον

2154 3057 2350 3127 ἄρκτῳ
2385 3058 2484 3112 real
2510 3062 2596 3124 εις
2620 3058 2801 3128 μέρος
2837 3058 2906 3112 ἐν
2933 3058 3176 3124 ἐστάθη,
3208 3057 3304 3109 real
3336 3055 3465 3123 τρία
3492 3053 3744 3120 πλευρὰ

2152 3151 2222 3203 ἐν
2255 3150 2337 3216 τῷ
2378 3151 2624 3220 στόματι
2673 3151 2864 3219 αὐτῆς
2912 3152 3028 3206 ἀνὰ
3065 3150 3255 3220 μέσον
3296 3149 3414 3201 τῶν
3464 3147 3743 3200 ὀδόντων

2153 3237 2372 3306 αὐτῆς·
2409 3239 2506 3292 καὶ
2531 3239 2718 3305 οὕτως
2748 3239 2959 3309 ἔλεγον
2982 3239 3137 3308 αὐτῇ
3156 3255 3170 3268 ο
3209 3239 3533 3305 Ἀνάστηθι,
3570 3235 3743 3306 φάγε

2152 3330 2382 3398 σάρκας
2409 3329 2644 3398 πολλάς
2665 3348 2678 3361 ·
2705 3331 2896 3384 ὀπίσω
2924 3331 3109 3386 αὑτοῦ
3137 3331 3445 3398 ἐθεώρουν,
3472 3327 3568 3382 καὶ
3594 3328 3742 3382 ιδσὺ

2150 3421 2360 3489 θηρίον
2385 3421 2604 3490 τρίτον,
2651 3422 2792 3476 ὡσεὶ
2823 3421 3150 3490 πάρδαλις,
3195 3422 3291 3475 καὶ
3342 3419 3494 3489 αὐτῇ
3539 3422 3746 3488 πτερὰ

2151 3515 2418 3584 τέσσαρα
2450 3515 2721 3570 πετεινοῦ
2751 3514 3025 3584 ὑπεράνω
3071 3512 3274 3581 αὺτῆςο
3305 3513 3597 3580 τέσσαρες
3635 3529 3746 3566 κε-

2157 3605 2343 3675 φαλαὶ
2382 3606 2462 3672 τῷ
2511 3606 2691 3674 θηρίῳ
2724 3605 2856 3676 (10).
2905 3605 3123 3658 Ὀπίσω
3172 3606 3383 3658 τούτου
3413 3602 3740 3670 ἐθεώρουν,

2154 3695 2255 3748 real
2282 3695 2409 3750 ίδοὺ
2441 3695 2722 3765 τέταρτον
2746 3696 2952 3764 θηρίον
2979 3694 3230 3764 φοϐερὸν
3273 3695 3369 3747 real
3408 3695 3740 3760 ἕκθαμὸον,

2152 3791 2251 3845 καὶ
2283 3767 2535 3858 ἰσχυρὸν
2559 3786 2864 3857 περισσῶς
2882 3804 2895 3818 ο
2933 3788 2987 3841 οι
3013 3785 3254 3853 ὀδόντες
3279 3786 3463 3839 αὑτοῦ
3489 3785 3752 3854 σιδηροῖ

2147 3884 2396 3958 μεγάλοι
2418 3880 2549 3952 (Ii),
2600 3879 2697 3933 real
2724 3881 2778 3932 oi
2805 3878 3021 3948 ὄνυχες
3045 3877 3228 3931 αὐτοῦ
3255 3874 3498 3944 χαλκοῖ,
3519 3875 3748 3930 ἐσθίον

2150 3976 2248 4031 καὶ
2278 3973 2598 4037 λεπτύνον,
2625 3970 2726 4024 καὶ
2763 3970 2835 4024 τὰ
2856 3970 3137 4022 ἐπίλοιπα
3173 3967 3297 4034 τοῖς
3326 3966 3507 4021 ποσὶν
3539 3968 3746 4022 αὐτοῦ

2147 4061 2487 4120 συνεπάτει·
2515 4062 2612 4115 καὶ
2638 4059 2782 4114 αὐτὸ
2808 4057 3087 4127 διαφέρον
3103 4056 3210 4128 (12)
3237 4054 3535 4124 περισσῶς
3561 4057 3742 4122 παρὰ

480 4155 677 4211 πάντα
697 4158 770 4214 τὰ
793 4160 968 4227 θηρία
988 4159 1062 4214 τὰ
1083 4159 1421 4228 ἔμπροσθεν
1447 4159 1652 4212 αὑτοῦ.
1689 4159 1799 4214 Καὶ
1830 4160 2048 4227 κέρατα
2077 4159 2224 4214 δέκα
2255 4158 2432 4225 αὐτῷ.
2486 4154 2867 4225 Προσενόουν
2916 4152 3040 4218 τοῖς
3075 4150 3321 4220 κέρασιν
3365 4148 3573 4212 αὑτοῦ,
3617 4148 3727 4202 καὶ

482 4249 611 4308 tam.)
639 4254 748 4325 (15)
771 4255 989 4324 μικρὸν
1013 4253 1191 4322 κέρας
1234 4254 1417 4323 ἀνέϐη
1449 4254 1705 4323 ἐνμέσῳ
1742 4253 1956 4318 αὐτῶν,
2014 4255 2114 4309 καὶ
2151 4257 2282 4324 τρία
2334 4255 2550 4322 κέρατα
2603 4251 2939 4321 ἔμπροσθεν
2997 4245 3182 4299 αὑτοῦ
3223 4239 3560 4312 ἐξερριζώθη
3610 4241 3740 4296 ἀπὸ

478 4346 805 4416 προσώπου
856 4348 1063 4412 αὐτοῦ,
1127 4349 1224 4402 καὶ
1278 4349 1406 4403 ἰδοὺ
1459 4349 1751 4419 ὀφθαλμοὶ
1791 4349 1935 4404 ὡσεὶ
1973 4351 2266 4420 ὀφθαλμοὶ
2306 4349 2617 4417 ἀνθρώπου
2666 4347 2735 4399 ἐν
2759 4343 2839 4410 τῷ
2888 4342 3087 4412 κέρατι
3139 4340 3356 4405 τούτῳ,
3400 4336 3498 4391 real
3534 4338 3745 4405 στόμα

479 4445 716 4499 λαλοῦν
740 4444 994 4514 μεγάλα.

555 4537 691 4593 XIV.
732 4540 872 4594 Cum
920 4541 1086 4612 igitur
1123 4540 1241 4597 haec
1272 4541 1556 4597 videantur
1591 4541 1846 4597 omnibus
1894 4541 2047 4595 intel-

2237 4531 2377 4589 XIV.
2421 4529 2572 4583 Ἐπεὶ
2599 4522 2691 4581 οὖν
2713 4524 2974 4593 δυσνόητα
3005 4523 3136 4574 πᾶσι
3165 4521 3310 4574 δοκεῖ
3338 4516 3508 4573 ταῦτα
3531 4516 3600 4569 τὰ
3633 4535 3745 4587 μυ-

477 4631 624 4687 Iectu
667 4629 924 4696 diﬁicilia,
956 4649 1078 4703 qua:
1110 4633 1337 4704 mystice
1365 4634 1506 4689 dicta
1535 4644 1664 4688 sunt
1705 4651 1733 4686 a
1768 4633 2050 4704 prepheta,

480 4723 695 4780 nullum
722 4739 914 4780 eorum
947 4724 1247 4780 celabimus
1279 4739 1373 4781 eos
1419 4727 1513 4796 qui
1548 4735 1727 4782 mente
1756 4733 1884 4782 sunt
1921 4739 2052 4779 sana

549 4864 597 4898 “
634 4863 771 4920 Dan.
801 4864 1059 4932 11,31-55.
1135 4865 1180 4895 ⁸⁷
1208 4863 1342 4919 Dan.
1374 4879 1461 4933 vn
1483 4905 1498 4930 ,
1545 4861 1658 4918 2-8.

547 5005 626 5073 (5)
666 5002 725 5074 In
754 5003 815 5057 Β.
840 5017 946 5057 vox
974 5003 1244 5074 ἀριδὴλως
1270 5001 1631 5058 desideratur.

550 5076 629 5142 (6)
669 5073 778 5145 AL,
813 5075 976 5145 μέρος
1001 5073 1098 5145 μέν
1125 5073 1200 5128 τι.
1490 5142 1500 5145 _
1598 5141 1611 5145 _
1709 5143 1715 5145 Α
1803 5139 1821 5145 Α
1962 5133 1968 5145 ί

550 5139 630 5218 (7)
671 5139 826 5198 Alter
841 5139 985 5218 _Pici
1001 5139 1250 5218 '_codex_,
1305 5141 1659 5214 ποιησώμεθα
1702 5139 2048 5206 ἐπιδεικνύς,

479 5212 678 5286 nempe
705 5215 986 5286 propheta.
1015 5212 1092 5268 Ita
1119 5223 1174 5268 et
1201 5214 1263 5286 Β,
1512 5255 1514 5257 ,

551 5283 629 5358 (83
665 5283 1037 5358 [heroem
1073 5284 1374 5358 ἀιροιθένταλ
1412 5285 1473 5338 Β·

555 5339 970 5428 ζοχέξέτὲινὲξ
991 5339 1052 5428 ef.
1090 5339 1193 5410 s'ed
1220 5339 1432 5428 tamen
1458 5355 1654 5428 legitur
1681 5353 1845 5428 etia_m
1863 5349 2045 5428 infra,

481 5422 705 5496 Iicet'ibi
733 5442 951 5496 quoque
991 5425 1131 5481 idem
1163 5441 1266 5480 ms.
1303 5422 1535 5492 ἐξέτεινέ
1565 5426 1744 5479 habet.
1777 5422 1878 5496 Sed
1911 5436 2048 5490 prse-

481 5495 704 5578 ferenda
749 5494 931 5552 “altera
982 5497 1144 5553 lectio
1191 5506 1251 5552 ut
1281 5513 1402 5568 qua).
1453 5496 1637 5553 sensui
1683 5494 1856 5565 magis
1912 5506 2045 5546 con-

519 5576 646 5621 ruit.

707 5639 856 5709 ᾼιιει·
902 5639 1020 5694 Pici
1070 5638 1277 5704 codex,
1330 5639 1601 5709 τέσσαρας
1647 5634 1887 5709 κεφαλὰς
1955 5630 2049 5685 τοῦ

481 5705 692 5779 θηρίου.
717 5707 795 5763 Ita
819 5717 873 5765 et
912 5709 972 5762 B.
1008 5709 1059 5762 in
1103 5725 1210 5778 quo
1244 5709 1407 5764 etiam
1454 5705 1568 5778 est,
1610 5705 1782 5779 πτερὰ
1815 5706 2051 5774 τέσσαρα

2163 4625 2358 4688 πικῶς
2383 4621 2644 4694 εἰρημένα
2675 4617 2826 4688 παρὰ
2857 4614 2951 4668 τοῦ
2987 4615 3264 4686 προφήτου
3288 4653 3303 4675 ,
3342 4610 3490 4665 οὐδὲν
3516 4608 3736 4662 τούτων

2161 4718 2566 4791 ἁποκρύψωμεν
2583 4716 2695 4777 τοῖς
2740 4710 2868 4780 ὑγιῆ
2913 4709 3003 4762 τὸν
3040 4707 3163 4761 νοῦν
3197 4703 3548 4775 κεκτημένοις
3592 4702 3737 4773 (14).

2159 4995 2507 5070 bna-pavorem)
2533 4993 2722 5070 αὐτῇς.
2782 5064 2794 5070 _
3156 5053 3215 5070 λ,
3256 5053 3270 5069 .
3398 5053 3432 5070 ..

2231 5013 2507 5070 τερανωθεν
2533 5013 2722 5116 auriti.
3203 5058 3215 5070 .
3256 5053 3270 5069 .
3421 5053 3432 5066 .

2231 5069 2339 5139 (Η)
2374 5067 2491 5122 Vox
2523 5067 2663 5138 μεγά
2695 5081 2743 5116 οι
2782 5064 2836 5117 in
2886 5072 3116 5130 utroque
3156 5053 3274 5139 _Ptc1
3314 5055 3500 5139 codice
3537 5053 3736 5139 ideest.

2157 5123 2289 5206 Qua:
2322 5123 2502 5192 autem
2523 5123 2669 5191 'mox
2712 5123 3226 5206 sequuntur_'verba
3251 5169 3264 5192 ,
3292 5125 3403 5206 "real
3437 5127 3487 5178 οἱ
3536 5123 3738 5206 ὄνυχες

2157 5196 2317 5263 ais-:06
2353 5209 2560 5278 χαλκοῖ,
2596 5196 2931 5278 neccodices
2957 5201 3253 5256 Bihliorum
3287 5196 3597 5251 Graecorum
3633 5198 3739 5247 ha-

2157 5281 2306 5345 bent,
2338 5275 2439 5334 nec
2469 5275 2718 5332 Hebraici
2751 5280 3074 5345 agnoscunt.

2231 5373 2342 5446 (ιὲ)
2377 5371 2620 5442 Διέφερε,
2645 5368 2708 5423 Β.

2227 5445 2340 5536 (15)
2377 5461 2613 5536 ἰὰν-καὶ
2646 5460 2856 5531 κέρατα
2883 5457 3014 5510 δέκα
3044 5451 3311 5525 ἐθεώρουν
3327 5451 3386 5504 ὲν
3411 5450 3476 5521 τῇ
3512 5445 3737 5520 κεφαλῇ

2157 5531 2342 5598 αὑτοῦ,
2366 5533 2458 5587 καὶ
2495 5531 2622 5595 ἰδού,
2649 5541 2751 5586 etc.

2229 5629 2340 5700 (14)
2374 5626 2537 5700 Οὐδὲν
2577 5622 2978 5700 ἀποκρυψωμεν
3018 5617 3220 5675 τούτων
3257 5616 3393 5688 πρὸς
3432 5611 3740 5684 ἐπίγνωσιν

2161 5693 2271 5765 rei};
2302 5693 2363 5771 γε
2393 5698 2517 5754 νοῦν
2540 5693 2911 5768 κεκτημένοις.
2941 5693 2999 5746 Β.
