4028 6214
293 263 397 321 917
1215 255 1487 314 SPURiA.
1529 286 1598 296 ——
1636 253 1724 310 DE
1762 245 2356 324 CONSUMMATIONE
2392 240 2627 301 MUNDL
3445 234 3552 289 9l8

293 379 370 433 T6
397 378 614 452 πρῶτον
637 378 824 450 θηρίον
865 379 1032 432 εἰπὼν
1067 382 1096 433 6
1133 379 1349 450 Δανιὴλ,
1382 380 1547 450 ήγουν
1590 377 1688 450 τὴν
1711 374 1873 430 λέαι-

1987 369 2205 441 ρηεᾶίιί.
2230 369 2367 424 Cum
2401 367 2534 422 dicit
2563 363 2750 418 Daniel
2779 362 3007 432 primam
3038 358 3269 416 bestiam
3289 399 3303 424 ,
3337 356 3442 413 hoc
3469 365 3553 411 est

293 489 429 536 ναν,
471 471 572 544 τὴν
616 473 681 526 ὲκ
716 473 815 543 τῆς
853 471 1126 541 θαλάσσης
1169 471 1593 533 ἁναϐαίνουσαν,
1642 468 1738 539 τὴν
1765 467 1873 520 τῶν

1987 465 2230 528 laenam,
2282 461 2661 516 ascendentem
2707 471 2738 510 e
2787 455 2954 519 mari,
3005 454 3277 526 signiﬁcat
3323 465 3552 520 regnum

293 559 656 614 Βαϐυλωνίων
682 561 1054 632 γεγενημένην
1082 560 1356 631 βασιλείαν
1379 563 1435 613 ἐν
1465 559 1542 630 τῷ
1562 559 1750 630 κόσμῳ
1779 575 1875 629 ση-

1987 550 2398 622 Babyloniorum
2430 547 2576 618 quod
2604 545 2708 601 fuit
2759 545 2812 599 in
2859 544 3092 608 mundo,
3132 555 3360 596 aureum
3391 547 3555 607 caput

296 652 502 723 μαίνει,
556 652 760 722 ταύτην
797 649 961 707 οὖσαν
1003 631 1102 725 τῆς
1142 654 1349 718 είκόνος
1383 653 1482 726 τὴν
1513 652 1717 724 χρυσῆν
1764 650 1873 723 (15)

1987 652 2168 699 statuae
2219 642 2385 697 illius.
2437 638 2594 706 Quod
2645 647 2826 692 autem
2885 634 3048 700 dicit,
3093 633 3210 687 alas
3259 631 3371 700 ejus
3415 631 3552 683 velut

293 744 564 816 κεφαλήν.
607 743 679 796 T6
701 744 756 797 δὲ
785 745 984 814 λέγειν,
1020 723 1203 814 πτερὰ
1230 744 1420 813 αὐτῆς
1556 723 1763 805 ἀετοῦ,
1792 743 1876 796 ὅτι

1987 737 2193 810 aquilae,
2217 735 2486 807 signiﬁcat
2515 733 2810 789 exaltatum
2837 742 3018 798 regem
3048 723 3554 780 Nabuchodonosor

296 833 490 906 ὑψώθη
548 837 576 888 6
621 835 871 906 βασιλεὺς
923 837 1388 909 Ναϐουχοδονόσορ
1413 876 1426 899 ,
1468 836 1559 890 καὶ
1601 835 1744 888 κατὰ
1780 833 1876 887 τοῦ

1987 840 2168 888 contra
2196 829 2362 884 Deum
2395 843 2516 884 sese
2543 826 2820 882 extulisse.
2858 819 3212 879 Postmodum
3236 817 3410 888 inquit
3437 816 3550 871 alas

294 927 437 982 Θεοῦ
464 930 702 1002 ἐπήρθη.
751 927 884 984 Εἶτα
909 929 1106 1001 φησὶν,
1151 928 1389 997 ἐξετίλη
1433 928 1543 998 (16)
1582 927 1653 982 τὰ
1696 927 1880 994 πτερὰ

1987 925 2090 994 ejus
2130 923 2336 978 evulsas
2357 964 2372 989 ,
2402 920 2660 992 quoniam
2694 931 2884 972 eversa
2921 913 3022 969 fuit
3049 913 3168 982 ejus
3203 911 3407 982 gloria;
3437 911 3555 979 pul-

293 1023 514 1091 αὐτῆς,
544 1001 625 1077 ὅτι
657 1023 936 1098 καθῃρέθη
967 1023 1130 1078 αὐτοῦ
1155 1026 1188 1095 ἡ
1217 1022 1368 1090 δόξα·
1403 1020 1632 1092 ἐδιώχθη
1673 1021 1782 1092 γὰρ
1815 1022 1880 1073 ὲκ

1987 1034 2076 1074 sus
2116 1018 2260 1073 enim
2303 1014 2405 1078 fuit
2446 1028 2477 1068 e
2520 1026 2688 1081 regno
2722 1023 2843 1065 suo.
2883 1008 2977 1062 llla
3007 1013 3188 1060 autem
3224 1003 3416 1057 verba:
3452 1001 3557 1055 Cor

293 1112 401 1183 τῆς
429 1112 702 1183 βασιλείας
734 1097 918 1168 αὐτοῦ.
951 1114 1023 1167 Τὸ
1050 1113 1108 1166 δὲ
1152 1115 1323 1166 εἰπεῖν
1345 1152 1360 1177 ,
1401 1111 1614 1180 καρδία
1653 1112 1878 1179 ἀνθρώ-

1987 1111 2204 1166 hominis
2233 1110 2281 1163 ei
2313 1107 2496 1160 datum
2522 1113 2620 1172 est,
2649 1112 2699 1157 et
2737 1116 2892 1171 super
2932 1099 3085 1169 pedes
3121 1097 3348 1150 hominis
3389 1097 3554 1157 stetit,

297 1216 422 1259 που
448 1205 626 1276 ἐδόθη
645 1205 825 1273 αὐτῷ,
846 1207 943 1261 καὶ
969 1206 1066 1261 ἐπὶ
1090 1205 1288 1260 ποδῶν
1306 1204 1617 1274 ἀνθρώπου
1631 1204 1878 1272 ἐστάθη,

1987 1203 2279 1273 resipuisse
2317 1215 2466 1266 eum,
2503 1197 2852 1269 signiﬁcant,
2892 1193 2985 1248 ubi
3019 1207 3078 1248 se
3116 1190 3394 1246 hominem
3436 1205 3557 1243 esse

297 1296 386 1348 ὅτι
415 1296 759 1368 μετενόησεν,
795 1299 1049 1368 ἐπιγνοὺς
1069 1299 1278 1360 ἑαυτὸν,
1308 1298 1389 1350 ὅτι
1417 1297 1700 1369 ἄνθρωπός
1742 1297 1878 1361 ἐστι,

299 1387 400 1441 καὶ
427 1388 596 1442 ἔδωκε
618 1388 774 1454 δόξαν
795 1389 876 1461 τῷ
902 1390 1040 1462 Θεῷ.
1084 1390 1214 1444 Ἰδοὺ
1250 1389 1503 1453 ἀπέδειξα
1529 1387 1625 1441 τοῦ
1666 1387 1881 1460 πρώτου

300 1477 497 1551 θηρίου
526 1481 624 1554 τὴν
656 1481 934 1553 ὁμοίωσιν.

375 1592 491 1648 XV.
528 1593 683 1648 Μετά
705 1591 798 1649 οὖν
827 1595 928 1668 τὴν
958 1596 1176 1651 λέαιναν
1200 1596 1448 1669 δεύτερον
1488 1597 1594 1669 δρᾷ
1631 1595 1816 1667 θηρίον
1854 1597 1884 1648 6

301 1688 593 1759 προφήτης
616 1728 630 1753 ,
678 1689 861 1760 ὅμοιον
901 1688 1116 1758 ἄρκτῳ,
1142 1690 1277 1761 ὅπερ
1305 1686 1442 1762 ἦσαν
1472 1692 1678 1763 Πέρσαι
1699 1707 1712 1720 °
1747 1689 1886 1760 μετὰ

299 1777 414 1848 γὰρ
443 1779 826 1847 ¹Βαϐυλωνίους
868 1783 1074 1852 Πέρσαι
1110 1784 1438 1856 ἐκράτησαν.
1481 1783 1553 1836 Τὸ
1581 1784 1638 1836 δὲ
1685 1783 1880 1851 λέγειν,

301 1873 438 1938 τρία
463 1874 694 1940 πλευρὰ
716 1875 785 1927 ἐν
809 1873 888 1941 τῷ
914 1876 1162 1944 στόματι
1187 1876 1378 1944 αὐτῆς
1403 1874 1694 1944 ἐθεώρουν
1715 1917 1728 1941 ,
1757 1875 1883 1946 τρία

301 1965 433 2037 ἔθνη
464 1965 651 2033 ἔδειξε,
676 1967 910 2037 Πέρσας,
937 1969 1174 2040 Μήδους,
1197 1969 1290 2022 καὶ
1318 1967 1689 2031 Βαϐυλωνίους
1706 2006 1720 2030 ,
1748 1968 1883 2038 ὅπερ
1914 2019 1916 2022 ,

301 2053 572 2108 δέδεικται
604 2055 741 2126 μετὰ
767 2057 858 2110 τὸν
886 2059 1085 2129 χρυσὸν
1120 2058 1252 2130 (17),
1277 2061 1306 2112 6
1339 2059 1576 2131 ἄργυρος
1613 2059 1670 2112 ὲν
1697 2061 1764 2129 τῇ
1805 2061 1884 2112 εξ-

303 2147 442 2200 κόνι.
521 2147 650 2202 Ἰδοὺ
701 2149 796 2202 καὶ
845 2150 908 2204 τὸ
959 2150 1212 2224 δεύτερον
1261 2151 1449 2224 Θηρίον
1503 2152 1882 2223 ἀπεδείξαμεν.

306 2238 541 2292 Ἔπειτα
565 2240 627 2292 τὸ
653 2240 833 2312 τρίτον
860 2244 893 2312 ὴ
915 2241 1223 2311 πάρδαλις,
1245 2244 1437 2308 οἵτινες
1462 2239 1880 2315 ἧσανἜλληνεςο

311 2331 451 2401 μετά
469 2331 578 2404 γὰρ
595 2333 808 2404 Πέρσας
839 2334 1183 2411 Ἀλέξανδρος
1209 2338 1238 2389 6
1264 2337 1370 2390 τῶν
1387 2337 1713 2390 Μακεδόνων
1730 2335 1887 2407 ἐκρά-

305 2434 464 2488 τησε,
497 2419 738 2474 καθελὼν
762 2421 853 2474 τὸν
883 2422 1127 2495 Δάρειον,
1161 2425 1188 2477 ὃ
1215 2424 1478 2478 δέδεικται
1522 2427 1580 2478 ὲν
1619 2427 1686 2496 τῇ
1718 2426 1885 2479 εἰκόνι

308 2510 342 2562 6
368 2509 587 2580 χαλκός.
622 2512 696 2565 Τὸ
722 2513 779 2566 δὲ
811 2513 992 2584 λέγειν
1013 2557 1028 2582 ,
1067 2516 1254 2585 πτερὰ
1287 2516 1553 2586 τέσσαρα
1590 2519 1883 2584 πετεινοῦ,

310 2604 406 2656 καὶ
438 2603 731 2673 τέσσαρες
758 2609 1010 2676 κεφαλαὶ
1039 2609 1120 2676 τῷ
1142 2611 1340 2680 θηρίῳ,
1362 2612 1669 2682 σαφέστατα
1697 2613 1883 2679 ἔδειξε,

311 2693 432 2758 πῶς
473 2694 793 2770 διεμερίσθη
835 2702 915 2764 είς
945 2702 1187 2774 τέσσαρα
1221 2704 1361 2776 μέρη
1412 2708 1444 2777 ἡ
1500 2706 1742 2776 βασιλεία
1788 2705 1884 2760 τοῦ

326 2785 695 2859 Ἀλεξάνδρου.
723 2790 765 2841 Τ
769 2791 1008 2874 έσσαρας
1037 2793 1145 2866 γὰρ
1183 2795 1424 2865 κεφαλὰς
1448 2793 1580 2868 εἶχε,
1610 2799 1734 2862 τοὺς
1759 2798 1884 2850 τέσ-

320 2892 490 2947 σαρας
519 2877 754 2948 βασιλεῖς
783 2878 842 2944 ἐξ
867 2881 1035 2953 αὐτῆς
1068 2883 1400 2948 ἀναστάντας
1427 2902 1439 2914 ·
1484 2885 1747 2938 τελευτῶν
1779 2884 1888 2957 γὰρ

315 2970 346 3021 6
389 2969 728 3044 Ἀλέξανδρος
758 2973 918 3026 διεῖλε
941 2973 1040 3044 τὴν
1062 2973 1334 3044 βασιλείαν
1366 2977 1529 3030 αὐτοῦ
1554 2980 1633 3041 εὶς
1652 2977 1888 3049 τέσσαρα

319 3059 457 3132 μέρη
486 3061 620 3134 (18).
658 3063 787 3116 Ἰδοὺ
819 3065 912 3118 καὶ
939 3064 999 3118 τὸ
1027 3065 1210 3138 τρίτον
1236 3066 1481 3138 εἴπομεν.

387 3172 524 3228 XVI.
561 3176 792 3230 Ἔπειτα
826 3177 960 3250 φησὶ
1009 3178 1266 3251 τέταρτον
1315 3179 1502 3253 θηρίον
1534 3181 1761 3253 φοϐερὸν
1794 3184 1887 3236 καὶ

315 3265 589 3339 ικθαμϐον
609 3285 624 3300 ο
652 3272 706 3325 οἱ
733 3269 976 3337 ὀδόντες
1006 3271 1168 3326 αὐτοῦ
1198 3273 1450 3342 σιδηροῖ,
1479 3276 1572 3329 καὶ
1599 3279 1652 3329 οὶ
1669 3276 1886 3345 ὄνυχες

314 3365 550 3435 χαλκοῖ.
583 3365 738 3431 Τίνες
764 3361 928 3434 οὗτοι,
962 3367 1076 3421 ἀλλ’
1105 3368 1140 3439 ἢ
1189 3371 1220 3440 ἡ
1290 3369 1574 3440 Ῥωμαίων
1619 3369 1885 3440 βασιλεία,

313 3457 449 3529 ὅπερ
478 3459 623 3512 ἐστὶν
648 3461 676 3512 6
699 3458 935 3531 σίδηρος,
968 3461 1024 3512 ὲν
1054 3452 1099 3529 ᾧ
1144 3461 1429 3515 συνθλάσει
1463 3460 1534 3514 τὰ
1570 3462 1676 3534 πρὸ
1720 3463 1888 3534 αὐτῆς

314 3549 494 3603 πάντα
514 3549 776 3618 βασίλεια,
813 3551 906 3604 καὶ
931 3551 1349 3622 κατακυριεύσει
1394 3551 1577 3621 πάσης
1606 3551 1705 3621 τῆς
1746 3553 1886 3622 γῆς;

313 3638 473 3695 Μετά
491 3636 582 3693 οὖν
608 3640 786 3704 τοῦτο,
803 3641 856 3693 τί
872 3641 1246 3712 περιλείπεται
1267 3641 1599 3712 ἑρμηνεῦσαι
1624 3644 1754 3712 ἡμῖν
1777 3643 1886 3714 (19)

314 3727 391 3787 ὧν
423 3732 664 3806 ἑώρακεν
693 3736 721 3787 6
753 3736 1035 3807 προφήτης
1069 3735 1181 3789 ἀλλ’
1210 3735 1243 3806 ἢ
1287 3733 1356 3787 τὰ
1404 3732 1524 3805 ἴχνη
1556 3733 1664 3787 τῶν
1713 3734 1888 3790 ποδῶν

313 3826 418 3896 τῆς
446 3826 670 3890 εἰκόνος,
705 3827 761 3881 ὲν
789 3821 870 3890 οἷς
897 3826 992 3880 καὶ
1018 3827 1200 3896 μέρος
1221 3825 1338 3896 μέν
1358 3843 1411 3879 τι
1442 3825 1760 3894 σιδηροῦν,
1781 3825 1886 3896 μέ-

309 3937 420 3989 ρος
447 3918 516 3972 δὲ
545 3919 922 3988 ὀστράκινον,
952 3920 1075 3989 ἅμα
1093 3919 1452 3990 μεμιγμένον
1480 3922 1568 3986 είς
1587 3919 1657 3973 ἐν
1687 3922 1758 3975 τὰ
1779 3920 1889 3990 ἀμ-

315 4013 536 4081 φότερα
549 4028 568 4076 ;
596 4012 888 4076 Μυστικῶς
907 4011 1016 4084 γὰρ
1038 4011 1270 4084 ἐδήλωσε
1297 4013 1383 4067 διὰ
1404 4011 1512 4066 τῶν
1539 4012 1668 4066 δέκα
1692 4011 1890 4066 δακτύ-

1913 3080 1960 3141 C

1980 1296 2224 1368 agnovit,
2268 1291 2592 1361 dedisseque
2619 1288 2848 1359 gloriam
2893 1285 3022 1341 Deo.
3070 1285 3150 1338 En
3188 1281 3558 1338 demonstravi

1981 1390 2172 1460 primae
2201 1386 2390 1442 bestia:
2415 1382 2851 1440 similitudinem.

2051 1589 2186 1646 Χν..
2211 1589 2340 1644 Post
2388 1589 2652 1650 leaenam,
2692 1585 2917 1639 alteram
2966 1580 3197 1635 bestiam
3241 1577 3388 1631 videt
3431 1592 3559 1644 pro-

1986 1683 2148 1756 pheta
2184 1697 2308 1734 nrso
2353 1678 2610 1740 similem,
2654 1675 2749 1745 qui
2777 1683 2933 1729 erant
2970 1671 3169 1726 Persae.
3213 1669 3350 1724 Cum
3378 1677 3560 1722 autem

1985 1775 2144 1830 dicit:
2189 1771 2441 1827 Videbam
2469 1771 2524 1823 in
2560 1785 2648 1822 ore
2669 1767 2781 1834 ejus
2815 1776 2918 1820 tres
2949 1763 3189 1827 ordines,
3228 1769 3340 1815 tres
3373 1767 3557 1831 gentes

1985 1866 2264 1938 designat,
2292 1864 2519 1930 Persas,
2555 1860 2739 1915 Medos
2759 1901 2774 1925 ,
2811 1873 2874 1913 ac
2903 1854 3262 1927 Babylonios:
3296 1851 3442 1922 quod
3468 1851 3562 1904 de-

1985 1959 2157 2016 clarat
2186 1960 2242 2012 in
2275 1956 2513 2027 imagine
2543 1961 2825 2023 argentum
2854 1956 2976 2018 post
3009 1953 3224 2002 aurum.
3252 1941 3333 1998 En
3363 1957 3561 1998 secun-

1985 2054 2111 2109 dam
2145 2052 2308 2107 etiam
2341 2047 2571 2104 bestiam
2607 2043 3028 2100 declaravimus.
3071 2037 3330 2107 Sequitur
3368 2035 3525 2089 tertia
3547 2074 3564 2099 ,

1985 2143 2219 2214 pardus:
2267 2139 2360 2210 qui
2413 2137 2584 2194 Graeci
2623 2135 2862 2191 fuerunt.
2922 2129 3228 2186 Alexander
3277 2127 3422 2182 enim
3469 2139 3566 2179 rex

1985 2233 2342 2288 Macedonum
2389 2238 2513 2300 post
2559 2227 2755 2283 Persas
2803 2239 2986 2280 rerum
3032 2223 3239 2293 potitus
3285 2228 3398 2285 est,
3445 2216 3568 2270 fuso

1985 2325 2187 2380 Dario:
2226 2323 2371 2395 quod
2415 2321 2754 2393 signiﬁcatur
2799 2333 2895 2388 per
2928 2330 3003 2371 aes
3044 2315 3097 2369 in
3143 2311 3397 2382 imagine.
3445 2307 3566 2362 Jam

1986 2417 2131 2486 quod
2155 2416 2249 2479 ait,
2274 2412 2500 2469 bestiam
2523 2410 2722 2465 habere
2741 2418 2967 2478 quatuor
2985 2403 3101 2458 alas
3115 2403 3246 2465 avis,
3272 2406 3568 2470 etquatuor

1987 2509 2196 2577 capita,
2233 2504 2536 2561 clarissime
2575 2496 2968 2557 demonstravit
3004 2509 3114 2565 quo
3151 2503 3310 2563 pacto
3339 2506 3567 2560 regnum

1987 2597 2279 2654 Alexandri
2326 2595 2562 2651 divisum
2607 2592 2770 2647 fuerit
2813 2600 3048 2660 quatuor
3083 2587 3135 2638 in
3174 2594 3376 2653 partes.
3417 2580 3568 2648 Qua~

1989 2702 2112 2746 tuor
2142 2691 2287 2745 enim
2321 2687 2511 2742 habuit
2553 2687 2760 2756 capita,
2798 2697 2952 2752 rcges
3007 2687 3238 2749 quatuor
3279 2675 3372 2745 qui
3399 2689 3465 2729 ex
3500 2690 3566 2726 eo

1989 2797 2157 2851 regno
2202 2789 2579 2835 surrexerunt.
2641 2775 2779 2830 Nam
2829 2773 3070 2828 moriens
3119 2766 3426 2822 Alexander
3481 2781 3569 2818 re-

1987 2890 2156 2949 gnum
2194 2889 2356 2929 suum
2399 2872 2584 2927 divisit
2627 2871 2681 2924 in
2716 2879 2954 2939 quatuor
2998 2874 3198 2936 partes.
3238 2861 3357 2916 Jam
3402 2863 3566 2915 etiam

1989 2969 2204 3024 tertiam
2229 2966 2460 3022 bestiam
2487 2962 2882 3034 expedivimus.

2059 3169 2198 3226 XVI.
2225 3169 2487 3239 Deinceps
2521 3176 2708 3222 narrat
2740 3166 2887 3220 illam
2917 3163 3146 3220 bestiam
3177 3158 3471 3216 terribilem
3504 3172 3569 3211 ac

1990 3263 2347 3334 stupendam,
2397 3259 2556 3330 cujus
2593 3259 2770 3312 dentes
2820 3263 2977 3311 erant
3011 3255 3212 3325 ferrei,
3266 3268 3331 3306 ac
3374 3265 3570 3320 ungues

1989 3358 2138 3413 aznei.
2164 3355 2398 3422 Quinam
2432 3360 2559 3408 sunt
2586 3351 2661 3418 hi,
2691 3350 2799 3406 nisi
2826 3348 3199 3403 Romanorum
3227 3345 3514 3415 imperium
3544 3345 3566 3398 ?

1989 3451 2136 3523 quod
2179 3458 2260 3504 est
2292 3446 2532 3512 ferrum,
2586 3458 2694 3513 quo
2740 3450 2982 3497 conteret
3016 3453 3209 3494 omnes
3258 3434 3571 3506 superiores

1989 3544 2202 3614 regias,
2238 3551 2292 3596 et
2315 3536 2685 3594 dominabitur
2714 3535 2982 3588 universae
3015 3543 3191 3588 terrae.
3232 3529 3374 3596 Quid
3409 3544 3572 3600 μοι-τυ

1992 3636 2261 3704 reliquum
2302 3641 2385 3686 est
2416 3630 2572 3684 nobis
2599 3625 3066 3695 interpretandum
3090 3640 3156 3679 ex
3179 3624 3265 3679 his
3296 3639 3418 3693 qua:
3442 3622 3576 3676 vidit

1992 3727 2279 3799 propheta,
2308 3723 2414 3779 nisi
2447 3722 2815 3776 extremitates
2843 3721 2946 3773 illa:
2972 3718 3170 3788 pedum
3210 3715 3484 3786 imaginis,
3518 3716 3574 3768 in

1989 3811 2188 3892 quibus
2219 3835 2340 3888 pars
2364 3825 2481 3871 erat
2505 3815 2695 3885 ferrea,
2724 3831 2846 3882 pars
2870 3822 3115 3876 testacea,
3147 3810 3398 3879 permista
3422 3807 3576 3860 ambo

1989 3911 2047 3964 in
2075 3925 2238 3964 unum
2258 3906 2591 3975 ?.Siquidem
2625 3905 2811 3960 decem
2845 3902 3033 3974 digitis
3064 3903 3260 3971 pedum
3299 3898 3572 3968 imaginis,

1994 4002 2224 4074 mystice
2247 3999 2572 4072 signiﬁcavit
2595 3998 2780 4053 decem
2805 4011 2957 4066 reges
2992 3995 3118 4050 inde
3143 4001 3396 4048 exortus:
3428 3995 3575 4062 quod

313 4100 424 4155 λων
440 4102 549 4156 τῶν
582 4102 757 4156 ποδῶν
787 4103 886 4174 τῆς
911 4103 1136 4168 εἰκόνος,
1173 4105 1299 4166 τοὺς
1329 4102 1458 4156 δέκα
1487 4103 1721 4174 βασιλεῖς
1763 4104 1886 4166 τοὺς

1994 4093 2192 4150 Daniel,
2228 4105 2312 4150 est
2354 4093 2759 4162 interpretatus.
2812 4087 3223 4144 Considerabam
3273 4086 3445 4151 enim,
3489 4087 3576 4140 in-

316 4193 379 4259 ἐξ
407 4193 572 4249 αὐτοῦ
598 4194 977 4267 ἐγειρομένους
1006 4235 1021 4259 ,
1057 4193 1198 4265 ἆπερ
1226 4195 1560 4267 ἑρμήνευσεν
1607 4197 1635 4248 ὀ
1669 4193 1886 4264 Δανιήλ.

1990 4187 2143 4258 quit,
2189 4185 2444 4249 bestiam,
2488 4191 2740 4253 quartam
2786 4181 3071 4236 videlicet:
3128 4187 3180 4233 et
3233 4194 3347 4232 ecce
3397 4181 3574 4232 decem

316 4289 702 4356 Προσενόουν
726 4286 836 4359 (20)
862 4287 970 4358 γὰρ
987 4286 1049 4340 τὸ
1079 4288 1305 4354 θηρίον,
1337 4287 1501 4358 ήγουν
1519 4286 1581 4340 τὸ
1607 4287 1886 4360 τέταρτον·

1991 4296 2191 4335 cornua
2230 4286 2348 4349 post
2381 4293 2520 4332 eam.
2553 4273 2620 4329 In
2655 4274 2843 4345 quibus
2875 4272 3111 4327 ascendit
3135 4271 3360 4326 alterunt
3405 4287 3568 4324 cornu

317 4378 417 4431 καί
451 4377 578 4431 ἰδοὺ
603 4376 747 4431 δέκα
774 4376 990 4446 κέρατα
1021 4378 1211 4431 ὀπίσω
1240 4377 1426 4432 αὑτοῦ
1477 4377 1546 4431 ἐν
1583 4373 1674 4443 οἷς
1704 4377 1886 4451 ἀνέϐη

1994 4384 2244 4444 tanquam
2271 4371 2529 4441 pullulus,
2559 4385 2622 4423 ac
2657 4368 2762 4422 tria
2782 4384 2835 4421 se
2859 4366 3039 4436 priora
3063 4364 3374 4420 eradicabit.
3412 4364 3570 4430 Quod

314 4467 526 4536 ἕτερον
552 4467 729 4537 κέρας
757 4470 836 4535 ὡς
863 4467 1276 4538 παραφυάδιον
1295 4487 1306 4498 ·
1332 4469 1428 4522 καὶ
1453 4470 1584 4537 τρία
1621 4468 1740 4523 τῶν
1771 4469 1886 4539 πρὸ

1991 4481 2163 4523 cornu
2207 4463 2473 4534 pullulum
2504 4477 2612 4516 non
2638 4461 2793 4531 .alius
2836 4473 2958 4514 esse
2997 4458 3409 4513 demonstratur
3463 4457 3571 4510 nisi

318 4560 506 4616 αὑτοῦ
543 4561 858 4630 ἐκριζώσει.
906 4563 1082 4634 Ὅπερ
1122 4562 1385 4616 δέδεικται
1408 4563 1573 4634 κέρας
1614 4563 1676 4615 τὸ
1714 4580 1886 4634 παρα-

1989 4557 2397 4620 Autichristus,
2452 4556 2546 4625 qui
2614 4551 2898 4608 suscitabit
2945 4566 3173 4620 regnum
3229 4547 3567 4605 Iudaeorum.

321 4653 562 4722 φυάδιον,
591 4654 746 4708 ἀλλον
773 4654 846 4725 μὴ
879 4649 1018 4707 εἶναι
1052 4655 1098 4706 εί
1136 4655 1207 4725 μὴ
1238 4653 1266 4705 6
1307 4655 1672 4725 Ἀντίχριστος
1709 4658 1738 4708 6
1762 4655 1886 4725 μέλ-

1991 4651 2120 4706 Tria
2149 4664 2354 4705 cornua
2388 4663 2512 4718 qua:
2558 4646 2626 4700 ab
2667 4660 2732 4700 eo
2768 4643 3030 4698 radicitus
3075 4643 3412 4707 evellentur,
3461 4651 3571 4696 tres

319 4748 427 4800 λων
452 4745 755 4815 ἀναστῆσαι
774 4745 872 4815 τὴν
894 4744 1006 4797 τῶν
1052 4743 1315 4796 Ἰουδαίων
1343 4741 1636 4811 βασιλείαν.
1670 4744 1810 4814 Τρία
1835 4744 1886 4797 δὲ

1989 4759 2146 4815 reges
2190 4743 2452 4808 indicant,
2502 4738 2744 4810 Egypti,
2787 4738 2996 4808 Libyae,
3035 4735 3388 4805 Aithiopum,
3432 4750 3572 4804 quos

318 4837 528 4907 κέρατα
555 4836 591 4891 ἃ
622 4835 802 4908 μέλλει
833 4837 963 4906 παρ’
982 4834 1147 4888 αὑτοῦ
1173 4833 1541 4905 ὲκριζοῦσοαι,
1568 4839 1714 4906 τρεῖς
1741 4836 1886 4906 βασιν

1999 4837 2276 4891 deleturus
2318 4843 2402 4888 est
2435 4831 2550 4886 acie
2589 4831 2780 4886 bellica
2819 4848 2831 4884 :
2862 4829 3063 4898 quibus
3092 4826 3347 4882 omnibus
3375 4825 3579 4894 potitus

316 4928 470 4994 λείας
505 4928 888 5001 (21)δεικνύει,
914 4927 1210 4996 Αἰγύπτου,
1239 4926 1448 4980 Λιϐύων
1480 4944 1539 4979 τε
1581 4927 1675 4982 καὶ
1715 4928 1886 4982 Αἰθιό-

1997 4927 2109 4998 jam
2143 4934 2404 4995 tyrannus
2441 4921 2803 4976 formidabilis
2828 4929 3045 4974 sanctos
3069 4918 3263 4987 allliget
3299 4932 3362 4972 ac
3396 4931 3580 4985 perse-

318 5038 461 5088 πων,
490 5023 583 5087 οὒς
597 5022 775 5076 ἀνελεῖ
789 5020 1089 5092 παρατάξει
1115 5019 1370 5091 πολέμου,
1391 5019 1466 5084 ὡς
1489 5021 1766 5092 κρατήσας
1783 5021 1886 5093 (22)

2003 5031 2220 5090 quetur,
2257 5018 2542 5085 insurgens
2572 5015 2625 5068 in
2655 5029 2769 5068 eos.

319 5118 594 5182 ἁπάντων,
635 5114 805 5179 δεινὸς
837 5114 911 5168 ὢν
951 5112 1230 5184 τύραννος,
1271 5110 1446 5182 θλίψιν
1476 5113 1570 5166 καὶ
1611 5113 1850 5186 διωγμὸν
1879 5115 1973 5168 ἐπὶ
2001 5115 2127 5178 τοὺς
2155 5113 2341 5180 ἁγίους
2380 5109 2614 5180 ποιήσει,
2641 5108 2998 5179 ἐπαιρόμενος
3032 5106 3149 5160 κατ’
3179 5105 3381 5161 αὐτῶν.

2068 5336 2190 5418 (9.0)
2225 5335 2323 5389 Ms.
2359 5333 2441 5418 βυ
2477 5333 2697 5418 brevius
2715 5331 3249 5418 contrahenshomuia
3272 5346 3287 5385 :
3314 5332 3453 5401 μετὰ
3479 5329 3577 5418 οὖν

762 5400 1054 5492 .ttt's‘upra,
1080 5400 1338 5492 'éié'r'stvs;
1457 5400 1462 5401 ί
1653 5400 1664 5411 ’
1718 5400 1727 5404 ⁷
2002 5400 2158 5460 τοῦτο
2175 5400 2470 5461 ’κατενόουν
2486 5403 2546 5456 τὺ
2571 5403 2758 5492 θηρίον
2784 5402 2876 5454 καὶ
2905 5400 3010 5492 ξδοίέ
3031 5401 3160 5455 δέκα
3176 5400 3379 5473 κέρατα
3404 5403 3588 5458 ὀπίσω

2046 5479 2058 5492 .
2136 5477 2162 5488 -
2294 5475 2361 5492 ε..
2551 5490 2579 5492 η
2937 5488 3046 5492 ____
3096 5476 3108 5492 .
3164 5475 3207 5492 ς.
3260 5473 3369 5492 ,ινα
3557 5477 3572 5492 .

546 5481 621 5561 [ιιι
646 5481 856 5561 rectius
874 5472 1066 5561 Βίῳ-(ξ
1085 5477 1224 5550 μετὰ
1247 5477 1341 5558 τοῦ
1366 5477 1642 5561 χρυσίου...
1757 5550 1770 5561 Α
1851 5551 1862 5561 _

2001 5477 2187 5561 αἰετοῦ,
2223 5475 2316 5529 καὶ
2341 5476 2523 5546 ἕτερον
2548 5472 2716 5543 κέρας
2743 5472 2879 5542 ὅπερ
2901 5472 3047 5523 ἐστὶν
3087 5476 3115 5526 6
3164 5472 3527 5544 Ἀντίχριστος
3547 5477 3580 5530 6

398 5548 514 5624 (18)
549 5548 1416 5624 ConferAHippolyti'genuiuutn‘
1445 5551 1542 5606 lib.
1596 5549 1674 5605 De
1735 5550 1893 5606 Anti-
2005 5548 2233 5624 μέλλων.

325 5612 699 5704 seriarum
723 5622 836 5704 24-.
867 5612 922 5622 ”
962 5612 1015 5704 .’
1113 5612 1142 5704 ἶ
1193 5692 1214 5704 .

2005 5612 2018 5620 ’
2325 5616 2505 5704 μέλλει
2538 5612 2854 5704 ὲκριζῶσαι,
2883 5616 3030 5686 τρεῖς
3062 5613 3352 5685 βασιλείας.
3395 5616 3453 5670 Β.

401 5694 513 5766 (19)
553 5686 702 5749 Alter
727 5691 840 5751 Pici
880 5691 1048 5749 codex
1071 5731 1086 5762 ,
1115 5690 1262 5762 ὑμῖν.

2076 5686 2186 5762 (22)
2219 5686 2318 5753 ld.,
2349 5687 2422 5751 ώς
2465 5686 2759 5759 κρατήσας.

427 5339 511 5412 15)
545 5340 805 5412 Σημαίνει
833 5341 999 5410 ήγουν
1025 5336 1246 5412 τὴνμτῆς
1269 5337 1474 5401 εἰκόνος
1493 5338 1696 5412 χρυσῆν
1716 5378 1732 5404 ,
1762 5337 1822 5392 Β.

398 5341 511 5544 (15)
545 5341 805 5412 Σημαίνει
833 5341 999 5410 ήγουν
1025 5341 1122 5408 τὴν
1148 5341 1246 5407 τῆς
1269 5341 1335 5390 si:

428 5413 506 5469 16)
542 5412 614 5464 Id.
647 5427 750 5465 ms.
787 5420 846 5464 ut
869 5424 1054 5477 supra,
1086 5407 1335 5472 ἐξέτεινε.

431 5483 511 5544 17)
546 5481 621 5535 Ita
646 5481 847 5536 rectius
874 5479 934 5532 Β.
961 5495 1060 5544 pro
1085 5477 1224 5544 μετὰ
1247 5477 1335 5530 τοῦ
