4028 6214
351 213 454 267 921
1274 209 1550 266 SPURIA.
1586 241 1658 254 -
1691 209 1780 267 DE
1815 208 2416 268 CONSUHMATIONE
2450 209 2688 267 MUNDI.
3497 210 3601 270 9‘39.

349 330 541 387 αὐτοῦ
567 331 814 400 ἐσείσθη
837 329 1005 387 πᾶσα
1026 331 1064 399 ἡ
1089 329 1183 401 γῆ.
1206 333 1317 387 Καὶ
1339 333 1499 387 πάλιν
1521 334 1654 388 Μωῦ
1663 332 1759 405 σῆς
1781 348 1902 404 φησι

2003 339 2178 392 _terra
2215 330 2279 386 θ’.
2327 329 2391 385 Et
2435 347 2626 386 rursus
2657 328 2869 402 Moyses
2908 330 3123 402 inquit:
3171 331 3394 388 Catulus
3432 336 3597 390 .eonis

349 427 630 496 Σκύμνος
652 426 900 492 λέοντος
932 427 1086 491 Δὰν,
1129 428 1224 481 καὶ
1263 428 1370 500 (56)
1419 427 1821 497 ἐκπηδήσεται
1860 427 1902 480 ἐι

2037 422 2177 488 Dan,
2208 433 2258 476 et
2285 423 2490 478 exsiliet
2512 440 2540 478 ε
2575 423 2756 478 Busan
2784 424 2848 476 ⁸³.
2888 422 2950 477 Ει
2977 441 3044 480 ne
3070 426 3194 495 quis
3218 425 3362 480 dicat
3395 427 3596 482 dictum

347 518 455 573 τοῦ
479 517 706 572 Βασὰν.
755 517 892 571 Ἀλλ’
910 518 996 572 ἵνα
1019 521 1091 591 μή
1110 537 1194 584 τις
1215 520 1391 592 σφαλῇ
1421 519 1660 592 περὶτοῦ
1681 520 1902 592 Σωτῆροι

2033 513 2139 567 hoc
2187 512 2255 566 ad
2304 511 2634 568 Salvatorem
2685 516 2994 584 pertinere,
3052 517 3293 571 attendat
3334 517 3596 575 animum.

348 607 606 679 εἰρῆσθαι
633 607 694 660 τὸ
723 608 885 678 ῥητὸν
917 607 1097 672 τοῦτο,
1128 610 1476 680 ἐπιστησάτω
1506 609 1598 662 τὸν
1624 608 1748 662 νοῦν
1791 609 1921 678 (57).

346 699 488 763 Δάν,
503 699 655 768 φησι,
675 699 943 768 σκύμνος
959 699 1226 767 λέοντος-ο
1246 700 1341 772 τὴν
1362 700 1531 773 φυλὴν
1546 700 1815 770 ὀνομάσας
1829 698 1923 753 τοῦ

345 793 476 855 Δάν,
505 791 801 861 ἐσαφήνισε
826 790 888 844 τὸ
915 792 1295 862 προκείμενον,
1325 792 1384 857 ἐξ
1417 789 1487 866 ἦς
1521 792 1701 864 μέλλει
1733 793 1762 844 6
1805 793 1922 847 διά-

345 879 502 944 ϐολος
550 871 864 948 γεννᾶσθαι.
915 879 1124 951 Ὥσπερ
1171 880 1279 952 γὰρ
1323 881 1435 953 (58)
1490 883 1554 934 ἐκ
1596 881 1696 950 τῆς
1749 880 1923 951 φυλῆς

355 971 529 1026 Ἰούδα
559 971 814 1040 γεννᾶται
841 973 871 1025 6
897 972 1151 1042 Χριστὸς,
1186 971 1357 1036 οὕτως
1386 973 1451 1026 ἐκ
1479 972 1580 1043 τῆς
1617 972 1722 1025 Δάν
1750 971 1920 1043 φυλῆς

347 1064 666 1134 γεννήσεται
695 1065 725 1116 6
763 1063 1146 1134 Ἀντίχριστος.
1183 1063 1288 1117 Τοῦ
1325 1064 1423 1135 μὲν
1448 1064 1651 1136 Κυρίου
1683 1064 1776 1116 καὶ
1807 1064 1919 1115 Σω-

339 1155 512 1227 τῆρος
529 1155 683 1226 ἡμῶν
699 1156 870 1228 Ἰησοῦ
889 1157 1124 1229 Χριστοῦ
1147 1156 1276 1210 Υίοῦ
1297 1158 1389 1210 τοῦ
1408 1156 1564 1220 Θεοῦ,
1587 1156 1672 1210 διὰ
1689 1156 1746 1209 τὸ
1771 1156 1918 1226 βασι·

339 1246 491 1300 λικδν
515 1248 608 1302 καὶ
636 1248 862 1314 ἔνδοξον,
881 1249 1093 1314 λέοντος
1112 1267 1353 1323 προκεκη
1363 1251 1626 1322 ρυγμένου
1647 1273 1655 1280 ·
1679 1249 1754 1320 τῷ
1767 1249 1914 1321 αὐτῷ

335 1339 528 1410 τρόπῳ
543 1339 637 1394 καὶ
653 1339 742 1394 τὸν
758 1339 1000 1394 διάϐολον
1019 1342 1216 1412 ὁμοίως
1233 1341 1419 1394 λέοντα
1442 1342 1911 1412 προανηγόρευσεν

338 1433 372 1502 ή
409 1431 597 1502 Γραφή
634 1431 742 1503 (59)
774 1431 863 1486 διὰ
898 1433 960 1486 τὸ
986 1434 1304 1504 τυραννικὸν
1333 1433 1496 1487 αὑτοῦ
1521 1434 1613 1486 καὶ
1643 1433 1836 1503 βίαιον.

412 1521 530 1576 XX.
563 1523 720 1576 Κατά
743 1523 920 1576 πάντα
946 1525 1053 1595 γάρ
1071 1524 1441 1596 ἐξομοιοῦσθαι
1462 1524 1703 1594 βούλεται
1724 1526 1751 1577 6
1774 1523 1909 1577 πλά-

2031 603 2174 666 Dan,
2205 604 2401 674 inquit,
2427 605 2634 661 catulus
2664 607 2828 660 leonis
2853 622 2871 660 :
2897 608 3244 677 perspicuum
3271 609 3445 663 reddit
3473 626 3600 680 pro-

2028 694 2286 762 positum,
2318 698 2592 752 nominata
2621 698 2761 751 tribu
2795 699 2940 761 Dan,
2971 699 3038 753 de
3067 715 3173 768 qua
3206 709 3458 754 nascetur
3482 701 3600 756 dia-

2030 784 2205 838 bolus.
2234 782 2700 850 Quemadmodum
2738 787 2881 840 enim
2909 801 2940 842 e
2965 787 3104 842 tribu
3144 786 3282 842 Juda
3312 798 3471 844 natus
3515 801 3598 847 est

2028 877 2279 932 Christus
2305 919 2320 941 ,
2374 877 2448 932 ita
2499 890 2751 934 nascetur
2787 896 2818 934 e
2859 881 3000 934 tribu
3045 879 3160 935 Dan
3205 880 3591 938 Antichristus.

2027 969 2273 1039 Cumque
2297 970 2560 1027 Dominus
2584 988 2648 1027 ac
2683 972 2929 1027 Salvator
2955 984 3138 1029 noster
3166 973 3324 1029 Jesus
3345 975 3595 1032 Christus

2026 1059 2198 1114 Filius
2221 1060 2312 1115 Dei
2342 1072 2554 1132 propter
2583 1065 2782 1134 regiam
2814 1073 2868 1119 el.
2903 1065 3165 1120 illustrem
3201 1077 3472 1132 naturam.
3510 1069 3594 1124 leo

2021 1152 2090 1206 sit
2133 1163 2256 1206 ante
2298 1156 2648 1224 praedicatus;
2705 1156 2890 1210 eodem
2942 1157 3103 1211 modo
3151 1157 3427 1229 Scriptura
3472 1163 3591 1216 dia-

2019 1242 2202 1296 bolum
2241 1245 2311 1298 ob
2347 1247 2683 1315 tyrannicam
2727 1264 2792 1302 ac
2831 1249 3120 1304 violentam
3158 1250 3388 1306 indolem
3413 1291 3429 1316 ,
3474 1252 3588 1308 leo-

2018 1349 2142 1387 nem
2176 1336 2424 1390 similiter
2446 1337 2559 1392 fore
2583 1339 2914 1408 praedicavit.

2087 1514 2205 1569 XX.
2246 1513 2404 1582 Nam,
2434 1534 2531 1588 per
2580 1520 2762 1575 omnia
2810 1523 3061 1578 seductor
3107 1523 3196 1580 ille
3240 1526 3354 1581 vult
3387 1526 3587 1583 imitari

334 1631 430 1677 νος
457 1614 537 1684 τῷ
565 1615 681 1686 Υίῷ
727 1615 821 1669 τοῦ
861 1616 1016 1670 Θεοῦ.
1047 1617 1196 1669 Λέων
1227 1617 1255 1668 ὁ
1280 1617 1512 1688 Χριστὸς
1535 1657 1552 1684 ,
1591 1617 1684 1670 καὶ
1712 1615 1846 1670 λέων
1877 1619 1902 1670 6

2014 1607 2208 1663 Filium
2247 1609 2360 1666 Dei.
2430 1611 2538 1666 Leo
2578 1612 2858 1679 Christus,
2904 1616 2990 1670 leo
3035 1633 3252 1688 quoque
3308 1620 3582 1678 Antichri-

346 1707 730 1778 ’Δντίχριστος.
751 1709 1009 1772 Βασιλεὺς
1036 1711 1065 1763 6
1099 1709 1331 1780 Χριστὸς
1362 1710 1471 1763 τῶν
1508 1711 1772 1781 οὐρανίων
1797 1711 1902 1782 (40)

2014 1707 2154 1752 stus.
2188 1697 2435 1753 Christus
2461 1717 2552 1756 rex
2579 1703 2877 1758 cmlestium
2907 1716 3066 1776 atque
3104 1711 3459 1779 terrestrium,
3489 1729 3583 1769 rex

331 1799 432 1851 καὶ
455 1799 740 1868 ἐπιγείων,
770 1802 863 1854 κα)⁸
898 1800 1150 1871 βασιλεὺς
1175 1802 1460 1872 γενήσεται
1485 1802 1578 1856 ἐπὶ
1605 1803 1710 1873 γῆς
1740 1803 1768 1854 6
1793 1805 1911 1855 ’Av-

327 1890 628 1960 τίχριστος.
678 1892 923 1964 Ἐδείχθη
967 1895 996 1947 6
1036 1895 1230 1966 Σωτὴρ
1274 1895 1350 1957 ὡς
1391 1894 1596 1966 ἀρνίον,
1629 1895 1722 1946 καὶ
1753 1893 1911 1957 αὐτὸς

331 1982 632 2052 φανήσεται
645 1981 722 2046 ὡς
745 1982 951 2054 ἀρνίον,
969 1982 1128 2047 λύκος
1145 1982 1219 2036 ὢν
1239 1982 1466 2036 ἔνδοθεν.
1487 1983 1911 2054 Ἑμπεριτεμνό-

331 2088 497 2144 μενος
525 2074 555 2126 6
579 2073 772 2144 Σωτὴρ
793 2074 1004 2142 γέγονε,
1035 2075 1130 2128 καὶ
1157 2074 1318 2138 αὐτὸς
1366 2074 1564 2145 ὁμοίως
1589 2074 1699 2142 (il)
1730 2076 1786 2128 ἐν
1810 2092 1908 2127 πε-

325 2168 525 2237 τιτομῇ
563 2168 904 2238 γεννήσεται.
953 2168 1295 2222 Ἀπέστειλεν
1323 2170 1408 2222 6X
1419 2168 1596 2238 ριστὸς
1620 2170 1746 2233 τοὺς
1777 2169 1910 2220 ἀπο-

328 2259 552 2322 στόλους
583 2261 666 2323 εἰς
699 2260 879 2313 πάντα
915 2260 982 2314 τὰ
1006 2261 1154 2332 ἔθνη,
1198 2262 1292 2315 καὶ
1321 2261 1480 2325 αὐτὸς
1521 2262 1722 2332 ὁμοίως
1771 2262 1909 2331 πέμ-

323 2349 418 2419 ψει
442 2350 928 2420 ψευδαποστόλους.
953 2354 1237 2425 Συνήγατε
1257 2353 1326 2406 τὰ
1345 2353 1747 2424 ἐσκορπισμένα
1777 2353 1908 2425 πρό-

323 2439 469 2492 ϐατα
499 2443 528 2494 6
556 2441 811 2512 Χριστὸς,
835 2442 928 2495 καὶ
949 2443 1111 2503 αὐτὸς
1143 2443 1341 2513 ὁμοίως
1363 2443 1576 2510 συνάξει
1604 2443 1692 2496 τὸν
1713 2445 1905 2514 ἐσκορ-

325 2532 589 2602 πισμένον
617 2532 743 2586 λαὸν
773 2532 880 2587 τὼν
913 2534 1177 2606 Ἑϐραίων
1195 2535 1326 2604 (42).
1361 2535 1595 2588 Ἔδωκεν
1615 2537 1642 2586 6
1673 2536 1906 2607 Χριστὸς

321 2625 438 2685 τοῖς
460 2625 542 2686 εἰς
567 2624 731 2678 αὐτὸν
753 2624 1066 2678 πιστεύουσι
1088 2625 1177 2678 τὸν
1198 2626 1376 2696 τίμιον
1401 2626 1493 2678 καὶ
1522 2626 1778 2690 ζωοποιὺν
1793 2627 1900 2696 (άὸ)

323 2714 580 2787 σταυρὸν,
610 2716 706 2768 καὶ
728 2715 890 2780 αὐτὸς
916 2717 1118 2787 ὁμοίως
1149 2716 1307 2769 δώσει
1341 2717 1402 2769 τὸ
1433 2717 1626 2770 ἑαυτοῦ
1659 2720 1900 2787 σημεῖον.

337 2806 428 2859 Ἐν
458 2808 694 2877 σχήματι
722 2806 1010 2879 ἀνθρώπου
1041 2807 1214 2878 ἐφάνη
1246 2810 1274 2861 6
1321 2807 1551 2879 Κύριος,
1605 2810 1698 2862 καὶ
1743 2809 1902 2871 αὐτὸς

320 2899 524 2970 ὁμοίως
539 2901 596 2952 ἐν
617 2902 855 2971 σχήματι
870 2901 1156 2973 ἀνθρώπου
1180 2901 1516 2966 ἐξελεύσεται
1538 2901 1666 2970 (Li).
1686 2903 1778 2954 Ἐκ
1795 2901 1900 2953 τῶν

332 2989 601 3062 Ἐϐραίων
631 2991 660 3044 6
686 2991 920 3062 Χριστος
947 2991 1206 3059 ἀνέτειλε,
1234 2992 1327 3046 καὶ
1357 2992 1515 3056 αὐτὸς
1547 2991 1606 3056 ἐξ
1639 2991 1900 3045 Ἰουδαίων
1927 3030 1969 3088 C

317 3082 660 3152 γεννήσεται.
688 3082 980 3149 Ἀνέδειξεν
997 3085 1108 3156 (45)
1131 3087 1160 3139 6
1179 3085 1411 3156 Χριστὸς
1433 3084 1528 3156 τὴν
1561 3085 1695 3139 ίδίαν
1721 3086 1897 3156 σάρκα

316 3172 554 3239 ὠςναὸν,
578 3177 672 3230 καὶ
695 3177 959 3247 ἀνέστησε
975 3180 1098 3249 τριή
1108 3195 1290 3249 μερον,
1307 3180 1397 3232 κα)¹
1416 3179 1576 3242 αὐτὸς
1604 3180 1896 3250 ἀναστήσει

314 3266 410 3320 τὸν
444 3269 502 3320 ἐν
530 3268 916 3339 Ἱεροσολύμοις
951 3270 1150 3324 λίθινον
1181 3271 1324 3324 ναόν.
1362 3272 1472 3324 Καὶ
1501 3271 1673 3324 ταῦτα
1709 3273 1808 3342 μὲν
1831 3272 1896 3326 τὰ

318 3356 498 3410 πλάνα
530 3359 697 3412 αὑτοῦ
721 3361 1091 3432 τεχνάσματα,
1129 3363 1185 3414 ἐν
1215 3365 1326 3426 τοῖς
1358 3361 1486 3432 ἑξῆς
1516 3363 1897 3434 δηλωθησομέ-

315 3466 429 3512 νοις
449 3451 666 3522 ἐμφανῆ
687 3455 1004 3524 γενήσονται
1028 3457 1139 3518 τοῖς
1157 3455 1420 3524 νουνεχῶς
1438 3457 1470 3525 ή
1481 3455 1595 3526 μῶν
1617 3455 1888 3509 ἀκούουσι.

389 3541 531 3598 XXI.
560 3547 668 3598 Καὶ
685 3547 789 3620 γάρ
805 3546 899 3600 δύο
927 3549 1226 3619 παρουσίας
1245 3548 1339 3602 τοῦ
1359 3549 1594 3620 Χριστοῦ
1613 3551 1705 3604 καὶ
1719 3551 1893 3621 Σωτῆ-

318 3651 412 3706 ρος
431 3634 518 3689 διὰ
545 3635 653 3689 τῶν
676 3637 905 3708 Γραφῶν
917 3639 1164 3710 ἐδιδάχθη
1175 3656 1291 3709 μεν.
1315 3641 1424 3692 Καὶ
1447 3639 1544 3710 μὲν
1565 3640 1752 3712 πρώτη
1778 3642 1889 3713 (46)

315 3728 461 3782 κατά
489 3728 664 3800 σάρκα
709 3732 1048 3802 γεγενημένη
1092 3733 1125 3802 ἡ
1154 3732 1382 3802 ἄτιμος,
1415 3732 1503 3785 διά
1544 3732 1605 3785 τὸ
1641 3733 1890 3787 ταπεινὸν

313 3821 592 3891 δειχθῆναι
615 3821 810 3876 αὐτόν·
840 3822 1012 3887 οὕτως
1042 3824 1136 3877 καὶ
1169 3823 1449 3896 ηδευτέρα
1480 3824 1644 3877 αὐτοῦ
1688 3843 1891 3896 παρου-

317 3914 409 3968 σία
441 3915 779 3987 κεκήρυκται
819 3917 877 3970 ἐν
905 3916 1030 3988 δόξῃ
1057 3957 1072 3981 ,
1111 3917 1187 3981 ὠς
1216 3918 1476 3988 πάρεστιν
1510 3918 1616 3970 ἀπὸ
1650 3917 1891 3989 οὐρανῶν

318 4006 457 4076 μετὰ
489 4007 790 4078 δυνάμεως,
820 4009 914 4062 καὶ
942 4009 1220 4078 ἀγγέλων,
1253 4009 1348 4063 καὶ
1397 4010 1668 4080 πατρικῆς
1712 4010 1888 4079 δόξης.

328 4097 393 4152 Ἦ
423 4099 522 4170 μὲν
553 4098 739 4172 πρώτη
773 4099 939 4154 αὐτοῦ
974 4101 1265 4172 παρουσία,
1305 4102 1553 4170 Ἰωάννην
1579 4101 1669 4152 τὸν
1701 4101 1895 4152 Βαπτι-

316 4191 448 4262 στὴν
471 4187 585 4261 εἶχε
609 4191 914 4264 πρόδρομον
933 4209 946 4222 ·
981 4194 1014 4262 ὴ
1045 4192 1101 4245 δὲ
1127 4192 1354 4264 δευτέρα
1382 4192 1569 4256 αὑτοῦ,
1615 4194 1672 4244 ἐν
1764 4192 1890 4263 μέλ-

313 4281 396 4335 λει
424 4282 675 4356 ἔρχεσθαι
699 4285 756 4336 ἐν
789 4283 938 4356 δόξῃ,
982 4285 1172 4354 Ἑνὼχ,
1203 4285 1296 4337 καὶ
1343 4284 1546 4346 Ἰίλίαν,
1581 4285 1673 4338 καὶ
1711 4284 1889 4337 Ἰωάν-

312 4390 412 4445 νην
429 4373 520 4427 τὸν
541 4375 790 4444 Θεολόγον
819 4375 929 4446 (47)
977 4373 1262 4440 ἀναδείξει.
1291 4375 1400 4427 Καὶ
1428 4375 1531 4445 ὅρα
1569 4373 1662 4426 τοῦ
1689 4374 1890 4426 Δεσπό-

385 4517 430 4549 ⁶¹
455 4514 656 4572 Jerem.
687 4533 761 4572 vn
789 4559 806 4584 ,
847 4516 935 4573 l6.
1012 4515 1057 4548 “
1090 4515 1245 4570 Deut.
1277 4516 1580 4578 xxxm,‘2*2.

407 4657 495 4722 56)
533 4655 691 4710 Deest
719 4654 812 4709 καί
854 4655 907 4709 in
940 4654 1000 4709 Β.

407 4726 497 4796 57)
530 4725 635 4790 ld.,
659 4725 1008 4796 ἐπιστησάτω
1032 4725 1125 4778 τὸν
1153 4723 1352 4796 ἑαυτοῦ
1383 4725 1509 4796 νοῦν
1535 4725 1796 4796 ἀκριϐῶς.

413 4792 500 4868 58)
531 4796 634 4860 ld.,
668 4792 856 4867 ὥσπερ
886 4792 991 4867 γὰρ
1015 4797 1079 4849 ἐκ
1104 4796 1202 4918 1):);
1231 4793 1401 4848 Ἰούδα
1429 4792 1657 4864 φυλῆςὸ
1687 4796 1886 4875 δύριος

413 4866 470 4918 ὒν
494 4866 588 4918 καὶ
630 4866 821 4918 Σωτὴρ
875 4865 1080 4918 Ἰησοῦς
1171 4863 1351 4918 ato-:6:
1390 4866 1419 4916 6
1462 4866 1586 4918 Υἱὸς
1623 4884 1715 4918 του
1751 4868 1884 4918 θεοῦ

309 4863 588 4938 ἡμῶνκαὶ
630 4863 852 4938 Σωτὴρί
875 4863 1080 4938 Ἰησοῦς
1119 4863 1351 4938 Χριστὸς
1390 4866 1419 4938 6
1623 4863 1884 4938 1066506

309 4935 599 5006 γεννᾶται,
653 4937 748 4990 καὶ
772 4935 869 4990 ’διὰ
911 4935 973 4989 τὺ
1015 4935 1303 5006 βασιλικὸν,
1338 4936 1429 4988 καὶ
1445 4935 1650 5002 ἔνδοξον
1675 4936 1886 4998 λέοντος

310 5005 856 5079 προκεκηρυγμένον·
893 5005 1075 5062 minus
1126 5007 1260 5079 bene
1292 5005 1365 5060 ita
1395 5006 1651 5062 librarius
1703 5008 1882 5061 locum

309 5077 372 5134 in
397 5077 457 5132 Β.
489 5077 828 5148 perturbavit
856 5092 921 5132 ac
950 5077 1213 5148 corrupit.

385 5145 503 5219 (59)
531 5147 681 5203 Alter
719 5146 833 5202 Pici
862 5147 1044 5219 fcodex
1084 5145 1138 5219 ei.
1173 5145 1236 5219 Βζ
1259 5186 1275 5211 ,
1314 5148 1788 5219 προανηγόρευσαν
1827 5148 1884 5199 αἱ

309 5215 530 5359 ἓρᾷφριὶ
553 5261 568 5284 ,
590 5219 672 5359 >τδ
711 5216 1035 5290 τυραννικὸν
1071 5217 1235 5272 αὐτοῦ
1265 5215 1368 5270 καῖ
1395 5215 1568 5285 βίαιον
1598 5215 1886 5288 δηλοῦντες

433 5307 586 5343 ουσαι
617 5329 630 5343 .

401 5289 630 5343 λοῦσαι).

308 5289 630 5428 (δηλοῦσαι).
787 5289 792 5290 ί

407 5359 494 5428 40)
530 5359 617 5426 Β.,
649 5358 1009 5428 ἐπουρανίων.

407 5427 494 5500 41)
528 5430 743 5500 Insigne
785 5427 888 5484 hoc
937 5430 1369 5500 supplementum
1417 5445 1480 5486 ex
1510 5427 1570 5482 Β.
1614 5431 1874 5485 accessit:

309 5500 628 5573 namAverba
653 5500 947 5571 φανήσεται
966 5501 1042 5564 ὼς
1063 5501 1268 5572 ἀρνίον,
1296 5517 1469 5573 usque
1496 5501 1560 5554 ad
1599 5501 1691 5554 καὶ
1720 5501 1879 5564 αὑτός

310 5573 366 5627 in
393 5571 554 5626 editis
582 5571 828 5626 aberant.
1105 5571 1112 5572 ’
1381 5571 1399 5598 ί

383 5642 496 5711 (42)
527 5639 646 5694 Τῶν
691 5639 970 5707 Ἰουδαίων,
1007 5637 1065 5693 Β.

2014 1791 2173 1844 etiam
2206 1803 2460 1847 nascetur
2487 1811 2648 1863 super
2682 1806 2877 1850 terram
2924 1799 3309 1858 Antichristus.
3344 1804 3584 1862 Demon-

2013 1893 2216 1940 stratus
2276 1894 2355 1940 est
2413 1886 2659 1943 Salvator
2701 1899 2760 1944 ut
2807 1908 3015 1962 agnus,
3065 1896 3180 1964 ipse
3220 1914 3438 1968 quoque
3480 1916 3582 1970 ap-

2011 1977 2221 2046 parebit
2272 1986 2330 2032 ut
2385 1995 2596 2050 agnus,
2651 1985 2800 2038 intus
2853 1995 3035 2041 autem
3089 1987 3249 2058 lupus
3285 1992 3406 2046 erit.
3464 1994 3584 2048 Cir-

2010 2069 2289 2124 cumcisus
2347 2083 2427 2126 est
2464 2071 2745 2139 Salvator,
2798 2075 2911 2145 ipse
2957 2090 3208 2134 nascetur
3245 2083 3298 2136 in
3345 2084 3582 2139 circum-

2009 2164 2233 2219 cisione.
2291 2165 2541 2222 Christus
2589 2169 2737 2224 misit
2790 2174 3066 2240 apostolos
3115 2177 3180 2228 ad
3224 2190 3412 2230 omnes
3450 2194 3582 2246 gen-

2009 2263 2127 2318 tes,
2177 2257 2264 2312 hic
2319 2258 2500 2314 itidem
2554 2261 2727 2315 mittet
2773 2265 3272 2333 pseudoapostolos.
3327 2268 3580 2324 Christus

2007 2361 2135 2401 oves
2163 2347 2434 2418 dispersas
2465 2355 2842 2422 congregavit,
2901 2356 2988 2409 hic
3026 2358 3280 2426 populum
3321 2357 3574 2415 Hebraeo-

2005 2454 2124 2492 rum
2169 2441 2472 2510 dispersum
2528 2446 2592 2498 ad
2634 2449 2880 2500 eumdem
2932 2453 3151 2503 modum
3203 2454 3572 2522 congregabit.

2004 2528 2254 2586 Christus
2303 2534 2448 2588 dedit
2499 2539 2842 2593 credentibus
2897 2541 2950 2593 in
2996 2558 3118 2594 cum
3167 2545 3458 2611 pretiosam
3508 2563 3573 2602 ac

2004 2623 2270 2678 viviﬁcam
2310 2641 2550 2693 crucem,
2591 2629 2883 2700 hicjtidem
2911 2632 3124 2701 signum
3156 2651 3314 2688 suum
3344 2637 3572 2694 daturus

2003 2726 2104 2769 est.
2151 2718 2417 2786 Apparuit
2450 2720 2712 2776 Dominus
2754 2723 2806 2775 in
2841 2725 3012 2794 ﬁgura
3058 2726 3323 2793 humana,
3359 2730 3438 2783 sic
3469 2731 3572 2786 iste
3625 2782 3631 2789 .

2002 2809 2234 2877 prodibit
2268 2812 2370 2866 sub
2406 2811 2576 2867 l'orma
2611 2814 2869 2872 hominis.
2912 2817 2989 2870 Ex
3025 2816 3264 2874 llebrmis
3299 2831 3451 2875 ortus
3487 2833 3571 2877 est

2001 2899 2284 2964 Christus.
2335 2903 2423 2959 hic
2464 2921 2681 2975 quoque
2719 2919 2972 2962 nascetur
2999 2926 3029 2963 e
3067 2909 3282 2965 Iudaeis.
3322 2913 3570 2968 Christus

2002 2997 2236 3050 ostendit
2260 3012 2478 3052 carnem
2508 3017 2663 3056 suam
2695 3009 2950 3076 tanquam
2977 3004 3266 3072 templum,
3309 3022 3372 3059 at:
3395 3007 3572 3061 susci-

2002 3088 2136 3142 tavit
2166 3091 2324 3146 tertia
2354 3092 2461 3159 die,
2501 3093 2580 3148 sic
2612 3094 2712 3148 iste
2736 3093 3086 3166 Jerosoiymis
3113 3098 3395 3152 suscitabit
3433 3109 3569 3154 tem—

2002 3179 2150 3248 plum
2199 3181 2490 3249 lapideum.
2530 3184 2705 3252 Atque
2755 3183 2854 3238 has
2903 3185 3047 3239 illius
3095 3175 3336 3240 fallacias
3387 3203 3452 3242 ex
3499 3189 3568 3243 iis

2001 3287 2122 3342 quae
2158 3273 2412 3343 deinceps
2451 3290 2806 3344 exponemus,
2849 3276 3056 3346 liquido
3103 3277 3433 3349 intelligent,
3472 3279 3567 3349 qui

2002 3373 2206 3420 attente
2230 3381 2330 3420 nos
2354 3367 2594 3422 audient.

2067 3550 2206 3609 XXI.
2244 3551 2377 3605 Nam
2411 3567 2441 3606 e
2472 3551 2767 3620 Scripturis
2794 3552 3058 3621 duplicem
3099 3553 3388 3607 adventum
3414 3552 3567 3608 Chri-

1995 3643 2062 3698 sti
2093 3659 2157 3697 ae
2193 3643 2490 3696 Salvatoris
2535 3642 2845 3696 didicimus.
2896 3642 2974 3696 Ac
3019 3643 3168 3711 prior
3216 3645 3430 3712 quidem
3480 3661 3566 3700 se-

1995 3734 2231 3788 cundum
2261 3747 2505 3795 carnem,
2531 3730 2632 3785 l'uit
2654 3733 2927 3800 abjectus:
2962 3747 3026 3785 eo
3055 3733 3198 3801 quod
3229 3733 3314 3786 ille
3343 3735 3563 3790 humilis

1993 3825 2320 3894 apparuerit.
2373 3825 2449 3878 lta
2484 3826 2750 3893 posterior
2781 3824 2900 3891 ejus
2943 3825 3206 3879 adventus
3239 3825 3562 3894 praedicatus

1992 3925 2075 3970 est
2102 3916 2402 3986 gloriosus:
2433 3915 2688 3984 quoniam
2720 3916 2919 3968 venite
2949 3915 3098 3970 caelis
3126 3931 3247 3968 eum
3286 3917 3523 3985 potentia
3543 3957 3564 3983 ,

1993 4025 2116 4064 cum
2154 4009 2360 4078 angelis
2390 4016 2444 4064 et
2470 4007 2637 4076 gloria
2666 4005 2860 4060 Patris.
2902 4005 3058 4061 Prior
3085 4006 3256 4076 ipsius
3297 4007 3560 4064 adventus

1992 4118 2380 4173 praacursorem
2412 4101 2601 4156 habuit
2631 4098 2892 4154 Joannem
2922 4099 3212 4168 Baptistam
3234 4139 3248 4161 ,
3291 4099 3561 4169 posterior

1994 4207 2174 4250 autem
2193 4235 2209 4259 ,
2241 4211 2349 4264 quo
2391 4202 2649 4247 venturus
2679 4203 2760 4247 est
2792 4193 2842 4245 in
2871 4192 3038 4260 gloria
3057 4231 3071 4252 ,
3099 4189 3281 4244 Enoch
3301 4230 3318 4258 ,
3349 4189 3555 4258 Eliam,

1993 4289 2048 4334 et
2103 4278 2368 4334 Joannem
2429 4280 2738 4350 theologum
2792 4279 3085 4333 exhibebit.
3157 4279 3554 4334 Humanitatem

1994 4380 2174 4441 specta
2207 4370 2458 4425 Domini:
2507 4381 2565 4424 ut
2592 4370 2672 4424 vel
2703 4369 2958 4424 extremis
2996 4369 3325 4439 temporibus
3355 4379 3558 4426 morta-

1918 4663 1960 4716 1)
2061 4653 2170 4723 (5'5)
2203 4652 2378 4707 Verba
2404 4627 2786 4723 καὶγζωοποιὸν
2807 4652 3003 4723 desunt
3031 4654 3081 4705 in
3124 4652 3182 4706 Β.

2061 4721 2172 4794 (44.)
2205 4723 2439 4794 Verbum
2465 4722 2798 4794 ἐξελεύσεται
2823 4722 2872 4774 in
2894 4721 2952 4776 Β.
2985 4723 3166 4777 itidem
3194 4724 3551 4784 desideratur.

2060 4792 2169 4868 (45)
2203 4795 2259 4868 in
2290 4793 2356 4868 B1
2385 4803 2527 4847 totus
2566 4792 2653 4868 hic
2689 4794 2838 4868 locus
2883 4799 2954 4847 ita
2996 4795 3236 4868 legitur;
3272 4796 3490 4868 Ἀνέστη
3523 4801 3554 4854 ὁ

1989 4864 2175 4939 Σωτὴρ
2206 4865 2269 4939 ἐκ
2291 4864 2399 4939 τιῖίν
2428 4864 2634 4939 νεκρῴν
2660 4865 2985 4939 τριήμερος,
3004 4867 3095 4939 καὶ
3121 4865 3282 4939 αῦτὸς
3322 4864 3553 4939 ἀναστή-

1990 4913 2190 5008 ἓξὶμτὲν
2236 4936 2292 5008 ἐν
2338 4913 2724 5008 Ἰεροσολύμοις
2754 4913 2896 4988 ὀὲιόύ.
2933 4913 3055 5008 Plini.
3084 4913 3280 5008 ’ταῦτα’
3302 4935 3398 5008 μὲν
3451 4915 3550 5008 τῐίς

1991 5005 2198 5079 πλάνης
2226 5003 2390 5079 αὑτοῦ
2406 5003 2491 5079 fit
2516 5003 2880 5079 τεχνάσματα,
2911 5004 3120 5079 καὶμτὰ,
3145 5005 3272 5079 ἐξῇς
3304 5003 3548 5079 δηλωθη-

1989 5075 2192 5147 σόμενα
2218 5075 2438 5147 ἐμφανῆ
2468 5078 2796 5147 γενήσονται,
2812 5075 3074 5145 νουνεχῶς
3099 5075 3372 5130 ἀκούουσι.

2063 5094 2192 5147 μενα
2223 5094 2247 5128 ε
2297 5094 2438 5144 φανη
2468 5094 2784 5145 γενησονται
2812 5094 3074 5145 νουνεχως
3099 5094 3372 5130 ακουουσι.

2063 5146 2174 5216 (46)
2216 5094 2355 5201 [diem
2386 5161 2486 5217 ms.
2519 5187 2533 5208 ,
2565 5145 2705 5217 κατὰ
2739 5145 2913 5217 σάρκα
2949 5147 3196 5217 γέννησις
3239 5147 3430 5217 άτιμος
3463 5147 3550 5202 διὰ

1991 5217 2050 5270 τὸ
2077 5217 2405 5269 ταπεινῶσαι
2435 5216 2644 5296 ἐξιυξόνζ
2684 5217 2744 5267 Ἠ
2773 5215 2827 5296 δέ
2854 5215 3075 5287 δευτέρα
3097 5215 3260 5296 αὑτοῦ
3286 5215 3548 5296 παρουσία

1988 5287 2317 5359 κηρύττεται
2364 5285 2586 5359 ἐνήδόξῃ
2616 5286 2691 5348 ὡς
2737 5287 2994 5356 πάρεστιν
3011 5285 3126 5339 ήάπὺ
3151 5285 3378 5358 οὐρανοῦ
3411 5294 3549 5359 μετὰ

1989 5355 2268 5426 δυνάμεως
2295 5355 2689 5425 ἀγγέλωνζοῑο.

2044 5425 2156 5497 (47⁷)
2192 5427 2429 5481 Duorum
2463 5436 2685 5497 tantum_
2716 5425 2932 5479 testium
2979 5425 3038 5497 lit
3076 5428 3280 5482 mentio
3333 5427 3546 5496 Apoca-

1984 5493 2152 5568 lypsis
2179 5514 2255 5561 χι,
2286 5499 2341 5561 5,
2372 5512 2512 5566 quos
2551 5497 2616 5549 de
2646 5493 2865 5550 Enocho
2912 5506 2964 5550 et
3003 5496 3118 5552 Elia
3147 5510 3352 5553 veteres
3385 5493 3542 5553 com-

1985 5567 2222 5636 muniter
2255 5568 2674 5636 interpretantur
2696 5603 2710 5624 ,
2766 5575 2823 5617 ut
2859 5577 3100 5621 notatum
3131 5585 3160 5624 a
3213 5570 3340 5623 viris
3365 5569 3542 5624 doctis

1981 5637 2047 5691 ad
2074 5635 2132 5691 S.
2164 5635 2420 5692 lrenaaum
2455 5652 2524 5701 tv,
2557 5635 2642 5698 50,
2668 5646 2792 5699 etv,
2929 5639 3130 5693 Auctor
3169 5641 3413 5694 Chronici
3442 5658 3535 5708 pa-
