4028 6214
485 251 592 309 925

1291 249 1578 306 APPEND.
1620 251 1712 306 AD
1749 250 2027 306 PARTEM
2063 251 2105 306 ll
2135 249 2416 306 OPERUM
2455 249 2511 305 S.
2551 243 2928 303 lllPPOLYTI.

3621 233 3722 294 ρει

487 373 618 429 lium
649 386 836 430 curam
869 381 1020 446 gerat
1058 389 1123 431 ac
1166 373 1508 430 misereatur.
1557 372 1634 428 Ac
1667 389 1734 429 ne
1766 380 1896 429 tunc
1937 373 2059 444 qui-

2170 391 2252 427 του
2299 375 2399 445 τὴν
2457 371 2886 443 φιλανθρωπίαν,
2935 369 3018 422 ὅτι
3068 365 3160 420 καὶ
3219 366 3276 418 ὲν
3325 366 3436 426 τοῖς
3483 363 3726 434 ὑστέροις

489 460 611 516 dem
643 461 759 515 sine
779 462 1054 532 prophetis
1081 477 1180 518 nos
1211 462 1512 532 relinquet:
1545 463 1638 518 sed
1674 463 1944 518 missurus
1973 473 2058 519 est

487 565 584 606 eos
631 551 698 606 ad
740 553 1042 608 doctrinam
1090 562 1334 610 nostram
1384 562 1695 623 certamque
1733 555 2057 622 scientiam,

491 651 653 712 atque
681 652 742 698 ut
788 646 996 700 animos
1032 645 1372 701 attendamus
1415 644 1470 698 in
1493 645 1782 699 adventum
1810 647 2061 700 adversa-

491 735 582 799 rii,
612 744 673 790 ut
710 736 906 792 ibidem
936 737 1122 793 Daniel
1164 737 1616 807 przemonstravit.
1653 735 1830 807 Inquit
1873 738 2056 792 enim:

498 825 883 882 Testamentum
941 829 1273 899 conﬁrmabit
1313 828 1495 882 multis
1553 828 1879 882 hebdomada
1913 846 2060 896 una;

491 931 541 974 et
569 919 620 972 in
654 921 821 974 medio
854 921 1192 978 hebdomada:
1227 923 1492 992 auferetur
1521 923 1844 992 sacriﬁcium
1873 932 1922 976 et
1963 923 2060 975 ho-

492 1013 599 1066 stia
626 1012 692 1066 “.
725 1011 842 1068 Una
876 1015 1210 1069 hebdomada
1249 1015 1512 1084 septennii
1540 1014 2060 1070 demonstrationem

497 1103 699 1158 indicat
744 1106 1131 1175 posterioribus
1172 1105 1409 1160 futuram
1465 1106 1820 1175 temporibus.
1863 1105 1942 1160 Ac
1981 1105 2063 1160 di-

495 1198 722 1252 midium
783 1199 1133 1254 hebdomadas
1195 1209 1409 1255 sument
1463 1199 1571 1254 duo
1614 1200 1888 1270 pr0pheue
1936 1215 2060 1254 cum

494 1287 736 1353 Joanne,
770 1290 835 1344 ad
865 1290 1289 1345 denuntiandum
1321 1305 1416 1360 per
1445 1290 1756 1344 universum
1799 1291 2061 1344 mundum

497 1379 785 1434 adventum
817 1380 1167 1447 Antichristi,
1200 1381 1302 1435 boc
1325 1389 1441 1443 est,
1473 1380 1614 1433 mille
1642 1381 1887 1435 ducentos
1913 1396 2066 1434 sexa-

498 1472 643 1541 ginta
669 1472 800 1534 dies,
831 1473 1012 1526 amicti
1033 1474 1200 1526 saccis
1224 1474 1266 1504 ⁶⁵
1290 1493 1304 1539 ;
1353 1473 1655 1543 facientqne
1680 1473 1832 1542 signa
1863 1483 1915 1528 et
1943 1489 2065 1538 pro-

499 1563 644 1632 digia
663 1603 678 1629 ,
722 1571 780 1616 ut
810 1563 895 1617 vel
924 1565 1024 1619 hac
1053 1565 1260 1619 ratione
1287 1564 1504 1619 ﬂectant
1533 1575 1586 1618 et
1615 1574 1926 1620 convertant
1962 1567 2063 1620 ho-

500 1653 675 1708 mines
707 1653 774 1708 ad
802 1654 1172 1722 paenitentiam
1197 1695 1210 1718 ,
1247 1667 1465 1726 propter
1512 1656 1834 1712 immensam
1875 1673 2063 1712 eorum

2160 467 2371 538 χρόνοις
2394 509 2408 530 ,
2447 465 2564 529 πῶς
2608 465 2702 518 τοῦ
2743 462 2851 516 τῶν
2892 458 3096 533 βροτῶν
3143 457 3331 526 γένους
3369 455 3590 526 κήδεται
3633 454 3731 508 καὶ

2160 559 2299 610 ἐλεεῖ
2326 558 2458 630 (48),
2487 560 2569 611 ὅτι
2591 555 2710 610 οὐδὲ
2734 555 2854 607 τότε
2885 553 3053 623 χωρὶς
3080 548 3374 622 προφητῶν
3398 549 3543 620 ημᾶς
3568 561 3736 600 κατα.

2160 649 2438 721 λιμπάνει,
2458 648 2589 702 ἀλλά
2620 647 2822 718 πέμψει
2843 644 3037 706 αὐτοὺς
3057 641 3192 713 πρὸς
3207 641 3423 712 διδαχὴν
3437 640 3612 710 ἡμῶν,
3635 641 3732 692 καὶ

2163 742 2556 815 πληροφορίαν,
2591 741 2682 793 καὶ
2719 736 3051 807 ἐπιστροφὴν
3095 733 3194 803 τῆς
3226 731 3318 785 τοῦ
3357 729 3734 800 ἀντικειμένου

2165 835 2480 906 παρουσίας,
2493 827 2675 894 καθὼς
2690 830 2798 901 (49)
2817 829 2912 882 καὶ
2955 829 3010 880 ἐν
3041 822 3444 895 τούτῳΔανιὴλ
3491 819 3736 892 προῦπέ-

2163 943 2318 998 φηνε.
2344 926 2508 994 Λέγει
2523 923 2627 994 γάρ
2647 939 2659 951 ·
2681 919 2973 988 Διαθήκην
2997 917 3250 985 θήσομαι
3267 914 3378 985 (50)
3405 911 3543 984 μιᾶς
3565 911 3738 964 ἐϐδο-

2156 1015 2364 1086 μάδος,
2396 1014 2491 1068 καὶ
2518 1014 2586 1067 ἐν
2612 1011 2691 1078 τῷ
2718 1012 2918 1080 ἡμίσει
2941 1007 3046 1076 τῆς
3068 1005 3389 1076 ἑϐδομάδος
3407 1001 3740 1072 ἀρθήσεται

2158 1126 2276 1177 μου
2327 1107 2509 1163 θυσία
2554 1105 2653 1160 καὶ
2681 1101 2936 1167 σπονδή.
2973 1100 3118 1154 Μίαν
3147 1098 3256 1170 γὰρ
3279 1095 3545 1166 ἑϐδομάδα
3566 1135 3582 1158 ,
3623 1092 3744 1148 τῶν

2165 1199 2302 1253 ὲπτά
2349 1199 2484 1251 ἐτῶν
2515 1197 2609 1268 τὴν
2633 1197 2900 1262 ἀνάδειξιν
2929 1195 3202 1266 σημαίνει,
3229 1193 3374 1262 ἢπερ
3399 1193 3454 1243 ὲν
3487 1188 3745 1259 ὑστέροις

2164 1294 2372 1364 καιροῖς
2403 1293 2718 1362 γενήσεταισ
2751 1291 2843 1342 καὶ
2871 1289 2931 1342 τὸ
2952 1290 3118 1358 ἥμισυ
3150 1286 3250 1356 τῆς
3283 1281 3603 1352 ἑϐδομάδος,
3635 1279 3745 1350 λή-

2163 1384 2420 1454 ψονταιοί
2441 1382 2532 1435 δύο
2563 1382 2837 1453 προφῆται
2875 1379 3012 1452 μετά
3053 1377 3298 1432 Ἰωάννου
3318 1414 3332 1438 ,
3362 1373 3456 1426 τοῦ
3497 1370 3746 1443 κηρῦξαι

2165 1472 2243 1532 είς
2277 1470 2367 1522 τὸν
2406 1469 2692 1540 σύμπαντα
2718 1469 2922 1539 κόσμον
2951 1464 3198 1538 περὶτοῦ
3235 1461 3600 1534 Ἀντιχρίστου
3635 1460 3746 1529 τὴν

2166 1560 2497 1631 παρουσίαν,
2541 1559 2684 1612 τοῦτ’
2709 1559 2854 1612 ἔστιν
2899 1557 3124 1627 ἡμέρας
3172 1555 3370 1626 χιλίας
3425 1552 3749 1617 διακοσίας

2166 1651 2476 1717 ἐξήκοντα,
2510 1650 2989 1720 περιϐεϐλημένοι
3029 1647 3326 1713 σάκκους⁸
3360 1645 3409 1698 οἳ
3441 1645 3535 1699 καὶ
3581 1644 3748 1713 ﬁctif-

503 1744 842 1814 iniquitatem
900 1755 954 1800 et
999 1746 1344 1816 impietatem.
1392 1747 1542 1811 Quod
1592 1748 1638 1800 si
1677 1749 1792 1818 quis
1835 1749 1955 1802 uetit
1996 1751 2070 1802 eis

2175 1761 2323 1797 σουσι
2349 1748 2548 1816 σημεῖα
2581 1745 2673 1798 καὶ
2704 1744 2932 1815 τέρατα,
2966 1743 3046 1805 είς
3067 1741 3127 1794 τὸ
3155 1741 3256 1794 κᾶν
3283 1738 3454 1802 οὕτως
3487 1737 3749 1807 δυσωπῆ-

502 1851 703 1901 nocere,
728 1835 863 1905 ignis
891 1838 1182 1906 egredietur
1221 1852 1284 1890 ea:
1337 1853 1424 1891 ore
1450 1838 1717 1907 ipsorum,
1761 1848 1810 1893 et
1855 1841 2072 1894 deuora-

505 1927 577 1984 bit
605 1928 776 1980 hostes
813 1942 1013 1979 eorum.
1077 1925 1149 1979 Ili
1195 1935 1502 1995 potestatem
1551 1927 1738 1983 habent
1790 1930 2070 1988 claudendi

504 2023 728 2087 caelum,
776 2039 838 2076 ne
884 2017 1032 2091 pluat
1079 2017 1268 2076 diebus
1315 2018 1580 2078 adventus
1626 2019 1982 2093 Antichristi;
2022 2035 2072 2080 et

506 2129 669 2183 aquas
713 2114 1037 2167 convertendi
1070 2114 1125 2166 in
1155 2114 1491 2184 sanguinem,
1532 2131 1593 2168 ac
1620 2116 1939 2184 percutiendi
1968 2127 2071 2169 ter-

507 2222 624 2258 ram
654 2207 794 2258 omni
828 2205 984 2276 plaga
1013 2206 1414 2276 quotiescunque
1443 2206 1696 2260 uoluerint
1725 2207 1788 2259 “.
1829 2206 2072 2277 Cumque

505 2297 916 2366 praedicaverint
957 2297 1071 2351 inec
1109 2298 1312 2360 omnia,
1344 2297 1666 2353 occumbent
1699 2298 1875 2368 gladio
1907 2299 2073 2354 inter-

504 2387 631 2442 fecti
661 2404 693 2442 a
721 2387 956 2443 diabolo.
993 2387 1058 2442 Et
1080 2387 1377 2458 implebunt
1407 2388 1776 2443 testimonium
1807 2405 1986 2453 suum,
2015 2399 2074 2444 ut

505 2477 684 2549 inquit
728 2479 890 2534 etiam
939 2479 1152 2534 Daniel:
1197 2479 1291 2550 qui
1330 2480 1574 2550 praevidit
1615 2479 1838 2535 bestiam
1883 2497 2074 2536 ascen-

505 2571 720 2626 dentem
747 2587 815 2626 ex
841 2572 1037 2644 abysso
1071 2587 1194 2628 cum
1224 2573 1303 2628 eis
1328 2572 1526 2627 bellum
1558 2581 1853 2642 gesturam,
1887 2573 1936 2628 id
1967 2582 2069 2639 est,

438 2737 440 2740 ν
507 2660 690 2718 Εηοοιι
711 2705 727 2730 ,
763 2663 878 2718 Elia
912 2673 964 2719 et
989 2663 1230 2728 Joanne,
1260 2671 1313 2718 et
1333 2674 1614 2734 superatos
1639 2678 1734 2719 eos
1769 2663 2076 2719 interiectu.

506 2770 658 2820 ram,
702 2765 983 2825 propterea
1023 2755 1166 2827 quod
1205 2756 1476 2812 noluerint
1516 2757 1744 2826 gloriam
1786 2756 1915 2811 dare
1957 2757 2074 2810 dia-

508 2846 652 2901 bolo.
702 2849 847 2902 Istud
889 2858 970 2904 est
1018 2849 1272 2920 exiguum
1321 2864 1520 2913 cornu,
1556 2849 1699 2920 quod
1745 2848 2070 2919 emergebat.

508 2935 645 2992 Nam
676 2938 1038 2994 Antichristus
1069 2941 1242 2994 elatus
1280 2941 1440 2995 corde
1466 2949 1652 3010 postea
1684 2938 1902 3009 incipiet
1928 2940 2075 2994 exal-

509 3037 624 3084 tare
661 3029 893 3099 scipsum
931 3037 984 3084 et
1025 3030 1323 3100 gloriﬁcare
1351 3041 1607 3102 tanquam
1651 3031 1817 3086 Deum
1840 3073 1854 3098 ,
1895 3046 2077 3101 perse-

509 3127 728 3182 cutione
785 3135 1032 3197 sanctos,
1081 3136 1136 3182 et
1199 3127 1533 3196 blasphemia
1579 3128 1854 3186 Christum
1894 3128 2072 3182 inces-

511 3233 657 3273 88115.

2172 1853 2261 1890 σαι
2303 1838 2395 1890 καὶ
2421 1836 2531 1907 (51)
2565 1836 2884 1906 ἐπιστρέψαι
2911 1836 3037 1898 τοὺς
3070 1832 3386 1905 ἀνθρώπους
3407 1831 3542 1902 πρὸς
3579 1829 3751 1900 μετά-

2168 1947 2337 1996 νοιαν,
2362 1929 2448 1982 διά
2472 1931 2568 2001 τὴν
2591 1929 3028 2000 ὑπερϐάλλουσαν
3050 1926 3227 1980 αὐτῶν
3247 1923 3472 1995 ἀνομίαν
3496 1923 3592 1977 καὶ
3615 1919 3749 1975 ἀσέ-

2169 2025 2342 2081 ϐειαν.
2366 2025 2472 2078 Καὶ
2497 2024 2552 2076 εἴ
2575 2024 2828 2088 τιςθέλει
2851 2020 3072 2086 αὐτοὺς
3100 2017 3404 2086 ἀδικῆσαι,
3425 2013 3554 2084 δεῦρ’
3570 2015 3756 2068 6x10-

2162 2117 2440 2184 ρεύσεται
2480 2115 2545 2168 ἐκ
2585 2113 2689 2168 τοῦ
2729 2115 3023 2182 στόματος
3049 2109 3264 2172 αὐτῶν,
3303 2107 3402 2162 καὶ
3437 2106 3742 2160 κατεσθίει

2172 2207 2280 2277 (52)
2322 2207 2460 2270 τοὺς
2505 2206 2755 2273 ἐχθροὺς
2805 2202 3020 2259 αὐτῶν.
3068 2197 3242 2257 Οὗτοι
3281 2201 3532 2268 ἔχουσιν
3573 2196 3750 2260 660v-

2169 2299 2314 2352 σίαν
2361 2296 2594 2350 κλεῖσαι
2640 2295 2746 2348 τὸν
2782 2294 3070 2363 οὐρανὸν,
3110 2294 3209 2346 ἵνα
3234 2291 3320 2360 μὴ
3352 2289 3530 2344 ὑετὸν
3549 2287 3743 2356 βρέξῃ

2169 2388 2267 2452 τὰς
2302 2387 2511 2458 ἡμέρας
2554 2386 2653 2456 τῆς
2700 2384 2997 2455 παρουσίας
3037 2381 3131 2435 τοῦ
3190 2381 3592 2452 Ἀντιχρίστόυ,
3646 2377 3750 2430 καὶ

2170 2481 2242 2533 τὰ
2284 2478 2469 2532 ὕδατα
2499 2476 2752 2545 στρέψαι
2778 2479 2864 2541 εις
2888 2472 3048 2544 αἷμα,
3083 2473 3182 2527 καὶ
3212 2472 3468 2537 πατάξαι
3495 2471 3611 2541 (55)
3634 2469 3746 2535 τὴν

2171 2569 2284 2641 γῆν
2311 2570 2379 2622 ἐν
2419 2566 2583 2635 πάσῃ
2625 2567 2846 2638 πληγῇ,
2888 2567 3098 2632 ὁσάκις
3139 2566 3216 2619 ἂν
3261 2565 3370 2635 (54)
3414 2561 3739 2628 θελήσωσι.

2171 2663 2282 2716 Καὶ
2310 2663 2438 2716 ὃταν
2471 2660 2744 2732 κηρῦξωσι
2776 2659 2946 2716 ταῦτα
2978 2661 3172 2724 πάντα,
3201 2659 3348 2730 παρὰ
3374 2657 3465 2710 τοῦ
3498 2655 3742 2710 διαϐόλου

2172 2758 2230 2810 ὲν
2269 2756 2508 2828 ῥομφαία
2539 2755 2847 2809 πεσοῦνται.
2878 2755 2989 2808 Καὶ
3033 2751 3380 2824 πληρώσουσι
3407 2750 3504 2820 τὴν
3539 2765 3744 2820 μαρτυ-

2176 2848 2294 2922 ρίαν
2339 2847 2538 2909 αὐτῶν,
2591 2845 2771 2909 καθώς
2821 2861 2952 2916 φησι
2996 2845 3089 2897 κα).
3139 2843 3296 2895 τοῦτο
3350 2839 3548 2909 Δανιὴλ
3597 2838 3742 2909 (55),

2174 2937 2537 3012 προεωρακὼς
2561 2939 2641 2992 ὅτι
2663 2938 2724 2990 τὸ
2751 2936 2935 3008 θηρίον
2957 2935 3016 2987 τὸ
3045 2933 3332 2988 ἀναϐαῖνον
3360 2933 3422 2983 ὲκ
3453 2931 3553 2999 τῆς
3583 2929 3745 2983 ἀϐύσ-

2176 3051 2268 3088 σου
2302 3033 2513 3102 ποιήσει
2549 3031 2665 3100 μετ’
2695 3028 2871 3082 αὐτῶν
2893 3026 3147 3096 πόλεμον,
3177 3026 3362 3095 ἤγουν,
3391 3024 3527 3093 μετά
3556 3021 3741 3091 Ἑνὼχ,

2189 3124 2366 3186 Ἠλία,
2398 3123 2492 3177 καὶ
2529 3121 2793 3185 Ἰωάννου,
2836 3120 2929 3173 καὶ
2973 3119 3184 3188 νικήσει
3226 3117 3421 3178 αὐτοὺς
3445 3154 3459 3177 ,
3491 3115 3590 3166 καὶ
3618 3115 3744 3166 ἁπο-

2178 3217 2355 3269 κτενεῖ
2377 3215 2593 3278 αὐτοὺς,
2624 3212 2709 3266 διά
2746 3213 2805 3265 τὸ
2840 3211 2912 3284 μὴ
2946 3211 3117 3263 θέλειν
3149 3210 3342 3271 αὐτοὺς
3381 3206 3537 3271 δόξαν
3565 3206 3744 3259 δοῦναι

509 3310 587 3380 τῷ
617 3309 864 3380 διαϐόλῳ
894 3309 1036 3364 τοῦτ’
1064 3310 1197 3373 ἔστι,
1228 3311 1288 3365 τὸ
1313 3312 1579 3381 ἀναφανὲν
1603 3312 1713 3383 (56)
1748 3311 1940 3383 μικρὸν
1968 3310 2150 3382 κέρας.
2181 3311 2276 3374 ’ος
2299 3309 2555 3382 ἐπαρθεὶς
2574 3311 2636 3379 τῇ
2668 3307 2884 3379 καρδίᾳ,
2909 3307 3091 3360 λοιπὸν
3111 3307 3330 3377 ἄρχεται
3360 3303 3552 3357 ἐαυτὸν
3581 3303 3745 3373 ὑψοῦν

512 3406 607 3458 καὶ
632 3402 870 3466 δοξάζειν
899 3401 972 3466 ὼς
999 3401 1149 3467 Θεὸν,
1181 3402 1388 3454 διώκων
1409 3403 1533 3466 τοὺς
1562 3402 1765 3471 ἁγίους,
1788 3402 1882 3454 καὶ
1911 3399 2242 3470 βλασφημῶν
2268 3399 2357 3452 τὸν
2393 3398 2621 3468 Χριστόν
2648 3397 2778 3468 (57).

585 3497 747 3552 XXII.
777 3497 975 3552 Verum
1023 3497 1149 3566 quia
1185 3498 1515 3553 narrationis
1565 3498 1732 3553 series
1769 3496 2075 3551 necessario

514 3604 616 3644 nos
645 3589 866 3645 deduxit
899 3589 964 3643 ad
1000 3589 1116 3644 dies
1152 3589 1302 3660 regni
1347 3591 1644 3645 adversarii
1687 3589 1832 3644 illius
1853 3631 1867 3655 ,
1901 3587 2076 3659 primo

515 3683 767 3737 nativitas
808 3682 924 3751 ejus
956 3691 1040 3737 est
1078 3682 1392 3752 exponenda
1437 3691 1600 3754 atque
1651 3683 2074 3748 incrementum;

515 3783 628 3827 tum
670 3788 878 3839 sermo,
905 3782 964 3828 ut
1001 3783 1156 3828 antea
1201 3773 1462 3837 diximus,
1505 3772 1852 3828 deducendus
1882 3773 1948 3827 ad
1980 3787 2078 3827 exs

514 3862 820 3933 plicandum
855 3877 963 3932 quo
1015 3874 1170 3932 pacto
1211 3878 1305 3932 per
1338 3863 1518 3916 omnia
1567 3862 1817 3918 diabolus
1848 3870 1902 3915 et
1932 3860 2074 3916 [ilius

515 3953 815 4022 iniquitatis
841 3953 911 4006 sit
943 3951 1212 4030 Salvatori
1243 3961 1428 4008 nostro
1457 3967 1514 4008 se
1551 3963 1951 4023 exzequaturus.
1983 3951 2076 4008 Sic

514 4046 661 4098 enim
687 4059 786 4099 nos
819 4043 978 4098 docet
1010 4039 1418 4100 demonstratio.
1443 4044 1579 4100 Cum
1615 4044 1863 4099 Salvator
1886 4044 2074 4099 mundi

517 4151 686 4207 genus
716 4137 1012 4190 humanum
1059 4137 1267 4192 salvare
1312 4138 1656 4203 decrevisset,
1691 4152 1758 4190 ex
1805 4136 2074 4191 immacu-

516 4228 624 4282 lata
659 4229 862 4300 virgine
898 4227 1062 4282 Maria
1103 4241 1262 4285 natus
1315 4239 1417 4298 est,
1462 4239 1515 4286 et
1571 4231 1626 4284 in
1673 4229 1846 4300 ﬁgura
1893 4229 2074 4285 carnis

585 4366 632 4398 “
657 4365 794 4420 Dan.
825 4380 900 4430 ix,
926 4363 1014 4416 27.
1091 4365 1135 4396 ⁵⁸
1159 4363 1326 4434 Apoc.
1359 4380 1413 4418 ιι
1438 4403 1454 4430 ,
1481 4365 1535 4421 5.
1609 4365 1653 4397 ⁸⁸
1674 4364 1806 4420 Ibid.
1839 4367 1893 4429 5,
1926 4364 1978 4419 6.

519 4481 730 4543 scholis,

532 4552 685 4624 Ἠλία
710 4553 766 4602 ὲν
800 4551 1051 4624 ἐσχάταις
1074 4551 1303 4624 ἡμέραις
1322 4552 1835 4624 ἀντικαθιστάμενος
1855 4551 1930 4624 τῷ
1962 4551 2078 4606 Ἀνξ-

517 4619 807 4694 τιχρίστῳ,
842 4620 934 4694 καὶ
958 4619 1194 4694 ἐλέγχων
1228 4623 1323 4692 τὴν
1362 4623 1565 4694 πλάνην
1603 4619 1763 4694 αὑτοῦ
1810 4619 1948 4677 κατά
1979 4626 2077 4694 τὴν

520 4689 623 4762 τῆς
654 4689 971 4762 Ἑκκλησίας
991 4689 1334 4762 παράδοσινη
1355 4694 1496 4747 Idem
1522 4689 1695 4746 'habet
1733 4694 1957 4749 Cosmas
1992 4689 2079 4746 ln-

520 4759 910 4832 doplcustes'p.
941 4759 1198 4832 215,229
1227 4771 1279 4814 et
1312 4761 1434 4816 258.
1470 4763 1538 4816 At
1565 4763 1723 4832 paulo
1759 4765 2075 4820 insolentius

521 4829 626 4895 est,
651 4831 794 4899 quod
825 4829 1137 4906 de_.|_oan_ne
1177 4829 1795 4906 evangelistauredituro
1819 4833 2076 4906 Hippoly-

523 4911 613 4956 tus
644 4909 829 4955 noster
857 4900 1022 4954 addit.
1051 4899 1252 4953 Tamen
1297 4899 1458 4955 etiam
1501 4903 1629 4957 illud
1666 4899 1950 4959 traditione
1979 4899 2077 4958 an-

525 4974 675 5042 tiqua
706 4969 1071 5042 ecclesiastica
1109 4969 1225 5034 niti,
1256 4981 1471 5042 propter
1499 4973 1572 5026 ita
1613 4983 1890 5042 acceptum
1919 4973 2083 5028 Chri-

524 5039 603 5096 sti
641 5039 942 5095 Servatoris
993 5041 1194 5094 dictum
1224 5039 1267 5105 ,’
1294 5039 1451 5096 Joan.
1510 5059 1599 5095 ιχι
1626 5084 1640 5107 ,
1680 5039 1786 5108 Ἡ,
1853 5053 2082 5098 testatur

526 5112 774 5180 Ephrem
815 5110 1183 5164 Antiochenus
1234 5111 1372 5178 apud
1427 5111 1677 5166 Photium
1708 5113 2078 5168 cod.ccxxrx:

527 5183 652 5253 Ὀτι
691 5181 746 5234 δὲ
791 5180 1064 5253 περίεστιν
1084 5183 1124 5253 _6
1164 5180 1428 5253 παρθένος
1472 5182 1740 5253 Ἰωάννης,
1782 5182 1967 5253 ῶσπερ
1994 5183 2084 5236 τὸν

538 5251 707 5330 Ἑνὼχ
743 5251 834 5338 κῖαὶ
849 5250 960 5338 τὸν,
981 5250 1183 5338 ’μλίαιμ
1212 5250 1502 5338 παράδοσις
1527 5250 1808 5338 μαρτυρεῖ,
1832 5250 1971 5338 οῦτω
1991 5255 2084 5306 καὶ

527 5319 878 5394 τοῦτονηιίαὶ
911 5319 971 5394 τὸ
992 5321 1190 5394 ὲνῌτοξς
1221 5319 1570 5394 Εὐαγγελίοις
1603 5319 1658 5376 δὲ
1698 5319 1978 5394 εἰρημένον
2006 5326 2085 5387 εἰς

527 5392 616 5464 τόν
635 5391 804 5464 λαὺτρν
835 5392 978 5464 ημᾶς
997 5390 1117 5444 νοῦν
1138 5391 1334 5464 ἕλκει-.
1370 5431 1382 5443 .
1419 5432 1432 5446 .
1479 5393 1538 5444 οὐ
1571 5394 1677 5464 γάρ
1708 5390 2078 5464 τίςάθάνατον

529 5461 689 5540 aggth
720 5456 1086 5540 εἶναΓφησιν,
1122 5461 1254 5540 ἀλλὰ
1288 5461 1560 5540 διαμένειν
1583 5456 1740 5540 ’μετά
1790 5464 1956 5536 Ἑνὼχ
1982 5466 2080 5540 καὶ

544 5529 699 5612 Ἠλία
730 5531 888 5612 μέχρι
919 5529 1016 5612 τῆς
1035 5532 1289 5612 δευτέρας
1316 5529 1422 5612 ,τοῦ
1457 5529 1738 5612 Δεσ-πότου·
1762 5529 2076 5612 παροῦσίας.

532 5599 757 5680 Videtur
781 5599 1110 5680 etiam‘buic
1149 5599 1423 5680 traditioni
1461 5605 1742 5680 suﬂ‘ragari
1767 5599 2082 5678 Hippolytus

533 5669 799 5739 genuinus
823 5669 1001 5726 libello
1043 5671 1118 5727 De
1149 5673 1492 5742 Antichristo,
1522 5690 1569 5732 c.
1605 5669 1691 5730 50.

2242 3495 2408 3548 XXII.
2445 3494 2580 3547 Ἀλλ’
2612 3493 2798 3564 ἐπειδὴ
2828 3492 2963 3564 πρὸς
2991 3491 3082 3544 τὸν
3109 3491 3296 3561 εἱρμὸν
3322 3489 3421 3560 τῆς
3441 3487 3750 3560 διηγήσεως

2173 3586 2598 3659 ἠναγκάσθημεν
2643 3585 2815 3638 ἐλθεῖν
2847 3585 2938 3637 ἐπὶ
2967 3583 3064 3647 τὰς
3096 3584 3309 3654 ἡμέρας
3348 3585 3446 3656 τῆς
3472 3585 3747 3654 βασιλείας

2173 3679 2268 3732 τοῦ
2315 3679 2690 3747 ἀντικειμένου
2711 3717 2726 3741 ,
2759 3675 3048 3744 ἀναγκαῖόν
3080 3675 3224 3727 ἐστιν
3266 3675 3376 3745 (58)
3404 3677 3578 3729 εἰπεῖν
3602 3679 3752 3749 πρῶ-

2176 3789 2268 3826 τον
2295 3770 2365 3824 τὰ
2394 3771 2520 3842 περὶ
2548 3771 2646 3840 τῆς
2673 3770 2976 3840 γεννήσεως
3006 3766 3169 3820 αὐτοῦ
3204 3769 3296 3822 καὶ
3324 3769 3626 3839 αὐξήσεως
3657 3772 3746 3823 καὶ

2178 3864 2298 3918 τότε
2333 3863 2424 3916 ἐπὶ
2453 3861 2551 3933 τὴν
2595 3861 2844 3932 διήγησιν
2889 3859 3091 3930 ταύτην
3134 3864 3474 3932 παραγαγεῖν
3519 3861 3631 3932 (59)
3661 3865 3746 3914 τὸν

2179 3954 2354 4022 λόγον,
2388 3953 2571 4017 καθὼς
2616 3953 2968 4024 προείπομεν,
3008 3953 3090 4004 ὅτι
3119 3953 3199 4015 εἰς
3234 3953 3410 4006 πάντα
3438 3952 3745 4016 ἐξισοῦσθαι

2183 4045 2363 4117 μέλλει
2393 4044 2500 4116 (60)
2531 4043 2607 4116 τῷ
2637 4043 2848 4114 Σωτῆρι
2877 4041 3029 4112 ήμῶν
3055 4043 3084 4094 6
3111 4042 3350 4106 διάϐολος
3384 4043 3479 4097 καὶ
3509 4044 3624 4106 υἱὸς
3650 4045 3744 4114 τῆς

2179 4138 2426 4209 ἀνομίας
2459 4136 2629 4200 οὕτως
2660 4137 2754 4189 καὶ
2781 4135 2933 4203 δηλοῖ
2960 4137 3089 4205 ἡμῖν
3130 4137 3163 4206 ὴ
3193 4135 3484 4202 ἀπόδειξις.
3528 4137 3742 4207 Ἐπειδὴ

2179 4231 2207 4283 6
2235 4230 2421 4301 Σωτὴρ
2443 4227 2536 4282 τοῦ
2567 4228 2792 4300 κόσμου,
2809 4225 3124 4299 βουλόμενος
3147 4227 3206 4280 τὺ
3225 4227 3377 4296 γένος
3402 4228 3512 4282 τῶν
3538 4228 3746 4302 ἀνθρώ-

765 4496 818 4555 p.
871 4481 934 4555 2i
956 4519 969 4540 ,
1009 4480 1095 4555 de
1121 4479 1376 4555 Enocho:
1403 4474 1571 4555 Οὗτός
1601 4483 1744 4555 ἐστιν
1773 4483 1801 4534 ὁ
1851 4483 1966 4555 ἅμα
2003 4484 2080 4555 τῷ

2233 4481 2367 4555 (48)
2402 4481 2443 4534 Β
2471 4521 2486 4547 ,
2528 4481 2645 4546 πῶς
2697 4483 2912 4555 κήδεται
2963 4482 3056 4535 καὶ
3110 4480 3249 4535 ἐλεεῖ
3285 4479 3393 4534 τῶν
3438 4479 3642 4551 βροτῶν
3684 4482 3746 4536 τὸ

2397 4621 2787 4711 ξί¹αθιὲς,ηιρησὶ,
2817 4623 3016 4694 Δανιὴλ
3046 4620 3415 4693 καθυπέιρηνε,
3444 4620 3638 4677 id.ms.

2252 4692 2364 4763 (50)
2399 4692 2499 4757 ld.,
2524 4692 2867 4764 διαθήσομαι.
2972 4692 2982 4694 “
3324 4692 3330 4693 ⁷

2251 4763 2364 4834 (5i)
2397 4762 2453 4816 In
2477 4779 2583 4817 ms.
2604 4763 2665 4829 Β,
2699 4763 2896 4818 desunt
2923 4764 3086 4819 verba
3111 4761 3429 4832 δυσωπῆσαι
3461 4761 3575 4815 καί.

2275 4834 2362 4903 52)
2393 4834 2500 4886 Καὶ
2530 4835 2837 4903 κατακαίει,
2865 4834 2940 4888 id.

2279 4902 2368 4972 53)
2399 4902 2721 4972 Πατάξουσι,
2755 4905 2815 4958 Β.

2261 4971 2365 5039 (54)
2395 4973 2479 5025 Al.
2507 4971 2618 5028 Pici
2647 4975 2839 5036 codex,
2873 4973 2947 5036 ὡς
2976 4973 3093 5027 ὲάν.
3126 4971 3298 5026 Etiam
3324 4972 3384 5027 Β.
3413 4971 3488 5035 ὡς
3517 4974 3602 5027 ἄν.

2278 4993 2365 5039 oo)
2395 4993 2479 5025 AI.
2507 4993 2618 5028 ιίοι
2647 4993 2839 5036 couex,
2873 4993 2947 5036 ως
2976 4993 3093 5027 εαν.
3126 4993 3298 5026 Luam
3326 4993 3384 5027 ι).
3413 4993 3488 5035 ως
3517 4993 3602 5027 αν.

2253 4993 2366 5166 (55)
2403 5043 2606 5096 Textus
2648 5042 2719 5096 ibi
2750 5044 2988 5112 loquitur
3021 5046 3087 5098 de
3131 5042 3346 5097 duobus
3385 5043 3559 5097 solum
3594 5044 3739 5097 testi-

2259 5133 2304 5166 s.
2362 5132 2394 5166 ιι
2429 5128 2533 5166 ms.
2565 5111 2608 5164 Β
2660 5123 2742 5166 est
2769 5133 2781 5166 :
2812 5113 2991 5166 καθὼς
3019 5114 3113 5166 καὶ
3147 5112 3305 5166 τοῦτο
3330 5114 3360 5166 6
3386 5114 3585 5166 Δανιὴλ
3613 5131 3738 5166 ποο-

2184 5111 2304 5202 Ξψε.
2339 5111 2394 5168 In
2429 5128 2533 5166 ms.
2565 5111 2608 5164 B
2660 5123 2742 5168 est
2769 5133 2781 5167 :
2812 5111 2991 5176 καθὼς
3019 5114 3113 5167 καὶ
3147 5112 3305 5167 τοῦτο
3330 5114 3360 5167 6
3386 5114 3585 5186 Δανιὴλ
3613 5131 3738 5186 προ-

2399 5253 2480 5306 Al.
2518 5252 2628 5306 Pici
2659 5253 2849 5316 codex:
2877 5253 3133 5322 ἀναφθέν·

2257 5327 2367 5398 (57)
2392 5323 2492 5398 Ms.
2638 5325 2834 5398 5!;ng
2862 5325 3110 5398 Χριστόν.

2255 5389 2367 5463 (58)
2397 5395 2479 5447 Al.
2508 5393 2620 5447 Pici
2647 5394 2835 5457 codex,
2865 5389 3158 5463 ἀναγκαῖον
3179 5389 3271 5448 οῦν
3299 5395 3464 5450 ἐστιν.

2255 5468 2368 5536 (591
2392 5465 2498 5537 ᾼι.,
2525 5464 2863 5537 παραγάγαι.
2895 5467 2976 5529 B.,
3010 5466 3315 5537 παράγαγε.

2185 5608 2214 5661 λ
2250 5533 2366 5661 ἔδυ)
2397 5535 2497 5600 ld.,
2527 5533 2666 5589 θέλει
2703 5533 2780 5606 τῷ
2809 5537 3017 5608 Σωτῆρι
3063 5533 3214 5608 ήῖμῶν
3245 5539 3274 5591 6
3303 5537 3416 5602 υἱὸς
3455 5538 3555 5610 τῆς
3594 5541 3740 5596 am)-

2218 5626 2240 5661 ε
2268 5625 2350 5670 ας.
