4028 6214
333 217 443 274 925

1258 219 1529 276 SPURIA.
1568 249 1639 260 -—-
1676 217 1764 272 DE
1806 217 2393 275 CUNSUMMATIONE
2428 214 2666 273 MUNDI.

3472 214 3577 269 9’26

332 352 456 390 πων
471 334 663 401 σῶσαι,
678 337 741 389 ἐκ
755 337 852 408 τῆς
885 338 1153 409 ἀχράντου
1174 338 1266 391 καὶ
1282 338 1555 408 Παρθένου
1574 338 1683 410 (61)
1702 340 1904 412 Μαρίας

2021 338 2229 393 hostem
2270 338 2628 402 conculcavit,
2656 350 2768 391 sua).
2794 334 3094 390 divinitatis
3138 334 3354 405 propria
3388 346 3576 405 poten-

332 428 553 498 ἐτέχθη,
589 431 683 482 καὶ
719 430 777 482 ὲν
818 432 1053 499 σχήματι
1083 431 1289 501 σαρκὸς
1324 433 1413 484 τὸν
1453 432 1644 502 ἐχθρὸν
1675 432 1908 484 κατεπά⁸

332 536 521 590 τησεν,
550 521 607 572 ἐν
651 520 756 591 ίδίᾳ
783 519 1006 591 δυνάμει
1036 522 1135 591 τῆς
1167 522 1329 574 αὐτοῦ
1377 521 1626 593 θεότητος
1660 522 1789 593 (62)·
1822 520 1913 575 τὸν

332 611 501 665 αὐτὸν
530 612 729 684 τρόπον
752 614 844 666 καὶ
870 616 899 666 6
925 613 1169 678 διάϐολος
1198 615 1263 667 ἐκ
1294 617 1495 687 μιαρᾶς
1523 616 1778 683 γυναικὸς
1806 615 1913 677 ἐξε-

334 705 589 757 λεύσεται
620 704 712 757 ἐπὶ
748 706 847 775 τῆς
874 705 992 774 γῆς·
1020 706 1269 759 τίκτεκαι
1297 706 1352 760 δὲ
1382 708 1438 760 ὲν
1468 708 1643 779 πλάνῃ
1676 709 1738 760 ὲκ
1773 724 1850 758 πα
1862 724 1915 777 ρ-

336 796 495 849 θένου
526 794 656 866 (65).
701 796 758 849 '0
785 796 890 867 γὰρ
921 797 1053 860 Θεὸς
1098 798 1254 868 ήμῶν
1307 800 1582 870 σαρκικῶς
1624 801 1753 869 ἡμῖν
1802 799 1911 871 (64)

335 887 651 958 ἐπεδήμησε
684 886 823 941 κατὰ
849 888 947 959 τὴν
983 890 1161 959 σάρκα
1189 890 1287 961 τὴν
1318 890 1611 963 ἡμετέραν,
1639 892 1705 959 ἢν
1752 892 1912 955 αὐτὸς

334 978 566 1050 ἐποίησε
612 978 689 1049 τῷ
736 966 904 1049 Ἀδάμ
948 980 1042 1033 καὶ
1082 982 1216 1033 πᾶσι
1259 984 1373 1045 τοῖς
1421 982 1479 1047 ἐξ
1522 982 1711 1052 Ἀδὰμ,
1746 985 1913 1053 χωρὶς

336 1069 634 1142 ἁμαρτίας·
658 1073 687 1124 6
706 1070 762 1123 δὲ
796 1069 1037 1135 διάϐολος
1066 1072 1113 1124 εί
1142 1072 1235 1124 καὶ
1264 1073 1440 1144 σάρκα
1471 1072 1747 1137 ἀναλάϐοι,
1778 1073 1913 1126 ἀλλά

332 1159 514 1216 ταῦτα
559 1163 616 1216 ὲν
662 1161 876 1233 δοκήσει
915 1161 1059 1233 (65)·
1106 1162 1222 1225 πῶς
1273 1162 1381 1233 γὰρ
1434 1163 1498 1233 ἢν
1549 1164 1649 1216 οὐκ
1690 1164 1911 1233 ἐποίησε

335 1254 545 1321 σάρκα,
576 1252 710 1306 άλλά
746 1253 841 1305 καὶ
884 1254 1109 1325 πολεμεί
1142 1253 1261 1306 καθ’
1295 1254 1551 1323 ἑκάστην,
1584 1254 1786 1323 ταύτην
1818 1272 1913 1323 φο-

337 1343 551 1416 ρέσειεν
577 1341 717 1415 (66);
746 1343 949 1414 ταύτην
992 1344 1048 1396 δὲ
1091 1339 1266 1414 οἴμαι,
1304 1345 1672 1415 ἠγαπημένοι,
1716 1363 1914 1414 φαντα-

334 1433 528 1505 στικὴν
558 1433 657 1503 τῆς
690 1433 888 1505 σαρκὸς
933 1434 1096 1488 αὑτοῦ
1138 1437 1325 1489 οὐσίαν
1366 1436 1699 1506 ἀναλήψεται
1746 1438 1911 1505 ὄργα-

331 1541 461 1578 νονο
509 1523 596 1577 διὰ
638 1524 796 1577 τοῦτο
833 1526 926 1578 καὶ
980 1527 1044 1578 ἐκ
1095 1526 1360 1597 παρθένου
1405 1526 1677 1591 τίκτεται,
1726 1527 1913 1600 ὥσπερ

330 1614 577 1686 πνεῦμα,
612 1615 706 1669 καὶ
753 1614 888 1687 σὰρξ
925 1620 1034 1680 τοῖς
1074 1617 1280 1681 λοιποῖς
1311 1616 1417 1689 (67)
1452 1617 1913 1689 ὲμφανισθήσεται

2016 431 2110 484 tia.
2146 430 2224 484 Ad
2257 430 2506 483 eumdem
2542 428 2763 482 modum
2804 428 2965 482 etiam
2997 428 3242 483 diabolus
3269 443 3334 481 ex
3364 428 3573 497 impura

2013 522 2241 576 muliere
2284 522 2518 591 prqdibit
2568 536 2731 589 super
2772 530 2969 573 terram
3005 562 3016 574 .
3050 521 3141 574 sed
3175 520 3308 575 falso
3336 522 3575 575 nascitur

2012 626 2077 667 ex
2111 612 2339 681 virgine.
2376 612 2583 666 Etenim
2631 610 2772 666 Deus
2816 621 3001 666 noster
3046 612 3098 665 in
3138 628 3299 667 carne
3328 622 3577 670 versatus

2012 712 2095 758 est
2124 704 2431 767 nobiscum,
2483 712 2683 756 nostra:
2719 718 2827 757 non
2859 703 3084 771 dispari,
3117 720 3278 771 quam
3312 704 3425 773 ipse
3450 703 3577 760 fecit

2012 795 2241 859 Adamo,
2278 794 2619 863 posterisque
2648 794 2765 863 ejus
2802 795 3075 859 omnibus,
3105 796 3308 865 absque
3332 805 3571 865 peccato.

2016 885 2121 939 Sed
2153 885 2405 939 diabolus
2454 884 2580 937 licet
2630 898 2847 938 carnem
2900 892 3163 949 assumat,
3194 884 3295 938 hoc
3324 885 3577 953 opinione

2014 983 2249 1029 tantum.
2282 974 2389 1040 Qui
2432 974 2576 1028 enim
2626 989 2843 1028 carnem
2878 972 3071 1040 ferret,
3102 990 3263 1043 quam
3317 976 3431 1044 ipse
3465 992 3572 1031 non

2013 1067 2275 1131 condidit,
2332 1067 2427 1122 sed
2483 1076 2758 1135 oppugnat
2804 1066 3085 1135 quotidie?
3132 1066 3301 1132 llanc,
3356 1068 3571 1136 opinor,

2013 1157 2215 1219 dilecti,
2250 1157 2430 1211 carnis
2459 1172 2570 1211 sua:
2600 1155 2956 1211 substantiam
2988 1154 3381 1223 phantasticam
3419 1170 3576 1209 assu-

2013 1248 2111 1301 mit
2145 1248 2333 1318 organi
2370 1248 2506 1301 vice.
2540 1246 2825 1315 Propterea
2862 1247 3051 1300 cdetur
3073 1261 3138 1299 ex
3168 1247 3376 1316 virgine
3408 1249 3573 1303 veluti

2012 1339 2238 1407 spiritus
2272 1358 2284 1394 :
2314 1340 2406 1409 qui
2441 1339 2657 1408 quidem
2690 1350 2817 1392 tunc
2854 1337 3076 1406 reliquis
3117 1339 3396 1407 apparebit
3423 1355 3570 1394 caro.

2012 1430 2147 1485 Nam
2180 1431 2445 1501 virginem
2484 1430 2755 1499 peperisse
2786 1428 2955 1483 solam
2984 1430 3387 1483 sanctissimam
3422 1431 3574 1485 novi-

2012 1538 2134 1576 mus
2176 1538 2189 1574 :
2233 1537 2354 1591 qua:
2396 1521 2738 1590 carnigerum
2797 1536 2923 1574 vere
2974 1522 3158 1590 genuit
3215 1520 3570 1578 Salvatorem.

2015 1614 2291 1686 Siquidem
2323 1614 2532 1684 Moyses
2556 1615 2666 1667 ait:
2696 1612 2859 1667 Omne
2888 1614 3234 1667 masculinum
3265 1614 3574 1683 adaperiam

327 1706 481 1759 τότε·
517 1705 575 1758 τὸ
606 1706 712 1778 γὰρ
758 1705 1023 1777 παρθένον
1061 1712 1259 1775 τεκεῖν,
1300 1710 1468 1780 μόνην
1506 1710 1605 1780 τὴν
1640 1711 1904 1779 παναγίαν

2012 1704 2247 1769 vulvam,
2301 1713 2539 1757 sanctum
2584 1703 2807 1755 Domino
2856 1705 3125 1755 vocabitur
3153 1704 3214 1756 ⁸⁷.
3249 1703 3345 1757 llic
3393 1714 3573 1761 autem

328 1797 581 1867 ἔγνωμεν
600 1836 615 1860 ,
649 1798 987 1870 σαρκοφόρον
1019 1800 1271 1864 ἀπλανῶς
1306 1800 1416 1871 (68)
1455 1803 1788 1871 γεννήσαντα
1819 1802 1908 1855 τὸν

327 1890 582 1960 Σωτῆρα.
600 1890 753 1942 Ἐπεὶ
782 1891 1024 1961 Μωῦσῆς
1050 1892 1215 1961 λέγει’
1239 1892 1368 1947 Πᾶν
1392 1893 1579 1961 ἄρσεν
1608 1893 1909 1963 διανοῖγον

320 1978 580 2049 μήτραν,
603 1979 772 2050 ἅγιον
796 1979 876 2046 τῷ
900 1982 1093 2049 Κυρίῳ
1123 1981 1486 2049 κληθήσεται
1524 1982 1654 2053 (69).
1692 1982 1766 2034 Οὐ
1802 1980 1907 2052 μὴν

325 2072 602 2141 οὐδαμῶς,
638 2072 751 2125 ἀλλ’
783 2071 971 2145 ὥσπερ
1002 2074 1031 2125 6
1061 2074 1253 2145 ἐχθρὸς
1296 2075 1357 2128 οὐ
1389 2074 1641 2139 διανοίξει
1675 2075 1906 2145 μήτραν,

324 2162 505 2226 οὕτως
534 2163 653 2216 οὐδὲ
682 2163 859 2235 σάρκα
888 2165 1092 2237 τρανὴν
1123 2165 1486 2237 ἀναλήψεται,
1520 2167 1614 2221 καὶ
1642 2181 1909 2236 περιτμη-

325 2252 577 2324 θήσεται,
601 2254 784 2319 καθὼς
806 2256 900 2309 καὶ
926 2257 955 2308 6
980 2256 1214 2327 Χριστὸς
1246 2258 1609 2330 περιετμήθη.
1632 2257 1743 2311 Καὶ
1772 2255 1907 2309 καθ-

2014 1811 2379 1867 nequaquam.
2412 1794 2515 1849 Sed
2545 1795 2999 1865 quemadmodum
3029 1795 3201 1849 hostis
3231 1811 3335 1849 non
3374 1799 3576 1867 aperiet

2006 1890 2253 1958 vulvamf,
2285 1888 2359 1942 ita
2392 1904 2493 1942 nec
2536 1902 2755 1941 carnem
2800 1903 2982 1941 veram
3035 1897 3309 1955 assumet,
3338 1899 3429 1944 aut
3462 1892 3573 1946 cir-

2006 1980 2361 2045 cumcidetur,
2397 1988 2455 2033 ut
2486 1988 2541 2033 et
2582 1979 2937 2034 circumcisus
2970 1988 3051 2033 est
3077 1977 3346 2036 Christus.
3378 1981 3442 2035 Et
3470 1983 3576 2037 sic-

2007 2068 2087 2125 uti
2135 2067 2386 2121 Christus
2436 2067 2596 2137 elegit
2648 2068 2952 2135 apostolos,
3020 2068 3099 2121 sic
3162 2068 3250 2123 ille
3306 2071 3571 2141 integrum

2006 2159 2268 2231 populum
2312 2159 2610 2230 discipulos
2658 2159 2760 2214 sibi
2813 2159 3042 2214 asciscet
3084 2162 3323 2231 nequitia
3372 2164 3453 2217 sui
3500 2165 3575 2218 si-

2009 2252 2185 2307 miles.

324 2349 407 2414 ὼς
446 2352 476 2403 6
514 2351 748 2421 Χριστὸς
821 2353 947 2416 τοὺς
996 2353 1323 2417 ἀποστόλους
1389 2354 1699 2421 ἐξελέξατο,
1759 2352 1932 2415 οὕτως
1985 2350 2080 2404 καὶ
2133 2350 2339 2411 ἐκεῖνος
2415 2347 2583 2418 δῆμον
2631 2346 2919 2419 ὁλόκληρον
2976 2347 3230 2419 μαθητῶν
3278 2350 3576 2422 προσλήψε-

324 2461 420 2500 ται
470 2446 580 2516 (70)
622 2445 838 2516 ὁμοίους
886 2446 987 2516 τῆς
1036 2447 1200 2502 αὐτοῦ
1250 2449 1586 2520 κακουργίας
1634 2448 1995 2519 ὑπάρχοντας.

399 2540 594 2593 XXIII.
650 2541 738 2593 Ἐν
778 2538 1014 2611 πρώτοις
1053 2542 1110 2595 δὲ
1160 2542 1220 2596 τὸ
1273 2542 1380 2597 τῶν
1438 2544 1704 2597 Ἰουδαίων
1752 2542 1904 2607 ἔθνος

324 2627 623 2698 ἀγαπήσει.
670 2628 826 2681 Μετὰ
870 2629 926 2683 δὲ
968 2628 1172 2684 τούτων
1200 2632 1453 2685 ἁπάντων
1486 2634 1685 2701 σημεῖα
1726 2632 1905 2684 ἐπιτε-

326 2718 498 2781 λέσει,
530 2718 625 2771 καὶ
674 2717 926 2789 θαύματα
976 2720 1215 2792 φοϐερὰ,
1262 2721 1377 2774 ἀλλ’
1421 2721 1521 2774 οὐκ
1555 2720 1752 2792 ἀληθῆ,
1788 2720 1901 2774 ἀλλ’

330 2811 393 2862 ὲν
446 2809 619 2881 πλάνῃ
672 2809 811 2879 (7l),
871 2812 1019 2874 ὅπως
1080 2812 1328 2884 πλανήσῃ
1376 2814 1501 2874 τοὺς
1542 2812 1757 2882 ὁμοίους
1792 2811 1901 2882 (72)

325 2901 481 2972 αὐτῷ
520 2902 767 2965 ἀσεϐεῖς·
802 2905 851 2957 εί
902 2903 1125 2957 δυνατὸν
1156 2904 1285 2975 γὰρ,
1326 2904 1421 2957 κα)⁵
1462 2905 1586 2968 τοὺς
1618 2905 1904 2969 ἐκλεκτοὺς

2072 2537 2259 2593 XXIII.
2294 2538 2353 2592 In
2391 2536 2585 2607 primis
2624 2546 2805 2591 autem
2849 2536 3129 2592 Judaicam
3168 2549 3379 2607 gentem
3413 2557 3563 2596 ama-

2009 2630 2090 2685 bit
2122 2646 2135 2683 :
2163 2630 2305 2701 apud
2333 2644 2427 2685 eos
2455 2644 2643 2684 omnes
2667 2630 2820 2699 signa
2857 2630 2977 2684 edet
3006 2639 3061 2684 et
3103 2631 3366 2685 horrenda
3402 2634 3569 2687 mira-

2005 2722 2148 2786 cula,
2174 2736 2282 2777 non
2306 2736 2454 2788 vera,
2481 2718 2575 2775 sed
2606 2720 2764 2787 falsa,
2793 2721 2860 2775 ad
2891 2723 3222 2777 seducendos
3256 2724 3339 2777 sui
3364 2724 3571 2780 similes

2004 2811 2221 2881 impios.
2256 2809 2495 2874 Etenim,
2525 2810 2572 2865 si
2602 2812 2717 2864 lieri
2744 2820 2940 2880 potest,
2975 2813 3139 2866 etiam
3170 2814 3370 2868 electos
3395 2816 3570 2869 abdu-

2004 2910 2091 2957 cet
2140 2918 2170 2956 a
2221 2901 2509 2957 dilectione
2558 2899 2762 2955 Christi
2802 2902 2867 2954 ⁸⁸.
2905 2900 3096 2955 Verum
3146 2902 3199 2955 in
3258 2905 3570 2973 primordiis

326 2996 623 3067 ἀποστήσει
671 2996 777 3049 ἀπὸ
820 2996 921 3066 τῆς
958 2996 1177 3066 ἀγάπης
1220 2994 1312 3049 τοῦ
1347 2994 1600 3067 Χριστοῦ.
1647 2996 1805 3052 Ἀλλὰ
1836 2996 1904 3052 τά

2011 2993 2125 3048 suis
2154 2993 2391 3047 clemens
2420 2992 2542 3055 erit,
2592 2992 2766 3047 lactus
2813 2994 2879 3047 ad
2918 2993 3290 3058 dilectionem,
3324 2995 3568 3064 quietus,

327 3084 523 3157 πρῶτα
563 3084 729 3140 αὑτοῦ
774 3086 883 3157 (75)
919 3086 1209 3155 γενήσεται
1262 3084 1475 3156 πραῢς,
1523 3084 1902 3156 ἀγαπητικδς,

323 3176 558 3246 ἥσυχος,
607 3174 859 3246 εὐλαϐὴς,
901 3174 1257 3247 είρηνοποιὸς,
1303 3175 1475 3246 μισῶν
1521 3175 1753 3242 ἀδικίαν,
1784 3176 1903 3249 βδε-

324 3269 644 3339 λυττόμενος
684 3267 859 3342 δῶρα,
900 3267 1340 3338 είδωλολατρείαν
1385 3267 1461 3339 μὴ
1518 3267 1902 3339 προσιέμενος,

324 3359 423 3423 τὰς
464 3359 705 3432 Γραφάς,
741 3360 904 3431 φησὶν
933 3358 1064 3431 (74),
1098 3358 1346 3426 ἀγαπῶν,
1378 3360 1540 3430 ἱερεῖς
1571 3358 1904 3429 αἰδούμενος,

324 3451 517 3515 πολιάς
548 3451 739 3522 τιμῶν,
769 3451 1022 3522 πορνείαν
1057 3449 1131 3521 μὴ
1174 3450 1622 3521 καταδεχόμενος,
1659 3450 1903 3521 μοιχείαν

322 3542 737 3616 βδελυττόμενος
769 3541 901 3612 (75),
935 3539 1290 3603 καταλαλιαῖς
1339 3539 1412 3611 μὴ
1461 3541 1763 3612 προσέχων,
1814 3542 1905 3612 ὅρ-

324 3652 457 3698 κους
511 3634 585 3706 μὴ
638 3634 1106 3704 καταδεχόμενος,
1171 3632 1478 3701 φιλόξενος,
1543 3632 1901 3702 φιλόπτωχος,

322 3726 572 3797 ἐλεήμων
620 3725 749 3798 (76).
792 3722 925 3779 Εἶτα
976 3724 1069 3777 καὶ
1119 3724 1323 3795 τέρατα
1373 3725 1622 3795 ποιήσει,
1669 3723 1903 3793 λεπροὺς

321 3816 666 3889 καθαρίζων,
707 3815 1043 3887 παραλύτους
1086 3816 1339 3887 ἐγείρων,
1375 3815 1633 3885 δαίμονας
1662 3814 1899 3869 ἀπελαύ-

202 3955 222 3964 -
321 3924 451 3972 νων,
484 3908 612 3979 περὶ
640 3906 749 3959 τῶν
781 3907 968 3977 πόρῤω
1003 3906 1079 3969 ὼς
1110 3904 1380 3958 ἐνεστῶτα
1410 3903 1737 3971 διαγγέλλων
1764 3904 1896 3976 (77),

320 4000 548 4073 νεκροὺς
578 3998 832 4062 ἀνιστῶν,
864 3998 1059 4068 χήραις
1089 3996 1428 4068 ἐπικουρῶν,
1462 3996 1709 4066 ὀρφανῶν
1742 4001 1898 4067 προῖ-

324 4092 613 4162 στάμενος,
642 4090 871 4159 ἀγαπῶν
902 4091 1128 4153 πάντας,
1162 4090 1287 4152 τοὺς
1321 4088 1660 4159 μαχομένους
1690 4088 1901 4161 ἀνθρώ-

2009 3082 2326 3153 religiosus,
2357 3082 2646 3152 paciﬁcus,
2675 3083 2768 3152 qui
2803 3083 2927 3137 odio
2973 3094 3333 3154 prosequatur
3357 3087 3573 3154 injusti-

2011 3176 2165 3242 tiam,
2197 3175 2493 3229 detestetur
2538 3190 2801 3241 munera,
2842 3177 3204 3231 idololatriam
3242 3194 3349 3233 non
3378 3179 3571 3233 admit-

2011 3275 2123 3333 tat,
2155 3280 2301 3321 amet
2348 3264 2676 3335 Scripturas,
2710 3276 3018 3321 revereatur
3049 3269 3375 3335 sacerdotes,
3418 3270 3570 3323 cani-

2016 3358 2143 3412 tiem
2181 3357 2375 3412 honori
2404 3357 2618 3421 habeat,
2654 3359 3035 3414 scortatio‘ncm
3066 3361 3328 3429 repudiet,
3360 3362 3571 3415 adulte-

2007 3448 2151 3503 rium
2182 3448 2548 3512 abominetur,
2583 3449 3002 3505 obtrectationes
3032 3467 3142 3504 non
3180 3451 3394 3516 audiat,
3420 3453 3569 3521 deje-

2002 3540 2242 3596 rationes
2267 3556 2377 3593 non
2413 3540 2658 3610 recipiat,
2706 3541 2988 3610 hospitalis
3008 3586 3022 3609 ,
3059 3545 3337 3599 studiosus
3364 3561 3570 3614 paupe-

2003 3646 2156 3697 rum,
2211 3630 2544 3686 misericors.
2596 3629 2787 3686 Postea
2840 3633 2964 3687 edet
3014 3635 3279 3704 prodigia,
3325 3636 3569 3705 leprosos

2002 3723 2317 3777 mundando
2338 3764 2354 3789 ,
2404 3723 2728 3793 paralyticos
2756 3725 3073 3788 excitando,
3107 3728 3422 3796 expellendo
3460 3729 3570 3784 da:-

2006 3830 2195 3870 mones
2236 3834 2247 3869 :
2280 3815 2578 3885 longinqua
2620 3833 2727 3871 non
2770 3817 2923 3870 aliter
2956 3833 3118 3886 quam
3161 3819 3444 3887 praesentia
3473 3820 3569 3874 de-

2004 3907 2297 3974 nuntiabit,
2349 3908 2608 3962 excitabit
2664 3920 2943 3974 mortuos,
2991 3908 3166 3963 viduis
3210 3924 3366 3977 opem
3410 3910 3566 3976 feret,

2002 3997 2237 4067 pupillos
2261 3997 2519 4064 tuebitur,
2555 4007 2783 4053 cunctos
2813 3998 3026 4069 diliget,
3054 3999 3368 4053 conciliabit
3390 4000 3567 4055 homi-

2004 4104 2100 4144 nes
2150 4089 2538 4145 contendentes
2583 4090 2652 4146 ad
2699 4091 3029 4157 amicitiam,
3074 4091 3159 4146 his
3199 4092 3430 4146 verbis:
3473 4090 3567 4147 Sol

320 4198 459 4246 πους
488 4181 869 4235 καταλλάττων
909 4182 991 4243 είς
1020 4180 1259 4251 ἀγάπην,
1294 4180 1386 4233 καὶ
1423 4180 1611 4248 λέγων·
1640 4178 1735 4247 Μὴ
1770 4180 1894 4233 ἐπι-

2008 4196 2102 4233 non
2134 4181 2341 4234 occidat
2364 4198 2518 4251 super
2543 4183 2877 4237 iracundiam
2898 4192 3121 4237 vestram
3150 4184 3214 4239 δ’.
3242 4181 3361 4238 Non
3394 4185 3567 4254 possi-

391 4323 436 4354 "’
460 4320 632 4376 Exod.
677 4338 793 4387 xm,
827 4321 890 4389 2;
920 4338 1106 4388 xxxrv,
1134 4322 1233 4388 19;
1262 4318 1425 4378 Num.
1458 4339 1575 4389 Vill,
1610 4322 1710 4389 16;
1740 4322 1872 4378 Luc.

2008 4322 2091 4377 25.
2166 4324 2210 4356 ⁸⁸
2233 4322 2422 4379 Matth.
2453 4341 2601 4392 xxxv,
2635 4324 2725 4379 24.

392 4436 502 4511 (6!)
530 4438 943 4511 ζᾼειπαρθένουν
973 4440 1035 4511 B-

394 4507 506 4578 (62)
530 4507 709 4565 Verba
735 4507 804 4563 ’ὲν
837 4510 941 4582 ίδίᾳ
971 4510 1016 4562 δ.
1044 4528 1095 4563 τ.
1130 4528 1183 4565 α.
1218 4511 1468 4581 θεότητος
1498 4512 1551 4564 in
1582 4510 1642 4563 Β.
1680 4511 1893 4566 deside-

318 4588 534 4634 rantur.

393 4648 507 4721 (65)
532 4648 634 4713 ld.,
661 4648 905 4721 τίκτεται
936 4648 1043 4721 γάρ
1084 4649 1327 4721 ἀκριϐῶς
1356 4651 1421 4703 ὲκ
1456 4649 1748 4718 παρθένου.
1781 4650 1894 4703 An-

318 4719 631 4790 tichristum
663 4720 910 4773 futurum
934 4719 1232 4775 daemonem
1260 4720 1497 4773 humana
1522 4722 1713 4790 ligura,
1735 4721 1896 4790 multi

319 4789 415 4845 alii
446 4798 660 4845 veteres
700 4790 923 4843 tradunt
959 4808 973 4844 :
1009 4790 1369 4858 Augustinus,
1411 4788 1683 4858 Sulpicius
1728 4788 1893 4844 Seve—

318 4875 418 4915 rus
451 4859 667 4930 dialogo
699 4860 753 4920 2.
784 4858 1066 4930 Philippus
1100 4858 1323 4930 Dioptra
1352 4860 1447 4914 lib.
1479 4875 1563 4927 ιιι,
1589 4876 1637 4915 c.
1669 4860 1756 4923 ll,
1785 4870 1888 4915 etc.

415 4928 507 5000 64)
543 4927 703 5000 'll‘pi’v
724 4930 780 4983 in
810 4927 872 4983 Β.
911 4927 1080 4984 deest.
1203 4927 1243 5000 ί
1556 4948 1559 4952 ·

416 4998 505 5067 65)
548 4998 691 5053 Cave
742 5012 977 5069 prorsus
1017 5000 1147 5053 dum
1197 4998 1519 5069 aiticorpus
1572 4998 1891 5055 Antichristi

320 5068 763 5141 phantasticum§
795 5070 933 5141 quia
942 5068 1153 5141 Paulus
1176 5068 1567 5141 Antichristum
1606 5078 1763 5123 vocat
1793 5070 1890 5141 ho-

322 5137 524 5195 minem
556 5137 779 5206 peccati.
806 5138 867 5195 Il.
892 5137 1084 5197 Thess.
1113 5153 1177 5193 ιι.
1194 5137 1509 5195 Ριουε.-ιιι
1525 5142 1586 5197 Β.
1609 5150 1693 5198 est
1716 5140 1886 5211 ταύτῃ

324 5210 425 5262 μὲν
452 5210 688 5262 δοκήσει.

396 5228 425 5261 ν
452 5227 688 5262 οοκτισει.

323 5210 759 5350 μὲῖϐἓῖκέἰείίίοἱ
800 5281 1003 5352 codex!
1039 5277 1253 5352 ταύτηνΔ
1274 5281 1544 5352 φορέσειν,
1577 5278 1779 5352 ταύτην
1806 5276 1886 5352 oi-

395 5295 507 5350 (υυ)
533 5295 616 5334 Al.
647 5295 759 5334 l’lCl
800 5295 1003 5345 cooex,
1039 5296 1241 5351 ταυτην
1274 5295 1544 5352 φορεσειν,
1577 5296 1709 5332 ταυτ
1750 5295 1779 5330 ν
1806 5297 1886 5332 οι-

325 5367 445 5425 μαι,
474 5351 837 5425 ἠγαπημένοι.
870 5350 926 5403 1η
966 5350 1025 5403 Β.
1063 5359 1164 5425 est,
1197 5350 1372 5425 σάρκα
1406 5295 1777 5425 emes-pag}
1794 5351 1889 5403 καὶ

325 5368 445 5419 μαι,
474 5368 837 5471 ηγαπτδμενοι.
870 5368 926 5403 ιιι
966 5368 1025 5403 ι).
1063 5368 1164 5416 esr,
1197 5368 1372 5422 σαρκα
1406 5368 1698 5414 ενουσεται,
1728 5368 1763 5425 ῃ
1794 5368 1882 5403 και

320 5420 549 5492 πολεμεῖ
576 5438 646 5472 κα
684 5421 695 5439 ’
721 5421 975 5492 ἑκάστην,
1003 5420 1464 5492 ταύτηνᾼφορέσει.
1503 5419 1882 5492 Ἀλλὰ-ταύτην

319 5485 472 5575 οἶμαι
503 5485 1078 5575 φανταστικὴνιόύσίαν
1107 5485 1447 5545 ἀναλάϐεται.
1478 5490 1575 5543 Διά
1603 5489 1760 5543 τοῦτο
1790 5485 1886 5545 καὶ

320 5560 386 5612 ἐκ
416 5561 619 5682 μιαρᾶς
648 5560 1097 5630 κόρηςίτίκτεται.

394 5634 410 5687 (
449 5629 506 5698 7)
550 5630 660 5683 Καὶ
691 5630 867 5700 σάρκα
896 5632 1006 5693 τοῖς
1048 5630 1257 5694 πολλοῖς
1283 5630 1737 5704 ἑμφανισθήσεται
1784 5649 1880 5703 φο-

2836 4325 2879 4356 ⁶⁹
2903 4324 3098 4395 Ephcs.
3130 4343 3202 4393 ιν,
3229 4326 3318 4382 9.6.

2039 4459 2134 4502 ων,
2169 4459 2242 4497 ια.

2004 4443 2134 4513 ρῶν,
2169 4443 2242 4497 id.

2069 4512 2193 4632 (68)³
2210 4512 2319 4584 Τὴν
2367 4512 2613 4567 θεοτόκον
2663 4513 2906 4583 ἔγνωμεν
2949 4513 3224 4584 σαρκικῶς
3268 4514 3361 4567 καὶ
3393 4516 3567 4568 ἀπλα-

2004 4582 2120 4632 νῶς.
2198 4622 2212 4632 .
2245 4613 2316 4622 -
2351 4582 2478 4632 Leg-
2510 4585 2848 4632 γεννήσασαν
2883 4600 2978 4632 nm
3018 4587 3369 4632 γεννήσαντα.
3407 4586 3563 4632 Enn-

1996 4582 2120 4704 ἓῶς,
2152 4582 2212 4635 Β.
2245 4582 2316 4622 —'-
2350 4582 2478 4655 Leg.
2510 4582 2848 4655 γεννήσασαν
2882 4600 2978 4653 pro
3018 4582 3369 4655 γεννήσαντα.
3406 4586 3563 4641 Ent'r.

2044 4668 2240 4704 ATROL.

2044 4668 2240 4709 Ατιιοι..

2066 4722 2177 4791 (69)
2217 4723 2274 4797 ln_
2330 4722 2569 4797 ΒηρόειΔ
2617 4723 2945 4797 κληθήσεται
2994 4725 3178 4779 statim
3246 4728 3495 4797 sequitur
3543 4740 3561 4780 :

2002 4792 2190 4864 ὥσπερ
2217 4791 2324 4864 γὰρ
2352 4796 2379 4845 ὁ
2412 4791 2622 4864 ἐχθρός.

2068 4861 2179 4937 (ΖΟ)
2207 4861 2641 4937 ἐδίκπροςτλάδῃο

2068 4931 2179 5005 (71)
2206 4933 2290 5005 Β.,
2321 4931 2687 5005 εν”πλάνῃ”δὲ
2722 4937 2868 5000 ὅπως
2887 4976 2901 5000 ,
2932 4936 2980 4988 εί
3007 4933 3227 4988 δυνατὸν
3247 4974 3262 4999 ,
3306 4937 3403 4990 καὶ
3437 4939 3563 5001 τοὺς

1996 5001 2283 5076 ἐκλεκτοὺς
2314 5001 2637 5076 ἀ-ποστῆσαι.

2208 5073 2301 5157 ﬁl.
2327 5071 2674 5157 ficinc'odea,
2706 5075 3135 5157 6po£ou;_af§o§,
3173 5076 3486 5157 das6eig__6é.

2066 5142 2180 5215 (75)
2196 5141 2405 5215 Confer
2434 5141 2850 5201 Feuardentium
2886 5148 2952 5201 ad
2998 5145 3055 5201 S.
3089 5147 3347 5202 lrenaaum
3378 5148 3472 5202 lib.
3506 5164 3557 5215 v,

1996 5228 2117 5268 can.
2154 5214 2243 5267 25.

2065 5229 2267 5355 ὣίὲῙῇ
2298 5282 2358 5355 Βο
2392 5282 2541 5355 δείξει
2574 5286 2754 5355 φησίνο

2067 5352 2179 5427 (75)
2208 5352 2561 5427 νςτυφβδελ.
2590 5352 2768 5427 usque
2811 5356 2877 5409 ad
2920 5357 3110 5427 ὅρκους
3155 5357 3350 5412 desunt
3392 5358 3445 5413 in
3480 5356 3553 5413 Μ.

1994 5420 2203 5475 incuria
2230 5420 2456 5485 librarii,
2487 5434 2543 5477 ut
2575 5420 2802 5478 videtur.

2203 5491 2258 5566 In
2282 5492 2644 5566 B._sequi_tur,
2666 5497 2869 5566 σημεῖα
2900 5496 2992 5566 καὶ
3018 5494 3217 5566 τέρατα
3240 5495 3429 5552 ποιῶν.

2063 5561 2173 5633 (77)
2196 5563 2305 5632 ΑΙ.,
2346 5561 2635 5632 διαγγελεῖ,
2666 5561 3126 5637 Βζδιαλεγόμενος
3157 5569 3382 5636 ἀγαπῶν
3418 5567 3555 5625 πάν·

1989 5645 2105 5695 τας.

3540 5998 3741 6091 ﬂ
