4028 6214
479 199 580 257 927

1247 195 1527 251 APPEND.
1574 193 1663 248 AD
1698 189 1976 246 PARTEM
2014 187 2054 242 ll
2092 185 2377 244 OPERUM
2417 187 2475 242 S.
2521 180 2905 240 HIPPOLYTI.

3607 175 3718 234 928

477 319 624 375 debit
675 333 892 383 aurum,
945 329 1044 371 nec
1083 313 1266 385 diliget
1313 323 1617 386 argentum,
1669 311 1885 366 divitias
1933 324 2040 364 non

2142 304 2328 360 δυέτω
2354 308 2386 359 ό
2413 305 2584 372 ἣλιος
2618 302 2715 356 ἐπὶ
2759 299 2838 365 τῷ
2873 297 3254 368 παροργισμῷ
3282 296 3446 367 ὑμῶν
3465 315 3479 328 ·
3515 300 3720 369 χρυσὸν

475 411 854 481 amplectetur.

547 591 738 648 XXlV.
767 592 939 662 Atque
966 592 1081 646 hzec
1117 588 1302 644 omnia
1332 588 1492 644 faciet
1529 537 1758 643 consilio
1783 586 2039 641 simulato

477 703 544 743 ac
600 685 944 741 fraudulento
983 699 996 736 :
1031 699 1141 754 quo
1183 685 1570 740 circumveniat
1621 696 1840 745 omnes,
1890 688 1950 734 ut
1981 695 2040 734 se

477 791 658 846 regem
690 784 893 831 creent.
925 772 1059 828 Nam
1094 775 1186 828 ubi
1219 777 1400 844 populi
1427 792 1492 830 ac
1516 773 1888 829 multitudines
1917 779 2038 825 tan-

475 879 560 923 tas
584 869 702 938 ejus
731 869 956 922 virtutes
997 878 1159 937 atque
1196 868 1482 924 facultates
1508 865 1894 937 perspexerint,
1930 879 2039 917 uno

473 975 745 1016 consensu
796 959 1121 1013 convenient
1175 975 1366 1014 omnes
1411 973 1578 1011 unum
1633 953 1684 1009 in
1736 954 1937 1016 locum,
1969 950 2036 1005 ad

473 1051 767 1108 creandum
799 1051 946 1104 illum
979 1067 1179 1120 regem.
1213 1054 1287 1106 Ac
1317 1050 1658 1120 potissimum
1688 1045 2039 1099 Hebraeorum

472 1158 605 1214 gens
643 1158 751 1212 pra:
783 1141 1036 1196 omnibus
1068 1142 1169 1212 ipsi
1204 1153 1434 1214 tyranno
1472 1141 1634 1196 chara
1667 1140 1800 1202 erit,
1824 1138 2036 1192 dicent-

472 1249 580 1304 que
609 1234 750 1288 alius
781 1234 872 1287 alii
898 1250 910 1285 :
939 1220 1208 1303 Nunquid
1232 1235 1284 1287 in
1318 1232 1663 1301 generatione
1693 1238 1876 1284 nostra
1906 1229 2030 1283 talis

474 1342 539 1381 ac
568 1333 678 1380 tam
722 1326 897 1379 bonus
927 1334 980 1380 et
1007 1325 1188 1394 justus
1236 1327 1398 1379 homo
1432 1323 1662 1380 inveniri
1705 1322 1915 1392 potest?
1942 1320 2038 1375 Ju-

470 1418 572 1472 dazi
603 1418 890 1487 praecipue,
921 1425 980 1471 ut
1005 1419 1118 1487 jam
1141 1417 1274 1481 dixi,
1304 1425 1583 1484 sperantes
1609 1431 1666 1469 se
1699 1422 2036 1483 spectaturos

473 1507 625 1562 illum
675 1524 851 1576 regem
888 1508 982 1561 tali
1033 1509 1087 1562 in
1143 1509 1390 1577 imperio.
1442 1524 1600 1576 quem
1650 1506 1910 1559 adeuntes
1952 1504 2037 1558 his

471 1601 654 1655 verbis
708 1601 1050 1669 alloquentur
1095 1616 1109 1652 :
1157 1599 1359 1654 Omnes
1410 1600 1504 1653 tibi
1560 1599 2028 1668 obtemperamus,

470 1707 660 1748 omnes
706 1692 759 1746 in
804 1702 855 1746 te
897 1693 1145 1746 fiduciam
1189 1692 1558 1754 collocamus,
1606 1689 1950 1759 agnoscimus
1982 1696 2035 1741 te

465 1782 673 1851 justum
727 1798 890 1853 super
941 1798 1158 1837 omnem
1217 1793 1452 1844 terram,
1504 1796 1694 1835 omnes
1735 1791 1825 1834 tua
1873 1795 2035 1848 opera

472 1875 700 1929 salutem
734 1890 834 1928 nos
861 1882 1250 1928 consecuturos
1280 1888 1584 1942 speramus,
1619 1881 1672 1926 et
1702 1887 1770 1926 ex
1813 1887 1907 1926 ore
1945 1879 2037 1926 tuo

465 1967 674 2034 justum
705 1973 759 2020 et
788 1967 1160 2033 incorruptum
1186 1963 1450 2033 judicium
1477 1962 1825 2029 accipiemus.

549 2144 712 2198 XXV.
772 2144 947 2215 Atque
979 2144 1134 2200 initio
1162 2145 1378 2212 quidem
1430 2144 1662 2199 mendax
1716 2155 1769 2199 et
1814 2144 2036 2214 iniquus

472 2237 561 2292 ille
583 2238 814 2292 subdole
864 2238 1091 2306 gloriam
1162 2237 1302 2291 hanc
1358 2222 1702 2306 repudiabit:
1741 2246 1797 2291 at
1850 2253 2034 2298 perse-

468 2339 721 2384 verantes
767 2329 1012 2382 homines
1059 2337 1112 2382 et
1153 2328 1522 2392 obsecrantes,
1582 2329 1732 2382 illum
1789 2329 2035 2383 declara--

471 2420 606 2475 bunt
677 2436 876 2491 regem.
937 2419 1128 2474 Postea
1194 2421 1416 2474 extollet
1487 2419 1762 2482 animum,
1819 2428 1872 2473 et
1939 2419 2033 2488 qui

471 2514 622 2583 prius
649 2522 764 2566 erat
809 2521 1145 2575 mansuetus,
1193 2512 1383 2566 evadet
1417 2510 1600 2574 ferox;
1647 2511 1739 2579 qui
1785 2511 2032 2564 dilectio-

471 2621 593 2660 nem
661 2605 1106 2674 amplectebatur,
1158 2605 1248 2659 fiet
1307 2605 1725 2673 immisericors;
1768 2606 1858 2674 qui
1918 2603 2036 2658 ani—

471 2712 618 2751 mum
647 2697 866 2767 gerebat
931 2697 1308 2764 summissum,
1365 2698 1630 2766 superbus
1663 2707 1824 2766 atque
1873 2696 2034 2749 inhu-

470 2804 665 2844 manus
720 2791 946 2855 evadet;
1023 2790 1117 2858 qui
1177 2789 1368 2843 oderat
1437 2789 1800 2858 iniustitiam,
1855 2789 2032 2858 justos

471 2893 849 2951 persequetur.
908 2879 1113 2935 Deinde
1170 2881 1414 2935 sublatus
1478 2880 1532 2934 in
1571 2896 1794 2948 regnum
1847 2895 2028 2944 suum,

2140 400 2200 454 οὐ
2249 399 2535 470 κτήσεται,
2584 393 2843 468 ἀργύριον
2883 393 2984 445 οὑκ
3025 391 3332 464 ἀγαπήσει,
3379 390 3608 444 πλοῦτον
3649 393 3712 444 οὐ

2140 489 2442 562 προσίεται.

2207 594 2394 648 XXIV.
2443 595 2554 648 Καὶ
2597 592 2770 648 ταῦτα
2819 592 2994 646 πάντα
3037 594 3182 644 ποιεῖ
3221 591 3331 663 (78)
3376 589 3607 654 ὕπουλος
3636 589 3714 644 ὢν

2138 694 2230 742 καὶ
2275 690 2464 752 δόλιος,
2511 689 2607 742 κα)⁸
2651 687 2857 750 πάντας
2902 685 3068 739 θέλων
3114 683 3453 754 ἐξαπατῆσαι
3485 683 3621 753 πρὸς
3649 684 3712 736 τὸ

2137 782 2359 850 ποιῆσαι
2398 781 2558 835 αὑτὸν
2603 770 2844 850 βασιλέα’
2879 781 3005 832 ὅταν
3035 779 3143 850 γὰρ
3173 779 3354 831 ῖδωσιν
3384 779 3432 832 oi
3464 778 3582 831 λαοὶ
3614 779 3711 830 καί

2136 874 2183 924 οἱ
2215 871 2376 942 δῆμοι
2410 869 2673 933 τοσαύτας
2709 870 2911 942 ἀρετὰς
2944 870 3037 922 καὶ
3064 868 3330 932 τοσαύτας
3357 869 3520 921 αὑτοῦ
3552 867 3712 922 δυνά-

2141 981 2281 1034 μεις,
2316 963 2515 1026 πάντες
2555 964 2648 1015 ἐπὶ
2674 962 2734 1015 τὸ
2764 962 2896 1014 αὐτὸ
2929 961 3040 1029 (79)
3083 964 3180 1032 μιᾷ
3221 960 3411 1034 γνώμῃ
3441 961 3713 1033 συναχθήο

2139 1073 2318 1109 σονται
2346 1058 2437 1110 ἐπὶ
2463 1055 2524 1108 τὸ
2557 1055 2777 1125 ποιῆσαι
2807 1053 2965 1107 αὐτὸν
2991 1053 3234 1124 βασιλέα.
3261 1041 3508 1106 Μάλιστα
3537 1053 3620 1106 ὃτι
3648 1053 3710 1104 τὸ

2136 1148 2241 1200 τῶν
2283 1148 2548 1220 Ἐϐραίων
2575 1147 2729 1214 γένος
2759 1146 3173 1216 ἀγαπηθήσεται
3197 1145 3336 1215 ὑπὲρ
3368 1145 3575 1207 πάντας
3613 1145 3708 1198 ὑπ’

2136 1237 2298 1292 αὑτοῦ
2349 1238 2442 1292 τοῦ
2487 1237 2778 1309 τυράννου,
2820 1237 3066 1304 λέγοντες
3114 1233 3250 1306 πρὸς
3294 1233 3570 1304 ἀλλήλους’
3622 1233 3709 1304 Μὴ

2137 1328 2244 1403 ἄρα
2293 1330 2603 1403 εὑρίσκεται
2633 1328 2912 1392 τοσοῦτος,
2944 1327 3143 1396 ἀγαθὸς
3174 1326 3456 1398 ἄνθρωπος
3508 1325 3602 1378 καὶ
3633 1325 3712 1378 δί-

2138 1441 2288 1487 καιος
2317 1424 2374 1476 ἐν
2405 1424 2468 1492 τῇ
2509 1425 2669 1493 γενεᾷ
2701 1420 2892 1493 ὴμῶν;
2934 1420 3273 1489 Ἐξαιρέτως,
3306 1419 3381 1482 ὼς
3424 1420 3704 1491 προεῖπον,

2133 1513 2194 1566 τὸ
2247 1513 2354 1565 τῶν
2397 1513 2662 1566 Ἰουδαίων
2715 1512 2902 1581 γένος,
2974 1510 3281 1580 νομίζοντες
3350 1509 3430 1562 ὃτι
3480 1507 3707 1578 βασιλέα

2136 1602 2294 1656 αὑτὸν
2335 1600 2618 1655 θεάσονται
2663 1601 2719 1653 ἐν
2750 1603 2814 1672 τῇ
2848 1601 3070 1673 τοιαύτῃ
3112 1601 3286 1670 ἀρχῇ,
3333 1600 3426 1653 καὶ
3479 1598 3711 1670 προσελ-

2135 1693 2316 1756 θόντες
2367 1693 2512 1762 αύτῷ
2543 1693 2820 1760 λέγοντες·
2851 1693 3056 1754 Πάντες
3089 1708 3168 1743 σοι
3213 1689 3508 1760 πειθόμεθα
3550 1690 3707 1760 (80),

2134 1787 2227 1841 καὶ
2262 1786 2320 1838 σὲ
2353 1783 2690 1856 γνωρίζομεν
2717 1783 2922 1837 δίκαιον
2959 1784 3052 1835 ἐπὶ
3081 1783 3258 1835 πᾶσαν
3285 1783 3382 1852 τὴν
3410 1782 3533 1852 γῆν
3569 1782 3710 1835 πάν.

2134 1894 2224 1940 τες
2254 1877 2341 1930 διὰ
2371 1875 2464 1930 σοῦ
2510 1875 2744 1948 σωθῆναι
2778 1875 3085 1945 ἐλπίζομενο
3119 1874 3212 1926 καὶ
3240 1873 3327 1928 διὰ
3365 1874 3459 1927 τοῦ
3499 1874 3708 1945 στόμα-

2133 1970 2223 2034 τός
2275 1988 2368 2024 σου
2416 1969 2678 2040 ἐλάϐομεν
2725 1967 2834 2039 (81)
2878 1968 3057 2040 κρίσιν
3104 1966 3317 2020 δικαίαν
3361 1967 3453 2020 καὶ
3499 1967 3707 2038 ἀδωρο-

2133 2061 2375 2132 δόκητον.

2207 2152 2370 2207 Χχν.
2413 2153 2520 2206 Καὶ
2550 2153 2617 2206 τὰ
2669 2151 2862 2224 πρῶτα
2923 2152 3020 2222 μὲν
3066 2149 3313 2214 ὑπούλως
3355 2149 3640 2222 χρώμενος
3678 2151 3706 2203 6

2133 2244 2373 2315 ψεύστης
2408 2245 2502 2298 καὶ
2535 2244 2754 2315 ἄνομος,
2787 2245 3181 2314 παραιτήσεται
3200 2243 3298 2314 τὴν
3323 2241 3479 2308 δόξαν
3507 2243 3705 2312 αὐτήν·

2134 2340 2182 2390 οἱ
2215 2338 2272 2391 δὲ
2313 2337 2586 2410 ἄνθρωποι
2627 2335 3022 2408 προσμένοντες
3054 2335 3163 2405 (82)
3207 2337 3298 2388 καὶ
3329 2333 3706 2407 παρακαλοῦν-

2133 2448 2243 2494 τες,
2282 2431 2440 2484 αὑτὸν
2473 2429 2802 2494 ἁναδείξουσι
2827 2428 2936 2500 (8⁸5)
2957 2427 3196 2498 βασιλέα.
3232 2428 3341 2480 Καὶ
3373 2427 3511 2497 μετὰ
3529 2426 3703 2479 ταῦτα

2133 2522 2360 2593 ὑψοῦται
2394 2524 2460 2593 τῇ
2484 2521 2696 2592 καρδίᾳ,
2727 2520 2819 2573 καὶ
2849 2521 2877 2572 6
2921 2518 3100 2590 πραῢς
3147 2517 3432 2590 πρότερον,
3477 2517 3704 2586 γενήσε-

2132 2633 2220 2668 ται
2257 2613 2502 2684 σοϐαρός⁸
2543 2611 2635 2665 καὶ
2665 2611 2693 2661 6
2725 2609 2944 2678 ἀγάπην
2980 2607 3209 2672 διώκων,
3259 2608 3546 2676 γενήσεται
3580 2608 3701 2659 ἀνεο

2133 2704 2366 2776 λεὴμων·
2398 2705 2426 2755 ὁ
2453 2702 2702 2764 ταπεινὸς
2727 2703 2792 2772 τῇ
2818 2699 3010 2769 καρδία
3056 2697 3185 2766 (84),
3220 2698 3518 2766 γενήσεται
3560 2696 3701 2765 6'61;-

2132 2795 2223 2858 λὸς
2264 2795 2356 2847 καὶ
2386 2791 2766 2862 ἀπάνθρωπος·
2820 2789 2913 2841 καὶ
2946 2789 2973 2840 6
2999 2786 3170 2858 μισῶν
3200 2785 3432 2847 ἀδικίαν,
3474 2785 3600 2848 τοὺς
3627 2785 3701 2838 δι-

2135 2886 2321 2947 καίους
2368 2880 2708 2944 καταδιὼξει.
2769 2880 2998 2930 Ἔπειτα
3057 2874 3424 2944 ἁνυψούμενος
3485 2875 3567 2936 εἰς
3604 2873 3700 2944 τὴν

472 2973 672 3026 bellum
699 2973 948 3033 instruet,
981 2972 1168 3040 iraque
1217 2972 1457 3040 percitus
1490 2981 1601 3026 tres
1625 2986 1851 3041 magnos
1875 2987 2027 3039 reges

2132 2976 2324 3031 ἑαυτοῦ
2352 2974 2644 3045 βασιλείαν,
2681 2970 2979 3043 παρατάξει
3004 2969 3254 3038 πόλεμον·
3291 2967 3383 3020 καὶ
3429 2969 3578 3037 τρεῖς
3601 2965 3698 3034 βα-
3760 2971 3767 2977 ’

471 3063 756 3131 percutiet,
803 3062 1202 3132 A‘Igyptiorum,
1254 3061 1543 3126 Afrorum,
1603 3071 1765 3130 atque
1812 3061 2030 3115 Ethio-

470 3168 622 3221 pum.
660 3154 789 3206 Inde
823 3153 1081 3220 templum
1129 3162 1414 3207 construet
1469 3151 1842 3222 Jerosolymis,
1885 3153 2029 3220 quod

469 3244 755 3298 confestim
787 3244 1080 3298 excitatum
1112 3245 1287 3298 tradet
1342 3243 1563 3298 Judaais.
1615 3243 1751 3297 Tum
1781 3245 2030 3298 efl‘eretur

471 3336 657 3390 animo
703 3336 755 3389 in
812 3351 1002 3389 omnes
1057 3337 1344 3391 homines:
1401 3337 1696 3405 quinetiam
1748 3337 1802 3389 in
1861 3337 2025 3392 Deum

471 3426 647 3494 ipsum
680 3427 1077 3480 contumeliosa
1097 3428 1258 3481 verba
1293 3429 1665 3496 proloquetur,
1688 3443 1913 3495 sperans
1933 3429 2030 3482 do-

468 3513 620 3568 losus
649 3513 738 3567 ille
767 3513 820 3566 in
854 3522 1130 3582 posterum
1163 3530 1222 3568 se
1256 3525 1518 3584 perpetuo
1552 3525 1904 3586 regnaturum
1937 3534 2032 3572 su-

467 3620 564 3675 per
587 3613 809 3671 terram,
867 3606 1121 3670 ignorans
1160 3607 1328 3661 miser
1383 3623 1609 3678 regnum
1661 3623 1819 3662 suum
1878 3609 2029 3664 brevi

467 3694 679 3749 irritum
714 3695 828 3750 fore
851 3714 865 3761 ;
888 3707 941 3750 et
962 3699 1364 3768 quamprimum
1402 3714 1460 3754 se
1479 3709 1822 3778 recepturum
1848 3701 2025 3772 ignem

468 3795 715 3854 paratum
745 3787 846 3856 ipsi
875 3803 996 3841 cum
1029 3789 1284 3844 omnibus
1314 3788 1404 3859 qui
1452 3790 1782 3845 crediderint
1816 3800 1870 3846 et
1906 3808 2026 3847 ser-

466 3877 666 3930 vierint
695 3877 794 3932 illi.
828 3876 960 3931 Nam
993 3894 1116 3933 cum
1150 3878 1336 3934 Daniel
1358 3881 1554 3934 dixerit
1584 3901 1596 3935 :
1639 3881 2026 3938 Testamentum

467 3966 799 4034 conﬁrmabit
825 3968 1006 4022 multis
1032 3969 1355 4022 hebdomada
1388 3986 1494 4022 una
1520 3971 1586 4034 ⁷ο,
1630 3980 1830 4041 septem
1855 3989 2026 4028 annos

469 4056 778 4110 declaravit.
811 4057 1102 4112 Dimidium
1126 4059 1476 4114 hebdomadas
1506 4062 1874 4130 praedicabunt
1903 4079 2028 4133 pro-

2134 3067 2298 3128 σιλεῖς
2331 3065 2595 3134 μεγάλους
2792 3061 3021 3126 πατάξει
3061 3062 3118 3112 ἐν
3152 3057 3328 3129 θυμῷ,
3367 3059 3696 3126 Αἰγυπτίων,

2130 3156 2362 3216 Λιϐύων,
2387 3155 2481 3208 καὶ
2514 3152 2803 3205 Αἰθιόπων.
2836 3152 2946 3203 Καὶ
2974 3149 3110 3220 μετὰ
3136 3149 3309 3202 ταῦτα
3343 3151 3553 3219 ποιήσει
3587 3149 3698 3218 (86)

2127 3235 2224 3300 τὸν
2249 3247 2372 3300 ναὸν
2402 3245 2492 3298 τὸν
2526 3247 2581 3297 ὲν
2625 3241 3028 3314 Ἰεροσολύμοις,
3073 3242 3166 3293 καὶ
3206 3240 3504 3310 ἀναστήσει
3537 3239 3698 3292 αὑτὸν

2128 3344 2184 3394 ὲν
2205 3340 2379 3410 τάχει,
2413 3340 2505 3391 καὶ
2557 3336 2826 3391 ἀποδώσει
2860 3337 3020 3389 αὑτὸν
3064 3338 3175 3399 τοῖς
3225 3335 3512 3398 Ἰουδαίοις.
3566 3329 3698 3387 Εἶτα

2129 3431 2469 3501 ὑψωθήσεται
2507 3433 2572 3501 τῇ
2624 3429 2821 3500 καρδίᾳ
2851 3428 2991 3481 κατὰ
3045 3427 3245 3489 παντὸς
3277 3425 3598 3498 ἀνθρώπου·
3634 3427 3695 3478 οὐ

2131 3521 2234 3594 μὴν
2266 3521 2399 3574 ἀλλὰ
2451 3521 2545 3573 καὶ
2588 3520 2727 3573 κατὰ
2779 3518 2870 3572 τοῦ
2917 3517 3050 3572 Θεοῦ
3111 3517 3401 3587 βλάσφημα
3451 3516 3696 3587 λαλήσει,

2125 3613 2295 3667 δοκῶν
2323 3616 2352 3666 6
2376 3612 2565 3676 δόλιος,
2596 3613 2676 3664 ὅτι
2703 3611 2762 3664 τὸ
2791 3610 2977 3662 λοιπὸν
3009 3610 3120 3679 (87)
3151 3608 3402 3679 βασιλεύς
3430 3610 3579 3662 ἐστιν
3605 3609 3697 3660 ἐπὶ

2125 3705 2228 3776 γῆς
2259 3705 2362 3767 ἕως
2393 3703 2488 3758 τοῦ
2521 3702 2732 3765 αἰῶνος,
2773 3703 2844 3772 μὴ
2877 3701 3155 3769 γινώσκων
3178 3702 3207 3753 6
3236 3700 3598 3772 ταλαίπωρος,
3615 3701 3698 3752 ὅτι

2125 3799 2158 3867 ἡ
2189 3796 2430 3867 βασιλεία
2457 3795 2621 3850 αὑτοῦ
2653 3797 2711 3847 ὲν
2738 3794 2891 3864 τάχει
2938 3795 3309 3864 καταργεῖται,
3347 3790 3440 3844 καὶ
3488 3791 3695 3860 ἀπολή-

2123 3885 2282 3955 ψεται
2314 3886 2373 3938 τὸ
2403 3883 2801 3956 ἡτοιμασμένον
2837 3881 2948 3952 πῦρ
2971 3879 3118 3951 αύτῴ
3150 3883 3207 3935 ἐν
3229 3881 3382 3952 τάχει
3417 3880 3561 3951 (88),
3598 3883 3695 3934 σὺν

2125 3980 2256 4032 πᾶσι
2310 3981 2420 4041 τοῖς
2471 3976 2810 4046 πειθομένοις
2854 3975 2963 4046 (89)
3010 3973 3190 4044 αὐτῷ,
3253 3975 3346 4028 καὶ
3407 3973 3695 4027 δουλεύσα-

2125 4086 2208 4123 σιν
2253 4069 2416 4141 αὐτῷ.
2479 4069 2584 4122 Τοῦ
2634 4069 2743 4139 γὰρ
2794 4068 2987 4137 Δανιὴλ
3036 4067 3308 4130 εἰπόντος’
3373 4065 3697 4134 Ἐϐδσμὰδα

469 4147 684 4216 plicue:
721 4149 1009 4205 dimidium
1041 4151 1415 4216 hebdomadae,
1457 4153 1559 4208 hoc
1587 4162 1671 4208 est
1695 4163 1802 4209 tres
1851 4167 2021 4212 annos

2132 4161 2263 4225 μίαν
2313 4160 2572 4228 θήσομαι
2622 4160 2734 4228 (90)
2774 4158 2886 4227 τὴν
2935 4157 3226 4223 διαθήκην
3257 4175 3396 4226 μου,
3452 4156 3520 4210 τὰ
3553 4157 3697 4211 ἑπτὰ

467 4255 590 4292 cum
621 4241 873 4305 dimidio,
897 4243 1140 4312 regnabit
1188 4245 1556 4300 Antichristus
1595 4261 1760 4316 super
1783 4256 2019 4314 terram;

2122 4250 2216 4321 ἔτη
2268 4251 2524 4321 ἐδήλωσε·
2587 4251 2646 4304 τὸ
2699 4253 2869 4321 ἥμισυ
2917 4252 3014 4320 τῆς
3065 4249 3352 4319 ἑϐδομάδος
3403 4249 3538 4319 (91),
3595 4249 3694 4303 τοῦ

466 4340 589 4400 pust
621 4333 894 4388 auferetur
943 4350 1165 4403 regnum
1219 4335 1364 4390 illius
1421 4345 1476 4391 et
1527 4338 1719 4407 gloria.
1754 4337 2024 4392 Advertite

2132 4341 2356 4413 κηρῦξαι
2387 4343 2510 4406 τοὺς
2551 4344 2856 4414 προφήτας·
2888 4342 2982 4394 καὶ
3026 4341 3088 4394 τὸ
3136 4341 3304 4411 ἣμισυ
3333 4342 3430 4411 τῆς
3461 4340 3695 4411 ἑϐδομά-

466 4422 559 4488 qui
590 4421 756 4476 Deum
786 4423 1032 4493 diligitis,
1075 4426 1254 4494 qualis
1307 4427 1526 4482 afflictio
1577 4427 1758 4483 futura
1810 4430 1883 4484 sit
1913 4429 2021 4484 illis

465 4515 832 4583 temporibus;
863 4517 1041 4584 qualis
1074 4533 1172 4570 nec
1201 4516 1301 4571 fuit
1336 4535 1365 4572 a
1395 4519 1780 4575 constitutione
1814 4521 2023 4583 mundi,

464 4623 563 4661 nec
588 4609 691 4661 crit
715 4608 852 4662 ultra
882 4624 898 4672 ;
926 4619 981 4662 at
1011 4610 1116 4665 illis
1159 4610 1425 4666 duntaxat
1450 4614 1802 4682 temporibus.
1870 4613 2024 4668 Tunc

536 4830 581 4863 ⁷ο
613 4829 749 4885 Dan.
782 4847 857 4898 ix,
897 4829 985 4886 27.

673 4986 760 5057 Β.,
790 4987 1018 5057 ποιήσει.

535 5055 645 5119 (79)
677 5055 774 5118 ld.,
801 5059 878 5120 είς
903 5055 964 5108 τὸ
993 5057 1143 5110 αὐτό.

535 5124 651 5200 (8θ)
679 5127 755 5200 ln_
872 5127 1145 5200 sequitur,
1176 5124 1497 5200 *νομίζοντες
1541 5128 1590 5180 οἱ
1624 5128 1852 5200 ἄφρονες
1892 5129 2020 5182 Ἰου-

462 5193 705 5268 δαῖοιλὸτι
735 5197 766 5266 ὴ
794 5195 1031 5268 βασιλεία
1064 5195 1240 5268 αύτῷν
1258 5193 1448 5268 μέλλει
1477 5193 1894 5268 ἀναστήσασθαι,
1925 5202 2020 5252 καὶ

467 5264 850 5342 σπουδάζουσιν
891 5267 1036 5342 ὅπως
1075 5266 1248 5342 αὑτὸν⁸
1277 5265 1553 5342 θεάσονται
1596 5264 1756 5340 ἐν’τῇ
1799 5269 2018 5342 τοιαύτῃ

464 5333 634 5408 ἀρχῇ.
655 5336 747 5408 καῖ
774 5336 1160 5408 προσέρχονται
1191 5335 1336 5408 αύτῷ
1359 5337 1622 5405 λέγοντες,
1653 5330 1756 5395 etcf
1991 5330 2002 5344 ·

537 5406 645 5474 (81)
676 5405 956 5475 Λάόωμεν,
984 5408 1036 5457 in
1067 5408 1233 5460 altero
1263 5405 1370 5462 Pici
1400 5408 1599 5462 codice.

545 5475 654 5540 (82)
677 5475 772 5545 _B.,
811 5477 1232 5545 παραμένοντες.

538 5545 646 5607 (85)
676 5543 776 5607 1‹Ι.,
809 5543 1040 5599 ποιοῦσι.

538 5556 625 5606 (δὸ
678 5556 776 5607 Ι‹1.,
809 5562 1040 5599 ποιουσι.

535 5556 646 5683 (84)
677 5612 850 5668 Verba
880 5619 944 5685 τῇ
986 5617 1179 5689 καρδίᾳ
1200 5617 1396 5676 desunt
1421 5619 1472 5674 in
1498 5617 1556 5672 Β.

2121 4432 2229 4496 δος,
2264 4434 2429 4503 ἤγουν
2461 4435 2528 4486 τὰ
2574 4435 2697 4506 τρία
2751 4435 2921 4504 ἥμισυ
2958 4433 3052 4504 ἐτη
3108 4432 3412 4503 βασιλεύσει
3442 4437 3471 4487 6
3516 4435 3694 4488 Ἀντί-

2122 4542 2338 4596 χριστος
2388 4525 2480 4578 ἐπὶ
2527 4527 2622 4598 τῆς
2655 4527 2773 4596 γῆς.
2807 4526 2916 4579 Καὶ
2957 4524 3096 4596 μετὰ
3141 4525 3297 4579 τοῦτο
3329 4525 3621 4597 ἀρθήσεται
3657 4530 3695 4599 ἡ

2126 4616 2366 4686 βασιλεία
2400 4618 2564 4671 αὑτοῦ
2611 4619 2768 4688 καὶὴ
2825 4617 2948 4683 δόξα
3007 4616 3140 4688 (9⁸2).
3186 4618 3398 4689 Ὁρᾶτε,
3432 4619 3694 4687 φιλόθεοι,

2193 4992 2304 5066 (85)
2339 4993 2413 5066 ld.
2438 5010 2545 5048 non
2578 4996 2739 5050 habet
2767 4997 3051 5066 μεγάλους.

2215 5063 2302 5132 86)
2335 5065 2394 5116 Β.
2405 5105 2418 5127 ,
2448 5063 2788 5119 ταπεινώσει.

2215 5072 2302 5132 ⁸6)
2335 5072 2418 5127 15.,
2448 5072 2788 5119 ταπεινώσει.

2162 5072 2303 5214 ,(87)
2360 5135 2475 5200 ld.,
2527 5134 2608 5187 ὅτι
2656 5134 2962 5206 βασιλεύσει
3009 5138 3095 5191 ἀεὶ
3144 5138 3237 5193 ἐπὶ
3288 5139 3386 5212 τὴν
3443 5141 3544 5212 γῆν
3600 5145 3687 5205 είς

2121 5219 2340 5257 αιωνας.

2409 5273 2468 5326 Β.
2489 5274 2684 5328 desunt
2711 5275 2868 5330 verba
2895 5278 2953 5328 ἐν
2973 5278 3147 5348 τάχει.

2214 5344 2301 5405 89)
2331 5345 2704 5405 Ποθουμένοις,
2737 5346 2794 5398 Β.
2830 5348 2990 5402 male.

2214 5344 2301 5413 89)
2331 5345 2704 5413 Ποθουμένοις,
2737 5346 2794 5398 Β.
2830 5348 2990 5402 male.

2193 5408 2303 5483 (90⁷)
2335 5413 2416 5485 ll,
2447 5408 2697 5485 θύσομαι,
2724 5416 2880 5469 male.

2333 5483 2687 5560 l_b_id._desunt
2715 5487 3014 5560 γεώδη-τῆς
3045 5488 3352 5560 ἑϐδομάδος.

2190 5554 2301 5625 (92)
2333 5555 2441 5626 Τῆς
2469 5554 2739 5625 βασιλείας
2764 5557 2925 5610 αὐτοῦ
3017 5554 3254 5625 δόξα,’Β.
