  <div class='ocr_page' id='page_1' title='image "/cluster/home/n/w/nwhite01/storage/ocr_20150623/10/hvd.32044073501330/485.png"; bbox 0 0 4028 6214; ppageno 0'>
   <div class='ocr_carea' id='block_1_1' title="bbox 520 341 619 400">
    <p class='ocr_par' dir='ltr' id='par_1_1' title="bbox 520 341 619 400">
     <span class='ocr_line' id='line_1_1' title="bbox 520 341 619 400; baseline -0.04 0"><span class='ocrx_word' id='word_1_1' title='bbox 520 341 619 400; x_wconf 82' lang='grc'>951</span> 
     </span>
    </p>
   </div>
   <div class='ocr_carea' id='block_1_2' title="bbox 1292 334 2948 396">
    <p class='ocr_par' dir='ltr' id='par_1_2' title="bbox 1292 334 2948 396">
     <span class='ocr_line' id='line_1_2' title="bbox 1292 334 2948 396; baseline 0 -4"><span class='ocrx_word' id='word_1_2' title='bbox 1292 337 1576 395; x_wconf 81' lang='lat' dir='ltr'>APPEND.</span> <span class='ocrx_word' id='word_1_3' title='bbox 1619 338 1710 394; x_wconf 82' lang='lat' dir='ltr'>AD</span> <span class='ocrx_word' id='word_1_4' title='bbox 1749 337 2032 394; x_wconf 78' lang='lat' dir='ltr'><strong>PARTEM</strong></span> <span class='ocrx_word' id='word_1_5' title='bbox 2064 335 2108 392; x_wconf 86' lang='lat' dir='ltr'>ll</span> <span class='ocrx_word' id='word_1_6' title='bbox 2147 334 2430 394; x_wconf 77' lang='lat' dir='ltr'><strong>OPERUM</strong></span> <span class='ocrx_word' id='word_1_7' title='bbox 2466 339 2524 394; x_wconf 89' lang='lat' dir='ltr'><strong>S.</strong></span> <span class='ocrx_word' id='word_1_8' title='bbox 2565 337 2948 396; x_wconf 77' lang='lat' dir='ltr'><strong>HlPPOLYTl.</strong></span> 
     </span>
    </p>
   </div>
   <div class='ocr_carea' id='block_1_3' title="bbox 3661 339 3768 395">
    <p class='ocr_par' dir='ltr' id='par_1_3' title="bbox 3661 339 3768 395">
     <span class='ocr_line' id='line_1_3' title="bbox 3661 339 3768 395; baseline 0.009 -2"><span class='ocrx_word' id='word_1_9' title='bbox 3661 339 3768 395; x_wconf 64' lang='lat'>95&#39;:</span> 
     </span>
    </p>
   </div>
   <div class='ocr_carea' id='block_1_4' title="bbox 519 423 2116 532">
    <p class='ocr_par' dir='ltr' id='par_1_4' title="bbox 519 457 2092 528">
     <span class='ocr_line' id='line_1_4' title="bbox 519 457 2092 528; baseline -0.001 -13"><span class='ocrx_word' id='word_1_10' title='bbox 519 467 750 525; x_wconf 77' lang='lat' dir='ltr'><strong>terram;</strong></span> <span class='ocrx_word' id='word_1_11' title='bbox 787 467 902 513; x_wconf 89' lang='lat' dir='ltr'>tum</span> <span class='ocrx_word' id='word_1_12' title='bbox 937 457 1252 514; x_wconf 77' lang='lat' dir='ltr'>lamentatio</span> <span class='ocrx_word' id='word_1_13' title='bbox 1283 475 1477 518; x_wconf 76' lang='lat' dir='ltr'><strong>carens</strong></span> <span class='ocrx_word' id='word_1_14' title='bbox 1507 460 1657 515; x_wconf 93' lang='lat' dir='ltr'><strong>omni</strong></span> <span class='ocrx_word' id='word_1_15' title='bbox 1690 460 2092 528; x_wconf 78' lang='lat' dir='ltr'>consolatione,</span> 
     </span>
    </p>
   </div>
   <div class='ocr_carea' id='block_1_5' title="bbox 2198 423 3768 532">
    <p class='ocr_par' dir='ltr' id='par_1_5' title="bbox 2199 457 3768 532">
     <span class='ocr_line' id='line_1_5' title="bbox 2199 457 3768 532; baseline 0.001 -21"><span class='ocrx_word' id='word_1_16' title='bbox 2199 475 2364 530; x_wconf 84' lang='grc' dir='ltr'>ματα,</span> <span class='ocrx_word' id='word_1_17' title='bbox 2403 458 2662 532; x_wconf 77' lang='grc' dir='ltr'>βορϐόρου</span> <span class='ocrx_word' id='word_1_18' title='bbox 2690 460 2845 531; x_wconf 87' lang='grc' dir='ltr'>δίκην</span> <span class='ocrx_word' id='word_1_19' title='bbox 2873 459 3181 531; x_wconf 85' lang='grc' dir='ltr'>γενήσεται,</span> <span class='ocrx_word' id='word_1_20' title='bbox 3210 457 3304 512; x_wconf 70' lang='grc' dir='ltr'>κα)¹</span> <span class='ocrx_word' id='word_1_21' title='bbox 3343 457 3520 530; x_wconf 81' lang='grc' dir='ltr'>ὀσμῆς</span> <span class='ocrx_word' id='word_1_22' title='bbox 3540 458 3768 530; x_wconf 82' lang='grc' dir='ltr'>ἀπείρου</span> 
     </span>
    </p>
   </div>
   <div class='ocr_carea' id='block_1_6' title="bbox 521 549 2089 618">
    <p class='ocr_par' dir='ltr' id='par_1_6' title="bbox 521 549 2089 618">
     <span class='ocr_line' id='line_1_6' title="bbox 521 549 2089 618; baseline 0.002 -14"><span class='ocrx_word' id='word_1_23' title='bbox 521 558 639 605; x_wconf 88' lang='lat' dir='ltr'>tum</span> <span class='ocrx_word' id='word_1_24' title='bbox 666 550 907 618; x_wconf 87' lang='lat' dir='ltr'><strong>ejulatus</strong></span> <span class='ocrx_word' id='word_1_25' title='bbox 940 549 1285 618; x_wconf 89' lang='lat' dir='ltr'><strong>immodicus,</strong></span> <span class='ocrx_word' id='word_1_26' title='bbox 1319 559 1433 605; x_wconf 91' lang='lat' dir='ltr'>tum</span> <span class='ocrx_word' id='word_1_27' title='bbox 1461 551 1620 607; x_wconf 84' lang='lat' dir='ltr'><strong>ﬂetus</strong></span> <span class='ocrx_word' id='word_1_28' title='bbox 1651 552 1919 607; x_wconf 79' lang='lat' dir='ltr'><strong>continui.</strong></span> <span class='ocrx_word' id='word_1_29' title='bbox 1951 551 2089 607; x_wconf 92' lang='lat' dir='ltr'><strong>Tum</strong></span> 
     </span>
    </p>
   </div>
   <div class='ocr_carea' id='block_1_7' title="bbox 522 641 2094 714">
    <p class='ocr_par' dir='ltr' id='par_1_7' title="bbox 522 641 2094 714">
     <span class='ocr_line' id='line_1_7' title="bbox 522 641 2094 714; baseline 0.003 -18"><span class='ocrx_word' id='word_1_30' title='bbox 522 641 773 698; x_wconf 81' lang='lat' dir='ltr'><strong>homines</strong></span> <span class='ocrx_word' id='word_1_31' title='bbox 797 643 986 697; x_wconf 85' lang='lat' dir='ltr'><strong>beatos</strong></span> <span class='ocrx_word' id='word_1_32' title='bbox 1006 641 1378 711; x_wconf 77' lang='lat' dir='ltr'><strong>praedicabunt</strong></span> <span class='ocrx_word' id='word_1_33' title='bbox 1403 658 1518 710; x_wconf 90' lang='lat' dir='ltr'><strong>eos,</strong></span> <span class='ocrx_word' id='word_1_34' title='bbox 1542 643 1634 714; x_wconf 88' lang='lat' dir='ltr'>qui</span> <span class='ocrx_word' id='word_1_35' title='bbox 1663 653 1821 699; x_wconf 80' lang='lat' dir='ltr'><strong>antea</strong></span> <span class='ocrx_word' id='word_1_36' title='bbox 1845 645 2094 700; x_wconf 81' lang='lat' dir='ltr'><strong>decesse-</strong></span> 
     </span>
    </p>
   </div>
   <div class='ocr_carea' id='block_1_8' title="bbox 520 734 2094 807">
    <p class='ocr_par' dir='ltr' id='par_1_8' title="bbox 520 734 2094 807">
     <span class='ocr_line' id='line_1_8' title="bbox 520 734 2094 807; baseline 0.002 -18"><span class='ocrx_word' id='word_1_37' title='bbox 520 742 669 800; x_wconf 87' lang='lat' dir='ltr'><strong>runt,</strong></span> <span class='ocrx_word' id='word_1_38' title='bbox 701 735 943 789; x_wconf 77' lang='lat' dir='ltr'>dicentes</span> <span class='ocrx_word' id='word_1_39' title='bbox 967 734 1047 788; x_wconf 89' lang='lat' dir='ltr'>eis</span> <span class='ocrx_word' id='word_1_40' title='bbox 1074 751 1087 787; x_wconf 89' lang='lat'><strong>:</strong></span> <span class='ocrx_word' id='word_1_41' title='bbox 1133 734 1349 802; x_wconf 84' lang='lat' dir='ltr'><strong>Aperite</strong></span> <span class='ocrx_word' id='word_1_42' title='bbox 1375 737 1623 804; x_wconf 87' lang='lat' dir='ltr'><strong>sepulcra</strong></span> <span class='ocrx_word' id='word_1_43' title='bbox 1651 747 1857 801; x_wconf 86' lang='lat' dir='ltr'><strong>vestra,</strong></span> <span class='ocrx_word' id='word_1_44' title='bbox 1885 751 2094 807; x_wconf 90' lang='lat' dir='ltr'><strong>nosque</strong></span> 
     </span>
    </p>
   </div>
   <div class='ocr_carea' id='block_1_9' title="bbox 521 826 2095 896">
    <p class='ocr_par' dir='ltr' id='par_1_9' title="bbox 521 826 2095 896">
     <span class='ocr_line' id='line_1_9' title="bbox 521 826 2095 896; baseline 0.002 -15"><span class='ocrx_word' id='word_1_45' title='bbox 521 828 754 882; x_wconf 88' lang='lat' dir='ltr'><strong>miseros</strong></span> <span class='ocrx_word' id='word_1_46' title='bbox 779 826 1036 896; x_wconf 77' lang='lat' dir='ltr'><strong>excipite.</strong></span> <span class='ocrx_word' id='word_1_47' title='bbox 1066 826 1285 895; x_wconf 77' lang='lat' dir='ltr'><strong>Aperite</strong></span> <span class='ocrx_word' id='word_1_48' title='bbox 1328 827 1540 883; x_wconf 89' lang='lat' dir='ltr'><strong>loculos</strong></span> <span class='ocrx_word' id='word_1_49' title='bbox 1571 837 1805 892; x_wconf 89' lang='lat' dir='ltr'><strong>vestros,</strong></span> <span class='ocrx_word' id='word_1_50' title='bbox 1836 838 1897 883; x_wconf 93' lang='lat' dir='ltr'>ut</span> <span class='ocrx_word' id='word_1_51' title='bbox 1919 831 2095 886; x_wconf 82' lang='lat' dir='ltr'><strong>susci-</strong></span> 
     </span>
    </p>
   </div>
   <div class='ocr_carea' id='block_1_10' title="bbox 521 919 2088 990">
    <p class='ocr_par' dir='ltr' id='par_1_10' title="bbox 521 919 2088 990">
     <span class='ocr_line' id='line_1_10' title="bbox 521 919 2088 990; baseline 0.005 -18"><span class='ocrx_word' id='word_1_52' title='bbox 521 920 683 988; x_wconf 85' lang='lat' dir='ltr'><strong>piatis</strong></span> <span class='ocrx_word' id='word_1_53' title='bbox 713 919 1054 974; x_wconf 83' lang='lat' dir='ltr'><strong>miserabiles</strong></span> <span class='ocrx_word' id='word_1_54' title='bbox 1107 929 1368 990; x_wconf 83' lang='lat' dir='ltr'><strong>cognatos</strong></span> <span class='ocrx_word' id='word_1_55' title='bbox 1412 936 1476 975; x_wconf 88' lang='lat' dir='ltr'>ac</span> <span class='ocrx_word' id='word_1_56' title='bbox 1517 920 1816 978; x_wconf 81' lang='lat' dir='ltr'><strong>familiares</strong></span> <span class='ocrx_word' id='word_1_57' title='bbox 1854 932 2088 979; x_wconf 78' lang='lat' dir='ltr'><strong>vestros.</strong></span> 
     </span>
    </p>
   </div>
   <div class='ocr_carea' id='block_1_11' title="bbox 520 1010 2094 1083">
    <p class='ocr_par' dir='ltr' id='par_1_11' title="bbox 520 1010 2094 1083">
     <span class='ocr_line' id='line_1_11' title="bbox 520 1010 2094 1083; baseline 0.004 -18"><span class='ocrx_word' id='word_1_58' title='bbox 520 1010 669 1066; x_wconf 80' lang='lat' dir='ltr'><strong>Beati</strong></span> <span class='ocrx_word' id='word_1_59' title='bbox 694 1012 829 1067; x_wconf 84' lang='lat' dir='ltr'><strong>estis</strong></span> <span class='ocrx_word' id='word_1_60' title='bbox 853 1028 972 1075; x_wconf 91' lang='lat' dir='ltr'><strong>vos,</strong></span> <span class='ocrx_word' id='word_1_61' title='bbox 1003 1013 1096 1082; x_wconf 87' lang='lat' dir='ltr'>qui</span> <span class='ocrx_word' id='word_1_62' title='bbox 1123 1029 1229 1068; x_wconf 92' lang='lat' dir='ltr'>non</span> <span class='ocrx_word' id='word_1_63' title='bbox 1271 1014 1556 1083; x_wconf 87' lang='lat' dir='ltr'><strong>spectastis</strong></span> <span class='ocrx_word' id='word_1_64' title='bbox 1580 1015 1697 1070; x_wconf 90' lang='lat' dir='ltr'><strong>dies</strong></span> <span class='ocrx_word' id='word_1_65' title='bbox 1749 1015 1904 1071; x_wconf 91' lang='lat' dir='ltr'><strong>istos.</strong></span> <span class='ocrx_word' id='word_1_66' title='bbox 1943 1015 2094 1071; x_wconf 89' lang='lat' dir='ltr'><strong>Beati</strong></span> 
     </span>
    </p>
   </div>
   <div class='ocr_carea' id='block_1_12' title="bbox 521 1105 2094 1174">
    <p class='ocr_par' dir='ltr' id='par_1_12' title="bbox 521 1105 2094 1174">
     <span class='ocr_line' id='line_1_12' title="bbox 521 1105 2094 1174; baseline 0.003 -16"><span class='ocrx_word' id='word_1_67' title='bbox 521 1120 640 1171; x_wconf 85' lang='lat' dir='ltr'><strong>vos,</strong></span> <span class='ocrx_word' id='word_1_68' title='bbox 673 1105 767 1174; x_wconf 89' lang='lat' dir='ltr'>qui</span> <span class='ocrx_word' id='word_1_69' title='bbox 799 1121 906 1159; x_wconf 90' lang='lat' dir='ltr'>non</span> <span class='ocrx_word' id='word_1_70' title='bbox 933 1105 1147 1161; x_wconf 88' lang='lat' dir='ltr'><strong>vidistis</strong></span> <span class='ocrx_word' id='word_1_71' title='bbox 1173 1106 1338 1160; x_wconf 91' lang='lat' dir='ltr'><strong>vitam</strong></span> <span class='ocrx_word' id='word_1_72' title='bbox 1369 1107 1528 1161; x_wconf 88' lang='lat' dir='ltr'><strong>istam</strong></span> <span class='ocrx_word' id='word_1_73' title='bbox 1572 1115 1651 1161; x_wconf 93' lang='lat' dir='ltr'>tot</span> <span class='ocrx_word' id='word_1_74' title='bbox 1694 1107 1911 1163; x_wconf 89' lang='lat' dir='ltr'><strong>dolores</strong></span> <span class='ocrx_word' id='word_1_75' title='bbox 1934 1109 2094 1164; x_wconf 89' lang='lat' dir='ltr'><strong>nobis</strong></span> 
     </span>
    </p>
   </div>
   <div class='ocr_carea' id='block_1_13' title="bbox 519 1196 2096 1268">
    <p class='ocr_par' dir='ltr' id='par_1_13' title="bbox 519 1196 2096 1268">
     <span class='ocr_line' id='line_1_13' title="bbox 519 1196 2096 1268; baseline 0.002 -19"><span class='ocrx_word' id='word_1_76' title='bbox 519 1203 576 1249; x_wconf 86' lang='lat' dir='ltr'>et</span> <span class='ocrx_word' id='word_1_77' title='bbox 601 1197 878 1251; x_wconf 80' lang='lat' dir='ltr'><strong>cruciatus</strong></span> <span class='ocrx_word' id='word_1_78' title='bbox 912 1196 1225 1250; x_wconf 79' lang='lat' dir='ltr'><strong>atl‘erentem</strong></span> <span class='ocrx_word' id='word_1_79' title='bbox 1254 1217 1269 1264; x_wconf 62' lang='grc' dir='ltr'>ς</span> <span class='ocrx_word' id='word_1_80' title='bbox 1301 1213 1400 1253; x_wconf 90' lang='lat' dir='ltr'>nec</span> <span class='ocrx_word' id='word_1_81' title='bbox 1427 1208 1631 1268; x_wconf 90' lang='lat' dir='ltr'><strong>pestem</strong></span> <span class='ocrx_word' id='word_1_82' title='bbox 1662 1198 1846 1262; x_wconf 90' lang='lat' dir='ltr'><strong>istam,</strong></span> <span class='ocrx_word' id='word_1_83' title='bbox 1869 1199 2096 1254; x_wconf 87' lang='lat' dir='ltr'><strong>vincen-</strong></span> 
     </span>
    </p>
   </div>
   <div class='ocr_carea' id='block_1_14' title="bbox 521 1288 2096 1359">
    <p class='ocr_par' dir='ltr' id='par_1_14' title="bbox 521 1288 2096 1359">
     <span class='ocr_line' id='line_1_14' title="bbox 521 1288 2096 1359; baseline 0.003 -18"><span class='ocrx_word' id='word_1_84' title='bbox 521 1294 628 1341; x_wconf 88' lang='lat' dir='ltr'>tem</span> <span class='ocrx_word' id='word_1_85' title='bbox 651 1288 836 1342; x_wconf 88' lang='lat' dir='ltr'><strong>omnia</strong></span> <span class='ocrx_word' id='word_1_86' title='bbox 859 1288 1130 1354; x_wconf 84' lang='lat' dir='ltr'><strong>remedia;</strong></span> <span class='ocrx_word' id='word_1_87' title='bbox 1165 1303 1341 1358; x_wconf 86' lang='lat' dir='ltr'><strong>neque</strong></span> <span class='ocrx_word' id='word_1_88' title='bbox 1365 1288 1745 1344; x_wconf 85' lang='lat' dir='ltr'><strong>necessitatem</strong></span> <span class='ocrx_word' id='word_1_89' title='bbox 1769 1289 1950 1356; x_wconf 88' lang='lat' dir='ltr'><strong>istam,</strong></span> <span class='ocrx_word' id='word_1_90' title='bbox 1974 1305 2096 1359; x_wconf 65' lang='lat' dir='ltr'><strong>quae</strong></span> 
     </span>
    </p>
   </div>
   <div class='ocr_carea' id='block_1_15' title="bbox 521 1380 1273 1449">
    <p class='ocr_par' dir='ltr' id='par_1_15' title="bbox 521 1380 1273 1449">
     <span class='ocr_line' id='line_1_15' title="bbox 521 1380 1273 1449; baseline -0.001 -15"><span class='ocrx_word' id='word_1_91' title='bbox 521 1389 753 1449; x_wconf 86' lang='lat' dir='ltr'><strong>occupat</strong></span> <span class='ocrx_word' id='word_1_92' title='bbox 785 1380 1002 1434; x_wconf 89' lang='lat' dir='ltr'><strong>animas</strong></span> <span class='ocrx_word' id='word_1_93' title='bbox 1032 1387 1273 1435; x_wconf 88' lang='lat' dir='ltr'><strong>nostras.</strong></span> 
     </span>
    </p>
   </div>
   <div class='ocr_carea' id='block_1_16' title="bbox 571 1732 2095 1806">
    <p class='ocr_par' dir='ltr' id='par_1_16' title="bbox 571 1732 2095 1806">
     <span class='ocr_line' id='line_1_16' title="bbox 571 1732 2095 1806; baseline 0.001 -17"><span class='ocrx_word' id='word_1_94' title='bbox 571 1733 831 1789; x_wconf 79' lang='lat' dir='ltr'><strong>&#39;XXVlll.</strong></span> <span class='ocrx_word' id='word_1_95' title='bbox 882 1732 1012 1790; x_wconf 87' lang='lat' dir='ltr'><strong>inde</strong></span> <span class='ocrx_word' id='word_1_96' title='bbox 1050 1734 1298 1805; x_wconf 83' lang='lat' dir='ltr'><strong>impurus</strong></span> <span class='ocrx_word' id='word_1_97' title='bbox 1331 1735 1419 1790; x_wconf 91' lang='lat' dir='ltr'><strong>ille</strong></span> <span class='ocrx_word' id='word_1_98' title='bbox 1470 1735 1725 1792; x_wconf 88' lang='lat' dir='ltr'><strong>mandata</strong></span> <span class='ocrx_word' id='word_1_99' title='bbox 1778 1736 1953 1792; x_wconf 89' lang='lat' dir='ltr'><strong>mittet</strong></span> <span class='ocrx_word' id='word_1_100' title='bbox 1999 1751 2095 1806; x_wconf 91' lang='lat' dir='ltr'>per</span> 
     </span>
    </p>
   </div>
   <div class='ocr_carea' id='block_1_17' title="bbox 2196 551 3772 623">
    <p class='ocr_par' dir='ltr' id='par_1_17' title="bbox 2196 551 3772 623">
     <span class='ocr_line' id='line_1_17' title="bbox 2196 551 3772 623; baseline -0.001 -19"><span class='ocrx_word' id='word_1_101' title='bbox 2196 551 2289 604; x_wconf 72' lang='grc' dir='ltr'>καὶ</span> <span class='ocrx_word' id='word_1_102' title='bbox 2321 551 2584 616; x_wconf 82' lang='grc' dir='ltr'>δυσωδίας</span> <span class='ocrx_word' id='word_1_103' title='bbox 2634 551 3072 623; x_wconf 74' lang='grc' dir='ltr'>πληρωθήσεται.</span> <span class='ocrx_word' id='word_1_104' title='bbox 3119 551 3251 604; x_wconf 82' lang='grc' dir='ltr'>Τότε</span> <span class='ocrx_word' id='word_1_105' title='bbox 3304 551 3491 622; x_wconf 78' lang='grc' dir='ltr'>λοιμὸς</span> <span class='ocrx_word' id='word_1_106' title='bbox 3555 551 3772 622; x_wconf 77' lang='grc' dir='ltr'>ἰσχυρὸς</span> 
     </span>
    </p>
   </div>
   <div class='ocr_carea' id='block_1_18' title="bbox 2194 641 3771 715">
    <p class='ocr_par' dir='ltr' id='par_1_18' title="bbox 2194 641 3771 715">
     <span class='ocr_line' id='line_1_18' title="bbox 2194 641 3771 715; baseline 0 -20"><span class='ocrx_word' id='word_1_107' title='bbox 2194 643 2287 696; x_wconf 70' lang='grc' dir='ltr'>ἐπὶ</span> <span class='ocrx_word' id='word_1_108' title='bbox 2315 647 2494 698; x_wconf 78' lang='grc' dir='ltr'>πᾶσαν</span> <span class='ocrx_word' id='word_1_109' title='bbox 2526 642 2622 715; x_wconf 79' lang='grc' dir='ltr'>τὴν</span> <span class='ocrx_word' id='word_1_110' title='bbox 2651 643 2776 713; x_wconf 80' lang='grc' dir='ltr'>γῆν,</span> <span class='ocrx_word' id='word_1_111' title='bbox 2805 644 2929 697; x_wconf 88' lang='grc' dir='ltr'>τότε</span> <span class='ocrx_word' id='word_1_112' title='bbox 2951 642 3147 714; x_wconf 81' lang='grc' dir='ltr'>θρῆνος</span> <span class='ocrx_word' id='word_1_113' title='bbox 3178 641 3628 714; x_wconf 80' lang='grc' dir='ltr'>ἀπαραμύθητος,</span> <span class='ocrx_word' id='word_1_114' title='bbox 3650 642 3771 695; x_wconf 87' lang='grc' dir='ltr'>τότε</span> 
     </span>
    </p>
   </div>
   <div class='ocr_carea' id='block_1_19' title="bbox 2195 731 3771 804">
    <p class='ocr_par' dir='ltr' id='par_1_19' title="bbox 2195 731 3771 804">
     <span class='ocr_line' id='line_1_19' title="bbox 2195 731 3771 804; baseline -0.002 -18"><span class='ocrx_word' id='word_1_115' title='bbox 2195 732 2468 804; x_wconf 79' lang='grc' dir='ltr'>κλαυθμὸς</span> <span class='ocrx_word' id='word_1_116' title='bbox 2505 733 2774 804; x_wconf 84' lang='grc' dir='ltr'>ἄμετρος,</span> <span class='ocrx_word' id='word_1_117' title='bbox 2807 733 2930 786; x_wconf 86' lang='grc' dir='ltr'>τότε</span> <span class='ocrx_word' id='word_1_118' title='bbox 2981 731 3273 802; x_wconf 76' lang='grc' dir='ltr'>στεναγμοὶ</span> <span class='ocrx_word' id='word_1_119' title='bbox 3324 731 3609 784; x_wconf 78' lang='grc' dir='ltr'>ἄπαυστοι.</span> <span class='ocrx_word' id='word_1_120' title='bbox 3641 732 3771 784; x_wconf 86' lang='grc' dir='ltr'>Τότε</span> 
     </span>
    </p>
   </div>
   <div class='ocr_carea' id='block_1_20' title="bbox 2201 821 3773 897">
    <p class='ocr_par' dir='ltr' id='par_1_20' title="bbox 2201 821 3773 897">
     <span class='ocr_line' id='line_1_20' title="bbox 2201 821 3773 897; baseline -0.001 -20"><span class='ocrx_word' id='word_1_121' title='bbox 2201 825 2594 897; x_wconf 83' lang='grc' dir='ltr'>μακαρίσουσιν</span> <span class='ocrx_word' id='word_1_122' title='bbox 2635 825 2743 896; x_wconf 80' lang='grc'>(10)</span> <span class='ocrx_word' id='word_1_123' title='bbox 2805 825 2854 877; x_wconf 84' lang='grc' dir='ltr'>οἱ</span> <span class='ocrx_word' id='word_1_124' title='bbox 2901 823 3178 894; x_wconf 84' lang='grc' dir='ltr'>ἄνθρωποι</span> <span class='ocrx_word' id='word_1_125' title='bbox 3225 822 3353 886; x_wconf 79' lang='grc' dir='ltr'>τοὺς</span> <span class='ocrx_word' id='word_1_126' title='bbox 3407 821 3773 894; x_wconf 80' lang='grc' dir='ltr'>προτεθνηκό-</span> 
     </span>
    </p>
   </div>
   <div class='ocr_carea' id='block_1_21' title="bbox 2196 914 3772 989">
    <p class='ocr_par' dir='ltr' id='par_1_21' title="bbox 2196 914 3772 989">
     <span class='ocr_line' id='line_1_21' title="bbox 2196 914 3772 989; baseline -0.001 -19"><span class='ocrx_word' id='word_1_127' title='bbox 2196 935 2314 981; x_wconf 86' lang='grc' dir='ltr'>τας,</span> <span class='ocrx_word' id='word_1_128' title='bbox 2367 917 2618 985; x_wconf 89' lang='grc' dir='ltr'>λέγοντες</span> <span class='ocrx_word' id='word_1_129' title='bbox 2670 916 2806 989; x_wconf 81' lang='grc' dir='ltr'>πρὸς</span> <span class='ocrx_word' id='word_1_130' title='bbox 2859 914 3074 979; x_wconf 88' lang='grc' dir='ltr'>αὑτούς·</span> <span class='ocrx_word' id='word_1_131' title='bbox 3117 914 3386 981; x_wconf 77' lang='grc' dir='ltr'>Ἀνοίξατε</span> <span class='ocrx_word' id='word_1_132' title='bbox 3422 915 3549 978; x_wconf 83' lang='grc' dir='ltr'>τοὺς</span> <span class='ocrx_word' id='word_1_133' title='bbox 3568 915 3772 984; x_wconf 74' lang='grc' dir='ltr'>τάφους</span> 
     </span>
    </p>
   </div>
   <div class='ocr_carea' id='block_1_22' title="bbox 2197 1004 3772 1079">
    <p class='ocr_par' dir='ltr' id='par_1_22' title="bbox 2197 1004 3772 1079">
     <span class='ocr_line' id='line_1_22' title="bbox 2197 1004 3772 1079; baseline -0.001 -21"><span class='ocrx_word' id='word_1_134' title='bbox 2197 1006 2349 1078; x_wconf 91' lang='grc' dir='ltr'>ὑμῶν</span> <span class='ocrx_word' id='word_1_135' title='bbox 2389 1008 2500 1079; x_wconf 90' lang='grc'>(11)</span> <span class='ocrx_word' id='word_1_136' title='bbox 2533 1008 2625 1060; x_wconf 77' lang='grc' dir='ltr'>καὶ</span> <span class='ocrx_word' id='word_1_137' title='bbox 2653 1005 2875 1071; x_wconf 83' lang='grc' dir='ltr'>δέξασθε</span> <span class='ocrx_word' id='word_1_138' title='bbox 2911 1007 3055 1076; x_wconf 75' lang='grc' dir='ltr'>ἡμᾶς</span> <span class='ocrx_word' id='word_1_139' title='bbox 3081 1005 3206 1068; x_wconf 77' lang='grc' dir='ltr'>τοὺς</span> <span class='ocrx_word' id='word_1_140' title='bbox 3235 1004 3467 1067; x_wconf 80' lang='grc' dir='ltr'>ἀθλίους·</span> <span class='ocrx_word' id='word_1_141' title='bbox 3525 1005 3772 1069; x_wconf 80' lang='grc' dir='ltr'>ἀνοίξατε</span> 
     </span>
    </p>
   </div>
   <div class='ocr_carea' id='block_1_23' title="bbox 2195 1095 3773 1170">
    <p class='ocr_par' dir='ltr' id='par_1_23' title="bbox 2195 1095 3773 1170">
     <span class='ocr_line' id='line_1_23' title="bbox 2195 1095 3773 1170; baseline -0.002 -19"><span class='ocrx_word' id='word_1_142' title='bbox 2195 1097 2294 1160; x_wconf 80' lang='grc' dir='ltr'>τὰς</span> <span class='ocrx_word' id='word_1_143' title='bbox 2325 1098 2496 1169; x_wconf 86' lang='grc' dir='ltr'>θήκας</span> <span class='ocrx_word' id='word_1_144' title='bbox 2536 1098 2688 1169; x_wconf 86' lang='grc' dir='ltr'>ὑμῶν</span> <span class='ocrx_word' id='word_1_145' title='bbox 2740 1098 2879 1170; x_wconf 73' lang='grc' dir='ltr'>πρὸς</span> <span class='ocrx_word' id='word_1_146' title='bbox 2910 1095 3174 1168; x_wconf 71' lang='grc' dir='ltr'>ὑποδοχὴν</span> <span class='ocrx_word' id='word_1_147' title='bbox 3219 1095 3326 1149; x_wconf 90' lang='grc' dir='ltr'>τῶν</span> <span class='ocrx_word' id='word_1_148' title='bbox 3359 1096 3607 1149; x_wconf 75' lang='grc' dir='ltr'>ἐλεεινῶν</span> <span class='ocrx_word' id='word_1_149' title='bbox 3641 1113 3773 1164; x_wconf 91' lang='grc' dir='ltr'>συγ-</span> 
     </span>
    </p>
   </div>
   <div class='ocr_carea' id='block_1_24' title="bbox 2195 1187 3773 1260">
    <p class='ocr_par' dir='ltr' id='par_1_24' title="bbox 2195 1187 3773 1260">
     <span class='ocr_line' id='line_1_24' title="bbox 2195 1187 3773 1260; baseline -0.001 -18"><span class='ocrx_word' id='word_1_150' title='bbox 2195 1189 2368 1258; x_wconf 81' lang='grc' dir='ltr'>γενῶν</span> <span class='ocrx_word' id='word_1_151' title='bbox 2392 1190 2544 1260; x_wconf 89' lang='grc' dir='ltr'>ὑμῶν</span> <span class='ocrx_word' id='word_1_152' title='bbox 2573 1190 2667 1243; x_wconf 72' lang='grc' dir='ltr'>καὶ</span> <span class='ocrx_word' id='word_1_153' title='bbox 2697 1189 2953 1258; x_wconf 83' lang='grc' dir='ltr'>γνωστῶν</span> <span class='ocrx_word' id='word_1_154' title='bbox 2980 1187 3110 1259; x_wconf 69' lang='grc'>(12).</span> <span class='ocrx_word' id='word_1_155' title='bbox 3141 1188 3421 1259; x_wconf 82' lang='grc' dir='ltr'>Μακάριοι</span> <span class='ocrx_word' id='word_1_156' title='bbox 3454 1188 3635 1258; x_wconf 79' lang='grc' dir='ltr'>ὑμεῖς,</span> <span class='ocrx_word' id='word_1_157' title='bbox 3691 1190 3773 1242; x_wconf 83' lang='grc' dir='ltr'>ὃτι</span> 
     </span>
    </p>
   </div>
   <div class='ocr_carea' id='block_1_25' title="bbox 2195 1281 3771 1353">
    <p class='ocr_par' dir='ltr' id='par_1_25' title="bbox 2195 1281 3771 1353">
     <span class='ocr_line' id='line_1_25' title="bbox 2195 1281 3771 1353; baseline -0.002 -17"><span class='ocrx_word' id='word_1_158' title='bbox 2195 1283 2296 1336; x_wconf 86' lang='grc' dir='ltr'>οὐκ</span> <span class='ocrx_word' id='word_1_159' title='bbox 2325 1282 2616 1335; x_wconf 82' lang='grc' dir='ltr'>ἐθεάσασθε</span> <span class='ocrx_word' id='word_1_160' title='bbox 2649 1282 2748 1345; x_wconf 84' lang='grc' dir='ltr'>τὰς</span> <span class='ocrx_word' id='word_1_161' title='bbox 2785 1281 3000 1353; x_wconf 81' lang='grc' dir='ltr'>ἡμέρας</span> <span class='ocrx_word' id='word_1_162' title='bbox 3023 1281 3244 1344; x_wconf 87' lang='grc' dir='ltr'>ταύτας.</span> <span class='ocrx_word' id='word_1_163' title='bbox 3281 1281 3558 1351; x_wconf 84' lang='grc' dir='ltr'>Μακάριοι</span> <span class='ocrx_word' id='word_1_164' title='bbox 3591 1282 3771 1351; x_wconf 81' lang='grc' dir='ltr'>ὑμεῖς,</span> 
     </span>
    </p>
   </div>
   <div class='ocr_carea' id='block_1_26' title="bbox 2195 1371 3770 1445">
    <p class='ocr_par' dir='ltr' id='par_1_26' title="bbox 2195 1371 3770 1445">
     <span class='ocr_line' id='line_1_26' title="bbox 2195 1371 3770 1445; baseline -0.002 -18"><span class='ocrx_word' id='word_1_165' title='bbox 2195 1375 2276 1428; x_wconf 78' lang='grc' dir='ltr'>ὅτι</span> <span class='ocrx_word' id='word_1_166' title='bbox 2310 1374 2400 1428; x_wconf 81' lang='grc' dir='ltr'>τὸν</span> <span class='ocrx_word' id='word_1_167' title='bbox 2435 1375 2548 1445; x_wconf 90' lang='grc' dir='ltr'>βίον</span> <span class='ocrx_word' id='word_1_168' title='bbox 2579 1373 2766 1427; x_wconf 90' lang='grc' dir='ltr'>τοῦτον</span> <span class='ocrx_word' id='word_1_169' title='bbox 2795 1373 2885 1425; x_wconf 85' lang='grc' dir='ltr'>τὸν</span> <span class='ocrx_word' id='word_1_170' title='bbox 2907 1371 3164 1443; x_wconf 80' lang='grc' dir='ltr'>ὀδυνηρὸν</span> <span class='ocrx_word' id='word_1_171' title='bbox 3197 1372 3296 1425; x_wconf 89' lang='grc' dir='ltr'>οὑκ</span> <span class='ocrx_word' id='word_1_172' title='bbox 3314 1372 3585 1440; x_wconf 67' lang='grc' dir='ltr'>ὲιρθάσατε</span> <span class='ocrx_word' id='word_1_173' title='bbox 3619 1373 3770 1437; x_wconf 77' lang='grc' dir='ltr'>ἰδεῖν,</span> 
     </span>
    </p>
   </div>
   <div class='ocr_carea' id='block_1_27' title="bbox 2194 1463 3774 1536">
    <p class='ocr_par' dir='ltr' id='par_1_27' title="bbox 2194 1463 3774 1536">
     <span class='ocr_line' id='line_1_27' title="bbox 2194 1463 3774 1536; baseline -0.002 -16"><span class='ocrx_word' id='word_1_174' title='bbox 2194 1467 2314 1520; x_wconf 80' lang='grc' dir='ltr'>οὐδὲ</span> <span class='ocrx_word' id='word_1_175' title='bbox 2343 1467 2433 1519; x_wconf 83' lang='grc' dir='ltr'>τὸν</span> <span class='ocrx_word' id='word_1_176' title='bbox 2459 1467 2644 1536; x_wconf 86' lang='grc' dir='ltr'>λοιμὸν</span> <span class='ocrx_word' id='word_1_177' title='bbox 2673 1465 2860 1518; x_wconf 89' lang='grc' dir='ltr'>τοῦτον</span> <span class='ocrx_word' id='word_1_178' title='bbox 2909 1465 2999 1517; x_wconf 85' lang='grc' dir='ltr'>τὸν</span> <span class='ocrx_word' id='word_1_179' title='bbox 3038 1463 3490 1534; x_wconf 88' lang='grc' dir='ltr'>ἀπαραμύθητον,</span> <span class='ocrx_word' id='word_1_180' title='bbox 3525 1465 3648 1518; x_wconf 83' lang='grc' dir='ltr'>οὑδὲ</span> <span class='ocrx_word' id='word_1_181' title='bbox 3674 1466 3774 1536; x_wconf 82' lang='grc' dir='ltr'>τὴν</span> 
     </span>
    </p>
   </div>
   <div class='ocr_carea' id='block_1_28' title="bbox 2195 1554 3775 1629">
    <p class='ocr_par' dir='ltr' id='par_1_28' title="bbox 2195 1554 3775 1629">
     <span class='ocr_line' id='line_1_28' title="bbox 2195 1554 3775 1629; baseline -0.001 -18"><span class='ocrx_word' id='word_1_182' title='bbox 2195 1559 2442 1629; x_wconf 87' lang='grc' dir='ltr'>ἀνάγκην</span> <span class='ocrx_word' id='word_1_183' title='bbox 2497 1557 2730 1629; x_wconf 88' lang='grc' dir='ltr'>ταύτην,</span> <span class='ocrx_word' id='word_1_184' title='bbox 2788 1555 2888 1628; x_wconf 76' lang='grc' dir='ltr'>τὴν</span> <span class='ocrx_word' id='word_1_185' title='bbox 2948 1556 3278 1627; x_wconf 83' lang='grc' dir='ltr'>μετέχουσαν</span> <span class='ocrx_word' id='word_1_186' title='bbox 3344 1554 3444 1618; x_wconf 85' lang='grc' dir='ltr'>τὰς</span> <span class='ocrx_word' id='word_1_187' title='bbox 3498 1556 3775 1628; x_wconf 82' lang='grc' dir='ltr'>ἡμετέρας</span> 
     </span>
    </p>
   </div>
   <div class='ocr_carea' id='block_1_29' title="bbox 2193 1648 2528 1719">
    <p class='ocr_par' dir='ltr' id='par_1_29' title="bbox 2193 1648 2528 1719">
     <span class='ocr_line' id='line_1_29' title="bbox 2193 1648 2528 1719; baseline 0.003 -1"><span class='ocrx_word' id='word_1_188' title='bbox 2193 1648 2370 1719; x_wconf 67' lang='grc' dir='ltr'>ψυχάς</span> <span class='ocrx_word' id='word_1_189' title='bbox 2398 1649 2528 1719; x_wconf 63' lang='lat'>(15)-</span> 
     </span>
    </p>
   </div>
   <div class='ocr_carea' id='block_1_30' title="bbox 2264 1736 3774 1810">
    <p class='ocr_par' dir='ltr' id='par_1_30' title="bbox 2264 1736 3774 1810">
     <span class='ocr_line' id='line_1_30' title="bbox 2264 1736 3774 1810; baseline -0.001 -16"><span class='ocrx_word' id='word_1_190' title='bbox 2264 1739 2501 1794; x_wconf 77' lang='lat' dir='ltr'><strong>XXVlll.</strong></span> <span class='ocrx_word' id='word_1_191' title='bbox 2537 1736 2671 1793; x_wconf 77' lang='grc' dir='ltr'>Εἶτα</span> <span class='ocrx_word' id='word_1_192' title='bbox 2699 1738 3006 1810; x_wconf 75' lang='grc' dir='ltr'>ἐντάλματα</span> <span class='ocrx_word' id='word_1_193' title='bbox 3039 1740 3066 1791; x_wconf 89' lang='grc' dir='ltr'>ὁ</span> <span class='ocrx_word' id='word_1_194' title='bbox 3101 1737 3297 1810; x_wconf 78' lang='grc' dir='ltr'>μιαρὸς</span> <span class='ocrx_word' id='word_1_195' title='bbox 3342 1737 3591 1810; x_wconf 74' lang='grc' dir='ltr'>(πέμψει)</span> <span class='ocrx_word' id='word_1_196' title='bbox 3631 1739 3774 1792; x_wconf 87' lang='grc' dir='ltr'>κατά</span> 
     </span>
    </p>
   </div>
   <div class='ocr_carea' id='block_1_31' title="bbox 521 1803 2116 1903">
    <p class='ocr_par' dir='ltr' id='par_1_31' title="bbox 521 1827 2090 1896">
     <span class='ocr_line' id='line_1_31' title="bbox 521 1827 2090 1896; baseline 0 -14"><span class='ocrx_word' id='word_1_197' title='bbox 521 1829 834 1882; x_wconf 78' lang='lat' dir='ltr'><strong>universam</strong></span> <span class='ocrx_word' id='word_1_198' title='bbox 868 1827 1243 1896; x_wconf 81' lang='lat' dir='ltr'><strong>provinciam,</strong></span> <span class='ocrx_word' id='word_1_199' title='bbox 1264 1843 1427 1896; x_wconf 85' lang='lat' dir='ltr'><strong>opera</strong></span> <span class='ocrx_word' id='word_1_200' title='bbox 1461 1837 1575 1882; x_wconf 91' lang='lat' dir='ltr'>tum</span> <span class='ocrx_word' id='word_1_201' title='bbox 1604 1829 1938 1893; x_wconf 86' lang='lat' dir='ltr'><strong>daemonum,</strong></span> <span class='ocrx_word' id='word_1_202' title='bbox 1977 1837 2090 1882; x_wconf 90' lang='lat' dir='ltr'>tum</span> 
     </span>
    </p>
   </div>
   <div class='ocr_carea' id='block_1_32' title="bbox 2198 1803 3776 1903">
    <p class='ocr_par' dir='ltr' id='par_1_32' title="bbox 2206 1803 3776 1903">
     <span class='ocr_line' id='line_1_32' title="bbox 2206 1803 3776 1903; baseline -0.001 -20"><span class='ocrx_word' id='word_1_203' title='bbox 2206 1834 2387 1886; x_wconf 82' lang='grc' dir='ltr'>πᾶσαν</span> <span class='ocrx_word' id='word_1_204' title='bbox 2409 1831 2698 1903; x_wconf 75' lang='grc' dir='ltr'>ἐπαρχίαν,</span> <span class='ocrx_word' id='word_1_205' title='bbox 2733 1831 2820 1884; x_wconf 90' lang='grc' dir='ltr'>διά</span> <span class='ocrx_word' id='word_1_206' title='bbox 2838 1803 2898 1884; x_wconf 77' lang='grc' dir='ltr'>τε</span> <span class='ocrx_word' id='word_1_207' title='bbox 2927 1803 3217 1900; x_wconf 69' lang='grc' dir='ltr'>δαιμόνων,</span> <span class='ocrx_word' id='word_1_208' title='bbox 3249 1803 3776 1903; x_wconf 25' lang='grc' dir='ltr'>διάντεντῶναίσθη-</span> 
     </span>
    </p>
   </div>
   <div class='ocr_carea' id='block_1_33' title="bbox 522 1919 2094 1992">
    <p class='ocr_par' dir='ltr' id='par_1_33' title="bbox 522 1919 2094 1992">
     <span class='ocr_line' id='line_1_33' title="bbox 522 1919 2094 1992; baseline 0.003 -20"><span class='ocrx_word' id='word_1_209' title='bbox 522 1921 864 1974; x_wconf 89' lang='lat' dir='ltr'><strong>sensibilium</strong></span> <span class='ocrx_word' id='word_1_210' title='bbox 925 1919 1233 1983; x_wconf 88' lang='lat' dir='ltr'><strong>hominum,</strong></span> <span class='ocrx_word' id='word_1_211' title='bbox 1285 1920 1379 1989; x_wconf 91' lang='lat' dir='ltr'>qui</span> <span class='ocrx_word' id='word_1_212' title='bbox 1423 1920 1646 1974; x_wconf 89' lang='lat' dir='ltr'><strong>dicant:</strong></span> <span class='ocrx_word' id='word_1_213' title='bbox 1697 1921 1812 1975; x_wconf 83' lang='lat' dir='ltr'>Rex</span> <span class='ocrx_word' id='word_1_214' title='bbox 1865 1937 2094 1992; x_wconf 80' lang='lat' dir='ltr'><strong>magnus</strong></span> 
     </span>
    </p>
   </div>
   <div class='ocr_carea' id='block_1_34' title="bbox 522 2007 2093 2078">
    <p class='ocr_par' dir='ltr' id='par_1_34' title="bbox 522 2007 2093 2078">
     <span class='ocr_line' id='line_1_34' title="bbox 522 2007 2093 2078; baseline 0.003 -16"><span class='ocrx_word' id='word_1_215' title='bbox 522 2018 684 2064; x_wconf 89' lang='lat' dir='ltr'><strong>natus</strong></span> <span class='ocrx_word' id='word_1_216' title='bbox 723 2020 806 2063; x_wconf 90' lang='lat' dir='ltr'>est</span> <span class='ocrx_word' id='word_1_217' title='bbox 840 2024 1002 2078; x_wconf 91' lang='lat' dir='ltr'><strong>super</strong></span> <span class='ocrx_word' id='word_1_218' title='bbox 1041 2017 1277 2074; x_wconf 89' lang='lat' dir='ltr'><strong>terram,</strong></span> <span class='ocrx_word' id='word_1_219' title='bbox 1336 2007 1515 2063; x_wconf 83' lang='lat' dir='ltr'><strong>venite</strong></span> <span class='ocrx_word' id='word_1_220' title='bbox 1568 2025 1760 2066; x_wconf 88' lang='lat' dir='ltr'><strong>omnes</strong></span> <span class='ocrx_word' id='word_1_221' title='bbox 1810 2011 2093 2066; x_wconf 89' lang='lat' dir='ltr'><strong>adoratum</strong></span> 
     </span>
    </p>
   </div>
   <div class='ocr_carea' id='block_1_35' title="bbox 522 2101 2095 2172">
    <p class='ocr_par' dir='ltr' id='par_1_35' title="bbox 522 2101 2095 2172">
     <span class='ocr_line' id='line_1_35' title="bbox 522 2101 2095 2172; baseline 0.001 -17"><span class='ocrx_word' id='word_1_222' title='bbox 522 2117 672 2166; x_wconf 89' lang='lat' dir='ltr'><strong>eum,</strong></span> <span class='ocrx_word' id='word_1_223' title='bbox 703 2110 988 2170; x_wconf 87' lang='lat' dir='ltr'><strong>properate</strong></span> <span class='ocrx_word' id='word_1_224' title='bbox 1014 2116 1203 2155; x_wconf 92' lang='lat' dir='ltr'><strong>omnes</strong></span> <span class='ocrx_word' id='word_1_225' title='bbox 1234 2101 1299 2155; x_wconf 89' lang='lat' dir='ltr'>ad</span> <span class='ocrx_word' id='word_1_226' title='bbox 1353 2102 1678 2170; x_wconf 87' lang='lat' dir='ltr'><strong>spectandas</strong></span> <span class='ocrx_word' id='word_1_227' title='bbox 1711 2104 1856 2157; x_wconf 85' lang='lat' dir='ltr'><strong>vires</strong></span> <span class='ocrx_word' id='word_1_228' title='bbox 1905 2113 2095 2172; x_wconf 80' lang='lat' dir='ltr'><strong>poten-</strong></span> 
     </span>
    </p>
   </div>
   <div class='ocr_carea' id='block_1_36' title="bbox 523 2191 2093 2262">
    <p class='ocr_par' dir='ltr' id='par_1_36' title="bbox 523 2191 2093 2262">
     <span class='ocr_line' id='line_1_36' title="bbox 523 2191 2093 2262; baseline 0.003 -16"><span class='ocrx_word' id='word_1_229' title='bbox 523 2193 614 2246; x_wconf 72' lang='lat' dir='ltr'><strong>tia:</strong></span> <span class='ocrx_word' id='word_1_230' title='bbox 643 2193 784 2260; x_wconf 89' lang='lat' dir='ltr'><strong>ejus.</strong></span> <span class='ocrx_word' id='word_1_231' title='bbox 837 2191 916 2245; x_wconf 85' lang='lat' dir='ltr'><strong>En</strong></span> <span class='ocrx_word' id='word_1_232' title='bbox 971 2193 1126 2246; x_wconf 83' lang='lat' dir='ltr'><strong>vobis</strong></span> <span class='ocrx_word' id='word_1_233' title='bbox 1179 2194 1460 2262; x_wconf 56' lang='lat' dir='ltr'><strong>praestabit</strong></span> <span class='ocrx_word' id='word_1_234' title='bbox 1496 2194 1853 2259; x_wconf 82' lang='lat' dir='ltr'><strong>frumentum,</strong></span> <span class='ocrx_word' id='word_1_235' title='bbox 1908 2196 2093 2250; x_wconf 84' lang='lat' dir='ltr'><strong>vinum</strong></span> 
     </span>
    </p>
   </div>
   <div class='ocr_carea' id='block_1_37' title="bbox 520 2285 2095 2356">
    <p class='ocr_par' dir='ltr' id='par_1_37' title="bbox 520 2285 2095 2356">
     <span class='ocr_line' id='line_1_37' title="bbox 520 2285 2095 2356; baseline 0.001 -18"><span class='ocrx_word' id='word_1_236' title='bbox 520 2285 679 2338; x_wconf 88' lang='lat' dir='ltr'><strong>vobis</strong></span> <span class='ocrx_word' id='word_1_237' title='bbox 711 2285 991 2355; x_wconf 81' lang='lat' dir='ltr'><strong>largietur,</strong></span> <span class='ocrx_word' id='word_1_238' title='bbox 1031 2301 1162 2353; x_wconf 86' lang='lat' dir='ltr'><strong>opes</strong></span> <span class='ocrx_word' id='word_1_239' title='bbox 1213 2286 1480 2354; x_wconf 86' lang='lat' dir='ltr'><strong>pretiosas</strong></span> <span class='ocrx_word' id='word_1_240' title='bbox 1512 2302 1576 2340; x_wconf 89' lang='lat' dir='ltr'>ac</span> <span class='ocrx_word' id='word_1_241' title='bbox 1624 2287 1885 2340; x_wconf 86' lang='lat' dir='ltr'><strong>sublimes</strong></span> <span class='ocrx_word' id='word_1_242' title='bbox 1917 2287 2095 2356; x_wconf 84' lang='lat' dir='ltr'><strong>digni-</strong></span> 
     </span>
    </p>
   </div>
   <div class='ocr_carea' id='block_1_38' title="bbox 523 2374 2095 2448">
    <p class='ocr_par' dir='ltr' id='par_1_38' title="bbox 523 2374 2095 2448">
     <span class='ocr_line' id='line_1_38' title="bbox 523 2374 2095 2448; baseline 0.004 -20"><span class='ocrx_word' id='word_1_243' title='bbox 523 2383 683 2430; x_wconf 88' lang='lat' dir='ltr'><strong>tates.</strong></span> <span class='ocrx_word' id='word_1_244' title='bbox 713 2374 843 2445; x_wconf 87' lang='lat' dir='ltr'><strong>Ejus</strong></span> <span class='ocrx_word' id='word_1_245' title='bbox 897 2392 1134 2446; x_wconf 79' lang='lat' dir='ltr'><strong>namque</strong></span> <span class='ocrx_word' id='word_1_246' title='bbox 1186 2377 1412 2447; x_wconf 86' lang='lat' dir='ltr'><strong>imperio</strong></span> <span class='ocrx_word' id='word_1_247' title='bbox 1439 2379 1616 2433; x_wconf 90' lang='lat' dir='ltr'><strong>omnis</strong></span> <span class='ocrx_word' id='word_1_248' title='bbox 1650 2388 1787 2432; x_wconf 83' lang='lat' dir='ltr'><strong>terra</strong></span> <span class='ocrx_word' id='word_1_249' title='bbox 1836 2395 2095 2448; x_wconf 86' lang='lat' dir='ltr'><strong>mareque</strong></span> 
     </span>
    </p>
   </div>
   <div class='ocr_carea' id='block_1_39' title="bbox 525 2466 2096 2536">
    <p class='ocr_par' dir='ltr' id='par_1_39' title="bbox 525 2466 2096 2536">
     <span class='ocr_line' id='line_1_39' title="bbox 525 2466 2096 2536; baseline 0.004 -16"><span class='ocrx_word' id='word_1_250' title='bbox 525 2466 888 2536; x_wconf 88' lang='lat' dir='ltr'><strong>obtemperat.</strong></span> <span class='ocrx_word' id='word_1_251' title='bbox 913 2467 992 2522; x_wconf 77' lang='lat' dir='ltr'><strong>Ad</strong></span> <span class='ocrx_word' id='word_1_252' title='bbox 1051 2468 1202 2522; x_wconf 89' lang='lat' dir='ltr'><strong>illum</strong></span> <span class='ocrx_word' id='word_1_253' title='bbox 1251 2485 1444 2524; x_wconf 92' lang='lat' dir='ltr'><strong>omnes</strong></span> <span class='ocrx_word' id='word_1_254' title='bbox 1476 2470 1734 2524; x_wconf 75' lang='lat' dir='ltr'><strong>accedite.</strong></span> <span class='ocrx_word' id='word_1_255' title='bbox 1764 2469 1886 2524; x_wconf 76' lang='lat' dir='ltr'>Mox</span> <span class='ocrx_word' id='word_1_256' title='bbox 1912 2473 2096 2527; x_wconf 88' lang='lat' dir='ltr'><strong>cuncti</strong></span> 
     </span>
    </p>
   </div>
   <div class='ocr_carea' id='block_1_40' title="bbox 525 2557 2093 2630">
    <p class='ocr_par' dir='ltr' id='par_1_40' title="bbox 525 2557 2093 2630">
     <span class='ocr_line' id='line_1_40' title="bbox 525 2557 2093 2630; baseline 0.003 -18"><span class='ocrx_word' id='word_1_257' title='bbox 525 2557 774 2613; x_wconf 88' lang='lat' dir='ltr'><strong>ciborum</strong></span> <span class='ocrx_word' id='word_1_258' title='bbox 809 2559 1037 2630; x_wconf 89' lang='lat' dir='ltr'><strong>penuria</strong></span> <span class='ocrx_word' id='word_1_259' title='bbox 1086 2560 1363 2625; x_wconf 90' lang='lat' dir='ltr'><strong>accedent,</strong></span> <span class='ocrx_word' id='word_1_260' title='bbox 1399 2570 1560 2630; x_wconf 87' lang='lat' dir='ltr'><strong>atque</strong></span> <span class='ocrx_word' id='word_1_261' title='bbox 1583 2561 1887 2615; x_wconf 90' lang='lat' dir='ltr'><strong>adorabunt</strong></span> <span class='ocrx_word' id='word_1_262' title='bbox 1917 2577 2041 2616; x_wconf 90' lang='lat' dir='ltr'>eum</span> <span class='ocrx_word' id='word_1_263' title='bbox 2079 2581 2093 2616; x_wconf 88' lang='lat'><strong>:</strong></span> 
     </span>
    </p>
   </div>
   <div class='ocr_carea' id='block_1_41' title="bbox 527 2649 2097 2721">
    <p class='ocr_par' dir='ltr' id='par_1_41' title="bbox 527 2649 2097 2721">
     <span class='ocr_line' id='line_1_41' title="bbox 527 2649 2097 2721; baseline 0.004 -19"><span class='ocrx_word' id='word_1_264' title='bbox 527 2649 730 2719; x_wconf 86' lang='lat' dir='ltr'><strong>quibus</strong></span> <span class='ocrx_word' id='word_1_265' title='bbox 759 2651 909 2705; x_wconf 88' lang='lat' dir='ltr'><strong>dabit</strong></span> <span class='ocrx_word' id='word_1_266' title='bbox 937 2651 1304 2707; x_wconf 85' lang='lat' dir='ltr'><strong>characterem</strong></span> <span class='ocrx_word' id='word_1_267' title='bbox 1334 2654 1387 2707; x_wconf 91' lang='lat' dir='ltr'>in</span> <span class='ocrx_word' id='word_1_268' title='bbox 1418 2653 1604 2707; x_wconf 76' lang='lat' dir='ltr'><strong>dextra</strong></span> <span class='ocrx_word' id='word_1_269' title='bbox 1633 2668 1795 2708; x_wconf 88' lang='lat' dir='ltr'><strong>manu</strong></span> <span class='ocrx_word' id='word_1_270' title='bbox 1824 2665 1876 2707; x_wconf 89' lang='lat' dir='ltr'>et</span> <span class='ocrx_word' id='word_1_271' title='bbox 1900 2653 2097 2721; x_wconf 83' lang='lat' dir='ltr'><strong>fronte,</strong></span> 
     </span>
    </p>
   </div>
   <div class='ocr_carea' id='block_1_42' title="bbox 521 2740 2099 2819">
    <p class='ocr_par' dir='ltr' id='par_1_42' title="bbox 521 2740 2099 2819">
     <span class='ocr_line' id='line_1_42' title="bbox 521 2740 2099 2819; baseline 0.006 -27"><span class='ocrx_word' id='word_1_272' title='bbox 521 2754 592 2793; x_wconf 85' lang='lat' dir='ltr'>ne</span> <span class='ocrx_word' id='word_1_273' title='bbox 614 2740 738 2810; x_wconf 89' lang='lat' dir='ltr'><strong>quis</strong></span> <span class='ocrx_word' id='word_1_274' title='bbox 764 2741 955 2796; x_wconf 82' lang='lat' dir='ltr'><strong>dextra</strong></span> <span class='ocrx_word' id='word_1_275' title='bbox 989 2758 1086 2797; x_wconf 91' lang='lat' dir='ltr'>sua</span> <span class='ocrx_word' id='word_1_276' title='bbox 1110 2744 1398 2812; x_wconf 90' lang='lat' dir='ltr'><strong>pretiosam</strong></span> <span class='ocrx_word' id='word_1_277' title='bbox 1427 2747 1572 2799; x_wconf 92' lang='lat' dir='ltr'><strong>illam</strong></span> <span class='ocrx_word' id='word_1_278' title='bbox 1595 2762 1809 2801; x_wconf 90' lang='lat' dir='ltr'><strong>crucem</strong></span> <span class='ocrx_word' id='word_1_279' title='bbox 1839 2748 2023 2819; x_wconf 81' lang='lat' dir='ltr'><strong>pingat</strong></span> <span class='ocrx_word' id='word_1_280' title='bbox 2045 2751 2099 2802; x_wconf 92' lang='lat' dir='ltr'>in</span> 
     </span>
    </p>
   </div>
   <div class='ocr_carea' id='block_1_43' title="bbox 522 2831 2104 2909">
    <p class='ocr_par' dir='ltr' id='par_1_43' title="bbox 522 2831 2104 2909">
     <span class='ocr_line' id='line_1_43' title="bbox 522 2831 2104 2909; baseline 0.006 -23"><span class='ocrx_word' id='word_1_281' title='bbox 522 2831 704 2887; x_wconf 80' lang='lat' dir='ltr'><strong>fronte</strong></span> <span class='ocrx_word' id='word_1_282' title='bbox 732 2851 748 2885; x_wconf 89' lang='lat'>:</span> <span class='ocrx_word' id='word_1_283' title='bbox 785 2833 1052 2902; x_wconf 78' lang='lat' dir='ltr'><strong>siquidem</strong></span> <span class='ocrx_word' id='word_1_284' title='bbox 1083 2850 1276 2891; x_wconf 90' lang='lat' dir='ltr'><strong>manus</strong></span> <span class='ocrx_word' id='word_1_285' title='bbox 1299 2835 1418 2905; x_wconf 86' lang='lat' dir='ltr'><strong>ejus</strong></span> <span class='ocrx_word' id='word_1_286' title='bbox 1440 2837 1603 2906; x_wconf 81' lang='lat' dir='ltr'><strong>ligata</strong></span> <span class='ocrx_word' id='word_1_287' title='bbox 1621 2847 1721 2892; x_wconf 89' lang='lat' dir='ltr'><strong>est.</strong></span> <span class='ocrx_word' id='word_1_288' title='bbox 1738 2837 1814 2892; x_wconf 81' lang='lat' dir='ltr'>Ex</span> <span class='ocrx_word' id='word_1_289' title='bbox 1833 2855 1942 2909; x_wconf 92' lang='lat' dir='ltr'>quo</span> <span class='ocrx_word' id='word_1_290' title='bbox 1969 2849 2104 2895; x_wconf 91' lang='lat' dir='ltr'><strong>tem-</strong></span> 
     </span>
    </p>
   </div>
   <div class='ocr_carea' id='block_1_44' title="bbox 524 2924 2100 2998">
    <p class='ocr_par' dir='ltr' id='par_1_44' title="bbox 524 2924 2100 2998">
     <span class='ocr_line' id='line_1_44' title="bbox 524 2924 2100 2998; baseline 0.003 -18"><span class='ocrx_word' id='word_1_291' title='bbox 524 2940 659 2994; x_wconf 82' lang='lat' dir='ltr'><strong>pore</strong></span> <span class='ocrx_word' id='word_1_292' title='bbox 680 2940 791 2978; x_wconf 91' lang='lat' dir='ltr'>non</span> <span class='ocrx_word' id='word_1_293' title='bbox 816 2924 1014 2994; x_wconf 89' lang='lat' dir='ltr'><strong>poterit</strong></span> <span class='ocrx_word' id='word_1_294' title='bbox 1033 2925 1202 2979; x_wconf 92' lang='lat' dir='ltr'><strong>ullum</strong></span> <span class='ocrx_word' id='word_1_295' title='bbox 1228 2927 1445 2997; x_wconf 82' lang='lat' dir='ltr'><strong>signare</strong></span> <span class='ocrx_word' id='word_1_296' title='bbox 1466 2929 1834 2983; x_wconf 87' lang='lat' dir='ltr'><strong>membrorum</strong></span> <span class='ocrx_word' id='word_1_297' title='bbox 1854 2945 2100 2998; x_wconf 91' lang='lat' dir='ltr'><strong>suorum,</strong></span> 
     </span>
    </p>
   </div>
   <div class='ocr_carea' id='block_1_45' title="bbox 523 3017 2104 3090">
    <p class='ocr_par' dir='ltr' id='par_1_45' title="bbox 523 3017 2104 3090">
     <span class='ocr_line' id='line_1_45' title="bbox 523 3017 2104 3090; baseline 0.004 -20"><span class='ocrx_word' id='word_1_298' title='bbox 523 3018 618 3071; x_wconf 84' lang='lat' dir='ltr'>sed</span> <span class='ocrx_word' id='word_1_299' title='bbox 637 3017 1244 3082; x_wconf 84' lang='lat' dir='ltr'><strong>adhaerebitseductori,</strong></span> <span class='ocrx_word' id='word_1_300' title='bbox 1261 3019 1418 3088; x_wconf 88' lang='lat' dir='ltr'><strong>eique</strong></span> <span class='ocrx_word' id='word_1_301' title='bbox 1444 3019 1661 3085; x_wconf 77' lang='lat' dir='ltr'><strong>serviet,</strong></span> <span class='ocrx_word' id='word_1_302' title='bbox 1679 3035 1850 3090; x_wconf 89' lang='lat' dir='ltr'><strong>neque</strong></span> <span class='ocrx_word' id='word_1_303' title='bbox 1873 3022 2104 3078; x_wconf 89' lang='lat' dir='ltr'><strong>ducetur</strong></span> 
     </span>
    </p>
   </div>
   <div class='ocr_carea' id='block_1_46' title="bbox 521 3107 2100 3180">
    <p class='ocr_par' dir='ltr' id='par_1_46' title="bbox 521 3107 2100 3180">
     <span class='ocr_line' id='line_1_46' title="bbox 521 3107 2100 3180; baseline 0.003 -17"><span class='ocrx_word' id='word_1_304' title='bbox 521 3109 883 3178; x_wconf 67' lang='lat' dir='ltr'><strong>paenitudine.</strong></span> <span class='ocrx_word' id='word_1_305' title='bbox 914 3107 1019 3164; x_wconf 89' lang='lat' dir='ltr'><strong>Sed</strong></span> <span class='ocrx_word' id='word_1_306' title='bbox 1041 3110 1199 3178; x_wconf 90' lang='lat' dir='ltr'><strong>periit</strong></span> <span class='ocrx_word' id='word_1_307' title='bbox 1234 3111 1322 3164; x_wconf 91' lang='lat' dir='ltr'><strong>ille</strong></span> <span class='ocrx_word' id='word_1_308' title='bbox 1353 3119 1464 3165; x_wconf 91' lang='lat' dir='ltr'>tum</span> <span class='ocrx_word' id='word_1_309' title='bbox 1492 3113 1635 3180; x_wconf 90' lang='lat' dir='ltr'><strong>quod</strong></span> <span class='ocrx_word' id='word_1_310' title='bbox 1676 3113 1740 3165; x_wconf 88' lang='lat' dir='ltr'>ad</span> <span class='ocrx_word' id='word_1_311' title='bbox 1766 3112 1957 3179; x_wconf 89' lang='lat' dir='ltr'><strong>Deum,</strong></span> <span class='ocrx_word' id='word_1_312' title='bbox 1988 3124 2100 3168; x_wconf 91' lang='lat' dir='ltr'>tum</span> 
     </span>
    </p>
   </div>
   <div class='ocr_carea' id='block_1_47' title="bbox 521 3199 2098 3269">
    <p class='ocr_par' dir='ltr' id='par_1_47' title="bbox 521 3199 2098 3269">
     <span class='ocr_line' id='line_1_47' title="bbox 521 3199 2098 3269; baseline 0.003 -17"><span class='ocrx_word' id='word_1_313' title='bbox 521 3199 670 3269; x_wconf 91' lang='lat' dir='ltr'><strong>quod</strong></span> <span class='ocrx_word' id='word_1_314' title='bbox 707 3199 775 3252; x_wconf 89' lang='lat' dir='ltr'>ad</span> <span class='ocrx_word' id='word_1_315' title='bbox 807 3200 1057 3254; x_wconf 88' lang='lat' dir='ltr'><strong>homines</strong></span> <span class='ocrx_word' id='word_1_316' title='bbox 1086 3200 1298 3253; x_wconf 89' lang='lat' dir='ltr'><strong>attinet.</strong></span> <span class='ocrx_word' id='word_1_317' title='bbox 1327 3199 1405 3254; x_wconf 91' lang='lat' dir='ltr'>lta</span> <span class='ocrx_word' id='word_1_318' title='bbox 1433 3201 1686 3255; x_wconf 88' lang='lat' dir='ltr'><strong>seductor</strong></span> <span class='ocrx_word' id='word_1_319' title='bbox 1723 3201 1810 3256; x_wconf 90' lang='lat' dir='ltr'><strong>ille</strong></span> <span class='ocrx_word' id='word_1_320' title='bbox 1837 3203 1988 3257; x_wconf 87' lang='lat' dir='ltr'><strong>dabit</strong></span> <span class='ocrx_word' id='word_1_321' title='bbox 2017 3204 2098 3256; x_wconf 85' lang='lat' dir='ltr'>eis</span> 
     </span>
    </p>
   </div>
   <div class='ocr_carea' id='block_1_48' title="bbox 521 3290 2100 3363">
    <p class='ocr_par' dir='ltr' id='par_1_48' title="bbox 521 3290 2100 3363">
     <span class='ocr_line' id='line_1_48' title="bbox 521 3290 2100 3363; baseline 0.003 -19"><span class='ocrx_word' id='word_1_322' title='bbox 521 3304 696 3361; x_wconf 87' lang='lat' dir='ltr'><strong>pauca</strong></span> <span class='ocrx_word' id='word_1_323' title='bbox 712 3290 935 3357; x_wconf 88' lang='lat' dir='ltr'><strong>cibaria,</strong></span> <span class='ocrx_word' id='word_1_324' title='bbox 948 3290 1109 3360; x_wconf 86' lang='lat' dir='ltr'><strong>idque</strong></span> <span class='ocrx_word' id='word_1_325' title='bbox 1124 3290 1194 3344; x_wconf 90' lang='lat' dir='ltr'>ob</span> <span class='ocrx_word' id='word_1_326' title='bbox 1211 3290 1482 3358; x_wconf 89' lang='lat' dir='ltr'><strong>impurum</strong></span> <span class='ocrx_word' id='word_1_327' title='bbox 1499 3291 1732 3360; x_wconf 82' lang='lat' dir='ltr'><strong>sigillum</strong></span> <span class='ocrx_word' id='word_1_328' title='bbox 1747 3308 1928 3347; x_wconf 89' lang='lat' dir='ltr'><strong>suum.</strong></span> <span class='ocrx_word' id='word_1_329' title='bbox 1945 3293 2100 3363; x_wconf 81' lang='lat' dir='ltr'><strong>Sigil-</strong></span> 
     </span>
    </p>
   </div>
   <div class='ocr_carea' id='block_1_49' title="bbox 522 3381 2101 3452">
    <p class='ocr_par' dir='ltr' id='par_1_49' title="bbox 522 3381 2101 3452">
     <span class='ocr_line' id='line_1_49' title="bbox 522 3381 2101 3452; baseline 0.002 -17"><span class='ocrx_word' id='word_1_330' title='bbox 522 3382 636 3436; x_wconf 90' lang='lat' dir='ltr'>lum</span> <span class='ocrx_word' id='word_1_331' title='bbox 655 3382 802 3436; x_wconf 90' lang='lat' dir='ltr'><strong>illius</strong></span> <span class='ocrx_word' id='word_1_332' title='bbox 824 3393 934 3436; x_wconf 89' lang='lat' dir='ltr'>tam</span> <span class='ocrx_word' id='word_1_333' title='bbox 963 3382 1017 3435; x_wconf 91' lang='lat' dir='ltr'>in</span> <span class='ocrx_word' id='word_1_334' title='bbox 1038 3381 1217 3436; x_wconf 86' lang='lat' dir='ltr'><strong>fronte</strong></span> <span class='ocrx_word' id='word_1_335' title='bbox 1235 3398 1398 3452; x_wconf 91' lang='lat' dir='ltr'><strong>quam</strong></span> <span class='ocrx_word' id='word_1_336' title='bbox 1426 3382 1611 3437; x_wconf 78' lang='lat' dir='ltr'><strong>dextra</strong></span> <span class='ocrx_word' id='word_1_337' title='bbox 1636 3398 1797 3436; x_wconf 91' lang='lat' dir='ltr'><strong>manu</strong></span> <span class='ocrx_word' id='word_1_338' title='bbox 1815 3393 1899 3438; x_wconf 88' lang='lat' dir='ltr'>est</span> <span class='ocrx_word' id='word_1_339' title='bbox 1924 3385 2101 3439; x_wconf 88' lang='lat' dir='ltr'><strong>calcu-</strong></span> 
     </span>
    </p>
   </div>
   <div class='ocr_carea' id='block_1_50' title="bbox 522 3473 2096 3546">
    <p class='ocr_par' dir='ltr' id='par_1_50' title="bbox 522 3473 2096 3546">
     <span class='ocr_line' id='line_1_50' title="bbox 522 3473 2096 3546; baseline 0.003 -18"><span class='ocrx_word' id='word_1_340' title='bbox 522 3473 1002 3545; x_wconf 77' lang='grc' dir='ltr'>1υεχξς⁷¹.Αι,υι</span> <span class='ocrx_word' id='word_1_341' title='bbox 1029 3475 1244 3544; x_wconf 91' lang='lat' dir='ltr'><strong>opinor,</strong></span> <span class='ocrx_word' id='word_1_342' title='bbox 1272 3490 1450 3545; x_wconf 90' lang='lat' dir='ltr'><strong>neque</strong></span> <span class='ocrx_word' id='word_1_343' title='bbox 1482 3475 1748 3543; x_wconf 68' lang='lat' dir='ltr'><strong>certoJIoc</strong></span> <span class='ocrx_word' id='word_1_344' title='bbox 1778 3475 1914 3542; x_wconf 89' lang='lat' dir='ltr'><strong>scio,</strong></span> <span class='ocrx_word' id='word_1_345' title='bbox 1951 3478 2096 3546; x_wconf 91' lang='lat' dir='ltr'><strong>quod</strong></span> 
     </span>
    </p>
   </div>
   <div class='ocr_carea' id='block_1_51' title="bbox 524 3566 2097 3639">
    <p class='ocr_par' dir='ltr' id='par_1_51' title="bbox 524 3566 2097 3639">
     <span class='ocr_line' id='line_1_51' title="bbox 524 3566 2097 3639; baseline 0.001 -17"><span class='ocrx_word' id='word_1_346' title='bbox 524 3567 581 3622; x_wconf 89' lang='lat' dir='ltr'>in</span> <span class='ocrx_word' id='word_1_347' title='bbox 611 3567 882 3636; x_wconf 87' lang='lat' dir='ltr'><strong>scriptura</strong></span> <span class='ocrx_word' id='word_1_348' title='bbox 911 3581 1034 3635; x_wconf 69' lang='lat' dir='ltr'><strong>qua:</strong></span> <span class='ocrx_word' id='word_1_349' title='bbox 1056 3566 1217 3621; x_wconf 85' lang='lat' dir='ltr'><strong>estin</strong></span> <span class='ocrx_word' id='word_1_350' title='bbox 1268 3567 1477 3622; x_wconf 90' lang='lat' dir='ltr'><strong>calculo</strong></span> <span class='ocrx_word' id='word_1_351' title='bbox 1508 3567 1621 3633; x_wconf 91' lang='lat' dir='ltr'><strong>illo,</strong></span> <span class='ocrx_word' id='word_1_352' title='bbox 1652 3568 1920 3636; x_wconf 88' lang='lat' dir='ltr'><strong>permulta</strong></span> <span class='ocrx_word' id='word_1_353' title='bbox 1941 3585 2097 3639; x_wconf 90' lang='lat' dir='ltr'><strong>repe-</strong></span> 
     </span>
    </p>
   </div>
   <div class='ocr_carea' id='block_1_52' title="bbox 523 3658 2101 3729">
    <p class='ocr_par' dir='ltr' id='par_1_52' title="bbox 523 3658 2101 3729">
     <span class='ocr_line' id='line_1_52' title="bbox 523 3658 2101 3729; baseline 0.001 -15"><span class='ocrx_word' id='word_1_354' title='bbox 523 3659 740 3714; x_wconf 89' lang='lat' dir='ltr'><strong>riantur</strong></span> <span class='ocrx_word' id='word_1_355' title='bbox 768 3658 1012 3726; x_wconf 91' lang='lat' dir='ltr'><strong>nomina,</strong></span> <span class='ocrx_word' id='word_1_356' title='bbox 1053 3674 1175 3729; x_wconf 73' lang='lat' dir='ltr'><strong>qua:</strong></span> <span class='ocrx_word' id='word_1_357' title='bbox 1231 3675 1516 3715; x_wconf 92' lang='lat' dir='ltr'><strong>numerum</strong></span> <span class='ocrx_word' id='word_1_358' title='bbox 1570 3661 1722 3714; x_wconf 89' lang='lat' dir='ltr'><strong>illum</strong></span> <span class='ocrx_word' id='word_1_359' title='bbox 1757 3661 2008 3716; x_wconf 89' lang='lat' dir='ltr'><strong>habeant.</strong></span> <span class='ocrx_word' id='word_1_360' title='bbox 2031 3663 2101 3717; x_wconf 82' lang='lat' dir='ltr'><strong>At</strong></span> 
     </span>
    </p>
   </div>
   <div class='ocr_carea' id='block_1_53' title="bbox 523 3749 2102 3825">
    <p class='ocr_par' dir='ltr' id='par_1_53' title="bbox 523 3749 2102 3825">
     <span class='ocr_line' id='line_1_53' title="bbox 523 3749 2102 3825; baseline 0.002 -20"><span class='ocrx_word' id='word_1_361' title='bbox 523 3751 758 3806; x_wconf 84' lang='lat' dir='ltr'><strong>dicimus</strong></span> <span class='ocrx_word' id='word_1_362' title='bbox 783 3749 1014 3807; x_wconf 82' lang='lat' dir='ltr'><strong>fortasse</strong></span> <span class='ocrx_word' id='word_1_363' title='bbox 1045 3752 1371 3822; x_wconf 87' lang='lat' dir='ltr'><strong>scripturam</strong></span> <span class='ocrx_word' id='word_1_364' title='bbox 1405 3753 1553 3807; x_wconf 87' lang='lat' dir='ltr'><strong>illius</strong></span> <span class='ocrx_word' id='word_1_365' title='bbox 1581 3753 1744 3822; x_wconf 83' lang='lat' dir='ltr'><strong>sigilli</strong></span> <span class='ocrx_word' id='word_1_366' title='bbox 1771 3768 1892 3808; x_wconf 90' lang='lat' dir='ltr'><strong>esse</strong></span> <span class='ocrx_word' id='word_1_367' title='bbox 1909 3754 2102 3825; x_wconf 81' lang='grc' dir='ltr'>ἀρνοῦ-</span> 
     </span>
    </p>
   </div>
   <div class='ocr_carea' id='block_1_54' title="bbox 529 3841 2101 3915">
    <p class='ocr_par' dir='ltr' id='par_1_54' title="bbox 529 3841 2101 3915">
     <span class='ocr_line' id='line_1_54' title="bbox 529 3841 2101 3915; baseline 0.002 -17"><span class='ocrx_word' id='word_1_368' title='bbox 529 3860 651 3915; x_wconf 82' lang='grc' dir='ltr'>μαι,</span> <span class='ocrx_word' id='word_1_369' title='bbox 686 3843 740 3898; x_wconf 91' lang='lat' dir='ltr'>id</span> <span class='ocrx_word' id='word_1_370' title='bbox 773 3851 858 3899; x_wconf 89' lang='lat' dir='ltr'>est</span> <span class='ocrx_word' id='word_1_371' title='bbox 893 3857 1043 3913; x_wconf 82' lang='lat' dir='ltr'><strong>nego.</strong></span> <span class='ocrx_word' id='word_1_372' title='bbox 1094 3841 1228 3897; x_wconf 85' lang='lat' dir='ltr'>Nam</span> <span class='ocrx_word' id='word_1_373' title='bbox 1253 3852 1412 3898; x_wconf 89' lang='lat' dir='ltr'><strong>antea</strong></span> <span class='ocrx_word' id='word_1_374' title='bbox 1437 3859 1654 3914; x_wconf 91' lang='lat' dir='ltr'><strong>quoque</strong></span> <span class='ocrx_word' id='word_1_375' title='bbox 1685 3844 1863 3898; x_wconf 88' lang='lat' dir='ltr'><strong>hostis</strong></span> <span class='ocrx_word' id='word_1_376' title='bbox 1886 3844 1976 3899; x_wconf 88' lang='lat' dir='ltr'><strong>ille</strong></span> <span class='ocrx_word' id='word_1_377' title='bbox 2001 3861 2101 3901; x_wconf 88' lang='lat' dir='ltr'><strong>no-</strong></span> 
     </span>
    </p>
   </div>
   <div class='ocr_carea' id='block_1_55' title="bbox 525 3937 2101 4008">
    <p class='ocr_par' dir='ltr' id='par_1_55' title="bbox 525 3937 2101 4008">
     <span class='ocr_line' id='line_1_55' title="bbox 525 3937 2101 4008; baseline 0.002 -16"><span class='ocrx_word' id='word_1_378' title='bbox 525 3937 613 3993; x_wconf 84' lang='lat' dir='ltr'>bis</span> <span class='ocrx_word' id='word_1_379' title='bbox 641 3937 987 3993; x_wconf 88' lang='lat' dir='ltr'><strong>adversarius</strong></span> <span class='ocrx_word' id='word_1_380' title='bbox 1043 3952 1208 4008; x_wconf 88' lang='lat' dir='ltr'><strong>opera</strong></span> <span class='ocrx_word' id='word_1_381' title='bbox 1266 3938 1641 3993; x_wconf 90' lang='lat' dir='ltr'><strong>ministrorum</strong></span> <span class='ocrx_word' id='word_1_382' title='bbox 1688 3954 1936 4007; x_wconf 91' lang='lat' dir='ltr'><strong>suorum,</strong></span> <span class='ocrx_word' id='word_1_383' title='bbox 1995 3940 2101 3996; x_wconf 90' lang='lat' dir='ltr'>hoc</span> 
     </span>
    </p>
   </div>
   <div class='ocr_carea' id='block_1_56' title="bbox 525 4031 2090 4100">
    <p class='ocr_par' dir='ltr' id='par_1_56' title="bbox 525 4031 2090 4100">
     <span class='ocr_line' id='line_1_56' title="bbox 525 4031 2090 4100; baseline 0.001 -14"><span class='ocrx_word' id='word_1_384' title='bbox 525 4040 630 4094; x_wconf 85' lang='lat' dir='ltr'><strong>est,</strong></span> <span class='ocrx_word' id='word_1_385' title='bbox 661 4031 1109 4098; x_wconf 88' lang='lat' dir='ltr'><strong>idololatrarum,</strong></span> <span class='ocrx_word' id='word_1_386' title='bbox 1147 4031 1350 4087; x_wconf 82' lang='lat' dir='ltr'><strong>Christi</strong></span> <span class='ocrx_word' id='word_1_387' title='bbox 1405 4040 1670 4100; x_wconf 84' lang='lat' dir='ltr'><strong>martyres</strong></span> <span class='ocrx_word' id='word_1_388' title='bbox 1714 4031 2046 4088; x_wconf 86' lang='lat' dir='ltr'><strong>hortantium</strong></span> <span class='ocrx_word' id='word_1_389' title='bbox 2077 4052 2090 4088; x_wconf 94' lang='lat'>:</span> 
     </span>
    </p>
   </div>
   <div class='ocr_carea' id='block_1_57' title="bbox 524 4121 1722 4195">
    <p class='ocr_par' dir='ltr' id='par_1_57' title="bbox 524 4121 1722 4195">
     <span class='ocr_line' id='line_1_57' title="bbox 524 4121 1722 4195; baseline -0.002 -17"><span class='ocrx_word' id='word_1_390' title='bbox 524 4123 749 4195; x_wconf 76' lang='lat' dir='ltr'><strong>Negato,</strong></span> <span class='ocrx_word' id='word_1_391' title='bbox 779 4125 976 4190; x_wconf 86' lang='lat' dir='ltr'><strong>aiebat,</strong></span> <span class='ocrx_word' id='word_1_392' title='bbox 1005 4124 1172 4180; x_wconf 86' lang='lat' dir='ltr'><strong>Deum</strong></span> <span class='ocrx_word' id='word_1_393' title='bbox 1206 4133 1357 4178; x_wconf 85' lang='lat' dir='ltr'><strong>tuum</strong></span> <span class='ocrx_word' id='word_1_394' title='bbox 1381 4121 1722 4177; x_wconf 77' lang='lat' dir='ltr'><strong>cruciﬁxum.</strong></span> 
     </span>
    </p>
   </div>
   <div class='ocr_carea' id='block_1_58' title="bbox 2197 1921 3778 1996">
    <p class='ocr_par' dir='ltr' id='par_1_58' title="bbox 2197 1921 3778 1996">
     <span class='ocr_line' id='line_1_58' title="bbox 2197 1921 3778 1996; baseline -0.004 -17"><span class='ocrx_word' id='word_1_395' title='bbox 2197 1925 2303 1979; x_wconf 88' lang='grc' dir='ltr'>τῶν</span> <span class='ocrx_word' id='word_1_396' title='bbox 2326 1923 2422 1977; x_wconf 91' lang='grc' dir='ltr'>ἀνθ</span> <span class='ocrx_word' id='word_1_397' title='bbox 2433 1923 2649 1996; x_wconf 81' lang='grc' dir='ltr'>ρώπων,</span> <span class='ocrx_word' id='word_1_398' title='bbox 2682 1923 2967 1990; x_wconf 83' lang='grc' dir='ltr'>λεγόντων·</span> <span class='ocrx_word' id='word_1_399' title='bbox 2990 1923 3110 1975; x_wconf 85' lang='grc' dir='ltr'>’Ότι</span> <span class='ocrx_word' id='word_1_400' title='bbox 3136 1921 3387 1992; x_wconf 79' lang='grc' dir='ltr'>βασιλεὺς</span> <span class='ocrx_word' id='word_1_401' title='bbox 3422 1921 3596 1992; x_wconf 83' lang='grc' dir='ltr'>μέγας</span> <span class='ocrx_word' id='word_1_402' title='bbox 3617 1921 3778 1992; x_wconf 83' lang='grc' dir='ltr'>γέγο-</span> 
     </span>
    </p>
   </div>
   <div class='ocr_carea' id='block_1_59' title="bbox 2195 2013 3778 2086">
    <p class='ocr_par' dir='ltr' id='par_1_59' title="bbox 2195 2013 3778 2086">
     <span class='ocr_line' id='line_1_59' title="bbox 2195 2013 3778 2086; baseline -0.003 -16"><span class='ocrx_word' id='word_1_403' title='bbox 2195 2034 2282 2070; x_wconf 91' lang='grc' dir='ltr'>νεν</span> <span class='ocrx_word' id='word_1_404' title='bbox 2309 2018 2400 2070; x_wconf 71' lang='grc' dir='ltr'>ἐπὶ</span> <span class='ocrx_word' id='word_1_405' title='bbox 2427 2016 2525 2086; x_wconf 85' lang='grc' dir='ltr'>τῆς</span> <span class='ocrx_word' id='word_1_406' title='bbox 2556 2016 2676 2086; x_wconf 90' lang='grc' dir='ltr'>γῆς·</span> <span class='ocrx_word' id='word_1_407' title='bbox 2709 2014 2861 2068; x_wconf 86' lang='grc' dir='ltr'>δεῦτε</span> <span class='ocrx_word' id='word_1_408' title='bbox 2895 2013 3096 2075; x_wconf 86' lang='grc' dir='ltr'>πάντες</span> <span class='ocrx_word' id='word_1_409' title='bbox 3154 2015 3233 2076; x_wconf 89' lang='grc' dir='ltr'>είς</span> <span class='ocrx_word' id='word_1_410' title='bbox 3284 2013 3655 2084; x_wconf 78' lang='grc' dir='ltr'>προσκύνησιν</span> <span class='ocrx_word' id='word_1_411' title='bbox 3687 2014 3778 2066; x_wconf 77' lang='grc' dir='ltr'>αὑ-</span> 
     </span>
    </p>
   </div>
   <div class='ocr_carea' id='block_1_60' title="bbox 2192 2105 3777 2177">
    <p class='ocr_par' dir='ltr' id='par_1_60' title="bbox 2192 2105 3777 2177">
     <span class='ocr_line' id='line_1_60' title="bbox 2192 2105 3777 2177; baseline -0.001 -15"><span class='ocrx_word' id='word_1_412' title='bbox 2192 2107 2306 2162; x_wconf 91' lang='grc' dir='ltr'>τοῦ·</span> <span class='ocrx_word' id='word_1_413' title='bbox 2342 2107 2495 2160; x_wconf 87' lang='grc' dir='ltr'>δεῦτε</span> <span class='ocrx_word' id='word_1_414' title='bbox 2546 2107 2746 2170; x_wconf 89' lang='grc' dir='ltr'>πάντες</span> <span class='ocrx_word' id='word_1_415' title='bbox 2797 2105 3094 2159; x_wconf 87' lang='grc' dir='ltr'>θεάσασθαι</span> <span class='ocrx_word' id='word_1_416' title='bbox 3139 2105 3236 2176; x_wconf 81' lang='grc' dir='ltr'>τὴν</span> <span class='ocrx_word' id='word_1_417' title='bbox 3295 2107 3448 2177; x_wconf 83' lang='grc' dir='ltr'>ίσχὺν</span> <span class='ocrx_word' id='word_1_418' title='bbox 3474 2107 3576 2176; x_wconf 78' lang='grc' dir='ltr'>τῆς</span> <span class='ocrx_word' id='word_1_419' title='bbox 3619 2107 3777 2160; x_wconf 86' lang='grc' dir='ltr'>δυνά-</span> 
     </span>
    </p>
   </div>
   <div class='ocr_carea' id='block_1_61' title="bbox 2197 2197 3777 2270">
    <p class='ocr_par' dir='ltr' id='par_1_61' title="bbox 2197 2197 3777 2270">
     <span class='ocr_line' id='line_1_61' title="bbox 2197 2197 3777 2270; baseline 0 -18"><span class='ocrx_word' id='word_1_420' title='bbox 2197 2217 2344 2270; x_wconf 89' lang='grc' dir='ltr'>μεως</span> <span class='ocrx_word' id='word_1_421' title='bbox 2371 2199 2553 2252; x_wconf 84' lang='grc' dir='ltr'>αὑτοῦ·</span> <span class='ocrx_word' id='word_1_422' title='bbox 2593 2199 2701 2252; x_wconf 79' lang='grc' dir='ltr'>ἰδοὺ</span> <span class='ocrx_word' id='word_1_423' title='bbox 2727 2197 2836 2269; x_wconf 80' lang='grc' dir='ltr'>γὰρ</span> <span class='ocrx_word' id='word_1_424' title='bbox 2885 2199 3012 2269; x_wconf 81' lang='grc' dir='ltr'>ὑμῖν</span> <span class='ocrx_word' id='word_1_425' title='bbox 3061 2198 3154 2250; x_wconf 70' lang='grc' dir='ltr'>καὶ</span> <span class='ocrx_word' id='word_1_426' title='bbox 3197 2201 3342 2250; x_wconf 87' lang='grc' dir='ltr'>σῖτον</span> <span class='ocrx_word' id='word_1_427' title='bbox 3372 2197 3621 2270; x_wconf 82' lang='grc' dir='ltr'>παρέξει,</span> <span class='ocrx_word' id='word_1_428' title='bbox 3681 2202 3777 2254; x_wconf 78' lang='grc' dir='ltr'>καὶ</span> 
     </span>
    </p>
   </div>
   <div class='ocr_carea' id='block_1_62' title="bbox 2195 2287 3778 2362">
    <p class='ocr_par' dir='ltr' id='par_1_62' title="bbox 2195 2287 3778 2362">
     <span class='ocr_line' id='line_1_62' title="bbox 2195 2287 3778 2362; baseline 0 -18"><span class='ocrx_word' id='word_1_429' title='bbox 2195 2287 2337 2345; x_wconf 73' lang='grc' dir='ltr'>οἶνον</span> <span class='ocrx_word' id='word_1_430' title='bbox 2387 2292 2517 2361; x_wconf 86' lang='grc' dir='ltr'>ὑμῖν</span> <span class='ocrx_word' id='word_1_431' title='bbox 2575 2291 2877 2361; x_wconf 83' lang='grc' dir='ltr'>χαρίσεται,</span> <span class='ocrx_word' id='word_1_432' title='bbox 2933 2290 3027 2342; x_wconf 77' lang='grc' dir='ltr'>καὶ</span> <span class='ocrx_word' id='word_1_433' title='bbox 3079 2288 3309 2342; x_wconf 88' lang='grc' dir='ltr'>πλοῦτον</span> <span class='ocrx_word' id='word_1_434' title='bbox 3359 2290 3650 2362; x_wconf 77' lang='grc' dir='ltr'>πολυτελῆ,</span> <span class='ocrx_word' id='word_1_435' title='bbox 3684 2294 3778 2344; x_wconf 81' lang='grc' dir='ltr'>καὶ</span> 
     </span>
    </p>
   </div>
   <div class='ocr_carea' id='block_1_63' title="bbox 2195 2382 3777 2456">
    <p class='ocr_par' dir='ltr' id='par_1_63' title="bbox 2195 2382 3777 2456">
     <span class='ocr_line' id='line_1_63' title="bbox 2195 2382 3777 2456; baseline 0.001 -19"><span class='ocrx_word' id='word_1_436' title='bbox 2195 2385 2351 2452; x_wconf 77' lang='grc' dir='ltr'>ἀξίας</span> <span class='ocrx_word' id='word_1_437' title='bbox 2378 2384 2634 2456; x_wconf 81' lang='grc' dir='ltr'>μεγάλας·</span> <span class='ocrx_word' id='word_1_438' title='bbox 2675 2384 2752 2455; x_wconf 78' lang='grc' dir='ltr'>τῷ</span> <span class='ocrx_word' id='word_1_439' title='bbox 2803 2383 2912 2455; x_wconf 82' lang='grc' dir='ltr'>γὰρ</span> <span class='ocrx_word' id='word_1_440' title='bbox 2950 2382 3281 2453; x_wconf 83' lang='grc' dir='ltr'>κελεύσματι</span> <span class='ocrx_word' id='word_1_441' title='bbox 3332 2383 3494 2436; x_wconf 89' lang='grc' dir='ltr'>αὑτοῦ</span> <span class='ocrx_word' id='word_1_442' title='bbox 3547 2387 3702 2438; x_wconf 77' lang='grc' dir='ltr'>πᾶσα</span> <span class='ocrx_word' id='word_1_443' title='bbox 3742 2387 3777 2455; x_wconf 82' lang='grc' dir='ltr'><strong>ἡ</strong></span> 
     </span>
    </p>
   </div>
   <div class='ocr_carea' id='block_1_64' title="bbox 2198 2473 3781 2548">
    <p class='ocr_par' dir='ltr' id='par_1_64' title="bbox 2198 2473 3781 2548">
     <span class='ocr_line' id='line_1_64' title="bbox 2198 2473 3781 2548; baseline -0.001 -19"><span class='ocrx_word' id='word_1_444' title='bbox 2198 2478 2271 2548; x_wconf 69' lang='grc' dir='ltr'>γῆ</span> <span class='ocrx_word' id='word_1_445' title='bbox 2300 2476 2392 2530; x_wconf 72' lang='grc' dir='ltr'>καὶ</span> <span class='ocrx_word' id='word_1_446' title='bbox 2428 2476 2670 2529; x_wconf 83' lang='grc' dir='ltr'>θάλασσα</span> <span class='ocrx_word' id='word_1_447' title='bbox 2730 2475 3015 2528; x_wconf 83' lang='grc' dir='ltr'>ὑπακούει·</span> <span class='ocrx_word' id='word_1_448' title='bbox 3075 2473 3229 2526; x_wconf 88' lang='grc' dir='ltr'>δεῦτε</span> <span class='ocrx_word' id='word_1_449' title='bbox 3285 2475 3486 2538; x_wconf 88' lang='grc' dir='ltr'>πάντες</span> <span class='ocrx_word' id='word_1_450' title='bbox 3518 2476 3657 2545; x_wconf 84' lang='grc' dir='ltr'>πρὸς</span> <span class='ocrx_word' id='word_1_451' title='bbox 3690 2477 3781 2528; x_wconf 54' lang='grc' dir='ltr'>αὑ-</span> 
     </span>
    </p>
   </div>
   <div class='ocr_carea' id='block_1_65' title="bbox 2197 2565 3776 2637">
    <p class='ocr_par' dir='ltr' id='par_1_65' title="bbox 2197 2565 3776 2637">
     <span class='ocr_line' id='line_1_65' title="bbox 2197 2565 3776 2637; baseline -0.001 -17"><span class='ocrx_word' id='word_1_452' title='bbox 2197 2568 2309 2621; x_wconf 89' lang='grc' dir='ltr'>τόν.</span> <span class='ocrx_word' id='word_1_453' title='bbox 2342 2568 2453 2620; x_wconf 70' lang='grc' dir='ltr'>Καὶ</span> <span class='ocrx_word' id='word_1_454' title='bbox 2499 2569 2701 2632; x_wconf 85' lang='grc' dir='ltr'>πάντες</span> <span class='ocrx_word' id='word_1_455' title='bbox 2758 2565 2844 2620; x_wconf 83' lang='grc' dir='ltr'>διὰ</span> <span class='ocrx_word' id='word_1_456' title='bbox 2879 2566 2978 2636; x_wconf 76' lang='grc' dir='ltr'>τὴν</span> <span class='ocrx_word' id='word_1_457' title='bbox 3025 2565 3278 2636; x_wconf 77' lang='grc' dir='ltr'>στέρησιν</span> <span class='ocrx_word' id='word_1_458' title='bbox 3303 2565 3412 2618; x_wconf 89' lang='grc' dir='ltr'>τῶν</span> <span class='ocrx_word' id='word_1_459' title='bbox 3449 2566 3776 2637; x_wconf 83' lang='grc' dir='ltr'>βρωμάτων,</span> 
     </span>
    </p>
   </div>
   <div class='ocr_carea' id='block_1_66' title="bbox 2199 2658 3774 2729">
    <p class='ocr_par' dir='ltr' id='par_1_66' title="bbox 2199 2658 3774 2729">
     <span class='ocr_line' id='line_1_66' title="bbox 2199 2658 3774 2729; baseline 0.001 -18"><span class='ocrx_word' id='word_1_460' title='bbox 2199 2660 2287 2712; x_wconf 78' lang='grc' dir='ltr'>ἐπ’</span> <span class='ocrx_word' id='word_1_461' title='bbox 2321 2659 2482 2714; x_wconf 76' lang='grc' dir='ltr'>αὑτὸν</span> <span class='ocrx_word' id='word_1_462' title='bbox 2540 2659 2869 2723; x_wconf 80' lang='grc' dir='ltr'>ἐλεύσονται,</span> <span class='ocrx_word' id='word_1_463' title='bbox 2920 2659 3015 2712; x_wconf 73' lang='grc' dir='ltr'>καὶ</span> <span class='ocrx_word' id='word_1_464' title='bbox 3070 2658 3538 2729; x_wconf 85' lang='grc' dir='ltr'>προσκυνήσουσιν</span> <span class='ocrx_word' id='word_1_465' title='bbox 3589 2660 3774 2712; x_wconf 80' lang='grc' dir='ltr'>αὑτὸν·</span> 
     </span>
    </p>
   </div>
   <div class='ocr_carea' id='block_1_67' title="bbox 2201 2749 3781 2823">
    <p class='ocr_par' dir='ltr' id='par_1_67' title="bbox 2201 2749 3781 2823">
     <span class='ocr_line' id='line_1_67' title="bbox 2201 2749 3781 2823; baseline -0.003 -17"><span class='ocrx_word' id='word_1_466' title='bbox 2201 2753 2294 2806; x_wconf 70' lang='grc' dir='ltr'>κα)⁸</span> <span class='ocrx_word' id='word_1_467' title='bbox 2323 2750 2485 2806; x_wconf 83' lang='grc' dir='ltr'>δώσει</span> <span class='ocrx_word' id='word_1_468' title='bbox 2508 2753 2691 2815; x_wconf 81' lang='grc' dir='ltr'>αὑτοῖς</span> <span class='ocrx_word' id='word_1_469' title='bbox 2719 2752 2982 2823; x_wconf 89' lang='grc' dir='ltr'>χάραγμα</span> <span class='ocrx_word' id='word_1_470' title='bbox 3014 2753 3070 2803; x_wconf 80' lang='grc' dir='ltr'>ὲν</span> <span class='ocrx_word' id='word_1_471' title='bbox 3118 2752 3184 2820; x_wconf 79' lang='grc' dir='ltr'>τῇ</span> <span class='ocrx_word' id='word_1_472' title='bbox 3214 2749 3358 2821; x_wconf 75' lang='grc' dir='ltr'>χειρὶ</span> <span class='ocrx_word' id='word_1_473' title='bbox 3384 2752 3450 2820; x_wconf 76' lang='grc' dir='ltr'>τῇ</span> <span class='ocrx_word' id='word_1_474' title='bbox 3479 2750 3648 2820; x_wconf 81' lang='grc' dir='ltr'>δεξιᾷ,</span> <span class='ocrx_word' id='word_1_475' title='bbox 3684 2753 3781 2804; x_wconf 76' lang='grc' dir='ltr'>καὶ</span> 
     </span>
    </p>
   </div>
   <div class='ocr_carea' id='block_1_68' title="bbox 2202 2841 3812 2915">
    <p class='ocr_par' dir='ltr' id='par_1_68' title="bbox 2202 2841 3812 2915">
     <span class='ocr_line' id='line_1_68' title="bbox 2202 2841 3812 2915; baseline -0.001 -20"><span class='ocrx_word' id='word_1_476' title='bbox 2202 2843 2258 2896; x_wconf 85' lang='grc' dir='ltr'>ἐν</span> <span class='ocrx_word' id='word_1_477' title='bbox 2285 2843 2364 2914; x_wconf 82' lang='grc' dir='ltr'>τῷ</span> <span class='ocrx_word' id='word_1_478' title='bbox 2388 2844 2641 2915; x_wconf 84' lang='grc' dir='ltr'>μετώπῳ,</span> <span class='ocrx_word' id='word_1_479' title='bbox 2701 2845 2789 2897; x_wconf 87' lang='grc' dir='ltr'>ἴνα</span> <span class='ocrx_word' id='word_1_480' title='bbox 2821 2844 2895 2913; x_wconf 83' lang='grc' dir='ltr'>μή</span> <span class='ocrx_word' id='word_1_481' title='bbox 2928 2860 3010 2906; x_wconf 89' lang='grc' dir='ltr'>τις</span> <span class='ocrx_word' id='word_1_482' title='bbox 3043 2841 3134 2894; x_wconf 83' lang='grc' dir='ltr'>τὸν</span> <span class='ocrx_word' id='word_1_483' title='bbox 3160 2841 3339 2911; x_wconf 84' lang='grc' dir='ltr'>τίμιον</span> <span class='ocrx_word' id='word_1_484' title='bbox 3376 2842 3601 2912; x_wconf 78' lang='grc' dir='ltr'>σταυρὸν</span> <span class='ocrx_word' id='word_1_485' title='bbox 3627 2845 3780 2913; x_wconf 81' lang='grc' dir='ltr'>ποιή-</span> <span class='ocrx_word' id='word_1_486' title='bbox 3809 2865 3812 2874; x_wconf 95' lang='grc'>·</span> 
     </span>
    </p>
   </div>
   <div class='ocr_carea' id='block_1_69' title="bbox 2203 2931 3780 3008">
    <p class='ocr_par' dir='ltr' id='par_1_69' title="bbox 2203 2931 3780 3008">
     <span class='ocr_line' id='line_1_69' title="bbox 2203 2931 3780 3008; baseline -0.001 -18"><span class='ocrx_word' id='word_1_487' title='bbox 2203 2943 2272 3008; x_wconf 75' lang='grc' dir='ltr'>σῇ</span> <span class='ocrx_word' id='word_1_488' title='bbox 2297 2937 2409 3007; x_wconf 75' lang='grc'>(14)</span> <span class='ocrx_word' id='word_1_489' title='bbox 2435 2938 2491 2988; x_wconf 82' lang='grc' dir='ltr'>ὲν</span> <span class='ocrx_word' id='word_1_490' title='bbox 2526 2936 2604 3006; x_wconf 81' lang='grc' dir='ltr'>τῷ</span> <span class='ocrx_word' id='word_1_491' title='bbox 2659 2935 2894 3006; x_wconf 84' lang='grc' dir='ltr'>μετώπῳ</span> <span class='ocrx_word' id='word_1_492' title='bbox 2937 2938 3004 3004; x_wconf 80' lang='grc' dir='ltr'>τῇ</span> <span class='ocrx_word' id='word_1_493' title='bbox 3037 2933 3185 3004; x_wconf 82' lang='grc' dir='ltr'>δεξιᾷ</span> <span class='ocrx_word' id='word_1_494' title='bbox 3215 2931 3378 2986; x_wconf 84' lang='grc' dir='ltr'>αὑτοῦ</span> <span class='ocrx_word' id='word_1_495' title='bbox 3412 2934 3593 3006; x_wconf 89' lang='grc' dir='ltr'>χειρί·</span> <span class='ocrx_word' id='word_1_496' title='bbox 3643 2934 3780 2988; x_wconf 81' lang='grc' dir='ltr'>ἀλλὰ</span> 
     </span>
    </p>
   </div>
   <div class='ocr_carea' id='block_1_70' title="bbox 2203 3025 3780 3097">
    <p class='ocr_par' dir='ltr' id='par_1_70' title="bbox 2203 3025 3780 3097">
     <span class='ocr_line' id='line_1_70' title="bbox 2203 3025 3780 3097; baseline -0.002 -16"><span class='ocrx_word' id='word_1_497' title='bbox 2203 3028 2405 3081; x_wconf 86' lang='grc' dir='ltr'>δέδεται</span> <span class='ocrx_word' id='word_1_498' title='bbox 2461 3026 2626 3080; x_wconf 88' lang='grc' dir='ltr'>αὑτοῦ</span> <span class='ocrx_word' id='word_1_499' title='bbox 2666 3029 2698 3097; x_wconf 80' lang='grc' dir='ltr'>ἡ</span> <span class='ocrx_word' id='word_1_500' title='bbox 2760 3025 2877 3096; x_wconf 89' lang='grc' dir='ltr'>χείρ</span> <span class='ocrx_word' id='word_1_501' title='bbox 2909 3025 3041 3095; x_wconf 84' lang='grc'>(15).</span> <span class='ocrx_word' id='word_1_502' title='bbox 3077 3026 3189 3077; x_wconf 74' lang='grc' dir='ltr'>Καὶ</span> <span class='ocrx_word' id='word_1_503' title='bbox 3248 3025 3355 3079; x_wconf 82' lang='grc' dir='ltr'>ἀπὸ</span> <span class='ocrx_word' id='word_1_504' title='bbox 3384 3025 3505 3077; x_wconf 87' lang='grc' dir='ltr'>τότε</span> <span class='ocrx_word' id='word_1_505' title='bbox 3533 3027 3635 3096; x_wconf 67' lang='grc' dir='ltr'>οὐχ</span> <span class='ocrx_word' id='word_1_506' title='bbox 3667 3025 3780 3091; x_wconf 71' lang='grc' dir='ltr'>ἕξει</span> 
     </span>
    </p>
   </div>
   <div class='ocr_carea' id='block_1_71' title="bbox 2129 3116 3778 3199">
    <p class='ocr_par' dir='ltr' id='par_1_71' title="bbox 2129 3116 3778 3199">
     <span class='ocr_line' id='line_1_71' title="bbox 2129 3116 3778 3199; baseline -0.002 -25"><span class='ocrx_word' id='word_1_507' title='bbox 2129 3142 2171 3199; x_wconf 75' lang='lat' dir='ltr'>c</span> <span class='ocrx_word' id='word_1_508' title='bbox 2204 3119 2451 3185; x_wconf 77' lang='grc' dir='ltr'>ἐξουσίαν</span> <span class='ocrx_word' id='word_1_509' title='bbox 2513 3118 2809 3190; x_wconf 82' lang='grc' dir='ltr'>σφραγίσαι</span> <span class='ocrx_word' id='word_1_510' title='bbox 2839 3134 2891 3169; x_wconf 89' lang='grc' dir='ltr'>τι</span> <span class='ocrx_word' id='word_1_511' title='bbox 2931 3117 3040 3169; x_wconf 89' lang='grc' dir='ltr'>τῶν</span> <span class='ocrx_word' id='word_1_512' title='bbox 3076 3116 3251 3188; x_wconf 88' lang='grc' dir='ltr'>μελῶν</span> <span class='ocrx_word' id='word_1_513' title='bbox 3299 3117 3482 3171; x_wconf 87' lang='grc' dir='ltr'>αὑτοῦ·</span> <span class='ocrx_word' id='word_1_514' title='bbox 3534 3118 3675 3172; x_wconf 84' lang='grc' dir='ltr'>ἀλλά</span> <span class='ocrx_word' id='word_1_515' title='bbox 3702 3118 3778 3189; x_wconf 80' lang='grc' dir='ltr'>τῷ</span> 
     </span>
    </p>
   </div>
   <div class='ocr_carea' id='block_1_72' title="bbox 2205 3207 3782 3283">
    <p class='ocr_par' dir='ltr' id='par_1_72' title="bbox 2205 3207 3782 3283">
     <span class='ocr_line' id='line_1_72' title="bbox 2205 3207 3782 3283; baseline -0.001 -20"><span class='ocrx_word' id='word_1_516' title='bbox 2205 3212 2393 3283; x_wconf 88' lang='grc' dir='ltr'>πλάνῳ</span> <span class='ocrx_word' id='word_1_517' title='bbox 2425 3210 2876 3283; x_wconf 79' lang='grc' dir='ltr'>προστεθήσεται,</span> <span class='ocrx_word' id='word_1_518' title='bbox 2937 3208 3030 3262; x_wconf 78' lang='grc' dir='ltr'>καὶ</span> <span class='ocrx_word' id='word_1_519' title='bbox 3060 3207 3209 3279; x_wconf 87' lang='grc' dir='ltr'>αὑτῷ</span> <span class='ocrx_word' id='word_1_520' title='bbox 3237 3209 3530 3263; x_wconf 89' lang='grc' dir='ltr'>δουλεύσει·</span> <span class='ocrx_word' id='word_1_521' title='bbox 3561 3211 3657 3264; x_wconf 73' lang='grc' dir='ltr'>καὶ</span> <span class='ocrx_word' id='word_1_522' title='bbox 3686 3229 3782 3281; x_wconf 80' lang='grc' dir='ltr'>με·</span> 
     </span>
    </p>
   </div>
   <div class='ocr_carea' id='block_1_73' title="bbox 2202 3299 3781 3375">
    <p class='ocr_par' dir='ltr' id='par_1_73' title="bbox 2202 3299 3781 3375">
     <span class='ocr_line' id='line_1_73' title="bbox 2202 3299 3781 3375; baseline 0.001 -21"><span class='ocrx_word' id='word_1_523' title='bbox 2202 3303 2388 3356; x_wconf 88' lang='grc' dir='ltr'>τάνοια</span> <span class='ocrx_word' id='word_1_524' title='bbox 2422 3305 2478 3356; x_wconf 85' lang='grc' dir='ltr'>ὲν</span> <span class='ocrx_word' id='word_1_525' title='bbox 2501 3299 2649 3371; x_wconf 85' lang='grc' dir='ltr'>αὑτῷ</span> <span class='ocrx_word' id='word_1_526' title='bbox 2678 3301 2779 3354; x_wconf 89' lang='grc' dir='ltr'>οὑκ</span> <span class='ocrx_word' id='word_1_527' title='bbox 2807 3299 2970 3353; x_wconf 79' lang='grc' dir='ltr'>ἔστιν·</span> <span class='ocrx_word' id='word_1_528' title='bbox 3002 3299 3138 3352; x_wconf 87' lang='grc' dir='ltr'>ἀλλά</span> <span class='ocrx_word' id='word_1_529' title='bbox 3172 3302 3201 3352; x_wconf 85' lang='grc' dir='ltr'>ὁ</span> <span class='ocrx_word' id='word_1_530' title='bbox 3231 3301 3468 3366; x_wconf 84' lang='grc' dir='ltr'>τοιοῦτος</span> <span class='ocrx_word' id='word_1_531' title='bbox 3498 3303 3608 3375; x_wconf 88' lang='grc'>(16)</span> <span class='ocrx_word' id='word_1_532' title='bbox 3638 3304 3781 3356; x_wconf 80' lang='grc' dir='ltr'>ἀπώ-</span> 
     </span>
    </p>
   </div>
   <div class='ocr_carea' id='block_1_74' title="bbox 2201 3391 3779 3466">
    <p class='ocr_par' dir='ltr' id='par_1_74' title="bbox 2201 3391 3779 3466">
     <span class='ocr_line' id='line_1_74' title="bbox 2201 3391 3779 3466; baseline 0.003 -19"><span class='ocrx_word' id='word_1_533' title='bbox 2201 3394 2340 3459; x_wconf 90' lang='grc' dir='ltr'>λετο,</span> <span class='ocrx_word' id='word_1_534' title='bbox 2372 3395 2464 3448; x_wconf 77' lang='grc' dir='ltr'>καὶ</span> <span class='ocrx_word' id='word_1_535' title='bbox 2492 3393 2600 3447; x_wconf 84' lang='grc' dir='ltr'>ἀπὸ</span> <span class='ocrx_word' id='word_1_536' title='bbox 2628 3391 2784 3455; x_wconf 88' lang='grc' dir='ltr'>Θεοῦ,</span> <span class='ocrx_word' id='word_1_537' title='bbox 2830 3393 2924 3447; x_wconf 79' lang='grc' dir='ltr'>καὶ</span> <span class='ocrx_word' id='word_1_538' title='bbox 2976 3394 3084 3447; x_wconf 85' lang='grc' dir='ltr'>ἀπὸ</span> <span class='ocrx_word' id='word_1_539' title='bbox 3123 3394 3441 3466; x_wconf 82' lang='grc' dir='ltr'>ἀνθρώπων,</span> <span class='ocrx_word' id='word_1_540' title='bbox 3490 3396 3586 3448; x_wconf 83' lang='grc' dir='ltr'>καὶ</span> <span class='ocrx_word' id='word_1_541' title='bbox 3614 3396 3779 3451; x_wconf 80' lang='grc' dir='ltr'>δώσει</span> 
     </span>
    </p>
   </div>
   <div class='ocr_carea' id='block_1_75' title="bbox 2201 3483 3780 3559">
    <p class='ocr_par' dir='ltr' id='par_1_75' title="bbox 2201 3483 3780 3559">
     <span class='ocr_line' id='line_1_75' title="bbox 2201 3483 3780 3559; baseline 0.001 -19"><span class='ocrx_word' id='word_1_542' title='bbox 2201 3487 2384 3549; x_wconf 88' lang='grc' dir='ltr'>αὑτοῖς</span> <span class='ocrx_word' id='word_1_543' title='bbox 2413 3488 2442 3540; x_wconf 85' lang='grc' dir='ltr'>ὁ</span> <span class='ocrx_word' id='word_1_544' title='bbox 2476 3485 2676 3548; x_wconf 85' lang='grc' dir='ltr'>πλάνος</span> <span class='ocrx_word' id='word_1_545' title='bbox 2713 3483 2920 3556; x_wconf 88' lang='grc' dir='ltr'>βραχέα</span> <span class='ocrx_word' id='word_1_546' title='bbox 2979 3484 3241 3556; x_wconf 83' lang='grc' dir='ltr'>βρώματα</span> <span class='ocrx_word' id='word_1_547' title='bbox 3262 3486 3348 3540; x_wconf 77' lang='grc' dir='ltr'>διὰ</span> <span class='ocrx_word' id='word_1_548' title='bbox 3375 3485 3473 3557; x_wconf 85' lang='grc' dir='ltr'>τὴν</span> <span class='ocrx_word' id='word_1_549' title='bbox 3503 3488 3780 3559; x_wconf 75' lang='grc' dir='ltr'>σφραγῖδα</span> 
     </span>
    </p>
   </div>
   <div class='ocr_carea' id='block_1_76' title="bbox 2201 3575 3776 3649">
    <p class='ocr_par' dir='ltr' id='par_1_76' title="bbox 2201 3575 3776 3649">
     <span class='ocr_line' id='line_1_76' title="bbox 2201 3575 3776 3649; baseline -0.003 -17"><span class='ocrx_word' id='word_1_550' title='bbox 2201 3577 2364 3632; x_wconf 84' lang='grc' dir='ltr'>αὑτοῦ</span> <span class='ocrx_word' id='word_1_551' title='bbox 2389 3577 2485 3648; x_wconf 86' lang='grc' dir='ltr'>τὴν</span> <span class='ocrx_word' id='word_1_552' title='bbox 2549 3576 2771 3647; x_wconf 90' lang='grc' dir='ltr'>μιαράν.</span> <span class='ocrx_word' id='word_1_553' title='bbox 2807 3576 2872 3628; x_wconf 88' lang='grc' dir='ltr'><strong>Ἦ</strong></span> <span class='ocrx_word' id='word_1_554' title='bbox 2930 3575 2988 3630; x_wconf 85' lang='grc' dir='ltr'>δὲ</span> <span class='ocrx_word' id='word_1_555' title='bbox 3035 3579 3270 3649; x_wconf 76' lang='grc' dir='ltr'>σφραγὶς</span> <span class='ocrx_word' id='word_1_556' title='bbox 3320 3578 3485 3632; x_wconf 89' lang='grc' dir='ltr'>αὑτοῦ</span> <span class='ocrx_word' id='word_1_557' title='bbox 3531 3579 3626 3632; x_wconf 76' lang='grc' dir='ltr'>ἐπὶ</span> <span class='ocrx_word' id='word_1_558' title='bbox 3683 3580 3776 3634; x_wconf 72' lang='grc' dir='ltr'>τοῦ</span> 
     </span>
    </p>
   </div>
   <div class='ocr_carea' id='block_1_77' title="bbox 2200 3665 3775 3743">
    <p class='ocr_par' dir='ltr' id='par_1_77' title="bbox 2200 3665 3775 3743">
     <span class='ocr_line' id='line_1_77' title="bbox 2200 3665 3775 3743; baseline -0.008 -19"><span class='ocrx_word' id='word_1_559' title='bbox 2200 3669 2471 3743; x_wconf 83' lang='grc' dir='ltr'>μετώπου,</span> <span class='ocrx_word' id='word_1_560' title='bbox 2527 3668 2622 3722; x_wconf 75' lang='grc' dir='ltr'>καὶ</span> <span class='ocrx_word' id='word_1_561' title='bbox 2667 3668 2762 3720; x_wconf 76' lang='grc' dir='ltr'>ἐπὶ</span> <span class='ocrx_word' id='word_1_562' title='bbox 2798 3665 2901 3738; x_wconf 83' lang='grc' dir='ltr'>τῆς</span> <span class='ocrx_word' id='word_1_563' title='bbox 2947 3667 3126 3732; x_wconf 80' lang='grc' dir='ltr'>δεξιᾶς</span> <span class='ocrx_word' id='word_1_564' title='bbox 3181 3671 3361 3743; x_wconf 84' lang='grc' dir='ltr'>χειρός</span> <span class='ocrx_word' id='word_1_565' title='bbox 3407 3672 3524 3724; x_wconf 78' lang='grc' dir='ltr'>ἐστι</span> <span class='ocrx_word' id='word_1_566' title='bbox 3572 3671 3775 3741; x_wconf 60' lang='grc' dir='ltr'>ψῆφος,</span> 
     </span>
    </p>
   </div>
   <div class='ocr_carea' id='block_1_78' title="bbox 2197 3755 3777 3836">
    <p class='ocr_par' dir='ltr' id='par_1_78' title="bbox 2197 3755 3777 3836">
     <span class='ocr_line' id='line_1_78' title="bbox 2197 3755 3777 3836; baseline -0.005 -10"><span class='ocrx_word' id='word_1_567' title='bbox 2197 3756 2591 3833; x_wconf 67' lang='grc' dir='ltr'>χξεῖοκαὶςὼς</span> <span class='ocrx_word' id='word_1_568' title='bbox 2612 3755 2766 3830; x_wconf 74' lang='grc' dir='ltr'>οἶμαι</span> <span class='ocrx_word' id='word_1_569' title='bbox 2823 3759 2957 3830; x_wconf 89' lang='grc'>(17),</span> <span class='ocrx_word' id='word_1_570' title='bbox 3013 3761 3134 3814; x_wconf 81' lang='grc' dir='ltr'>οὑδὲ</span> <span class='ocrx_word' id='word_1_571' title='bbox 3177 3762 3418 3834; x_wconf 72' lang='grc' dir='ltr'>ἀκριϐῶς</span> <span class='ocrx_word' id='word_1_572' title='bbox 3473 3764 3777 3836; x_wconf 78' lang='grc' dir='ltr'>ἐπίσταμαι</span> 
     </span>
    </p>
   </div>
   <div class='ocr_carea' id='block_1_79' title="bbox 2195 3849 3778 3928">
    <p class='ocr_par' dir='ltr' id='par_1_79' title="bbox 2195 3849 3778 3928">
     <span class='ocr_line' id='line_1_79' title="bbox 2195 3849 3778 3928; baseline 0.001 -21"><span class='ocrx_word' id='word_1_573' title='bbox 2195 3852 2372 3907; x_wconf 87' lang='grc' dir='ltr'>τοῦτο·</span> <span class='ocrx_word' id='word_1_574' title='bbox 2411 3854 2467 3904; x_wconf 82' lang='grc' dir='ltr'>ὲν</span> <span class='ocrx_word' id='word_1_575' title='bbox 2492 3854 2558 3922; x_wconf 84' lang='grc' dir='ltr'>τῇ</span> <span class='ocrx_word' id='word_1_576' title='bbox 2593 3853 2775 3922; x_wconf 84' lang='grc' dir='ltr'>γραφῇ</span> <span class='ocrx_word' id='word_1_577' title='bbox 2825 3849 2934 3919; x_wconf 81' lang='grc' dir='ltr'>γάρ</span> <span class='ocrx_word' id='word_1_578' title='bbox 2965 3851 3134 3904; x_wconf 86' lang='grc' dir='ltr'>πολλά</span> <span class='ocrx_word' id='word_1_579' title='bbox 3174 3853 3232 3906; x_wconf 80' lang='grc' dir='ltr'>ὲν</span> <span class='ocrx_word' id='word_1_580' title='bbox 3263 3852 3339 3924; x_wconf 82' lang='grc' dir='ltr'>τῷ</span> <span class='ocrx_word' id='word_1_581' title='bbox 3388 3853 3556 3926; x_wconf 74' lang='grc' dir='ltr'>ψήφῳ</span> <span class='ocrx_word' id='word_1_582' title='bbox 3601 3856 3778 3928; x_wconf 86' lang='grc' dir='ltr'>τούτῳ</span> 
     </span>
    </p>
   </div>
   <div class='ocr_carea' id='block_1_80' title="bbox 2196 3941 3776 4019">
    <p class='ocr_par' dir='ltr' id='par_1_80' title="bbox 2196 3941 3776 4019">
     <span class='ocr_line' id='line_1_80' title="bbox 2196 3941 3776 4019; baseline 0.001 -20"><span class='ocrx_word' id='word_1_583' title='bbox 2196 3947 2435 4017; x_wconf 88' lang='grc' dir='ltr'>ὀνόματα</span> <span class='ocrx_word' id='word_1_584' title='bbox 2466 3942 2743 4013; x_wconf 76' lang='grc' dir='ltr'>εὕρηνται.</span> <span class='ocrx_word' id='word_1_585' title='bbox 2791 3941 2949 3996; x_wconf 80' lang='grc' dir='ltr'>Ἀλλὰ</span> <span class='ocrx_word' id='word_1_586' title='bbox 2977 3943 3206 4015; x_wconf 85' lang='grc' dir='ltr'>λέγομεν</span> <span class='ocrx_word' id='word_1_587' title='bbox 3247 3945 3374 4009; x_wconf 75' lang='grc' dir='ltr'>ἴσως</span> <span class='ocrx_word' id='word_1_588' title='bbox 3407 3949 3642 4016; x_wconf 74' lang='grc' dir='ltr'>γράφειν</span> <span class='ocrx_word' id='word_1_589' title='bbox 3666 3949 3776 4019; x_wconf 89' lang='grc'>(18)</span> 
     </span>
    </p>
   </div>
   <div class='ocr_carea' id='block_1_81' title="bbox 2202 4033 3778 4111">
    <p class='ocr_par' dir='ltr' id='par_1_81' title="bbox 2202 4033 3778 4111">
     <span class='ocr_line' id='line_1_81' title="bbox 2202 4033 3778 4111; baseline 0.001 -20"><span class='ocrx_word' id='word_1_590' title='bbox 2202 4037 2299 4109; x_wconf 82' lang='grc' dir='ltr'>τὴν</span> <span class='ocrx_word' id='word_1_591' title='bbox 2328 4038 2497 4108; x_wconf 83' lang='grc' dir='ltr'>αὑτὴν</span> <span class='ocrx_word' id='word_1_592' title='bbox 2553 4033 2843 4105; x_wconf 86' lang='grc' dir='ltr'>σφραγῖδα·</span> <span class='ocrx_word' id='word_1_593' title='bbox 2894 4035 3187 4109; x_wconf 85' lang='grc' dir='ltr'>Ἀρνοῦμαι</span> <span class='ocrx_word' id='word_1_594' title='bbox 3229 4037 3360 4110; x_wconf 86' lang='grc'>(19).</span> <span class='ocrx_word' id='word_1_595' title='bbox 3430 4040 3650 4111; x_wconf 82' lang='grc' dir='ltr'>Ἐπειδὴ</span> <span class='ocrx_word' id='word_1_596' title='bbox 3682 4042 3778 4094; x_wconf 70' lang='grc' dir='ltr'>καὶ</span> 
     </span>
    </p>
   </div>
   <div class='ocr_carea' id='block_1_82' title="bbox 2200 4125 3774 4204">
    <p class='ocr_par' dir='ltr' id='par_1_82' title="bbox 2200 4125 3774 4204">
     <span class='ocr_line' id='line_1_82' title="bbox 2200 4125 3774 4204; baseline -0.003 -20"><span class='ocrx_word' id='word_1_597' title='bbox 2200 4128 2391 4202; x_wconf 86' lang='grc' dir='ltr'>πρώην</span> <span class='ocrx_word' id='word_1_598' title='bbox 2417 4126 2502 4181; x_wconf 85' lang='grc' dir='ltr'>διὰ</span> <span class='ocrx_word' id='word_1_599' title='bbox 2545 4125 2652 4180; x_wconf 88' lang='grc' dir='ltr'>τῶν</span> <span class='ocrx_word' id='word_1_600' title='bbox 2683 4126 2967 4197; x_wconf 83' lang='grc' dir='ltr'>ὑπηρετῶν</span> <span class='ocrx_word' id='word_1_601' title='bbox 2997 4127 3161 4182; x_wconf 88' lang='grc' dir='ltr'>αὑτοῦ</span> <span class='ocrx_word' id='word_1_602' title='bbox 3195 4131 3223 4183; x_wconf 88' lang='grc' dir='ltr'>ὁ</span> <span class='ocrx_word' id='word_1_603' title='bbox 3251 4130 3518 4196; x_wconf 87' lang='grc' dir='ltr'>ἀντίδικος</span> <span class='ocrx_word' id='word_1_604' title='bbox 3557 4132 3774 4204; x_wconf 72' lang='grc' dir='ltr'>ἐχθρὸς,</span> 
     </span>
    </p>
   </div>
   <div class='ocr_carea' id='block_1_83' title="bbox 524 4214 3774 4298">
    <p class='ocr_par' dir='ltr' id='par_1_83' title="bbox 524 4214 3774 4298">
     <span class='ocr_line' id='line_1_83' title="bbox 524 4214 3774 4298; baseline 0.002 -27"><span class='ocrx_word' id='word_1_605' title='bbox 524 4219 558 4291; x_wconf 75' lang='grc' dir='ltr'>ἢ</span> <span class='ocrx_word' id='word_1_606' title='bbox 601 4217 731 4286; x_wconf 90' lang='grc' dir='ltr'>γοῦν</span> <span class='ocrx_word' id='word_1_607' title='bbox 761 4217 874 4288; x_wconf 70' lang='grc'>(20)</span> <span class='ocrx_word' id='word_1_608' title='bbox 935 4217 1042 4271; x_wconf 89' lang='grc' dir='ltr'>τῶν</span> <span class='ocrx_word' id='word_1_609' title='bbox 1093 4215 1508 4285; x_wconf 87' lang='grc' dir='ltr'>είδωλολατρῶν,</span> <span class='ocrx_word' id='word_1_610' title='bbox 1533 4218 1645 4280; x_wconf 87' lang='grc' dir='ltr'>τοῖς</span> <span class='ocrx_word' id='word_1_611' title='bbox 1702 4214 1935 4286; x_wconf 89' lang='grc' dir='ltr'>μάρτυσι</span> <span class='ocrx_word' id='word_1_612' title='bbox 1978 4217 2071 4271; x_wconf 90' lang='grc' dir='ltr'>τοῦ</span> <span class='ocrx_word' id='word_1_613' title='bbox 2103 4220 2339 4291; x_wconf 83' lang='grc' dir='ltr'>Χριστοῦ</span> <span class='ocrx_word' id='word_1_614' title='bbox 2376 4219 2487 4290; x_wconf 72' lang='grc'>(21)</span> <span class='ocrx_word' id='word_1_615' title='bbox 2533 4219 2868 4290; x_wconf 87' lang='grc' dir='ltr'>προέτρεπον</span> <span class='ocrx_word' id='word_1_616' title='bbox 2921 4221 2969 4273; x_wconf 78' lang='lat' dir='ltr'>oi</span> <span class='ocrx_word' id='word_1_617' title='bbox 3024 4220 3248 4291; x_wconf 84' lang='grc' dir='ltr'>ἄνομοι·</span> <span class='ocrx_word' id='word_1_618' title='bbox 3283 4223 3576 4296; x_wconf 84' lang='grc' dir='ltr'>Ἀρνησαι,</span> <span class='ocrx_word' id='word_1_619' title='bbox 3617 4227 3774 4298; x_wconf 65' lang='grc' dir='ltr'>φησι,</span> 
     </span>
    </p>
   </div>
   <div class='ocr_carea' id='block_1_84' title="bbox 525 4308 1472 4379">
    <p class='ocr_par' dir='ltr' id='par_1_84' title="bbox 525 4308 1472 4379">
     <span class='ocr_line' id='line_1_84' title="bbox 525 4308 1472 4379; baseline 0.001 -19"><span class='ocrx_word' id='word_1_620' title='bbox 525 4308 618 4362; x_wconf 76' lang='grc' dir='ltr'>τὸν</span> <span class='ocrx_word' id='word_1_621' title='bbox 640 4308 772 4362; x_wconf 88' lang='grc' dir='ltr'>Θεόν</span> <span class='ocrx_word' id='word_1_622' title='bbox 805 4325 896 4362; x_wconf 88' lang='grc' dir='ltr'>σου</span> <span class='ocrx_word' id='word_1_623' title='bbox 919 4309 1010 4362; x_wconf 84' lang='grc' dir='ltr'>τὸν</span> <span class='ocrx_word' id='word_1_624' title='bbox 1042 4311 1205 4362; x_wconf 81' lang='grc' dir='ltr'>ὲσταυ</span> <span class='ocrx_word' id='word_1_625' title='bbox 1215 4309 1472 4379; x_wconf 87' lang='grc' dir='ltr'>ρωμένον.</span> 
     </span>
    </p>
   </div>
   <div class='ocr_carea' id='block_1_85' title="bbox 597 4423 1173 4495">
    <p class='ocr_par' dir='ltr' id='par_1_85' title="bbox 597 4423 1173 4495">
     <span class='ocr_line' id='line_1_85' title="bbox 597 4423 1173 4495; baseline 0.007 -19"><span class='ocrx_word' id='word_1_626' title='bbox 597 4423 643 4457; x_wconf 79' lang='grc'>⁷¹</span> <span class='ocrx_word' id='word_1_627' title='bbox 678 4423 844 4495; x_wconf 85' lang='lat' dir='ltr'><strong>Apoc.</strong></span> <span class='ocrx_word' id='word_1_628' title='bbox 873 4437 1035 4493; x_wconf 75' lang='lat' dir='ltr'>XVIII,</span> <span class='ocrx_word' id='word_1_629' title='bbox 1084 4426 1173 4480; x_wconf 90' lang='grc'>18.</span> 
     </span>
    </p>
   </div>
   <div class='ocr_carea' id='block_1_86' title="bbox 600 4561 1274 4636">
    <p class='ocr_par' dir='ltr' id='par_1_86' title="bbox 600 4561 1274 4636">
     <span class='ocr_line' id='line_1_86' title="bbox 600 4561 1274 4636; baseline 0.001 -19"><span class='ocrx_word' id='word_1_630' title='bbox 863 4565 1274 4636; x_wconf 79' lang='grc' dir='ltr'>μακαρίζουσιν.</span> 
     </span>
    </p>
   </div>
   <div class='ocr_carea' id='block_1_87' title="bbox 600 4633 1286 4704">
    <p class='ocr_par' dir='ltr' id='par_1_87' title="bbox 600 4633 1286 4704">
     <span class='ocr_line' id='line_1_87' title="bbox 600 4633 1286 4704; baseline 0.007 -18"><span class='ocrx_word' id='word_1_631' title='bbox 600 4633 715 4702; x_wconf 92' lang='grc'>(11)</span> <span class='ocrx_word' id='word_1_632' title='bbox 742 4633 942 4704; x_wconf 49' lang='grc' dir='ltr'>ξΥμῶν</span> <span class='ocrx_word' id='word_1_633' title='bbox 967 4633 1118 4690; x_wconf 72' lang='lat' dir='ltr'><strong>dcest</strong></span> <span class='ocrx_word' id='word_1_634' title='bbox 1144 4638 1198 4690; x_wconf 86' lang='lat' dir='ltr'>in</span> <span class='ocrx_word' id='word_1_635' title='bbox 1226 4637 1286 4691; x_wconf 84' lang='grc' dir='ltr'>Β.</span> 
     </span>
    </p>
   </div>
   <div class='ocr_carea' id='block_1_88' title="bbox 600 4703 1722 4777">
    <p class='ocr_par' dir='ltr' id='par_1_88' title="bbox 600 4703 1722 4777">
     <span class='ocr_line' id='line_1_88' title="bbox 600 4703 1722 4777; baseline 0.004 -21"><span class='ocrx_word' id='word_1_636' title='bbox 600 4704 712 4777; x_wconf 58' lang='lat' dir='ltr'>(lg)</span> <span class='ocrx_word' id='word_1_637' title='bbox 741 4703 1104 4777; x_wconf 75' lang='lat' dir='ltr'><strong>lb_id._desunt</strong></span> <span class='ocrx_word' id='word_1_638' title='bbox 1134 4709 1295 4760; x_wconf 84' lang='lat' dir='ltr'><strong>verba</strong></span> <span class='ocrx_word' id='word_1_639' title='bbox 1321 4706 1412 4760; x_wconf 72' lang='lat' dir='ltr'>mi</span> <span class='ocrx_word' id='word_1_640' title='bbox 1442 4706 1722 4777; x_wconf 89' lang='grc' dir='ltr'>γνωστῶν.</span> 
     </span>
    </p>
   </div>
   <div class='ocr_carea' id='block_1_89' title="bbox 530 4773 2100 4896">
    <p class='ocr_par' dir='ltr' id='par_1_89' title="bbox 530 4773 2100 4896">
     <span class='ocr_line' id='line_1_89' title="bbox 600 4773 2100 4851; baseline 0.007 -25"><span class='ocrx_word' id='word_1_641' title='bbox 600 4775 712 4842; x_wconf 77' lang='grc'>(15)</span> <span class='ocrx_word' id='word_1_642' title='bbox 745 4774 829 4827; x_wconf 91' lang='lat' dir='ltr'>Al.</span> <span class='ocrx_word' id='word_1_643' title='bbox 874 4773 985 4830; x_wconf 86' lang='lat' dir='ltr'><strong>Pici</strong></span> <span class='ocrx_word' id='word_1_644' title='bbox 1043 4777 1233 4841; x_wconf 78' lang='lat' dir='ltr'><strong>codex,</strong></span> <span class='ocrx_word' id='word_1_645' title='bbox 1258 4780 1376 4840; x_wconf 87' lang='grc' dir='ltr'>ταῖς</span> <span class='ocrx_word' id='word_1_646' title='bbox 1411 4773 1708 4850; x_wconf 78' lang='grc' dir='ltr'>ἡμετέραις</span> <span class='ocrx_word' id='word_1_647' title='bbox 1742 4777 1960 4851; x_wconf 79' lang='grc' dir='ltr'>ψυχαῖς.</span> <span class='ocrx_word' id='word_1_648' title='bbox 1996 4780 2100 4836; x_wconf 86' lang='lat' dir='ltr'><strong>Sed</strong></span> 
     </span>
     <span class='ocr_line' id='line_1_90' title="bbox 530 4844 2100 4896; baseline 0 0"><span class='ocrx_word' id='word_1_649' title='bbox 530 4844 583 4896; x_wconf 85' lang='lat' dir='ltr'>in</span> <span class='ocrx_word' id='word_1_650' title='bbox 611 4844 671 4896; x_wconf 87' lang='grc' dir='ltr'>Β.</span> <span class='ocrx_word' id='word_1_651' title='bbox 712 4854 856 4896; x_wconf 90' lang='lat' dir='ltr'><strong>totus</strong></span> <span class='ocrx_word' id='word_1_652' title='bbox 883 4844 970 4896; x_wconf 91' lang='lat' dir='ltr'>hic</span> <span class='ocrx_word' id='word_1_653' title='bbox 998 4845 1151 4896; x_wconf 81' lang='lat' dir='ltr'><strong>locus</strong></span> <span class='ocrx_word' id='word_1_654' title='bbox 1188 4847 1257 4896; x_wconf 76' lang='lat' dir='ltr'>ila</span> <span class='ocrx_word' id='word_1_655' title='bbox 1309 4849 1506 4896; x_wconf 72' lang='lat' dir='ltr'><strong>legilnr</strong></span> <span class='ocrx_word' id='word_1_656' title='bbox 1532 4867 1545 4896; x_wconf 90' lang='lat'><strong>:</strong></span> <span class='ocrx_word' id='word_1_657' title='bbox 1579 4850 1698 4896; x_wconf 77' lang='grc' dir='ltr'>’Ὁτι</span> <span class='ocrx_word' id='word_1_658' title='bbox 1725 4852 1816 4896; x_wconf 78' lang='grc' dir='ltr'>τὸν</span> <span class='ocrx_word' id='word_1_659' title='bbox 1843 4852 1998 4896; x_wconf 73' lang='lat' dir='ltr'><strong>68mm</strong></span> <span class='ocrx_word' id='word_1_660' title='bbox 2011 4851 2100 4896; x_wconf 73' lang='grc' dir='ltr'>ηὸν</span> 
     </span>
    </p>
   </div>
   <div class='ocr_carea' id='block_1_90' title="bbox 527 4845 2100 4998">
    <p class='ocr_par' dir='ltr' id='par_1_90' title="bbox 527 4845 2100 4998">
     <span class='ocr_line' id='line_1_91' title="bbox 527 4845 2100 4922; baseline 0 -20"><span class='ocrx_word' id='word_1_661' title='bbox 527 4845 583 4902; x_wconf 84' lang='lat' dir='ltr'>in</span> <span class='ocrx_word' id='word_1_662' title='bbox 611 4845 671 4897; x_wconf 90' lang='grc' dir='ltr'>Β.</span> <span class='ocrx_word' id='word_1_663' title='bbox 712 4854 856 4899; x_wconf 87' lang='lat' dir='ltr'><strong>totus</strong></span> <span class='ocrx_word' id='word_1_664' title='bbox 883 4845 970 4900; x_wconf 91' lang='lat' dir='ltr'>hic</span> <span class='ocrx_word' id='word_1_665' title='bbox 998 4845 1151 4899; x_wconf 85' lang='lat' dir='ltr'><strong>locus</strong></span> <span class='ocrx_word' id='word_1_666' title='bbox 1188 4847 1257 4899; x_wconf 83' lang='lat' dir='ltr'>ita</span> <span class='ocrx_word' id='word_1_667' title='bbox 1309 4845 1506 4916; x_wconf 72' lang='lat' dir='ltr'><strong>legitur</strong></span> <span class='ocrx_word' id='word_1_668' title='bbox 1532 4867 1545 4902; x_wconf 89' lang='lat'><strong>:</strong></span> <span class='ocrx_word' id='word_1_669' title='bbox 1579 4845 1698 4902; x_wconf 83' lang='grc' dir='ltr'>’Ὅτι</span> <span class='ocrx_word' id='word_1_670' title='bbox 1725 4845 2100 4922; x_wconf 62' lang='grc' dir='ltr'>τδνῦδυνηρὸν</span> 
     </span>
     <span class='ocr_line' id='line_1_92' title="bbox 527 4914 2099 4998; baseline 0.003 -29"><span class='ocrx_word' id='word_1_671' title='bbox 527 4914 842 4998; x_wconf 61' lang='grc' dir='ltr'>καιρὸνρὺκ</span> <span class='ocrx_word' id='word_1_672' title='bbox 864 4914 1131 4998; x_wconf 66' lang='grc' dir='ltr'>ὲφθρισατε</span> <span class='ocrx_word' id='word_1_673' title='bbox 1165 4915 1311 4998; x_wconf 73' lang='grc' dir='ltr'>ἰδεῖν,</span> <span class='ocrx_word' id='word_1_674' title='bbox 1361 4918 1480 4998; x_wconf 61' lang='grc' dir='ltr'>οὐδε</span> <span class='ocrx_word' id='word_1_675' title='bbox 1503 4920 1594 4971; x_wconf 88' lang='grc' dir='ltr'>τὸν</span> <span class='ocrx_word' id='word_1_676' title='bbox 1625 4920 1802 4998; x_wconf 75' lang='grc' dir='ltr'>λιμὸν,</span> <span class='ocrx_word' id='word_1_677' title='bbox 1831 4921 1922 4998; x_wconf 52' lang='lat' dir='ltr'>cev</span> <span class='ocrx_word' id='word_1_678' title='bbox 1943 4921 2099 4998; x_wconf 69' lang='grc' dir='ltr'>συνέ-</span> 
     </span>
    </p>
   </div>
   <div class='ocr_carea' id='block_1_91' title="bbox 527 4981 2102 5060">
    <p class='ocr_par' dir='ltr' id='par_1_91' title="bbox 527 4981 2102 5060">
     <span class='ocr_line' id='line_1_93' title="bbox 527 4981 2102 5060; baseline 0.004 -23"><span class='ocrx_word' id='word_1_679' title='bbox 527 4981 692 5060; x_wconf 77' lang='grc' dir='ltr'>χοντα</span> <span class='ocrx_word' id='word_1_680' title='bbox 714 4987 877 5060; x_wconf 66' lang='grc' dir='ltr'>ἡμᾶς·</span> <span class='ocrx_word' id='word_1_681' title='bbox 907 4981 1061 5060; x_wconf 66' lang='grc' dir='ltr'>εἶτα</span> <span class='ocrx_word' id='word_1_682' title='bbox 1089 4986 1396 5060; x_wconf 78' lang='grc' dir='ltr'>ἐντάλματα</span> <span class='ocrx_word' id='word_1_683' title='bbox 1439 4990 1468 5040; x_wconf 89' lang='grc' dir='ltr'>ὁ</span> <span class='ocrx_word' id='word_1_684' title='bbox 1505 4981 1696 5060; x_wconf 75' lang='grc' dir='ltr'>μιαρὸς</span> <span class='ocrx_word' id='word_1_685' title='bbox 1750 4991 1888 5042; x_wconf 79' lang='grc' dir='ltr'>κατὰ</span> <span class='ocrx_word' id='word_1_686' title='bbox 1920 4993 2102 5043; x_wconf 84' lang='grc' dir='ltr'>πᾶσαν</span> 
     </span>
    </p>
   </div>
   <div class='ocr_carea' id='block_1_92' title="bbox 526 5055 2091 5130">
    <p class='ocr_par' dir='ltr' id='par_1_92' title="bbox 526 5055 2091 5130">
     <span class='ocr_line' id='line_1_94' title="bbox 526 5055 2091 5130; baseline 0.003 -22"><span class='ocrx_word' id='word_1_687' title='bbox 526 5055 685 5130; x_wconf 53' lang='grc' dir='ltr'>πόλιν</span> <span class='ocrx_word' id='word_1_688' title='bbox 714 5055 1081 5130; x_wconf 68' lang='grc' dir='ltr'>ἔξαποστελεῖ,</span> <span class='ocrx_word' id='word_1_689' title='bbox 1113 5057 1230 5130; x_wconf 69' lang='grc' dir='ltr'>Δκαὶ</span> <span class='ocrx_word' id='word_1_690' title='bbox 1254 5055 1261 5056; x_wconf 27' lang='grc' dir='ltr'>ί</span> <span class='ocrx_word' id='word_1_691' title='bbox 1285 5059 1377 5130; x_wconf 62' lang='grc' dir='ltr'>ἐπ)ἴ</span> <span class='ocrx_word' id='word_1_692' title='bbox 1410 5055 1588 5130; x_wconf 65' lang='grc' dir='ltr'>πάσαν</span> <span class='ocrx_word' id='word_1_693' title='bbox 1604 5055 1885 5130; x_wconf 75' lang='grc' dir='ltr'>’ἐπαρχίαν</span> <span class='ocrx_word' id='word_1_694' title='bbox 1917 5061 2005 5113; x_wconf 89' lang='grc' dir='ltr'>διά</span> <span class='ocrx_word' id='word_1_695' title='bbox 2033 5077 2091 5112; x_wconf 88' lang='grc' dir='ltr'>τε</span> 
     </span>
    </p>
   </div>
   <div class='ocr_carea' id='block_1_93' title="bbox 527 5123 2094 5197">
    <p class='ocr_par' dir='ltr' id='par_1_93' title="bbox 527 5123 2094 5197">
     <span class='ocr_line' id='line_1_95' title="bbox 527 5123 2094 5197; baseline 0.003 -20"><span class='ocrx_word' id='word_1_696' title='bbox 527 5123 792 5197; x_wconf 80' lang='grc' dir='ltr'>δαιμόνων</span> <span class='ocrx_word' id='word_1_697' title='bbox 823 5125 911 5197; x_wconf 88' lang='grc' dir='ltr'>διά</span> <span class='ocrx_word' id='word_1_698' title='bbox 941 5141 1000 5177; x_wconf 89' lang='grc' dir='ltr'>τε</span> <span class='ocrx_word' id='word_1_699' title='bbox 1037 5125 1336 5197; x_wconf 86' lang='grc' dir='ltr'>ἀνθρώπων</span> <span class='ocrx_word' id='word_1_700' title='bbox 1366 5127 1648 5194; x_wconf 81' lang='grc' dir='ltr'>λεγόντων·</span> <span class='ocrx_word' id='word_1_701' title='bbox 1677 5123 1840 5180; x_wconf 74' lang='grc' dir='ltr'>Δεῦτε</span> <span class='ocrx_word' id='word_1_702' title='bbox 1893 5131 2094 5193; x_wconf 89' lang='grc' dir='ltr'>πάντες</span> 
     </span>
    </p>
   </div>
   <div class='ocr_carea' id='block_1_94' title="bbox 421 5193 2094 5269">
    <p class='ocr_par' dir='ltr' id='par_1_94' title="bbox 421 5193 2094 5269">
     <span class='ocr_line' id='line_1_96' title="bbox 421 5193 2094 5269; baseline 0.003 -22"><span class='ocrx_word' id='word_1_703' title='bbox 421 5196 426 5201; x_wconf 81' lang='grc'><strong>’</strong></span> <span class='ocrx_word' id='word_1_704' title='bbox 527 5193 821 5269; x_wconf 72' lang='grc' dir='ltr'>θεάσασθαι</span> <span class='ocrx_word' id='word_1_705' title='bbox 839 5195 935 5269; x_wconf 79' lang='grc' dir='ltr'>τὴν</span> <span class='ocrx_word' id='word_1_706' title='bbox 967 5197 1115 5266; x_wconf 75' lang='grc' dir='ltr'>ἰσχὺν</span> <span class='ocrx_word' id='word_1_707' title='bbox 1136 5193 1226 5249; x_wconf 76' lang='grc' dir='ltr'>καὶ</span> <span class='ocrx_word' id='word_1_708' title='bbox 1247 5197 1343 5267; x_wconf 80' lang='grc' dir='ltr'>τὴν</span> <span class='ocrx_word' id='word_1_709' title='bbox 1363 5193 1587 5268; x_wconf 82' lang='grc' dir='ltr'>δύναμιν</span> <span class='ocrx_word' id='word_1_710' title='bbox 1609 5199 1795 5269; x_wconf 81' lang='grc' dir='ltr'>αὑτοῦ,</span> <span class='ocrx_word' id='word_1_711' title='bbox 1827 5200 1909 5250; x_wconf 84' lang='grc' dir='ltr'>ὅτι</span> <span class='ocrx_word' id='word_1_712' title='bbox 1943 5199 2094 5269; x_wconf 83' lang='grc' dir='ltr'>βασι-</span> 
     </span>
    </p>
   </div>
   <div class='ocr_carea' id='block_1_95' title="bbox 527 5263 2092 5339">
    <p class='ocr_par' dir='ltr' id='par_1_95' title="bbox 527 5263 2092 5339">
     <span class='ocr_line' id='line_1_97' title="bbox 527 5263 2092 5339; baseline 0.002 -22"><span class='ocrx_word' id='word_1_713' title='bbox 527 5263 652 5339; x_wconf 82' lang='grc' dir='ltr'>λεὺς</span> <span class='ocrx_word' id='word_1_714' title='bbox 675 5266 842 5339; x_wconf 82' lang='grc' dir='ltr'>μέγας</span> <span class='ocrx_word' id='word_1_715' title='bbox 869 5263 1206 5339; x_wconf 13' lang='grc' dir='ltr'>γέγονενίὲ-πὶ</span> <span class='ocrx_word' id='word_1_716' title='bbox 1232 5263 1330 5339; x_wconf 75' lang='grc' dir='ltr'>τὴν</span> <span class='ocrx_word' id='word_1_717' title='bbox 1362 5263 1626 5339; x_wconf 49' lang='grc' dir='ltr'>γῆνξΚαὶ</span> <span class='ocrx_word' id='word_1_718' title='bbox 1646 5267 1801 5320; x_wconf 89' lang='grc' dir='ltr'>δεῦτε</span> <span class='ocrx_word' id='word_1_719' title='bbox 1831 5263 2092 5322; x_wconf 85' lang='grc' dir='ltr'>θεάσαθαι</span> 
     </span>
    </p>
   </div>
   <div class='ocr_carea' id='block_1_96' title="bbox 527 5335 2094 5410">
    <p class='ocr_par' dir='ltr' id='par_1_96' title="bbox 527 5335 2094 5410">
     <span class='ocr_line' id='line_1_98' title="bbox 527 5335 2094 5410; baseline 0.004 -24"><span class='ocrx_word' id='word_1_720' title='bbox 527 5335 625 5406; x_wconf 80' lang='grc' dir='ltr'>τὴν</span> <span class='ocrx_word' id='word_1_721' title='bbox 654 5335 805 5410; x_wconf 73' lang='grc' dir='ltr'>ίσχὺν</span> <span class='ocrx_word' id='word_1_722' title='bbox 838 5337 1059 5410; x_wconf 11' lang='grc' dir='ltr'>καὶίτὴν</span> <span class='ocrx_word' id='word_1_723' title='bbox 1093 5335 1319 5409; x_wconf 80' lang='grc' dir='ltr'>δύναμιν</span> <span class='ocrx_word' id='word_1_724' title='bbox 1346 5335 1530 5391; x_wconf 81' lang='grc' dir='ltr'>αὑτοῦ.</span> <span class='ocrx_word' id='word_1_725' title='bbox 1575 5339 1703 5392; x_wconf 84' lang='grc' dir='ltr'>Ἰδοὺ</span> <span class='ocrx_word' id='word_1_726' title='bbox 1727 5340 1836 5410; x_wconf 89' lang='grc' dir='ltr'>γάρ</span> <span class='ocrx_word' id='word_1_727' title='bbox 1868 5340 1962 5393; x_wconf 77' lang='grc' dir='ltr'>καὶ</span> <span class='ocrx_word' id='word_1_728' title='bbox 2013 5341 2094 5392; x_wconf 88' lang='grc' dir='ltr'>σῖ-</span> 
     </span>
    </p>
   </div>
   <div class='ocr_carea' id='block_1_97' title="bbox 525 5407 1180 5478">
    <p class='ocr_par' dir='ltr' id='par_1_97' title="bbox 525 5407 1180 5478">
     <span class='ocr_line' id='line_1_99' title="bbox 525 5407 1180 5478; baseline 0.006 -20"><span class='ocrx_word' id='word_1_729' title='bbox 525 5419 619 5459; x_wconf 81' lang='grc' dir='ltr'>τον</span> <span class='ocrx_word' id='word_1_730' title='bbox 638 5408 780 5478; x_wconf 59' lang='grc' dir='ltr'>ὑμῖν</span> <span class='ocrx_word' id='word_1_731' title='bbox 811 5407 1054 5478; x_wconf 83' lang='grc' dir='ltr'>παρέξει,</span> <span class='ocrx_word' id='word_1_732' title='bbox 1077 5418 1180 5462; x_wconf 86' lang='lat' dir='ltr'><strong>etc.</strong></span> 
     </span>
    </p>
   </div>
   <div class='ocr_carea' id='block_1_98' title="bbox 601 5475 2094 5552">
    <p class='ocr_par' dir='ltr' id='par_1_98' title="bbox 601 5475 2094 5552">
     <span class='ocr_line' id='line_1_100' title="bbox 601 5475 2094 5552; baseline 0.002 -23"><span class='ocrx_word' id='word_1_733' title='bbox 601 5475 713 5552; x_wconf 82' lang='grc'>(14)</span> <span class='ocrx_word' id='word_1_734' title='bbox 741 5475 795 5530; x_wconf 83' lang='lat' dir='ltr'><strong>In</strong></span> <span class='ocrx_word' id='word_1_735' title='bbox 815 5477 876 5532; x_wconf 84' lang='grc' dir='ltr'>Β.</span> <span class='ocrx_word' id='word_1_736' title='bbox 892 5475 1017 5533; x_wconf 78' lang='lat' dir='ltr'><strong>est:</strong></span> <span class='ocrx_word' id='word_1_737' title='bbox 1060 5479 1151 5532; x_wconf 80' lang='grc' dir='ltr'>τὸν</span> <span class='ocrx_word' id='word_1_738' title='bbox 1213 5477 1392 5548; x_wconf 90' lang='grc' dir='ltr'>τίμιον</span> <span class='ocrx_word' id='word_1_739' title='bbox 1434 5479 1528 5531; x_wconf 77' lang='grc' dir='ltr'>καὶ</span> <span class='ocrx_word' id='word_1_740' title='bbox 1573 5479 1830 5542; x_wconf 82' lang='grc' dir='ltr'>ζωοποιὺν</span> <span class='ocrx_word' id='word_1_741' title='bbox 1864 5480 2094 5552; x_wconf 88' lang='grc' dir='ltr'>σταυρὸν</span> 
     </span>
    </p>
   </div>
   <div class='ocr_carea' id='block_1_99' title="bbox 527 5559 761 5599">
    <p class='ocr_par' dir='ltr' id='par_1_99' title="bbox 527 5559 761 5599">
     <span class='ocr_line' id='line_1_101' title="bbox 527 5559 761 5599; baseline 0.009 -2"><span class='ocrx_word' id='word_1_742' title='bbox 527 5559 761 5599; x_wconf 77' lang='grc' dir='ltr'>ποιησει.</span> 
     </span>
    </p>
   </div>
   <div class='ocr_carea' id='block_1_100' title="bbox 597 5548 2095 5694">
    <p class='ocr_par' dir='ltr' id='par_1_100' title="bbox 597 5548 2095 5694">
     <span class='ocr_line' id='line_1_102' title="bbox 597 5548 2095 5694; baseline 0 -22"><span class='ocrx_word' id='word_1_743' title='bbox 597 5548 1078 5694; x_wconf 44' lang='grc' dir='ltr'>(ῨὲῗιΫθὼζάλλά</span> <span class='ocrx_word' id='word_1_744' title='bbox 1109 5617 1312 5694; x_wconf 80' lang='grc' dir='ltr'>δέδεται</span> <span class='ocrx_word' id='word_1_745' title='bbox 1339 5615 1500 5672; x_wconf 84' lang='grc' dir='ltr'>αὑτοῦ</span> <span class='ocrx_word' id='word_1_746' title='bbox 1529 5621 1561 5691; x_wconf 83' lang='grc' dir='ltr'>ἡ</span> <span class='ocrx_word' id='word_1_747' title='bbox 1595 5621 1716 5694; x_wconf 67' lang='grc' dir='ltr'>χεὶρ</span> <span class='ocrx_word' id='word_1_748' title='bbox 1755 5621 1998 5692; x_wconf 85' lang='lat' dir='ltr'><strong>supplevi</strong></span> <span class='ocrx_word' id='word_1_749' title='bbox 2027 5636 2095 5677; x_wconf 79' lang='lat' dir='ltr'><strong>ex</strong></span> 
     </span>
    </p>
   </div>
   <div class='ocr_carea' id='block_1_101' title="bbox 528 5681 1247 5743">
    <p class='ocr_par' dir='ltr' id='par_1_101' title="bbox 528 5681 1247 5743">
     <span class='ocr_line' id='line_1_103' title="bbox 528 5681 1247 5743; baseline 0.007 -5"><span class='ocrx_word' id='word_1_750' title='bbox 528 5681 591 5738; x_wconf 84' lang='grc' dir='ltr'>Β.</span> <span class='ocrx_word' id='word_1_751' title='bbox 609 5681 670 5737; x_wconf 64' lang='grc' dir='ltr'>ει</span> <span class='ocrx_word' id='word_1_752' title='bbox 692 5681 872 5741; x_wconf 78' lang='lat' dir='ltr'><strong>altero</strong></span> <span class='ocrx_word' id='word_1_753' title='bbox 902 5686 1017 5743; x_wconf 90' lang='lat' dir='ltr'><strong>Pici</strong></span> <span class='ocrx_word' id='word_1_754' title='bbox 1039 5689 1247 5743; x_wconf 90' lang='lat' dir='ltr'><strong>codice.</strong></span> 
     </span>
    </p>
   </div>
   <div class='ocr_carea' id='block_1_102' title="bbox 597 5752 2097 5829">
    <p class='ocr_par' dir='ltr' id='par_1_102' title="bbox 597 5752 2097 5829">
     <span class='ocr_line' id='line_1_104' title="bbox 597 5752 2097 5829; baseline 0.006 -22"><span class='ocrx_word' id='word_1_755' title='bbox 597 5752 710 5825; x_wconf 82' lang='grc'>(16)</span> <span class='ocrx_word' id='word_1_756' title='bbox 741 5755 824 5809; x_wconf 87' lang='lat' dir='ltr'>Al.</span> <span class='ocrx_word' id='word_1_757' title='bbox 875 5756 988 5812; x_wconf 91' lang='lat' dir='ltr'><strong>Pici</strong></span> <span class='ocrx_word' id='word_1_758' title='bbox 1044 5758 1237 5828; x_wconf 79' lang='lat' dir='ltr'><strong>codex,</strong></span> <span class='ocrx_word' id='word_1_759' title='bbox 1265 5759 1401 5816; x_wconf 86' lang='grc' dir='ltr'>ἀλλά</span> <span class='ocrx_word' id='word_1_760' title='bbox 1447 5778 1500 5815; x_wconf 88' lang='grc' dir='ltr'>τι</span> <span class='ocrx_word' id='word_1_761' title='bbox 1534 5761 1715 5829; x_wconf 86' lang='grc' dir='ltr'>αὑτός.</span> <span class='ocrx_word' id='word_1_762' title='bbox 1745 5763 1852 5821; x_wconf 82' lang='lat' dir='ltr'><strong>Sed</strong></span> <span class='ocrx_word' id='word_1_763' title='bbox 1879 5764 1934 5818; x_wconf 88' lang='lat' dir='ltr'>in</span> <span class='ocrx_word' id='word_1_764' title='bbox 1973 5760 2034 5817; x_wconf 86' lang='grc' dir='ltr'>Β.</span> <span class='ocrx_word' id='word_1_765' title='bbox 2067 5763 2097 5816; x_wconf 69' lang='grc' dir='ltr'><strong>ὁ</strong></span> 
     </span>
    </p>
   </div>
   <div class='ocr_carea' id='block_1_103' title="bbox 2131 4567 2646 4631">
    <p class='ocr_par' dir='ltr' id='par_1_103' title="bbox 2131 4567 2646 4631">
     <span class='ocr_line' id='line_1_105' title="bbox 2131 4567 2646 4631; baseline 0 -9"><span class='ocrx_word' id='word_1_766' title='bbox 2131 4574 2176 4628; x_wconf 83' lang='grc' dir='ltr'>Ι)</span> <span class='ocrx_word' id='word_1_767' title='bbox 2203 4567 2438 4631; x_wconf 81' lang='grc' dir='ltr'>τοιοῦτος</span> <span class='ocrx_word' id='word_1_768' title='bbox 2475 4568 2646 4623; x_wconf 89' lang='lat' dir='ltr'><strong>abest.</strong></span> 
     </span>
    </p>
   </div>
   <div class='ocr_carea' id='block_1_104' title="bbox 2275 4635 3778 4710">
    <p class='ocr_par' dir='ltr' id='par_1_104' title="bbox 2275 4635 3778 4710">
     <span class='ocr_line' id='line_1_106' title="bbox 2275 4635 3778 4710; baseline 0.001 -18"><span class='ocrx_word' id='word_1_769' title='bbox 2275 4641 2386 4710; x_wconf 79' lang='lat' dir='ltr'>(l7)</span> <span class='ocrx_word' id='word_1_770' title='bbox 2411 4639 2494 4704; x_wconf 88' lang='lat' dir='ltr'>B.,</span> <span class='ocrx_word' id='word_1_771' title='bbox 2519 4641 2612 4691; x_wconf 77' lang='grc' dir='ltr'>καὶ</span> <span class='ocrx_word' id='word_1_772' title='bbox 2652 4636 2810 4710; x_wconf 82' lang='grc' dir='ltr'>αὐτὸς</span> <span class='ocrx_word' id='word_1_773' title='bbox 2861 4635 3036 4710; x_wconf 73' lang='grc' dir='ltr'>οἶμαι,</span> <span class='ocrx_word' id='word_1_774' title='bbox 3069 4637 3188 4692; x_wconf 80' lang='grc' dir='ltr'>οὐδὲ</span> <span class='ocrx_word' id='word_1_775' title='bbox 3218 4635 3329 4710; x_wconf 71' lang='grc' dir='ltr'>γάρ</span> <span class='ocrx_word' id='word_1_776' title='bbox 3369 4637 3615 4710; x_wconf 78' lang='grc' dir='ltr'>ἀκριϐῶς</span> <span class='ocrx_word' id='word_1_777' title='bbox 3649 4641 3778 4694; x_wconf 79' lang='grc' dir='ltr'>ἐπί-</span> 
     </span>
    </p>
   </div>
   <div class='ocr_carea' id='block_1_105' title="bbox 2201 4707 3782 4782">
    <p class='ocr_par' dir='ltr' id='par_1_105' title="bbox 2201 4707 3782 4782">
     <span class='ocr_line' id='line_1_107' title="bbox 2201 4707 3782 4782; baseline 0 -19"><span class='ocrx_word' id='word_1_778' title='bbox 2201 4707 2402 4780; x_wconf 86' lang='grc' dir='ltr'>σταμαι</span> <span class='ocrx_word' id='word_1_779' title='bbox 2450 4711 2653 4762; x_wconf 87' lang='grc' dir='ltr'>τούτων</span> <span class='ocrx_word' id='word_1_780' title='bbox 2705 4709 2802 4780; x_wconf 83' lang='grc' dir='ltr'>τὴν</span> <span class='ocrx_word' id='word_1_781' title='bbox 2854 4707 3104 4780; x_wconf 81' lang='grc' dir='ltr'>γραφὴν,</span> <span class='ocrx_word' id='word_1_782' title='bbox 3175 4707 3346 4761; x_wconf 84' lang='grc' dir='ltr'>πολλά</span> <span class='ocrx_word' id='word_1_783' title='bbox 3403 4707 3512 4780; x_wconf 84' lang='grc' dir='ltr'>γὰρ</span> <span class='ocrx_word' id='word_1_784' title='bbox 3573 4710 3782 4782; x_wconf 84' lang='grc' dir='ltr'>ὀνόμα-</span> 
     </span>
    </p>
   </div>
   <div class='ocr_carea' id='block_1_106' title="bbox 2197 4792 2780 4921">
    <p class='ocr_par' dir='ltr' id='par_1_106' title="bbox 2197 4792 2780 4921">
     <span class='ocr_line' id='line_1_108' title="bbox 2197 4792 2421 4845; baseline 0 -12"><span class='ocrx_word' id='word_1_785' title='bbox 2197 4799 2286 4845; x_wconf 89' lang='grc' dir='ltr'>τα,</span> <span class='ocrx_word' id='word_1_786' title='bbox 2318 4792 2421 4835; x_wconf 87' lang='lat' dir='ltr'><strong>etc.</strong></span> 
     </span>
     <span class='ocr_line' id='line_1_109' title="bbox 2273 4849 2780 4921; baseline 0 0"><span class='ocrx_word' id='word_1_787' title='bbox 2273 4852 2380 4921; x_wconf 69' lang='grc'>(18)</span> <span class='ocrx_word' id='word_1_788' title='bbox 2412 4849 2513 4921; x_wconf 58' lang='lat'>&#39;11-.</span> <span class='ocrx_word' id='word_1_789' title='bbox 2544 4849 2780 4921; x_wconf 68' lang='grc' dir='ltr'>γραφήν·</span> 
     </span>
    </p>
   </div>
   <div class='ocr_carea' id='block_1_107' title="bbox 2270 4919 3778 4991">
    <p class='ocr_par' dir='ltr' id='par_1_107' title="bbox 2270 4919 3778 4991">
     <span class='ocr_line' id='line_1_110' title="bbox 2270 4919 3778 4991; baseline 0.001 -18"><span class='ocrx_word' id='word_1_790' title='bbox 2270 4919 2384 4991; x_wconf 85' lang='grc'>(19)</span> <span class='ocrx_word' id='word_1_791' title='bbox 2415 4919 2531 4973; x_wconf 80' lang='lat' dir='ltr'><strong>Vox</strong></span> <span class='ocrx_word' id='word_1_792' title='bbox 2565 4919 2841 4991; x_wconf 82' lang='grc' dir='ltr'>ἀρνοῦμαι</span> <span class='ocrx_word' id='word_1_793' title='bbox 2865 4933 2975 4973; x_wconf 91' lang='lat' dir='ltr'>non</span> <span class='ocrx_word' id='word_1_794' title='bbox 3006 4919 3361 4991; x_wconf 75' lang='lat' dir='ltr'><strong>respondebit</strong></span> <span class='ocrx_word' id='word_1_795' title='bbox 3383 4933 3616 4991; x_wconf 77' lang='lat' dir='ltr'><strong>numero</strong></span> <span class='ocrx_word' id='word_1_796' title='bbox 3639 4919 3778 4985; x_wconf 83' lang='lat'>666,</span> 
     </span>
    </p>
   </div>
   <div class='ocr_carea' id='block_1_108' title="bbox 2199 4988 3780 5060">
    <p class='ocr_par' dir='ltr' id='par_1_108' title="bbox 2199 4988 3780 5060">
     <span class='ocr_line' id='line_1_111' title="bbox 2199 4988 3780 5060; baseline 0.001 -16"><span class='ocrx_word' id='word_1_797' title='bbox 2199 4988 2305 5045; x_wconf 79' lang='lat' dir='ltr'><strong>nisi</strong></span> <span class='ocrx_word' id='word_1_798' title='bbox 2357 4988 2632 5060; x_wconf 83' lang='lat' dir='ltr'><strong>postrema</strong></span> <span class='ocrx_word' id='word_1_799' title='bbox 2660 4988 2899 5060; x_wconf 30' lang='lat' dir='ltr'><strong>“syllaba</strong></span> <span class='ocrx_word' id='word_1_800' title='bbox 2919 4988 3200 5060; x_wconf 85' lang='lat' dir='ltr'><strong>scribatur</strong></span> <span class='ocrx_word' id='word_1_801' title='bbox 3225 5007 3253 5042; x_wconf 90' lang='grc' dir='ltr'>ε</span> <span class='ocrx_word' id='word_1_802' title='bbox 3289 4988 3449 5060; x_wconf 84' lang='grc' dir='ltr'>ψιλῷ,</span> <span class='ocrx_word' id='word_1_803' title='bbox 3481 4999 3648 5060; x_wconf 88' lang='lat' dir='ltr'><strong>atque</strong></span> <span class='ocrx_word' id='word_1_804' title='bbox 3699 4994 3780 5045; x_wconf 85' lang='lat' dir='ltr'>ita</span> 
     </span>
    </p>
   </div>
   <div class='ocr_carea' id='block_1_109' title="bbox 2201 5057 3778 5140">
    <p class='ocr_par' dir='ltr' id='par_1_109' title="bbox 2201 5057 3778 5140">
     <span class='ocr_line' id='line_1_112' title="bbox 2201 5057 3778 5140; baseline 0.001 -28"><span class='ocrx_word' id='word_1_805' title='bbox 2201 5057 2375 5140; x_wconf 54' lang='lat' dir='ltr'><strong>habet</strong></span> <span class='ocrx_word' id='word_1_806' title='bbox 2427 5061 2589 5114; x_wconf 90' lang='lat' dir='ltr'><strong>etiam</strong></span> <span class='ocrx_word' id='word_1_807' title='bbox 2659 5057 2866 5129; x_wconf 79' lang='lat' dir='ltr'><strong>Haano</strong></span> <span class='ocrx_word' id='word_1_808' title='bbox 2917 5059 3012 5114; x_wconf 91' lang='lat' dir='ltr'><strong>lib.</strong></span> <span class='ocrx_word' id='word_1_809' title='bbox 3081 5076 3168 5127; x_wconf 88' lang='lat' dir='ltr'><strong>Iv,</strong></span> <span class='ocrx_word' id='word_1_810' title='bbox 3241 5057 3311 5115; x_wconf 9' lang='lat' dir='ltr'><strong>in,</strong></span> <span class='ocrx_word' id='word_1_811' title='bbox 3360 5057 3778 5133; x_wconf 81' lang='lat' dir='ltr'><strong>Apocalypsin,</strong></span> 
     </span>
    </p>
   </div>
   <div class='ocr_carea' id='block_1_110' title="bbox 2199 5131 3085 5271">
    <p class='ocr_par' dir='ltr' id='par_1_110' title="bbox 2199 5131 3085 5271">
     <span class='ocr_line' id='line_1_113' title="bbox 2199 5131 3085 5271; baseline 0.001 -17"><span class='ocrx_word' id='word_1_812' title='bbox 2199 5131 2498 5271; x_wconf 34' lang='lat' dir='ltr'><strong>“febrim.</strong></span> <span class='ocrx_word' id='word_1_813' title='bbox 2525 5198 2638 5253; x_wconf 89' lang='lat' dir='ltr'><strong>Pici</strong></span> <span class='ocrx_word' id='word_1_814' title='bbox 2670 5199 2862 5271; x_wconf 82' lang='lat' dir='ltr'><strong>codex,</strong></span> <span class='ocrx_word' id='word_1_815' title='bbox 2898 5200 3085 5271; x_wconf 71' lang='grc' dir='ltr'>ἤγουν.</span> 
     </span>
    </p>
   </div>
   <div class='ocr_carea' id='block_1_111' title="bbox 2271 5267 3784 5346">
    <p class='ocr_par' dir='ltr' id='par_1_111' title="bbox 2271 5267 3784 5346">
     <span class='ocr_line' id='line_1_114' title="bbox 2271 5267 3784 5346; baseline 0.003 -24"><span class='ocrx_word' id='word_1_816' title='bbox 2271 5270 2383 5339; x_wconf 72' lang='grc'>(21)</span> <span class='ocrx_word' id='word_1_817' title='bbox 2409 5269 2513 5346; x_wconf 42' lang='grc' dir='ltr'>ξιξ</span> <span class='ocrx_word' id='word_1_818' title='bbox 2550 5271 2688 5333; x_wconf 83' lang='grc' dir='ltr'>Τοὺς</span> <span class='ocrx_word' id='word_1_819' title='bbox 2709 5267 3018 5346; x_wconf 34' lang='grc' dir='ltr'>Μμάρτυρας</span> <span class='ocrx_word' id='word_1_820' title='bbox 3069 5267 3163 5346; x_wconf 83' lang='grc' dir='ltr'>τοῦ</span> <span class='ocrx_word' id='word_1_821' title='bbox 3211 5269 3448 5346; x_wconf 71' lang='grc' dir='ltr'>Χριστοῦ</span> <span class='ocrx_word' id='word_1_822' title='bbox 3494 5272 3784 5346; x_wconf 70' lang='grc' dir='ltr'>προετρέ-</span> 
     </span>
    </p>
   </div>
   <div class='ocr_carea' id='block_1_112' title="bbox 2196 5339 3783 5415">
    <p class='ocr_par' dir='ltr' id='par_1_112' title="bbox 2196 5339 3783 5415">
     <span class='ocr_line' id='line_1_115' title="bbox 2196 5339 3783 5415; baseline 0.003 -23"><span class='ocrx_word' id='word_1_823' title='bbox 2196 5357 2360 5415; x_wconf 82' lang='grc' dir='ltr'>ποντο</span> <span class='ocrx_word' id='word_1_824' title='bbox 2387 5339 2681 5415; x_wconf 45' lang='grc' dir='ltr'>οξᾶνομοι·</span> <span class='ocrx_word' id='word_1_825' title='bbox 2709 5339 2992 5415; x_wconf 53' lang='lat' dir='ltr'><strong>&quot;amem,</strong></span> <span class='ocrx_word' id='word_1_826' title='bbox 3029 5340 3181 5412; x_wconf 72' lang='grc' dir='ltr'>φησὶ,</span> <span class='ocrx_word' id='word_1_827' title='bbox 3221 5339 3783 5415; x_wconf 19' lang='grc' dir='ltr'>βεὲὸντὸνμὲσταυρομ</span> 
     </span>
    </p>
   </div>
   <div class='ocr_carea' id='block_1_113' title="bbox 2202 5407 3786 5494">
    <p class='ocr_par' dir='ltr' id='par_1_113' title="bbox 2202 5407 3786 5494">
     <span class='ocr_line' id='line_1_116' title="bbox 2202 5407 3786 5494; baseline 0.003 -32"><span class='ocrx_word' id='word_1_828' title='bbox 2202 5410 2382 5494; x_wconf 69' lang='grc' dir='ltr'>μένον.</span> <span class='ocrx_word' id='word_1_829' title='bbox 2416 5407 2670 5494; x_wconf 59' lang='grc' dir='ltr'>Τριοῦτον</span> <span class='ocrx_word' id='word_1_830' title='bbox 2693 5407 2794 5464; x_wconf 67' lang='grc' dir='ltr'>οὖν’</span> <span class='ocrx_word' id='word_1_831' title='bbox 2835 5407 3134 5494; x_wconf 62' lang='grc' dir='ltr'>γενήσεται⁴</span> <span class='ocrx_word' id='word_1_832' title='bbox 3155 5410 3249 5494; x_wconf 70' lang='grc' dir='ltr'>καὶ</span> <span class='ocrx_word' id='word_1_833' title='bbox 3281 5412 3374 5464; x_wconf 71' lang='grc' dir='ltr'>ἐπὶ</span> <span class='ocrx_word' id='word_1_834' title='bbox 3403 5411 3499 5494; x_wconf 69' lang='grc' dir='ltr'>τοῦ</span> <span class='ocrx_word' id='word_1_835' title='bbox 3544 5407 3786 5494; x_wconf 70' lang='grc' dir='ltr'>μισοκά-</span> 
     </span>
    </p>
   </div>
   <div class='ocr_carea' id='block_1_114' title="bbox 2202 5480 3778 5555">
    <p class='ocr_par' dir='ltr' id='par_1_114' title="bbox 2202 5480 3778 5555">
     <span class='ocr_line' id='line_1_117' title="bbox 2202 5480 3778 5555; baseline 0.004 -23"><span class='ocrx_word' id='word_1_836' title='bbox 2202 5480 2291 5533; x_wconf 89' lang='grc' dir='ltr'>λου</span> <span class='ocrx_word' id='word_1_837' title='bbox 2315 5480 2586 5555; x_wconf 64' lang='grc' dir='ltr'>διαβόλου,</span> <span class='ocrx_word' id='word_1_838' title='bbox 2621 5483 2680 5555; x_wconf 73' lang='grc' dir='ltr'>ἡΔ</span> <span class='ocrx_word' id='word_1_839' title='bbox 2715 5480 3137 5555; x_wconf 73' lang='grc' dir='ltr'>σφραγὶςαὺτοῦ</span> <span class='ocrx_word' id='word_1_840' title='bbox 3169 5480 3414 5555; x_wconf 76' lang='grc' dir='ltr'>λέγουσα·</span> <span class='ocrx_word' id='word_1_841' title='bbox 3444 5480 3778 5555; x_wconf 14' lang='grc' dir='ltr'>κἈρνοῦμαι,</span> 
     </span>
    </p>
   </div>
   <div class='ocr_carea' id='block_1_115' title="bbox 2205 5550 3780 5633">
    <p class='ocr_par' dir='ltr' id='par_1_115' title="bbox 2205 5550 3780 5633">
     <span class='ocr_line' id='line_1_118' title="bbox 2205 5550 3780 5633; baseline -0.017 -12"><span class='ocrx_word' id='word_1_842' title='bbox 2205 5550 2727 5633; x_wconf 33' lang='grc' dir='ltr'>φησὶ-,ιτδνιποιητὴν</span> <span class='ocrx_word' id='word_1_843' title='bbox 2757 5550 2855 5633; x_wconf 74' lang='grc' dir='ltr'>τοῦ</span> <span class='ocrx_word' id='word_1_844' title='bbox 2883 5551 3108 5633; x_wconf 78' lang='grc' dir='ltr'>οὐρανοῦ</span> <span class='ocrx_word' id='word_1_845' title='bbox 3148 5552 3241 5633; x_wconf 77' lang='grc' dir='ltr'>καὶ</span> <span class='ocrx_word' id='word_1_846' title='bbox 3271 5552 3371 5633; x_wconf 72' lang='grc' dir='ltr'>τῆς</span> <span class='ocrx_word' id='word_1_847' title='bbox 3399 5550 3535 5623; x_wconf 65' lang='grc' dir='ltr'>τῆςι</span> <span class='ocrx_word' id='word_1_848' title='bbox 3571 5550 3780 5633; x_wconf 56' lang='grc' dir='ltr'>ἀρςιοῖ,Γ</span> 
     </span>
    </p>
   </div>
   <div class='ocr_carea' id='block_1_116' title="bbox 2206 5621 3785 5767">
    <p class='ocr_par' dir='ltr' id='par_1_116' title="bbox 2206 5621 3785 5767">
     <span class='ocr_line' id='line_1_119' title="bbox 2206 5621 3785 5695; baseline 0.003 -21"><span class='ocrx_word' id='word_1_849' title='bbox 2206 5621 2304 5692; x_wconf 87' lang='grc' dir='ltr'>μαι</span> <span class='ocrx_word' id='word_1_850' title='bbox 2335 5621 2397 5675; x_wconf 85' lang='grc' dir='ltr'>τὸ</span> <span class='ocrx_word' id='word_1_851' title='bbox 2434 5621 2742 5692; x_wconf 88' lang='grc' dir='ltr'>βάπτισμα,</span> <span class='ocrx_word' id='word_1_852' title='bbox 2807 5621 3074 5694; x_wconf 76' lang='grc' dir='ltr'>ἀρνοῦμαι</span> <span class='ocrx_word' id='word_1_853' title='bbox 3122 5623 3222 5694; x_wconf 80' lang='grc' dir='ltr'>τὴν</span> <span class='ocrx_word' id='word_1_854' title='bbox 3282 5621 3466 5675; x_wconf 77' lang='grc' dir='ltr'>πίστιν</span> <span class='ocrx_word' id='word_1_855' title='bbox 3527 5621 3631 5695; x_wconf 77' lang='grc' dir='ltr'>μου</span> <span class='ocrx_word' id='word_1_856' title='bbox 3678 5625 3785 5679; x_wconf 73' lang='grc' dir='ltr'>καὶ</span> 
     </span>
     <span class='ocr_line' id='line_1_120' title="bbox 2208 5691 3605 5767; baseline 0.002 -21"><span class='ocrx_word' id='word_1_857' title='bbox 2208 5693 2266 5746; x_wconf 84' lang='grc' dir='ltr'>σὲ</span> <span class='ocrx_word' id='word_1_858' title='bbox 2298 5691 2605 5767; x_wconf 77' lang='grc' dir='ltr'>προσκυνῶ.</span> <span class='ocrx_word' id='word_1_859' title='bbox 2643 5692 2811 5747; x_wconf 83' lang='grc' dir='ltr'>Τοῦτο</span> <span class='ocrx_word' id='word_1_860' title='bbox 2843 5694 2950 5764; x_wconf 86' lang='grc' dir='ltr'>γὰρ</span> <span class='ocrx_word' id='word_1_861' title='bbox 2975 5693 3068 5747; x_wconf 75' lang='grc' dir='ltr'>καὶ</span> <span class='ocrx_word' id='word_1_862' title='bbox 3100 5695 3150 5747; x_wconf 79' lang='grc' dir='ltr'>οἱ</span> <span class='ocrx_word' id='word_1_863' title='bbox 3177 5692 3474 5766; x_wconf 77' lang='grc' dir='ltr'>προφῆται,</span> <span class='ocrx_word' id='word_1_864' title='bbox 3499 5704 3605 5749; x_wconf 86' lang='lat' dir='ltr'><strong>etc.</strong></span> 
     </span>
    </p>
   </div>
  </div>
