4028 6214
261 289 371 344 935

1196 283 1467 343 SPURlA.
1505 314 1575 325 —
1614 284 1703 341 DE
1740 282 2335 341 CONSUMMATIONE
2373 280 2605 338 MUNDI.

3407 284 3509 340 934

335 405 527 461 XXIX.
563 405 813 461 Τοιοῦτον
844 406 1129 477 γενήσεται
1163 406 1255 459 καὶ
1286 407 1380 461 ἐπὶ
1424 406 1517 461 τοῦ
1553 406 1840 478 μισοκάλου

2011 404 2204 459 XXIX.
2246 404 2376 460 Tale
2407 404 2511 459 erit
2557 412 2800 473 tempore
2849 403 3017 466 illius.
3051 403 3356 460 honestatis
3387 416 3519 460 om-'

262 500 298 571 ἡ
337 499 573 571 σφραγὶς
632 498 882 566 λέγουσα·
925 497 1239 570 Ἀρνοῦμαι,
1290 499 1444 570 φησὶ,
1496 499 1585 552 τὸν
1617 498 1842 569 ποιητὴν

264 589 501 662 οὐρανοῦ
533 608 593 642 τε
626 590 718 643 καὶ
746 590 870 660 γῆς·
903 588 1171 663 ἀρνοῦμαι
1217 589 1279 641 τὸ
1310 589 1607 660 βάπτισμα,
1648 589 1842 661 ἀρνοῦ-

270 700 374 753 μαι
428 681 525 753 τὴν
552 681 805 753 λατρείαν
840 698 942 750 μου
976 681 1069 735 καὶ
1102 680 1186 734 σοὶ
1223 680 1601 752 προστίθεμαι,
1656 681 1750 734 καὶ
1782 681 1842 733 σὲ

268 776 534 829 πιστεύω.
564 773 733 826 Τοῦτο
764 773 871 843 γὰρ
900 775 948 825 οἱ
981 774 1250 844 προφῆται
1301 771 1627 843 κηρύξουσιν
1674 771 1843 843 Ἑνὼχ

266 871 365 924 καὶ
389 870 588 934 Ἠλίας,
621 870 725 933 ὅτι,
755 868 849 939 Μὴ
878 865 1133 935 πεισθῆτε
1157 864 1234 935 τῷ
1268 864 1509 934 μέλλοντι
1533 863 1843 917 ἐλεύσεσθαι

266 963 368 1015 καὶ
393 961 625 1032 ὀφθῆναι
655 959 854 1032 ἐχθρῷ,
889 960 971 1012 ὅτι
1006 958 1274 1021 ἀντίδικός
1301 958 1411 1029 (22)
1441 961 1557 1009 ἐστι
1593 957 1686 1010 καὶ
1716 958 1845 1025 φθο-

266 1057 421 1125 ρεὺς,
456 1056 549 1108 καὶ
579 1054 692 1116 υἱὸς
722 1053 821 1123 τῆς
868 1051 1164 1116 ἀπωλείας,
1198 1053 1291 1105 καὶ
1326 1052 1502 1121 πλανᾷ
1534 1051 1678 1122 ὑμᾶς
1710 1050 1839 1122 (25),

261 1147 366 1199 καὶ
392 1146 479 1198 διὰ
502 1144 659 1197 τοῦτο
693 1145 835 1215 ὑμᾶς
866 1143 975 1213 (24)
1008 1145 1315 1207 ἀποκτενεῖ,
1363 1144 1455 1195 καὶ
1510 1143 1567 1194 ἐν
1604 1142 1843 1214 ῥομφαίᾳ

261 1236 500 1302 πατάξει
557 1234 773 1298 αὐτούς.
824 1235 1059 1288 Βλέπετε
1092 1234 1189 1306 τὴν
1241 1234 1447 1306 πλάνην
1480 1234 1571 1288 τοῦ
1624 1233 1839 1305 ἐχθροῦ,

261 1326 563 1395 γινώσκετε
596 1326 694 1389 τὰς
727 1325 975 1396 μηχανάς
1004 1325 1098 1379 τοῦ
1144 1326 1338 1387 δολίου,
1379 1326 1493 1388 πῶς
1523 1325 1610 1379 διὰ
1644 1327 1843 1388 παντὸς

266 1418 517 1471 σκοτίσαι
552 1417 796 1487 βούλεται
818 1418 908 1470 τὸν
939 1416 1063 1470 νοῦν
1091 1417 1199 1470 τῶν
1232 1416 1551 1488 ἀνθρώπων·
1584 1420 1707 1479 τοὺς
1735 1417 1840 1489 γὰρ

262 1506 529 1576 δαίμονας
559 1506 723 1558 αὐτοῦ
774 1491 1075 1574 ἀποδείξει⁸
1099 1508 1175 1571 ὡς
1201 1509 1467 1576 ἀγγέλους
1522 1508 1837 1579 φωτεινοὺς,

264 1600 364 1651 καὶ
386 1599 643 1669 στρατιὰς
668 1599 975 1670 ἀσωμάτων
1032 1600 1377 1672 παρεισάξει,
1435 1596 1509 1654 ὧν
1552 1603 1649 1655 οὐκ
1697 1603 1843 1655 ἔστιν

1944 499 2030 554 nis
2060 500 2261 564 osoris,
2302 499 2538 570 sigillum
2586 497 2775 554 dicens
2816 514 2829 551 :
2884 495 3032 568 Nego
3062 506 3357 553 creatorem
3388 498 3509 553 coeli

1943 600 1996 644 et
2028 599 2205 654 terrae,
2242 605 2380 658 nego
2431 588 2724 658 baptisma,
2774 603 2914 658 nego
2967 588 3339 642 adorationem
3368 602 3397 641 a
3426 602 3514 643 me

1944 681 2053 735 Deo
2084 682 2329 750 praestari
2359 681 2571 735 solitam
2601 698 2613 733 :
2657 678 2752 733 tibi
2811 679 3143 743 adhaeresco,
3172 680 3225 732 in
3252 687 3302 733 te
3326 679 3510 733 credo.

1943 771 2057 827 Hoc
2082 773 2226 827 enim
2265 772 2451 827 Enoch
2487 781 2541 826 et
2570 771 2718 826 Elias
2750 773 3030 843 prophetae
3070 772 3508 827 denuntiabunt:

1942 864 2019 922 Ne
2054 867 2289 921 credatis
2343 867 2483 921 hosti
2514 868 2607 937 qui
2647 876 2911 922 venturus
2964 873 3050 920 est
3109 875 3162 919 et
3208 865 3510 935 apparebit.

1941 959 2145 1030 Nempe
2177 961 2523 1015 adversarius
2561 969 2663 1027 est,
2694 968 2983 1029 corruptor
3006 969 3060 1013 et
3089 958 3234 1014 filius
3250 959 3514 1029 perditio-

1942 1054 2050 1116 nis,
2079 1063 2131 1107 et
2165 1054 2375 1109 seducit
2404 1069 2525 1121 vos,
2554 1053 2624 1107 ob
2656 1068 2885 1123 eamque
2908 1068 3132 1107 causam
3178 1069 3276 1107 vos
3304 1053 3514 1107 interﬁ-

1944 1146 2070 1201 ciet.
2117 1146 2183 1200 Et
2226 1147 2502 1217 romphaea
2556 1147 2715 1201 feriet
2760 1146 2903 1201 illos.
2933 1145 3211 1200 Attendite
3264 1144 3514 1199 fraudem

1945 1239 2142 1306 hostis,
2200 1240 2428 1296 insidias
2456 1240 2767 1310 cognoscite
2800 1238 2946 1293 illius
2975 1238 3182 1305 dolosi,
3247 1238 3514 1307 quemad—

1942 1332 2165 1386 modum
2218 1332 2503 1385 hominum
2552 1339 2787 1384 mentem
2848 1329 3206 1383 obtenebrare
3252 1338 3515 1399 perpetuo

1942 1426 2176 1483 studeat.
2227 1423 2511 1477 Daemones
2562 1421 2707 1476 enim
2769 1436 2899 1475 suos
2954 1420 3101 1474 velut
3168 1419 3515 1489 splendentes

1943 1519 2166 1588 angelos
2192 1517 2400 1582 reddet,
2439 1515 2866 1583 innumerasque
2891 1512 3077 1582 copias
3117 1511 3408 1580 spirituum
3432 1513 3517 1565 in-

1943 1626 2331 1681 corporearum
2363 1609 2626 1674 adducet;
2658 1616 2713 1662 et
2738 1622 2923 1662 coram
2956 1605 3208 1661 omnibus
3237 1606 3290 1659 in
3314 1605 3514 1662 caelum

260 1692 534 1764 ἀριθμός·
572 1694 665 1745 καὶ
701 1692 1004 1763 ἔμπροσθεν
1043 1694 1257 1745 πάντων
1300 1693 1633 1747 ἀναδεικνύει
1682 1695 1842 1748 αὑτὸν

1947 1705 2152 1759 assumi
2208 1719 2266 1758 se
2318 1699 2731 1763 demonstrabit,
2792 1715 2917 1753 cum
2949 1699 3116 1766 tubis,
3147 1698 3297 1755 sonis
3322 1707 3375 1753 et
3398 1698 3515 1755 ela-

268 1788 355 1849 είς
386 1785 477 1837 τὸν
499 1785 725 1856 οὐρανὸν
757 1784 1301 1855 ἀναλαμϐανόμενον,
1339 1786 1473 1855 μετὰ
1506 1786 1839 1855 σαλπίγγων,

264 1878 365 1931 καὶ
405 1878 571 1947 ἤχων,
607 1877 700 1929 καὶ
732 1878 980 1948 κραυγῆς
1037 1878 1261 1947 ἰσχυρᾶς
1294 1877 1425 1947 (25),
1458 1878 1844 1949 εὐφημούντων

266 1971 437 2024 αὑτὸν
468 1969 780 2041 ἀδιηγήτοις
820 1969 1027 2039 ῦμνοις,
1064 1970 1156 2023 καὶ
1183 1969 1477 2040 ἐκλάμπων
1508 1970 1697 2043 ὥσπερ
1729 1972 1844 2041 φῶς

265 2066 298 2117 ὁ
330 2063 430 2133 τῆς
452 2062 671 2125 σκοσίας
704 2061 1053 2132 κληρονόμοςο
1079 2062 1173 2115 κα)⁸
1199 2062 1327 2115 ποτὲ
1361 2063 1457 2133 μὲν
1485 2065 1563 2126 είς
1586 2064 1845 2135 οὐρανοὺς

267 2154 663 2233 ἀνιπτάμενος,
696 2153 827 2205 ποτὲ
866 2152 923 2205 δὲ
959 2153 1052 2205 ἐπὶ
1083 2153 1182 2223 τῆς
1209 2154 1312 2223 γῆς
1341 2156 1738 2226 κατερχόμενος
1788 2159 1846 2211 ἐν

266 2249 399 2322 δόξῃ
438 2246 667 2320 μεγάλῃ
710 2246 841 2299 ποτέ
871 2246 927 2298 δὲ
962 2246 1055 2299 καὶ
1091 2246 1165 2311 ὡς
1196 2247 1458 2315 ἀγγέλους
1510 2251 1635 2313 τοὺς
1662 2250 1847 2321 δαίμο-

269 2359 371 2405 νας
400 2344 732 2404 ἐπιτάσσων,
766 2339 861 2393 τοῦ
920 2342 1093 2392 ποιεῖν
1123 2340 1190 2393 τὰ
1235 2340 1515 2411 θελήματα
1543 2344 1653 2413 (26)
1679 2345 1844 2398 αὐτοῦ

275 2434 414 2505 μετὰ
447 2432 643 2487 πολλοῦ
678 2433 840 2503 φόϐου
893 2434 986 2486 καὶ
1030 2432 1251 2504 τρόμου.
1290 2434 1423 2486 Τότε
1473 2437 1757 2491 ἀποστελεῖ
1790 2440 1845 2491 ἐν

268 2528 444 2597 ῦρεσι,
477 2528 571 2580 καὶ
613 2526 914 2598 σπηλαίοις,
969 2524 1065 2578 καὶ
1118 2526 1237 2589 ταῖς
1278 2526 1439 2590 ὀπαῖς
1484 2530 1581 2601 τῆς
1614 2532 1715 2601 γῆς
1739 2530 1846 2583 τῶν

269 2619 542 2689 δαιμόνων
566 2617 665 2681 τὰς
688 2617 971 2687 φάλαγγας
998 2616 1135 2688 πρὸς
1162 2618 1224 2669 τὸ
1251 2620 1539 2691 ἐρευνῆσαι
1563 2623 1688 2685 τοὺς
1708 2625 1843 2676 ἀπο-

272 2708 573 2779 κρυϐέντας
624 2710 689 2761 ἐκ
746 2708 853 2760 τῶν
886 2708 1175 2779 ὀφθαλμῶν
1210 2711 1397 2774 αὐτοῦ,
1431 2712 1524 2766 καὶ
1570 2731 1848 2784 προσαγα-

268 2804 394 2869 γεῖν
427 2802 619 2865 αὐτοὺς
674 2804 753 2865 εἰς
792 2802 1159 2872 προσκύνησιν
1220 2804 1415 2857 αὑτοῦ·
1457 2807 1709 2870 καὶτοὺς
1750 2810 1847 2879 μὲν

274 2891 629 2963 πειθομένους
681 2892 829 2962 αύτῷ
904 2892 1195 2963 σφραγίσει
1247 2898 1312 2964 τῇ
1348 2896 1601 2966 σφραγῖδι
1660 2899 1845 2953 αὐτοῦ’

274 2988 406 3050 τοὺς
436 2987 490 3052 δὲ
518 2986 591 3057 μὴ
626 2986 979 3056 βουλομένους
1030 2986 1177 3057 αὐτῷ
1224 2987 1547 3051 ὑπακοῦσαι,
1581 2992 1849 3062 τιμωρίας

1947 1814 2095 1851 more
2122 1796 2300 1851 valido
2324 1794 2735 1865 przedicantium
2767 1793 2920 1847 illum
2969 1793 3185 1863 hymnis
3218 1792 3518 1847 indicibili-

1944 1891 2071 1945 bus.
2127 1889 2316 1958 Itaque
2364 1888 2454 1941 ille
2487 1887 2834 1941 tenebrarum
2897 1886 3091 1951 haeres,
3146 1884 3317 1939 instar
3375 1883 3520 1940 lucis

1946 1984 2179 2052 fulgens,
2218 1978 2491 2034 interdum
2538 1978 2771 2033 volitans
2831 1978 2886 2031 in
2947 1977 3137 2040 cmlos,
3191 1975 3520 2046 quandoque

1945 2075 2283 2129 descendens
2318 2088 2441 2126 cum
2484 2072 2654 2143 gloria
2686 2086 2880 2139 magna
2923 2085 3085 2132 super
3117 2078 3341 2134 terram,
3374 2083 3518 2123 non-

1947 2180 2227 2235 nunquam
2262 2164 2604 2219 daemonibus
2662 2162 2961 2231 imperans,
3018 2160 3167 2215 velut
3215 2159 3420 2230 angelis
3450 2160 3518 2213 ad

1943 2259 2097 2329 jussa
2128 2273 2224 2312 sua
2254 2256 2560 2326 peragenda
2588 2271 2712 2309 cum
2742 2256 2938 2308 timore
2976 2262 3028 2307 et
3057 2261 3291 2307 tremore
3321 2251 3518 2317 multo,

1946 2352 2229 2406 confestim
2286 2351 2463 2404 mittet
2494 2348 2804 2403 dannonum
2857 2347 3115 2400 cohortes
3159 2348 3226 2399 ad
3277 2352 3518 2407 montes,

1949 2444 2233 2512 speluncas
2257 2450 2311 2494 et
2342 2453 2603 2494 cavernas
2629 2448 2807 2503 teme,
2840 2435 2932 2504 qui
2962 2442 3273 2488 scrutentur
3301 2446 3396 2485 eos
3424 2430 3518 2499 qui

1950 2536 2327 2591 subduxerunt
2357 2547 2476 2586 sese
2506 2532 2574 2585 ab
2605 2529 2779 2584 oculis
2828 2528 2985 2597 ejus;
3039 2536 3094 2580 et
3132 2523 3400 2578 adducent
3423 2536 3522 2577 eos

1949 2629 2016 2683 ad
2042 2626 2379 2682 adorandum
2417 2624 2590 2677 illum.
2621 2622 2699 2675 Ae
2732 2620 2835 2674 sibi
2876 2620 3310 2687 obtemperantes
3340 2614 3522 2685 sigillo

1951 2732 2051 2773 suo
2074 2715 2313 2781 notabit;
2340 2720 2658 2767 recusantes
2698 2724 2824 2764 vero
2856 2706 3144 2777 imperium
3182 2704 3376 2776 ipsius,
3401 2719 3521 2774 pa:-

1948 2810 2035 2863 nis
2090 2805 2605 2875 incomparabilibus
2650 2796 3438 2868 acerbissimisquetormentis
3466 2802 3522 2849 et

1950 2900 2220 2956 machinis
2272 2900 2550 2963 absumet;
2613 2894 2794 2965 qualia
2847 2907 3126 2961 nunquam
3156 2889 3522 2951 fuerunt.nec

1952 2992 2178 3047 auribus
2238 2992 2402 3044 homo
2476 2986 2747 3058 percepit,
2812 2999 2913 3039 nec
2978 2982 3154 3037 oculis
3205 2979 3521 3035 mortalium

273 3080 650 3141 ἀνεικάστους,
704 3078 796 3132 καὶ
826 3078 1090 3148 βασάνους
1133 3078 1471 3152 πικροτάτας
1492 3119 1505 3143 ,
1539 3080 1633 3134 καὶ
1669 3100 1845 3153 μηχα-

1956 3095 2242 3155 conspecta
2266 3094 2411 3139 sunt.

273 3171 374 3232 νάς
436 3167 702 3223 ἀναλώσει
761 3169 906 3240 (27),
971 3164 1058 3221 οἷα
1119 3170 1238 3222 οὐδὲ
1289 3172 1556 3239 ἐγένοντο,
1615 3175 1735 3228 οὐδὲ
1793 3179 1874 3242 είς
1921 3184 2091 3254 ἀκοὴν
2154 3178 2440 3249 ἀνθρώπου
2492 3175 2756 3248 ⁴ἤκούσθη,
2805 3172 2930 3228 οὔτε
2985 3172 3260 3243 ὀφθαλμὸς
3317 3169 3523 3241 βροτῶν

274 3261 557 3315 ἐθεάσατο.

348 3352 515 3406 XXX.
552 3352 826 3423 Μακάριοι
858 3353 905 3406 oi
937 3353 1059 3406 τότε
1095 3354 1412 3426 νικήσαντες
1443 3357 1533 3410 τὸν
1571 3359 1849 3435 τύραννον,

274 3449 361 3503 θη
391 3445 541 3515 παρὰ
566 3447 691 3508 τοὺς
746 3444 996 3517 πρώτους
1054 3446 1334 3519 μάρτυρας
1387 3450 1709 3524 ἐνδοξότεροι
1759 3459 1852 3511 καὶ

278 3537 600 3609 ὑψηλότεροι
633 3538 847 3607 ἔχουσιν
880 3538 1263 3609 ἀναδειχθῆναι
1295 3540 1426 3613 (28)·
1483 3544 1532 3594 οί
1572 3545 1681 3616 γάρ
1713 3549 1853 3620 μάρ-

281 3650 448 3704 τυρες
500 3630 690 3702 πρώην
756 3631 881 3693 τοὺς
935 3630 1100 3684 αὐτοῦ
1167 3631 1515 3695 ὑπασπιστάς
1572 3636 1849 3707 ἐνίκησαψ

276 3720 424 3779 οὗτοι
455 3725 511 3777 δὲ
539 3724 698 3776 αὑτὸν
730 3723 823 3775 τὸν
870 3723 1113 3776 διάϐολον
1147 3723 1261 3775 υἱὸν
1292 3723 1391 3794 τῆς
1445 3725 1719 3791 ἀπωλείας
1749 3746 1851 3782 κα-

276 3819 714 3882 ταπαλαίσαντες
766 3816 862 3870 καὶ
919 3813 1133 3885 νικηταὶ
1164 3814 1272 3885 (29)
1324 3814 1634 3885 γενόμενοι,
1688 3818 1856 3873 ποίων

277 3912 372 3968 οὖν
427 3912 716 3982 ἐγκωμίων
777 3910 870 3963 καὶ
931 3906 1211 3976 στεφάνων
1242 3908 1302 3960 οὐ
1338 3909 1855 3981 κατακοσμηθήσον-

279 4024 371 4061 ται
440 4006 550 4075 (30)
608 4002 755 4073 παρά
804 4001 899 4055 τοῦ
953 4000 1213 4071 βασιλέως
1274 4000 1431 4071 ἡμῶν
1497 4000 1672 4071 Ἰησοῦ
1716 4003 1857 4074 Χρι-

285 4098 415 4151 στοῦ
434 4115 448 4161 ;

355 4189 547 4245 XXXI.
608 4188 744 4241 Ἀλλ’
780 4188 871 4240 ἐπὶ
929 4186 991 4239 τὸ
1041 4186 1401 4256 προκείμενον
1453 4186 1855 4259 ἐπανέλθωμεν.

286 4283 454 4336 Ὅταν
485 4281 594 4354 γὰρ
632 4281 836 4334 λάϐωσι
870 4279 987 4331 τότε
1036 4279 1085 4330 οἱ
1115 4277 1389 4349 ἅνθρωποι
1416 4280 1515 4350 τὴν
1566 4280 1855 4351 σφραγῖδα,

2026 3366 2196 3421 XXX.
2248 3364 2293 3420 Ο
2339 3364 2546 3427 beatos,
2580 3362 2673 3431 qui
2700 3369 2831 3416 tunc
2857 3367 3147 3431 tyrannum
3188 3356 3339 3421 illum
3375 3354 3526 3410 devi-

1958 3461 2148 3515 cerint.
2174 3459 2383 3528 Quippe
2410 3455 2687 3526 prioribus
2736 3452 3067 3523 martyribus
3114 3450 3437 3504 illustriores
3471 3455 3528 3503 et

1959 3554 2303 3611 sublimiores
2334 3547 2642 3603 declarandi
2670 3554 2796 3601 sunt
2821 3563 2837 3611 ;
2867 3552 3148 3613 propterea
3171 3541 3318 3611 quod
3364 3556 3527 3610 supe-

1958 3650 2131 3702 riores
2162 3653 2425 3714 martyres
2447 3642 2592 3696 illius
2611 3641 2873 3695 duntaxat
2893 3636 3151 3693 satellites
3176 3644 3526 3704 superarunt,

1957 3740 2011 3795 hi
2036 3754 2166 3794 vero
2197 3736 2470 3791 diabolum
2502 3735 2680 3804 ipsum
2714 3730 2882 3785 lilium
2906 3727 3224 3799 perditionis
3246 3740 3527 3795 expugna-

1955 3832 2085 3897 rint,
2116 3845 2180 3885 ac
2204 3826 2486 3882 victoriam
2537 3823 2886 3893 reportarint.
2929 3820 3138 3887 Quibus
3172 3818 3335 3889 igitur
3360 3830 3527 3870 enco-

1956 3924 2080 3979 miis
2112 3931 2165 3977 et
2192 3920 2409 3977 coronis
2441 3933 2549 3973 non
2580 3915 2920 3971 ornabuntur
2958 3927 2989 3966 a
3015 3924 3139 3979 rege
3182 3916 3372 3964 nostro
3398 3904 3523 3963 Jesu

1957 4014 2215 4071 Christo?

2027 4172 2220 4228 XXXI.
2251 4170 2356 4226 Sed
2386 4177 2718 4225 revertamur
2744 4163 2815 4219 ad
2852 4160 3209 4233 propositum.
3241 4156 3397 4211 Tunc
3427 4154 3526 4210 bo-

1961 4268 2136 4322 mines
2158 4264 2247 4319 ubi
2275 4263 2508 4333 sigillum
2531 4258 2857 4330 acceperint,
2885 4271 2985 4311 nec
3004 4268 3179 4319 escas,
3204 4266 3303 4306 nec
3327 4264 3526 4319 aquam

283 4377 379 4428 καὶ
438 4375 537 4444 οὐχ
586 4372 789 4443 εὕρωσι
821 4370 1048 4442 τροφὰς,
1074 4368 1197 4423 οὕτε
1256 4370 1419 4443 ὕδωρ,
1468 4372 1845 4443 προσέρχονται

1962 4357 2287 4418 invenerint,
2316 4355 2545 4409 adibunt
2576 4368 2698 4408 eum
2750 4364 2873 4405 cum
2917 4363 3052 4402 voce
3099 4344 3291 4399 acerba
3342 4340 3528 4395 dicen-

281 4466 433 4536 αὖτῷ
461 4433 599 4536 μετὰ
626 4433 889 4534 ὀδυνηρᾶς
918 4433 1120 4533 ιβωνῆς,
1158 4433 1425 4529 λέγοντεςλ
1462 4433 1559 4527 Δός
1758 4480 1845 4531 φα-

1963 4464 2079 4508 tes:
2116 4450 2193 4504 Da
2223 4450 2382 4504 nobis
2424 4447 2570 4518 quod
2602 4446 2827 4501 edamus
2848 4450 2902 4497 et
2944 4440 3215 4494 bibamus.
3248 4433 3382 4489 Nam
3408 4448 3527 4487 om-

281 4562 402 4628 γεῑν
427 4559 521 4610 καὶ
556 4559 718 4621 πιεῖν,
751 4557 833 4609 ὅτι
892 4556 1092 4617 πάντες
1123 4556 1187 4608 ἐκ
1240 4554 1333 4606 τοῦ
1384 4554 1565 4624 λιμοῦ,
1616 4555 1708 4607 καὶ
1750 4555 1845 4607 ἀπὶ

1958 4562 2055 4601 nes
2078 4560 2189 4614 prae
2239 4541 2381 4596 fame
2409 4538 2731 4606 cunctisque
2780 4530 3197 4589 necessitatibus
3223 4526 3527 4582 deficimus.

282 4617 471 4723 πάσης
503 4617 747 4721 ἀνάγκγγς
778 4648 889 4719 (51)
936 4647 1282 4717 ἐκλείπομεν,
1334 4617 1454 4700 καὶ.
1485 4646 1739 4711 ἐπίταξον
1767 4647 1845 4699 est

1957 4638 2096 4693 Jube
2122 4636 2320 4691 caelum
2370 4632 2612 4703 praebere
2650 4628 2807 4683 nobis
2852 4639 3071 4695 aquam,
3104 4621 3259 4691 abige
3290 4634 3319 4673 a
3370 4617 3527 4723 nobis

282 4708 514 4815 obpava
542 4708 636 4795 τοῦ
665 4708 846 4795 δοῦναι
872 4708 1005 4812 li]va
1035 4708 1199 4811 ὕδωρ,
1232 4708 1326 4793 καὶ
1349 4740 1618 4793 ἀπέλασον
1648 4708 1757 4810 (52)
1791 4740 1845 4793 τό

1958 4732 2161 4786 bestias
2209 4727 2460 4782 homines
2533 4723 2876 4777 devorantes.
2952 4715 3091 4769 Tum
3158 4713 3381 4768 dolosus
3438 4708 3528 4762 ille

283 4800 694 4907 ἀνθρωποφάγα
739 4800 928 4905 θηρία...
963 4834 1095 4886 Τότε
1187 4800 1381 4895 ’δόλιος
1438 4800 1838 4903 ἀποκριθήσιετα

1958 4821 2319 4892 respondens,
2353 4816 2522 4872 multa
2547 4829 2670 4869 cum
2719 4808 3117 4865 inhumanitate
3166 4800 3528 4859 subsannabit

291 4899 645 5001 μυκτηρίέων
666 4899 863 4990 αὐτο-ῦς
898 4925 1008 4996 (55)
1039 4926 1096 4979 ἐν
1151 4924 1317 4995 πολλῇ
1357 4899 1739 4995 ἀπανθρωπίά,
1781 4924 1845 4976 λέ

1962 4915 2105 4982 illos,
2130 4914 2215 4968 his
2245 4911 2426 4965 verbis
2461 4929 2473 4963 :
2502 4907 2713 4963 Ctelum
2760 4914 2922 4975 negat
2961 4899 3219 4972 pluviam,
3247 4904 3389 4950 terra
3417 4905 3528 4945 non

288 4984 403 5091 γων
612 5020 669 5073 Ὀ
711 4984 935 5088 οὐρανὸς
987 4984 1047 5070 οὐ
1111 4984 1357 5087 βούλεται
1389 4984 1569 5069 δοῦναι
1622 4984 1845 5069 ὑετόν-’ἓ

1964 5010 2159 5066 iterum
2185 5003 2441 5077 producit
2469 5000 2712 5075 germina
2758 5014 2893 5053 sua:
2930 4995 3203 5049 undenam
3239 5001 3338 5056 ego
3374 4984 3529 5039 vobis

287 5074 360 5186 γῆ
384 5074 546 5167 πάλιν
577 5113 639 5165 οὐ
673 5074 956 5183 βλαστάνει
1007 5108 1077 5163 τά
1111 5074 1434 5181 ,γεννήματα
1476 5107 1664 5178 αὐτῆς·
1701 5106 1845 5160 πόθε,

1964 5074 2223 5156 alimenta
2247 5074 2644 5167 suppeditabo?
2670 5089 2884 5146 Auditis
2930 5087 3018 5142 his
3042 5082 3223 5139 verbis
3254 5076 3429 5132 dolosi
3460 5074 3530 5129 il-

386 5251 479 5313 22)
516 5250 635 5305 ὀτι
668 5250 890 5313 πλάνος,
924 5248 984 5301 Β.
2182 5231 2824 5313 -Ιςιηὰναδειχθῄσονται,

364 5252 479 5390 (22)
516 5252 635 5305 Ὅτι
668 5252 890 5313 πλάνος,
924 5252 984 5301 Β.
2032 5252 2145 5307 (zu)
2198 5252 2298 5298 10.,
2333 5252 2635 5303 αναοειχυηι

368 5323 455 5389 ,25
507 5319 610 5386 ld.,
643 5320 817 5390 πλανᾷ
846 5320 937 5372 τὸν
969 5317 1190 5389 κόσμον.
2182 5308 2541 5390 ζητήσαντες,
2577 5304 2635 5390 Β,

509 5373 863 5465 ᾖξῌαὺτούς.
1038 5460 1049 5465 _
1074 5373 1085 5389 ’
1178 5458 1188 5465 _
1355 5459 1367 5465 _
1533 5457 1545 5465 .

2036 5373 2149 5447 (⁵0)
2184 5377 2284 5465 Law
2315 5373 2419 5465 b5}
2446 5373 2853 5460 δεξιωθῄσονται.

517 5444 669 5515 ῘῆΒ.
701 5444 946 5531 sequitur
968 5460 1062 5513 καὶ
1075 5458 1312 5532 *κτύπων
1346 5457 1681 5529 ἀμετρήτων.

2036 5444 2148 5532 (ἔδει
2183 5447 2268 5532 εῖν
2310 5448 2531 5532 retiis
2556 5444 2762 5532 δὲύγηξ-

504 5532 586 5606 ’ζά
620 5516 1040 5606 πφστάγματα,
1074 5529 1137 5584 Β.
1171 5598 1181 5606 ⁵
1490 5516 1501 5529 ’
1542 5516 1583 5606 ’.
1726 5596 1737 5606 ‘

2183 5517 2259 5606 I‘ti‘.
2287 5516 2599 5606 adilitnidtp’
2632 5516 2805 5597 ήμιῖρν.
2826 5583 2847 5597 ν

504 5550 586 5585 ⁷ι⁷α
620 5550 865 5604 προσταγ
947 5550 1035 5593 τα,
1074 5550 1137 5584 Ι).
2040 5550 2153 5587 χειά]
2184 5550 2259 5569 Illo
2287 5550 2434 5570 auuu.
2461 5560 2471 5569 .
2509 5550 2583 5582 υιγ
2639 5550 2805 5597 ιηιυυῖν-
2826 5583 2847 5597 ν
3148 5553 3154 5557 .

391 5604 483 5671 27)
516 5603 575 5657 Β.
616 5622 629 5656 :
674 5550 976 5673 Τιμωρίάῗς
1019 5598 1335 5663 ἀνυκέστοις
1385 5597 1508 5671 (leg.
1559 5596 1744 5667 ἀνηκ.)
1774 5595 1872 5648 καὶ
2038 5590 2151 5655 (55)
2199 5587 2645 5668 Ἀποκριθήσεται
2696 5577 2992 5666 αυτςιις,’Β.
3062 5648 3074 5665 ι
3130 5646 3153 5661 .
3334 5638 3376 5667 -_

420 5676 430 5689 ι
811 5674 821 5689 1
1002 5672 1038 5689 Il
1174 5688 1201 5689 κ
1284 5688 1317 5689 ,,
1375 5672 1387 5689 ι
1442 5688 1447 5689 ,
1518 5672 1534 5689 \
1589 5670 1624 5689 ,μ
1682 5671 1701 5689 ς.
1731 5669 1742 5687 1
1766 5684 1836 5689 ,,-
2041 5659 2149 5689 1⁸211
2180 5657 2229 5689 Ir]
2284 5659 2427 5689 anA-l
2463 5676 2475 5687 ο
2536 5656 2697 5689 ..Αἰξί-υ
2728 5669 2835 5689 cvm
2868 5667 3022 5689 non!!!”
3055 5662 3183 5689 IHLLV
3216 5657 3407 5689 ωαγιιν

302 5652 575 5798 βιασάῶιῖ
1000 5652 1131 5739 (ίὲθ.
1148 5652 1537 5743 νπικρότάταῖς)
1582 5652 1839 5723 ἀναλώσει

349 5746 509 5798 eindc
530 5754 725 5798 cetera
748 5744 930 5798 omnia
960 5742 1159 5797 omissa
1195 5757 1367 5798 usuue
1392 5745 1455 5797 ad
1482 5740 1754 5798 μακάριοι.

2178 5657 2253 5715 Id.
2283 5652 2431 5714 addit
2462 5652 2489 5711 ε’
2536 5656 2697 5710 πόθεν
2728 5652 2835 5719 ἐγὼ
2868 5652 3022 5704 δώσω
3055 5652 3183 5717 ὑμῖν
3216 5657 3407 5713 φαγειν
3439 5652 3512 5689 κα

1971 5746 2133 5785 πιειν.

349 5746 509 5801 eiudc
530 5740 725 5799 cetera
748 5744 930 5798 omnia
960 5742 1159 5797 omissa
1195 5740 1367 5813 usque
1392 5745 1455 5797 ad
1482 5740 1754 5811 μακάριοι.
1971 5740 2133 5785 πιεῖν.
