4028 6214
523 324 632 384 955

1332 322 1624 380 APPEND.
1667 324 1760 378 Al)
1795 322 2074 378 PARTEM
2109 321 2152 377 Il
2189 321 2476 379 OPERUM
2517 323 2575 378 S.
2618 320 3000 378 HIPPOLYTI.

3675 324 3785 380 936

522 447 652 514 lius,
683 447 874 504 miseri
900 456 1036 503 tunc
1059 445 1368 518 intelligent
1393 461 1518 502 eum
1546 459 1667 501 esse
1694 445 2003 515 improbum
2037 443 2102 498 il—

2205 443 2334 514 ὑμῖν
2359 443 2515 498 δώσω
2538 442 2648 512 ἐγὼ
2669 442 2932 515 βρώματα
2955 461 2970 507 ;
3032 441 3167 494 Τότε
3197 441 3529 506 ἀκούσαντες
3550 444 3660 499 τῶν
3687 447 3788 516 ρη-

523 538 638 594 Ium
676 538 975 594 diabolum.
999 535 1138 592 Tum
1163 538 1420 608 plangent
1442 537 1661 596 misere.
1689 535 1979 606 plorabunt
2000 550 2095 588 ve—

526 631 829 697 hementer,
855 628 1049 685 faciem
1070 629 1324 685 manibus
1351 630 1466 684 suis
1485 627 1840 690 eontundent,
1868 625 2094 695 capillos

523 737 655 778 suos
685 723 933 790 evellent,
969 737 1136 792 genas
1179 720 1456 791 unguibus
1501 719 1900 783 dilacerabunt,
1951 720 2094 774 alius

522 814 615 868 alii
664 815 940 870 dicentes:
989 812 1034 868 0
1065 812 1524 869 calamitatemlo
1567 811 1820 867 acerbam
1851 811 2096 880 negotia-

522 907 760 962 tionem!
794 923 827 962 ο
852 915 1069 976 pactum
1105 904 1509 960 fraudulentum
1539 905 1552 958 ί
1599 919 1633 958 o
1684 918 1873 958 casum
1907 903 2094 972 ingen-

522 1002 666 1056 tem!
721 999 1007 1067 Quomodo
1058 1015 1158 1056 nos
1203 999 1470 1070 impostor
1536 997 1791 1053 seduxit?
1824 996 2098 1066 quomodo

522 1093 853 1149 adhaesimus
903 1093 998 1148 ei?
1049 1092 1326 1163 quomodo
1368 1091 1574 1146 retibus
1625 1091 1775 1146 illius
1807 1089 1950 1159 capti
2005 1104 2100 1142 su-

523 1187 684 1240 mus?
712 1185 989 1256 quomodo
1045 1183 1321 1240 verriculo
1371 1185 1519 1239 illius
1569 1183 1766 1252 impuri
1817 1180 2101 1236 conclusi?

525 1278 804 1345 quomodo
839 1275 1152 1346 Seripturas
1185 1275 1469 1329 audientes
1498 1289 1606 1328 non
1631 1269 2100 1342 intelligebamus?

526 1369 807 1439 Siquidem
839 1377 972 1422 tunc
1003 1365 1194 1434 illigati
1245 1365 1408 1420 rebus
1436 1364 1561 1418 vita:
1599 1377 1663 1418 ac
1693 1361 1965 1417 desiderio
1997 1360 2097 1413 buv

518 1461 611 1532 jus
649 1461 831 1515 saeculi
851 1501 866 1528 ,
895 1458 1150 1531 perfacile
1175 1457 1514 1513 adducentur
1544 1455 1611 1510 ad
1633 1455 1907 1510 diabolum
1932 1461 1987 1508 et
2018 1451 2096 1507 si-

523 1553 854 1623 gnabuntur.

2203 536 2390 606 μάτων
2425 535 2520 589 τοῦ
2549 535 2721 589 δολίου
2777 535 2968 588 τούτου
3004 535 3055 587 οἱ
3101 534 3298 596 ἄθλιοι,
3359 537 3643 606 νοήσουσιν
3702 538 3786 592 ὅτι

2199 621 2353 691 οὗτός
2384 629 2536 680 ἐστιν
2574 630 2602 681 ὁ
2633 627 2869 700 πονηρὸς
2909 626 3173 691 διάϐολος,
3223 626 3318 680 καὶ
3369 628 3628 698 κόψονται
3659 630 3784 683 ὀδυ-

2201 721 2402 793 νηρῶς,
2460 722 2553 775 καὶ
2585 720 2909 774 κλαύσονται
2955 719 3225 790 μεγάλως,
3267 722 3365 774 καὶ
3397 722 3458 774 τὸ
3491 723 3788 794 πρόσωπον

2201 813 2320 873 ταῖς
2353 811 2542 881 χερσὶν
2574 809 2758 863 αὐτῶν
2783 809 3030 879 τύψουσι,
3087 811 3182 864 καὶ
3218 809 3319 875 τὰς
3363 811 3558 884 τρίχας
3602 813 3787 866 αὐτῶν

2199 902 2550 975 διαρρήξουσι
2602 903 2737 975 (55),
2771 905 3004 968 καὶτοῖς
3035 904 3181 971 ὄνυξι
3213 905 3314 970 τὰς
3347 906 3578 978 παρειὰς
3613 924 3786 961 κατα-

2203 992 2441 1058 ξανοῦσι,
2470 994 2720 1064 λέγοντες
2770 996 2907 1068 πρὸς
2935 995 3216 1067 ἀλλήλους·
3243 1001 3308 1052 Ὦ
3341 997 3442 1068 τῆς
3471 984 3780 1070 συμφορᾶς,

2202 1086 2248 1139 ὢ
2276 1087 2375 1158 τῆς
2416 1088 2684 1160 όδυνηρᾶς
2724 1089 3126 1159 πραγματείας·
3179 1090 3226 1144 ὣ
3259 1089 3353 1142 τοῦ
3386 1089 3558 1143 δολίου
3591 1091 3789 1146 συναλο

2207 1177 2505 1249 λάγματος,
2533 1178 2578 1230 ὣ
2611 1180 2708 1233 τοῦ
2741 1181 2995 1250 μεγίστου
3029 1179 3343 1251 πτώματος.
3372 1181 3496 1245 Πῶς
3547 1182 3784 1254 ἐπλανή-

2196 1269 2371 1340 θημεν
2399 1270 2508 1342 (56)
2537 1270 2615 1342 τῷ
2667 1272 2891 1342 πλάνῳ;
2950 1271 3064 1336 πῶς
3108 1272 3561 1344 προσηνέχθημεν
3591 1273 3782 1344 αὐτῷς

2199 1363 2318 1428 πῶς
2361 1367 2472 1428 τοῖς
2513 1366 2702 1418 τούτου
2747 1366 2984 1429 δικτύοις
3038 1364 3488 1438 ὲζωγρεύθημεν;
3557 1367 3676 1430 πῶς
3709 1370 3782 1440 τῇ

2201 1457 2374 1528 μιαρᾷ
2399 1456 2564 1509 αὑτοῦ
2598 1459 2809 1530 σαγήνῃ
2857 1458 3350 1529 συνειλκύσθημεν;
3405 1457 3521 1520 πῶς
3557 1458 3782 1512 ἀκούον-

2209 1563 2300 1609 τες
2327 1545 2434 1599 τῶν
2467 1547 2697 1618 Γραφῶν
2723 1549 2784 1601 οὑ
2837 1547 3138 1619 συνιῶμεν;
3168 1547 3278 1600 Καὶ
3310 1547 3419 1618 γὰρ
3468 1549 3589 1601 τότε
3621 1551 3670 1600 οἱ
3697 1547 3782 1601 δε-

519 1649 733 1719 δεμένοι
763 1646 874 1718 (57)
924 1647 983 1700 ὲν
1028 1646 1316 1718 πράγμασι
1337 1645 1628 1716 βιωτικοῖς,
1658 1643 1752 1697 καὶ
1811 1645 1879 1714 τῇ
1938 1640 2202 1712 ἐπιθυμίᾳ
2253 1641 2344 1696 τοῦ
2396 1641 2590 1708 αἰῶνος
2639 1643 2848 1710 τούτου,
2905 1638 3050 1698 οὗτοι
3090 1644 3331 1716 εὐχερῶς
3374 1645 3784 1718 προσαχθήσον-

520 1760 610 1796 ται
638 1742 712 1813 τῷ
742 1741 992 1812 διαϐόλῳ,
1025 1742 1120 1796 καὶ
1143 1739 1633 1812 σφραγισθήσονται
1660 1738 1796 1809 (58).

595 1837 808 1892 XXXII.
851 1840 919 1892 At
953 1838 1106 1892 multi
1139 1837 1232 1906 qui
1263 1835 1486 1890 audient
1518 1835 1828 1904 Seripturas
1858 1832 2091 1897 divinas,

2264 1831 2477 1885 XXXII.
2510 1834 2572 1885 Oi
2605 1832 2660 1885 δὲ
2687 1831 3024 1904 ἀκροώμενοι
3051 1831 3158 1884 τῶν
3189 1831 3349 1884 θείων
3374 1830 3608 1901 Γραφῶν
3638 1830 3778 1901 (59),

522 1949 616 1989 eas
655 1935 708 1987 in
734 1933 985 1986 manibus
1010 1931 1309 1997 habebunt,
1353 1937 1535 1984 mente
1559 1929 1874 1989 versabunt,
1921 1926 2098 1993 impo—

526 2037 734 2082 stnram
775 2025 921 2080 illius
957 2025 1255 2078 evitabunt.
1289 2022 1448 2077 Clare
1474 2022 1626 2076 enim'
1652 2021 1982 2091 perspicient
2011 2019 2099 2073 in-

525 2119 696 2176 sidias
741 2118 892 2187 ejus,
925 2126 981 2172 et
1015 2118 1331 2186 imposturae
1367 2117 1766 2184 arrogantiam;
1813 2114 2098 2184 effugient-

522 2225 630 2281 que
660 2224 691 2264 e
725 2209 975 2262 manibus
1003 2209 1123 2278 ejus
1165 2209 1232 2263 ad
1263 2215 1477 2262 montes
1499 2209 1567 2274 ⁷³,
1595 2217 1650 2262 et
1677 2207 2097 2260 occultabuntur

525 2304 580 2357 in
607 2301 855 2356 cavernis
888 2307 1066 2366 terrae,
1105 2316 1231 2356 cum
1270 2301 1526 2372 Iacrymis
1565 2309 1621 2355 et
1657 2299 1892 2354 contrito
1935 2299 2096 2353 corde

523 2402 832 2464 quaerentes
883 2391 1036 2446 illum
1082 2401 1353 2446 amantem
1400 2391 1716 2454 hominum,
1759 2391 1852 2460 qui
1903 2390 2096 2458 eripiet

522 2496 621 2536 eos
649 2497 679 2536 e
707 2480 917 2551 laqueis
951 2481 1118 2546 illius,
1155 2490 1210 2536 et
1240 2481 1586 2537 conservabit
1617 2496 1648 2534 a
1675 2480 1919 2535 molestis
1951 2480 2094 2534 illius

524 2573 796 2629 scandalis
824 2591 838 2628 :
870 2574 1203 2643 dexteraque
1236 2589 1399 2628 manu
1435 2589 1534 2628 sua
1555 2615 1571 2639 ,
1617 2572 1872 2627 invisibili
1907 2572 2090 2636 modo,

526 2675 776 2738 proteget
804 2681 899 2722 eos
931 2667 1025 2737 qui
1054 2667 1214 2736 digne
1242 2681 1304 2721 ac
1332 2666 1478 2736 juste
1503 2667 1552 2721 ei
1585 2665 1989 2736 supplicabunt.

596 2937 832 2994 XXXIII.
873 2936 1038 2992 Vides
1087 2937 1232 3007 quali
1279 2937 1488 3007 jejunio
1526 2937 1792 3006 quibusve
1840 2937 2093 3006 precibus

522 3039 654 3086 tunc
693 3039 912 3084 utentur
967 3031 1164 3084 sancti.
1215 3029 1390 3082 Simul
1462 3029 1613 3082 disce
1673 3045 1836 3097 quam
1888 3029 2090 3083 durum

523 3131 736 3190 tempus
770 3137 836 3176 ac
875 3123 991 3177 dies
1025 3124 1268 3176 orientur
1311 3123 1416 3177 illis
1445 3123 1539 3192 qui
1585 3123 1640 3176 in
1668 3124 1802 3177 urbe
1835 3123 2091 3192 agrisque

521 3221 700 3268 erunt.
751 3212 1024 3268 Accedent
1064 3213 1132 3268 ab
1179 3214 1458 3268 occidente
1498 3213 1564 3267 ad
1604 3213 1866 3267 orientem
1919 3229 2090 3281 usque

521 3304 800 3374 plorantes
847 3304 1108 3372 majorem
1165 3305 1221 3358 in
1264 3304 1508 3370 modum,
1544 3304 1889 3372 graviterque
1936 3305 2090 3371 plan-

521 3405 671 3467 gent.
711 3396 1062 3451 Illucescente
1102 3397 1191 3452 die
1222 3405 1432 3450 noctem
1466 3395 1888 3464 exspectabunt,
1917 3407 1979 3449 ut
2004 3410 2090 3450 re-

520 3485 809 3555 quiescant
842 3487 910 3542 ab
952 3489 1208 3558 operibus
1248 3487 1403 3554 suis;
1440 3487 1532 3541 ubi
1582 3501 1689 3540 nox
1730 3486 2090 3556 comprehen-

520 3575 664 3632 derit
694 3578 839 3642 illos,
874 3579 946 3634 ob
976 3579 1196 3634 crebras
1229 3588 1388 3633 teme
1417 3577 1806 3632 concussiones
1838 3576 2092 3646 aerisque

519 3674 891 3740 tempestates,
919 3679 1165 3739 quaerent
1227 3679 1288 3724 ut
1313 3669 1397 3724 vel
1439 3667 1710 3737 aspiciant
1744 3668 1926 3723 lumen
1957 3665 2086 3733 diei,

519 3767 576 3815 et
623 3776 733 3831 qua
772 3762 985 3816 ratione
1015 3772 1197 3831 postea
1251 3763 1304 3814 in
1353 3761 1606 3816 acerbam
1653 3772 1882 3815 mortem
1927 3758 2090 3815 deve-

518 3852 692 3908 niant.
740 3851 879 3908 Tum
927 3853 1129 3924 lugebit
1176 3853 1431 3907 universa
1476 3861 1621 3907 terra
1662 3853 1831 3907 vitam
1871 3853 2087 3908 crucia-

519 3950 677 3999 tnnm
723 3945 958 4014 plenam.
1014 3944 1246 4015 Lugebit
1297 3958 1468 4006 mare,
1501 3945 1709 4015 lugebit
1739 3959 1852 4009 aer,
1883 3942 2090 4013 lugebit

519 4036 626 4100 sol,
667 4035 926 4106 lugebunt
965 4038 1271 4091 animantes
1311 4036 1438 4091 ferae
1479 4052 1604 4090 cum
1631 4036 1963 4099 volatilibus,
2002 4035 2089 4088 lu-

520 4126 721 4196 gebunt
764 4135 974 4180 montes
1020 4135 1074 4179 et
1111 4126 1297 4190 colles,
1348 4140 1413 4179 ac
1466 4126 1609 4196 ligna
1642 4125 1820 4196 campi
1866 4134 2086 4195 propter

521 4236 690 4290 genus
717 4219 1016 4274 humanum
1042 4234 1054 4270 :
1079 4233 1144 4272 eo
1177 4219 1320 4288 quod
1352 4235 1544 4275 omnes
1572 4219 1870 4274 defecerint
1898 4236 1929 4274 a
1954 4236 2080 4274 san-

517 4321 607 4365 cto
649 4310 790 4377 Deo,
841 4321 895 4366 et
943 4310 1270 4365 crediderint
1321 4311 1604 4382 impostori
1659 4313 1771 4374 illi,
1833 4321 2085 4380 suscepto

519 4402 835 4456 charactere
868 4402 1063 4470 impuri
1098 4402 1242 4458 illius
1272 4413 1327 4458 et
1355 4403 1528 4460 hostis
1557 4405 1653 4459 Dei
1698 4405 1820 4460 loco
1855 4404 2084 4460 viviticze

519 4492 699 4546 crucis
724 4490 1044 4548 Salvatoris.

589 4762 830 4819 XXXIV.
872 4763 1158 4834 Lugebunt
1194 4767 1356 4822 etiam
1407 4768 1660 4824 Ecclesia:
1702 4769 1908 4825 luctum
1964 4786 2082 4826 ma-

622 4951 668 4983 "
693 4950 859 5020 Apoc.
893 4965 966 5014 vr,
996 4949 1087 5004 16.

595 5135 706 5207 (55)
763 5135 847 5190 Al.
905 5134 1021 5190 Pici
1071 5136 1274 5204 codex,
1323 5135 1670 5204 διασυροῦσι,
1738 5136 1840 5203 Β.,
1894 5137 2084 5192 διασύ-

561 5224 679 5259 ωσι.

729 5275 806 5330 Id.
846 5277 1161 5350 subjungit:
1193 5278 1286 5331 καὶ
1341 5279 1716 5350 προσήλθομεν
1751 5277 1828 5348 τῷ
1877 5278 2080 5350 πλάνῳ.

520 5344 721 5421 Deinde
747 5344 1200 5421 statim—sequitur
1231 5366 1243 5402 :
1277 5344 1397 5413 πῶς’
1422 5344 1712 5421 τῇ’μια’ρᾷ,
1751 5344 1857 5404 etc.

597 5417 708 5486 (57)
750 5417 835 5483 Β.,
869 5418 1159 5488 δεδομένοι.

613 5487 702 5558 58)
744 5488 842 5552 Id.,
871 5487 1222 5558 σφαγίσονται
1263 5491 1355 5542 ὑπ’
1386 5488 1572 5544 αὑτοῦ.

739 5559 848 5632 I_{_a.l.
885 5560 1042 5632 evndi
1063 5559 1264 5624 ταύτας
1296 5558 1659 5632 φέροντες-Β.

612 5625 700 5700 ιο)
738 5625 1185 5700 ζΛποδράσουσιν,
1212 5633 1284 5685 id.
1309 5625 1511 5687 Deinde
1539 5630 1694 5700 plura
1719 5631 1938 5687 omittit.

738 5696 826 5774 βυ
857 5696 951 5774 καὶ
978 5699 1077 5763 τὰς
1102 5700 1240 5764 ὀπὰς
1265 5702 1363 5772 τῆς
1391 5702 1496 5772 γῆς
1528 5696 1881 5774 κρυὸήσεται.

612 5764 700 5837 42)
739 5765 839 5830 Id.,
865 5766 1257 5839 δυσωπήσουσι.

2197 1926 2290 1978 καὶ
2323 1925 2414 1977 ἐπὶ
2442 1927 2630 1995 χεῖρας
2657 1924 2892 1995 ἔχοντες,
2911 1924 3004 1977 καὶ
3032 1925 3089 1976 ὲν
3111 1922 3187 1994 νῷ
3209 1923 3414 1986 ταύτας
3441 1922 3777 1988 ἐννοοῦντες,

2197 2015 2381 2069 πολλοὶ
2406 2017 2802 2087 ἀποδράσονται
2835 2015 2945 2085 (40)
2969 2017 3033 2068 ἐκ
3061 2015 3161 2084 τῆς
3193 2014 3360 2068 αὐτοῦ
3387 2013 3612 2084 πλάνης.
3638 2014 3784 2084 Νοή-

2199 2126 2350 2162 σουσι
2387 2109 2495 2181 γὰρ
2525 2110 2625 2180 τῆς
2654 2109 2946 2179 ἐπιϐουλῆς
2989 2108 3155 2162 αὐτοῦ
3191 2110 3288 2180 τὴν
3332 2108 3654 2178 ἐμφάνειαν,
3684 2107 3781 2160 καὶ

2195 2201 2295 2270 τῆς
2335 2201 2541 2272 πλάνης
2569 2201 2732 2255 αὑτοῦ
2767 2201 2865 2271 τὴν
2905 2199 3243 2264 ἀλαζονείαν,
3290 2201 3386 2253 καὶ
3424 2197 3783 2269 ὲκφεύξουσιν

2195 2293 2258 2370 ἐκ
2313 2293 2418 2344 τῶν
2457 2292 2652 2364 χειρῶν
2705 2292 2904 2354 αὑτοῦ,
2945 2292 3040 2345 καὶ
3087 2291 3180 2343 ἐπὶ
3231 2291 3301 2344 τὰ
3336 2291 3474 2363 ὅρη,
3525 2292 3622 2344 καὶ
3659 2293 3782 2354 ταῖς

2194 2385 2356 2448 ὀπαῖς
2385 2385 2482 2455 τῆς
2523 2386 2625 2456 γῆς
2663 2385 3171 2456 κατακρυϐήσονται
3201 2384 3346 2456 (LI),
3384 2385 3478 2438 καὶ
3514 2384 3652 2456 μετὰ
3685 2385 3780 2438 δα-

2195 2475 2396 2548 κρύων,
2440 2479 2534 2530 καὶ
2573 2476 3035 2547 συντετριμμένης
3066 2476 3292 2547 καρδίας
3333 2475 3631 2548 ζητήσουσι
3661 2475 3778 2547 (42)

2193 2568 2282 2622 τὸν
2304 2568 2706 2640 φιλάνθρωπον·
2741 2570 2834 2622 καὶ
2860 2569 3023 2630 αὐτὸς
3051 2568 3316 2621 ὲκσπάσει
3345 2570 3546 2631 αὐτοὺς
3572 2569 3640 2621 ὲκ
3662 2568 3777 2621 τῶν

2195 2661 2408 2734 βρόχων
2456 2661 2643 2723 αὑτοῦ,
2674 2662 2770 2714 καὶ
2795 2659 3048 2713 διασώσει
3086 2661 3150 2712 ἐκ
3176 2661 3284 2714 τῶν
3334 2661 3648 2714 σκανδάλων
3677 2662 3777 2715 αὺ-

2191 2756 2317 2818 τοὺς
2347 2757 2412 2826 τῇ
2450 2755 2594 2825 χειρὶ
2630 2751 2800 2806 αὑτοῦ
2856 2755 2921 2823 τῇ
2955 2751 3120 2823 δεξιᾷ,
3149 2753 3277 2816 τοὺς
3309 2753 3476 2818 ἀξίως
3502 2754 3654 2826 αὐτῷ
3681 2756 3777 2809 καὶ

2191 2846 2413 2908 δικαίως
2441 2845 2896 2916 προσπίπτοντας.

2262 2937 2500 2991 XXXIII.
2547 2939 2712 3008 Ὁρᾷς
2731 2937 2847 2990 οἵαν
2876 2937 3127 3007 νηστείαν
3158 2937 3251 2990 καὶ
3277 2937 3586 3010 προσευχὴν
3613 2939 3772 2993 ἐκτι-

2192 3030 2403 3083 λέσουσι
2439 3032 2556 3084 τότε
2584 3034 2631 3083 oi
2674 3031 2834 3098 ἅγιοι.
2885 3029 3038 3083 Μάθε
3093 3032 3186 3084 καὶ
3237 3033 3362 3095 τοὺς
3399 3033 3456 3085 ὲν
3495 3036 3561 3104 τῇ
3610 3033 3771 3086 πόλει

2193 3124 2286 3176 καὶ
2313 3121 2465 3194 χώρᾳ
2492 3118 2603 3185 οἷος
2641 3123 2882 3192 χαλεπὸς
2911 3123 3102 3192 καιρὸς
3140 3123 3235 3176 καὶ
3261 3123 3465 3196 ἡμέραι
3505 3126 3771 3194 γενήσον-

2189 3231 2300 3266 ται.
2337 3212 2468 3265 Τότε
2499 3213 2606 3266 ἀπὸ
2637 3213 2747 3283 (45)
2775 3213 3048 3266 ἀνατολῶν
3077 3217 3157 3278 είς
3194 3215 3406 3286 δυσμὰς
3434 3215 3768 3287 ἀχθήσονται

2191 3306 2284 3359 καὶ
2321 3305 2428 3357 ἀπὸ
2454 3304 2670 3373 δυσμῶν
2716 3305 2820 3368 ἓως
2850 3304 3123 3358 ἀνατολῶν
3152 3308 3646 3378 παραγενήσονται,
3677 3310 3770 3361 καὶ

2190 3396 2478 3450 κλαύσουσι
2511 3396 2781 3466 μεγάλως,
2815 3397 2909 3449 καὶ
2936 3397 3190 3466 κόψονται
3235 3399 3490 3470 ἰσχυρῶς,
3535 3401 3629 3453 καὶ
3667 3401 3768 3471 τῆς

2188 3488 2403 3559 ἡμέρας
2445 3487 2880 3557 διαφαυσκούσης
2908 3488 3020 3558 (44)
3042 3527 3057 3551 ,
3101 3489 3402 3553 ὲκδέξονται
3439 3490 3537 3562 τὴν
3564 3492 3767 3556 νύκτα,

2191 3581 2277 3633 ἵνα
2307 3579 2726 3633 ἁναπαύσωνται
2765 3583 2830 3634 ἐκ
2859 3580 2968 3633 τῶν
2995 3580 3168 3652 ἔργων
3199 3581 3400 3634 αὐτῶν·
3425 3582 3768 3638 καταλαϐού-

2193 3688 2291 3741 σης
2324 3669 2379 3722 δὲ
2409 3670 2507 3740 τῆς
2533 3669 2744 3735 νυκτὸς,
2776 3671 2840 3722 εκ
2867 3669 2972 3722 τῶν
3019 3669 3331 3740 ἐπαλλήλων
3363 3671 3602 3741 σεισμῶν
3632 3672 3770 3742 (45),-

2191 3763 2286 3816 κα“ι
2313 3763 2376 3815 ἐκ
2415 3761 2522 3814 τῶν
2555 3761 2882 3829 καταιγίδων
2919 3761 3028 3813 τῶν
3065 3761 3243 3832 ἀέρων
3262 3761 3586 3833 ζητήσουσιν
3616 3764 3728 3835 (46)
3747 3805 3765 3828 ,

2191 3855 2280 3908 ἵνα
2315 3855 2418 3908 κᾶν
2455 3853 2698 3925 θεωρῶσι
2729 3855 2790 3906 τὸ
2825 3854 2940 3922 φῶς
2965 3855 3064 3925 τῆς
3092 3855 3302 3924 ἡμέρας
3338 3855 3432 3908 καὶ
3478 3855 3599 3918 πῶς
3642 3858 3772 3927 μέλ-

2187 3947 2338 4001 λουσι
2365 3947 2548 4000 λοιπὸν
2575 3945 2794 4016 χαλεπῷ
2825 3945 3037 4015 θανάτῳ
3072 3946 3491 4016 προσέρχεσθαι.
3516 3948 3623 4000 Τὸν
3651 3949 3770 4002 ὀδυ-

2186 4040 2348 4110 νηρὸν
2379 4038 2489 4108 βίον
2532 4037 2718 4090 πενθεῖ
2750 4037 2870 4090 τότε
2915 4036 3025 4107 (47)
3056 4039 3262 4107 πᾶσαή
3306 4038 3413 4108 γῆ,
3451 4039 3639 4092 πενθεῖ
3674 4041 3768 4095 καὶ

2187 4134 2219 4203 ή
2252 4131 2493 4185 θάλασσα
2525 4130 2616 4182 καὶ
2645 4131 2772 4200 ἀὴρ,
2803 4127 2989 4181 πενθεῖ
3028 4129 3121 4181 καὶ
3155 4130 3182 4180 ό
3209 4129 3358 4198 ἥλιος
3391 4129 3501 4200 (48)
3532 4145 3546 4158 ο
3580 4132 3770 4187 πενθεῖ

2187 4221 2375 4276 καὶτὰ
2419 4221 2583 4293 ἄγρια
2628 4219 2773 4284 ζῶα,
2824 4223 2920 4274 σὺν
2975 4223 3272 4284 πετεινοῖς·
3322 4222 3608 4277 πενθοῦσιν
3665 4225 3765 4297 ὅρη

2185 4315 2279 4370 καὶ
2317 4314 2512 4384 βουνοί,
2537 4314 2631 4366 καὶ
2658 4313 2726 4366 τὰ
2756 4311 2886 4377 ξύλα
2913 4313 3008 4366 τοῦ
3041 4313 3244 4375 πεδίου,
3267 4313 3354 4367 διὰ
3383 4314 3442 4367 τὸ
3471 4316 3630 4384 γένος
3658 4319 3768 4370 τῶν

2184 4405 2504 4479 ἀνθρώπων,
2523 4407 2605 4458 δτι
2635 4407 2832 4468 πάντες
2859 4405 3134 4469 ἐξέκλιναν
3163 4407 3271 4459 ἀπὸ
3289 4405 3424 4460 Θεοῦ
3456 4407 3637 4475 ἁγίου,
3669 4409 3765 4463 καὶ

2184 4500 2262 4572 τῷ
2302 4499 2484 4568 πλάνῳ
2509 4499 2853 4557 ἐπίστευσαν,
2889 4498 3168 4568 δεξάμενοι
3194 4499 3286 4552 τὸν
3314 4501 3640 4573 χαρακτῆρα
3668 4501 3767 4557 τοῦ

2189 4591 2384 4664 μιαροῦ
2412 4591 2506 4644 καὶ
2527 4588 2814 4660 θεομάχου,
2843 4591 2964 4643 ἀντί
2994 4589 3087 4642 τοῦ
3118 4591 3378 4654 ζωοποιοῦ
3397 4591 3506 4664 (49)
3526 4593 3767 4666 σταυροῦ

2185 4684 2458 4755 Σωτῆρος.

2256 4774 2490 4832 XXXIV.
2522 4773 2782 4828 Πενθοῦσι
2833 4774 2890 4828 δὲ
2935 4773 3028 4827 καὶ
3083 4774 3140 4828 αἱ
3191 4773 3507 4848 Ἐκκλησίαι
3566 4777 3762 4838 πένθος,

2257 5137 2364 5207 (45)
2389 5136 2576 5210 _Yerba
2614 5136 2744 5210 Δτότε
2773 5137 2881 5210 ἀπὸ
2913 5151 3086 5210 usque
3130 5133 3459 5210 ἀχθήσονται
3505 5152 3574 5194 ex
3603 5137 3668 5190 Β.
3701 5147 3763 5195 et

2187 5206 2359 5262 altero
2387 5206 2500 5260 Pici
2531 5207 2718 5262 codice
2747 5208 2986 5262 restitui.

2278 5278 2367 5344 44)
2408 5276 2511 5348 Id.,
2544 5277 2964 5348 διαδραμούσης.

2278 5343 2366 5418 45)
2407 5346 2509 5411 1(Ι.,
2563 5343 2774 5418 ἐκτῶν
2820 5343 3006 5402 κόπων
3048 5343 3253 5413 αὐτῶν,
3296 5348 3392 5401 καὶ
3432 5349 3498 5402 ὲκ
3529 5349 3639 5402 τῶν
3667 5348 3764 5404 ἐπ’

2185 5416 2427 5487 ἀλλήλων
2462 5416 2719 5487 σεισμῶν.
3169 5485 3187 5487 Α
3543 5477 3547 5480 ί

2261 5485 2370 5557 (46)
2410 5487 2510 5552 Id.,
2542 5485 2607 5541 ὲκ
2636 5487 2744 5541 τῶν
2767 5487 3091 5557 καταιγίδων
3121 5485 3229 5542 τῶν
3251 5487 3468 5559 ἀνέμων
3497 5488 3598 5560 τὴν
3619 5487 3769 5558 ἡμέ-

2261 5575 2284 5629 ν
2297 5628 2302 5629 ί
2316 5559 2660 5629 ζητήσουσιν.
3333 5628 3340 5629 7

2223 5575 2284 5612 αν
2316 5575 2449 5612 ιητη
2459 5575 2660 5610 σουσιν.

2188 5576 2284 5631 ραν
2316 5576 2660 5629 ςητησουσιν.

2408 5628 2879 5702 Βηίμετέρχεσθαι
2920 5630 3010 5702 τὸν
3053 5629 3185 5700 βίον.
3211 5628 3404 5682 Πενθετ
3436 5630 3580 5696 τότε,
3608 5639 3718 5686 etc.

2257 5698 2371 5840 (48)
2406 5698 2566 5753 Addit
2600 5698 2805 5767 3.,ἀώ
2843 5703 2876 5770 ἠ
2909 5698 3123 5772 σελήνη.

2283 5768 2351 5824 49
2410 5770 2496 5838 8.,
2529 5771 2650 5826 ἀντὶ
2673 5772 2762 5826 τοῦ
2789 5772 2970 5840 τιμίου
2997 5771 3123 5826 καὶέ

2283 5768 2371 5842 49)
2410 5770 2496 5838 8.,
2529 5771 2650 5826 ἀντὶ
2673 5772 2762 5826 τοῦ
2789 5768 2970 5843 τιμίου
2997 5768 3398 5837 καϊζωοποιοῦ.
