4028 6214
241 300 349 358 957

1168 306 1438 365 SPURIA.
1478 342 1546 352 —
1572 311 1659 368 DE
1696 307 2280 369 CONSUMMATIONE
2316 309 2548 367 MUNDI.

3352 321 3453 377 938

240 419 411 491 μέγα,
447 418 579 474 διότι
602 420 726 475 οὔτε
758 424 1060 497 προσφορὰ,
1086 423 1206 477 οὔτε
1235 424 1483 497 θυμίαμα
1513 424 1625 499 (50)
1655 429 1783 483 ἐκτει

1906 443 2068 500 gnum
2096 445 2111 481 :
2137 428 2262 499 quia
2295 443 2393 484 nec
2421 428 2639 497 oblatio,
2686 445 2784 486 nec
2828 432 3033 491 sumtus
3057 427 3168 504 ﬁet,
3202 452 3303 493 nec
3335 441 3453 494 cul-

234 511 433 577 λεῖται,
461 511 585 567 οὔτε
621 513 841 588 λατρεία
896 515 1210 589 θεάρεστος·
1258 517 1392 572 ἀλλά
1435 519 1503 572 τὰ
1535 520 1654 593 ἱερά
1695 522 1803 575 τῶν

251 603 605 675 Ἐκκλησιῶν,
632 604 709 670 ὡς
742 606 1183 680 όπωροφυλάκιον
1220 610 1567 682 γενήσονται·
1612 613 1705 666 καὶ
1742 612 1803 666 τὸ

232 695 420 767 τίμιον
448 695 605 768 σῶμα
632 696 726 750 καὶ
766 691 905 769 αἷμα
930 698 1025 752 τοῦ
1062 698 1298 771 Χριστοῦ
1327 701 1386 755 ἐν
1418 705 1540 767 ταῖς
1571 704 1802 776 ἡμέραις

233 788 474 851 ἐκείναις
499 787 599 842 οὐκ
627 789 1024 862 ἀναφανήσεται
1068 791 1209 863 (51)·
1241 791 1548 867 λειτουργία
1575 795 1802 868 σϐεσθή-

234 894 412 942 σεται,
458 878 743 951 ψαλμῳδία
781 882 1133 954 παυθήσεται,
1164 883 1466 953 ἀνάγνωσις
1506 884 1615 941 τῶν
1665 887 1801 959 Γρα-

230 969 353 1038 φῶν
384 970 485 1024 οῦκ
527 971 1026 1044 είσακουσθήσεται.
1062 973 1219 1028 Ἀλλὰ
1262 974 1451 1040 σκότος
1493 975 1646 1030 ἔσται
1689 981 1800 1044 τοῖς

227 1059 572 1132 ἀνθρώποις,
613 1063 708 1116 καὶ
753 1062 949 1135 θρῆνος
998 1066 1092 1119 ἐπὶ
1145 1066 1358 1137 θρῆνον,
1391 1068 1485 1121 καὶ
1533 1068 1657 1122 οὐαὶ
1707 1070 1799 1124 ἐπὶ

226 1152 373 1206 οὐαί.
418 1152 661 1223 Ῥίψεται
700 1154 821 1208 τότε
847 1156 876 1208 ὁ
901 1154 1139 1228 ἄργυρος
1182 1159 1275 1211 καὶ
1300 1159 1329 1212 ό
1364 1158 1562 1231 χρυσὸς
1596 1160 1654 1213 ἐν
1678 1163 1798 1226 ταῖς

228 1242 540 1309 πλατείαις,
582 1245 676 1299 καὶ
723 1246 897 1310 οὐδεὶς
940 1247 1154 1315 συνάξει
1200 1249 1396 1314 αύτούς
1446 1249 1609 1324 (52)·
1664 1251 1798 1306 ἀλλὰ

226 1336 409 1390 πάντα
442 1336 701 1407 βδελυκτὰ
731 1337 1114 1410 καθεστήκασι.
1144 1339 1351 1405 Πάντες
1382 1340 1490 1413 γὰρ
1514 1341 1610 1396 τοῦ
1640 1341 1798 1412 ἐκφυ-

224 1430 346 1497 γεῖν
372 1429 469 1482 καὶ
506 1427 772 1500 κρυϐῆναι
813 1429 1191 1497 σπουδάσουσι,
1230 1431 1325 1484 καὶ
1364 1432 1600 1503 οὐδαμοῦ
1636 1433 1793 1505 δυνή-

227 1535 416 1572 σονται
442 1518 625 1573 λαθεῖν
654 1522 719 1574 ἐκ
746 1520 854 1574 τῶν
891 1520 1078 1575 παθῶν
1107 1521 1219 1592 (55)
1255 1520 1349 1575 τοῦ
1382 1523 1755 1594 ἀντικειμένου
1776 1542 1791 1556 ο

223 1609 365 1663 ἀλλὰ
395 1610 458 1663 τὸ
509 1613 734 1682 σημεῖον
780 1610 945 1665 αὐτοῦ
996 1612 1418 1684 περιφέροντες,
1458 1614 1669 1686 εὔδηλοι
1700 1616 1794 1671 καὶ

222 1705 459 1774 γνωστοὶ
484 1704 649 1758 αὐτοῦ
685 1703 1173 1777 άναδειχθήσονται.
1209 1704 1448 1769 Ἔξωθεν
1474 1707 1669 1776 φόϐος,
1700 1708 1794 1761 καὶ

220 1772 430 1851 ἔσωθεν
455 1798 672 1869 τρόμος,
701 1799 796 1850 καὶ
916 1772 1070 1850 νυκτὶ
1103 1796 1196 1851 καὶ
1226 1796 1286 1849 ἐν
1323 1772 1537 1869 ἡμέραν
1571 1799 1629 1851 ἐν
1658 1799 1793 1853 πλα-
1822 1772 1865 1829 Β

219 1888 344 1960 τείᾳ
368 1888 461 1941 καὶ
498 1890 555 1942 ἐν
582 1890 692 1953 τοῖς
718 1889 886 1953 οἴκοις
930 1888 1250 1960 θνησιμαῖα·
1281 1890 1340 1944 ἐν
1378 1890 1661 1957 πλατείαις
1690 1893 1790 1946 καὶ

219 1980 282 2034 ἐν
307 1979 476 2044 οἴκοις
496 1980 606 2052 (54)
633 1984 791 2035 πεῖνα
818 1981 909 2035 καὶ
927 1981 1071 2051 δίψα·
1094 1984 1153 2036 ἐν
1179 1981 1461 2047 πλατείαις
1478 1982 1713 2058 θόρυϐοι,
1734 1984 1792 2038 ἐν

218 2072 393 2134 οἷκοις
420 2071 674 2125 κοπετοί·
698 2072 1115 2144 μμὰρανταιτὸ
1145 2073 1339 2137 κάλλος
1356 2074 1454 2146 τῆς
1479 2072 1652 2143 ὅψεως
1678 2073 1793 2148 (55)

1904 529 1992 575 tus
2021 519 2132 574 Deo
2164 527 2370 591 gratus.
2416 521 2518 578 Sed
2546 520 2905 578 Ecclesiarum
2933 527 3073 585 aedes
3101 543 3270 585 sacrm
3296 538 3457 601 tugu-

1902 612 1970 666 rii
2002 612 2175 667 instar
2196 621 2356 668 erunt
2376 612 2443 680 ⁷³,
2474 614 2877 685 pretiosumque
2916 631 3113 689 corpus
3144 630 3200 677 et
3233 624 3457 692 sanguis

1901 702 2104 759 Christi
2160 718 2268 758 non
2300 704 2531 760 exstabit
2571 704 2627 760 in
2673 705 2869 762 diebus
2918 709 3047 777 illis,
3102 711 3318 785 liturgia
3360 730 3457 769 ex—

1902 794 2223 864 stinguetur,
2271 795 2603 864 psalmorum
2654 797 2962 854 decantatio
2999 802 3252 871 cessabit,
3307 802 3454 861 Scri-

1899 889 2179 951 pturarum
2214 883 2457 939 recitatio
2497 900 2603 939 non
2646 886 2913 943 audietur.
2968 888 3072 945 Sed
3109 902 3267 948 erunt
3310 898 3453 965 apud

1901 973 2149 1030 homines
2173 976 2428 1042 tenebrae,
2452 976 2764 1033 lamentatio
2793 996 2956 1050 super
2987 982 3451 1052 lamentationem,

1898 1079 1979 1119 vae
2007 1079 2170 1136 super
2200 1081 2300 1121 vae.
2333 1067 2630 1137 Argentum
2668 1078 2721 1125 et
2752 1085 2946 1127 aurum
2978 1083 3109 1132 tunc
3137 1078 3454 1148 projicietur

1899 1155 1955 1211 in
1997 1157 2221 1227 plateas,
2255 1172 2354 1214 nec
2384 1159 2670 1231 quisquam
2728 1163 2943 1235 colliget
2982 1182 3046 1221 ea
3084 1184 3099 1221 :
3142 1170 3236 1224 sed
3268 1173 3450 1228 omnia

1898 1248 2287 1304 abominationi
2332 1250 2626 1308 habebunt.
2659 1253 2848 1310 Cuncti
2882 1257 3026 1312 enim
3060 1259 3315 1328 aufugere
3357 1278 3451 1318 co-

1896 1340 2171 1395 nabuntur
2212 1349 2267 1395 et
2296 1342 2586 1410 abscondi;
2626 1360 2892 1415 nusquam
2938 1359 3115 1404 tamen
3156 1351 3322 1407 latere
3354 1370 3454 1424 po-

1896 1435 2077 1483 terunt
2126 1445 2159 1484 a
2198 1431 2356 1487 malis
2397 1433 2725 1501 adversarii;
2776 1437 2871 1491 sed
2919 1446 3101 1495 notam
3150 1442 3297 1498 illius
3345 1446 3455 1500 cir-

1896 1519 2255 1577 cumferentes
2296 1521 2455 1578 facile
2490 1538 2902 1595 cognoscentur,
2941 1545 3006 1585 ac
3042 1532 3157 1586 noti
3199 1534 3318 1605 ejus
3356 1537 3452 1593 de-

1895 1612 2266 1669 clarabuntur.
2314 1613 2477 1669 Extra
2508 1616 2690 1681 timor,
2725 1618 2872 1674 intus
2903 1629 3108 1679 tremor
3142 1635 3297 1681 nocte
3338 1629 3452 1685 die-

1896 1717 2021 1772 que,
2050 1713 2165 1757 tum
2198 1704 2252 1758 in
2280 1705 2474 1774 platea,
2508 1715 2620 1761 tum
2651 1708 2796 1763 domi
2824 1712 3143 1782 morticina;
3176 1716 3230 1769 in
3256 1717 3450 1787 plateis

1896 1803 1949 1849 ct
1978 1795 2231 1852 domibus
2264 1796 2434 1853 fames
2465 1814 2529 1853 ac
2559 1799 2718 1867 sitis;
2758 1802 2811 1856 in
2843 1804 3033 1873 plateis
3072 1808 3359 1877 tumultus,
3392 1812 3449 1865 in

1895 1886 2148 1943 domibus
2194 1889 2462 1958 planctus.
2494 1889 2863 1957 ,Pulchriludo
2892 1908 3143 1966 aspectus
3173 1898 3327 1956 faciei
3364 1911 3448 1957 ta-

1894 1977 2099 2041 bescet.
2128 1978 2257 2034 ﬁent
2286 1982 2429 2036 enim
2461 1980 2649 2040 formae
2682 2000 2871 2041 eorum
2904 1997 3161 2060 tanquam
3206 2002 3451 2049 mortuo-

1894 2086 2038 2126 rum.
2078 2070 2343 2129 Venustas
2373 2064 2659 2129 mulierum
2686 2088 2978 2147 exarescet,
3023 2082 3289 2152 cupiditas
3328 2099 3450 2140 om-

218 2162 317 2215 τοῦ
364 2162 685 2234 προσώπου·
728 2165 968 2233 γίνονται
1006 2164 1114 2238 γὰρ
1160 2166 1218 2220 ai.
1249 2164 1383 2219 ίδέαι
1413 2164 1612 2230 αὐτῶν,
1664 2165 1783 2218 ὼσεῖ

1897 2164 2048 2218 nium
2088 2165 2371 2220 hominum
2406 2176 2711 2225 evanescet.

217 2254 451 2327 νεκρῶν.
500 2257 607 2311 Καὶ
650 2257 711 2311 τὸ
759 2258 951 2322 κάλλος
1001 2258 1111 2312 τῶν
1157 2259 1431 2329 γυναικῶν
1472 2259 1875 2333 μαρανθήσεται
1903 2259 2050 2331 (56),
2081 2262 2175 2315 καὶ
2215 2262 2248 2333 ή
2278 2261 2537 2334 ἐπιθυμία
2568 2263 2675 2318 τῶν
2710 2264 3007 2337 ἀνθρώπων
3043 2268 3255 2325 πάντων
3287 2273 3448 2342 ἀφαι-

288 2348 353 2402 θή
362 2364 527 2402 σεται.

288 2348 317 2399 θ
362 2364 527 2402 σεται.

218 2348 507 2496 ρεΧήΧΧν.
550 2444 684 2498 Ούδέ
719 2444 830 2515 γὰρ
868 2444 988 2499 τότε
1017 2446 1045 2498 ὁ
1069 2446 1436 2519 εῦσπλαγχνος
1472 2448 1565 2503 καὶ
1593 2446 1779 2521 φιλάν-

218 2530 437 2603 θρωπος
487 2532 619 2599 Θεὸς
664 2535 977 2607 καταλείψει
1019 2537 1128 2592 τῶν
1178 2538 1478 2611 ἀνθρώπων
1530 2539 1591 2594 τὸ
1629 2540 1795 2611 γένος

216 2623 683 2696 ἀπαραμύθητον,
738 2627 873 2681 ἀλλὰ
917 2628 1011 2682 καὶ
1064 2628 1354 2684 κολοϐὡσει
1410 2629 1511 2695 τὰς
1573 2629 1785 2705 ἡμέρας

214 2716 465 2779 ἐκείνας·
522 2717 618 2770 καὶ
668 2718 759 2771 τὸν
822 2720 1011 2792 χρόνον
1069 2720 1178 2773 τῶν
1233 2719 1402 2793 τριῶν
1462 2721 1556 2774 καὶ
1614 2721 1786 2793 ἥμισυ

214 2807 358 2861 ἐτῶν
392 2807 523 2879 (57),
554 2810 646 2863 καὶ
685 2812 897 2883 ποιήσει
925 2811 1063 2866 αὐτὰ
1093 2813 1350 2884 σύντομα,
1388 2812 1476 2866 διὰ
1514 2813 1576 2867 τὸ
1613 2811 1784 2867 κατά-

212 2897 425 2970 λειμμα
449 2900 551 2954 τῶν
583 2903 640 2955 ἐν
665 2902 814 2974 ὄρεσι
842 2905 936 2958 καὶ
967 2905 1247 2976 σπηλαίοις
1274 2903 1778 2977 κατακρυφθέντων·

212 2989 304 3043 ἵνα
357 2991 431 3063 μή
494 2993 708 3048 πάντων
775 2995 884 3050 τῶν
950 2998 1120 3066 ἁγίων
1195 2996 1416 3050 ἐκείνων
1470 2997 1505 3066 ή
1567 2993 1778 3065 φάλαγξ

210 3082 456 3156 ὲκλεὶψῃ.
504 3083 660 3138 Ἀλλὰ
689 3086 824 3156 μετά
854 3088 1084 3160 σπουδῆς
1112 3088 1169 3141 αἱ
1213 3088 1415 3159 ἡμέραι
1461 3082 1620 3142 αὗται
1664 3085 1777 3157 (58)

210 3172 657 3244 διαδραμοῦνται·
688 3178 783 3230 καὶ
825 3179 1116 3251 ἀρθήσεται
1144 3180 1178 3250 ἡ
1218 3178 1463 3249 βασιλεία
1502 3178 1595 3232 τοῦ
1639 3178 1777 3231 πλά-

211 3282 303 3318 νου
334 3267 426 3319 καὶ
468 3267 829 3341 Ἀντιχρίστου
866 3271 924 3324 ἐν
952 3270 1122 3342 τάχει.
1179 3269 1281 3323 Καὶ
1321 3269 1504 3322 λοιπὸν
1552 3271 1609 3324 ἐν
1642 3272 1772 3342 ῥιπῇ

210 3355 489 3428 ὀφθαλμοῦ
533 3360 773 3435 παρέλθῃ
823 3360 884 3415 τὸ
930 3362 1113 3433 σχῆμα
1158 3360 1252 3414 τοῦ
1299 3360 1504 3431 κόσμου
1548 3360 1769 3415 τούτου·

1954 2422 2171 2500 XXXV.
2222 2442 2409 2514 Neque
2453 2452 2635 2500 tamen
2664 2460 2730 2501 eo
2765 2453 3007 2515 tempore
3038 2447 3349 2506 misericors
3391 2457 3446 2505 et

1882 2537 2163 2594 nominum
2206 2550 2397 2592 amans
2443 2534 2585 2591 Deus
2626 2536 2895 2606 relinquet
2939 2539 3236 2594 humanum
3273 2556 3443 2612 genus

1883 2631 2032 2686 omni
2066 2628 2435 2685 consolatione
2465 2627 2818 2694 destitutum;
2865 2630 2957 2684 sed
2988 2629 3287 2686 decurtabit
3325 2632 3442 2688 dies

1886 2721 2008 2776 illos
2049 2728 2103 2775 et
2141 2728 2354 2789 tempus
2404 2719 2571 2774 trium
2622 2734 2887 2775 annorum
2937 2720 3101 2777 semis
3162 2724 3441 2779 concisum

1887 2812 2074 2868 reddet
2096 2810 2165 2876 ",
2204 2818 2423 2881 propter
2470 2811 2727 2881 reliquias
2770 2811 3099 2868 latitantium
3136 2813 3192 2870 in
3242 2817 3441 2871 monti-

1887 2906 1991 2961 bus
2020 2913 2077 2960 et
2117 2902 2425 2974 speluncis;
2471 2918 2539 2958 ne
2574 2903 2807 2973 phalanx
2844 2905 2933 2960 illa
2968 2914 3279 2961 sanctorum
3320 2907 3440 2961 illo-

1886 3011 2005 3051 rum
2038 2995 2280 3051 omnium
2312 2993 2544 3049 deﬁciat.
2580 2992 2685 3049 Sed
2715 2994 2831 3051 dies
2860 2996 2939 3049 illi
2982 2996 3230 3052 celeriter
3262 3005 3439 3053 trans-

1883 3087 2057 3152 ibunt,
2087 3083 2386 3141 seductoris
2414 3085 2788 3141 etAntichristi
2814 3101 3039 3156 regnum
3065 3088 3174 3143 cito
3198 3090 3436 3145 tolletur.

1881 3175 2083 3231 Deinde
2145 3176 2197 3229 iu
2245 3175 2356 3230 ictu
2407 3174 2550 3230 oculi
2618 3176 2911 3246 praeteribit
2966 3177 3174 3247 species
3248 3179 3438 3234 mundi

1880 3268 2042 3339 hujus
2072 3269 2156 3337 ⁷⁸,
2204 3268 2598 3341 hominumque
2650 3268 2889 3338 potentia
2948 3269 3320 3336 evacuabitur,
3379 3279 3436 3327 et

1878 3369 2074 3416 cuncta
2102 3375 2223 3430 quae
2254 3360 2453 3417 cadunt
2487 3361 2590 3416 sub
2615 3360 2823 3427 oculos,
2848 3360 3187 3417 delebuntur.

210 3456 305 3508 καὶ
357 3456 467 3510 τῶν
537 3455 835 3528 ἀνθρώπων
887 3455 1024 3528 (59)
1070 3458 1105 3529 ή
1146 3456 1361 3525 ἐξουσία
1416 3454 1886 3528 καταργηθήσεται
1931 3452 2041 3525 (60)
2098 3452 2192 3507 καὶ
2261 3452 2330 3507 τὰ
2379 3453 2626 3526 δρώμενα
2672 3454 2843 3509 ταῦτα
2905 3456 3081 3510 πάντα
3135 3457 3434 3530 ἀφανισθή-

212 3565 415 3604 σονται.

278 3641 521 3700 XXXVI.
570 3643 786 3697 Τούτων
845 3638 937 3698 οὖν
989 3642 1293 3715 ἐσομένων,
1344 3642 1649 3713 ἀγαπητοὶ,
1700 3632 1776 3695 ὧν

208 3736 559 3808 προείπομεν,
594 3738 686 3791 καὶ
714 3737 815 3808 τῆς
866 3738 994 3807 μιᾶς
1048 3736 1337 3808 ἑϐδομάδος
1390 3736 1469 3800 εἷς
1491 3734 1584 3789 δύο
1617 3750 1773 3805 μερι’

208 3828 450 3900 σθείσης,
479 3829 570 3883 καί
608 3828 702 3882 τοῦ
751 3828 1116 3901 βδελύγματος
1150 3831 1249 3901 τῆς
1289 3826 1619 3900 ἐρημώσεως
1649 3825 1772 3878 τότε

205 3922 601 3992 ἀναφανέντος,
636 3922 868 3976 καὶτῶν
917 3923 1237 3995 προδρόμων
1282 3921 1392 3993 (61)
1430 3919 1524 3974 τοῦ
1564 3918 1769 3990 Κυρίου

202 4015 293 4070 τὸν
328 4015 459 4069 ἴδιον
499 4015 696 4087 δρόμον
722 4015 1071 4081 τελεσάντων,
1095 4016 1189 4070 καὶ
1214 4014 1308 4069 τοῦ
1341 4013 1647 4086 σύμπαντος
1677 4012 1770 4065 κό-

207 4124 345 4177 σμου
375 4106 561 4161 λοιπὸν
592 4106 704 4178 (62)
732 4108 811 4172 εἰς
844 4107 1145 4161 συντέλειαν
1186 4106 1498 4179 ἐρχομένου,
1529 4104 1581 4158 τί
1611 4119 1767 4175 περι-

201 4197 479 4262 λείπεται,
508 4197 676 4269 ἀλλ⁹ἦ
716 4199 750 4269 ἡ
782 4198 1069 4268 ἐπιφάνεια
1106 4197 1201 4252 τοῦ
1228 4198 1424 4271 Κυρίου
1456 4197 1550 4251 καὶ
1588 4195 1768 4265 Σωτῆ-

204 4306 294 4360 ρος
329 4288 489 4359 ἡμῶν
519 4287 693 4360 Ἰησοῦ
723 4287 982 4360 Χριστοῦ,
1016 4287 1111 4342 τοῦ
1154 4286 1285 4341 Υξοῦ
1329 4285 1424 4340 τοῦ
1468 4283 1626 4347 Θεοῦ,
1669 4282 1763 4337 ἀπ’

1957 3634 2199 3692 XXXVI.
2258 3637 2396 3692 Cum
2452 3638 2638 3708 igitur,
2686 3637 2902 3707 dilecti,
2955 3638 3136 3695 futura
3173 3642 3283 3697 sint
3323 3642 3437 3699 haec

1879 3747 2000 3803 qua:
2036 3738 2161 3785 ante
2196 3730 2466 3795 diximus,
2505 3730 2788 3801 divisaque
2825 3731 2882 3786 in
2925 3731 3061 3786 duas
3103 3742 3286 3801 partes
3325 3750 3434 3790 una

1881 3822 2220 3878 hebdomada
2264 3822 2350 3886 ⁷⁸,
2400 3831 2456 3875 et
2503 3821 2833 3876 abominatio
2894 3821 3247 3877 desolationis
3302 3831 3435 3879 tunc

1875 3913 2161 3978 exstiterit,
2177 3921 2231 3969 et
2246 3926 2605 3983 praecursores
2629 3911 2840 3967 Domini
2865 3927 3082 3968 cursum
3104 3929 3262 3969 suum
3282 3930 3434 3985 pere-

1873 4005 2064 4077 gerinl,
2083 4005 2287 4061 mundo
2304 4004 2532 4075 denique
2554 4004 2803 4059 universo
2819 4005 2884 4059 ad
2905 4007 3431 4063 consummationem

1868 4104 2221 4167 properante,
2258 4093 2388 4164 quid
2420 4102 2697 4164 superest,
2724 4092 2829 4149 nisi
2853 4093 3114 4148 adventus
3134 4094 3346 4150 Domini
3377 4106 3432 4152 et

1870 4186 2167 4243 Salvatoris
2211 4186 2383 4242 nostri
2412 4184 2542 4241 Jesu
2574 4184 2808 4253 Christi,
2838 4184 2960 4239 Filii
2994 4184 3110 4253 Dei,
3144 4187 3210 4242 de
3251 4186 3426 4255 cmlis,

1870 4279 1927 4335 in
1967 4296 2130 4351 quem
2175 4280 2540 4351 speravimus;
2588 4276 2681 4349 qui
2729 4277 3065 4333 exustionem
3111 4293 3175 4356 ac
3216 4278 3427 4349 justum

197 4358 465 4449 οὐρανῶν,
512 4358 593 4443 είς
634 4378 693 4432 ὃν
740 4358 1074 4452 ἠλπίσαμεν·
1107 4378 1166 4443 ὃς
1204 4375 1382 4444 ἐξάξει
1426 4376 1524 4447 τὴν
1576 4373 1762 4445 πύρωο

1887 4383 2034 4425 )mne
2065 4368 2333 4439 judicium
2370 4368 2563 4426 educet
2597 4368 2652 4423 in
2696 4382 2790 4424 eos
2822 4367 2915 4437 qui
2953 4382 3060 4422 non
3094 4369 3424 4427 crediderint

200 4486 285 4523 σιν
319 4469 455 4540 (65),
488 4470 584 4524 καὶ
607 4469 706 4541 τὴν
745 4469 1135 4542 δικαιοκρισίαν
1180 4470 1358 4522 πᾶσαν
1392 4469 1505 4531 τοῖς
1541 4463 1768 4536 ἀπειθή-

199 4578 359 4614 σασιν
391 4560 557 4631 αὐτῷ.
594 4561 755 4630 Λέγει
787 4561 894 4635 γὰρ
923 4564 953 4616 ὁ
984 4561 1186 4633 Κύριος
1209 4578 1223 4593 ο
1277 4561 1378 4613 Ὃν
1410 4558 1632 4628 τρόπον
1654 4556 1765 4627 γὰρ

197 4653 238 4720 ἡ
266 4653 548 4724 ἀστραπὴ
581 4654 883 4726 ἐξέρχεται
916 4653 1034 4709 ἀπὸ
1057 4652 1387 4716 ἀνατολῶν,
1428 4650 1528 4705 καὶ
1565 4649 1768 4719 φαίνε-

1870 4461 1960 4517 ei?
1986 4460 2076 4515 Ait
2099 4460 2245 4515 enim
2278 4458 2540 4517 Dominus
2570 4474 2586 4512 :
2629 4457 3077 4525 Quemadmodum
3111 4460 3290 4533 fulgur
3312 4464 3423 4515 exit

1870 4552 1935 4607 ab
1965 4553 2183 4615 oriente,
2208 4561 2259 4607 et
2290 4560 2506 4623 apparet
2541 4567 2702 4621 usque
2736 4550 2805 4603 ad
2841 4551 3157 4606 occidentem
3176 4568 3196 4607 :
3217 4553 3293 4606 sic
3322 4555 3424 4608 erit

1867 4644 2028 4699 etiam
2067 4643 2319 4698 adcentus
2343 4640 2477 4696 Filii
2514 4641 2759 4697 hominis.
2805 4638 2913 4705 ,Ubi
2952 4641 3091 4695 enim
3134 4641 3295 4711 fuerit
3333 4660 3423 4697 ca-

273 4791 322 4821 "
341 4790 541 4847 Jerem.
574 4808 721 4858 xxvr,
749 4791 838 4847 18.
914 4790 961 4822 ⁷⁸
984 4789 1172 4846 Matth.
1195 4806 1342 4857 niv,
1366 4789 1459 4843 22.
1531 4782 1617 4837 "l
1646 4782 1772 4838 Cor.

1893 4821 1909 4848 ,
1931 4780 2021 4837 5i.
2094 4779 2140 4812 ⁷⁸
2164 4778 2299 4834 Dan.
2336 4794 2412 4845 rx,
2441 4778 2531 4834 27.

267 4926 379 4997 (50)
420 4925 477 4997 lu
510 4927 571 4981 B.
605 4942 729 4980 mox
751 4924 1056 4997 _sequitur:
1098 4922 1235 4997 Οὔτε
1276 4921 1574 4997 ’τὺ-τίμιον*
1605 4919 1759 4997 ἐκτε-

192 4988 374 5050 λείταί
406 4996 565 5068 σῶμα
593 4997 687 5050 καὶ
713 4988 971 5068 αἷμα’τοῦ
995 4993 1251 5068 Χριστοῦ,
1279 4992 1373 5068 καὶ
1404 4988 1466 5068 ἐν
1484 4992 1603 5052 ταῖς
1625 4988 1760 5068 ἡμέ-

194 5058 600 5138 ραιςέκείναις
644 5069 744 5138 οὐκ
779 5058 1129 5138 ἆναφέρεται,
1167 5063 1263 5138 καὶ
1297 5062 1403 5138 γάρ
1450 5058 1758 5131 λειτουργία

192 5132 573 5204 σϐεσθήσεται,
616 5137 751 5191 ἀλλὰ
783 5132 973 5199 σκότος
1004 5134 1173 5189 ἔσται.
1220 5132 1296 5188 Ita
1333 5132 1447 5187 haec
1478 5145 1575 5201 pro
1605 5142 1758 5184 more

192 5216 487 5260 contrahit.

264 5277 381 5348 (Si)
432 5276 803 5348 Ἀναφέρεται,
830 5283 916 5333 est
949 5272 1100 5348 in_B.

264 5280 349 5342 (5|
432 5280 803 5348 Ἀναφέρεται,
830 5283 916 5333 est
949 5280 1004 5329 in
1038 5280 1100 5326 B.

262 5280 381 5487 (52)
419 5345 503 5399 Al.
533 5346 644 5402 Pici
678 5346 871 5403 codex.
902 5345 1121 5428 cu_vdyst
1154 5343 1309 5399 αύτά.
1465 5411 1477 5423 .
1708 5408 1720 5421 ο

262 5416 354 5485 (55
416 5415 503 5483 B.,
531 5417 786 5486 ἐκφυγεῖν
822 5417 889 5471 ἐκ
912 5430 1021 5470 των
1052 5415 1312 5485 παγίδων,
1348 5418 1546 5473 rectius
1579 5419 1635 5465 ut
1674 5425 1720 5463 νι

261 5415 374 5486 (55)
416 5415 503 5483 B.,
531 5417 786 5486 ἐκφυγεῖν
822 5417 889 5471 ἐκ
912 5415 1021 5470 τῶν
1052 5415 1312 5485 παγίδων,
1348 5415 1546 5473 rectius
1579 5419 1635 5465 ut
1674 5415 1753 5463 vi-

417 5554 474 5627 In
507 5555 698 5612 eodem
737 5555 923 5612 codice
959 5556 1157 5612 absunt
1182 5553 1344 5612 verba
1377 5552 1434 5607 ἐν
1469 5549 1747 5614 πλατείαις

189 5626 285 5680 καὶ
315 5626 375 5679 ἐν
411 5626 597 5689 οἴκοις.

263 5695 374 5767 (55)
414 5696 548 5752 Ibid.
584 5694 735 5751 deest
757 5695 855 5767 τῆς
892 5696 1089 5766 ὂψεως.

484 5793 756 5855 Ρηιιοι.
784 5794 900 5854 Cu.
933 5794 1013 5855 Χ,

1940 4914 2052 4986 (56)
2072 4916 2290 4989 _lterum
2330 4915 2526 4973 desunt
2568 4916 2623 4972 in
2665 4915 2728 4969 Β.
2762 4916 2923 4972 verba
2956 4916 3049 4970 καὶ
3085 4917 3314 4989 qusque
3356 4918 3426 4972 ad

1866 4985 2309 5057 ἀφαιρεθήσεται.

1938 5055 2053 5128 (57)
2091 5055 2148 5111 in
2173 5055 2246 5128 B._
2265 5058 2416 5111 deest
2449 5056 2541 5109 καὶ
2571 5055 2764 5126 ἥμισυ,
2795 5055 2887 5128 sed
2930 5063 3105 5113 exstat
3134 5058 3300 5125 Apoc.
3338 5070 3420 5120 ιι,

1865 5126 1919 5187 9,
1948 5125 2014 5180 ad
2033 5125 2204 5196 'quem
2232 5125 2411 5181 locum
2445 5133 2637 5182 auctor
2666 5127 2904 5196 respicit.

1934 5196 2047 5267 (58)
2083 5198 2167 5267 βυ
2201 5196 2383 5267 αὐτοῦ.

1932 5265 2043 5337 (⁷59)
2082 5265 2170 5337 8.,
2207 5266 2313 5320 τῶν
2345 5266 2632 5337 δαιμόνων.

1926 5326 2039 5407 (60)
2080 5326 2337 5406 Sequitur
2370 5326 2520 5391 in'B.
2554 5335 2736 5392 statim
2764 5350 2777 5387 :
2814 5333 3028 5389 Τούτων
3054 5326 3145 5389 οῦν
3181 5332 3257 5397 ὡς
3286 5346 3421 5406 προ-

1852 5408 2102 5478 είπομεν,
2130 5407 2422 5478 ἐσομένων.

1948 5475 2036 5548 6i)
2072 5477 2131 5529 Β.
2142 5516 2157 5541 ,
2187 5475 2501 5548 προφητῶν.

1948 5476 2008 5544 6i
2072 5477 2157 5541 B.,
2187 5476 2501 5548 προφητῶν.

1925 5476 2038 5618 (62)
2071 5548 2136 5618 in
2166 5546 2354 5618 eodem
2398 5562 2501 5600 ms.
2532 5545 2686 5618 abest
2716 5543 2923 5618 λοιπόν.

1923 5612 2034 5687 (63)
2071 5614 2156 5680 B.,
2180 5615 2541 5687 ἐκπλήρωσιν,
2578 5615 2671 5671 sed
2705 5615 2814 5671 duo
2863 5628 2995 5671 mss.
3028 5614 3228 5684 quibus
3256 5612 3420 5672 Picus

1850 5682 1984 5742 usus
2012 5682 2120 5749 est,
2142 5682 2409 5753 πήρωσιν.

3020 5779 3098 5839 30
