4028 6214
510 281 615 338 939

1288 280 1570 337 APPEND.
1608 281 1698 336 AD
1736 281 2015 338 PARTEM
2066 281 2111 338 II
2152 282 2435 342 OPERUM
2476 287 2533 343 S.
2568 286 2948 345 IIIPPOLYTI.

3638 288 3751 350 9&0“

506 400 691 469 daver,
736 401 852 457 illic
883 402 1340 473 congregabantur
1392 413 1443 457 et
1491 403 1683 483 aquila:
1734 406 1799 460 "".
1871 404 2085 461 Orietur

2186 423 2279 461 ται
2321 407 2431 476 ἕως
2469 410 2738 480 δυσμῶν,
2788 412 2973 478 οὕτως
3018 410 3087 466 ett
3094 428 3186 466 ται
3226 412 3323 467 καί
3362 413 3401 482 ἠ
3447 418 3750 485 παρουσία

506 496 651 550 enim
684 494 753 550 ab
778 494 987 550 oriente
1019 496 1086 549 ad
1125 495 1460 552 occidentem
1495 511 1668 567 usque
1703 497 1920 569 signum
1952 514 2079 555 cru-

506 588 587 643 cis
625 586 932 657 superantis
960 586 1301 657 splendorem
1335 589 1488 654 solis,
1526 587 1857 645 denuntians
1872 590 2079 645 adven-

504 689 619 735 tum
668 686 721 733 et
761 679 1153 749 apparitionem
1202 678 1440 750 judicis:
1507 689 1568 734 ut
1618 680 1808 735 reddat
1863 680 2063 750 cuique

506 771 806 826 secundum
849 785 1013 841 opera
1058 785 1176 825 sua.
1225 768 1358 825 Nam
1408 770 1475 825 de
1520 772 1923 827 resurrectione
1954 771 2080 826 uni~

2182 497 2289 552 τοῦ
2347 498 2481 553 Υιοῦ
2536 499 2642 553 τοῦ
2690 500 3000 569 ἀνθρώπου
3019 518 3031 531 ο
3082 502 3233 557 ὅπου
3287 503 3396 573 γὰρ
3445 504 3556 559 ἐὰν
3586 499 3629 577 ᾖ
3674 507 3749 561 τὸ

2175 585 2410 656 πτῶμα,
2436 589 2565 644 ἐκεῖ
2586 591 3075 660 συναχθήσονται
3111 592 3211 647 καὶ
3241 596 3296 648 οι
3327 595 3508 652 ἀετοί.
3542 597 3616 651 Τὸ
3636 597 3754 671 γὰρ

2179 681 2403 750 σημεῖον
2420 678 2514 732 τοῦ
2540 681 2771 753 σταυροῦ
2797 680 2909 751 (64)
2931 682 3038 736 ἀπὸ
3064 682 3338 738 ἀνατολῶν
3376 684 3480 750 ἕως
3525 685 3752 759 δυσμῶν

2173 769 2420 823 ἀνατελεῖ
2451 771 2588 842 ὑπὲρ
2629 771 2728 843 τὴν
2768 771 3124 843 λαμπρότητα
3165 772 3259 826 τοῦ
3293 772 3467 845 ἡλίου,
3507 777 3599 829 καὶ
3639 794 3751 848 μη-

385 1917 389 1920 ν
497 1888 729 1941 mientes
752 1900 783 1940 e
810 1883 1247 1955 profundissimis
1269 1892 1427 1939 teme
1440 1892 1548 1937 tam
1566 1882 1741 1953 iustos
1767 1896 1928 1952 quam
1954 1895 2082 1950 pec-

502 879 661 919 versa
706 873 761 917 et
795 862 863 917 de
892 876 1058 934 regno
1088 870 1400 918 sanctorum
1435 862 1673 932 loquitur
1716 862 1902 917 Daniel
1945 879 1959 916 :
2003 860 2073 915 Et

2176 862 2326 916 νύσει
2357 861 2452 915 τοῦ
2480 863 2667 936 κριτοῦ
2697 864 2795 937 τὴν
2818 863 3025 918 έλευσιν
3054 865 3149 919 καὶ
3174 865 3272 938 τὴν
3302 868 3621 938 ἐμφάνειαν,
3646 868 3752 924 τοῦ

502 956 661 1010 multi
705 955 1080 1009 dormientium
1124 954 1496 1009 excitabuntur
1544 971 1572 1008 e
1634 954 1840 1023 pulvere
1879 962 2065 1008 teme:

2176 954 2464 1008 ἀποδοῦναι
2510 956 2723 1027 ἑκάστῳ
2770 957 2911 1011 κατά
2948 954 3019 1010 τὰ
3048 956 3184 1029 ἔργα
3223 956 3419 1013 αὐτοῦ’
3466 961 3593 1033 περὶ
3634 963 3752 1032 γὰρ

501 1048 556 1100 hi
595 1048 650 1100 in
684 1048 844 1101 vitam
889 1055 1173 1110 wternam,
1206 1044 1287 1098 illi
1323 1045 1377 1098 in
1419 1046 1794 1099 contumeliam
1834 1054 1883 1099 et
1920 1046 2070 1116 igno-

2176 1051 2270 1120 τῆς
2300 1049 2648 1114 ἀναστάσεως
2678 1050 2785 1103 τῶν
2820 1050 3104 1121 ἅπανταχῆ
3137 1047 3272 1120 (65),
3316 1052 3407 1104 καὶ⁸
3443 1051 3546 1122 τῆς
3585 1051 3748 1123 βασι-

500 1139 722 1191 mim'am
757 1145 1010 1191 externam
1033 1136 1100 1192 ".
1147 1135 1315 1193 Isaias
1357 1143 1539 1192 autem
1571 1136 1740 1192 dicit:
1782 1136 2071 1208 Resurgent

2176 1140 2317 1205 λείας
2363 1140 2466 1195 τῶν
2510 1141 2699 1209 ἀγίων,
2742 1141 2888 1209 λέγει
2932 1139 3157 1212 Δανιήλ·
3207 1142 3316 1195 Kal
3367 1142 3581 1197 πολλοὶ
3630 1140 3750 1214 (66)

502 1230 721 1291 mortui,
756 1237 805 1283 et
831 1228 1204 1284 excitabuntur
1226 1230 1315 1301 qui
1348 1239 1470 1284 sunt
1505 1229 1563 1283 in
1598 1229 1969 1295 monumentis,
2004 1246 2067 1282 ac

2176 1231 2294 1286 τῶν
2334 1233 2743 1286 καθευδόντων
2793 1233 2862 1285 ἐν
2904 1231 3018 1302 τῆς
3056 1230 3276 1302 χώματι
3320 1233 3754 1304 ἐξεγερθήσον-

505 1319 831 1376 laetabuntur
867 1322 1163 1375 habitantes
1205 1323 1262 1375 in
1292 1329 1431 1375 terra
1451 1320 1516 1375 ⁷⁸.
1565 1320 1826 1375 Dominus
1851 1335 2069 1391 quoque

2176 1338 2299 1387 ται,
2331 1316 2500 1377 οὗτοι
2535 1324 2622 1387 εὶς
2660 1319 2813 1391 ζωὴν
2860 1322 3117 1388 αιώνιον,
3145 1324 3245 1379 καὶ
3286 1319 3449 1380 οὗτοι
3475 1325 3561 1391 εις
3588 1325 3752 1379 ὀνει-

498 1425 682 1471 noster
715 1416 819 1470 ait:
848 1413 1001 1469 .Ilulti
1032 1415 1085 1468 in
1116 1413 1214 1469 illa
1238 1413 1322 1468 die
1343 1414 1556 1469 audient
1581 1429 1753 1469 vocem
1778 1410 1913 1466 Filii
1941 1410 2059 1466 Dei.

2176 1412 2383 1482 δισμόν
2418 1412 2517 1467 καὶ
2551 1416 2638 1478 εὶς
2690 1415 2991 1484 αἰσχύνην
3032 1415 3267 1469 αἰώνιον
3321 1414 3457 1487 (67).
3516 1415 3752 1482 Ἡσαΐας

498 1506 571 1562 Et
589 1510 678 1579 qui
706 1508 992 1575 audierint,
1030 1509 1196 1563 vivent
1218 1508 1288 1564 ⁸⁰.

2176 1503 2221 1556 Βὲ
2254 1504 2431 1571 λέγει·
2481 1503 2946 1571 Ἀναστήσονται
2994 1508 3048 1560 οι
3092 1507 3323 1576 νεκροί,
3358 1507 3458 1562 καὶ
3503 1506 3753 1579 ἐγερθή-

496 1618 707 1658 σονται
743 1605 798 1657 οι
832 1602 902 1655 ἐν
937 1601 1058 1669 τοῖς
1104 1603 1430 1673 μνημείοις,
1472 1602 1569 1658 καὶ
1609 1600 2125 1671 εὐφρανθήσονται
2167 1601 2220 1652 οἱ
2262 1598 2333 1650 ἐν
2361 1595 2435 1666 τῇ
2461 1595 2539 1668 γῇ
2569 1596 2702 1670 (68).
2744 1598 2803 1652 '0
2826 1598 2883 1652 δὲ
2924 1600 3126 1673 Κύριος
3172 1599 3333 1674 ἡμῶν
3370 1600 3516 1671 λέγει
3538 1618 3556 1634 ⁸
3586 1607 3750 1659 Πολ-

493 1697 587 1750 .tol
613 1695 722 1767 (69)
746 1694 816 1749 ἐν
845 1695 1046 1765 ἐκείνῃ
1069 1695 1145 1765 τῇ
1170 1695 1361 1766 ἡμέρᾳ
1388 1695 1751 1751 ἀκούσονται
1779 1692 1887 1762 τῆς
1916 1690 2122 1763 φωνῆς
2159 1688 2265 1744 τοῦ
2305 1688 2440 1743 Υἱοῦ
2484 1689 2590 1744 τοῦ
2621 1690 2788 1753 Θεοῦ,
2828 1692 2927 1746 καὶ
2959 1695 3015 1748 οι
3049 1693 3420 1761 ἀκούσαντες
3444 1692 3746 1761 ζήσω-ται.

564 1790 987 1847 XXXVII.Tunc
1003 1792 1147 1847 enim
1165 1792 1381 1847 sonabit
1394 1792 1522 1853 tuba
1541 1791 1608 1857 ⁸¹,
1625 1798 1678 1846 et
1692 1788 2082 1846 excitabitdor-

2252 1781 2512 1839 XXXVII.
2580 1785 2712 1839 Τότε
2750 1784 2858 1856 γὰρ
2896 1786 3010 1857 (70)
3042 1788 3077 1859 ή
3109 1786 3341 1858 σάλπιγξ
3386 1788 3599 1861 ἡχήσει,
3648 1787 3755 1845 καὶ

2179 1873 2469 1946 ὲξυπνήσει
2522 1876 2646 1940 τοὺς
2689 1878 3119 1950 κεκοιμημένους
3155 1881 3220 1935 ὲκ
3267 1879 3375 1935 τῶν
3417 1881 3752 1937 κατωτάτων

497 1989 742 2035 catores:
767 1978 1049 2047 omnisque
1070 1985 1285 2042 natura,
1320 1976 1533 2047 lingua,
1552 1990 1681 2047 gens
1715 1983 1768 2029 et
1792 1974 1966 2030 tribus
1990 1990 2079 2029 re-

2177 1970 2276 2036 τῆς
2303 1969 2406 2038 γῆς
2430 2006 2445 2031 ,
2476 1967 2716 2033 δικαίους
2747 1969 2858 2039 (71)
2890 1971 2984 2025 κα)⁵
3024 1971 3379 2042 ἁμαρτωλούς
3403 1988 3416 2002 ’
3460 1972 3554 2026 καὶ
3596 1976 3752 2028 πᾶσα

496 2077 718 2141 surgent
732 2069 786 2123 in
809 2069 917 2124 ictu
934 2068 1077 2124 oculi
1095 2069 1161 2135 ”,
1178 2076 1231 2124 et
1249 2068 1502 2124 astahunt
1516 2081 1676 2137 super
1693 2063 1882 2121 faciem
1903 2073 2077 2128 terrae,

501 2168 882 2232 exspectantes
916 2160 1051 2231 justi
1085 2168 1248 2231 atque
1276 2158 1530 2214 terribilis
1560 2157 1762 2227 judicis
1787 2155 2078 2211 adventum

499 2255 556 2309 in
603 2254 799 2308 timore
843 2261 899 2308 et
943 2259 1180 2308 tremore
1234 2249 1606 2307 inenarrabili.
1654 2247 1880 2303 Fluvius
1927 2246 2077 2303 enim

502 2344 693 2415 igneus
723 2342 1007 2413 egrediens
1036 2356 1159 2397 cum
1185 2339 1369 2396 lurore
1397 2339 1569 2395 instar
1594 2338 1763 2395 maris
1787 2336 1914 2393 δαινὶ
1945 2352 2078 2392 exu-

495 2444 580 2491 ret
612 2443 825 2489 montes
865 2442 920 2490 et
972 2433 1171 2499 colles,
1212 2440 1266 2488 et
1292 2447 1442 2488 mare
1478 2431 1714 2497 delebit,
1761 2446 1825 2486 ac
1876 2431 2075 2487 aethera

498 2528 649 2583 velut
686 2542 866 2582 ceram
904 2524 1331 2581 inﬂammatione
1368 2523 1629 2580 dissolvet
1669 2523 1736 2578 ⁸³.
1775 2521 1952 2578 Stella:
1978 2538 2073 2577 ca-

498 2621 629 2677 dent
653 2621 720 2676 de
743 2620 882 2676 caelo
904 2618 972 2685 “,
1001 2618 1084 2673 sol
1112 2625 1455 2673 convertetur
1474 2617 1529 2671 in
1554 2616 1828 2678 tenebras.
1860 2626 1913 2670 et
1940 2616 2073 2669 luna

496 2713 551 2767 in
586 2712 903 2784 sanguinem
951 2710 1026 2776 ⁸⁵,
1077 2710 1273 2765 caelum
1304 2724 1455 2765 more
1479 2708 1605 2763 libri
1632 2707 1965 2764 volutabitur
1992 2707 2063 2763 ⁸⁸.

498 2803 770 2860 Exuretur
798 2804 1053 2858 universa
1077 2811 1220 2858 terra
1242 2843 1258 2870 ,
1303 2810 1522 2873 propter
1559 2815 1723 2871 opera
1759 2814 1881 2871 quae
1923 2800 1976 2854 in
2007 2814 2072 2854 ea

499 2906 859 2968 corruperunt
890 2896 1160 2961 homines,
1193 2896 1248 2949 in
1273 2894 1698 2950 scortationibus
1718 2935 1732 2961 ,
1764 2892 2068 2959 adulteriis,

494 2989 794 3045 mendaciis
816 3030 831 3054 ,
875 2987 1234 3043 immunditiis
1257 3026 1272 3052 ,
1323 2985 1647 3041 idololatriis
1670 3024 1685 3051 ,
1722 2984 1960 3039 caedibus
2003 2997 2070 3038 ac

499 3078 715 3148 pugnis.
747 3075 881 3131 Nam
902 3076 1230 3131 'lietlcoelum
1262 3089 1461 3129 novum
1495 3083 1548 3130 et
1570 3082 1714 3128 terra
1742 3089 1882 3128 nova
1910 3074 1976 3128 ⁸⁷.

2179 2061 2361 2131 φύσις,
2390 2062 2482 2115 καὶ
2506 2061 2744 2130 γλῶσσα,
2771 2062 2863 2115 καὶ
2901 2061 3071 2127 ἔθνος,
3103 2064 3197 2116 καὶ
3224 2061 3383 2135 φυλὴ,
3413 2063 3752 2136 ἀναστήσον-

2176 2170 2267 2206 ται
2313 2153 2372 2206 ὲν
2433 2154 2566 2224 ῥιπῇ
2624 2150 2941 2223 ὀφθαλμοῦ·
3007 2153 3104 2207 καὶ
3159 2155 3602 2227 παραστήσονται
3651 2156 3750 2215 tie

2176 2243 2468 2316 προσώπου
2500 2245 2599 2316 τῆς
2629 2247 2754 2316 γῆς,
2789 2245 3128 2317 ἐκδεχόμενοι
3158 2246 3259 2317 τὴν
3275 2245 3368 2300 τοῦ
3411 2247 3622 2304 δικαίου
3651 2250 3754 2303 καὶ

2174 2336 2403 2411 φοϐεροῦ
2436 2335 2622 2409 κριτοῦ
2652 2336 2879 2403 ἐλευσιν,
2908 2339 2965 2391 ὲν
2991 2337 3139 2410 φόϐῳ
3167 2338 3262 2392 καὶ
3290 2341 3349 2392 ἐν
3378 2338 3564 2411 τρόμῳ
3590 2339 3753 2411 ἀδιη-

2172 2428 2322 2499 γήτῳ
2340 2444 2356 2460 ·
2387 2427 2417 2479 ό
2438 2426 2546 2499 γὰρ
2573 2426 2797 2499 πύρινος
2821 2426 3062 2498 ποταμὸς
3081 2426 3432 2500 ἐξερχόμενος
3461 2428 3572 2499 (72)
3606 2429 3752 2500 μετά

2174 2514 2369 2590 Θυμοῦ,
2401 2514 2589 2590 ὥσπερ
2620 2518 2787 2591 ἀγρία
2815 2518 3057 2575 θάλασσα
3077 2556 3094 2584 ,
3126 2519 3220 2572 καὶ
3272 2518 3605 2573 κατακαύσει
3639 2520 3750 2592 ὅρη

2173 2612 2265 2665 καὶ
2299 2610 2539 2683 βουνοὺς,
2574 2611 2669 2664 καὶ
2697 2609 2796 2682 τὴν
2824 2609 3096 2664 θάλασσαν
3124 2610 3394 2680 ἀφανίσει,
3425 2610 3633 2665 καὶτὸν
3658 2612 3749 2664 αί-

2175 2701 2310 2775 θέρα
2334 2701 2574 2756 διαλύσει
2621 2704 2687 2757 ὲκ
2712 2702 2811 2773 τῆς
2858 2702 3173 2775 πυρώσεως,
3199 2702 3387 2776 ὥσπερ
3436 2703 3629 2775 κηρόν.
3658 2704 3748 2757 Τὰ

2174 2796 2351 2867 ἀστρα
2380 2795 2474 2849 τοῦ
2508 2794 2736 2868 ούρανοῦ
2771 2795 3078 2860 πεσοῦνται,
3109 2796 3137 2849 ὁ
3165 2794 3313 2867 ἥλιος
3356 2795 3749 2867 μεταστραφή-

2172 2906 2321 2944 σεται
2360 2890 2440 2952 είς
2473 2890 2683 2953 σκότος,
2713 2889 2806 2942 καὶ¹
2834 2891 2868 2960 ή
2898 2887 3091 2960 σελήνη
3125 2890 3204 2950 εἰς
3236 2881 3394 2958 αἷμα.
3429 2887 3487 2940 Ὁ
3514 2887 3748 2957 οὐρανὸς

2169 2980 2245 3045 ib;
2277 2980 2479 3052 βιϐλίον
2530 2980 2818 3034 εἱλίσσεται
2841 2997 2856 3010 ’
2890 2982 2924 3051 ὴ
2964 2982 3033 3052 γῆ
3073 2981 3221 3034 πᾶσα
3266 2981 3747 3053 κατακαυθήσεται

2168 3071 2255 3126 διὰ
2281 3071 2353 3126 τὰ
2377 3072 2432 3125 ὲν
2454 3071 2590 3142 αὐτῇ
2621 3071 2777 3143 ἔργα,
2812 3070 2955 3144 ἅπερ
2986 3072 3294 3145 διέφθειραν
3312 3074 3423 3146 (75)
3447 3075 3496 3128 οί
3530 3074 3749 3148 ἄνθρω-

492 3188 604 3239 ποι,
638 3174 695 3225 ὲν
725 3172 997 3245 πορνείαις
1019 3211 1033 3235 ,
1076 3173 1137 3225 ὲν
1172 3170 1454 3241 μοιχείαις,
1491 3170 1585 3224 καὶ
1615 3170 1672 3222 ὲν
1715 3169 1933 3239 ψεύδεσι
1976 3169 2069 3222 καὶ
2097 3168 2475 3240 ἀκαθαρσίαις,
2531 3168 2626 3221 κα)⁵
2654 3168 2712 3221 ὲν
2739 3167 3190 3240 εἰδωλολατρίαις,
3220 3169 3313 3222 καὶ
3340 3170 3396 3223 ὲν
3425 3168 3751 3240 φόνοις,καὶ

490 3265 549 3318 ὲν
580 3263 796 3335 μάχαις.
818 3264 1106 3334 Γενήσεται
1135 3262 1244 3333 γὰρ
1271 3264 1300 3314 ό
1322 3260 1548 3333 οὐρανὸς
1568 3260 1762 3325 καινὸς
1781 3301 1795 3326 ,
1845 3260 1940 3313 καὶ
1969 3262 2003 3332 ή
2029 3261 2100 3332 γῆ
2127 3262 2284 3330 καινή
2312 3259 2443 3345 (74).

560 3358 842 3415 XXXVIII.
883 3358 1038 3414 Tunc
1078 3358 1250 3415 sancti
1274 3357 1453 3429 angeli
1476 3357 1803 3424 discurrent,
1830 3365 2097 3428 congre-l

2226 3353 2523 3410 XXXVIII.
2556 3355 2689 3408 Τότε
2724 3355 2774 3408 οἱ
2801 3353 2944 3424 ἀγιοι
2972 3356 3191 3425 ἄγγελοι
3228 3355 3603 3430 ὲπιθρέξουσιν
3630 3345 3749 3428 (75)

490 3460 680 3525 gantes
699 3466 887 3506 omnes
913 3458 1099 3522 gentes
1119 3450 1185 3515 ⁸⁸,
1203 3463 1341 3519 quos
1362 3445 1763 3518 expergefaciet
1791 3447 2060 3502 horrenda

488 3558 598 3598 vox
629 3543 721 3598 illa
754 3543 923 3598 tubazz
958 3542 1328 3611 sistenturque
1350 3538 1417 3595 ad
1441 3538 1681 3594 tribunal
1709 3536 1949 3606 Christi,
1980 3536 2073 3607 qui

492 3634 643 3691 fuere
665 3634 938 3704 quondam
967 3647 1143 3703 reges,
1166 3630 1459 3702 principes,
1489 3628 1794 3701 pontiﬁces,
1825 3627 2077 3684 sacerdo-

495 3736 584 3783 tes
617 3745 632 3794 ;
679 3736 742 3783 ut
788 3725 1273 3781 administrationis
1309 3739 1422 3779 suae
1447 3731 1500 3779 et
1529 3722 1685 3778 ovilis
1727 3720 1953 3777 reddant
1989 3735 2076 3775 ra-

492 3818 732 3884 tionem;
768 3815 864 3887 qui
888 3814 1139 3870 videlicet
1163 3828 1259 3883 per
1298 3812 1677 3884 negligentiam
1711 3826 1867 3867 suam
1890 3810 2074 3881 perdi-

490 3908 691 3965 derunt
725 3923 881 3963 ovem
913 3907 979 3963 de
1010 3921 1168 3979 grege
1192 3919 1314 3960 suo.
1347 3902 1698 3959 Adducentur
1722 3918 1788 3958 eo
1833 3913 2073 3974 tempore

492 4001 695 4057 milites
740 4000 785 4034 "
816 4039 831 4064 ,
889 3999 1004 4068 qui,
1029 4013 1138 4052 non
1183 3995 1422 4052 contenti
1484 3994 1764 4065 stipendiis
1821 3995 1959 4060 suis,
1980 4011 2073 4050 ve-

494 4104 695 4147 xarunt
727 4090 920 4149 viduas
942 4131 956 4154 ,
991 4089 1256 4161 pupillos,
1287 4096 1342 4141 et
1369 4101 1653 4156 pauperes.
1690 4084 1843 4141 Tunc
1876 4086 2073 4143 sisten-

492 4193 582 4239 tur
610 4185 796 4243 tributi
824 4192 1134 4249 exactores,
1165 4181 1257 4251 qui
1284 4180 1407 4250 plus
1431 4193 1593 4249 quam
1627 4177 1697 4233 sit
1724 4177 2068 4248 imperatum,

492 4276 718 4349 pauperi
745 4276 1002 4346 eripiunt.
1041 4272 1231 4329 Itidem
1257 4271 1351 4342 qui
1381 4269 1611 4340 probum
1636 4284 1829 4323 aurum
1865 4270 2072 4325 adulte-

490 4378 637 4433 rant,
663 4375 726 4423 ut
748 4368 947 4423 damno
970 4377 1259 4436 pauperem
1284 4361 1541 4427 alliciant,
1569 4360 1623 4415 in
1659 4360 1806 4429 agris
1828 4403 1842 4428 ,
1880 4359 1934 4414 in
1966 4360 2069 4415 do-

491 4461 695 4527 mibus,
723 4460 779 4514 in
810 4457 1076 4515 ecclesiis.
1107 4453 1263 4510 Tunc
1286 4460 1582 4525 exsurgent
1611 4451 1860 4508 eﬂ'emina
1873 4449 1913 4506 ti
1943 4467 2067 4507 cum

491 4553 716 4624 pudore,
738 4552 832 4622 qui
862 4548 1077 4621 quidem
1110 4548 1327 4604 thorum
1353 4546 1634 4617 proprium
1660 4545 2066 4601 immawlatum

492 4661 603 4702 non
647 4650 1026 4698 servaverunt:
1066 4642 1160 4697 sed
1204 4639 1397 4713 quavis
1439 4638 1620 4696 carnis
1663 4638 2066 4709 pulchritudine

564 4765 608 4797 ⁷⁷
628 4761 815 4818 Matth.
848 4776 997 4825 xxiv,
1024 4758 1116 4825 27,
1131 4758 1221 4815 28.
1298 4759 1343 4791 ⁷⁸
1362 4757 1497 4812 Dan.
1528 4774 1627 4824 χιι,
1649 4756 1704 4813 2.
1777 4758 1825 4790 τ’
1858 4756 1960 4813 Isa.
1999 4774 2097 4815 xxv

569 4876 583 4899 ,
613 4833 700 4890 52.
792 4831 838 4863 ⁸³
859 4831 902 4883 ll
929 4830 1072 4884 Petr.
1098 4846 1174 4894 ιιι,
1200 4831 1289 4902 12.
1390 4829 1437 4861 ⁸⁸
1473 4828 1665 4902 Matth.
1697 4843 1845 4893 xxiv,
1875 4827 1963 4884 29.
2071 4830 2097 4863 ⁸η

2177 4762 2268 4818 «Il.
2344 4763 2389 4796 ⁸ο
2414 4762 2580 4819 Joan.
2607 4780 2658 4828 ν,
2690 4764 2781 4820 25.

2176 4836 2268 4889 tct.
2293 4850 2413 4902 vui,
2454 4834 2544 4889 20.
2646 4836 2692 4867 ⁸⁸
2729 4835 2781 4902 Δ]

494 4850 583 4899 xv,
613 4833 700 4890 52.
792 4831 838 4863 ⁸³
859 4831 902 4883 ll
929 4830 1072 4884 Petr.
1098 4846 1174 4894 ιιι,
1205 4831 1289 4884 I2.
1390 4829 1437 4861 ⁸⁸
1478 4828 1665 4883 Matth.
1697 4843 1845 4893 xxiv,
1875 4827 1963 4884 29.

493 4905 540 4938 ⁸⁸
562 4904 749 4958 Matth.
780 4918 926 4967 xxiv,
951 4902 1038 4955 51.
1118 4902 1163 4933 ⁸⁸
1199 4900 1330 4956 Luc.
1356 4916 1439 4966 ιιι,
1467 4899 1553 4956 14.

590 4998 681 5066 64)
707 4995 803 5066 121⁵.
837 4994 923 5050 Jo.
958 4993 1134 5066 Yossii
1167 4995 1345 5050 theses
1378 4994 1639 5066 theolog.,
1668 4994 1858 5066 p.228
1886 5010 2001 5066 seq.

590 4999 681 5066 64)
720 4999 803 5052 Cf.
837 4999 923 5050 Jo.
960 4999 1134 5051 Vossii
1167 4999 1345 5050 theses
1378 4999 1639 5065 theolog.,
1671 5010 1726 5062 p.
1753 4999 1858 5048 228
1886 5010 2001 5066 seq.

500 5141 513 5154 .
568 4999 679 5154 (65)
703 5065 875 5122 Verba
904 5064 1010 5119 τῶν
1038 5066 1318 5136 ἁπανταχῇ
1355 5080 1524 5136 usque
1556 5064 1623 5118 ad
1654 5064 1825 5133 ἁγίων
1874 5067 2072 5124 desunt

498 5156 555 5195 ω
825 5206 960 5281 Pici,
982 5204 1165 5264 πολλοὶ
1193 5204 1298 5259 τῶν
1327 5204 1392 5259 ἐκ
1419 5205 1524 5276 γῆς
1553 5204 1804 5277 χώματος
1832 5205 2068 5279 ἀναστή-

501 5277 707 5342 σονται,
734 5279 807 5333 ita
827 5288 883 5333 et
914 5277 973 5331 B.

573 5348 684 5417 (67)
717 5349 820 5419 Id.,
854 5348 947 5419 καὶ
966 5346 1142 5419 ’ἑτεροι
1173 5347 1252 5419 είς
1280 5344 1541 5419 αίσχύνην
1563 5344 1795 5419 αἰώνιον.

575 5415 683 5505 (ϐξ)
717 5417 774 5473 In
806 5418 866 5472 Β.
892 5415 1089 5474 desunt
1117 5416 1280 5473 verba
1309 5415 1401 5471 καὶ
1428 5415 1890 5488 εὐφρανθήσονται
1918 5418 1968 5471 οἱ
2003 5418 2061 5472 ὲν

714 5556 909 5615 Joann.
932 5574 987 5624 ν,
1003 5558 1094 5641 25,
1124 5556 1215 5612 ubi
1236 5570 1335 5627 pro
1347 5555 1531 5610 πολλοί
1557 5556 1755 5627 legitur
1778 5557 1830 5612 oi
1856 5556 2058 5629 νεκροί.

609 5627 687 5695 10)
713 5629 771 5681 In
802 5626 865 5683 Β.
892 5638 1007 5685 est:
1032 5644 1151 5682 τοτε
1172 5627 1280 5696 7&9
1301 5629 1334 5696 ή
1365 5626 1568 5696 φοϐερὰ
1608 5644 1657 5685 σ.
1684 5645 1739 5696 η.
1773 5645 1827 5682 κ.
1863 5646 1909 5683 ε.
1932 5630 2058 5682 πάν-

577 5626 771 5715 (ἸΟῌιι
802 5626 865 5683 Β.
892 5638 1007 5685 est:
1032 5629 1151 5682 τότε
1172 5626 1334 5699 γὰρὴ
1365 5626 1568 5700 φοϐερὰ
1608 5626 1657 5685 σ.
1684 5645 1739 5699 η.
1773 5645 1827 5682 κ.
1863 5646 1909 5683 ε.
1932 5626 2063 5703 πάν-

501 5712 601 5762 τας
630 5714 753 5761 τους
787 5714 904 5753 κεκ.

2177 3447 2590 3517 ὲπισυνάγοντες
2635 3447 2815 3502 πάντα
2856 3446 2923 3501 τὰ
2953 3448 3099 3521 ἔθνη,
3130 3448 3221 3513 οὓς
3268 3449 3555 3523 ὲξυπνήσει
3582 3452 3619 3523 ἡ
3646 3470 3749 3521 φο-

2176 3540 2313 3611 ϐερὰ
2338 3539 2519 3611 ἐκείνη
2550 3541 2699 3613 φωνὴ
2725 3542 2824 3612 τῆς
2870 3540 3163 3611 σάλπιγγος
3184 3559 3198 3573 ο
3238 3543 3331 3596 καὶ
3366 3545 3749 3615 παραστήσον-

2173 3632 2363 3704 ταιτῷ
2396 3632 2598 3704 βήματι
2628 3633 2721 3688 τοῦ
2743 3634 2979 3706 Χριστοῦ
3010 3636 3059 3687 οί
3094 3634 3225 3687 ποτὲ
3252 3634 3520 3706 βασιλεῖς,
3552 3639 3603 3690 οἱ
3640 3636 3747 3709 ἄρα

2173 3744 2377 3799 χοντες,
2418 3729 2467 3782 οί
2503 3730 2805 3801 ἀρχιερεῖς,
2831 3730 2880 3782 οἱ
2922 3732 3086 3801 ἱερεῖς
3109 3747 3124 3760 ο
3173 3730 3266 3784 καὶ
3298 3732 3426 3802 περ)⁵
3462 3731 3563 3802 τῆς
3606 3733 3746 3797 ἰδίας

2176 3817 2447 3882 πολιτείας
2469 3819 2760 3887 ἀπολογίαν
2788 3820 3018 3884 διδόντες
3049 3820 3184 3889 (76),
3206 3821 3301 3874 καὶ
3330 3821 3459 3893 περὶ
3491 3822 3588 3875 τοῦ
3624 3841 3748 3878 ποι-

2176 3909 2350 3981 μνίου,
2386 3910 2579 3975 οἴτινες
2601 3911 2668 3964 δι’
2687 3910 2941 3983 ἀμελείας
2967 3912 3144 3966 αὐτῶν
3170 3911 3454 3969 ἀπώλεσαν
3473 3914 3746 3987 πρόϐατον

2173 4002 2237 4053 ὲκ
2265 4000 2366 4070 τῆς
2394 4001 2626 4073 ποίμνης
2662 4002 2839 4056 αὐτῶν
2859 4020 2872 4034 ·
2897 4003 3019 4057 τότε
3046 4003 3372 4075 ἀχθήσονται
3397 4006 3448 4059 οἱ
3469 4006 3745 4079 στρατιῶ-

2171 4108 2260 4145 ται
2289 4093 2339 4144 οί
2369 4092 2442 4164 μὴ
2468 4092 2794 4165 ἀρκούμενοι
2820 4097 2932 4159 τοῖς
2955 4095 3203 4165 ὀψωνίοις
3221 4096 3425 4151 αὐτῶνσ
3455 4097 3568 4152 ἀλλ’
3600 4102 3744 4171 ὲπη-

2176 4183 2457 4254 ρεάζοντες
2487 4186 2680 4256 χήρας,
2712 4187 2809 4241 καὶ
2838 4187 3124 4259 ὀρφανοὺς,
3154 4189 3249 4243 καὶ
3288 4188 3556 4261 πτωχούς.
3608 4192 3743 4247 Τότε

2171 4277 2611 4346 παραστήσονται
2653 4279 2701 4331 oi
2741 4278 3022 4351 φορολόγοι
3047 4323 3062 4348 ,
3109 4281 3160 4334 οἰ
3196 4282 3348 4354 παρά
3390 4282 3450 4336 τὸ
3488 4282 3744 4355 κείμενον

2176 4366 2338 4420 πλέον
2371 4369 2704 4441 ἁρπάζοντες
2730 4370 2822 4424 τὸν
2849 4371 3073 4443 πένητα,
3104 4373 3197 4426 καὶ
3226 4373 3504 4439 ποιοῦντες
3660 4375 3744 4431 δό-

2172 4477 2332 4531 κιμον
2367 4462 2562 4533 χρυσὸν
2585 4462 2661 4527 ὡς
2688 4462 2955 4533 κίϐδηλον,
2997 4463 3095 4518 ἵνα.
3126 4464 3443 4537 ζημιώσωσι
3469 4467 3562 4522 τὸν
3591 4486 3746 4525 πτω-

2170 4553 2263 4627 χὸν
2290 4553 2424 4625 (77),
2460 4554 2518 4608 ἔν
2541 4572 2600 4608 τε
2630 4555 2836 4627 ἀγροῖς,
2863 4555 2919 4610 ἐν
2947 4574 3008 4612 τε
3037 4556 3205 4622 οἴκοις
3227 4600 3242 4625 ,
3272 4559 3365 4614 καὶ
3411 4562 3469 4614 ὲν
3496 4563 3618 4633 ταῖς
3645 4564 3743 4616 ὲκ-

2172 4644 2446 4717 κλησίαις.
2475 4646 2606 4700 Τότε
2634 4646 3021 4718 ἀναστήσονται
3051 4649 3360 4722 ἀνδρόγυνοι
3404 4654 3521 4723 μετ’
3552 4654 3749 4724 αἰσχύ-

2858 4765 2899 4797 ⁸¹
2930 4767 2951 4819 I
2990 4766 3184 4822 Thess.
3209 4782 3282 4829 tv.
3315 4766 3401 4822 16.
3477 4768 3524 4801 δ’
3552 4767 3573 4822 I
3609 4768 3742 4825 Cor.

2646 4836 2692 4867 ⁸⁸
2729 4835 2896 4906 Apoc.
2931 4852 3009 4903 νι,
3065 4837 3152 4891 14.
3251 4838 3297 4871 ⁸⁷
3318 4838 3488 4907 Apoc.
3520 4853 3637 4907 xxi,
3670 4841 3731 4894 1.

2246 4997 2363 5120 (71)
2397 4999 2499 5064 Id.,
2525 5001 2618 5087 καὶ
2648 5000 2906 5083 δικαίους,
2940 5002 3033 5055 καὶ
3067 5001 3442 5081 ἁμαρτωλούς,
3463 5002 3559 5056 καὶ
3589 5003 3748 5058 πᾶσα

2246 5068 2309 5120 λ’ὶι
2367 5068 2488 5120 Θνοε
2519 5087 2611 5120 και
2635 5070 2856 5120 γλωσσα
2874 5072 2931 5120 ὲν
2963 5074 3092 5120 ὸιπῆ
3117 5072 3395 5120 ὀωθαλιιου
3430 5072 3526 5120 καὶ
3562 5087 3748 5120 πασα-

2173 5068 2310 5143 φυλὴ
2338 5068 2611 5143 ἔθνος-καὶ
2635 5070 2856 5143 γλῶσσα
2874 5072 2931 5125 ὲν
2962 5074 3093 5143 ῥιπῇ
3108 5068 3395 5142 ’ὀφθαλμοῦ
3430 5072 3526 5143 καὶ
3548 5087 3751 5143 παρα-

2170 5140 2457 5221 στήσονται
2491 5140 2864 5221 ὲικδεχόμενοι,
2894 5140 3022 5221 etc;
3054 5140 3127 5197 ita
3174 5140 3307 5197 htec‘
3336 5158 3446 5197 non
3470 5140 3753 5199 dubitavit

2169 5210 2770 5283 contraherelibrarius
2800 5211 2868 5265 ad
2900 5210 3061 5266 ﬁnem
3100 5227 3418 5283 properans.

2238 5278 2351 5350 (72)
2382 5277 2471 5350 13.,
2502 5278 2798 5350 εξέρχεται.

2238 5346 2351 5413 (75)
2381 5346 2465 5411 B.,
2496 5346 2757 5413 ἔπραξαν.

2380 5416 2630 5494 ἕθίθ-Β⁶ι
2658 5419 2830 5494 κξὲθδςν
2858 5423 3014 5494 κενήε

2383 5485 2488 5565 ﬁo
2514 5485 2888 5565 ἐπιθρέξουσιν
2914 5485 3055 5547 ιη’Β.
3081 5500 3167 5548 est
3191 5490 3599 5565 mpttpéxouct.

2265 5558 2355 5624 76)
2387 5556 2490 5624 Id.,
2517 5556 2781 5614 δώσόυσι.“
2840 5610 2855 5615 -

2240 5626 2351 5708 (77)
2382 5626 2468 5691 B.,
2500 5628 2579 5708 τῷ
2611 5630 2808 5701 πτωχῷ
2844 5631 2901 5687 ἓν
2919 5649 2979 5687 τε
3005 5631 3285 5707 ἀργυρίοις
3330 5634 3421 5688 καὶ
3462 5641 3755 5708 χρυσίοις,

2169 5698 2291 5752 τότε
2317 5698 2863 5770 ἀναστήσονται,”ιὲῑο.
