3934 6198
157 306 255 362 9η
1110 312 1379 371 SPURIA.
1420 350 1491 357 —
1528 318 1613 373 DE
1652 318 2242 380 CONSUMMATIONE
2283 326 2517 383 MUNDI.
3308 345 3411 400 942

155 442 280 492 νης.
310 426 513 490 οἵτινες
545 429 644 481 οὐκ
674 428 943 499 ἐφύλαξαν
968 431 1066 504 τὴν
1093 434 1280 505 κοίτην
1323 435 1500 490 αὐτῶν
1548 440 1711 511 ἀμίαν

1856 441 2021 512 capti,
2053 457 2151 496 sua
2180 443 2444 500 desideria
2482 454 2608 501 sunt
2637 449 2826 506 secuti.
2862 450 3013 508 Tune
3041 456 3131 526 qui
3168 456 3414 518 dilectio—

150 535 271 579 τον,
294 520 435 573 ἀλλὰ
460 524 568 575 πᾶν
596 522 656 575 τὸ
682 523 874 588 κάλλος
898 524 998 595 τῆς
1016 525 1215 596 σαρκὸς
1233 528 1577 601 ἀπατώμενοι
1604 531 1711 603 (78)

1848 548 1969 586 nem
2016 532 2229 589 Domini
2280 550 2386 591 nou
2433 548 2757 607 servarunt,
2800 556 3101 617 exsurgent
3137 552 3315 608 moesti
3352 570 3417 610 ac

162 613 258 664 καὶ
303 614 363 664 ἐν
422 617 545 677 ταῖς
610 614 766 681 ἰδίαις
810 618 1125 689 ἐπιθυμίαις
1186 621 1556 693 πορευόμενοι.
1605 626 1703 678 Τότ

1846 624 2051 679 tetrici:
2106 641 2172 680 eo
2204 630 2347 697 quod
2398 628 2694 687 Salvatoris
2738 613 3052 693 mandatum
3092 640 3249 698 facile
3277 659 3411 700 con-

168 704 560 774 ἀναστήσονται
591 708 639 759 οἱ
673 708 771 779 τὴν
806 709 1025 780 ἀγάπην
1068 711 1161 764 τοῦ
1204 713 1405 784 Κυρίου
1456 714 1529 785 μὴ
1571 714 1711 783 φυλά

1844 724 2179 787 tempserunt
2218 764 2231 786 ,
2292 722 2435 790 quod
2497 725 2739 794 praecipit
2783 745 2795 780 :
2863 727 3064 801 Diliges
3115 736 3416 800 proximum

166 795 369 861 ξαντες,
394 800 659 868 κατηφεῖς
696 800 787 852 καὶ¹
816 801 1165 873 σκυθρωποὶ,
1215 806 1296 858 ὅτι
1347 807 1443 878 τὴν
1492 806 1711 885 ἐλαφρὰε

1843 818 1989 861 tuum
2018 810 2152 864 sicut
2190 823 2238 865 te
2279 814 2447 881 ipsum
2480 815 2546 867 π.
2595 815 2748 873 Tunc
2777 820 2869 889 qui
2904 795 3411 885 habuerint‘libram

164 887 385 958 ἐντολὴν
417 888 513 941 τοῦ
548 890 797 962 Σωτῆρος
823 892 1093 964 ἠθέτησαν
1120 895 1219 966 τὴν
1244 895 1503 964 λέγουσαν
1523 914 1535 926 ο
1585 899 1711 966 Ἄτα

1843 899 2124 971 iniquam,
2179 914 2451 971 staterae,
2506 924 2822 977 mensuras,
2873 914 3087 971 modios
3135 917 3409 989 injustos,

153 979 389 1045 micam
426 982 533 1034 τὸν
586 985 849 1049 πλησίον
872 1000 992 1039 σου
1032 986 1114 1051 ὠς
1161 987 1376 1041 ἑαυτόν
1404 988 1535 1059 (79).
1596 990 1711 1043 Τότε

1836 1003 2049 1063 gement
2077 1005 2456 1065 exspectantes
2481 1001 2691 1068 justum
2720 1002 2981 1071 judicem.

137 1074 492 1129 κλαύσουσιν
528 1078 577 1130 οἱ
621 1079 710 1131 τὸν
756 1079 915 1148 ζυγὸν
954 1081 1113 1133 αὐτὸν
1141 1082 1324 1136 ἄδικον
1362 1085 1719 1154 κεκτημένοι,
1751 1088 1844 1141 καὶ
1874 1088 2163 1163 σταθμοὺς,
2192 1091 2285 1144 καὶ
2315 1092 2507 1162 μέτρα,
2546 1096 2638 1148 καὶ
2664 1096 2817 1166 μόδια
2849 1097 3007 1152 ἄδικα
3031 1099 3161 1173 (80),
3193 1102 3410 1175 ἐκδεχό-

144 1188 301 1238 μενοι
335 1171 433 1223 τδν
460 1172 664 1226 δίκαιον
692 1176 902 1247 κριτήν.

211 1262 476 1345 ΧᾉΧῘΧ.
527 1267 635 1319 Καὶ
676 1269 728 1320 τί
773 1270 1103 1343 ἐπιφέρομεν
1126 1272 1236 1345 (8i)
1269 1274 1495 1338 πολλοὺς
1541 1277 1711 1345 λόγουι

1918 1279 2158 1335 XXXIX.
2203 1282 2306 1338 Sed
2342 1285 2470 1354 quid
2524 1286 2675 1355 plura
2720 1288 2787 1342 de
2820 1289 3071 1347 sistendis
3117 1293 3410 1351 addimus?

146 1356 248 1406 τῶν
282 1358 831 1429 παραστησομένων;
865 1362 998 1415 Τότε
1027 1364 1075 1416 οἱ
1122 1364 1317 1419 δίκαιοι
1367 1367 1711 1439 ἐκλάμψουσιε

1837 1371 1990 1427 Tunc
2029 1374 2161 1441 justi
2205 1374 2486 1445 fulgebunt
2534 1388 2594 1432 ut
2640 1380 2719 1433 sol
2750 1379 2824 1434 “z
2873 1393 3184 1450 peccatores
3224 1396 3406 1441 autem

144 1447 214 1510 ὡς
249 1449 281 1499 ὁ
328 1449 489 1518 ἣλιος
506 1468 518 1480 ’
543 1452 591 1503 οἱ
619 1450 675 1504 δὲ
704 1453 1037 1525 ἁμαρτωλοὶ,
1080 1461 1345 1528 κατηφεῖς
1373 1460 1466 1513 κα)¹
1489 1459 1703 1532 σκυθρω

1834 1463 2016 1518 tristes
2046 1473 2100 1519 et
2131 1466 2304 1519 tetrici
2350 1469 2703 1536 apparebunt.
2741 1447 2964 1540 Utrique
3005 1475 3150 1531 enim
3189 1485 3244 1531 et
3267 1478 3404 1547 justi

144 1539 231 1589 ποὶ
255 1539 747 1614 ἀναδειχθήσονται
776 1544 909 1616 (θὲ).
955 1547 1280 1621 Ἀμφότεροι
1322 1551 1430 1623 γὰρ
1465 1553 1517 1605 οἵ
1551 1571 1611 1606 τε
1652 1553 1711 1605 δί‹

1832 1562 1885 1607 et
1916 1562 2227 1623 peccatores
2270 1568 2557 1628 resurgent
2603 1539 3075 1633 incorruptibiles:
3121 1539 3297 1636 justi',
3345 1580 3406 1624 ut

142 1647 287 1682 καιοι
326 1633 426 1684 καί
454 1633 764 1705 ἁμαρτωλοὶ
791 1636 1056 1710 ἄφθαρτοι
1089 1641 1516 1713 ἀναστήσονται·
1541 1648 1587 1697 oi
1617 1645 1711 1717 γὰρ

1831 1656 2088 1714 perpetuo
2121 1648 2230 1702 sint
2264 1648 2317 1701 in
2341 1649 2549 1705 honore
2592 1667 2656 1707 ac
2702 1653 3100 1711 immortalibus
3147 1656 3404 1713 fruantur

138 1722 375 1786 δίκαιοι,
409 1724 498 1777 ἴνα
522 1727 753 1791 αἰωνίως
795 1728 1062 1801 τιμηθῶσι
1085 1773 1099 1796 ,
1142 1733 1233 1786 καὶ
1274 1737 1711 1807 κατατρυφήσωσε

1829 1735 2072 1805 deliciis;
2112 1752 2453 1809 peccatores,
2500 1753 2560 1799 ut
2602 1761 2699 1815 per
2736 1748 3002 1816 judicium
3030 1764 3218 1820 poenas
3249 1749 3404 1806 luant

140 1815 203 1867 τά
228 1814 494 1870 ἀθάνατα
513 1835 524 1847 ·
560 1820 607 1872 οἱ
633 1818 687 1872 δὲ
721 1821 1050 1893 ἁμαρτωλοὶ,
1081 1825 1168 1878 ἵνα
1197 1826 1256 1879 ἐν
1288 1829 1351 1898 τῇ
1393 1829 1569 1899 κρίσει
1603 1830 1711 1882 αἰω-

1830 1827 2207 1897 sempiternas.
2280 1830 2521 1903 Quisque
2585 1814 2751 1906 igitur
2806 1814 3046 1895 vestrum
3103 1841 3401 1912 perpendat

139 1908 277 1971 νίως
310 1908 781 1981 κολασθήσωνται.
810 1913 1077 1981 Ἕκαστος
1111 1916 1218 1989 γὰρ
1238 1919 1528 1991 ἐνθυμηθεί
1565 1939 1624 1975 τε
1668 1923 1711 1976 τὲ

1830 1917 1971 1986 apud
2005 1934 2082 1986 se,
2133 1928 2246 1975 tum
2278 1922 2569 1991 bonorum,
2600 1936 2712 1980 tum
2742 1928 3009 1984 malorum
3036 1908 3186 2001 justo
3201 1908 3399 2002 judici

139 2001 184 2051 τί
215 1999 391 2053 δώσει
416 2002 707 2071 ἀπολογίαν
731 2004 936 2077 (85)τῷ
963 2007 1153 2079 δικαίῳ
1182 2012 1364 2081 κριτῇ,
1395 2013 1501 2064 εἴτε
1526 2013 1711 2081 ἀγαθὰ.

1829 2009 2092 2066 rationem
2143 2014 2490 2070 reddendam.
2543 2014 2678 2071 Nam
2711 2018 2950 2077 actiones
3004 1999 3193 2078 omnes
3223 2024 3398 2079 homi-

140 2092 253 2143 εἴτε
282 2090 472 2160 φαῦλα
491 2109 504 2123 ·
538 2096 592 2146 αἱ
618 2095 726 2167 γὰρ
760 2096 984 2168 πράξεις
1007 2099 1222 2153 πάντων
1253 2102 1359 2154 τῶν
1404 2102 1711 2173 ἀνθρώπων.

1827 2115 1955 2154 num
1986 2119 2426 2174 unumquemque
2466 2116 2574 2161 tam
2618 2110 2848 2178 probum
2879 2127 3040 2183 quam
3092 2113 3393 2184 improbum

133 2183 376 2235 ἕκαστον
399 2186 815 2255 περικυκλώσει,
831 2189 940 2242 εἴτε
961 2190 1183 2258 ἀγαθὸν,
1204 2190 1313 2244 εἴτε
1335 2193 1570 2263 πονηρόν
1589 2193 1711 2266 (84).

1825 2192 2256 2250 circumdabunt.
2327 2194 2774 2269 Quandoquidem
2843 2204 3072 2259 virtutes
3129 2183 3390 2261 ctelorum

131 2276 197 2327 Αἱ
226 2273 348 2345 γὰρ
368 2274 629 2347 δυνάμεις
655 2279 761 2333 τῶν
786 2280 1029 2350 οὐρανῶν
1055 2281 1470 2353 σαλευθήσονται
1502 2282 1612 2356 (85)
1631 2288 1722 2340 καὶ

134 2366 327 2420 πάντα
358 2367 526 2436 φόϐος
554 2370 646 2423 καὶ
671 2371 869 2443 τρόμος
891 2373 1192 2436 κατέδεται,
1219 2374 1310 2428 τὸν
1341 2376 1587 2449 οὐρανὸν,
1624 2378 1721 2450 τὴν

134 2458 267 2528 γῆν,
284 2460 385 2512 καὶ
403 2458 469 2512 τὰ
485 2462 825 2532 καταχθόνια’
843 2464 933 2518 καὶ
951 2467 1097 2519 πᾶσα
1110 2466 1326 2534 γλῶσσα
1347 2468 1636 2541 ἐξομολογή
1644 2488 1722 2524 σε·

133 2569 227 2603 ται
258 2552 450 2615 αὐτὸν,
483 2556 576 2606 καὶ
597 2554 915 2627 ὁμολογήσει
946 2557 1035 2611 τὸν
1062 2558 1351 2630 ἐρχόμενον
1386 2564 1567 2633 κρῖναι
1603 2580 1720 2635 κρι-

135 2644 330 2715 τήριον
364 2643 597 2713 δίκαιον,
625 2646 757 2700 Θεὸν
786 2649 1003 2721 ἰσχυρὸν
1036 2651 1130 2703 καὶ
1159 2652 1386 2725 ποιητὴν
1410 2654 1518 2709 τῶν
1551 2655 1721 2710 ἀπάν-

138 2751 276 2788 των.
307 2734 445 2787 Τότε
482 2736 615 2805 μετὰ
635 2736 831 2801 δειλίας
865 2738 974 2810 (86)
999 2741 1093 2793 καὶ
1130 2740 1368 2812 θάμϐους
1414 2743 1718 2800 ἐλεύσονται

142 2824 397 2892 ἄγγελοι,
447 2825 656 2898 θρόνοι,
693 2828 950 2895 ἐξουσίαι,
998 2833 1198 2905 ἀρχαὶ,
1254 2834 1586 2907 κυριότητες,
1622 2855 1718 2892 πο-

142 2913 458 2986 λυόμματα,
492 2917 831 2992 ἐξαπτέρυγα
853 2923 1114 2994 χερουϐίμ
1146 2942 1204 2977 τε
1236 2926 1328 2979 καὶ
1369 2930 1629 3000 σεραφὶμ,
1658 2932 1716 2987 ἐν

146 3008 287 3076 ίτχΰι
316 3011 628 3081 κεκραγότα
654 3012 766 3083 (87)
789 3029 804 3043 ⁸
844 3014 1051 3084 Ἄγιος,
1084 3015 1268 3087 ἅγιος,
1294 3017 1475 3087 ἅγιος,
1503 3021 1716 3089 Κύριος

145 3103 411 3166 Σαϐαὼθ,
448 3103 891 3176 παντοκράτωρ
911 3108 1148 3177 πλήρης
1185 3114 1218 3165 ό
1246 3113 1501 3179 οὐρανὸς
1548 3116 1644 3168 καὶ
1671 3117 1711 3184 ἡ

1824 2285 2185 2339 movebuntur
2207 2288 2273 2351 θ’,
2302 2297 2356 2341 et
2380 2289 2560 2345 omnia
2583 2290 2746 2346 timor
2773 2306 2836 2347 ac
2864 2301 3066 2350 tremor
3084 2296 3389 2364 absument,

1822 2374 2017 2429 coelum
2041 2416 2055 2440 ,
2089 2386 2318 2444 terram,
2355 2394 2419 2435 ac
2460 2382 2860 2449 subterranea;
2906 2393 2960 2440 et
2998 2388 3177 2444 omnis
3205 2389 3389 2459 lingua

1822 2466 2165 2522 conﬁtebitur
2202 2484 2325 2523 eum
2369 2471 2449 2537 °’,
2501 2481 2556 2527 et
2603 2471 2862 2529 fatebitur
2906 2490 3031 2530 eum
3078 2477 3171 2547 qui
3213 2480 3393 2541 veniet

1815 2557 2025 2627 justum
2051 2560 2314 2630 judicium
2338 2561 2711 2631 judicaturus,
2740 2564 2907 2620 Deum
2952 2566 3145 2622 fortem
3174 2578 3229 2625 et
3255 2583 3389 2625 con-

1820 2649 2050 2705 ditorem
2105 2653 2367 2707 omnium.
2427 2652 2581 2709 Tunc
2628 2670 2752 2710 cum
2795 2671 2998 2726 pavore
3048 2674 3114 2714 ac
3166 2668 3388 2731 stupore

1818 2742 2109 2811 precedent
2150 2744 2359 2814 angeli,
2389 2744 2606 2810 throni,
2641 2755 2972 2816 potestates,
3016 2751 3383 2822 principatus,

1818 2833 2213 2891 dominationes
2252 2835 2329 2903 “,
2381 2837 2563 2893 multis
2603 2838 2776 2894 oculis
2826 2850 2879 2894 et
2909 2840 3009 2897 alis
3036 2856 3131 2897 sex
3160 2844 3384 2913 praedita

1818 2925 2097 2981 cherubim
2123 2943 2186 2982 ac
2211 2929 2502 2998 scraphim,
2531 2930 2741 2985 fortiter
2767 2931 3058 2988 clamantia
3081 2953 3094 2988 :
3132 2932 3380 3003 Sanctus,

1815 3028 2030 3072 salictua
2049 3060 2064 3086 ,
2090 3028 2301 3075 sanctus
2331 3020 2584 3076 Dominus
2614 3023 3234 3097 Sabaothemuipotens:
3272 3032 3383 3099 ple-

1816 3126 1940 3163 mtm
1975 3120 2052 3165 est
2085 3111 2269 3166 caelum
2295 3122 2343 3166 et
2380 3124 2520 3168 terra
2550 3115 2718 3185 gloria
2747 3126 2839 3173 tua
2866 3119 2934 3175 ’⁸.
2960 3118 3026 3175 Et
3054 3122 3382 3179 revelabitur

143 3195 214 3264 τῆ
245 3194 359 3264 τῆς
385 3196 570 3265 δόξης
593 3174 731 3254 σοι).
747 3174 854 3254 Καὶ
877 3174 1382 3276 ἀποκαλυιρθήσεται
1405 3206 1433 3258 ό
1453 3174 1711 3273 θασιλεὺς

1822 3197 1929 3253 Rex
1958 3214 2144 3269 regum
2169 3208 2222 3255 et
2254 3199 2512 3258 Dominus
2541 3174 2966 3274 dominantium,
2998 3223 3063 3264 ac
3091 3210 3258 3280 judex
3282 3214 3379 3283 qui

143 3287 246 3339 τῶν
281 3289 670 3357 βασιλευόντων
707 3292 841 3361 (88),
863 3295 956 3347 καὶ
984 3294 1186 3366 Κύριος
1207 3296 1312 3349 τῶν
1330 3299 1708 3368 κυριευόντων,

151 3378 234 3428 καὶ
266 3379 464 3449 κριτὴς
496 3380 992 3453 ἀπροσωπόληπτος
1012 3422 1026 3446 ,
1072 3385 1165 3437 καὶ
1199 3384 1458 3458 δικαστὴς
1480 3427 1493 3451 ,
1536 3386 1597 3441 τὸ
1632 3388 1711 3441 δί-

149 3482 295 3517 καιον
336 3467 623 3539 ἀπονέμων
662 3469 873 3541 ἑκάστῳ
898 3512 912 3535 ,
962 3474 1053 3526 ἐπὶ
1110 3472 1301 3544 θρόνου
1340 3476 1570 3547 φοϐεροῦ
1618 3480 1713 3532 καὶ

148 3558 457 3629 ἐπηρμένου
477 3574 492 3590 ·
525 3560 617 3614 καὶ
638 3563 783 3614 πᾶσα
814 3562 948 3634 σὰρξ
972 3564 1081 3619 τῶν
1106 3564 1309 3636 βροτῶν
1335 3568 1525 3640 κατίδῃ
1546 3570 1711 3623 αὐτοῦ

146 3648 199 3702 τὸ
226 3649 520 3721 πρόσωπον
544 3651 681 3723 μετὰ
712 3653 876 3722 φόϐου
920 3656 1012 3709 καὶ
1047 3655 1244 3720 δειλίας
1288 3658 1528 3729 μεγάλης
1548 3699 1563 3726 ,
1615 3662 1708 3713 καὶ

146 3741 347 3808 δίκαιος
381 3744 476 3797 καὶ
505 3744 845 3815 ἁμαρτωλός.

210 3835 323 3888 XL.
355 3836 494 3889 Τότε
532 3836 823 3907 ἀχθήσεται
850 3838 878 3889 ὁ
908 3838 1021 3903 υἱὸς
1064 3842 1163 3911 τῆς
1208 3842 1478 3906 ἀπωλείας
1499 3882 1513 3906 ,
1544 3845 1710 3915 ἧγουν

144 3926 170 3977 ὸ
194 3926 457 3991 διάϐολος,
493 3928 628 3996 μετὰ
651 3928 759 3981 τῶν
782 3929 1047 4000 δαιμόνων
1076 3931 1238 3985 αὑτοῦ
1264 3974 1277 3998 ,
1311 3933 1400 3985 καὶ
1443 3933 1575 4003 μετά
1602 3935 1710 3988 τῶν

146 4017 433 4087 impatth
460 4017 645 4082 αὐτοῦ,
681 4019 785 4071 ὑπὸ
804 4019 1047 4088 ἀγγέλων
1079 4021 1362 4093 αὐστηρῶν
1395 4023 1487 4075 καὶ
1517 4024 1712 4077 ἀποτό-

147 4130 257 4180 μων
277 4128 290 4140 ·
320 4109 417 4163 καὶ
449 4110 911 4182 παραδοθήσονται
945 4111 1016 4183 τῷ
1043 4114 1175 4184 πυρὶ
1200 4113 1279 4184 τῷ
1307 4114 1586 4186 ἀσϐέστῳ,
1616 4117 1709 4169 καὶ

144 4203 217 4271 τῷ
243 4200 488 4272 σκώληκι
518 4201 595 4271 τῷ
624 4203 922 4274 ἀκοιμήτῳ,
947 4204 1039 4258 καὶ
1072 4205 1148 4276 τῷ
1176 4207 1355 4260 σκότει
1402 4207 1478 4277 τῷ
1518 4208 1710 4274 ἐξωτέ-

152 4312 228 4365 ρῳ
260 4294 395 4363 (89).
424 4295 543 4348 Τῶν
561 4294 668 4367 γάρ
710 4295 971 4367 Ἐϐραίων
1001 4297 1030 4348 ὁ
1053 4296 1219 4367 δῆμος
1247 4296 1432 4366 ὄψεται
1464 4298 1623 4352 αὑτὸν
1651 4299 1709 4351 ἐν

148 4390 381 4458 σχήματι
409 4386 714 4459 ἀνθρώπου,
740 4386 919 4451 καθὼς
938 4388 1119 4451 αὐτοῖς
1148 4387 1300 4460 ὤφθη
1335 4390 1398 4441 ἐκ
1425 4388 1522 4458 τῆς
1550 4390 1709 4458 ἁγίας

146 4478 416 4549 Παρθένου
449 4478 536 4531 διὰ
569 4477 791 4550 σαρκὸς,
827 4477 919 4532 καὶ
944 4477 1123 4541 καθὼς
1146 4479 1307 4532 αὐτὸν
1339 4478 1703 4551 ἐσταύρωσαν·

145 4571 236 4623 καὶ
266 4570 427 4635 δείξει
462 4571 641 4635 αὐτοῖς
685 4570 793 4624 τῶν
836 4570 1031 4644 χειρῶν
1068 4571 1161 4624 καὶ
1211 4571 1319 4624 τῶν
1374 4572 1547 4624 ποδῶν
1584 4572 1711 4635 τοὺς

147 4660 327 4730 ἥλους.
345 4661 455 4714 Καὶ
475 4660 569 4733 τὴν
586 4661 820 4734 πλευρὰν
836 4660 998 4717 αὑτοῦ
1015 4662 1343 4733 νενυγμένην
1362 4663 1451 4716 διὰ
1470 4663 1569 4734 τῆς
1599 4663 1706 4735 (90)

151 4754 362 4825 λόγχης·
398 4753 492 4807 καὶ
520 4754 617 4826 τὴν
648 4755 823 4826 κάραν
848 4755 946 4825 τὴν
972 4753 1031 4821 ἐξ
1063 4753 1313 4807 ἀκανθῶν
1355 4755 1707 4824 στεφανωθεῖ-

1813 3304 2101 3359 personam
2135 3307 2242 3349 non
2282 3296 2508 3366 accipit,
2539 3297 2633 3352 sed
2666 3299 2865 3370 cuique
2893 3302 3036 3371 quod
3058 3301 3265 3371 justum
3296 3315 3381 3360 est

1815 3382 2121 3452 distribuit,
2151 3385 2205 3440 in
2236 3386 2431 3443 throno
2460 3390 2683 3444 terribili
2710 3400 2762 3446 et
2791 3394 3046 3449 exaltato.
3082 3392 3149 3449 Et
3176 3396 3381 3453 videbit

1817 3474 1996 3529 omnis
2023 3489 2152 3530 caro
2176 3477 2488 3531 mortalium
2524 3477 2716 3535 faciem
2743 3480 2862 3551 ejus
2884 3491 2996 3537 tum
3022 3481 3225 3553 justus,
3262 3495 3377 3542 tum

1816 3574 2086 3634 peccator,
2119 3582 2243 3622 cum
2273 3568 2467 3625 timore
2498 3585 2562 3626 ac
2590 3580 2735 3626 metu
2768 3573 2989 3643 ingenti.

1883 3836 1995 3892 XL.
2046 3836 2183 3893 Tum
2228 3840 2524 3895 adducetur
2580 3841 2722 3897 filius
2776 3843 3135 3913 perditionis,
3188 3847 3243 3902 id
3290 3857 3376 3904 est

1814 3930 2089 3995 diabolus,
2138 3945 2263 3986 cum
2308 3930 2643 3987 daemonibus
2687 3942 2741 3987 et
2786 3933 3051 3991 ministris
3097 3936 3253 4003 suis,
3305 3941 3374 3995 ab

1815 4024 2017 4095 angelis
2063 4023 2265 4079 severis
2309 4038 2372 4079 ac
2415 4024 2639 4095 rigidis;
2703 4027 3089 4098 tradenturque
3132 4028 3242 4099 igni
3289 4031 3375 4087 in-

1814 4115 2200 4185 exstinguibili,
2239 4116 2404 4170 vermi
2438 4131 2543 4171 nou
2567 4116 2876 4183 dormienti,
2908 4134 2970 4175 ac
3003 4120 3238 4177 tenebris
3273 4137 3370 4179 ex-

1812 4207 2124 4262 terioribus.
2165 4205 2375 4262 Videbit
2400 4207 2543 4262 enim
2574 4208 2807 4276 populus
2837 4202 3180 4265 Hebraeorum
3218 4212 3373 4275 illum

1815 4299 1867 4353 in
1896 4299 2065 4369 figura
2094 4299 2329 4352 humana
2355 4299 2431 4364 ⁸⁸,
2465 4299 2917 4368 quemadmodum
2950 4300 3056 4356 illis
3082 4317 3145 4356 ex
3182 4312 3371 4362 sancta

1813 4390 2033 4460 Virgine
2059 4405 2153 4459 per
2182 4404 2399 4444 carnem
2431 4389 2708 4459 apparuit,
2734 4399 2788 4445 et
2809 4391 2965 4446 sicuti
2992 4392 3374 4450 cruciﬁxerunt

1814 4495 1965 4545 eum;
2020 4494 2084 4533 ac
2130 4479 2377 4533 ostendet
2427 4480 2508 4535 eis
2549 4494 2805 4533 manuum
2834 4479 3139 4551 pedumque
3165 4482 3369 4554 clavos,

1814 4574 1958 4627 latus
1999 4586 2157 4627 suum
2201 4572 2397 4627 lancea‘
2440 4570 2808 4641 perforatum,
2848 4582 3011 4643 caput
3052 4585 3369 4631 coronatum

1813 4664 1983 4734 spinis
2004 4705 2018 4729 ,
2063 4678 2125 4717 ac
2152 4662 2442 4732 pretiosam
2467 4677 2702 4717 erucem.
2736 4662 2977 4734 Denique
3013 4667 3197 4722 ornuia
3221 4668 3373 4723 videv

1811 4756 1947 4810 bunt
1973 4753 2181 4809 Hebraei
2204 4795 2221 4819 ,
2268 4763 2323 4808 et
2351 4752 2635 4823 plangeut,
2673 4770 2737 4810 ac
2772 4756 3081 4825 plorabunt,
3111 4760 3372 4828 quemad-

218 4871 260 4902 ³ο
285 4868 469 4924 Matth.
489 4886 602 4932 χιχ,
632 4872 713 4927 l9.
789 4870 831 4903 "
852 4869 1037 4926 Matth.
1061 4888 1181 4939 xm,
1222 4871 1311 4926 45.
1386 4873 1430 4904 θ’
1458 4870 1644 4927 Matth.
1670 4887 1711 4925 x:

1847 4870 1937 4927 29.
2028 4869 2074 4901 ”
2101 4867 2329 4936 Philipp.
2364 4884 2422 4933 tt,
2448 4867 2532 4921 il.
2619 4870 2664 4900 9‘
2687 4870 2894 4927 Coloss.
2931 4888 2970 4936 ι,
3002 4871 3086 4927 16.
3179 4872 3226 4905 ³⁵
3260 4873 3366 4929 15a.

150 4956 225 5003 Vt,
253 4941 303 4994 5.
376 4939 423 4970 ’°
452 4940 615 5010 Apoc.
650 4958 688 5006 ι,
720 4940 771 4993 7.

243 5029 325 5101 78)
352 5031 455 5095 ιιι..
483 5031 560 5102 τῷ
587 5031 773 5085 κάλλει
804 5032 901 5103 τῆς
925 5033 1124 5103 σαρκὸς
1155 5032 1517 5105 ἀπατώμενοι.

219 5032 326 5168 (79)
362 5102 466 5165 AL,
503 5103 743 5157 σεαυτόν.

245 5102 326 5180 2?)
356 5102 466 5180 et.
502 5103 743 5180 ςτῖεξιυτρνο

221 5170 326 5243 (80)
452 5172 619 5237 addit,
652 5172 883 5243 ἔχοντες.

222 5242 327 5311 (81)
358 5240 456 5306 ld.,
491 5244 582 5296 καὶ
613 5240 956 5317 τίέπιφέροι
989 5246 1230 5316 μακροὺς
1286 5243 1505 5311 λόγους;
1555 5245 1697 5309 τότε,

159 5320 330 5456 Οῗῖ82)
364 5377 617 5456 sequitur
633 5382 698 5456 in
722 5381 814 5436 Β.;
843 5384 952 5456 Καὶ
981 5383 1030 5456 οἱ
1076 5384 1173 5456 μὲν
1204 5384 1400 5456 δίκαιοι
1448 5385 1533 5437 ἵνα
1564 5386 1698 5437 αἰω-

160 5451 759 5573 ἷιίουνχαρᾶςλέἓμῗὶθῶσι
779 5493 795 5519 ,
833 5456 881 5507 οἱ
904 5454 971 5525 ,δὲ
994 5451 1305 5527 ἁμαρτωλοὶ
1329 5457 1386 5508 ἐν
1425 5457 1491 5525 τῇ
1522 5456 1701 5526 κρίσει

205 5537 364 5573 utut:
390 5538 454 5573 κο
627 5539 825 5573 σονται.

160 5520 371 5582 δικαίως
390 5520 825 5593 κολασθήσονται.
905 5520 915 5525 ⁷
1034 5520 1045 5525 ⁷
1113 5520 1126 5527 ⁷

224 5591 329 5663 (85)
360 5590 461 5663 l_d.,
495 5590 802 5663 ἐνθυμεῖται
826 5595 879 5647 τί
910 5594 1199 5663 ἀπολογίαν
1230 5594 1406 5649 δώσει.

359 5660 579 5747 linem:
605 5660 800 5732 ἀγαθὰ,
826 5664 932 5747 εἴτε
965 5660 1197 5747 πονηρά.

226 5730 327 5800 (85)
359 5733 417 5784 ιιι
446 5730 507 5785 Β.
536 5730 662 5802 quae
680 5745 975 5803 sequuntur
1016 5730 1217 5791 omissa
1253 5744 1380 5791 sunt
1422 5749 1595 5805 usque
1641 5733 1709 5789 ad

1800 5380 1950 5451 legas
1971 5380 2290 5462 'xat‘xptgij;
2319 5380 2824 5451 ἀπροσωπολήπτης
2858 5384 2950 5436 ἐπὶ
2979 5381 3007 5435 θ

1800 5033 1963 5088 verba
1988 5051 2001 5086 :
2034 5033 2183 5085 πᾶσα
2210 5029 2449 5099 γλῶσσα.

1880 5103 1988 5172 (86)
2011 5101 2068 5155 B.

1878 5173 1989 5243 (87)
2017 5172 2076 5226 In

1807 5245 1863 5296 ἐν
1897 5245 1911 5295 ἰ
1988 5245 2041 5296 ΰι
2071 5245 2395 5312 κεκραγότα,
2425 5245 2462 5294 ἃ
2488 5245 2663 5310 ἅγιος,
2688 5245 2967 5297 mendose.

1878 5261 1989 5385 (80g)
2028 5311 2159 5378 Quae
2200 5318 2522 5380 sequuntur,
2561 5310 2621 5363 Β.
2647 5312 2939 5376 contrahit,
2964 5309 3017 5366 in
3081 5327 3155 5368 uo
3180 5314 3362 5369 statim

1807 5384 1950 5451 legas
1977 5382 2290 5457 magici};
2319 5380 2824 5451 ἀπροσωπολήπτης
2858 5384 2950 5436 ἐπὶ
2979 5329 3167 5454 θρὲνου
3197 5383 3362 5457 καθή-

3077 5400 3167 5437 νου
3197 5400 3366 5437 mun-

2080 5145 2094 5163 ,
2154 5102 2260 5153 ,ετά
2293 5100 2479 5168 φόϐου.

2106 5120 2165 5223 ὅ.
2196 5180 2302 5245 est,
2324 5169 2613 5245 xat‘tzgeat
2637 5172 2693 5223 αἱ
2723 5173 2831 5225 τῶν
2845 5175 2975 5244 οὐρα
2990 5174 3085 5229 δῶν
3112 5174 3366 5245 δυνάμεις

1988 5244 2054 5312 ΰιί
2071 5242 2395 5312 κεκραγότα,
2425 5239 2462 5294 ἃ
2488 5240 2663 5312 ἅγιος,
2688 5239 2967 5297 mendose.

1807 5469 1963 5523 μενος
1990 5451 2242 5523 φοϐεροῦ.

1876 5517 2105 5590 (89)ἈΙ.
2128 5517 2247 5576 Ῥίοί
2281 5519 2489 5591 codex,_
2515 5517 2798 5591 ἐξώτερον.
2834 5519 2939 5578 Sed
2976 5522 3029 5577 in
3073 5521 3133 5577 Β.
3169 5526 3366 5579 desunt

1806 5588 1979 5647 verba
2002 5592 2098 5661 καὶ
2120 5591 2197 5661 τῷ
2225 5592 2407 5661 σκότει
2424 5588 2501 5658 τῷ
2525 5590 2679 5655 eam.

1880 5659 2199 5784 gfiogngerba
2229 5660 2316 5715 διὰ
2350 5659 2449 5728 τῆς
2489 5674 2658 5729 usque
2692 5661 2760 5717 ad
2808 5662 3240 5733 στεφανωθεῖσαν
3267 5663 3364 5720 de-

1811 5741 1934 5788 sunt
1965 5741 2017 5787 in
2045 5741 2104 5788 Β.
