4028 6214
485 328 602 386 ῡιὶὖ

493 447 712 504 modum
794 445 1052 515 propheta
1129 445 1386 501 clamat:
1456 444 1710 498 Videbunt
1772 446 1825 499 in

495 534 876 603 trans/iecerunt
897 532 942 564 ’τ
962 547 981 585 :
1021 547 1290 602 nemoque
1320 533 1454 588 feret
1483 548 1640 602 opem
1665 534 1799 599 iHis,
1834 539 1928 588 aut
1954 535 2055 588 mi-

490 625 757 682 serebitur
797 639 1020 678 eorum:
1071 623 1196 694 quia
1239 639 1347 678 non
1393 633 1621 696 egerunt
1646 626 2012 696 paenitentiam
2037 666 2052 690 ,

491 733 594 774 nec
620 715 793 770 aversi
841 724 970 770 sunt
1008 730 1038 770 a
1090 716 1173 770 via
1203 730 1301 771 sua
1336 729 1522 786 prava.
1563 715 1749 786 Itaque
1779 717 2058 773 discedent

493 807 546 860 lii
581 807 632 860 in
675 805 1001 876 supplicium
1035 814 1297 860 internum
1321 820 1445 860 cum
1472 806 1810 862 dzemonibus
1843 816 1897 862 et
1937 807 2055 862 dia-

491 900 638 956 bolo.

561 1168 697 1226 XLI.
741 1169 943 1225 Deinde
970 1168 1317 1238 congregabit
1349 1185 1540 1224 omnes
1579 1180 1782 1240 gentes,
1824 1180 1882 1225 ut
1909 1171 2054 1226 clara

490 1278 624 1319 voce
649 1263 851 1317 clamat
883 1259 1257 1330 Evangelium.
1292 1258 1433 1326 Quid
1478 1261 1621 1315 enim
1655 1263 1730 1315 ait
1772 1259 2056 1315 Mattliarus

493 1353 844 1423 evangelista,
877 1349 987 1406 imo
1018 1348 1279 1404 Dominus
1308 1351 1422 1418 ipse
1453 1347 1510 1402 in
1556 1347 1884 1419 Evangelio?
1924 1346 2057 1400 Cum

495 1449 688 1504 venerit
719 1445 894 1501 Filius
921 1444 1145 1499 hominis
1177 1445 1231 1498 in
1256 1443 1425 1514 gloria
1456 1460 1575 1505 sua,
1597 1453 1645 1498 et
1679 1460 1851 1498 omnes
1887 1443 2057 1497 sancti

495 1541 811 1611 angelicum
856 1554 931 1603 eo,
979 1547 1101 1591 tunc
1142 1535 1336 1590 sedebit
1384 1552 1540 1606 super
1595 1536 1837 1590 thronum
1876 1534 2057 1606 gloriae

494 1648 635 1697 sum;
659 1641 707 1687 et
732 1629 1181 1702 congregabantur
1202 1645 1380 1681 coram
1402 1644 1460 1683 eo
1490 1644 1663 1682 omnes
1688 1641 1880 1699 gentes,
1911 1639 1961 1682 et
1984 1645 2060 1683 se-

494 1724 699 1791 parabit
728 1739 814 1778 eos
843 1722 907 1776 ab
943 1721 1182 1785 invicem,
1213 1719 1371 1774 veluti
1405 1729 1586 1789 pastor
1613 1728 1819 1789 separat
1846 1737 1958 1773 ores
1992 1721 2056 1774 ab

1282 323 1570 380 A‘PPEND.
1607 324 1698 378 AD
1730 323 2009 380 PARTEM
2050 323 2090 379 II
2131 320 2415 381 OPERUM
2451 324 2510 380 S.
2551 321 2927 379 IIIPPOLYTI.

3613 322 3680 375 9.!
3690 322 3739 374 Δ»

1911 462 2059 514 quem
2089 450 2137 507 Α
2165 461 2283 508 σαν,
2309 443 2400 496 καὶ
2426 444 2514 497 τὸν
2539 444 2714 515 τίμιον
2741 441 2989 515 σταυρόν⁸
3024 440 3114 495 καὶ
3134 437 3282 504 ἅπαξ
3312 436 3487 493 πάντα
3511 435 3749 492 θεάσον-

2157 552 2247 587 ται
2269 537 2297 588 6
2328 534 2433 587 τῶν
2478 535 2739 607 Ἐϐραίων
2766 535 2955 606 δῆμος,
2993 531 3086 586 καὶ
3118 531 3394 600 κόψονται,
3431 529 3526 584 καὶ
3570 529 3759 584 κλαῦ-

2159 642 2338 680 σονται
2398 625 2576 689 καθὼς
2600 625 2696 698 βοᾷ
2725 627 2754 679 6
2773 626 3074 696 προφήτης·
3104 625 3383 692 Ὄψονται
3405 624 3488 688 εις
3510 621 3582 675 ὃν
3607 621 3762 685 ἐξε-

2157 715 2478 783 κέντησαν,
2497 719 2588 770 καὶ
2608 716 2780 780 οὐδείς
2800 720 2945 770 ἐστιν
2965 720 2992 771 6
3015 715 3220 787 βοηθῶν
3249 715 3430 778 αὐτοῖς
3451 715 3482 785 ἦ
3513 716 3542 768 6
3565 714 3762 767 ἐλεῶν

2157 807 2374 872 αὐτούς·
2410 810 2491 863 ὅτι
2523 810 2582 862 οὐ
2622 809 2968 879 μετενόησαν,
3002 808 3035 879 ἢ
3082 806 3506 876 ἀπεστράφησαν
3539 805 3604 858 ὲκ
3633 804 3766 874 τῆς

2155 899 2276 953 ὀδοῦ
2315 899 2415 970 τῆς
2475 901 2734 970 πονηρᾶς.
2815 899 2924 952 Καὶ
2985 897 3369 952 ἀπελεύσονται
3439 889 3582 949 οῦτοι
3656 897 3765 957 εἰς

2158 990 2374 1043 κόλασιν
2405 989 2618 1044 αἰώνιον
2643 991 2750 1062 (9i)
2782 990 2918 1061 μετά
2945 989 3050 1044 τῶν
3081 989 3352 1060 δαιμόνων
3374 989 3468 1042 καὶ
3500 988 3594 1041 τοῦ
3626 988 3758 1041 Sta.-

2156 1079 2334 1134 θόλου.

2227 1170 2362 1225 XLI.
2397 1168 2530 1224 Εἶτα
2565 1171 2873 1238 ἐπισυνάξει
2923 1170 3099 1226 πάντα
3143 1171 3211 1225 τὰ
3249 1170 3397 1242 ἔθνη,
3442 1169 3621 1232 καθὼς
3672 1168 3763 1222 ’τὸ

2157 1265 2308 1332 ἅγιον
2363 1264 2690 1332 Εὐαγγέλιον
2748 1263 3080 1336 διαπρυσίως
3134 1263 3253 1335 βοᾷ.
3305 1264 3370 1317 Τί
3424 1263 3530 1335 γὰρ
3581 1261 3762 1330 λέγει

2156 1355 2430 1419 Matinio;
2457 1357 2485 1408 6
2511 1356 2914 1426 εὐαγγελιστὴς,
2957 1355 3156 1426 μᾶλλον
3181 1356 3239 1410 δὲ
3271 1355 3433 1419 αὐτὸς
3469 1357 3497 1408 6
3527 1353 3762 1426 Κύριος

2155 1448 2242 1503 διὰ
2288 1446 2383 1514 τοῦ
2419 1448 2777 1517 Εὐαγγελίου;
2820 1450 3000 1502 Ὅταν
3037 1448 3187 1518 ἔλθῃ
3220 1451 3252 1502 ό
3301 1447 3432 1512 Υἱὸς
3472 1447 3574 1501 τοῦ
3617 1448 3754 1499 ἀν·-

2157 1539 2389 1608 θρώπου
2417 1540 2487 1593 ἐν
2517 1539 2591 1608 τῇ
2632 1540 2778 1609 δόξῃ
2827 1540 3032 1606 αὐτοῦ,
3075 1541 3173 1594 καὶ
3209 1540 3436 1606 πάντες
3479 1543 3530 1594 οἱ
3571 1539 3759 1607 ἅγιοι

2157 1629 2391 1699 ἄγγελοι
2415 1631 2542 1700 μετ’
2567 1632 2770 1697 αὑτοῦ,
2806 1633 2940 1686 τότε
2994 1632 3225 1686 καθίσει
3267 1631 3367 1686 ἐπὶ
3395 1631 3606 1699 θρόνου
3636 1630 3756 1683 δό-

2159 1720 2269 1789 ξης
2295 1722 2501 1784 αὐτοῦ,
2530 1723 2626 1776 καὶ
2655 1724 3146 1794 συναχθήσονται
3177 1723 3510 1793 ἔμπροσθεν
3539 1719 3755 1775 αὑτοῦ

496 1817 686 1881 tradis;
719 1824 767 1869 et
795 1812 1074 1869 constituet
1106 1826 1221 1865 oves
1246 1810 1452 1880 quidem
1481 1826 1513 1862 a
1542 1810 1740 1863 dextris
1786 1809 1919 1871 suis,
1955 1808 2056 1863 lue-

2162 1813 2350 1867 πάντα
2375 1815 2444 1868 τὰ
2471 1815 2632 1883 ἔθνη·
2655 1815 2751 1868 καὶ
2775 1814 3008 1883 ἀφοριεῖ
3030 1813 3140 1885 (92)
3171 1813 3391 1880 αὐτοὺς
3414 1813 3513 1867 ἀπ’
3535 1811 3751 1878 ἀλλή-

491 1911 586 1965 dos
636 1919 804 1962 autem
849 1923 881 1960 a
928 1904 1180 1959 sinistris.
1247 1902 1379 1984 Tum
1411 1902 1546 1957 dicet
1587 1901 1670 1956 his
1713 1902 1802 1972 qui
1841 1911 2052 1955 erunta

2162 1914 2297 1973 λων,
2330 1908 2531 1980 ὥσπερ
2579 1913 2611 1965 ὁ
2651 1909 2873 1981 ποιμὴν
2901 1909 3157 1980 ἀφορίζει
3195 1911 3270 1963 τὰ
3314 1909 3568 1977 πρόϐατα
3605 1907 3746 1962 ἀπὸ

493 2001 692 2057 dextris
730 1999 843 2069 ejus
873 2014 891 2051 .'
935 1996 1132 2062 Venite,
1167 1994 1418 2050 benedicti
1447 1993 1629 2047 Patris
1651 1994 1769 2057 mei,
1805 1993 2060 2062 possidete

2162 2002 2272 2055 τῶν
2299 2003 2535 2071 ἐρίφων·
2578 2003 2674 2056 καὶ
2719 2001 2954 2069 στήσει,
2993 2001 3063 2056 τὰ
3103 2000 3218 2070 μὲν
3243 2000 3502 2069 πρόϐατα
3531 2000 3600 2052 ἐκ
3630 1997 3744 2052 δε-

493 2102 738 2164 paratum
769 2090 907 2145 vobis
930 2104 1143 2159 regnum
1170 2104 1202 2141 a
1231 2086 1604 2143 constitutione
1646 2085 1828 2140 mundi
1855 2086 1923 2140 ⁸⁸.
1959 2084 2063 2140 Ve-

2162 2092 2299 2159 ξιῶν
2327 2095 2532 2158 αὑτοῦ,
2559 2094 2629 2148 τὰ
2658 2093 2725 2147 δὲ
2755 2094 2951 2163 ἐρίφια
2981 2094 3050 2159 ἐξ
3070 2093 3408 2160 εὐωνύμων.
3441 2093 3576 2144 Τότε
3608 2089 3758 2157 ἐρεῖ

495 2185 625 2250 nite,
653 2183 950 2254 prophetae,
982 2188 1201 2250 propter
1242 2193 1438 2234 nomen
1477 2193 1656 2232 meum
1688 2178 1918 2249 expulsi.
1943 2177 2056 2233 Νο-

2162 2185 2286 2252 τοῗς
2316 2186 2384 2240 ἐκ
2433 2185 2644 2251 δεξιῶν
2666 2186 2869 2240 αὐτοῦ·
2905 2186 3082 2240 Δεῦτε
3115 2188 3170 2239 οὶ
3198 2181 3584 2254 εὐλογημένοι
3622 2181 3747 2236 τοῦ

494 2277 629 2342 nite,
681 2273 1032 2346 patriarchae,
1073 2272 1166 2343 qui
1214 2279 1338 2326 ante
1375 2269 1666 2326 adventum
1717 2286 1894 2325 meum
1949 2271 2050 2325 ob-

493 2367 832 2440 temperastis
870 2365 1025 2430 mihi,
1074 2377 1408 2434 regnumque
1453 2377 1635 2417 meum
1681 2363 2050 2418 desiderastis.

495 2462 705 2526 Venite,
745 2459 994 2531 apostoli,
1043 2469 1288 2512 mearum
1335 2452 1684 2509 ainictionum
1741 2452 2051 2522 participes,

492 2556 620 2610 dum
660 2554 801 2608 inter
852 2548 1102 2606 homines
1140 2560 1388 2617 agerem,
1421 2553 1640 2614 propter
1678 2541 2050 2614 Evangelium.

2153 2279 2382 2346 Πατρός
2420 2297 2561 2348 μου,
2607 2277 3096 2349 κληρονομήσατε
3127 2277 3241 2346 τὴν
3281 2272 3748 2345 ἡτοιμασμένην

2153 2369 2296 2439 ὑμῖν
2312 2372 2640 2436 βασιλείαν
2666 2371 2783 2426 ἀπὸ
2827 2369 3158 2440 καταϐολῆς
3193 2372 3442 2439 κόσμου.
3476 2365 3642 2420 Δεῦτε
3680 2369 3743 2420 οἱ

2161 2461 2455 2532 προφῆται,
2480 2463 2528 2515 oi
2570 2460 2658 2514 διά
2693 2459 2753 2514 τὺ
2783 2461 2950 2532 ὅνομά
2986 2478 3087 2532 μου
3121 2458 3522 2530 ἐκδιωχθέντες.
3557 2457 3743 2511 Δεῦτε

2156 2551 2206 2603 oi
2239 2553 2587 2623 πατριάρχαι,
2617 2553 2667 2606 οἱ
2699 2552 2804 2623 πρὸ
2839 2553 2936 2624 τῆς
2980 2552 3118 2624 ἐμῆς
3165 2551 3462 2622 παρουσίας
3499 2550 3742 2622 πειθαρ-

494 2646 702 2709 Venite,
730 2650 1017 2713 martyres,
1045 2638 1138 2709 qui
1177 2634 1413 2693 confessi
1451 2650 1537 2690 me
1565 2649 1747 2690 coram
1786 2633 2052 2705 tyrannis,

2162 2642 2423 2713 χήσαντές
2457 2660 2544 2714 μοι
2563 2643 2656 2697 καὶ
2671 2643 3002 2716 ποθήσαντες
3032 2642 3130 2714 τὴν
3145 2643 3280 2716 ἐμὴν
3301 2641 3733 2714 βασιλείανξ(95).

492 2745 761 2793 tormenta
807 2733 977 2788 multa
1028 2739 1190 2799 atque
1231 2727 1494 2798 supplicia
1558 2726 1876 2796 pertulistis.
1956 2723 2061 2780 Ve-

2162 2733 2327 2787 Δεῦτε
2359 2735 2408 2788 oi
2437 2735 2741 2801 ἀπόστολοι,
2769 2736 2817 2788 οἱ
2851 2736 3428 2809 συγκακοπαθήσαντές
3463 2751 3550 2805 μοι
3579 2735 3640 2788 έν
3659 2740 3735 2809 τῇ

491 2831 645 2895 nite,
695 2825 1007 2898 pontiﬁces,
1067 2821 1162 2893 qui
1213 2834 1348 2890 pure
1395 2817 1528 2873 mihi
1591 2817 1916 2872 sacriﬁcium
1976 2815 2065 2870 die

2164 2828 2592 2901 ἑνανθρωπήσει,
2617 2830 2675 2884 έν
2701 2829 2778 2902 τῷ
2809 2829 3321 2901 Εὑαγγελίῳ.Δεῦτε
3357 2831 3648 2908 μάρτυρες,
3679 2835 3738 2886 οἱ

493 2931 757 2992 nocteque
799 2915 1115 2978 obtulistis,
1163 2928 1229 2968 ac
1276 2911 1574 2981 pretiosum
1604 2924 1804 2980 corpus
1839 2919 1894 2966 et
1933 2925 2063 2964 san-

2167 2920 2592 2991 ὁμολογήσαντές
2616 2939 2706 2992 μοι
2735 2920 2962 2976 ἐνώπιον
2987 2923 3261 2994 τυράννων
3288 2923 3419 2996 (94),
3441 2927 3532 2980 καὶ⁸
3563 2927 3742 2998 βασά-

495 3015 711 3084 guinem
750 3023 930 3064 meum
983 3005 1307 3062 immolastis
1351 3001 1610 3072 quotidie.

2172 3027 2296 3074 νους
2327 3011 2522 3076 πολλὰς
2549 3013 2641 3068 καὶ
2685 3014 2952 3084 τιμωρίας
2985 3014 3370 3084 ὑπομείναντες
3407 3016 3534 3090 (95).
3563 3018 3732 3073 Δεῦτε

493 3109 544 3163 οἱ
574 3105 842 3179 ιεράρχαι,
875 3103 926 3156 oi
949 3098 1424 3172 λειτουργήσαντές
1453 3113 1541 3169 μοι
1573 3095 1818 3167 ἀμώμως
1843 3095 1952 3166 (96)
1984 3099 2196 3173 ἡμέρας
2227 3107 2319 3160 καὶ
2349 3107 2556 3170 νυκτὸς,
2596 3106 2655 3160 τὸ
2687 3107 2778 3160 καὶ
2809 3107 2986 3178 τίμιον
3019 3107 3177 3182 σῶμα
3198 3110 3290 3164 καὶ
3313 3107 3452 3181 αἷμά
3473 3128 3574 3183 μου
3607 3110 3750 3166 καθ’

493 3201 726 3272 ικάστην
759 3197 976 3258 θύοντες
1009 3193 1135 3266 (97).

562 3292 700 3350 XLI.
741 3291 947 3357 Venite,
989 3289 1184 3354 sancti,
1215 3286 1309 3358 qui
1346 3286 1402 3341 in
1425 3285 1722 3351 montibus,
1755 3287 1810 3342 in
1840 3288 2061 3359 spelun-

2229 3291 2388 3347 XLII.
2427 3286 2589 3342 Δεῦτε
2622 3292 2672 3344 οἱ
2712 3292 2869 3356 ὅσιοι,
2915 3291 2964 3344 oi
3010 3292 3066 3345 ὲν
3093 3292 3261 3364 ὕρεσι,
3291 3289 3387 3346 καὶ
3426 3289 3744 3361 σπηλαιοις,

494 3389 574 3452 eis
599 3394 654 3442 et
673 3383 920 3441 cavernis
955 3393 1112 3438 terrae
1143 3378 1465 3435 esereuistis
1503 3392 1621 3442 vos,
1658 3379 1750 3449 qui
1790 3394 1886 3449 per
1921 3395 2056 3436 con-

2162 3385 2253 3438 xui.
2293 3387 2410 3449 ταῖς
2460 3387 2618 3448 ὀπαῖς
2664 3383 2762 3453 τῆς
2801 3382 2907 3453 γῆς
2940 3385 3300 3454 ἀσκήσαντες,
3341 3383 3391 3435 oi
3422 3381 3491 3435 δι’
3531 3383 3736 3453 67x90.-

497 3479 803 3544 tinentiam,
838 3488 1027 3545 preces
1075 3481 1130 3528 et
1167 3469 1530 3541 virginitatem
1578 3468 1823 3524 servistis
1847 3470 2055 3526 nomini

2162 3477 2303 3540 τείας
2338 3477 2467 3547 (98),
2498 3476 2592 3532 καὶ
2624 3475 2806 3546 εὐχῆς,
2839 3475 2932 3528 καὶ
2973 3473 3266 3546 παρθενίας
3297 3472 3535 3543 θεραπεύ
3547 3476 3738 3533 σαντές

496 3585 640 3626 meo.
682 3567 894 3630 Venite,
918 3561 1352 3626 adolescentulte,
1387 3575 1508 3630 qua:
1542 3558 1837 3615 thalamum
1872 3575 2051 3617 meum

494 3661 814 3734 exoptastis,
836 3675 936 3715 nec
956 3665 1148 3729 prteter
1175 3669 1259 3710 me
1287 3669 1546 3725 sponsum
1575 3653 1739 3708 alium
1768 3654 2051 3720 dilexistis,

493 3771 617 3828 quze
641 3769 735 3825 per
760 3750 1078 3823 martyrium
1122 3756 1176 3803 et
1201 3746 1416 3817 pietatis
1448 3747 1888 3803 exercitationem
1921 3749 2052 3803 mihi

495 3844 791 3904 immortali
837 3858 902 3898 ac
937 3839 1335 3910 incorruptibili
1375 3854 1576 3910 sponso
1612 3841 1878 3911 copulatae
1899 3843 2050 3898 estis.

497 3936 711 4002 Venite,
757 3936 850 4008 qui
893 3931 1156 3991 dilexistis
1185 3945 1450 4002 pauperes
1483 3945 1548 3987 ac.
1589 3935 1921 4004 peregrinos.
1952 3933 2055 3990 Ve-

495 4033 629 4096 nite,
673 4030 767 4100 qui
813 4029 1134 4084 charitatem
1185 4041 1359 4081 meam
1405 4027 1685 4093 servastis,
1733 4028 1892 4083 sicuti
1931 4044 2054 4085 sum

497 4140 598 4195 ego
620 4123 878 4179 eharitas.
911 4119 1122 4185 Venite,
1167 4117 1300 4173 socii
1355 4118 1538 4187 pacis;
1593 4132 1694 4188 ego
1736 4119 1881 4174 enim
1931 4135 2052 4176 sum

497 4217 615 4286 ipsa
650 4228 775 4284 pax.
812 4211 1022 4279 Venite,
1075 4209 1342 4266 benedicti
1392 4207 1571 4264 Patris
1621 4210 1748 4277 mei,
1786 4212 2056 4282 possidete

498 4314 746 4378 paratum
775 4304 931 4360 vobis
965 4317 1226 4374 regnum;
1266 4301 1358 4372 qui
1399 4301 1550 4356 nihili
1583 4301 1787 4359 fecistis
1815 4303 2052 4373 divitias,

497 4398 591 4469 qui
617 4396 870 4468 pauperis
895 4394 1028 4451 estis
1056 4393 1288 4458 miserti,
1317 4391 1410 4462 qui
1448 4392 1648 4449 tulistis
1687 4407 1839 4463 opem
1877 4397 2056 4466 pupil-

496 4490 588 4555 lis,
621 4488 715 4558 qui
739 4486 920 4543 viduis
940 4487 1073 4542 estis
1111 4483 1377 4547 auxiliati,
1412 4483 1503 4553 qui
1533 4483 1842 4542 sitientibus
1867 4496 2050 4557 potum

498 4579 742 4644 dedistis,
769 4578 861 4648 qui
889 4577 1113 4646 pavistis
1153 4575 1475 4642 esurientes,
1517 4574 1611 4644 qui
1641 4577 1926 4646 excepistis
1963 4594 2055 4648 pe-

2161 3587 2261 3640 μου
2287 3569 2346 3624 τὸ
2383 3568 2572 3639 ὄνομα.
2603 3566 2764 3620 Δεῦτε
2791 3565 3043 3630 νεάνιδες,
3087 3566 3142 3618 αἱ
3190 3564 3281 3618 τὸν
3319 3564 3592 3636 νυμφῶνά
3632 3581 3726 3635 μοι

2159 3661 2478 3734 ποθήσασαι,
2530 3661 2622 3715 καὶ
2675 3659 2811 3731 πλὴν
2855 3657 2988 3730 ἐμοῦ
3027 3657 3120 3712 τοῦ
3165 3657 3416 3729 νυμφίου,
3455 3657 3615 3711 ἀλλον
3660 3659 3739 3729 μὲ

2159 3755 2534 3824 ἀγαπήσασαν
2582 3753 2638 3806 αἱ
2688 3752 2777 3806 διά
2825 3750 3120 3823 μαρτυρίου
3165 3750 3272 3822 (99)
3315 3751 3406 3804 καὶ
3448 3751 3731 3822 ἀσκήσεως

2159 3845 2281 3916 ἐμοὶ
2313 3844 2662 3914 συναφθεϊσαι
2681 3843 2759 3914 τῷ
2786 3841 3038 3913 ἀθανάτῳ
3070 3842 3162 3896 καὶ
3199 3841 3461 3914 ἀφθάρτῳ
3494 3843 3715 3912 νυμφίῳ

2158 3937 2322 3992 Δεῦτε
2373 3937 2719 4007 φιλόπτωχοι,
2756 3933 3037 4002 φιλόξενοι.
3086 3931 3250 3987 Δεῦτε
3289 3934 3339 3986 οἱ
3368 3933 3465 4005 τὴν
3513 3934 3732 4004 ἀγάπην

2163 4047 2263 4100 μου
2303 4026 2651 4096 φυλάξαντες,
2694 4024 2875 4088 καθὼς
2918 4024 3028 4094 ἐγὼ
3065 4025 3254 4096 ἀγάπη
3295 4025 3428 4096 εἰμί.
3462 4025 3633 4080 Δεῦτε
3683 4025 3734 4078 οἱ

2157 4117 2256 4188 τῆς
2290 4118 2509 4189 εἰρήνης
2535 4115 2610 4187 (1)
2651 4114 2983 4186 μετέχοντες·
3013 4112 3122 4182 ἐγὼ
3154 4114 3261 4185 γάρ
3303 4116 3416 4186 εἰμι
3443 4116 3477 4186 ἡ
3517 4116 3731 4186 εἰρήνη.

2160 4209 2323 4262 Δεῦτε
2349 4210 2396 4261 oi
2420 4207 2766 4278 εὐλογημένοι
2789 4205 2882 4260 τοῦ
2904 4206 3113 4278 Πατρός
3145 4223 3265 4276 μου·
3287 4205 3733 4278 κληρονομήσατε

2158 4301 2254 4372 τὴν
2278 4301 2679 4372 ἡτοιμασμένην
2709 4299 2835 4370 ὑμῖν
2870 4297 3164 4368 βασιλείαν,
3194 4299 3243 4351 οἱ
3279 4297 3369 4351 τὸν
3396 4299 3626 4359 πλοῦτον
3656 4301 3732 4372 μὴ

2157 4393 2482 4464 τιμήσαντες
2517 4392 2610 4461 (2).
2647 4391 2710 4444 Οἳ
2739 4389 2994 4461 ἐλεήσατε
3026 4389 3116 4442 τὸν
3151 4389 3378 4462 πένητα,
3409 4391 3458 4443 oi
3493 4393 3606 4456 τοῖς
3638 4393 3735 4464 ὀρ-

2161 4485 2346 4554 φανοῖς
2381 4481 2761 4554 βοηθήσαντες,
2793 4483 2842 4534 oi.
2880 4483 2996 4544 ταῖς
3028 4483 3222 4552 χήραις
3245 4483 3729 4554 ὲπικουρήσαντες,

2158 4576 2208 4628 oi
2235 4575 2360 4637 τοὺς
2401 4572 2665 4642 διψῶντας
2697 4571 3030 4635 ποτίσαντες,
3063 4573 3111 4624 oi
3134 4574 3260 4636 τοὺς
3293 4572 3589 4637 πεινῶντας
3613 4573 3732 4626 δια-

496 4669 762 4739 regrinos,
809 4667 903 4737 qui
952 4667 1128 4722 nudos
1168 4665 1439 4732 induistis,
1477 4665 1570 4735 qui
1614 4667 1874 4724 visitastis
1902 4663 2083 4724 intir-‘

2162 4666 2466 4739 θρέψαντες,
2487 4666 2536 4718 οἱ
2556 4665 2680 4728 τοὺς
2697 4663 2877 4730 ξένους
2897 4663 3384 4732 ὲπισυναγαγόντες
3407 4665 3502 4734 (3),
3530 4666 3580 4718 oi
3601 4667 3739 4728 τοὺς

497 4775 642 4825 mos,
688 4758 782 4831 qui
817 4759 1064 4814 detentos
1104 4758 1173 4812 in.
1203 4772 1420 4813 carcere
1465 4757 1730 4813 consolati
1768 4759 1919 4827 estis,
1959 4761 2052 4831 qui

2158 4758 2399 4830 γυμνοὺς
2435 4756 2774 4819 ἐνδύσαντες,
2801 4757 2850 4809 οἱ
2875 4756 3001 4819 τοὺς
3038 4755 3282 4820 ἀσθενεῖς
3313 4756 3735 4827 ὲπισκέψαντες,

567 4917 614 4950 ’τ
643 4915 810 4973 Zach.
840 4931 940 4981 xu,
969 4913 1069 4982 IO;
1094 4911 1250 4970 Joan.
1287 4930 1401 4981 xxx,
1439 4915 1528 4969 57.
1603 4914 1648 4948 "
1679 4912 1867 4970 Matth.
1906 4931 2032 4982 xxv,
2057 4917 2083 4971 3

2177 4917 2268 4982 32,
2301 4916 2393 4980 55,
2433 4913 2523 4972 54.

569 5035 681 5106 (9|)
719 5035 804 5103 B.,
840 5036 919 5098 είς
955 5033 1133 5106 κρίσιν
1158 5030 1391 5106 αίώνιον.

597 5103 687 5176 92⁷)
712 5107 797 5161 ΑΙ.
824 5106 939 5176 I’ici
971 5103 1162 5170 codex,
1188 5103 1474 5176 6tucpoptsi'.

497 5245 524 5304 ἲ
564 5171 682 5300 [(95)
723 5176 781 5231 In
819 5175 882 5230 Β.
918 5175 1114 5232 desunt
1147 5171 1306 5229 verba
1349 5171 1372 5227 ἐ
1409 5173 1517 5226 Καὶ
1551 5171 1670 5226 ποθ.
1705 5189 1756 5224 τ.
1809 5189 1856 5228 ε,
1905 5171 2058 5243 βασι-

523 5265 558 5302 ε
582 5263 668 5301 αν.
1377 5286 1387 5299 ,

523 5263 668 5302 ειαν.
1377 5286 1387 5299 .

559 5318 682 5387 (94)
717 5316 802 5382 B.,
835 5315 1060 5372 ἐνώπιον
1080 5315 1189 5387 τῶν
1205 5314 1524 5387 ὰνθρῴτεων,
1558 5320 1620 5368 ut
1662 5309 1850 5366 Matth.
1880 5327 1935 5380 ι,
1967 5311 2054 5366 52.

595 5382 686 5458 95)
727 5387 1140 5458 Ὑπομείναντες
1172 5385 1238 5440 δι’
1264 5382 1386 5456 ἐμέ,
1406 5382 1467 5437 B.

591 5457 680 5531 96)
710 5458 814 5531 Id»
847 5457 1170 5531 ἀμέμπτως·

594 5522 683 5598 97)
709 5529 766 5583 In
796 5522 984 5584 eodem
1013 5529 1199 5585 codice
1229 5528 1426 5584 desunt
1455 5525 1616 5582 verba
1649 5523 1748 5579 καὶ
1784 5524 1846 5579 τὸ
1880 5522 2058 5596 τίμιον

499 5609 673 5665 uSque
709 5600 774 5652 ad
809 5599 1040 5663 θύοντες.

498 5662 682 5806 δνέἓὲ)
723 5666 857 5726 Ibid.
888 5662 1085 5726 desunt
1123 5668 1284 5725 verba
1325 5669 1374 5722 οἱ
1403 5667 1470 5721 δι’
1501 5667 1658 5749 Epig,
1697 5677 1867 5737 usque
1897 5664 1962 5721 ad
1996 5662 2058 5716 ,τδ

2231 5033 2340 5104 (99)
2384 5031 2585 5088 Desunt
2615 5032 2668 5087 in
2703 5031 2746 5084 Β
2802 5030 2960 5087 verba
2994 5027 3083 5084 διὰ
3125 5032 3425 5102 μαρτυρίου
3454 5048 3626 5104 usque
3658 5035 3734 5091 ad

2164 5103 2547 5260 νῗξῗῗίίῇοειιηι
2591 5173 2644 5226 in
2690 5173 2877 5228 eodem
2921 5175 3123 5237 codice,
3156 5169 3305 5226 δεῦτε
3345 5173 3394 5226 οἱ
3431 5173 3530 5246 τῆς
3557 5189 3740 5247 usque

2163 5244 2228 5299 ad
2256 5245 2289 5315 ἡ
2315 5244 2522 5315 είρήντ.
3488 5244 3494 5246 ”
3643 5244 3656 5247 ⁷

2228 5314 2310 5387 _(2)
2362 5280 2740 5387 Μισήσαντες,⁸
2766 5311 3333 5387 οί-ὲλεήσαντες-τοὺς
3359 5311 3627 5387 πένητας,
3681 5319 3740 5372 οξ

2061 5423 2065 5427 .
2161 5382 2288 5456 τοῦς
2317 5382 2613 5456 πεινῶντας
2631 5382 3031 5456 διαθρέψαντες.
3059 5383 3136 5440 Ita
3168 5382 3236 5448 B,
3261 5383 3462 5448 verbis,
3489 5382 3612 5454 Quae
3644 5387 3742 5440 in-

2166 5454 2447 5524 teriacent,
2470 5453 2720 5524 omissis.

2229 5522 2306 5596 (ὃ)
2337 5522 2420 5596 B._,
2466 5523 2896 5595 Ὑποδεχόμενοι,
2937 5524 3130 5580 deinde
3167 5524 3359 5596 _statim
3392 5525 3650 5596 sequitur
3684 5529 3744 5581 οἱ

2161 5593 2295 5658 τοῦς
2322 5593 2564 5658 ἀσθενεῖς
2603 5593 3086 5666 ἐπισκεπτόμενοι,
3131 5593 3355 5666 οἰρτοὺς
3391 5594 3582 5666 λόγους
3631 5614 3743 5666 μου

2162 5666 2506 5738 ποιήσαντες,
2540 5666 2622 5738 Αοζ
2657 5660 3242 5738 συγκακοπαθήσαντές
3295 5681 3384 5734 μοι
3432 5660 3508 5729 ὡς
3575 5660 3744 5723 καλοὶ

2166 5733 2511 5808 στρατιῶται,
2533 5733 2708 5790 δεῦτε.
