4028 6214
294 259 406 315 945

1228 255 1500 314 8ΡυΒΙΑ.
1542 288 1610 296 -
1644 255 1732 310 DE
1769 254 2359 314 CONSUMMATIO‘NE
2397 251 2630 310 MUNDI.

3449 249 3564 303 956

295 383 349 434 οἱ
381 380 506 443 τοὺς
540 380 596 432 ἐν
621 376 882 446 φυλακαῖς
913 378 1420 452 παραμυθήσαντες,
1455 378 1504 432 οἱ
1534 381 1642 442 τοῖς
1665 379 1864 448 τυφλοῖς

1989 379 2148 435 caecis
2185 379 2390 435 auxilio
2417 376 2618 442 fuistis,
2648 375 2742 446 qui
2775 375 3010 446 sigillum
3044 372 3167 428 Iidei
3193 375 3556 430 conservastis

295 472 782 543 Ξπικουρήσαντες,
806 473 855 523 οἱ
882 472 978 544 τὴν
1002 472 1269 544 σφραγῖδα
1291 471 1390 542 τῆς
1425 471 1656 535 πίστεως
1684 471 1884 544 ἀθραυο

299 581 428 617 στον
471 561 914 632 διαφυλάξαντες,
959 565 1008 616 οἱ
1046 567 1166 628 ταῖς
1207 564 1522 634 ἐκκλησίαις
1568 563 1883 636 ἐπισυντρέ-

295 673 508 727 χοντες,
539 656 587 708 οἱ
621 655 726 709 τῶν
759 655 990 728 Γραφῶν
1020 673 1121 726 μου
1156 655 1464 720 ἀκούοντες,
1488 657 1537 709 οἱ
1567 659 1679 720 τοῖς
1705 656 1882 725 λόγοις

296 766 406 820 μου
438 746 770 818 ποθήσαντες
812 747 908 819 (4),
942 748 992 801 οἰ
1035 747 1127 801 τὸν
1177 746 1338 818 νόμον
1392 764 1491 817 μου
1547 748 1882 819 τηρήσαντες

293 839 510 910 ἡμέρας
541 839 634 892 καὶ
683 839 895 904 νυκτὸς,
935 840 984 892 οἱ
1026 837 1609 910 συγκακοπαθήσαντές
1660 856 1748 908 μοι
1782 856 1882 893 κα-

289 933 378 986 λοὶ
397 932 472 1004 (5)
491 932 838 1004 στρατιῶται,
857 933 980 1004 ἐμοὶ
989 931 1066 1003 τῷ
1081 932 1314 1004 οὐρανίῳ
1331 930 1537 1002 βασιλεῖ
1556 932 1748 1002 ἀρέσαι
1766 931 1883 1002 βου-

289 1022 725 1094 λόμενοι.Δεῦτε,
751 1023 1199 1094 κληρονομήσατε
1214 1021 1309 1094 τὴν
1328 1023 1735 1094 ἡτοιμασμένην
1751 1023 1879 1093 ὑμῖν

291 1115 578 1187 βασιλείαν
610 1115 720 1170 ἀπὸ
751 1115 1058 1186 καταϐολῆς
1091 1115 1316 1186 κόσμου.
1375 1115 1512 1170 Ἰδοὺ
1549 1117 1582 1186 ή
1638 1114 1880 1186 βασιλεία

295 1225 405 1278 μου
447 1207 805 1279 ηὐτρέπισται
850 1207 959 1279 (6),
1017 1207 1123 1260 ἰδοὺ
1168 1208 1196 1260 6
1245 1207 1567 1279 παράδεισος
1607 1206 1877 1278 ἠνεῴχθη,

297 1299 410 1352 ἰδοὺ
440 1300 473 1369 ή
517 1297 784 1354 ἀθανασία
831 1316 933 1370 μου
972 1297 1430 1353 κεκαλλώπισται.
1457 1298 1621 1352 Δεῦτε
1657 1299 1879 1362 πάντες,

293 1389 744 1461 κληρονομήσατε
806 1389 904 1461 τὴν
956 1389 1368 1462 ἡτοιμασμένην
1423 1389 1550 1461 ὑμῖν
1607 1388 1878 1460 βασιλείαν

293 1482 411 1536 ἀπὸ
437 1480 743 1552 καταϐολῆς
775 1481 1000 1552 κόσμου.

368 1571 552 1626 XLIII.
601 1573 735 1626 Τότε
774 1570 1280 1641 ἀποκριθήσονται
1317 1576 1371 1627 οὶ
1407 1573 1622 1628 δίκαιοι
1671 1574 1747 1648 (7)
1784 1575 1877 1628 ὲκ-

294 1661 654 1734 πληττόμενοι
710 1661 787 1733 τῷ
828 1662 1049 1734 μεγέθει
1100 1663 1193 1716 τοῦ
1247 1663 1541 1736 θαύματος,
1587 1665 1670 1718 ὅτι
1710 1665 1768 1719 ὃν
1814 1667 1876 1720 ού

1981 471 2234 538 illaesum,
2262 471 2358 542 qui
2386 469 2745 548 concurristis
2772 467 2842 523 ad
2871 466 3150 534 ecclesias,
3182 466 3276 537 qui
3301 463 3549 535 Scriptu-

1985 581 2073 620 ras
2117 580 2266 640 meas
2311 564 2565 628 audistis,
2612 562 2707 633 qui
2747 574 3032 616 sermones
3064 575 3216 615 meos
3252 557 3552 628 expctistis,

1982 657 2075 728 qui
2105 656 2276 726 legem
2313 671 2490 710 meam
2523 664 2689 709 noctu
2727 653 2930 722 diuque
2979 651 3256 716 servastis,
3301 650 3394 720 qui
3435 659 3554 704 tan-

1982 765 2146 820 quam
2177 749 2383 804 strenui
2427 747 2632 803 milites
2665 746 2800 801 dura
2836 759 3049 799 mecum
3082 743 3372 807 tolerastis,
3417 741 3553 795 mihi

1981 843 2094 912 regi
2142 841 2351 896 cmlesti
2407 841 2618 910 placere
2662 837 2963 894 studentes.
3005 833 3214 901 Venite,
3269 833 3554 890 haeredita-

1983 931 2052 986 tis
2073 931 2197 1001 jure
2227 931 2498 1002 possidete
2532 938 2894 1001 praeparatum
2927 927 3080 982 vobis
3115 943 3339 998 regnum
3370 942 3400 980 a
3425 940 3555 980 con-

1981 1021 2260 1077 stitutione
2288 1021 2497 1076 mundi.
2546 1019 2624 1074 En
2669 1034 2898 1091 regnum
2933 1033 3113 1073 meum
3162 1027 3408 1088 paratum
3445 1027 3549 1082 est,

1980 1133 2046 1168 en
2073 1124 2218 1184 patet
2249 1114 2556 1184 paradisus,
2597 1129 2665 1168 en
2705 1112 3085 1167 immortalitas
3136 1127 3254 1166 mea
3297 1111 3550 1166 decorata

1980 1214 2095 1262 est:
2127 1206 2306 1260 venite
2333 1221 2545 1271 omnes,
2571 1204 2844 1276 possidete
2860 1214 3106 1274 paratum
3140 1203 3298 1260 vobis
3325 1218 3548 1274 regnum

1982 1313 2012 1352 a
2047 1297 2432 1352 constitutione
2462 1296 2670 1352 mundi.

2052 1569 2236 1624 XLIII.
2285 1568 2428 1622 Tunc
2459 1569 2837 1639 respondebunt
2859 1569 3018 1638 justi,
3039 1565 3548 1641 attoniti'magnitu-

1981 1664 2106 1719 dine
2142 1663 2414 1728 miraculi,
2461 1663 2607 1733 quod
2661 1663 2708 1718 is
2760 1677 2921 1733 quem
2977 1663 3195 1718 ordines
3228 1663 3545 1734 angelorum

290 1754 545 1809 δύνανται
581 1754 796 1825 βλέπειν
835 1755 1045 1826 τρανῶς
1089 1755 1337 1824 ἀγγέλων
1372 1755 1436 1809 τὰ
1481 1751 1756 1828 τάγμα-ἔα,
1796 1759 1864 1821 ὼς

1977 1756 2173 1811 intueri
2201 1757 2345 1811 clare
2397 1771 2459 1811 ac
2499 1772 2623 1811 vere
2662 1772 2770 1811 non
2810 1764 3062 1826 possunt,
3103 1756 3420 1810 consolatur
3449 1772 3545 1812 eos

293 1847 482 1918 φίλους
516 1846 712 1909 αὐτοὺς
747 1845 1152 1916 προσκαλεῖται,
1189 1847 1284 1900 καὶ
1315 1847 1566 1920 βοήσουσι
1598 1847 1735 1920 πρὸς
1776 1848 1872 1900 αύ-

289 1940 405 1992 τόν·
448 1939 643 2007 Κύριε,
692 1939 835 1993 πότε
873 1953 947 1992 σε
977 1938 1184 2010 ἴδομεν
1209 1939 1524 2004 πεινῶντα,
1566 1939 1663 1994 καὶ
1711 1939 1872 2012 ἐθρέ-

291 2034 528 2100 ψαμεντ
572 2029 841 2095 Δέσποτα,
883 2032 1027 2084 πότε
1071 2027 1145 2085 σε
1187 2030 1390 2101 ἴδομεν
1444 2030 1729 2100 διψῶντα,
1770 2032 1866 2086 καὶ

288 2121 686 2189 ἐποτίσαμεν;
708 2119 926 2190 Φοϐερὲ,
969 2121 1112 2174 πότε
1148 2135 1221 2174 σε
1255 2121 1459 2192 ἴδομεν
1489 2121 1737 2191 γυμνὸν,
1773 2121 1870 2176 καὶ

289 2214 716 2283 περιελάὸομεν
741 2215 835 2285 (8).
876 2213 1147 2277 Ἀθάνατε,
1176 2215 1318 2268 πότε
1337 2231 1410 2270 σε
1437 2213 1641 2283 ἴδομεν
1670 2213 1866 2279 ξένον,

289 2307 389 2360 καὶ
443 2305 896 2376 συνηγάγομεν;
924 2306 1298 2378 Φιλάνορωπε,
1361 2308 1504 2362 πότε
1549 2322 1622 2361 σε
1667 2305 1869 2376 τδομεν

289 2398 520 2468 ἀσθενῆ
556 2400 592 2468 ἢ
625 2400 696 2453 ἐν
727 2398 993 2469 φυλακῇ,
1047 2400 1142 2453 καὶ
1184 2399 1448 2469 ἤλθομεν
1474 2399 1624 2468 πρὸς
1654 2398 1762 2462 σέ;
1794 2399 1866 2452 Σὺ

288 2488 341 2546 εἴ
358 2495 387 2546 6
421 2493 510 2546 ἀεὶ
542 2491 616 2545 ῶν
646 2492 737 2562 (9).
760 2493 831 2544 ΣΞ)
860 2487 910 2545 εἴ
934 2496 961 2545 6
984 2491 1315 2562 συνάναρχος
1339 2491 1418 2562 τῷ
1441 2490 1614 2563 Πατρὶ
1636 2490 1727 2544 καὶ
1747 2507 1867 2544 συν-

289 2583 457 2646 αἲδιος
484 2581 561 2653 τῷ
593 2581 886 2653 Πνεύματι.
932 2584 1004 2637 Σὺ
1045 2580 1095 2636 εἶ
1127 2583 1156 2634 6
1197 2586 1260 2636 ἐκ
1291 2582 1365 2655 μὴ
1400 2582 1566 2636 όντων
1595 2582 1661 2638 τά
1690 2583 1867 2637 πάντα

289 2676 540 2746 ποιήσας.
581 2675 654 2727 Σὺ
691 2669 743 2726 εἴ
778 2676 806 2727 6
846 2674 953 2727 τῶν
981 2674 1226 2744 ἀγγέλων
1259 2675 1367 2745 (10)
1418 2673 1688 2746 βασιλεύς.
1717 2674 1788 2728 Σὺ
1817 2670 1868 2726 εἴ

287 2765 347 2818 ὃν
373 2765 661 2836 τρέμουσιν
688 2767 931 2821 ἄϐυσσοι.
963 2767 1034 2821 Σὺ
1065 2762 1116 2820 εἷ
1142 2769 1169 2820 6
1202 2765 1628 2837 ἀναϐαλλόμενος
1653 2765 1768 2835 φῶς
1789 2767 1864 2830 ὡς

291 2861 523 2931 ἱμάτιον.
557 2863 628 2916 Σὺ
657 2859 710 2918 εἴ
756 2866 784 2917 6
807 2867 1035 2936 ποιήσας
1057 2865 1205 2935 ἡμᾶς
1229 2863 1323 2917 καὶ
1353 2861 1562 2925 πλάσας
1588 2860 1695 2916 ἀπὸ
1723 2860 1846 2930 γῆς.

289 2956 364 3008 Σὺ
397 2951 450 3008 εἴ
470 2957 498 3008 ὸ
523 2955 590 3010 τά
610 2957 815 3030 ἀόρατα
835 2958 1244 3030 δημιουργήσας
1270 2956 1398 3027 (Η).
1434 2955 1534 3009 Σοῦ
1567 2955 1674 3009 ἀπὸ
1693 2972 1862 3028 προσ-

283 3045 440 3100 ὡπου
469 3047 657 3118 φεύγει
695 3051 841 3104 πᾶσα
867 3053 899 3122 ή
932 3050 1002 3122 γῆ
1029 3050 1160 3120 (12),
1185 3050 1278 3103 καὶ
1308 3048 1423 3113 πῶς
1453 3050 1608 3120 ἡμεῖς
1627 3048 1861 3113 ἐξενοδό-

284 3139 534 3210 χήσαμεν
562 3141 659 3210 τὴν
683 3141 779 3214 σὴν
805 3142 1079 3212 βασιλείαν
1102 3143 1195 3196 καὶ
1222 3141 1554 3213 κυριότητα;

357 3225 547 3284 XLIV.
580 3229 712 3283 Τότε
738 3231 1168 3303 ἀποκριθήσεται
1198 3231 1359 3285 πάλιν
1388 3234 1416 3286 6
1456 3231 1718 3296 Βασιλεὺς
1755 3231 1862 3286 τῶν

285 3320 698 3391 βασιλευόντων,
727 3321 904 3392 λέγων
932 3325 1067 3396 πρὸς
1089 3325 1304 3389 αύτούς·
1347 3326 1464 3394 Ἐφ’
1489 3325 1640 3380 ὅσον
1663 3325 1866 3392 ἐποιή-

283 3429 429 3467 σατε
449 3413 539 3467 ἐνὶ
557 3415 781 3468 τούτων
804 3415 919 3469 τῶν
937 3415 1214 3486 ἀδελφῶν
1227 3435 1346 3486 μου
1369 3415 1485 3470 τῶν
1505 3417 1862 3488 ἐλαχίστων,

279 3505 408 3574 ἐμοὶ
426 3503 765 3574 ἐποιήσατε·
787 3509 869 3576 ἐφ’
887 3509 1008 3561 ὅσον
1021 3507 1112 3572 οὓς
1129 3511 1386 3580 προεῖπον
1403 3509 1528 3580 ύμῖν
1543 3508 1674 3580 (15),
1693 3507 1867 3574 ἐξενο-

279 3599 564 3678 δοχήσατε,
595 3598 872 3666 ἐνδύσατε,
903 3601 996 3653 καὶ
1037 3600 1319 3672 ἐθρέψατε,
1352 3601 1444 3680 καὶ
1472 3601 1755 3654 ὲποτίσατε
1785 3601 1852 3654 τὰ

285 3689 420 3761 μέλη
445 3707 545 3760 μου
561 3691 687 3754 τοὺς
705 3693 969 3762 πτωχοὺς,
1000 3693 1123 3762 ἐμοὶ
1152 3694 1460 3765 ἐποιήσατε.
1503 3691 1662 3746 Ἀλλά
1684 3691 1856 3746 δεῦτε

279 3783 370 3848 εις
393 3780 509 3850 τὴν
539 3781 987 3853 ἡτοιμασμένην
1010 3783 1152 3855 ὑμῖν
1182 3784 1507 3849 ,ϐασιλείαν
1530 3782 1647 3838 ἀπὸ
1681 3799 1858 3836 κατα-

279 3871 469 3941 ϐολῆς
493 3875 746 3946 κόσμου,
780 3875 1120 3930 ἀπολαύσατε
1153 3879 1232 3941 εἰς
1265 3877 1432 3931 αἰῶνα
1474 3875 1663 3938 αἰῶνος
1705 3876 1856 3947 παρὰ

279 3965 374 4019 τοῦ
414 3967 628 4039 Πατρός
663 3987 762 4040 μου
795 3967 886 4022 τοῦ
929 3970 987 4023 ὲν
1024 3969 1292 4040 οὐρανοῖς,
1338 3971 1431 4023 καὶ
1463 3968 1555 4023 τοῦ
1591 3968 1856 4036 παναγίου

280 4059 377 4112 καὶ
403 4059 662 4124 ζωοποιοῢ
704 4061 1033 4134 Πνεύματος.
1071 4065 1226 4117 Ποῖον
1259 4060 1366 4134 ἆρα
1400 4062 1510 4133 (Η)
1552 4062 1724 4133 στόμα
1764 4063 1856 4113 ὲκ-

277 4150 598 4223 διηγήσεται
623 4152 689 4207 τὰ
722 4153 900 4222 ἀγαθά
924 4157 1104 4208 ὲκεῖνα
1137 4154 1175 4208 ἃ
1201 4155 1505 4224 ὀφθαλμὸς
1527 4157 1637 4208 οὐκ
1672 4149 1853 4214 οἶδεν,

1977 1848 2124 1901 velut
2173 1849 2402 1913 amicos,
2447 1846 2869 1916 clamabuntque
2919 1847 2985 1902 ad
3037 1847 3188 1901 illum
3239 1863 3253 1902 :
3303 1847 3544 1915 Domi-ne,

1975 1940 2184 2011 quando
2219 1950 2268 1994 te
2300 1941 2525 1994 uidimus
2555 1939 2887 2005 esurientem,
2921 1949 2976 1992 et
3001 1939 3274 2008 pavimus?
3303 1939 3544 2005 Domine,

1975 2031 2182 2101 quando
2216 2041 2263 2085 te
2306 2031 2530 2086 vidimus
2573 2031 2854 2096 sitientem,
2891 2039 2942 2086 et
2976 2029 3291 2099 prwbuimus
3324 2036 3547 2100 potum.’

1976 2123 2298 2190 Tremende,
2324 2123 2534 2194 quando
2559 2133 2606 2178 te
2633 2124 2856 2177 vidimus
2886 2123 3106 2190 nudum,
3137 2132 3186 2178 et
3211 2125 3548 2194 aperuimus?

1976 2215 2325 2282 Immortalis,
2351 2218 2558 2286 quando
2577 2227 2623 2270 te
2647 2216 2871 2271 vidimus
2887 2218 3234 2287 peregrinum,
3256 2227 3307 2272 et
3332 2218 3546 2290 collegi-

1976 2309 2122 2363 mus?
2143 2308 2364 2363 Amator
2388 2308 2692 2371 hominum,
2710 2307 2920 2379 quando
2939 2317 2985 2360 te
3003 2308 3229 2375 vidimus
3247 2309 3540 2379 inﬁrmum,

1973 2410 2065 2454 aut
2095 2401 2148 2454 in
2173 2416 2398 2466 carcere,
2429 2413 2475 2455 et
2501 2401 2729 2454 venimus
2752 2400 2822 2454 ad
2844 2410 2892 2454 te
2913 2401 2958 2433 ”
2978 2401 3002 2454 ?
3020 2397 3098 2452 Tu
3117 2415 3197 2464 es,
3214 2402 3304 2470 qui
3331 2417 3544 2470 semper

1972 2503 2073 2549 est.
2098 2492 2178 2547 Tu
2206 2508 2314 2548 una
2343 2508 2464 2548 cum
2479 2492 2638 2548 Patre
2664 2506 2818 2548 cares
2847 2490 3135 2562 principio,
3157 2500 3210 2545 et
3237 2499 3540 2545 cowternus

1972 2603 2031 2645 es
2049 2588 2276 2658 Spiritui
2299 2598 2509 2643 sancto.
2535 2586 2616 2642 Tu
2635 2603 2714 2651 es,
2736 2587 2829 2657 qui
2849 2601 2913 2641 ex
2934 2587 3104 2642 nihilo
3119 2585 3302 2641 omnia
3319 2587 3537 2640 creasti.

1973 2681 2052 2735 Tu
2077 2698 2135 2738 es
2157 2698 2250 2737 rex
2273 2681 2612 2752 angelorum.
2637 2677 2721 2734 Tu
2743 2694 2824 2741 es,
2845 2693 3005 2747 quem
3034 2685 3272 2731 tremunt
3293 2677 3470 2747 abyssi
3498 2678 3535 2730 ⁸.

1973 2774 2054 2829 Tu
2080 2790 2160 2841 es,
2183 2774 2275 2844 qui
2301 2773 2502 2827 lumine
2534 2770 2795 2836 indueris,
2827 2769 2902 2827 uti
2934 2769 3254 2824 vestimento
3282 2769 3324 2822 ¹.
3353 2768 3430 2821 'I‘u
3457 2783 3536 2830 cs,

1971 2868 2064 2938 qui
2113 2884 2212 2922 nos
2236 2867 2432 2924 creasti
2465 2881 2528 2921 ac
2560 2865 2762 2920 ﬁnxisti
2790 2880 2822 2920 e
2870 2873 3033 2917 terra.
3065 2860 3146 2915 'I'u
3176 2877 3255 2928 es,
3282 2863 3372 2930 qui
3400 2861 3539 2914 invi-

1969 2961 2146 3018 sibilia
2172 2958 2460 3016 condidisti
2476 2959 2514 3012 ³.
2543 2957 2588 3010 Α
2605 2955 2743 3012 facie
2769 2967 2857 3010 tua
2882 2954 3021 3025 fugit
3041 2953 3292 3009 universa
3316 2961 3455 3008 terra
3471 2953 3492 2983 ⁸
3519 2971 3534 3007 :

1969 3064 2022 3110 et
2046 3065 2156 3126 quo
2190 3063 2347 3124 pacto
2372 3067 2470 3107 nos
2505 3051 2706 3122 regiam
2744 3059 2890 3104 luam
2923 3047 3238 3118 dignitatem
3268 3062 3332 3102 ac
3363 3045 3538 3102 domi-

1965 3144 2242 3199 nationem
2277 3142 2591 3212 excepimus
2618 3139 2894 3210 hospitio?

2036 3234 2221 3290 XLIV.
2281 3231 2434 3288 Tunc
2459 3231 2807 3302 respondebit
2847 3230 3042 3286 iterum
3083 3227 3196 3284 Rex
3223 3243 3432 3302 regum,
3455 3227 3538 3283 di-

1967 3345 2096 3384 cens
2127 3327 2207 3381 cis
2246 3345 2258 3380 :
2296 3326 2562 3392 Quatenus
2614 3323 2810 3392 fecistis
2868 3324 2960 3376 uni
3003 3337 3066 3377 ea:
3111 3320 3365 3391 fratribus
3409 3321 3534 3373 meis

1968 3421 2223 3484 minimis,
2267 3418 2396 3471 mihi
2434 3418 2632 3487 fecistis
2663 3418 2722 3480 ⁵;
2757 3423 3026 3483 quatenus
3063 3415 3184 3479 hos,
3226 3429 3366 3485 quos
3411 3423 3536 3468 ante

1968 3511 2079 3566 dixi
2109 3509 2282 3574 vobis,
2322 3507 2632 3578 excepiStis,
2687 3506 2963 3573 induistis,
3006 3505 3240 3572 aluistis,
3282 3513 3410 3574 potu
3451 3519 3536 3558 re-

1955 3597 2184 3654 creastis
2218 3595 2460 3652 membra
2489 3610 2628 3658 mea,
2657 3610 2924 3664 pauperes
2964 3595 3106 3656 dico.
3139 3594 3271 3648 mihi
3307 3594 3530 3649 fecistis.

1959 3687 2161 3743 Verum
2189 3687 2418 3740 accedite
2450 3686 2518 3739 ad
2548 3702 2760 3755 regnum
2801 3686 2943 3740 vobis
2970 3697 3216 3756 paratum
3257 3702 3290 3738 a
3335 3687 3533 3740 consti-

1961 3778 2159 3832 tutione
2191 3776 2396 3840 mundi,
2431 3773 2690 3830 Iruamini
2725 3775 2780 3828 in
2816 3776 3075 3830 saeculum
3109 3774 3312 3839 smculi,
3355 3789 3385 3828 a
3424 3773 3532 3830 Deo

1958 3869 2118 3925 Patre
2150 3883 2271 3922 meo
2302 3867 2530 3932 caelesti,
2560 3883 2624 3920 ac
2657 3876 2946 3936 persancto
2973 3876 3026 3922 et
3062 3867 3277 3922 vivilico
3304 3865 3529 3936 Spiritu.

1965 3961 2182 4032 Ecquod
2213 3976 2273 4016 os
2297 3959 2573 4013 enarrabit
2595 3959 2734 4012 bona
2763 3959 2873 4022 illa,
2901 3975 3018 4030 qua:
3045 3958 3227 4012 oculus
3257 3975 3358 4010 non
3380 3959 3529 4022 vidit,

1965 4071 2054 4108 nec
2082 4054 2227 4107 auris
2254 4052 2476 4116 audivit,
2525 4067 2615 4104 nec
2656 4052 2712 4103 in
2767 4068 2856 4104 cor
2896 4051 3118 4104 hominis
3165 4049 3528 4115 ascenderunt,

1961 4163 2077 4217 qua:
2117 4144 2434 4215 prwparavit
2467 4143 2604 4198 Deus
2634 4143 2972 4214 diligentibus
2999 4159 3116 4196 eum
3143 4143 3202 4196 ⁸2

278 4246 418 4300 οὔτε
452 4243 562 4314 οὖς
590 4249 700 4302 οὐκ
739 4247 1026 4317 ἤκουσεν,
1067 4251 1204 4304 οὔτε
1233 4251 1330 4305 ἐπὶ
1374 4250 1624 4318 καρδίαν
1656 4245 1967 4316 ἀνθρώπου
1994 4243 2104 4296 οὐκ
2144 4239 2346 4308 ἀνέϐη,
2383 4238 2422 4294 d
2454 4241 2782 4310 ἡτοίμασεν
2819 4242 2852 4294 ό
2895 4238 3037 4305 Θεὸς
3068 4237 3192 4306 τοῖς
3217 4237 3531 4310 ἀγαπῶσιν

276 4343 491 4402 αὐτόν.

352 4431 508 4486 XLV.
540 4434 778 4503 Ἔγνωτε
813 4434 986 4508 χαρὰν
1009 4435 1285 4505 ἀδιάδοχον
1304 4477 1318 4500 ,
1348 4434 1545 4504 ἔγνωτε
1581 4434 1853 4505 βασιλειαν

2030 4427 2191 4482 XLV.
2233 4425 2415 4482 Nostis
2451 4427 2709 4498 gaudium
2736 4435 3077 4496 perpetuum,
3105 4427 3278 4481 nostis
3301 4442 3526 4498 regnum

281 4526 580 4579 ἀσάλευτον
625 4525 768 4598 (15),
827 4525 1028 4594 ἔγνωτε
1080 4527 1289 4600 τρυφὴν
1331 4526 1548 4596 ἀγαθῶν
1586 4525 1738 4590 τέλος
1777 4525 1850 4596 μὴ

277 4618 528 4690 ἔχουσαν.
561 4617 769 4672 Μάθετε
803 4618 1017 4690 καὶ“τὴν
1037 4618 1145 4672 τῶν
1175 4619 1232 4684 ἐξ
1261 4619 1551 4690 εὐωνύμων
1589 4617 1850 4688 ὀδυνηρὰν

276 4709 478 4781 φωνὴν,
511 4711 576 4781 ἢν
607 4709 742 4782 πρὸς
767 4710 962 4775 αὐτοὺς
997 4710 1390 4780 ἀποφθέγξεται
1429 4713 1457 4764 6
1495 4711 1698 4774 δίκαιος
1727 4729 1849 4782 κρι-

272 4803 393 4874 τὴς,
424 4802 517 4855 και
536 4801 665 4866 Θεὸς
688 4801 799 4876 (16)
820 4803 848 4855 ό
877 4803 1048 4874 πρᾶος
1071 4803 1128 4856 ὲν
1148 4802 1305 4874 θυμῷ
1323 4803 1548 4875 ἀμέτρῳ
1565 4803 1659 4856 καὶ
1687 4803 1845 4874 ὀργῇ·

344 4920 388 4952 ³⁹
437 4906 622 4976 Matth.
673 4936 795 4981 xxv,
837 4921 926 4982 ⁸57,
957 4922 1159 4981 38.59.
1237 4922 1252 4953 ¹
1290 4921 1357 4974 IV
1423 4921 1578 4977 Esdr.
1629 4939 1708 4989 III,
1751 4923 1804 4978 8.

271 4992 292 5022 '
333 4989 521 5046 Matth.
572 5007 696 5055 xxv,
736 4991 825 5046 40.
901 4991 922 5022 ⁶
970 4995 1071 5048 lsa.
1122 5008 1267 5058 LXIV,
1303 4994 1368 5059 ις
1413 4992 1583 5050 ICor.
1623 5011 1680 5061 Il,
1714 4996 1767 5049 9.

341 5111 416 5184 (4)
453 5113 560 5171 ΑΙ..
580 5113 952 5186 πειθήσαντες.
974 5114 1058 5184 Β.,
1082 5117 1206 5179 τοὺς
1231 5115 1419 5186 λόγους
1447 5135 1547 5190 μου
1577 5119 1838 5191 ποιήσαν-

276 5200 418 5319 θεῖὲ)
455 5250 541 5315 Β.,
569 5253 643 5316 ὡς
665 5255 837 5308 καλοί.

261 5322 415 5447 δε
457 5320 513 5376 ln
547 5323 606 5376 Β.
641 5325 906 5393 sequitur,
944 5327 994 5380 oi
1039 5328 1288 5397 στέφανοί
1349 5347 1450 5400 μου
1500 5331 1836 5402 πρόκεινται,

583 5465 718 5538 μετά
743 5465 910 5536 φόδου
941 5467 1033 5521 καὶ
1069 5468 1272 5540 τρόμου
1313 5465 1594 5540 λέγοντες’
1638 5471 1830 5544 Κύριε,

336 5606 414 5673 (8)
455 5604 582 5672 ch.
611 5607 1024 5678 περιεϐάλομεν,
1054 5620 1111 5663 ut
1135 5611 1297 5663 etiam
1332 5620 1414 5666 est
1439 5611 1490 5665 in
1522 5611 1580 5666 Β.

343 5671 411 5736 ’9)
452 5675 508 5728 In
541 5675 598 5728 Β.
633 5678 812 5732 statim
846 5680 1094 5736 sequitur
1119 5682 1182 5733 σὺ
1205 5678 1254 5735 εῐ
1279 5683 1307 5736 6
1333 5685 1394 5735 ὲκ
1427 5684 1500 5736 μὴ
1528 5682 1580 5736 δν

343 5682 411 5736 ’9)
452 5682 508 5728 In
541 5682 598 5728 Β.
633 5682 812 5732 statim
846 5682 1094 5746 sequitur
1119 5682 1182 5733 σὺ
1205 5682 1254 5735 εῐ
1279 5683 1307 5736 6
1333 5685 1394 5735 ὲκ
1427 5684 1500 5755 μὴ
1528 5682 1717 5738 ὄντων.

337 5745 448 5817 (ιο)
478 5745 536 5803 Β.
566 5742 732 5816 addit,
755 5749 844 5802 καὶ
867 5750 1233 5822 ἀρχαγγέλων.

1918 4926 1939 4956 ¹
1988 4921 2133 4978 Psal.
2175 4937 2282 4991 CIV,
2313 4922 2369 4976 3.

1960 4526 2369 4585 inconcussum,
2420 4519 2594 4574 nostis
2633 4519 2854 4575 delicias
2905 4519 3113 4574 nullum
3163 4521 3325 4574 linem
3359 4521 3526 4574 bono-

1960 4633 2081 4671 rum
2139 4616 2419 4671 habentes.
2481 4611 2682 4668 Discite
2735 4627 2954 4683 quoque
3011 4611 3261 4666 acerbam
3314 4626 3524 4676 vocem,

1956 4726 2119 4780 quam
2165 4709 2220 4764 in
2264 4723 2360 4762 eos
2409 4707 2504 4778 qui
2539 4706 2760 4761 stabunt
2791 4721 2820 4758 a
2858 4704 3098 4760 sinistris
3131 4703 3518 4773 eloqueturju-

1955 4813 2075 4856 stus
2094 4801 2259 4870 judex
2291 4810 2345 4854 et
2376 4797 2518 4854 Deus
2543 4798 2780 4854 clemens
2807 4811 2931 4851 cum
2957 4797 3034 4852 ira
3061 4804 3114 4850 et
3157 4795 3526 4866 indignatione

2476 4921 2498 4954 ³
2522 4920 2735 4976 Coloss.
2767 4935 2805 4987 ι,
2842 4917 2931 4973 16.
3035 4916 3057 4948 ⁵
3094 4916 3264 4987 Apoc.
3300 4934 3390 4985 xx,
3441 4918 3521 4972 ll.

2019 5118 2128 5189 (II)
2170 5114 2226 5171 In
2259 5115 2320 5171 Β.
2351 5116 2548 5172 desunt
2590 5115 2706 5172 haec
2746 5116 2931 5180 verba,
2965 5113 3027 5166 σὺ
3062 5106 3114 5163 εἴ
3140 5111 3168 5163 6
3209 5108 3274 5164 τά
3319 5109 3524 5179 ἀόρατα

1944 5190 2369 5260 δημιουργήσας.

1948 5330 1961 5344 ,
1998 5251 2300 5382 "(garoue
2323 5266 2628 5328 sequuntur
2659 5271 2832 5326 usque
2864 5253 2930 5308 ad
2963 5251 3280 5323 κυριότητα,
3325 5251 3524 5306 desum

1948 5348 2001 5382 Ιη
2083 5374 2094 5382 .

1947 5348 2001 5386 1η
2034 5348 2094 5385 li.

2017 5400 2130 5472 (I3)
2169 5397 2231 5472 In
2262 5397 2322 5453 Β.
2331 5398 2551 5472 _desunt
2575 5396 2758 5472 verba,
2789 5392 2880 5472 ob;
2913 5393 3169 5472 προεῖπον
3197 5393 3341 5472 ὑμῖν.

2016 5462 2128 5540 (Ii)
2181 5469 2282 5533 Id.,
2330 5466 2631 5540 Παράᾲτοῦ
2670 5464 2884 5535 Πατρός
2923 5462 3024 5535 μου
3078 5464 3170 5518 καὶ
3222 5464 3315 5517 τοῦ
3365 5462 3518 5533 ἀγιου

1939 5538 2274 5610 Πνεύματος.
2304 5538 2468 5610 Ποῖον,
2481 5538 2606 5610 ἄρα.

2009 5559 2274 5639 reuma-tog.
2304 5559 2606 5624 uotov’apa.

2009 5611 2126 5679 (Io)
2169 5610 2253 5674 B.,
2286 5610 2662 5679 άτελευτητον.

2017 5675 2129 5749 (16)
2170 5680 2283 5752 Ιώ,
2313 5675 2712 5752 ἀποφθέγξεται
2753 5676 2785 5728 6
2822 5676 3025 5752 Κύριος
3048 5675 3205 5748 ἡμῶν
3241 5677 3268 5730 6
3309 5676 3515 5741 δίκαιος

1933 5752 2123 5825 κριτὴς
2144 5753 2236 5806 καὶ
2259 5751 2409 5815 Θεὸς.
