3934 6198
511 185 610 242 9ιῖ

1249 187 1535 243 APPEND.
1577 189 1666 242 AD
1704 188 1982 244 PARTEM
2021 189 2064 244 ll
2100 190 2385 250 OPERUM
2420 195 2478 250 S.
2523 194 2906 252 HlPPOLYTl.

3641 188 3749 242 948

512 304 848 361 vehementi:
875 304 1135 360 Discedite
1157 323 1188 358 a
1220 323 1318 369 me.
1344 308 1626 374 maledicti,
1657 309 1714 362 in
1745 311 1914 379 ignem
1935 317 2086 363 (etcr-

2201 311 2500 367 Ἁπέλθετε
2534 314 2634 368 ἀπ’
2660 313 2806 383 ἐμοῦ
2827 315 2882 366 οὶ
2913 309 3300 379 κατηραμένοι
3322 307 3409 372 εις
3429 304 3494 358 τὸ
3524 304 3644 371 πῦρ
3690 303 3755 355 τὸ

511 413 659 462 num,
711 407 960 467 paratum
997 397 1294 452 diabolo-et
1325 400 1525 470 angelis
1559 401 1670 469 ejus
1710 401 1752 453 ⁷.
1788 399 1892 468 Ipsi
1931 401 2082 456 vobis

513 487 628 543 hzec
657 489 1038 557 comparastis,
1070 489 1261 545 iisdem
1295 505 1392 544 vos
1435 490 1714 546 fruamini.
1753 491 2018 548 Discedite
2051 507 2082 546 a

512 597 620 645 me,
658 582 956 646 maledicti,
987 583 1044 636 in
1079 583 1330 640 tenebras
1367 583 1685 650 exteriores,
1718 593 1774 639 et
1810 584 1863 637 in
1905 583 2082 653 ignem

512 675 606 745 qui
647 689 756 728 non
793 673 1184 744 exstinguitur,
1219 685 1466 743 paratum
1509 675 1726 730 diabolo
1778 685 1833 729 et
1879 675 2084 746 angelis

511 767 655 836 ejus.
705 765 818 837 Ego
852 766 1104 832 formavi,
1143 775 1196 820 et
1225 767 1534 822 adlmsistis
1575 767 1751 822 alteri.
1796 766 1906 838 Ego
1939 785 2082 831 sum,

513 858 608 929 qui
634 857 702 912 de
731 859 888 912 vulva
911 857 1074 913 eduxi
1102 873 1202 912 vos
1229 859 1271 924 ⁸,
1296 867 1349 914 et
1375 873 1460 913 me
1491 859 1776 929 rcjccistis.
1803 858 1915 930 Ego
1939 876 2082 923 sum,

515 951 611 1020 qui
635 950 792 1021 jussu
823 966 947 1004 meo
969 950 1037 1004 de
1072 959 1215 1004 terra
1241 965 1338 1004 vos
1375 949 1630 1018 formavi,
1673 960 1728 1006 et
1751 950 1841 1005 alii
1871 967 1966 1006 vos
1990 951 2088 1006 ad-

510 1042 794 1113 junxistis.
829 1042 942 1113 Ego
967 1058 1111 1108 sum,
1145 1043 1240 1112 qui
1267 1057 1364 1098 vos
1401 1045 1658 1110 enutrivi,
1701 1053 1756 1098 et
1785 1044 1941 1100 alteri
1969 1060 2086 1099 ser-

516 1135 692 1190 vistis.
727 1133 839 1205 Ego
865 1144 1062 1190 terram
1087 1150 1151 1190 ac
1176 1152 1324 1192 mare
1347 1135 1399 1189 in
1424 1135 1742 1191 alimentum
1765 1145 2002 1191 vestrum
2034 1145 2089 1190 et

516 1227 640 1280 vitae
667 1224 958 1279 terminum
986 1225 1282 1290 constitui;
1310 1234 1366 1280 at
1388 1240 1488 1280 vos
1511 1226 1803 1296 praaceptis.
1818 1226 1956 1280 meis
1978 1242 2085 1281 non

517 1315 799 1384 paruistis.
831 1313 946 1384 Ego
990 1313 1167 1370 lucem
1197 1316 1352 1371 vobis
1391 1315 1592 1382 creavi,
1638 1325 1697 1370 ut
1736 1316 1824 1370 die
1875 1316 2086 1371 fruere-

519 1407 685 1472 mini;
711 1405 900 1460 itidem
923 1415 1160 1473 noctem,
1187 1418 1246 1462 ut
1289 1407 1736 1478 requiesceretis;
1773 1417 1830 1463 at
1853 1423 1951 1466 vos
1986 1409 2090 1464 im-

516 1501 708 1571 probis
731 1500 895 1555 factis
916 1515 1002 1554 me
1047 1499 1303 1556 irritastis
1334 1515 1399 1556 ac
1445 1503 1798 1572 respuistis’,
1836 1501 2088 1571 foresque

518 1591 892 1647 aﬂectionibus
948 1591 1260 1660 aperuistis.
1317 1590 1581 1647 Discedite
1632 1609 1666 1645 a
1722 1608 1820 1656 me,
1863 1592 2087 1661 operarii

2181 403 2418 458 αἰώνιον
2439 406 2506 459 τὸ
2525 404 2964 474 ἡτοιμασμένον
2982 401 3061 467 τῷ
3085 401 3336 466 διαϐόλῳ
3355 397 3455 451 καὶ
3499 395 3624 460 τοῖς
3653 394 3758 462 dr-

2182 495 2378 565 γέλοις
2403 497 2587 551 αὑτοῦ
2623 495 2755 568 (17).
2795 495 2985 565 Ὑμεῖς
3005 494 3062 546 δὲ
3095 493 3304 554 ἑαυτοῖς
3329 488 3504 543 ταῦτα
3531 484 3758 558 πρεξε-

2182 587 2410 658 νήσατε·
2437 587 2658 652 δέξασθε
2703 589 2914 650 ἑαυτοῖς
2937 585 3030 639 καὶ
3055 585 3156 656 τὴν
3201 581 3518 637 ἀπόλαυσιν.
3566 575 3759 629 Ἀάλ-

2185 676 2304 730 θετε
2337 678 2430 730 ἀπ’
2457 678 2588 750 ἐμοῦ
2615 680 2663 731 oi
2693 676 3056 750 κατηραμένοι
3088 676 3166 738 εἰς
3201 673 3264 726 τὸ
3305 669 3494 732 σκότος
3531 665 3596 721 τὸ
3623 664 3752 730 ἐξώ-

2183 785 2360 838 τερον,
2385 767 2477 822 καὶ
2513 770 2593 832 είς
2619 769 2678 822 τὸ
2715 768 2825 839 πῦρ
2865 767 2924 820 τὸ
2955 765 3214 822 ἄσϐεστον
3244 763 3306 816 τὸ
3354 759 3752 832 ἡτοιμασμένον

2184 857 2262 928 τῷ
2300 858 2528 929 διαϐόλῳ
2563 858 2656 911 καὶ
2689 860 2801 922 τοῖς
2838 856 3088 926 ἀγγέλοις
3115 851 3299 907 αὑτοῦ.
3348 849 3489 918 Ἐγὼ
3519 847 3748 908 ἐπλασα,

2185 930 2278 1001 καὶ
2304 948 2447 1019 ἄλλῳ
2479 948 2903 1021 προσηνέχθητε.
2952 945 3221 1016 Ἑγώείμι
3249 946 3279 998 ό
3310 945 3373 997 ἐκ
3409 943 3623 1014 μήτρας
3639 939 3752 1003 ἐξα-

2186 1038 2372 1109 γαγὼν
2398 1041 2560 1110 ὑμᾶς,
2589 1041 2732 1112 κάμὲ
2762 1039 3063 1111 ὴθετήσατε
3092 1037 3224 1109 (18).
3279 1034 3421 1104 Ἐγὼ
3460 1037 3578 1106 εἰμι
3618 1037 3648 1088 ό
3689 1034 3750 1085 ἐκ

2187 1136 2289 1204 γῆς
2319 1133 2618 1196 διαπλάσας
2665 1131 2954 1206 προστάξει
2986 1149 3085 1203 μου
3110 1171 3125 1194 ,
3167 1131 3262 1184 καὶ
3300 1129 3442 1199 άλλῳ
3483 1127 3752 1198 προσηνὲ-

2187 1223 2372 1294 χθητε.
2425 1222 2564 1293 Ἐγὼ
2587 1225 2701 1295 εἰμι
2729 1226 2756 1278 ό
2775 1223 3066 1296 διαθρέψας
3103 1224 3247 1294 ὑμᾶς
3266 1263 3281 1287 ,
3313 1223 3406 1275 καὶ
3433 1220 3576 1292 ἀλλῳ
3604 1220 3754 1272 ἐδου-

2187 1315 2433 1368 λεύσατε.
2477 1315 2616 1384 Ἐγὼ
2640 1316 2738 1387 τὴν
2764 1315 2868 1387 γῆν
2897 1316 2991 1368 καὶ
3018 1315 3115 1386 τὴν
3158 1313 3428 1369 θάλασσαν
3461 1312 3596 1384 πρὸς
3643 1311 3758 1364 δια-

2185 1407 2388 1479 τροφὴν
2422 1406 2577 1478 ὑμῶν
2601 1409 2696 1461 καὶ
2719 1407 3085 1480 συμπέρασμα
3111 1406 3224 1476 βίου
3249 1405 3572 1478 προσέταξα,
3593 1405 3757 1474 ὑμεῖς

2186 1498 2244 1552 δὲ
2274 1497 2374 1562 τάς
2399 1499 2618 1563 ἐντολάς
2649 1516 2748 1570 μου
2781 1499 3184 1572 παρηκούσατε.
3222 1495 3360 1568 Ἐγὼ
3399 1496 3459 1550 τὸ
3482 1495 3593 1566 φῶς
3625 1496 3756 1565 ὑμῖν

2191 1593 2420 1663 ἐποίησα
2457 1591 2567 1664 (19)
2601 1592 2737 1664 πρὸς
2773 1591 3070 1646 ἀπόλαυσιν
3103 1591 3200 1661 τῆς
3233 1589 3476 1662 ἡμέρας,
3525 1589 3618 1641 καὶ
3657 1585 3755 1656 τὴν

519 1682 834 1752 iniquitatis.
879 1680 1070 1735 Nescio
1099 1697 1208 1746 vos,
1258 1696 1367 1736 non
1401 1699 1636 1752 agnosco
1678 1699 1808 1750 vos;
1857 1683 2080 1738 alterius

2196 1684 2350 1737 νύκτα
2383 1683 2517 1755 πρὸς
2546 1683 2866 1749 ἀνάπαυσιν,
2883 1685 3038 1755 ὑμεῖς
3061 1683 3116 1736 δὲ
3131 1685 3240 1746 τοῖς
3263 1682 3443 1753 ἐργοις
3460 1682 3568 1742 τοῖς
3589 1695 3753 1748 πονη-

519 1774 723 1829 domini
752 1774 987 1845 operarii
1025 1772 1154 1829 facti
1191 1775 1346 1838 estis,
1396 1775 1498 1830 hoc
1518 1783 1601 1830 est
1638 1775 1860 1830 diaboli.
1895 1773 2083 1831 Possi-

520 1864 641 1920 dcte
670 1879 793 1918 cum
840 1865 956 1936 ipso
1007 1866 1273 1928 tenebras.
1308 1875 1471 1936 atque
1513 1867 1690 1937 ignem
1726 1867 1821 1938 qui
1857 1883 1965 1922 non
1990 1883 2080 1922 ex-

520 1956 840 2027 stinguitur,
865 1964 920 2012 et
946 1971 1179 2011 vermem
1198 1955 1290 2027 qui
1327 1972 1436 2012 non
1465 1957 1691 2024 dormit,
1714 1973 1779 2012 ac
1802 1958 2088 2015 stridorem

518 2047 782 2102 dentium.

2190 1779 2301 1847 ροῖς
2341 1775 2442 1846 ἐμὲ
2471 1775 2909 1848 παρεπικράνατε
2936 1775 3030 1828 καὶ
3056 1773 3373 1845 ήθετήσατε.
3401 1772 3495 1827 καὶ
3517 1773 3630 1832 τοῖς
3651 1768 3755 1821 πά-

2190 1867 2305 1920 θεσι
2332 1866 2500 1938 θύραν
2515 1867 2782 1936 ὴνοίξατε.
2817 1865 3185 1936 Ἁποχωρεῖτε
3206 1865 3305 1920 ἀπ’
3332 1862 3498 1933 ἐμοῦ,
3518 1861 3755 1932 ἐργάται

2188 1957 2298 2027 τῆς
2337 1958 2588 2026 ἀδικίας.
2639 1961 2759 2014 Οὐκ
2789 1957 2922 2013 οῖδα
2944 1957 3130 2027 ὑμᾶς,
3175 1957 3233 2010 οὑ
3289 1955 3537 2025 γνωρίζω
3575 1955 3752 2024 ὑμεῖς.

2187 2050 2348 2106 ἄλλου
2382 2053 2572 2124 κυρίου
2613 2053 2843 2124 ἐργάται
2871 2051 3119 2120 ἐγένεσθε
3147 2049 3257 2120 (20)
3278 2089 3293 2113 ,
3330 2047 3476 2102 τοῦτ’
3509 2047 3626 2101 ἐστι
3661 2045 3755 2098 τοῦ

517 2137 792 2192 διαϐόλου’
821 2139 941 2212 μετ’
971 2139 1133 2194 αὑτοῦ
1161 2142 1222 2195 τὸ
1251 2141 1438 2206 σκότος
1469 2142 1929 2214 κληρονομήσατε,
1956 2143 2054 2198 καὶ
2079 2143 2140 2197 τὸ
2169 2143 2428 2200 ἄσϐεστον
2470 2146 2581 2217 πῦρ
2604 2186 2618 2211 ,
2649 2147 2740 2200 καὶ
2765 2145 2856 2199 τὸν
2895 2143 3149 2215 σκώληκα
3195 2143 3284 2197 τὸν
3320 2142 3636 2214 ἀκοίμητον,
3665 2135 3755 2192 καὶ

518 2233 608 2285 τὸν
635 2233 876 2306 βρυγμὸν
900 2235 1009 2290 τῶν
1035 2237 1282 2292 ὀδόντων.

592 2328 775 2384 XLVI.
832 2330 968 2386 Nam
1029 2335 1239 2400 esuritii,
1281 2344 1331 2390 ct
1381 2351 1481 2390 non
1527 2335 1744 2390 dedistis
1789 2336 1917 2390 mihi
1958 2343 2094 2409 quod

522 2423 914 2477 manducarem.
966 2421 1157 2489 Sitiui,
1211 2435 1262 2478 et
1319 2441 1423 2478 non
1462 2426 1680 2480 dedistis
1723 2425 1850 2480 mihi
1889 2437 2092 2496 potum.

526 2513 727 2584 Hospes
756 2519 856 2586 lui,
886 2527 934 2572 et
969 2535 1070 2572 non
1097 2519 1378 2590 collegistis
1405 2535 1518 2584 me;
1549 2520 1740 2585 nudus,
1773 2529 1822 2574 et
1849 2537 1952 2574 non
1972 2537 2092 2591 ope-

523 2608 706 2661 ruistis
737 2625 835 2662 me.
865 2609 1166 2680 ngrotavi,
1206 2621 1252 2664 et
1290 2627 1396 2664 non
1430 2612 1704 2680 visitastis.
1731 2628 1831 2666 me.
1883 2610 1948 2667 In
1985 2629 2099 2666 car-

523 2716 638 2753 cere
664 2700 773 2770 fui,
807 2717 898 2754 nec
923 2703 1133 2758 venistis
1164 2704 1233 2757 ad
1262 2719 1362 2758 me.
1398 2705 1572 2759 Aures
1612 2717 1818 2760 vestras
1851 2705 2095 2769 condidi,

526 2799 586 2844 ut
619 2791 880 2848 audiretis
909 2793 1215 2864 Scripturas
1247 2812 1262 2848 :
1297 2802 1352 2849 at
1374 2809 1469 2849 vos
1498 2795 1731 2865 parastis
1753 2811 1847 2852 eas
1872 2796 1938 2850 ad
1956 2812 2087 2851 can-

527 2883 632 2936 tica
659 2883 990 2951 dazmonum,
1023 2887 1259 2941 citharas
1294 2895 1348 2940 et
1378 2887 1626 2943 ridicula.
1649 2889 1848 2944 Oculos
1878 2899 2088 2946 vestros

2267 2333 2450 2390 XLVI.
2493 2334 2811 2390 Ἐπείνασα
2839 2333 2969 2406 γὰρ,
2987 2333 3081 2387 καὶ
3114 2334 3225 2388 οὐκ
3250 2331 3500 2386 ἐσωκατέ
3511 2346 3612 2399 μοι
3646 2344 3758 2396 φα-

2196 2430 2342 2500 γεῖν.
2404 2428 2721 2498 Ἐδίψ-ησα,
2770 2427 2868 2482 καὶ
2913 2428 3024 2482 οὐκ
3071 2423 3385 2480 ἐποτίσατέ
3415 2440 3510 2493 με.
3565 2422 3757 2485 Ξένος

2196 2526 2378 2596 ἥμην,
2424 2525 2522 2578 καί
2561 2525 2631 2578 οὐ
2661 2519 3028 2591 συνηγάγετέ
3074 2535 3181 2589 με·
3251 2515 3509 2586 γυμνὸς,
3547 2514 3650 2567 καὶ
3686 2515 3758 2565 σὺ

2196 2615 2569 2688 περιεϐάλετέ
2584 2632 2660 2684 με
2684 2612 2817 2686 (21).
2851 2611 3203 2678 Ἠσθένησα,
3236 2608 3332 2661 καὶ
3356 2609 3467 2660 οὐκ
3507 2601 3756 2660 ἐπεσκέο

2195 2707 2394 2778 ψασθέ
2433 2725 2529 2778 με.
2586 2707 2682 2760 Ἐγ
2713 2702 2954 2776 φυλακῇ
3013 2702 3174 2772 ήμην
3199 2741 3214 2764 ,
3259 2700 3353 2752 καὶ
3395 2699 3502 2752 οὐκ
3538 2695 3759 2764 ἤλθετε

2189 2800 2336 2870 πρὸς
2360 2799 2456 2868 μέ.
2487 2799 2596 2863 Τὰς
2635 2797 2802 2861 ἀκοάς
2849 2795 3000 2866 ὑμῶν
3023 2795 3249 2865 ἐποίησα
3294 2791 3426 2862 πρὸς
3447 2789 3508 2842 τὺ
3535 2788 3759 2841 ἀκούειν

2193 2895 2341 2965 ὑμᾶς
2361 2893 2468 2947 τῶν
2499 2892 2755 2965 Γραφῶν,
2783 2891 2937 2962 ὑμεῖς
2957 2888 3012 2942 δὲ
3039 2887 3240 2950 ταύτας
3272 2883 3630 2957 ηὑτρεπίσατε
3680 2884 3758 2943 εἰς

525 2974 730 3040 creavi,
761 2984 819 3028 ut
869 2977 1245 3044 perspiceretis
1286 2977 1467 3032 lumen
1514 2989 1906 3049 praeceptorum
1941 2997 2088 3036 meo-

2196 2985 2408 3056 ᾄσματα
2427 2982 2713 3055 δαιμονικά
2740 2982 2873 3054 (22),
2906 2980 2998 3035 καὶ
3013 2979 3260 3050 κιθάρας,
3287 2978 3379 3030 κα)⁵
3400 2975 3599 3044 γελοῖα.
3615 2973 3758 3036 Τοὺς

527 3081 670 3132 rum,
694 3082 867 3137 eaque
887 3069 1350 3137 exsequeremini;
1373 3082 1427 3125 at
1451 3087 1545 3126 vos
1580 3073 1887 3128 accersistis
1909 3083 2098 3143 stupra

525 3165 580 3211 et
613 3158 1000 3226 impudicitias,
1031 3168 1085 3214 et
1117 3160 1184 3214 ad
1211 3160 1473 3230 reliquam
1519 3161 1922 3217 immunditiam
1950 3165 2094 3232 ipsos

526 3248 839 3317 aperuistis.
885 3247 959 3304 Os
989 3259 1228 3305 vestrum
1273 3253 1554 3320 composui
1583 3253 1651 3306 ad
1683 3253 2092 3323 glorificandum

526 3347 581 3393 et
603 3339 929 3394 laudandum
970 3339 1161 3406 Deum,
1199 3351 1252 3397 et
1279 3343 1519 3412 psalmos
1557 3345 1945 3415 cantionesque
1979 3347 2094 3415 spi-

527 3431 714 3486 ritales
765 3433 1197 3501 pronuntiandas
1255 3435 1320 3501 ‘°,
1377 3435 1734 3506 lectionisque
1779 3437 2092 3491 continuam

529 3523 967 3592 meditationem;
997 3533 1054 3580 at
1080 3541 1174 3582 vos
1201 3527 1428 3597 aptastis
1459 3528 1590 3584 illud
1615 3527 1684 3582 ad
1711 3528 1972 3594 convitia,
1996 3530 2092 3584 de-

523 3614 822 3684 jerationes
849 3624 904 3669 et
927 3615 1314 3684 blasphemias,
1345 3616 1474 3672 dum
1502 3617 1753 3672 sedentes
1778 3616 2094 3672 obtrectatis

530 3706 795 3774 proximis
823 3707 1038 3762 vestris.
1075 3705 1266 3763 Manus
1298 3718 1504 3764 vestras
1549 3707 1672 3773 feci,
1712 3717 1772 3761 ut
1811 3706 1878 3762 ad
1910 3723 2094 3777 preces

527 3805 582 3850 et
626 3795 1030 3852 obsecrationes
1075 3799 1438 3855 extenderetis
1463 3814 1589 3865 eas;
1623 3808 1678 3853 at
1714 3813 1811 3854 vos
1839 3800 1909 3854 ad
1952 3799 2094 3868 rapi-

528 3904 652 3956 nas,
687 3890 858 3945 cades
893 3898 948 3945 et
977 3902 1193 3946 mutuas
1217 3891 1524 3947 occisiones
1545 3891 1902 3961 espandistis.
1926 3889 2097 3946 Pedes

530 3990 740 4038 vestros
789 3983 1033 4037 ordinavi
1085 3992 1144 4037 ut
1194 3983 1546 4039 ambularetis
1594 3984 1649 4038 in
1703 3983 2096 4054 przeparatione

530 4072 803 4145 Evangelii
830 4074 980 4144 pacis
1007 4075 1070 4139 “,
1096 4084 1207 4130 tum
1235 4075 1287 4129 in
1323 4076 1589 4140 ecclesiis,
1626 4083 1741 4130 tum
1767 4077 1818 4130 in
1840 4075 2094 4130 domibus

528 4175 841 4221 sanctorum
872 4181 1149 4234 meorum;
1203 4177 1258 4222 at
1307 4183 1404 4224 vos
1456 4168 1720 4224 docuistis
1770 4183 1989 4225 currere
2025 4167 2092 4223 ad

527 4257 811 4323 adulteria,
837 4268 1044 4328 stupra,
1068 4260 1394 4330 spectacula,
1421 4260 1756 4325 saltationes,
1785 4260 1844 4314 in
1863 4258 2094 4315 sublime

525 4349 846 4418 jactationes
859 4391 880 4408 .

2193 3075 2501 3146 ὀφθαλμοὺς
2533 3073 2684 3146 ὑμῶν
2722 3073 2952 3144 ἐποίησα
2994 3071 3131 3144 πρὸς
3168 3070 3228 3122 τὸ
3278 3068 3510 3140 καθορᾷν
3538 3067 3604 3119 τὸ
3641 3067 3759 3134 φῶς

2193 3166 2302 3219 τῶν
2331 3165 2558 3219 ἐντολῶν
2587 3183 2710 3236 μου,
2739 3165 2833 3218 καὶ
2863 3163 3098 3217 ἐκτελεῖν
3127 3161 3295 3224 αὑτὰς
3325 3160 3455 3230 (25),
3498 3161 3660 3229 ὑμεῖς
3701 3158 3756 3211 δέ

2195 3257 2550 3328 προσκαλεῖτε
2580 3255 2852 3327 πορνείας,
2889 3256 2983 3310 καὶ
3022 3253 3322 3322 ἀσελγείας,
3361 3251 3452 3305 καὶ
3485 3253 3560 3322 τῇ
3590 3250 3753 3320 λοιπῇ

2195 3343 2510 3416 ἀκαθαρσίᾳ
2559 3343 2751 3407 αὑτοὺς
2785 3341 3104 3414 διηνοίξατε.
3151 3341 3224 3394 Tb
3250 3342 3423 3412 στόμα
3459 3338 3612 3410 ὑμῶν
3641 3338 3755 3409 (9.4)

2197 3435 2332 3506 πρὸς
2363 3434 2668 3504 δοξολογίαν
2688 3473 2703 3497 ,
2742 3435 2835 3487 καὶ
2864 3430 3034 3498 αἶνον,
3068 3434 3159 3487 καὶ
3178 3433 3450 3503 ψαλμοὺς,
3483 3431 3572 3484 καὶ¹
3613 3429 3758 3501 «ira;

2196 3527 2568 3598 πνευματικὰς
2593 3526 2896 3600 ηὑτρέπισα
2925 3527 3099 3581 λαλεῖν
3129 3528 3222 3581 καὶ
3251 3525 3474 3597 μελετᾷν
3499 3523 3588 3578 διὰ
3617 3541 3756 3578 1:1»:-

2195 3620 2286 3684 τὸς
2317 3619 2414 3691 τὴν
2446 3619 2769 3689 ἀνάγνωσιν,
2799 3619 2955 3690 ὑμεῖς
2982 3619 3038 3673 δὲ
3069 3619 3204 3692 πρὸς
3233 3617 3524 3690 λοιδορίας,
3552 3619 3650 3670 καὶ
3669 3620 3760 3689 δρ-

2196 3727 2324 3773 κους
2360 3710 2456 3764 καὶ
2488 3709 2832 3781 βλασφημίας
2853 3710 2982 3765 αὑτὸ
3008 3709 3340 3781 ήτοιμάσατε
3377 3709 3486 3781 (25)
3513 3748 3527 3772 ,
3580 3709 3756 3779 καθή-

2199 3818 2347 3872 μενοι
2373 3801 2794 3865 καταλαλοῠντες
2819 3803 2946 3866 τοὺς
2965 3800 3220 3872 πλησίους
3244 3800 3414 3872 ὑμῶν.
3437 3800 3547 3864 Τὰς
3570 3803 3758 3872 χεῖρας

2197 3891 2348 3963 ὑμῶν
2377 3891 2510 3965 πρὸς
2536 3893 2839 3964 προσευχάς
2862 3893 2956 3946 καὶ
2985 3893 3196 3963 δεήσεις
3230 3893 3456 3962 ἐποίησα
3478 3931 3495 3956 ,
3527 3891 3625 3944 τοῦ
3665 3894 3758 3946 ἐκ·

2196 3983 2427 4038 πετάσαι
2458 3984 2588 4057 (‘26)'
2622 3985 2776 4056 ὑμεῖς
2796 3985 2852 4038 δὲ
2874 3985 3008 4057 πρὸς
3036 3985 3388 4057 ἁρπάγματα,
3416 3985 3512 4038 καὶ
3543 3985 3756 4052 φόνους,

2197 4075 2289 4127 καὶ
2334 4073 2718 4146 ἀλληλοφονίας
2764 4073 3081 4142 ἐξετείνατε.
3147 4076 3284 4138 Τοὺς
3313 4075 3477 4136 πόδας
3508 4077 3662 4146 ὑμῶν
3698 4078 3758 4129 ἐν

2196 4165 2478 4237 ἑτοιμασίᾳ
2504 4165 2597 4218 τοῦ
2627 4165 2951 4236 Εὑαγγελίου
2973 4166 3071 4238 τῆς
3098 4168 3335 4239 είρήνης,
3365 4167 3457 4220 καὶ
3487 4168 3546 4220 ἐν
3567 4167 3760 4237 ἐκκληο

2199 4257 2357 4321 σίαις,
2389 4257 2483 4312 καὶ
2508 4260 2619 4321 τοῖς
2645 4258 2812 4323 οἴκοις
2837 4258 2946 4312 τῶν
2975 4258 3141 4326 ἁγίων
3165 4276 3264 4330 μου
3291 4260 3398 4330 (27)
3432 4259 3759 4330 διεταξάμην

2126 4341 2169 4396 Β
2197 4349 2398 4403 ὁδεύειν
2416 4367 2429 4379 ·
2463 4351 2617 4422 ὑμεῖς
2647 4351 2703 4404 δὲ
2730 4352 2809 4415 είς
2840 4351 3081 4422 μοιχείας
3114 4352 3207 4406 καὶ
3237 4353 3317 4416 είς
3343 4353 3604 4424 πορνείας
3628 4393 3644 4417 ,
3670 4356 3761 4406 καὶ

2200 4441 2420 4512 θέατρα,
2451 4442 2545 4498 καὶ
2574 4441 2824 4514 ὀρχήσεις
2874 4443 2966 4496 καὶ
3007 4445 3434 4515 μετεωρισμοὺς,
3487 4445 3758 4511 ἐδιδάξατε

2197 4535 2408 4606 τρέχειν
2444 4535 2576 4606 (Ξ8).

599 4644 619 4674 ⁷
659 4643 844 4699 Matth.
879 4661 1001 4712 xxv,
1049 4645 1136 4698 41.
1213 4646 1358 4702 'Jon
1407 4665 1462 4713 x,
1501 4647 1593 4702 18.
1666 4649 1688 4680 ⁹
1722 4648 1864 4704 Psal.
1905 4667 2080 4704 Lxx'vn

2199 4652 2251 4706 0.
2331 4652 2376 4684 ⁸ο
2417 4651 2614 4724 Ephes.
2652 4667 2708 4717 v,
2739 4651 2824 4706 i9.
2903 4652 2942 4682 ¹¹
2971 4649 3166 4722 Ephes.
3189 4667 3264 4716 vi,
3295 4653 3379 4708 l5.

596 4764 705 4852 (l7)
745 4766 890 4852 In
923 4769 1168 4852 sequitur
1216 4785 1228 4821 :
1273 4768 1518 4852 ,γὰρ
1565 4771 1824 4852 διἠὑμᾶς
1875 4771 1934 4852 τό
1983 4770 2092 4852 πύρ

525 4835 795 4911 ῄτοίμασα
833 4837 864 4911 ή
914 4835 1520 4911 τῂν-κρίσινηάλλάτῷ
1561 4835 1788 4911 διαϐόλῳ
1843 4842 1935 4894 καὶ
1984 4835 2094 4905 τοῖς

523 4905 774 4983 ἀγγέλοις
807 4905 1218 4983 αὑτοῑῑζᾼξϊξμεκ
1247 4909 1304 4962 δὲ
1340 4905 1550 4973 ἑαυτοῖς
1576 4905 1967 4983 προεξένήσατε
1996 4912 2094 4982 τὴν

525 4975 766 5029 κόλασιν.
810 4972 953 5045 Ἐγὼ
981 4976 1036 5028 δὲ
1067 4972 1295 5040 ἔπλασα,
1328 4987 1431 5034 etc.

596 5046 706 5121 (i8)
738 5049 796 5100 In
810 5046 888 5121 _B.
911 5047 1091 5121 statim
1115 5049 1361 5118 sequitur
1391 5068 1402 5102 :
1443 5050 1796 5120 Ἀποχωρεῖτε
1822 5051 1912 5103 ἀπ’
1935 5049 2090 5121 ἐμοῦ,

523 5117 750 5188 ἐργάται
775 5117 874 5188 τῆς
902 5117 1146 5188 ἀνομίας.

620 5188 707 5257 19)
743 5187 852 5253 AL,
883 5187 1139 5257 ἐπόνησα.

615 5256 703 5328 9.0)
739 5260 796 5330 I_n
825 5257 910 5330 B_.,
940 5256 1097 5312 ἄλλου
1131 5259 1316 5330 κυρίου
1337 5259 1612 5330 γεγόνατε.

597 5327 707 5399 (21)
755 5327 814 5382 ln
852 5327 913 5380 Β.
961 5327 1223 5384 omissum
1265 5330 1467 5400 γυμνὸς
1507 5329 1601 5382 καὶ
1641 5330 1702 5382 οὑ
1744 5329 2091 5403 πεωεϐάλετέ

598 5437 708 5541 (722)
744 5467 918 5541 supra
949 5484 1080 5541 cap.
1114 5469 1164 5524 τ.

598 5538 706 5607 (εδ)
742 5537 948 5595 Desunt
974 5537 1032 5594 in
1056 5539 1115 5593 Β.
1163 5540 1320 5595 verba
1357 5558 1370 5594 :
1413 5541 1518 5594 Καὶ
1545 5540 1786 5594 ἐκτελεῖν
1817 5541 2006 5606 αὑτάς,
2038 5551 2091 5594 at

529 5609 770 5676 sequntur
808 5625 820 5660 :
864 5610 1050 5681 Ὑμεῖς
1073 5611 1128 5664 δὲ
1166 5611 1295 5682 πρὸς
1341 5610 1510 5683 κάλλη
1549 5612 1641 5668 καὶ
1679 5612 1962 5682 ἀσελγείας
1999 5613 2091 5665 καὶ

2198 4772 2532 4843 ἀκαθαρσίας
2562 4770 2755 4834 αὑτοὺς
2785 4769 3097 4843 διηνοίξατε.

2267 4836 2389 4914 (24)’
2428 4836 3192 4914 ΪΕποίησαῄπρὸςδοξολογίας
3235 4840 3325 4894 καὶ
3356 4836 3505 4895 αἶνον
3533 4841 3628 4895 καὶ
3673 4857 3763 4914 με-

2195 4909 2368 4983 λέτην
2386 4912 2493 4983 τῶν
2525 4909 2775 4983 Γραφῶν.

2266 4931 2358 5036 τέἕ
2386 4931 2493 4966 των
2527 4931 2548 4964 ι
2572 4931 2775 4983 ραφων.
3669 4979 3696 4994 ,

2266 4983 2284 5051 (
2413 4982 2544 5064 Quae
2570 4990 2890 5052 sequuntur,
2935 4979 3231 5052 καθήμενοι
3268 4995 3441 5050 usque
3479 4981 3548 5037 ad
3585 4981 3763 5052 ὑμων,

2195 5051 2388 5191 deﬁgi:
2595 5121 2790 5176 desunt
2830 5119 2990 5191 verba
3025 5120 3118 5174 τοῦ
3165 5120 3481 5176 ἐκπετάσαι.
3519 5121 3584 5176 Et
3635 5138 3757 5176 mox

2197 5189 2463 5258 sequitur,
2495 5192 2650 5264 ὑμεῖς
2695 5192 2751 5245 δὲ
2783 5194 2863 5255 εἰς
2904 5189 3187 5262 κλέμματα
3208 5191 3302 5245 καὶ⁵
3332 5192 3523 5261 φόνους
3560 5192 3757 5257 ἐξετεί-

2196 5279 2380 5403 ναξὲἦ)
2418 5331 2624 5388 Desunt
2648 5331 2702 5386 in
2725 5329 2784 5384 Β.
2815 5331 2978 5387 verba
3006 5330 3100 5384 καὶ
3131 5333 3240 5395 τοῖς
3259 5329 3425 5394 οίκοις
3450 5331 3557 5384 τῶν
3589 5333 3757 5400 ἁγίων

2199 5419 2376 5547 μοῖέὸ)
2409 5473 2486 5530 lb.
2515 5473 2890 5532 desiderantur
2933 5471 3092 5528 verba
3145 5491 3156 5526 :
3203 5471 3314 5526 Καὶ
3351 5487 3469 5543 μετ.
3518 5471 3592 5525 ἐδ.
3640 5470 3754 5543 τρέε

2195 5561 2324 5615 χειν.
