3934 6198
210 210 326 265 τις)

1149 214 1417 272 SPURIA.
1459 243 1530 257 —
1567 214 1653 269 DE
1693 214 2284 273 CONSUMMATIONE
2324 216 2556 275 MUNDI.

3357 216 3471 271 9:50.

292 329 517 387 XLVII.
573 333 763 403 Ἐλύθη
798 334 979 388 λοιπὸν
1026 338 1058 406 ή
1106 337 1427 409 πανήγυρις,
1454 336 1662 409 ἐπαύθη
1705 336 1789 390 τοῦ

1975 336 2183 394 XLVII.
2223 337 2340 394 iam
2365 341 2572 396 solutus
2600 344 2683 393 est
2721 350 3013 394 conventus
3041 338 3309 411 publicus,
3346 353 3463 405 spe-

214 422 345 494 βίου
384 424 449 477 τὸ
481 424 725 496 θέατρον,
759 426 1083 498 παρῆλθενή
1110 427 1285 498 πλάνη
1308 427 1467 481 αὐτοῦ
1504 428 1594 481 καὶ
1624 431 1789 499 ήφαν

1904 429 2176 484 ctaculnm
2208 430 2369 485 desiit
2405 430 2590 485 mundi
2624 429 2804 499 hujus,
2846 430 3097 498 praeteriit
3130 428 3369 498 deccptio
3395 443 3460 482 ac

208 514 431 569 τασία·
484 514 606 585 ἐμοὶ
654 516 1080 587 προσενέχθητε,
1133 509 1176 583 ᾧ
1230 517 1469 587 κάμπτει
1518 520 1622 570 πᾶν
1674 519 1799 584 γόνυ

211 606 595 679 ἐπουρανίων,
628 608 717 663 καὶ
747 610 1021 677 ἐπιγείων,
1056 609 1147 662 καὶ
1180 609 1566 680 καταχθονίων.
1599 611 1801 674 Πάντες

209 695 333 766 γὰρ
370 698 425 749 οἱ
462 695 827 767 ἀμελήσαντες
861 698 989 768 (‘29),
1019 697 1138 750 ούδέ
1166 699 1598 769 οἰκτειρήσαντες
1632 701 1687 753 ἐν
1715 702 1801 754 εύ-

212 788 440 851 ποιίαις
470 790 719 852 ἐνταῦθα,
744 790 892 844 ούδέν
924 788 1348 863 χρεωστοῦνται,
1388 791 1500 844 ἀλλ’
1530 794 1561 864 ἢ
1604 793 1664 846 τὸ
1691 794 1801 866 πῦρ

209 881 277 932 τὸ
314 882 607 935 ἄσϐεστον.
632 881 1009 953 Φιλάνθρωπος
1034 882 1138 954 γάρ
1170 885 1302 952 εἰμι,
1326 882 1458 936 ἀλλά
1485 886 1576 937 καὶ
1597 884 1797 940 δικαιο-

211 972 429 1041 κρίτης
462 975 612 1025 πᾶσι.
638 973 747 1035 Τάς
774 972 881 1042 γάρ
908 973 1026 1025 κατ’
1056 973 1210 1036 ἀξίαν
1240 973 1499 1028 ἀποδώσω
1534 976 1630 1040 τάς
1653 978 1800 1048 ἀμοι-

210 1062 327 1125 ϐάς
364 1064 479 1133 (50)
503 1081 515 1092 ·
550 1066 680 1116 πᾶσι
707 1063 804 1127 τὰς
833 1064 973 1118 κατά
1005 1065 1094 1117 τὸν
1124 1064 1352 1118 ἑκάστου
1382 1066 1623 1137 κάματον
1662 1087 1800 1141 παρ-

211 1151 334 1217 έξω
391 1155 482 1206 τὸν
521 1155 737 1225 μισθόν·
787 1158 918 1208 πᾶσι
971 1157 1103 1227 πρὸς
1138 1158 1226 1211 τὸν
1278 1159 1406 1212 ἴδιον
1437 1160 1619 1227 ἀγῶνα
1647 1160 1799 1214 δώσω

213 1245 322 1295 καὶ
348 1245 453 1307 τὰς
483 1248 728 1315 ἀμοιϐάς.
786 1246 1031 1318 Ἐλεῆσαι
1063 1248 1339 1321 βούλομαι,
1380 1251 1489 1303 ἀλλ’
1536 1252 1709 1304 ἔλαιον
1741 1253 1798 1304 ἐν

210 1338 343 1397 τοῖς
386 1336 629 1404 ἀγγείοις
679 1338 829 1408 ὑμῶν
865 1340 925 1392 ού
966 1340 1200 1411 καθορῶ.
1246 1343 1593 1413 Οίκτειρῆσαι
1642 1341 1795 1405 θέλω,

216 1426 349 1479 ἀλλ’
362 1427 498 1490 ὅλως
514 1428 638 1481 ἄνευ
652 1430 944 1501 οίκτιρμῶν
958 1431 1046 1484 τὸν
1064 1431 1174 1501 βίον
1193 1432 1499 1503 μετήλθετε.
1512 1432 1799 1503 Σπλαγχνι-

219 1520 428 1590 σθῆναι
477 1521 707 1587 σπεύδω,
741 1523 851 1575 ἀλλ’
898 1524 953 1576 αί
1001 1524 1280 1594 λαμπάδες
1335 1526 1485 1597 ὑμῶν
1534 1527 1797 1580 σκοτειναί

219 1616 369 1667 εἰσιν
399 1615 464 1667 ἐκ
489 1614 586 1684 τῆς
617 1615 985 1685 ἀσπλαγχνίας
1006 1617 1140 1688 (51).
1184 1618 1481 1672 Ἁπέλθετε
1501 1619 1599 1672 ἀπ’
1628 1618 1791 1689 ἐμοῦ.

1902 522 2108 587 species
2166 518 2340 581 illius;
2400 519 2528 571 mihi
2580 518 2927 572 adhrerescite
2972 520 3033 581 ",
3089 518 3175 571 cui
3228 516 3460 570 ﬂectitur

1901 622 2059 662 omne
2090 624 2231 678 genu
2267 610 2589 671 caelestium,
2622 608 2962 663 terrestrium
3005 617 3057 662 et
3100 608 3456 663 infernarum.

1900 700 2101 757 Omnes
2143 702 2288 756 enim
2341 702 2434 771 qui
2476 701 2836 771 neglexerint,
2883 715 2983 754 nec
3031 698 3459 754 misericordiam

1899 793 2241 848 exercuerim
2292 792 2381 847 hic
2429 793 2563 847 bene
2604 792 2881 854 merendo,
2926 791 3063 845 nihil
3102 791 3180 844 eis
3208 790 3459 856 debetur,

1901 882 2006 937 nisi
2056 882 2196 951 ignis
2251 881 2343 950 qui
2396 896 2502 935 non
2556 882 2933 951 exstinguitur.
2980 879 3259 934 Humanus
3313 880 3456 933 enim

1900 987 2041 1038 sum,
2068 981 2122 1025 at
2146 972 2325 1041 justus
2352 987 2567 1042 quoque
2590 972 2772 1041 judex.
2798 970 2928 1024 Nam
2956 986 3143 1025 omnes
3171 985 3269 1040 pro
3291 970 3462 1041 digni-

1899 1070 2008 1115 tate
2058 1062 2468 1128 remunerabor,
2524 1062 2775 1117 omnibus
2818 1077 2915 1131 pro
2961 1063 3223 1131 cujusque
3276 1062 3460 1115 labore

1899 1154 2201 1208 mercedem
2237 1154 2527 1222 praestabo,
2583 1153 2834 1206 omnibus
2880 1166 2977 1221 pro
3019 1168 3118 1205 suo
3166 1152 3459 1205 certamine

1896 1245 2115 1313 praemia
2144 1245 2454 1313 rependam.
2486 1243 2724 1296 Misereri
2772 1243 2914 1307 volo,
2956 1243 3047 1296 sed
3083 1242 3258 1296 oleum
3288 1243 3339 1295 in
3367 1260 3461 1295 va-

1898 1335 1974 1391 sis
2007 1337 2198 1390 vestris
2240 1350 2346 1389 non
2385 1335 2560 1388 video.
2595 1332 3019 1387 Misericordiam
3042 1334 3291 1387 exhibere
3316 1334 3460 1387 desi-

1896 1426 2045 1490 dero,
2076 1426 2169 1481 sed
2210 1426 2547 1495 transegistis
2576 1427 2738 1479 vitam
2770 1441 2979 1479 omnem
3024 1426 3139 1479 sine
3171 1425 3278 1479 ulla
3311 1440 3460 1479 com-

1897 1516 2255 1571 miseratione.
2287 1515 2496 1570 Aﬂ‘ectu
2532 1516 2911 1569 misericordia:
2939 1530 3063 1584 erga
3088 1530 3185 1568 vos
3214 1530 3449 1569 commo-

1896 1607 2007 1661 veri
2032 1622 2261 1676 propero
2289 1625 2301 1659 :
2351 1607 2441 1661 sed
2471 1606 2744 1675 lampades
2777 1618 2967 1660 vestrae
2995 1606 3302 1675 caliginosa:
3330 1616 3457 1660 sunt

231 1704 308 1758 Ἦ
357 1705 469 1776 γὰρ
524 1706 701 1777 κρίσις
762 1685 1167 1771 ἀνίλεώς-ἐστι
1230 1710 1307 1781 τῷ
1382 1710 1453 1781 μὴ
1512 1685 1789 1783 ποιήσαντι

1896 1711 2007 1767 prae
2026 1696 2203 1751 cordis
2228 1695 2446 1750 duritia.
2479 1694 2739 1749 Discedite
2766 1712 2798 1746 a
2827 1711 2903 1747 me
2926 1694 2988 1749 ¹³.
3013 1692 3287 1747 Iudicium
3316 1694 3453 1747 enim

222 1796 397 1861 ἔλεος.

300 1955 532 2011 XLVIII.
564 1959 693 2012 Τότε
722 1960 1174 2033 ἀποκριθήσονται
1208 1963 1300 2016 καὶ
1328 1964 1481 2017 αὐτοὶ
1529 1963 1662 2035 πρὸς
1702 1964 1792 2017 τὸν

224 2048 463 2121 φοϐερὸν
496 2050 707 2121 κριτὴν,
741 2053 834 2106 καὶ
864 2053 1387 2124 ἀπροσωπόληπτον’
1414 2057 1607 2125 Κύριε,
1652 2058 1793 2110 πότε

223 2154 302 2192 σε
359 2140 563 2209 Ζδομεν
610 2140 922 2206 πεινῶντα,
981 2142 1019 2211 ἢ
1054 2143 1346 2212 διψῶντα,
1389 2145 1428 2214 ἢ
1489 2146 1702 2213 ξένον,
1752 2148 1790 2216 ἢ

223 2230 480 2299 γυμνὸν,
520 2232 558 2300 ἢ
585 2232 832 2301 ἀσθενῆ,
862 2232 900 2301 ἢ
927 2233 996 2286 ἐν
1020 2232 1266 2303 φυλακῇ
1287 2274 1300 2298 ,
1350 2235 1447 2287 καὶ
1483 2237 1555 2288 οὐ
1597 2235 1793 2304 διηκο-

222 2322 504 2391 νήσαμέν
528 2340 662 2388 σοι;
694 2324 884 2395 Κύριε,
911 2326 970 2377 ού
1001 2323 1283 2397 γνωρίζεις
1314 2328 1490 2397 ήμᾶς;
1534 2328 1604 2381 Σὺ
1646 2330 1793 2399 ἡμᾶς

223 2413 489 2478 ἔπλασας,
536 2416 598 2467 σὺ
644 2415 1095 2487 ἐδημιούργησας,
1138 2418 1202 2470 σὺ
1229 2418 1292 2469 ἐκ
1329 2418 1607 2489 τεσσάρων
1648 2435 1791 2472 στοι-

221 2505 389 2575 χείων
446 2507 591 2576 ἡμᾶς
654 2509 1028 2579 συνήρμοσας,
1085 2508 1148 2561 σὺ
1214 2507 1428 2579 πνεῦμα
1478 2511 1570 2562 καὶ
1618 2509 1791 2581 ψυχὴν

230 2598 434 2667 ιθηκας
455 2614 469 2628 ο
496 2600 577 2651 σοὶ
622 2598 1053 2671 ἐπιστεύσαμεν,
1103 2599 1195 2652 σού
1236 2599 1335 2671 τὴν
1379 2600 1644 2671 σφραγῖδα
1668 2619 1793 2672 μετ-

224 2690 454 2760 έσχομεν
481 2689 623 2762 (52),
677 2689 770 2743 σοῦ
805 2691 864 2743 τὸ
896 2690 1172 2763 βάπτισμα
1211 2690 1501 2761 ἐλάϐομενο
1550 2694 1609 2745 σέ
1645 2693 1790 2764 ὠμο-

219 2780 533 2851 λογήσαμεν
585 2780 717 2834 Θεὸν
742 2823 757 2847 ,
827 2782 884 2834 σὲ
943 2782 1183 2854 ἔγνωμεν
1243 2784 1464 2853 κτίστην
1493 2801 1505 2813 ⁸
1581 2786 1639 2837 ἐν
1710 2786 1792 2839 σοὶ

226 2874 425 2941 σημεῖα
507 2874 915 2946 πεποιήκαμεν,
991 2876 1078 2930 διά
1146 2876 1239 2930 σοῦ
1318 2876 1573 2948 δαίμονας
1651 2879 1792 2951 ἀπη-

224 2963 497 3034 λάσαμενο
556 2964 644 3019 διὰ
714 2967 774 3020 σὲ
830 2968 929 3039 τὴν
990 2967 1167 3038 σάρκα
1221 2967 1524 3041 ἐτήξαμεν,
1581 2970 1669 3025 διά
1729 2972 1789 3027 σὲ

225 3056 513 3127 παρθενίαν
539 3057 898 3129 ἐφυλάξαμεν,
933 3060 1019 3113 διὰ
1052 3062 1109 3114 σὲ
1142 3039 1360 3130 ἁγνείαν
1395 3039 1780 3137 νέπισπασάμε-
1816 3039 1858 3096 C

225 3146 313 3208 θα,
349 3146 437 3200 διὰ
478 3148 536 3201 σὲ
564 3150 812 3220 πάροικοι
846 3151 945 3220 τῆς
999 3152 1103 3221 γῆς
1144 3153 1479 3224 ἐγενήθημεν
1504 3156 1632 3226 (55)·
1687 3161 1779 3212 καὶ

224 3237 416 3306 λέγεις·
465 3244 586 3295 Οὐκ
630 3238 761 3297 οἶδα
784 3242 937 3313 ὑμᾶς
958 3260 972 3276 ⁸
1005 3245 1292 3301 ἀπέλθετε
1316 3248 1416 3301 ἀπ’
1439 3248 1618 3317 ἐμοῦ]
1646 3251 1775 3304 Τότε

224 3328 643 3400 ἀποκριθήσεται
690 3333 783 3385 καὶ
820 3333 999 3396 αὐτοῖς
1037 3333 1227 3403 λέγων·
1277 3336 1667 3409 Ὡμολογήσατέ
1710 3359 1775 3411 με

219 3421 513 3490 Δεσπότην,
546 3422 677 3475 ἀλλά
709 3426 819 3488 τοῖς
843 3424 1021 3495 λόγοις
1044 3444 1142 3497 μου
1180 3429 1278 3480 οὐκ
1307 3430 1413 3499 (54)
1449 3432 1773 3505 ἐπειθαρχή-

219 3526 370 3563 σατε.
407 3510 515 3581 Τὴν
545 3513 815 3584 σφραγῖδα
843 3514 936 3567 τοῦ
974 3517 1205 3589 σταυροῦ
1248 3537 1347 3589 μου
1386 3522 1776 3594 ἐσημειὼθητε,

216 3604 353 3658 ἀλλὰ
403 3605 603 3677 ταύτην
655 3609 992 3681 ἀσπλαγχνία
1046 3613 1364 3681 ἠφανίσατε.
1401 3615 1473 3667 Τὸ
1505 3614 1783 3686 βάπτισμά

222 3712 324 3765 μου
359 3696 596 3761 ἐλάϐετε,
631 3699 765 3754 ἀλλά
795 3702 894 3765 τάς
929 3704 1143 3767 ἐντολάς
1186 3723 1283 3775 μου
1330 3706 1428 3758 οὐκ
1472 3706 1789 3778 ἐφυλάξατε,

217 3785 293 3837 Τὸ
322 3784 476 3855 σῶμα
514 3788 625 3857 (55)
666 3792 729 3860 τῇ
776 3790 1040 3863 παρθενίᾳ
1072 3794 1503 3864 κατεδαμάσατε,
1536 3797 1670 3850 ἀλλά
1695 3799 1793 3869 τὴν

219 3875 581 3947 ἐλεημοσύνην
623 3880 721 3932 οὐκ
760 3880 1078 3949 ἐφυλάξατε,
1126 3882 1259 3936 ἀλλά
1301 3885 1400 3955 τὴν
1447 3886 1793 3956 μισαδελφίαν

219 3971 284 4023 ἐκ
313 3970 417 4023 τῶν
440 3970 718 4042 ὑμετέρων
738 3970 924 4043 ψυχῶν
949 3975 1049 4027 οὐκ
1075 3976 1370 4047 ἐσοϐήσατε
1397 3978 1529 4048 (56).
1571 3981 1654 4032 Οὐ
1686 3978 1793 4048 γὰρ

1892 1788 1981 1856 ﬁet
2034 1789 2081 1840 ei
2134 1788 2245 1840 sine
2290 1786 2673 1849 misericordia,
2711 1786 2799 1855 qui
2843 1801 2943 1838 non
2998 1786 3119 1853 fecit
3160 1787 3455 1839 misericor-

1890 1880 2032 1932 diam
2069 1878 2130 1931 “.

1960 1967 2191 2023 XLVIII.
2237 1966 2388 2022 Tunc
2420 1968 2519 2037 ipsi
2549 1966 2709 2022 etiam
2750 1966 3147 2036 respondebunt
3179 1967 3454 2022 horrendo

1890 2076 1953 2116 ac
1984 2073 2247 2130 personas
2282 2073 2388 2112 non
2424 2057 2703 2127 accipienti
2725 2056 2889 2126 judici
2928 2075 2940 2111 :
2976 2055 3213 2123 Domine,
3246 2058 3455 2126 quando

1893 2162 1939 2205 te
1966 2152 2193 2207 vidimus
2222 2150 2529 2203 esurientem
2552 2156 2642 2201 aut
2671 2147 2949 2212 sitientem,
2979 2158 3069 2201 aut
3101 2150 3450 2217 peregrinum,

1890 2252 1982 2296 aut
2013 2242 2231 2304 nudum,
2255 2247 2348 2292 aut
2374 2247 2647 2307 wgrotum,
2678 2248 2769 2291 aut
2802 2238 2856 2290 in
2888 2252 3112 2301 carcere,
3139 2246 3189 2289 et
3220 2253 3323 2290 non
3354 2236 3455 2288 mi-

1891 2330 2227 2383 nistravimus
2259 2328 2353 2380 tibi
2392 2328 2475 2379 ”?
2506 2326 2750 2391 Domine,
2777 2342 2883 2380 non
2919 2326 3166 2395 agnoscis
3199 2326 3334 2381 nos?
3367 2324 3449 2378 Tu

1891 2437 1990 2477 nos
2025 2419 2291 2483 formasti,
2331 2427 2389 2471 tu
2424 2416 2728 2480 condidisti,
2774 2423 2832 2468 tu
2868 2431 2965 2470 nos
3005 2432 3035 2469 e
3067 2424 3298 2485 quatuor
3338 2416 3452 2469 ele-

1891 2511 2084 2565 mentis
2115 2508 2485 2580 composuisti,
2548 2516 2603 2561 lu
2653 2507 2900 2576 spiritum
2948 2516 3001 2561 et
3038 2507 3271 2560 animam
3306 2507 3452 2561 inse-

1890 2603 2047 2658 ruisti
2078 2620 2091 2669 ;
2124 2602 2223 2655 tibi
2271 2600 2627 2661 credidimus,
2670 2597 2831 2667 sigilli
2871 2596 2948 2651 tui
2994 2597 3283 2666 participes
3324 2595 3454 2653 iacti

1890 2710 2101 2760 sumus,
2133 2690 2402 2761 baptisma
2432 2698 2587 2744 tuum
2637 2689 2981 2758 accepimus;
3037 2697 3087 2743 te
3126 2688 3454 2743 conﬁtemur

1890 2784 2079 2850 Deum,
2112 2794 2163 2838 te
2190 2782 2440 2837 novimus
2462 2790 2793 2845 creatorem;
2824 2779 2878 2833 in
2917 2787 2968 2833 te
3017 2779 3169 2850 signa
3204 2778 3450 2845 fecimus,

1888 2894 1982 2949 per
2008 2887 2059 2933 te
2090 2876 2362 2932 daemonas
2391 2873 2695 2943 expulimus
2723 2888 2738 2937 ;
2766 2878 2982 2940 propter
3008 2881 3058 2925 te
3083 2885 3298 2926 carnem
3333 2887 3452 2926 ma-

1889 2968 2210 3033 ceravimus,
2240 2974 2456 3036 propter
2479 2973 2529 3019 te
2558 2962 2913 3033 virginitatem
2944 2962 3296 3027 servavimus,
3322 2977 3451 3031 pro-

1890 3069 2008 3131 pter
2040 3070 2092 3116 te
2122 3060 2423 3117 castitatem
2456 3055 2612 3110 nobis
2646 3053 2958 3116 ascivimus,
2991 3062 3208 3123 propter
3238 3062 3288 3108 te
3322 3052 3452 3109 facti
3536 3098 3537 3101 η

1888 3168 2076 3208 sumus
2109 3151 2327 3206 advenae
2350 3158 2504 3204 terra:
2539 3166 2550 3200 :
2583 3154 2635 3199 et
2660 3145 2762 3211 ais,
2794 3142 2984 3198 Nescio
3023 3160 3142 3209 vos;
3203 3145 3455 3200 discedite

1889 3264 1921 3300 a
1952 3262 2032 3298 me
2061 3244 2133 3297 “i
2170 3242 2305 3297 Tum
2338 3237 2679 3309 respondebit
2727 3237 2890 3292 etiam
2946 3236 3071 3301 illis,
3115 3236 3199 3291 his
3230 3238 3451 3300 verbis;

1886 3333 2132 3391 Confessi
2160 3331 2291 3386 estis
2333 3345 2418 3384 me
2454 3328 2761 3390 Dominum,
2810 3326 2901 3381 sed
2940 3326 3117 3381 verbis
3157 3329 3292 3382 meis
3343 3344 3452 3383 non

1881 3427 2153 3497 paruistis.
2202 3421 2367 3492 Signo
2400 3420 2577 3475 crucis
2616 3436 2747 3474 mea:
2796 3418 2967 3472 notati
3007 3420 3157 3484 estis,
3204 3422 3295 3474 sed
3349 3420 3454 3475 hoc

1887 3518 2052 3572 animi
2074 3515 2272 3571 duritia
2300 3514 2589 3567 delevistis.
2618 3511 2889 3580 Baptisma
2919 3525 3096 3565 meum
3128 3512 3449 3581 recepistis;

1888 3620 1942 3664 at
1967 3616 2233 3679 praecepta
2262 3621 2382 3659 mea
2415 3620 2518 3659 non
2548 3603 2823 3665 servastis,
2850 3613 2903 3655 at
2931 3602 3111 3655 odium
3152 3601 3451 3658 fraternum

1888 3716 1952 3755 ex
1984 3698 2181 3754 animis
2211 3696 2407 3751 vestris
2432 3711 2537 3750 non
2564 3694 2902 3749 excussistis.
2942 3691 3063 3745 Non
3102 3694 3239 3746 enim
3276 3695 3446 3747 omnis

1889 3792 1977 3863 qui
2031 3790 2160 3844 dicit
2196 3788 2347 3853 mihi,
2396 3786 2635 3851 Domine,
2686 3784 2925 3845 Domine,
2976 3784 3304 3848 salvabitur;
3358 3785 3449 3839 sed

1890 3884 1980 3953 qui
2012 3881 2171 3951 faciet
2198 3878 2517 3934 roluntatem
2547 3890 2712 3928 meam
2746 3874 2898 3927 ".—
2919 3872 2984 3926 Et
3016 3874 3277 3927 discedent
3308 3874 3361 3928 hi
3394 3876 3452 3930 in

1892 3973 2202 4043 supplicium
2225 3982 2471 4026 wternum
2493 3988 2509 4034 ;
2532 3970 2663 4039 justi
2690 3986 2803 4024 vero
2822 3971 2876 4023 in
2907 3972 3064 4023 vitam
3111 3980 3361 4023 aeternam
3382 3970 3445 4027 ¹³.

221 4060 335 4127 πᾶς
349 4061 683 4133 dormierat
707 4082 832 4133 μοι,
859 4068 1051 4135 Κύριε,
1086 4070 1280 4137 Κύριε,
1302 4072 1656 4138 σωθήσεται,
1678 4072 1814 4127 ἀλλ’
1848 4074 1881 4124 ό
1914 4068 2099 4123 ποιῶν
2121 4069 2183 4121 τὸ
2211 4065 2437 4136 θέλημά
2453 4068 2674 4136 μου.’-
2690 4065 2795 4120 Καὶ
2822 4066 3254 4120 ἀπελεύσονται
3287 4060 3449 4123 οὗτοι

218 4158 301 4222 εις
332 4158 580 4211 κόλασιν
605 4158 870 4213 αἰώνιονο
902 4164 954 4215 οἱ
981 4161 1048 4215 δὲ
1074 4162 1287 4219 δίκαιοι
1315 4168 1400 4232 εἰς
1429 4166 1587 4236 ζωὴν
1607 4168 1863 4222 αἰώνιον.

290 4250 470 4307 XLIX.
545 4253 873 4321 Ἠκούσατε,
923 4256 1214 4328 ἀγαπητοὶ,
1261 4260 1354 4313 τοῦ
1406 4264 1610 4335 Κυρίου
1669 4265 1767 4335 τὴν

1959 4260 2143 4314 XLIX.
2188 4259 2448 4326 Audistis,
2489 4260 2690 4325 dilecti,
2726 4257 3148 4328 _responsionem
3188 4255 3445 4321 Domini,

220 4345 528 4417 ἀπόκρισιν·
583 4346 782 4415 ἔγνωτε
821 4348 913 4401 τοῦ
962 4350 1150 4421 κριτοῦ
1179 4353 1277 4425 τὴν
1306 4354 1602 4423 ἀπόφασιν·
1641 4357 1777 4427 ἐμά-

220 4436 335 4490 θετε
380 4431 489 4489 οἷον
539 4439 816 4510 κριτήριον
868 4439 1098 4511 φοϐερὸν
1150 4444 1298 4513 ἡμᾶς
1346 4445 1629 4514 ἀναμένει,
1688 4447 1782 4499 καὶ

217 4526 413 4597 ἡμέρα,
444 4528 537 4580 καὶ
567 4526 684 4598 ὥρα
704 4545 717 4557 ·
750 4528 952 4599 ταύτης
976 4531 1350 4602 φροντίσωμεν
1378 4532 1497 4587 καθ’
1526 4536 1781 4605 ἑκάστην,

221 4617 415 4687 ταύτης
453 4618 833 4690 μελετήσωμεν
860 4621 1069 4692 ἡμέρας
1103 4623 1195 4675 καὶ
1229 4624 1439 4691 νυκτὸς,
1476 4626 1569 4678 καὶ
1597 4628 1653 4679 ἐν
1677 4630 1786 4690 τοῖς

217 4709 397 4771 οῐκοις,
416 4710 510 4761 καὶ
536 4711 593 4761 ἐν
613 4713 733 4773 ταῖς
764 4711 1065 4778 πλατείαις,
1097 4713 1191 4767 καὶ
1221 4715 1279 4767 ἐν
1302 4719 1419 4779 ταῖς
1451 4717 1785 4789 ἐκκλησίαις,

217 4794 298 4852 ενα
325 4798 397 4870 μὴ
416 4800 495 4861 είς
518 4798 615 4870 τὴν
634 4799 787 4871 δίκην
808 4801 1020 4871 ἐκείνην
1034 4802 1131 4873 τήν
1151 4803 1279 4873 φοϐε
1289 4805 1384 4875 ράν
1418 4808 1511 4860 καὶ
1542 4809 1789 4880 ἀπροσω-

281 4940 321 5013 if
346 4937 571 5013 Philipp.
596 4956 671 5013 ιι,
692 4941 776 5013 ιο.
927 4943 970 4975 ⁸³
994 4945 1185 5000 Matth.
1216 4964 1309 5013 vn,
1342 4949 1431 5005 25.

213 5008 255 5038 ³⁷
283 5007 440 5075 lbid.,
466 5007 556 5065 2i.
634 5011 678 5044 ¹⁸
716 5011 903 5068 Matth.
941 5030 1067 5079 xxv,
1092 5016 1180 5070 46.

279 5120 387 5192 (9.9)
413 5122 478 5209 ’1η
513 5123 574 5177 Β.
614 5126 859 5209 sequitur
894 5146 906 5179 :
953 5128 1039 5180 'Ev
1075 5126 1150 5209 «ag.
1185 5127 1296 5209 βίω*
1312 5128 1505 5209 τούτω,
1552 5130 1645 5182 καὶ
1697 5130 1770 5199 μὴ

279 5143 387 5192 (2:1)
425 5143 478 5176 in
513 5143 574 5177 ι).
614 5143 689 5180 εει
714 5143 859 5179 υιιυι·
894 5146 906 5179 :
957 5143 1039 5180 'rsv
1075 5145 1150 5196 τῳ
1185 5143 1283 5209 ριιρ
1312 5145 1505 5213 τούτω,
1552 5143 1645 5182 και
1697 5143 1770 5199 μη

210 5143 712 5273 μεταπήσαντεςῄή
742 5196 1061 5267 ἐλεήσαντες
1110 5198 1337 5251 ἐνταυθα
1392 5199 1542 5251 οὺοὲν
1599 5216 1771 5269 χρεω.

211 5266 594 5337 στεὲγπεάλκ
629 5266 686 5337 ἢ.
713 5275 817 5337 ac:

276 5333 384 5405 (50)
415 5335 523 5405 Τάς
553 5333 779 5405 δωρεάς,
806 5336 865 5389 Β.

424 5403 707 5480 Desunt‘iu
738 5405 799 5459 B.
834 5409 993 5480 verba
1026 5410 1087 5462 ἐκ
1116 5411 1211 5480 τῆς
1244 5409 1636 5479 ἀσπλαγχνίας.

277 5473 514 5550 (3:2)_B.,
548 5476 904 5550 κατέσχομεν.
946 5477 1145 5533 Ibidem
1170 5473 1360 5535 statim
1397 5473 1669 5550 sequitur,
1695 5477 1782 5532 διά

209 5544 586 5617 σου-δαίμονας
616 5544 867 5617 άπηλᾲάσα
876 5565 995 5617 μεν.

307 5614 392 5683 55)
436 5614 638 5672 Desunt
666 5614 787 5672 in‘B
840 5614 1028 5683 verba,
1058 5618 1147 5671 διά
1176 5637 1233 5672 σε
1261 5620 1513 5691 πάροικοι
1547 5620 1643 5690 τῆς
1678 5620 1781 5691 γῆς

1578 4952 1823 5010 u’Jacob.
1862 4971 1923 5021 ιι,
1952 4956 2035 5009 l3.

1885 4355 2216 4425 cognovistis
2238 4354 2559 4409 sententiam
2588 4353 2808 4424 judicis,
2839 4350 3105 4406 didicistis
3125 4365 3289 4419 quam
3318 4349 3443 4402 hor-

1884 4448 2110 4502 rendum
2147 4446 2411 4515 judicium
2452 4456 2506 4500 et
2536 4446 2651 4500 dies
2684 4453 2738 4499 et
2775 4445 2911 4497 hora
2952 4458 3051 4497 nos
3094 4450 3337 4507 maneat;
3381 4441 3449 4495 de

1886 4554 1952 4594 eo
1988 4539 2204 4594 solliciti
2248 4539 2550 4608 cogitemus
2592 4538 2867 4606 quotidie;
2915 4537 3018 4591 hoc
3046 4534 3140 4588 diu
3174 4542 3448 4601 noctuque

1890 4630 2234 4694 meditemur,
2277 4630 2330 4682 in
2381 4629 2653 4692 domibus,
2701 4628 2753 4680 in
2804 4627 3016 4696 plateis,
3065 4626 3119 4677 in
3170 4621 3445 4688 ecclesiis;

1895 4736 1964 4774 ne
1991 4720 2045 4773 in
2078 4720 2348 4775 horrendo
2378 4720 2470 4773 illo
2506 4719 2733 4787 judicio,
2772 4718 2825 4771 in
2849 4734 2957 4787 quo
2990 4717 3134 4769 nulla
3161 4724 3243 4770 est
3268 4726 3450 4783 perso-

1898 4827 2089 4866 narum
2123 4812 2379 4880 acceptio.
2410 4811 2604 4881 abjecti
2638 4826 2701 4864 ac
2725 4810 2903 4865 tristes
2931 4817 3167 4862 astemus
3193 4807 3449 4860 condem-

2183 4956 2225 4987 "
2261 4954 2447 5009 Matth.
2482 4971 2607 5017 xxv,
2647 4953 2733 5006 44.
2874 4950 2917 4981 ¹⁶
2957 4946 3144 5001 Matth.
3206 4962 3311 5010 vu,
3350 4946 3440 4999 25.

1880 5132 2643 5271 ὲγῗὲἓῗηὸῗν.’ἴ’πηκούσατε,
2693 5201 2827 5255 ἀλλά
2864 5201 3063 5267 ταύτην
3104 5198 3442 5271 ἀσπλαγχνίᾳ

1878 5272 2194 5325 ἠφανίσατε.

1903 5289 2308 5413 ﬂagelli/iuba,
2328 5341 2406 5413 το
2438 5342 2592 5410 σῶμα
2622 5356 2795 5413 u_squ_e
2829 5340 2895 5395 ad
2932 5337 3438 5413 ἐφυλάξατεηνοειί-

1879 5409 1969 5464 tui
1991 5409 2055 5483 ex'
2081 5412 2252 5483 altero
2281 5410 2393 5483 Pici
2427 5409 2627 5483 codice.
2661 5409 2723 5464 In
2748 5410 2810 5464 Β.
2840 5413 3107 5480 sequitur,
3138 5411 3196 5465 ἐν
3220 5410 3296 5483 τῷ
3322 5409 3442 5465 ὀνό-

1883 5482 2010 5551 ματί
2043 5498 2142 5551 μου
2174 5481 2421 5551 δαιμόνια
2450 5479 2716 5551 ἐδιώξατε.

1951 5550 2063 5619 (56)
2098 5550 2182 5617 B.,
2217 5553 2317 5603 ούκ
2347 5550 2617 5613 ἐδιώξατε.
