  <div class='ocr_page' id='page_1' title='image "/cluster/home/n/w/nwhite01/storage/ocr_20150623/10/hvd.32044073501330/495.png"; bbox 0 0 3934 6198; ppageno 0'>
   <div class='ocr_carea' id='block_1_1' title="bbox 551 157 3758 220">
    <p class='ocr_par' dir='ltr' id='par_1_1' title="bbox 551 157 3758 220">
     <span class='ocr_line' id='line_1_1' title="bbox 551 157 3758 220; baseline 0 -1"><span class='ocrx_word' id='word_1_1' title='bbox 551 163 647 220; x_wconf 80' lang='grc'><strong><em>951</em></strong></span> <span class='ocrx_word' id='word_1_2' title='bbox 1278 161 1566 219; x_wconf 83' lang='lat' dir='ltr'><strong><em>APPEND.</em></strong></span> <span class='ocrx_word' id='word_1_3' title='bbox 1606 160 1698 217; x_wconf 80' lang='lat' dir='ltr'><strong><em>AD</em></strong></span> <span class='ocrx_word' id='word_1_4' title='bbox 1735 160 2012 216; x_wconf 78' lang='lat' dir='ltr'><strong><em>PARTEM</em></strong></span> <span class='ocrx_word' id='word_1_5' title='bbox 2052 159 2097 215; x_wconf 89' lang='lat' dir='ltr'><strong><em>ll</em></strong></span> <span class='ocrx_word' id='word_1_6' title='bbox 2131 157 2414 218; x_wconf 77' lang='lat' dir='ltr'><strong><em>OPERUM</em></strong></span> <span class='ocrx_word' id='word_1_7' title='bbox 2452 161 2508 216; x_wconf 89' lang='lat' dir='ltr'><strong><em>S.</em></strong></span> <span class='ocrx_word' id='word_1_8' title='bbox 2549 157 2935 215; x_wconf 77' lang='lat' dir='ltr'><strong><em>illPPOLYTl.</em></strong></span> <span class='ocrx_word' id='word_1_9' title='bbox 3661 163 3758 219; x_wconf 70' lang='lat'><strong><em>95!</em></strong></span> 
     </span>
    </p>
   </div>
   <div class='ocr_carea' id='block_1_2' title="bbox 549 274 2109 351">
    <p class='ocr_par' dir='ltr' id='par_1_2' title="bbox 549 274 2102 346">
     <span class='ocr_line' id='line_1_2' title="bbox 549 274 2102 346; baseline 0 -14"><span class='ocrx_word' id='word_1_10' title='bbox 549 277 693 346; x_wconf 85' lang='lat' dir='ltr'><strong><em>nati;</em></strong></span> <span class='ocrx_word' id='word_1_11' title='bbox 725 276 819 334; x_wconf 88' lang='lat' dir='ltr'><strong><em>sed</em></strong></span> <span class='ocrx_word' id='word_1_12' title='bbox 847 291 969 332; x_wconf 90' lang='lat' dir='ltr'><strong><em>cum</em></strong></span> <span class='ocrx_word' id='word_1_13' title='bbox 1004 277 1236 344; x_wconf 78' lang='lat' dir='ltr'><strong><em>actione,</em></strong></span> <span class='ocrx_word' id='word_1_14' title='bbox 1264 279 1395 346; x_wconf 86' lang='lat' dir='ltr'><strong><em>vita,</em></strong></span> <span class='ocrx_word' id='word_1_15' title='bbox 1428 277 1858 341; x_wconf 82' lang='lat' dir='ltr'><strong><em>conversatione,</em></strong></span> <span class='ocrx_word' id='word_1_16' title='bbox 1891 274 2102 332; x_wconf 80' lang='lat' dir='ltr'><strong><em>confes-</em></strong></span> 
     </span>
    </p>
   </div>
   <div class='ocr_carea' id='block_1_3' title="bbox 2214 274 3759 351">
    <p class='ocr_par' dir='ltr' id='par_1_3' title="bbox 2214 275 3759 351">
     <span class='ocr_line' id='line_1_3' title="bbox 2214 275 3759 351; baseline 0.003 -19"><span class='ocrx_word' id='word_1_17' title='bbox 2214 277 2474 350; x_wconf 82' lang='grc' dir='ltr'>πόληπτον</span> <span class='ocrx_word' id='word_1_18' title='bbox 2516 275 2951 351; x_wconf 60' lang='grc' dir='ltr'>πραπαθῶμεν</span> <span class='ocrx_word' id='word_1_19' title='bbox 2997 275 3492 348; x_wconf 76' lang='grc' dir='ltr'>κατακεκριμένοι,</span> <span class='ocrx_word' id='word_1_20' title='bbox 3541 282 3759 336; x_wconf 75' lang='grc' dir='ltr'>ταπεινοὶ</span> 
     </span>
    </p>
   </div>
   <div class='ocr_carea' id='block_1_4' title="bbox 549 367 2109 442">
    <p class='ocr_par' dir='ltr' id='par_1_4' title="bbox 549 368 2101 440">
     <span class='ocr_line' id='line_1_4' title="bbox 549 368 2101 440; baseline -0.001 -14"><span class='ocrx_word' id='word_1_21' title='bbox 549 371 704 426; x_wconf 84' lang='lat' dir='ltr'><strong><em>sione</em></strong></span> <span class='ocrx_word' id='word_1_22' title='bbox 749 385 918 440; x_wconf 89' lang='lat' dir='ltr'><strong><em>pura;</em></strong></span> <span class='ocrx_word' id='word_1_23' title='bbox 964 378 1024 426; x_wconf 92' lang='lat' dir='ltr'><strong><em>ut</em></strong></span> <span class='ocrx_word' id='word_1_24' title='bbox 1056 369 1212 425; x_wconf 90' lang='lat' dir='ltr'><strong><em>nobis</em></strong></span> <span class='ocrx_word' id='word_1_25' title='bbox 1241 385 1457 440; x_wconf 89' lang='lat' dir='ltr'><strong><em>quoque</em></strong></span> <span class='ocrx_word' id='word_1_26' title='bbox 1489 369 1636 424; x_wconf 88' lang='lat' dir='ltr'><strong><em>dicat</em></strong></span> <span class='ocrx_word' id='word_1_27' title='bbox 1673 369 1763 424; x_wconf 91' lang='lat' dir='ltr'><strong><em>ille</em></strong></span> <span class='ocrx_word' id='word_1_28' title='bbox 1789 368 2101 425; x_wconf 87' lang='lat' dir='ltr'><strong><em>misericors</em></strong></span> 
     </span>
    </p>
   </div>
   <div class='ocr_carea' id='block_1_5' title="bbox 2214 367 3762 442">
    <p class='ocr_par' dir='ltr' id='par_1_5' title="bbox 2214 367 3762 442">
     <span class='ocr_line' id='line_1_5' title="bbox 2214 367 3762 442; baseline 0.004 -19"><span class='ocrx_word' id='word_1_29' title='bbox 2214 371 2298 423; x_wconf 76' lang='grc' dir='ltr'>καὶ</span> <span class='ocrx_word' id='word_1_30' title='bbox 2329 368 2659 442; x_wconf 84' lang='grc' dir='ltr'>σκυθρωποί·</span> <span class='ocrx_word' id='word_1_31' title='bbox 2697 367 2832 422; x_wconf 84' lang='grc' dir='ltr'>ἀλλὰ</span> <span class='ocrx_word' id='word_1_32' title='bbox 2877 367 3012 440; x_wconf 79' lang='grc' dir='ltr'>μετὰ</span> <span class='ocrx_word' id='word_1_33' title='bbox 3053 367 3318 440; x_wconf 76' lang='grc' dir='ltr'>καθαρᾶς</span> <span class='ocrx_word' id='word_1_34' title='bbox 3359 367 3641 439; x_wconf 78' lang='grc' dir='ltr'>πράξεως,</span> <span class='ocrx_word' id='word_1_35' title='bbox 3677 377 3762 428; x_wconf 73' lang='grc' dir='ltr'>καὶ</span> 
     </span>
    </p>
   </div>
   <div class='ocr_carea' id='block_1_6' title="bbox 551 445 2109 536">
    <p class='ocr_par' dir='ltr' id='par_1_6' title="bbox 551 445 2102 529">
     <span class='ocr_line' id='line_1_6' title="bbox 551 445 2102 529; baseline -0.001 -15"><span class='ocrx_word' id='word_1_36' title='bbox 551 445 943 528; x_wconf 79' lang='lat' dir='ltr'><strong><em>hominumque</em></strong></span> <span class='ocrx_word' id='word_1_37' title='bbox 974 473 1164 514; x_wconf 88' lang='lat' dir='ltr'><strong><em>amans</em></strong></span> <span class='ocrx_word' id='word_1_38' title='bbox 1192 457 1334 514; x_wconf 86' lang='lat' dir='ltr'><strong><em>Deus</em></strong></span> <span class='ocrx_word' id='word_1_39' title='bbox 1360 477 1374 514; x_wconf 93' lang='lat'><strong>:</strong></span> <span class='ocrx_word' id='word_1_40' title='bbox 1409 457 1568 514; x_wconf 80' lang='lat' dir='ltr'><strong><em>Fides</em></strong></span> <span class='ocrx_word' id='word_1_41' title='bbox 1593 469 1687 513; x_wconf 88' lang='lat' dir='ltr'><strong><em>tua</em></strong></span> <span class='ocrx_word' id='word_1_42' title='bbox 1716 470 1763 514; x_wconf 82' lang='lat' dir='ltr'><strong><em>te</em></strong></span> <span class='ocrx_word' id='word_1_43' title='bbox 1787 458 1991 515; x_wconf 85' lang='lat' dir='ltr'><strong><em>salvum</em></strong></span> <span class='ocrx_word' id='word_1_44' title='bbox 2029 459 2102 529; x_wconf 77' lang='lat' dir='ltr'><strong><em>[e-</em></strong></span> 
     </span>
    </p>
   </div>
   <div class='ocr_carea' id='block_1_7' title="bbox 2214 445 3763 536">
    <p class='ocr_par' dir='ltr' id='par_1_7' title="bbox 2214 458 3763 536">
     <span class='ocr_line' id='line_1_7' title="bbox 2214 458 3763 536; baseline 0.004 -23"><span class='ocrx_word' id='word_1_45' title='bbox 2214 460 2343 534; x_wconf 78' lang='grc' dir='ltr'>βίου,</span> <span class='ocrx_word' id='word_1_46' title='bbox 2369 461 2462 514; x_wconf 80' lang='grc' dir='ltr'>καὶ</span> <span class='ocrx_word' id='word_1_47' title='bbox 2491 460 2782 524; x_wconf 81' lang='grc' dir='ltr'><strong><em>πολιτείας,</em></strong></span> <span class='ocrx_word' id='word_1_48' title='bbox 2812 459 2904 514; x_wconf 76' lang='grc' dir='ltr'>καὶ</span> <span class='ocrx_word' id='word_1_49' title='bbox 2931 459 3409 532; x_wconf 76' lang='grc' dir='ltr'>ἐξομολογήσεως,</span> <span class='ocrx_word' id='word_1_50' title='bbox 3437 458 3525 514; x_wconf 85' lang='grc' dir='ltr'><strong><em>ἴνα</em></strong></span> <span class='ocrx_word' id='word_1_51' title='bbox 3547 461 3670 536; x_wconf 74' lang='grc' dir='ltr'>εἴπῃ</span> <span class='ocrx_word' id='word_1_52' title='bbox 3684 466 3763 520; x_wconf 74' lang='grc' dir='ltr'><strong><em>καὶ</em></strong></span> 
     </span>
    </p>
   </div>
   <div class='ocr_carea' id='block_1_8' title="bbox 548 548 2109 624">
    <p class='ocr_par' dir='ltr' id='par_1_8' title="bbox 548 548 2098 622">
     <span class='ocr_line' id='line_1_8' title="bbox 548 548 2098 622; baseline -0.002 -16"><span class='ocrx_word' id='word_1_53' title='bbox 548 553 654 616; x_wconf 83' lang='lat' dir='ltr'><strong><em>cit;</em></strong></span> <span class='ocrx_word' id='word_1_54' title='bbox 687 550 814 605; x_wconf 86' lang='lat' dir='ltr'><strong><em>vade</em></strong></span> <span class='ocrx_word' id='word_1_55' title='bbox 845 551 896 604; x_wconf 83' lang='lat' dir='ltr'><strong><em>in</em></strong></span> <span class='ocrx_word' id='word_1_56' title='bbox 929 567 1054 620; x_wconf 83' lang='lat' dir='ltr'><strong><em>pace</em></strong></span> <span class='ocrx_word' id='word_1_57' title='bbox 1076 552 1152 618; x_wconf 82' lang='grc'><strong><em>¹⁹;</em></strong></span> <span class='ocrx_word' id='word_1_58' title='bbox 1178 550 1306 606; x_wconf 89' lang='lat' dir='ltr'><strong><em>item</em></strong></span> <span class='ocrx_word' id='word_1_59' title='bbox 1334 550 1466 606; x_wconf 89' lang='lat' dir='ltr'><strong><em>illud</em></strong></span> <span class='ocrx_word' id='word_1_60' title='bbox 1489 569 1502 605; x_wconf 87' lang='lat'>:</span> <span class='ocrx_word' id='word_1_61' title='bbox 1530 548 1703 622; x_wconf 82' lang='lat' dir='ltr'><strong><em>Euge,</em></strong></span> <span class='ocrx_word' id='word_1_62' title='bbox 1727 567 1868 606; x_wconf 84' lang='lat' dir='ltr'><strong><em>serve</em></strong></span> <span class='ocrx_word' id='word_1_63' title='bbox 1905 550 2030 605; x_wconf 86' lang='lat' dir='ltr'><strong><em>bone</em></strong></span> <span class='ocrx_word' id='word_1_64' title='bbox 2049 559 2098 604; x_wconf 88' lang='lat' dir='ltr'><strong><em>et</em></strong></span> 
     </span>
    </p>
   </div>
   <div class='ocr_carea' id='block_1_9' title="bbox 2214 548 3761 624">
    <p class='ocr_par' dir='ltr' id='par_1_9' title="bbox 2214 549 3761 624">
     <span class='ocr_line' id='line_1_9' title="bbox 2214 549 3761 624; baseline -0.018 1"><span class='ocrx_word' id='word_1_65' title='bbox 2214 551 2341 624; x_wconf 77' lang='grc' dir='ltr'>πρὸς</span> <span class='ocrx_word' id='word_1_66' title='bbox 2373 553 2518 622; x_wconf 80' lang='grc' dir='ltr'>ἡμᾶς</span> <span class='ocrx_word' id='word_1_67' title='bbox 2547 553 2576 606; x_wconf 85' lang='grc' dir='ltr'>ὁ</span> <span class='ocrx_word' id='word_1_68' title='bbox 2615 549 2984 622; x_wconf 76' lang='grc' dir='ltr'>εῦσπλαγχνος</span> <span class='ocrx_word' id='word_1_69' title='bbox 3052 551 3152 605; x_wconf 77' lang='grc' dir='ltr'>καὶ</span> <span class='ocrx_word' id='word_1_70' title='bbox 3200 549 3588 622; x_wconf 75' lang='grc' dir='ltr'>φιλάνθρωπος</span> <span class='ocrx_word' id='word_1_71' title='bbox 3627 553 3761 618; x_wconf 62' lang='grc' dir='ltr'>θεας.</span> 
     </span>
    </p>
   </div>
   <div class='ocr_carea' id='block_1_10' title="bbox 549 640 2109 713">
    <p class='ocr_par' dir='ltr' id='par_1_10' title="bbox 549 641 2093 713">
     <span class='ocr_line' id='line_1_10' title="bbox 549 641 2093 713; baseline -0.001 -17"><span class='ocrx_word' id='word_1_72' title='bbox 549 643 743 713; x_wconf 86' lang='lat' dir='ltr'><strong><em>ﬁdelis,</em></strong></span> <span class='ocrx_word' id='word_1_73' title='bbox 761 659 914 712; x_wconf 88' lang='lat' dir='ltr'><strong><em>super</em></strong></span> <span class='ocrx_word' id='word_1_74' title='bbox 933 660 1101 712; x_wconf 85' lang='lat' dir='ltr'><strong><em>pauca</em></strong></span> <span class='ocrx_word' id='word_1_75' title='bbox 1121 644 1273 712; x_wconf 77' lang='lat' dir='ltr'><strong><em>luisti</em></strong></span> <span class='ocrx_word' id='word_1_76' title='bbox 1297 641 1489 712; x_wconf 84' lang='lat' dir='ltr'><strong><em>ﬁdelis,</em></strong></span> <span class='ocrx_word' id='word_1_77' title='bbox 1507 658 1666 713; x_wconf 86' lang='lat' dir='ltr'><strong><em>supra</em></strong></span> <span class='ocrx_word' id='word_1_78' title='bbox 1696 641 1863 696; x_wconf 83' lang='lat' dir='ltr'><strong><em>multa</em></strong></span> <span class='ocrx_word' id='word_1_79' title='bbox 1889 651 1936 697; x_wconf 85' lang='lat' dir='ltr'><strong><em>te</em></strong></span> <span class='ocrx_word' id='word_1_80' title='bbox 1963 657 2093 696; x_wconf 85' lang='lat' dir='ltr'><strong><em>con-</em></strong></span> 
     </span>
    </p>
   </div>
   <div class='ocr_carea' id='block_1_11' title="bbox 2214 640 3769 713">
    <p class='ocr_par' dir='ltr' id='par_1_11' title="bbox 2214 640 3769 712">
     <span class='ocr_line' id='line_1_11' title="bbox 2214 640 3769 712; baseline -0.001 -14"><span class='ocrx_word' id='word_1_81' title='bbox 2214 643 2285 700; x_wconf 78' lang='grc' dir='ltr'><em>Ἠ</em></span> <span class='ocrx_word' id='word_1_82' title='bbox 2319 643 2524 708; x_wconf 80' lang='grc' dir='ltr'>πίστις</span> <span class='ocrx_word' id='word_1_83' title='bbox 2554 656 2669 696; x_wconf 90' lang='grc' dir='ltr'><strong><em>σου</em></strong></span> <span class='ocrx_word' id='word_1_84' title='bbox 2693 641 2926 695; x_wconf 80' lang='grc' dir='ltr'>σέσωκέ</span> <span class='ocrx_word' id='word_1_85' title='bbox 2954 656 3046 709; x_wconf 83' lang='grc' dir='ltr'><strong><em>σε,</em></strong></span> <span class='ocrx_word' id='word_1_86' title='bbox 3073 640 3354 709; x_wconf 75' lang='grc' dir='ltr'><strong><em>πορεύου</em></strong></span> <span class='ocrx_word' id='word_1_87' title='bbox 3383 640 3474 705; x_wconf 84' lang='grc' dir='ltr'><strong><em>είς</em></strong></span> <span class='ocrx_word' id='word_1_88' title='bbox 3507 640 3735 712; x_wconf 68' lang='grc' dir='ltr'>εἰρήνην</span> <span class='ocrx_word' id='word_1_89' title='bbox 3754 659 3769 676; x_wconf 76' lang='grc' dir='ltr'><strong><em>ο</em></strong></span> 
     </span>
    </p>
   </div>
   <div class='ocr_carea' id='block_1_12' title="bbox 549 729 2109 806">
    <p class='ocr_par' dir='ltr' id='par_1_12' title="bbox 549 729 2096 802">
     <span class='ocr_line' id='line_1_12' title="bbox 549 729 2096 802; baseline -0.002 -14"><span class='ocrx_word' id='word_1_90' title='bbox 549 735 801 799; x_wconf 83' lang='lat' dir='ltr'><strong><em>stituam;</em></strong></span> <span class='ocrx_word' id='word_1_91' title='bbox 828 734 969 787; x_wconf 83' lang='lat' dir='ltr'><strong><em>intra</em></strong></span> <span class='ocrx_word' id='word_1_92' title='bbox 998 733 1052 786; x_wconf 87' lang='lat' dir='ltr'><strong><em>in</em></strong></span> <span class='ocrx_word' id='word_1_93' title='bbox 1075 732 1324 802; x_wconf 79' lang='lat' dir='ltr'><strong><em>gaudium</em></strong></span> <span class='ocrx_word' id='word_1_94' title='bbox 1353 730 1564 786; x_wconf 84' lang='lat' dir='ltr'><strong><em>Domini</em></strong></span> <span class='ocrx_word' id='word_1_95' title='bbox 1595 732 1672 786; x_wconf 87' lang='lat' dir='ltr'><strong><em>tui</em></strong></span> <span class='ocrx_word' id='word_1_96' title='bbox 1693 731 1762 788; x_wconf 79' lang='lat'><strong><em>’°.</em></strong></span> <span class='ocrx_word' id='word_1_97' title='bbox 1786 729 1942 800; x_wconf 83' lang='lat' dir='ltr'><strong><em>Quod</em></strong></span> <span class='ocrx_word' id='word_1_98' title='bbox 1967 747 2096 787; x_wconf 88' lang='lat' dir='ltr'><strong><em>con-</em></strong></span> 
     </span>
    </p>
   </div>
   <div class='ocr_carea' id='block_1_13' title="bbox 2214 729 3764 806">
    <p class='ocr_par' dir='ltr' id='par_1_13' title="bbox 2214 729 3764 806">
     <span class='ocr_line' id='line_1_13' title="bbox 2214 729 3764 806; baseline -0.001 -17"><span class='ocrx_word' id='word_1_99' title='bbox 2214 735 2297 789; x_wconf 68' lang='grc' dir='ltr'>καὶ</span> <span class='ocrx_word' id='word_1_100' title='bbox 2319 734 2398 800; x_wconf 78' lang='grc' dir='ltr'>τὸ,</span> <span class='ocrx_word' id='word_1_101' title='bbox 2427 729 2604 806; x_wconf 74' lang='grc' dir='ltr'>Εὖγε,</span> <span class='ocrx_word' id='word_1_102' title='bbox 2633 733 2814 789; x_wconf 80' lang='grc' dir='ltr'>δοῦλε</span> <span class='ocrx_word' id='word_1_103' title='bbox 2843 731 3026 803; x_wconf 80' lang='grc' dir='ltr'><strong><em>ἀγαθὲ</em></strong></span> <span class='ocrx_word' id='word_1_104' title='bbox 3058 732 3162 788; x_wconf 78' lang='grc' dir='ltr'>καὶ</span> <span class='ocrx_word' id='word_1_105' title='bbox 3187 729 3395 786; x_wconf 77' lang='grc' dir='ltr'>πιστέ.</span> <span class='ocrx_word' id='word_1_106' title='bbox 3441 731 3568 786; x_wconf 77' lang='grc' dir='ltr'>Ἐπί</span> <span class='ocrx_word' id='word_1_107' title='bbox 3612 735 3764 805; x_wconf 71' lang='grc' dir='ltr'>ὀλίγα</span> 
     </span>
    </p>
   </div>
   <div class='ocr_carea' id='block_1_14' title="bbox 550 821 2109 897">
    <p class='ocr_par' dir='ltr' id='par_1_14' title="bbox 550 823 2072 896">
     <span class='ocr_line' id='line_1_14' title="bbox 550 823 2072 896; baseline -0.003 -14"><span class='ocrx_word' id='word_1_108' title='bbox 550 825 704 896; x_wconf 83' lang='lat' dir='ltr'><strong><em>sequi</em></strong></span> <span class='ocrx_word' id='word_1_109' title='bbox 728 824 884 879; x_wconf 87' lang='lat' dir='ltr'><strong><em>nobis</em></strong></span> <span class='ocrx_word' id='word_1_110' title='bbox 913 823 1168 879; x_wconf 90' lang='lat' dir='ltr'><strong><em>omnibus</em></strong></span> <span class='ocrx_word' id='word_1_111' title='bbox 1191 823 1469 894; x_wconf 80' lang='lat' dir='ltr'><strong><em>contingat</em></strong></span> <span class='ocrx_word' id='word_1_112' title='bbox 1497 823 1668 893; x_wconf 83' lang='lat' dir='ltr'><strong><em>gratia</em></strong></span> <span class='ocrx_word' id='word_1_113' title='bbox 1694 823 2072 880; x_wconf 90' lang='lat' dir='ltr'><strong><em>benevolentia</em></strong></span> 
     </span>
    </p>
   </div>
   <div class='ocr_carea' id='block_1_15' title="bbox 2214 821 3763 897">
    <p class='ocr_par' dir='ltr' id='par_1_15' title="bbox 2214 821 3763 897">
     <span class='ocr_line' id='line_1_15' title="bbox 2214 821 3763 897; baseline 0.003 -18"><span class='ocrx_word' id='word_1_114' title='bbox 2214 822 2278 897; x_wconf 71' lang='grc' dir='ltr'>ἧς</span> <span class='ocrx_word' id='word_1_115' title='bbox 2314 825 2551 896; x_wconf 77' lang='grc' dir='ltr'>πιστὸς,</span> <span class='ocrx_word' id='word_1_116' title='bbox 2577 824 2677 880; x_wconf 77' lang='grc' dir='ltr'><strong><em>ἐπὶ</em></strong></span> <span class='ocrx_word' id='word_1_117' title='bbox 2713 825 2956 880; x_wconf 74' lang='grc' dir='ltr'>πολλῶν</span> <span class='ocrx_word' id='word_1_118' title='bbox 2995 840 3068 880; x_wconf 81' lang='grc' dir='ltr'>σε</span> <span class='ocrx_word' id='word_1_119' title='bbox 3095 821 3508 892; x_wconf 79' lang='grc' dir='ltr'><strong><em>καταστήσω·</em></strong></span> <span class='ocrx_word' id='word_1_120' title='bbox 3553 825 3763 886; x_wconf 77' lang='grc' dir='ltr'>είσελθε</span> 
     </span>
    </p>
   </div>
   <div class='ocr_carea' id='block_1_16' title="bbox 550 910 2109 990">
    <p class='ocr_par' dir='ltr' id='par_1_16' title="bbox 550 912 2103 987">
     <span class='ocr_line' id='line_1_16' title="bbox 550 912 2103 987; baseline 0 -17"><span class='ocrx_word' id='word_1_121' title='bbox 550 932 657 987; x_wconf 90' lang='lat' dir='ltr'><strong><em>que</em></strong></span> <span class='ocrx_word' id='word_1_122' title='bbox 695 914 905 971; x_wconf 87' lang='lat' dir='ltr'><strong><em>Domini</em></strong></span> <span class='ocrx_word' id='word_1_123' title='bbox 935 914 1108 970; x_wconf 84' lang='lat' dir='ltr'><strong><em>nostri</em></strong></span> <span class='ocrx_word' id='word_1_124' title='bbox 1141 912 1268 970; x_wconf 85' lang='lat' dir='ltr'><strong><em>Jesu</em></strong></span> <span class='ocrx_word' id='word_1_125' title='bbox 1296 914 1494 973; x_wconf 77' lang='lat' dir='ltr'><strong><em>Christi</em></strong></span> <span class='ocrx_word' id='word_1_126' title='bbox 1527 933 1542 970; x_wconf 89' lang='lat'><strong>:</strong></span> <span class='ocrx_word' id='word_1_127' title='bbox 1589 931 1712 971; x_wconf 92' lang='lat' dir='ltr'><strong><em>cum</em></strong></span> <span class='ocrx_word' id='word_1_128' title='bbox 1747 931 1855 986; x_wconf 90' lang='lat' dir='ltr'><strong><em>quo</em></strong></span> <span class='ocrx_word' id='word_1_129' title='bbox 1889 915 2103 971; x_wconf 85' lang='lat' dir='ltr'><strong><em>Patrem</em></strong></span> 
     </span>
    </p>
   </div>
   <div class='ocr_carea' id='block_1_17' title="bbox 2214 910 3760 990">
    <p class='ocr_par' dir='ltr' id='par_1_17' title="bbox 2214 910 3760 990">
     <span class='ocr_line' id='line_1_17' title="bbox 2214 910 3760 990; baseline -0.001 -16"><span class='ocrx_word' id='word_1_130' title='bbox 2214 920 2291 985; x_wconf 75' lang='grc' dir='ltr'>εις</span> <span class='ocrx_word' id='word_1_131' title='bbox 2313 917 2427 988; x_wconf 77' lang='grc' dir='ltr'><strong><em>τὴν</em></strong></span> <span class='ocrx_word' id='word_1_132' title='bbox 2463 919 2656 990; x_wconf 78' lang='grc' dir='ltr'>χαρὰν</span> <span class='ocrx_word' id='word_1_133' title='bbox 2682 917 2788 974; x_wconf 84' lang='grc' dir='ltr'>τοῦ</span> <span class='ocrx_word' id='word_1_134' title='bbox 2821 917 3039 987; x_wconf 56' lang='grc' dir='ltr'>Κιιοίου</span> <span class='ocrx_word' id='word_1_135' title='bbox 3069 933 3216 973; x_wconf 83' lang='grc' dir='ltr'><strong><em>σου.</em></strong></span> <span class='ocrx_word' id='word_1_136' title='bbox 3262 910 3377 981; x_wconf 68' lang='grc' dir='ltr'><strong><em>*Ης</em></strong></span> <span class='ocrx_word' id='word_1_137' title='bbox 3407 916 3614 985; x_wconf 77' lang='grc' dir='ltr'>γένοιτο</span> <span class='ocrx_word' id='word_1_138' title='bbox 3646 921 3760 972; x_wconf 80' lang='grc' dir='ltr'>πάν-</span> 
     </span>
    </p>
   </div>
   <div class='ocr_carea' id='block_1_18' title="bbox 551 1003 2109 1080">
    <p class='ocr_par' dir='ltr' id='par_1_18' title="bbox 551 1004 2104 1080">
     <span class='ocr_line' id='line_1_18' title="bbox 551 1004 2104 1080; baseline -0.004 -15"><span class='ocrx_word' id='word_1_139' title='bbox 551 1010 668 1080; x_wconf 82' lang='lat' dir='ltr'><strong><em>ejus</em></strong></span> <span class='ocrx_word' id='word_1_140' title='bbox 692 1007 847 1063; x_wconf 88' lang='lat' dir='ltr'><strong><em>initio</em></strong></span> <span class='ocrx_word' id='word_1_141' title='bbox 877 1016 1176 1075; x_wconf 87' lang='lat' dir='ltr'><strong><em>carentem,</em></strong></span> <span class='ocrx_word' id='word_1_142' title='bbox 1211 1021 1335 1064; x_wconf 89' lang='lat' dir='ltr'><strong><em>cum</em></strong></span> <span class='ocrx_word' id='word_1_143' title='bbox 1368 1017 1738 1068; x_wconf 85' lang='lat' dir='ltr'><strong><em>sacrosancto.</em></strong></span> <span class='ocrx_word' id='word_1_144' title='bbox 1773 1008 1917 1063; x_wconf 91' lang='lat' dir='ltr'><strong><em>bono</em></strong></span> <span class='ocrx_word' id='word_1_145' title='bbox 1945 1017 2000 1062; x_wconf 87' lang='lat' dir='ltr'><strong><em>et</em></strong></span> <span class='ocrx_word' id='word_1_146' title='bbox 2027 1004 2104 1060; x_wconf 87' lang='lat' dir='ltr'><strong><em>vi-</em></strong></span> 
     </span>
    </p>
   </div>
   <div class='ocr_carea' id='block_1_19' title="bbox 2214 1003 3760 1080">
    <p class='ocr_par' dir='ltr' id='par_1_19' title="bbox 2214 1003 3760 1080">
     <span class='ocr_line' id='line_1_19' title="bbox 2214 1003 3760 1080; baseline 0.002 -22"><span class='ocrx_word' id='word_1_147' title='bbox 2214 1023 2304 1071; x_wconf 79' lang='grc' dir='ltr'>τας</span> <span class='ocrx_word' id='word_1_148' title='bbox 2352 1009 2498 1080; x_wconf 75' lang='grc' dir='ltr'>ἡμᾶς</span> <span class='ocrx_word' id='word_1_149' title='bbox 2545 1008 2851 1078; x_wconf 76' lang='grc' dir='ltr'>ἐπιτυχεῖν,</span> <span class='ocrx_word' id='word_1_150' title='bbox 2898 1005 3079 1080; x_wconf 82' lang='grc' dir='ltr'>χάριτι</span> <span class='ocrx_word' id='word_1_151' title='bbox 3126 1005 3231 1060; x_wconf 74' lang='grc' dir='ltr'>καὶ</span> <span class='ocrx_word' id='word_1_152' title='bbox 3266 1003 3647 1076; x_wconf 71' lang='grc' dir='ltr'><strong><em>φιλανθρωπίᾳ</em></strong></span> <span class='ocrx_word' id='word_1_153' title='bbox 3685 1007 3760 1061; x_wconf 78' lang='grc' dir='ltr'>τοῦ</span> 
     </span>
    </p>
   </div>
   <div class='ocr_carea' id='block_1_20' title="bbox 547 1086 2109 1170">
    <p class='ocr_par' dir='ltr' id='par_1_20' title="bbox 547 1086 2098 1163">
     <span class='ocr_line' id='line_1_20' title="bbox 547 1086 2098 1163; baseline -0.002 -18"><span class='ocrx_word' id='word_1_154' title='bbox 547 1090 704 1146; x_wconf 83' lang='lat' dir='ltr'><strong><em>vilico</em></strong></span> <span class='ocrx_word' id='word_1_155' title='bbox 743 1092 862 1162; x_wconf 87' lang='lat' dir='ltr'><strong><em>ejus</em></strong></span> <span class='ocrx_word' id='word_1_156' title='bbox 891 1091 1111 1163; x_wconf 82' lang='lat' dir='ltr'><strong><em>Spiritu,</em></strong></span> <span class='ocrx_word' id='word_1_157' title='bbox 1142 1091 1296 1147; x_wconf 87' lang='lat' dir='ltr'><strong><em>decet</em></strong></span> <span class='ocrx_word' id='word_1_158' title='bbox 1324 1091 1517 1162; x_wconf 78' lang='lat' dir='ltr'><strong><em>gloria,</em></strong></span> <span class='ocrx_word' id='word_1_159' title='bbox 1552 1091 1724 1144; x_wconf 87' lang='lat' dir='ltr'><strong><em>honor</em></strong></span> <span class='ocrx_word' id='word_1_160' title='bbox 1765 1096 1821 1140; x_wconf 91' lang='lat' dir='ltr'><strong><em>et</em></strong></span> <span class='ocrx_word' id='word_1_161' title='bbox 1860 1086 2098 1142; x_wconf 82' lang='lat' dir='ltr'><strong><em>adoratio</em></strong></span> 
     </span>
    </p>
   </div>
   <div class='ocr_carea' id='block_1_21' title="bbox 2214 1086 3758 1170">
    <p class='ocr_par' dir='ltr' id='par_1_21' title="bbox 2214 1088 3758 1170">
     <span class='ocr_line' id='line_1_21' title="bbox 2214 1088 3758 1170; baseline -0.001 -17"><span class='ocrx_word' id='word_1_162' title='bbox 2214 1096 2414 1170; x_wconf 81' lang='grc' dir='ltr'>Κυρίου</span> <span class='ocrx_word' id='word_1_163' title='bbox 2448 1097 2602 1170; x_wconf 85' lang='grc' dir='ltr'>ήμῶν</span> <span class='ocrx_word' id='word_1_164' title='bbox 2647 1096 2818 1168; x_wconf 88' lang='grc' dir='ltr'>Ἰησοῦ</span> <span class='ocrx_word' id='word_1_165' title='bbox 2849 1094 3103 1170; x_wconf 76' lang='grc' dir='ltr'><strong><em>Χριστοῦ,</em></strong></span> <span class='ocrx_word' id='word_1_166' title='bbox 3139 1095 3272 1168; x_wconf 84' lang='grc' dir='ltr'>μεθ’</span> <span class='ocrx_word' id='word_1_167' title='bbox 3301 1088 3366 1149; x_wconf 72' lang='grc' dir='ltr'><strong><em>οὗ</em></strong></span> <span class='ocrx_word' id='word_1_168' title='bbox 3411 1096 3609 1168; x_wconf 77' lang='grc' dir='ltr'>πρέπει</span> <span class='ocrx_word' id='word_1_169' title='bbox 3637 1099 3758 1167; x_wconf 78' lang='grc' dir='ltr'>δόξα,</span> 
     </span>
    </p>
   </div>
   <div class='ocr_carea' id='block_1_22' title="bbox 547 1179 2109 1261">
    <p class='ocr_par' dir='ltr' id='par_1_22' title="bbox 547 1179 1999 1254">
     <span class='ocr_line' id='line_1_22' title="bbox 547 1179 1999 1254; baseline -0.004 -18"><span class='ocrx_word' id='word_1_170' title='bbox 547 1196 694 1236; x_wconf 87' lang='lat' dir='ltr'><strong><em>nunc</em></strong></span> <span class='ocrx_word' id='word_1_171' title='bbox 729 1193 784 1238; x_wconf 91' lang='lat' dir='ltr'><strong><em>et</em></strong></span> <span class='ocrx_word' id='word_1_172' title='bbox 811 1199 1024 1254; x_wconf 88' lang='lat' dir='ltr'><strong><em>semper</em></strong></span> <span class='ocrx_word' id='word_1_173' title='bbox 1051 1194 1106 1239; x_wconf 93' lang='lat' dir='ltr'><strong><em>et</em></strong></span> <span class='ocrx_word' id='word_1_174' title='bbox 1136 1184 1190 1238; x_wconf 91' lang='lat' dir='ltr'><strong><em>in</em></strong></span> <span class='ocrx_word' id='word_1_175' title='bbox 1217 1183 1410 1238; x_wconf 79' lang='lat' dir='ltr'><strong><em>saecula</em></strong></span> <span class='ocrx_word' id='word_1_176' title='bbox 1437 1180 1774 1237; x_wconf 68' lang='lat' dir='ltr'><strong><em>saeculorum.</em></strong></span> <span class='ocrx_word' id='word_1_177' title='bbox 1809 1179 1999 1232; x_wconf 83' lang='lat' dir='ltr'><strong><em>Amen.</em></strong></span> 
     </span>
    </p>
   </div>
   <div class='ocr_carea' id='block_1_23' title="bbox 2214 1179 3759 1261">
    <p class='ocr_par' dir='ltr' id='par_1_23' title="bbox 2214 1186 3759 1261">
     <span class='ocr_line' id='line_1_23' title="bbox 2214 1186 3759 1261; baseline 0.001 -19"><span class='ocrx_word' id='word_1_178' title='bbox 2214 1188 2339 1260; x_wconf 76' lang='grc' dir='ltr'>τιμὴ</span> <span class='ocrx_word' id='word_1_179' title='bbox 2386 1190 2480 1243; x_wconf 81' lang='grc' dir='ltr'>καὶ</span> <span class='ocrx_word' id='word_1_180' title='bbox 2520 1187 2903 1260; x_wconf 86' lang='grc' dir='ltr'>προσκύνησις,</span> <span class='ocrx_word' id='word_1_181' title='bbox 2939 1187 3052 1261; x_wconf 79' lang='lat'><strong><em>(37)</em></strong></span> <span class='ocrx_word' id='word_1_182' title='bbox 3085 1188 3189 1242; x_wconf 72' lang='grc' dir='ltr'>σὺν</span> <span class='ocrx_word' id='word_1_183' title='bbox 3242 1186 3329 1261; x_wconf 81' lang='grc' dir='ltr'>τῷ</span> <span class='ocrx_word' id='word_1_184' title='bbox 3375 1187 3596 1259; x_wconf 85' lang='grc' dir='ltr'>άνάρχῳ</span> <span class='ocrx_word' id='word_1_185' title='bbox 3622 1190 3759 1244; x_wconf 72' lang='grc' dir='ltr'>αὐτοῦ</span> 
     </span>
    </p>
   </div>
   <div class='ocr_carea' id='block_1_24' title="bbox 551 1281 3756 1356">
    <p class='ocr_par' dir='ltr' id='par_1_24' title="bbox 551 1281 3756 1356">
     <span class='ocr_line' id='line_1_24' title="bbox 551 1281 3756 1356; baseline 0.002 -22"><span class='ocrx_word' id='word_1_186' title='bbox 551 1281 724 1353; x_wconf 76' lang='grc' dir='ltr'>Πατρὶ</span> <span class='ocrx_word' id='word_1_187' title='bbox 749 1284 842 1336; x_wconf 73' lang='grc' dir='ltr'>καὶ</span> <span class='ocrx_word' id='word_1_188' title='bbox 869 1282 946 1353; x_wconf 77' lang='grc' dir='ltr'>τῷ</span> <span class='ocrx_word' id='word_1_189' title='bbox 975 1281 1220 1354; x_wconf 83' lang='grc' dir='ltr'>παναγίῳ</span> <span class='ocrx_word' id='word_1_190' title='bbox 1244 1283 1337 1336; x_wconf 78' lang='grc' dir='ltr'>καὶ</span> <span class='ocrx_word' id='word_1_191' title='bbox 1365 1282 1552 1354; x_wconf 80' lang='grc' dir='ltr'>ἀγαθῷ</span> <span class='ocrx_word' id='word_1_192' title='bbox 1577 1284 1671 1338; x_wconf 77' lang='grc' dir='ltr'>καὶ</span> <span class='ocrx_word' id='word_1_193' title='bbox 1690 1283 1934 1356; x_wconf 79' lang='grc' dir='ltr'>ζωοποιῴ</span> <span class='ocrx_word' id='word_1_194' title='bbox 1954 1283 2115 1341; x_wconf 81' lang='grc' dir='ltr'>αὐτοῦ</span> <span class='ocrx_word' id='word_1_195' title='bbox 2132 1283 2405 1356; x_wconf 85' lang='grc' dir='ltr'>Πνεύματι</span> <span class='ocrx_word' id='word_1_196' title='bbox 2436 1283 2529 1338; x_wconf 84' lang='grc' dir='ltr'>νῦν</span> <span class='ocrx_word' id='word_1_197' title='bbox 2549 1285 2642 1339; x_wconf 81' lang='grc' dir='ltr'>καὶ</span> <span class='ocrx_word' id='word_1_198' title='bbox 2673 1285 2780 1352; x_wconf 76' lang='grc' dir='ltr'>ἀεὶ,</span> <span class='ocrx_word' id='word_1_199' title='bbox 2810 1283 2903 1339; x_wconf 77' lang='grc' dir='ltr'>καὶ</span> <span class='ocrx_word' id='word_1_200' title='bbox 2934 1285 3012 1345; x_wconf 87' lang='grc' dir='ltr'><strong><em>είς</em></strong></span> <span class='ocrx_word' id='word_1_201' title='bbox 3037 1284 3168 1348; x_wconf 79' lang='grc' dir='ltr'>τοὺς</span> <span class='ocrx_word' id='word_1_202' title='bbox 3193 1283 3410 1349; x_wconf 86' lang='grc' dir='ltr'>αίῶνας</span> <span class='ocrx_word' id='word_1_203' title='bbox 3431 1282 3539 1338; x_wconf 82' lang='grc' dir='ltr'><strong><em>τῶν</em></strong></span> <span class='ocrx_word' id='word_1_204' title='bbox 3559 1283 3756 1343; x_wconf 80' lang='grc' dir='ltr'>αἰώνων.</span> 
     </span>
    </p>
   </div>
   <div class='ocr_carea' id='block_1_25' title="bbox 563 1377 752 1447">
    <p class='ocr_par' dir='ltr' id='par_1_25' title="bbox 563 1377 752 1447">
     <span class='ocr_line' id='line_1_25' title="bbox 563 1377 752 1447; baseline 0 -17"><span class='ocrx_word' id='word_1_205' title='bbox 563 1377 752 1447; x_wconf 83' lang='grc' dir='ltr'>Ἀμήν.</span> 
     </span>
    </p>
   </div>
   <div class='ocr_carea' id='block_1_26' title="bbox 623 1468 2109 1541">
    <p class='ocr_par' dir='ltr' id='par_1_26' title="bbox 623 1468 2109 1541">
     <span class='ocr_line' id='line_1_26' title="bbox 623 1468 2109 1541; baseline 0.004 -19"><span class='ocrx_word' id='word_1_206' title='bbox 623 1468 752 1524; x_wconf 82' lang='lat' dir='ltr'><strong><em>Esto</em></strong></span> <span class='ocrx_word' id='word_1_207' title='bbox 777 1470 946 1538; x_wconf 81' lang='lat' dir='ltr'><strong><em>ﬁdelis</em></strong></span> <span class='ocrx_word' id='word_1_208' title='bbox 983 1471 1050 1526; x_wconf 89' lang='lat' dir='ltr'><strong><em>ad</em></strong></span> <span class='ocrx_word' id='word_1_209' title='bbox 1085 1480 1324 1541; x_wconf 85' lang='lat' dir='ltr'><strong><em>mortem,</em></strong></span> <span class='ocrx_word' id='word_1_210' title='bbox 1349 1480 1398 1526; x_wconf 86' lang='lat' dir='ltr'><strong><em>et</em></strong></span> <span class='ocrx_word' id='word_1_211' title='bbox 1426 1472 1561 1527; x_wconf 88' lang='lat' dir='ltr'><strong><em>dabo</em></strong></span> <span class='ocrx_word' id='word_1_212' title='bbox 1588 1473 1680 1526; x_wconf 84' lang='lat' dir='ltr'><strong><em>tibi</em></strong></span> <span class='ocrx_word' id='word_1_213' title='bbox 1700 1489 1947 1528; x_wconf 83' lang='lat' dir='ltr'><strong><em>coronam</em></strong></span> <span class='ocrx_word' id='word_1_214' title='bbox 1973 1474 2109 1529; x_wconf 73' lang='lat' dir='ltr'><strong><em>vim.</em></strong></span> 
     </span>
    </p>
   </div>
   <div class='ocr_carea' id='block_1_27' title="bbox 552 1560 864 1632">
    <p class='ocr_par' dir='ltr' id='par_1_27' title="bbox 552 1560 864 1632">
     <span class='ocr_line' id='line_1_27' title="bbox 552 1560 864 1632; baseline 0.006 -18"><span class='ocrx_word' id='word_1_215' title='bbox 552 1560 742 1632; x_wconf 83' lang='lat' dir='ltr'><strong><em>(Apoc.</em></strong></span> <span class='ocrx_word' id='word_1_216' title='bbox 778 1562 864 1632; x_wconf 87' lang='grc' dir='ltr'>ιι.)</span> 
     </span>
    </p>
   </div>
   <div class='ocr_carea' id='block_1_28' title="bbox 2287 1471 3747 1544">
    <p class='ocr_par' dir='ltr' id='par_1_28' title="bbox 2287 1471 3747 1544">
     <span class='ocr_line' id='line_1_28' title="bbox 2287 1471 3747 1544; baseline 0.002 -16"><span class='ocrx_word' id='word_1_217' title='bbox 2287 1473 2474 1528; x_wconf 81' lang='grc' dir='ltr'>Γίνου</span> <span class='ocrx_word' id='word_1_218' title='bbox 2503 1473 2718 1540; x_wconf 76' lang='grc' dir='ltr'>πιστὸς</span> <span class='ocrx_word' id='word_1_219' title='bbox 2755 1473 2892 1544; x_wconf 77' lang='grc' dir='ltr'>ἄχρι</span> <span class='ocrx_word' id='word_1_220' title='bbox 2916 1471 3200 1542; x_wconf 79' lang='grc' dir='ltr'>θανάτου,</span> <span class='ocrx_word' id='word_1_221' title='bbox 3241 1472 3344 1528; x_wconf 74' lang='grc' dir='ltr'>καὶ</span> <span class='ocrx_word' id='word_1_222' title='bbox 3369 1471 3542 1530; x_wconf 78' lang='grc' dir='ltr'>δώσω</span> <span class='ocrx_word' id='word_1_223' title='bbox 3563 1489 3654 1530; x_wconf 86' lang='grc' dir='ltr'><strong><em>σοι</em></strong></span> <span class='ocrx_word' id='word_1_224' title='bbox 3674 1475 3747 1531; x_wconf 67' lang='grc' dir='ltr'>τὸν</span> 
     </span>
    </p>
   </div>
   <div class='ocr_carea' id='block_1_29' title="bbox 2204 1564 3468 1640">
    <p class='ocr_par' dir='ltr' id='par_1_29' title="bbox 2204 1564 3468 1640">
     <span class='ocr_line' id='line_1_29' title="bbox 2204 1564 3468 1640; baseline 0.002 -20"><span class='ocrx_word' id='word_1_225' title='bbox 2204 1565 2506 1636; x_wconf 68' lang='grc' dir='ltr'>στέφανον</span> <span class='ocrx_word' id='word_1_226' title='bbox 2537 1565 2646 1637; x_wconf 80' lang='grc' dir='ltr'>τῆς</span> <span class='ocrx_word' id='word_1_227' title='bbox 2682 1565 2848 1636; x_wconf 76' lang='grc' dir='ltr'>ζωῆς.</span> <span class='ocrx_word' id='word_1_228' title='bbox 2881 1566 3344 1639; x_wconf 74' lang='grc' dir='ltr'>(Ἄποκαλύψεως</span> <span class='ocrx_word' id='word_1_229' title='bbox 3371 1564 3468 1640; x_wconf 82' lang='grc' dir='ltr'>β’.)</span> 
     </span>
    </p>
   </div>
   <div class='ocr_carea' id='block_1_30' title="bbox 1054 1903 3274 2006">
    <p class='ocr_par' dir='ltr' id='par_1_30' title="bbox 1054 1903 3274 2006">
     <span class='ocr_line' id='line_1_30' title="bbox 1054 1903 3274 2006; baseline 0.002 -4"><span class='ocrx_word' id='word_1_230' title='bbox 1054 1914 1721 2005; x_wconf 89' lang='grc' dir='ltr'>ΙΠΠΟΛΥΤΟΥ</span> <span class='ocrx_word' id='word_1_231' title='bbox 1790 1915 2046 2004; x_wconf 93' lang='grc' dir='ltr'><strong><em>ΠΕΡΙ</em></strong></span> <span class='ocrx_word' id='word_1_232' title='bbox 2108 1914 2333 2003; x_wconf 88' lang='grc' dir='ltr'>ΤΩΝ</span> <span class='ocrx_word' id='word_1_233' title='bbox 2394 1903 2513 2003; x_wconf 87' lang='grc' dir='ltr'><strong><em>ΙΒ’</em></strong></span> <span class='ocrx_word' id='word_1_234' title='bbox 2586 1914 3274 2006; x_wconf 83' lang='grc' dir='ltr'><strong><em>ΑΠΟΣΤΟΛΩΝ</em></strong></span> 
     </span>
    </p>
   </div>
   <div class='ocr_carea' id='block_1_31' title="bbox 1315 2092 2991 2167">
    <p class='ocr_par' dir='ltr' id='par_1_31' title="bbox 1315 2092 2991 2167">
     <span class='ocr_line' id='line_1_31' title="bbox 1315 2092 2991 2167; baseline 0.001 -15"><span class='ocrx_word' id='word_1_235' title='bbox 1315 2097 1441 2152; x_wconf 87' lang='grc' dir='ltr'><strong><em>Ποῦ</em></strong></span> <span class='ocrx_word' id='word_1_236' title='bbox 1491 2095 1745 2162; x_wconf 75' lang='grc' dir='ltr'>ἕκαστος</span> <span class='ocrx_word' id='word_1_237' title='bbox 1787 2092 1984 2149; x_wconf 82' lang='grc' dir='ltr'>αὐτῶν</span> <span class='ocrx_word' id='word_1_238' title='bbox 2023 2092 2337 2163; x_wconf 68' lang='grc' dir='ltr'>ἐκήρυξεν,</span> <span class='ocrx_word' id='word_1_239' title='bbox 2371 2095 2468 2148; x_wconf 80' lang='grc' dir='ltr'>καὶ</span> <span class='ocrx_word' id='word_1_240' title='bbox 2511 2095 2628 2151; x_wconf 82' lang='grc' dir='ltr'>ποῦ</span> <span class='ocrx_word' id='word_1_241' title='bbox 2662 2095 2991 2167; x_wconf 73' lang='grc' dir='ltr'><strong><em>ἐτελειώθη.</em></strong></span> 
     </span>
    </p>
   </div>
   <div class='ocr_carea' id='block_1_32' title="bbox 805 2332 3538 2544">
    <p class='ocr_par' dir='ltr' id='par_1_32' title="bbox 805 2332 3538 2544">
     <span class='ocr_line' id='line_1_32' title="bbox 805 2332 3538 2544; baseline 0 -4"><span class='ocrx_word' id='word_1_242' title='bbox 805 2332 1579 2542; x_wconf 79' lang='lat' dir='ltr'><strong><em>HIPPOLYTI</em></strong></span> <span class='ocrx_word' id='word_1_243' title='bbox 1669 2424 1850 2538; x_wconf 92' lang='lat' dir='ltr'><strong>DE</strong></span> <span class='ocrx_word' id='word_1_244' title='bbox 1927 2419 2666 2540; x_wconf 84' lang='lat' dir='ltr'><strong><em>DUODECIM</em></strong></span> <span class='ocrx_word' id='word_1_245' title='bbox 2743 2422 3538 2544; x_wconf 88' lang='lat' dir='ltr'><strong><em>APOSTOLIS</em></strong></span> 
     </span>
    </p>
   </div>
   <div class='ocr_carea' id='block_1_33' title="bbox 1239 2646 3090 2719">
    <p class='ocr_par' dir='ltr' id='par_1_33' title="bbox 1239 2646 3090 2719">
     <span class='ocr_line' id='line_1_33' title="bbox 1239 2646 3090 2719; baseline -0.002 -15"><span class='ocrx_word' id='word_1_246' title='bbox 1239 2647 1463 2705; x_wconf 81' lang='lat' dir='ltr'><strong><em>Ubinam</em></strong></span> <span class='ocrx_word' id='word_1_247' title='bbox 1513 2647 1730 2719; x_wconf 73' lang='lat' dir='ltr'><strong><em>quisque</em></strong></span> <span class='ocrx_word' id='word_1_248' title='bbox 1779 2663 1958 2705; x_wconf 82' lang='lat' dir='ltr'><strong><em>eorum</em></strong></span> <span class='ocrx_word' id='word_1_249' title='bbox 1987 2646 2350 2719; x_wconf 69' lang='lat' dir='ltr'><strong><em>prmdicaverit</em></strong></span> <span class='ocrx_word' id='word_1_250' title='bbox 2385 2658 2447 2702; x_wconf 87' lang='lat' dir='ltr'><strong><em>ac</em></strong></span> <span class='ocrx_word' id='word_1_251' title='bbox 2473 2647 2561 2702; x_wconf 87' lang='lat' dir='ltr'><strong><em>ubi</em></strong></span> <span class='ocrx_word' id='word_1_252' title='bbox 2589 2655 2975 2704; x_wconf 76' lang='lat' dir='ltr'><strong><em>consummatus</em></strong></span> <span class='ocrx_word' id='word_1_253' title='bbox 2999 2647 3090 2703; x_wconf 78' lang='lat' dir='ltr'><strong><em>sit.</em></strong></span> 
     </span>
    </p>
   </div>
   <div class='ocr_carea' id='block_1_34' title="bbox 625 2958 2109 3034">
    <p class='ocr_par' dir='ltr' id='par_1_34' title="bbox 625 2958 2106 3030">
     <span class='ocr_line' id='line_1_34' title="bbox 625 2958 2106 3030; baseline 0 -15"><span class='ocrx_word' id='word_1_254' title='bbox 625 2958 818 3017; x_wconf 72' lang='lat' dir='ltr'><strong><em>?etrus</em></strong></span> <span class='ocrx_word' id='word_1_255' title='bbox 841 2960 1083 3029; x_wconf 83' lang='lat' dir='ltr'><strong><em>quidem,</em></strong></span> <span class='ocrx_word' id='word_1_256' title='bbox 1110 2974 1232 3013; x_wconf 86' lang='lat' dir='ltr'><strong><em>cum</em></strong></span> <span class='ocrx_word' id='word_1_257' title='bbox 1269 2959 1613 3029; x_wconf 70' lang='lat' dir='ltr'><strong><em>praedicasset</em></strong></span> <span class='ocrx_word' id='word_1_258' title='bbox 1656 2958 2006 3030; x_wconf 79' lang='lat' dir='ltr'><strong><em>Evangelium</em></strong></span> <span class='ocrx_word' id='word_1_259' title='bbox 2051 2959 2106 3015; x_wconf 88' lang='lat' dir='ltr'><strong><em>in</em></strong></span> 
     </span>
    </p>
   </div>
   <div class='ocr_carea' id='block_1_35' title="bbox 2214 2958 3736 3034">
    <p class='ocr_par' dir='ltr' id='par_1_35' title="bbox 2277 2960 3736 3034">
     <span class='ocr_line' id='line_1_35' title="bbox 2277 2960 3736 3034; baseline -0.001 -20"><span class='ocrx_word' id='word_1_260' title='bbox 2277 2960 2483 3034; x_wconf 79' lang='grc' dir='ltr'>Πέτρος</span> <span class='ocrx_word' id='word_1_261' title='bbox 2517 2961 2614 3033; x_wconf 81' lang='grc' dir='ltr'>μὲν</span> <span class='ocrx_word' id='word_1_262' title='bbox 2644 2962 2702 3016; x_wconf 83' lang='grc' dir='ltr'>ὲν</span> <span class='ocrx_word' id='word_1_263' title='bbox 2745 2960 2959 3034; x_wconf 56' lang='grc' dir='ltr'>Πύντῳζ</span> <span class='ocrx_word' id='word_1_264' title='bbox 2989 2962 3083 3017; x_wconf 79' lang='grc' dir='ltr'>καὶ</span> <span class='ocrx_word' id='word_1_265' title='bbox 3108 2961 3378 3034; x_wconf 75' lang='grc' dir='ltr'><strong><em>Γαλατίᾳ,</em></strong></span> <span class='ocrx_word' id='word_1_266' title='bbox 3421 2962 3511 3017; x_wconf 72' lang='grc' dir='ltr'>καὶ</span> <span class='ocrx_word' id='word_1_267' title='bbox 3539 2964 3736 3016; x_wconf 70' lang='grc' dir='ltr'>Καππα-</span> 
     </span>
    </p>
   </div>
   <div class='ocr_carea' id='block_1_36' title="bbox 552 3048 2109 3126">
    <p class='ocr_par' dir='ltr' id='par_1_36' title="bbox 552 3048 2104 3122">
     <span class='ocr_line' id='line_1_36' title="bbox 552 3048 2104 3122; baseline 0.001 -16"><span class='ocrx_word' id='word_1_268' title='bbox 552 3050 746 3118; x_wconf 83' lang='lat' dir='ltr'><strong><em>Ponto,</em></strong></span> <span class='ocrx_word' id='word_1_269' title='bbox 776 3049 1005 3116; x_wconf 84' lang='lat' dir='ltr'><strong><em>Galatia,</em></strong></span> <span class='ocrx_word' id='word_1_270' title='bbox 1035 3048 1394 3120; x_wconf 87' lang='lat' dir='ltr'><strong><em>Cappadocia,</em></strong></span> <span class='ocrx_word' id='word_1_271' title='bbox 1435 3049 1706 3122; x_wconf 83' lang='lat' dir='ltr'><strong><em>Bithynia,</em></strong></span> <span class='ocrx_word' id='word_1_272' title='bbox 1737 3049 1911 3119; x_wconf 80' lang='lat' dir='ltr'><strong><em>italia,</em></strong></span> <span class='ocrx_word' id='word_1_273' title='bbox 1941 3060 2104 3120; x_wconf 86' lang='lat' dir='ltr'><strong><em>atque</em></strong></span> 
     </span>
    </p>
   </div>
   <div class='ocr_carea' id='block_1_37' title="bbox 2214 3048 3732 3126">
    <p class='ocr_par' dir='ltr' id='par_1_37' title="bbox 2214 3052 3732 3126">
     <span class='ocr_line' id='line_1_37' title="bbox 2214 3052 3732 3126; baseline -0.001 -19"><span class='ocrx_word' id='word_1_274' title='bbox 2214 3053 2378 3125; x_wconf 81' lang='grc' dir='ltr'>δοκίᾳ,</span> <span class='ocrx_word' id='word_1_275' title='bbox 2411 3053 2505 3108; x_wconf 77' lang='grc' dir='ltr'>καὶ</span> <span class='ocrx_word' id='word_1_276' title='bbox 2531 3053 2768 3126; x_wconf 84' lang='grc' dir='ltr'>Βητανίᾳ</span> <span class='ocrx_word' id='word_1_277' title='bbox 2794 3053 2929 3126; x_wconf 77' lang='grc'><strong><em>(58),</em></strong></span> <span class='ocrx_word' id='word_1_278' title='bbox 2962 3052 3056 3108; x_wconf 71' lang='grc' dir='ltr'>καὶ</span> <span class='ocrx_word' id='word_1_279' title='bbox 3097 3053 3322 3126; x_wconf 78' lang='grc' dir='ltr'>Ἰταλίᾳ,</span> <span class='ocrx_word' id='word_1_280' title='bbox 3345 3053 3441 3108; x_wconf 76' lang='grc' dir='ltr'>καὶ</span> <span class='ocrx_word' id='word_1_281' title='bbox 3479 3053 3632 3124; x_wconf 78' lang='grc' dir='ltr'>’Δσίᾳ,</span> <span class='ocrx_word' id='word_1_282' title='bbox 3659 3068 3732 3121; x_wconf 77' lang='grc' dir='ltr'>κη-</span> 
     </span>
    </p>
   </div>
   <div class='ocr_carea' id='block_1_38' title="bbox 547 3139 2109 3219">
    <p class='ocr_par' dir='ltr' id='par_1_38' title="bbox 547 3139 2106 3214">
     <span class='ocr_line' id='line_1_38' title="bbox 547 3139 2106 3214; baseline 0.001 -17"><span class='ocrx_word' id='word_1_283' title='bbox 547 3143 719 3208; x_wconf 74' lang='lat' dir='ltr'><strong><em>Asia;</em></strong></span> <span class='ocrx_word' id='word_1_284' title='bbox 766 3149 950 3212; x_wconf 90' lang='lat' dir='ltr'><strong><em>postea</em></strong></span> <span class='ocrx_word' id='word_1_285' title='bbox 991 3156 1023 3196; x_wconf 89' lang='lat' dir='ltr'><strong><em>a</em></strong></span> <span class='ocrx_word' id='word_1_286' title='bbox 1066 3140 1278 3196; x_wconf 81' lang='lat' dir='ltr'><strong><em>Nerone</em></strong></span> <span class='ocrx_word' id='word_1_287' title='bbox 1321 3139 1508 3197; x_wconf 67' lang='lat' dir='ltr'><strong><em>Romae</em></strong></span> <span class='ocrx_word' id='word_1_288' title='bbox 1553 3142 1889 3212; x_wconf 82' lang='lat' dir='ltr'><strong><em>cruciﬁgitur</em></strong></span> <span class='ocrx_word' id='word_1_289' title='bbox 1931 3143 2106 3214; x_wconf 83' lang='lat' dir='ltr'><strong><em>capite</em></strong></span> 
     </span>
    </p>
   </div>
   <div class='ocr_carea' id='block_1_39' title="bbox 2214 3139 3730 3219">
    <p class='ocr_par' dir='ltr' id='par_1_39' title="bbox 2214 3141 3730 3219">
     <span class='ocr_line' id='line_1_39' title="bbox 2214 3141 3730 3219; baseline -0.001 -21"><span class='ocrx_word' id='word_1_290' title='bbox 2214 3143 2376 3217; x_wconf 77' lang='grc' dir='ltr'>ρύξας</span> <span class='ocrx_word' id='word_1_291' title='bbox 2408 3144 2470 3199; x_wconf 81' lang='grc' dir='ltr'>τὸ</span> <span class='ocrx_word' id='word_1_292' title='bbox 2497 3145 2856 3215; x_wconf 79' lang='grc' dir='ltr'>Εὑαγγέλιον,</span> <span class='ocrx_word' id='word_1_293' title='bbox 2889 3143 3110 3218; x_wconf 79' lang='grc' dir='ltr'>ὕστερον</span> <span class='ocrx_word' id='word_1_294' title='bbox 3139 3146 3252 3201; x_wconf 79' lang='grc' dir='ltr'><strong><em>ὑπὸ</em></strong></span> <span class='ocrx_word' id='word_1_295' title='bbox 3282 3147 3532 3219; x_wconf 83' lang='grc' dir='ltr'>Νέρωνος</span> <span class='ocrx_word' id='word_1_296' title='bbox 3551 3147 3602 3199; x_wconf 86' lang='grc' dir='ltr'>ὲν</span> <span class='ocrx_word' id='word_1_297' title='bbox 3627 3141 3730 3198; x_wconf 77' lang='grc' dir='ltr'><strong><em>Ῥώ-</em></strong></span> 
     </span>
    </p>
   </div>
   <div class='ocr_carea' id='block_1_40' title="bbox 547 3233 2109 3309">
    <p class='ocr_par' dir='ltr' id='par_1_40' title="bbox 547 3233 1873 3306">
     <span class='ocr_line' id='line_1_40' title="bbox 547 3233 1873 3306; baseline -0.002 -16"><span class='ocrx_word' id='word_1_298' title='bbox 547 3236 808 3291; x_wconf 87' lang='lat' dir='ltr'><strong><em>deorsum</em></strong></span> <span class='ocrx_word' id='word_1_299' title='bbox 833 3248 1010 3300; x_wconf 88' lang='lat' dir='ltr'><strong><em>verso,</em></strong></span> <span class='ocrx_word' id='word_1_300' title='bbox 1037 3248 1161 3289; x_wconf 84' lang='lat' dir='ltr'><strong><em>cum</em></strong></span> <span class='ocrx_word' id='word_1_301' title='bbox 1193 3233 1311 3304; x_wconf 88' lang='lat' dir='ltr'><strong><em>ipse</em></strong></span> <span class='ocrx_word' id='word_1_302' title='bbox 1342 3233 1420 3289; x_wconf 88' lang='lat' dir='ltr'><strong><em>sic</em></strong></span> <span class='ocrx_word' id='word_1_303' title='bbox 1460 3233 1572 3303; x_wconf 88' lang='lat' dir='ltr'><strong><em>pati</em></strong></span> <span class='ocrx_word' id='word_1_304' title='bbox 1604 3243 1873 3306; x_wconf 78' lang='lat' dir='ltr'><strong><em>rogasset.</em></strong></span> 
     </span>
    </p>
   </div>
   <div class='ocr_carea' id='block_1_41' title="bbox 2214 3233 3726 3309">
    <p class='ocr_par' dir='ltr' id='par_1_41' title="bbox 2214 3234 3726 3309">
     <span class='ocr_line' id='line_1_41' title="bbox 2214 3234 3726 3309; baseline -0.001 -20"><span class='ocrx_word' id='word_1_305' title='bbox 2214 3251 2287 3309; x_wconf 84' lang='grc' dir='ltr'>μῃ</span> <span class='ocrx_word' id='word_1_306' title='bbox 2320 3234 2646 3306; x_wconf 78' lang='grc' dir='ltr'>σταυροῦται</span> <span class='ocrx_word' id='word_1_307' title='bbox 2672 3236 2813 3292; x_wconf 83' lang='grc' dir='ltr'>κατά</span> <span class='ocrx_word' id='word_1_308' title='bbox 2840 3236 3084 3308; x_wconf 81' lang='grc' dir='ltr'><strong><em>κεφαλῆς</em></strong></span> <span class='ocrx_word' id='word_1_309' title='bbox 3110 3235 3291 3304; x_wconf 80' lang='grc' dir='ltr'>οὕτως</span> <span class='ocrx_word' id='word_1_310' title='bbox 3324 3237 3487 3292; x_wconf 83' lang='grc' dir='ltr'>αύτοῦ</span> <span class='ocrx_word' id='word_1_311' title='bbox 3513 3235 3726 3305; x_wconf 62' lang='grc' dir='ltr'>ἀξιώσειν.</span> 
     </span>
    </p>
   </div>
   <div class='ocr_carea' id='block_1_42' title="bbox 2206 3327 2542 3391">
    <p class='ocr_par' dir='ltr' id='par_1_42' title="bbox 2206 3327 2542 3391">
     <span class='ocr_line' id='line_1_42' title="bbox 2206 3327 2542 3391; baseline 0.003 -12"><span class='ocrx_word' id='word_1_312' title='bbox 2206 3344 2298 3391; x_wconf 83' lang='grc' dir='ltr'><strong><em>τος</em></strong></span> <span class='ocrx_word' id='word_1_313' title='bbox 2328 3327 2542 3382; x_wconf 81' lang='grc' dir='ltr'>παθεῖν.</span> 
     </span>
    </p>
   </div>
   <div class='ocr_carea' id='block_1_43' title="bbox 620 3416 2104 3491">
    <p class='ocr_par' dir='ltr' id='par_1_43' title="bbox 620 3416 2104 3491">
     <span class='ocr_line' id='line_1_43' title="bbox 620 3416 2104 3491; baseline 0.001 -19"><span class='ocrx_word' id='word_1_314' title='bbox 620 3420 884 3486; x_wconf 83' lang='lat' dir='ltr'><strong><em>Andreas,</em></strong></span> <span class='ocrx_word' id='word_1_315' title='bbox 919 3435 1040 3474; x_wconf 92' lang='lat' dir='ltr'><strong><em>cum</em></strong></span> <span class='ocrx_word' id='word_1_316' title='bbox 1069 3416 1282 3491; x_wconf 82' lang='lat' dir='ltr'><strong><em>Scythis</em></strong></span> <span class='ocrx_word' id='word_1_317' title='bbox 1309 3433 1372 3474; x_wconf 88' lang='lat' dir='ltr'><strong><em>ac</em></strong></span> <span class='ocrx_word' id='word_1_318' title='bbox 1398 3416 1701 3474; x_wconf 87' lang='lat' dir='ltr'><strong><em>Thracibus</em></strong></span> <span class='ocrx_word' id='word_1_319' title='bbox 1725 3417 2072 3488; x_wconf 65' lang='lat' dir='ltr'><strong><em>praedicasset</em></strong></span> <span class='ocrx_word' id='word_1_320' title='bbox 2089 3458 2104 3485; x_wconf 90' lang='lat'><strong><em>,</em></strong></span> 
     </span>
    </p>
   </div>
   <div class='ocr_carea' id='block_1_44' title="bbox 550 3508 2110 3578">
    <p class='ocr_par' dir='ltr' id='par_1_44' title="bbox 550 3508 2110 3578">
     <span class='ocr_line' id='line_1_44' title="bbox 550 3508 2110 3578; baseline -0.001 -9"><span class='ocrx_word' id='word_1_321' title='bbox 550 3515 702 3570; x_wconf 89' lang='lat' dir='ltr'><strong><em>cruci</em></strong></span> <span class='ocrx_word' id='word_1_322' title='bbox 733 3513 923 3568; x_wconf 80' lang='lat' dir='ltr'><strong><em>aiIixus</em></strong></span> <span class='ocrx_word' id='word_1_323' title='bbox 949 3521 1033 3568; x_wconf 93' lang='lat' dir='ltr'><strong><em>est</em></strong></span> <span class='ocrx_word' id='word_1_324' title='bbox 1064 3509 1240 3566; x_wconf 87' lang='lat' dir='ltr'><strong><em>Patris</em></strong></span> <span class='ocrx_word' id='word_1_325' title='bbox 1263 3511 1316 3566; x_wconf 90' lang='lat' dir='ltr'><strong><em>in</em></strong></span> <span class='ocrx_word' id='word_1_326' title='bbox 1339 3508 1563 3578; x_wconf 87' lang='lat' dir='ltr'><strong><em>Achaia,</em></strong></span> <span class='ocrx_word' id='word_1_327' title='bbox 1591 3520 1775 3567; x_wconf 90' lang='lat' dir='ltr'><strong><em>rectus</em></strong></span> <span class='ocrx_word' id='word_1_328' title='bbox 1803 3510 1859 3566; x_wconf 90' lang='lat' dir='ltr'><strong><em>in</em></strong></span> <span class='ocrx_word' id='word_1_329' title='bbox 1882 3511 1999 3568; x_wconf 88' lang='lat' dir='ltr'><strong><em>olea</em></strong></span> <span class='ocrx_word' id='word_1_330' title='bbox 2021 3527 2110 3567; x_wconf 87' lang='lat' dir='ltr'><strong><em>ar-</em></strong></span> 
     </span>
    </p>
   </div>
   <div class='ocr_carea' id='block_1_45' title="bbox 551 3603 1234 3676">
    <p class='ocr_par' dir='ltr' id='par_1_45' title="bbox 551 3603 1234 3676">
     <span class='ocr_line' id='line_1_45' title="bbox 551 3603 1234 3676; baseline -0.006 -16"><span class='ocrx_word' id='word_1_331' title='bbox 551 3606 704 3674; x_wconf 87' lang='lat' dir='ltr'><strong><em>bore,</em></strong></span> <span class='ocrx_word' id='word_1_332' title='bbox 739 3605 924 3676; x_wconf 87' lang='lat' dir='ltr'><strong><em>ibique</em></strong></span> <span class='ocrx_word' id='word_1_333' title='bbox 956 3603 1234 3674; x_wconf 88' lang='lat' dir='ltr'><strong><em>sepelitur.</em></strong></span> 
     </span>
    </p>
   </div>
   <div class='ocr_carea' id='block_1_46' title="bbox 619 3691 2110 3766">
    <p class='ocr_par' dir='ltr' id='par_1_46' title="bbox 619 3691 2110 3766">
     <span class='ocr_line' id='line_1_46' title="bbox 619 3691 2110 3766; baseline 0 -15"><span class='ocrx_word' id='word_1_334' title='bbox 619 3694 860 3751; x_wconf 79' lang='lat' dir='ltr'><strong><em>Joannes</em></strong></span> <span class='ocrx_word' id='word_1_335' title='bbox 888 3708 1018 3750; x_wconf 83' lang='lat' dir='ltr'><strong><em>vero</em></strong></span> <span class='ocrx_word' id='word_1_336' title='bbox 1051 3695 1104 3748; x_wconf 91' lang='lat' dir='ltr'><strong><em>in</em></strong></span> <span class='ocrx_word' id='word_1_337' title='bbox 1138 3693 1266 3748; x_wconf 84' lang='lat' dir='ltr'><strong><em>Asia</em></strong></span> <span class='ocrx_word' id='word_1_338' title='bbox 1305 3708 1335 3746; x_wconf 86' lang='lat' dir='ltr'><strong><em>a</em></strong></span> <span class='ocrx_word' id='word_1_339' title='bbox 1369 3691 1675 3750; x_wconf 88' lang='lat' dir='ltr'><strong><em>Domitiano</em></strong></span> <span class='ocrx_word' id='word_1_340' title='bbox 1706 3695 2030 3766; x_wconf 89' lang='lat' dir='ltr'><strong><em>imperatore</em></strong></span> <span class='ocrx_word' id='word_1_341' title='bbox 2055 3697 2110 3753; x_wconf 92' lang='lat' dir='ltr'><strong><em>in</em></strong></span> 
     </span>
    </p>
   </div>
   <div class='ocr_carea' id='block_1_47' title="bbox 550 3785 2106 3862">
    <p class='ocr_par' dir='ltr' id='par_1_47' title="bbox 550 3785 2106 3862">
     <span class='ocr_line' id='line_1_47' title="bbox 550 3785 2106 3862; baseline 0.003 -19"><span class='ocrx_word' id='word_1_342' title='bbox 550 3787 772 3844; x_wconf 85' lang='lat' dir='ltr'><strong><em>Patmos</em></strong></span> <span class='ocrx_word' id='word_1_343' title='bbox 811 3787 1044 3842; x_wconf 88' lang='lat' dir='ltr'><strong><em>insulam</em></strong></span> <span class='ocrx_word' id='word_1_344' title='bbox 1081 3785 1367 3856; x_wconf 82' lang='lat' dir='ltr'><strong><em>relegatus,</em></strong></span> <span class='ocrx_word' id='word_1_345' title='bbox 1418 3785 1509 3840; x_wconf 90' lang='lat' dir='ltr'><strong><em>ubi</em></strong></span> <span class='ocrx_word' id='word_1_346' title='bbox 1551 3787 1716 3843; x_wconf 90' lang='lat' dir='ltr'><strong><em>etiam</em></strong></span> <span class='ocrx_word' id='word_1_347' title='bbox 1757 3789 2106 3862; x_wconf 80' lang='lat' dir='ltr'><strong><em>Evangelium</em></strong></span> 
     </span>
    </p>
   </div>
   <div class='ocr_carea' id='block_1_48' title="bbox 551 3875 2112 3952">
    <p class='ocr_par' dir='ltr' id='par_1_48' title="bbox 551 3875 2112 3952">
     <span class='ocr_line' id='line_1_48' title="bbox 551 3875 2112 3952; baseline 0.001 -17"><span class='ocrx_word' id='word_1_348' title='bbox 551 3878 898 3948; x_wconf 87' lang='lat' dir='ltr'><strong><em>conscripsit,</em></strong></span> <span class='ocrx_word' id='word_1_349' title='bbox 930 3893 994 3933; x_wconf 92' lang='lat' dir='ltr'><strong><em>ac</em></strong></span> <span class='ocrx_word' id='word_1_350' title='bbox 1016 3876 1382 3948; x_wconf 81' lang='lat' dir='ltr'><strong><em>apocalypsim</em></strong></span> <span class='ocrx_word' id='word_1_351' title='bbox 1412 3875 1566 3943; x_wconf 82' lang='lat' dir='ltr'><strong><em>vidit,</em></strong></span> <span class='ocrx_word' id='word_1_352' title='bbox 1597 3878 1700 3934; x_wconf 90' lang='lat' dir='ltr'><strong><em>sub</em></strong></span> <span class='ocrx_word' id='word_1_353' title='bbox 1742 3879 1978 3952; x_wconf 89' lang='lat' dir='ltr'><strong><em>Trajano</em></strong></span> <span class='ocrx_word' id='word_1_354' title='bbox 2015 3883 2112 3937; x_wconf 90' lang='lat' dir='ltr'><strong><em>ob-</em></strong></span> 
     </span>
    </p>
   </div>
   <div class='ocr_carea' id='block_1_49' title="bbox 552 3967 2113 4043">
    <p class='ocr_par' dir='ltr' id='par_1_49' title="bbox 552 3967 2113 4043">
     <span class='ocr_line' id='line_1_49' title="bbox 552 3967 2113 4043; baseline -0.001 -15"><span class='ocrx_word' id='word_1_355' title='bbox 552 3971 806 4028; x_wconf 86' lang='lat' dir='ltr'><strong><em>dormivit</em></strong></span> <span class='ocrx_word' id='word_1_356' title='bbox 831 3968 1194 4041; x_wconf 88' lang='lat' dir='ltr'><strong><em>Ephesi.Ejus</em></strong></span> <span class='ocrx_word' id='word_1_357' title='bbox 1245 3967 1486 4039; x_wconf 76' lang='lat' dir='ltr'><strong><em>reliquiae</em></strong></span> <span class='ocrx_word' id='word_1_358' title='bbox 1515 3984 1639 4025; x_wconf 91' lang='lat' dir='ltr'><strong><em>cum</em></strong></span> <span class='ocrx_word' id='word_1_359' title='bbox 1693 3969 1921 4028; x_wconf 83' lang='lat' dir='ltr'><strong><em>fuissent</em></strong></span> <span class='ocrx_word' id='word_1_360' title='bbox 1963 3988 2113 4043; x_wconf 82' lang='lat' dir='ltr'><strong><em>quae-</em></strong></span> 
     </span>
    </p>
   </div>
   <div class='ocr_carea' id='block_1_50' title="bbox 552 4065 1280 4133">
    <p class='ocr_par' dir='ltr' id='par_1_50' title="bbox 552 4065 1280 4133">
     <span class='ocr_line' id='line_1_50' title="bbox 552 4065 1280 4133; baseline -0.012 -9"><span class='ocrx_word' id='word_1_361' title='bbox 552 4065 696 4133; x_wconf 68' lang='lat' dir='ltr'><strong><em>sitae,</em></strong></span> <span class='ocrx_word' id='word_1_362' title='bbox 727 4081 838 4120; x_wconf 81' lang='lat' dir='ltr'><strong><em>non</em></strong></span> <span class='ocrx_word' id='word_1_363' title='bbox 876 4073 1005 4121; x_wconf 89' lang='lat' dir='ltr'><strong><em>sunt</em></strong></span> <span class='ocrx_word' id='word_1_364' title='bbox 1025 4065 1280 4119; x_wconf 62' lang='lat' dir='ltr'><strong><em>inventae.</em></strong></span> 
     </span>
    </p>
   </div>
   <div class='ocr_carea' id='block_1_51' title="bbox 620 4157 2114 4230">
    <p class='ocr_par' dir='ltr' id='par_1_51' title="bbox 620 4157 2114 4230">
     <span class='ocr_line' id='line_1_51' title="bbox 620 4157 2114 4230; baseline 0 -16"><span class='ocrx_word' id='word_1_365' title='bbox 620 4159 852 4215; x_wconf 67' lang='lat' dir='ltr'><strong><em>Iacobus</em></strong></span> <span class='ocrx_word' id='word_1_366' title='bbox 883 4160 1001 4229; x_wconf 88' lang='lat' dir='ltr'><strong><em>ejus</em></strong></span> <span class='ocrx_word' id='word_1_367' title='bbox 1022 4159 1209 4225; x_wconf 76' lang='lat' dir='ltr'><strong><em>frater,</em></strong></span> <span class='ocrx_word' id='word_1_368' title='bbox 1253 4160 1550 4230; x_wconf 67' lang='lat' dir='ltr'><strong><em>prmdicans</em></strong></span> <span class='ocrx_word' id='word_1_369' title='bbox 1585 4162 1641 4216; x_wconf 90' lang='lat' dir='ltr'><strong><em>in</em></strong></span> <span class='ocrx_word' id='word_1_370' title='bbox 1670 4157 1875 4226; x_wconf 68' lang='lat' dir='ltr'><strong><em>Judaza,</em></strong></span> <span class='ocrx_word' id='word_1_371' title='bbox 1903 4159 1972 4214; x_wconf 86' lang='lat' dir='ltr'><strong><em>ab</em></strong></span> <span class='ocrx_word' id='word_1_372' title='bbox 2004 4157 2114 4214; x_wconf 82' lang='lat' dir='ltr'><strong><em>lle-</em></strong></span> 
     </span>
    </p>
   </div>
   <div class='ocr_carea' id='block_1_52' title="bbox 552 4251 2003 4324">
    <p class='ocr_par' dir='ltr' id='par_1_52' title="bbox 552 4251 2003 4324">
     <span class='ocr_line' id='line_1_52' title="bbox 552 4251 2003 4324; baseline -0.002 -16"><span class='ocrx_word' id='word_1_373' title='bbox 552 4255 682 4309; x_wconf 87' lang='lat' dir='ltr'><strong><em>rode</em></strong></span> <span class='ocrx_word' id='word_1_374' title='bbox 713 4253 982 4308; x_wconf 86' lang='lat' dir='ltr'><strong><em>tetrarcha</em></strong></span> <span class='ocrx_word' id='word_1_375' title='bbox 1010 4252 1186 4323; x_wconf 80' lang='lat' dir='ltr'><strong><em>gladio</em></strong></span> <span class='ocrx_word' id='word_1_376' title='bbox 1207 4253 1490 4319; x_wconf 86' lang='lat' dir='ltr'><strong><em>occiditur,</em></strong></span> <span class='ocrx_word' id='word_1_377' title='bbox 1519 4252 1701 4324; x_wconf 88' lang='lat' dir='ltr'><strong><em>ibique</em></strong></span> <span class='ocrx_word' id='word_1_378' title='bbox 1730 4251 2003 4321; x_wconf 86' lang='lat' dir='ltr'><strong><em>sepelitur.</em></strong></span> 
     </span>
    </p>
   </div>
   <div class='ocr_carea' id='block_1_53' title="bbox 619 4342 2104 4416">
    <p class='ocr_par' dir='ltr' id='par_1_53' title="bbox 619 4342 2104 4416">
     <span class='ocr_line' id='line_1_53' title="bbox 619 4342 2104 4416; baseline -0.001 -18"><span class='ocrx_word' id='word_1_379' title='bbox 619 4344 904 4414; x_wconf 86' lang='lat' dir='ltr'><strong><em>Philippus</em></strong></span> <span class='ocrx_word' id='word_1_380' title='bbox 930 4343 1229 4415; x_wconf 61' lang='lat' dir='ltr'><strong><em>praedicans</em></strong></span> <span class='ocrx_word' id='word_1_381' title='bbox 1252 4344 1305 4399; x_wconf 93' lang='lat' dir='ltr'><strong><em>in</em></strong></span> <span class='ocrx_word' id='word_1_382' title='bbox 1337 4343 1588 4416; x_wconf 77' lang='lat' dir='ltr'><strong><em>Phrygia,</em></strong></span> <span class='ocrx_word' id='word_1_383' title='bbox 1618 4342 1887 4412; x_wconf 79' lang='lat' dir='ltr'><strong><em>Hierapoli</em></strong></span> <span class='ocrx_word' id='word_1_384' title='bbox 1923 4342 2104 4399; x_wconf 92' lang='lat' dir='ltr'><strong><em>cruci-</em></strong></span> 
     </span>
    </p>
   </div>
   <div class='ocr_carea' id='block_1_54' title="bbox 548 4434 2109 4507">
    <p class='ocr_par' dir='ltr' id='par_1_54' title="bbox 548 4434 2109 4507">
     <span class='ocr_line' id='line_1_54' title="bbox 548 4434 2109 4507; baseline -0.002 -14"><span class='ocrx_word' id='word_1_385' title='bbox 548 4440 691 4495; x_wconf 78' lang='lat' dir='ltr'><strong><em>ﬁxus</em></strong></span> <span class='ocrx_word' id='word_1_386' title='bbox 719 4445 802 4494; x_wconf 87' lang='lat' dir='ltr'><strong><em>est</em></strong></span> <span class='ocrx_word' id='word_1_387' title='bbox 822 4436 997 4507; x_wconf 88' lang='lat' dir='ltr'><strong><em>capite</em></strong></span> <span class='ocrx_word' id='word_1_388' title='bbox 1019 4437 1270 4495; x_wconf 84' lang='lat' dir='ltr'><strong><em>deorsum</em></strong></span> <span class='ocrx_word' id='word_1_389' title='bbox 1303 4453 1480 4506; x_wconf 90' lang='lat' dir='ltr'><strong><em>verso,</em></strong></span> <span class='ocrx_word' id='word_1_390' title='bbox 1504 4438 1608 4494; x_wconf 87' lang='lat' dir='ltr'><strong><em>sub</em></strong></span> <span class='ocrx_word' id='word_1_391' title='bbox 1638 4434 1944 4492; x_wconf 89' lang='lat' dir='ltr'><strong><em>Domitiano</em></strong></span> <span class='ocrx_word' id='word_1_392' title='bbox 1960 4435 2109 4507; x_wconf 83' lang='lat' dir='ltr'><strong><em>prin-</em></strong></span> 
     </span>
    </p>
   </div>
   <div class='ocr_carea' id='block_1_55' title="bbox 550 4529 1458 4601">
    <p class='ocr_par' dir='ltr' id='par_1_55' title="bbox 550 4529 1458 4601">
     <span class='ocr_line' id='line_1_55' title="bbox 550 4529 1458 4601; baseline -0.001 -16"><span class='ocrx_word' id='word_1_393' title='bbox 550 4531 690 4601; x_wconf 89' lang='lat' dir='ltr'><strong><em>cipe,</em></strong></span> <span class='ocrx_word' id='word_1_394' title='bbox 721 4529 1019 4600; x_wconf 89' lang='lat' dir='ltr'><strong><em>eodemque</em></strong></span> <span class='ocrx_word' id='word_1_395' title='bbox 1038 4530 1159 4586; x_wconf 90' lang='lat' dir='ltr'><strong><em>loco</em></strong></span> <span class='ocrx_word' id='word_1_396' title='bbox 1181 4531 1458 4601; x_wconf 87' lang='lat' dir='ltr'><strong><em>sepelitur.</em></strong></span> 
     </span>
    </p>
   </div>
   <div class='ocr_carea' id='block_1_56' title="bbox 619 4619 2110 4693">
    <p class='ocr_par' dir='ltr' id='par_1_56' title="bbox 619 4619 2110 4693">
     <span class='ocr_line' id='line_1_56' title="bbox 619 4619 2110 4693; baseline -0.002 -18"><span class='ocrx_word' id='word_1_397' title='bbox 619 4621 1050 4679; x_wconf 71' lang='lat' dir='ltr'><strong><em>Bartholomaaus</em></strong></span> <span class='ocrx_word' id='word_1_398' title='bbox 1108 4638 1232 4678; x_wconf 91' lang='lat' dir='ltr'><strong><em>cum</em></strong></span> <span class='ocrx_word' id='word_1_399' title='bbox 1280 4623 1425 4678; x_wconf 85' lang='lat' dir='ltr'><strong><em>indis</em></strong></span> <span class='ocrx_word' id='word_1_400' title='bbox 1485 4620 1862 4693; x_wconf 71' lang='lat' dir='ltr'><strong><em>praedicasset,</em></strong></span> <span class='ocrx_word' id='word_1_401' title='bbox 1921 4619 2110 4689; x_wconf 89' lang='lat' dir='ltr'><strong><em>eisque</em></strong></span> 
     </span>
    </p>
   </div>
   <div class='ocr_carea' id='block_1_57' title="bbox 551 4707 2107 4786">
    <p class='ocr_par' dir='ltr' id='par_1_57' title="bbox 551 4707 2107 4786">
     <span class='ocr_line' id='line_1_57' title="bbox 551 4707 2107 4786; baseline -0.004 -18"><span class='ocrx_word' id='word_1_402' title='bbox 551 4714 923 4786; x_wconf 86' lang='lat' dir='ltr'><strong><em>conscriptum</em></strong></span> <span class='ocrx_word' id='word_1_403' title='bbox 967 4728 999 4768; x_wconf 88' lang='lat' dir='ltr'><strong><em>a</em></strong></span> <span class='ocrx_word' id='word_1_404' title='bbox 1046 4713 1299 4770; x_wconf 67' lang='lat' dir='ltr'><strong><em>Matthaeo</em></strong></span> <span class='ocrx_word' id='word_1_405' title='bbox 1337 4711 1690 4783; x_wconf 77' lang='lat' dir='ltr'><strong><em>Evangelium</em></strong></span> <span class='ocrx_word' id='word_1_406' title='bbox 1722 4707 2107 4782; x_wconf 80' lang='lat' dir='ltr'><strong><em>exposuisset,</em></strong></span> 
     </span>
    </p>
   </div>
   <div class='ocr_carea' id='block_1_58' title="bbox 549 4800 2108 4878">
    <p class='ocr_par' dir='ltr' id='par_1_58' title="bbox 549 4800 2108 4878">
     <span class='ocr_line' id='line_1_58' title="bbox 549 4800 2108 4878; baseline -0.004 -15"><span class='ocrx_word' id='word_1_407' title='bbox 549 4806 847 4863; x_wconf 78' lang='lat' dir='ltr'><strong><em>cruciﬁxus</em></strong></span> <span class='ocrx_word' id='word_1_408' title='bbox 887 4814 974 4862; x_wconf 91' lang='lat' dir='ltr'><strong><em>est</em></strong></span> <span class='ocrx_word' id='word_1_409' title='bbox 1012 4814 1067 4862; x_wconf 92' lang='lat' dir='ltr'><strong><em>et</em></strong></span> <span class='ocrx_word' id='word_1_410' title='bbox 1099 4807 1221 4878; x_wconf 75' lang='lat' dir='ltr'><strong><em>ipse</em></strong></span> <span class='ocrx_word' id='word_1_411' title='bbox 1265 4805 1440 4876; x_wconf 88' lang='lat' dir='ltr'><strong><em>capite</em></strong></span> <span class='ocrx_word' id='word_1_412' title='bbox 1495 4803 1748 4860; x_wconf 86' lang='lat' dir='ltr'><strong><em>deorsum</em></strong></span> <span class='ocrx_word' id='word_1_413' title='bbox 1779 4817 1972 4872; x_wconf 87' lang='lat' dir='ltr'><strong><em>verso,</em></strong></span> <span class='ocrx_word' id='word_1_414' title='bbox 2012 4800 2108 4856; x_wconf 81' lang='lat' dir='ltr'><strong><em>Al-</em></strong></span> 
     </span>
    </p>
   </div>
   <div class='ocr_carea' id='block_1_59' title="bbox 553 4895 1398 4969">
    <p class='ocr_par' dir='ltr' id='par_1_59' title="bbox 553 4895 1398 4969">
     <span class='ocr_line' id='line_1_59' title="bbox 553 4895 1398 4969; baseline -0.004 -17"><span class='ocrx_word' id='word_1_415' title='bbox 553 4896 680 4953; x_wconf 85' lang='lat' dir='ltr'><strong><em>bani</em></strong></span> <span class='ocrx_word' id='word_1_416' title='bbox 710 4911 920 4969; x_wconf 71' lang='lat' dir='ltr'><strong><em>magna:</em></strong></span> <span class='ocrx_word' id='word_1_417' title='bbox 942 4895 1215 4952; x_wconf 61' lang='lat' dir='ltr'><strong><em>Armenia</em></strong></span> <span class='ocrx_word' id='word_1_418' title='bbox 1244 4895 1398 4951; x_wconf 90' lang='lat' dir='ltr'><strong><em>urbe.</em></strong></span> 
     </span>
    </p>
   </div>
   <div class='ocr_carea' id='block_1_60' title="bbox 627 4977 2107 5058">
    <p class='ocr_par' dir='ltr' id='par_1_60' title="bbox 627 4977 2107 5058">
     <span class='ocr_line' id='line_1_60' title="bbox 627 4977 2107 5058; baseline -0.007 -11"><span class='ocrx_word' id='word_1_419' title='bbox 627 4992 912 5049; x_wconf 66' lang='lat' dir='ltr'><strong><em>Mattbaeus</em></strong></span> <span class='ocrx_word' id='word_1_420' title='bbox 945 5005 1070 5048; x_wconf 90' lang='lat' dir='ltr'><strong><em>cum</em></strong></span> <span class='ocrx_word' id='word_1_421' title='bbox 1102 4987 1455 5058; x_wconf 81' lang='lat' dir='ltr'><strong><em>Evangelium</em></strong></span> <span class='ocrx_word' id='word_1_422' title='bbox 1481 4977 1743 5041; x_wconf 66' lang='lat' dir='ltr'><strong><em>Hebraice</em></strong></span> <span class='ocrx_word' id='word_1_423' title='bbox 1774 4982 2107 5054; x_wconf 84' lang='lat' dir='ltr'><strong><em>scripsisset,</em></strong></span> 
     </span>
    </p>
   </div>
   <div class='ocr_carea' id='block_1_61' title="bbox 554 5073 2116 5155">
    <p class='ocr_par' dir='ltr' id='par_1_61' title="bbox 554 5073 2116 5155">
     <span class='ocr_line' id='line_1_61' title="bbox 554 5073 2116 5155; baseline -0.005 -16"><span class='ocrx_word' id='word_1_424' title='bbox 554 5082 907 5155; x_wconf 82' lang='lat' dir='ltr'><strong><em>Jcrosolymis</em></strong></span> <span class='ocrx_word' id='word_1_425' title='bbox 932 5081 1133 5148; x_wconf 87' lang='lat' dir='ltr'><strong><em>edidit;</em></strong></span> <span class='ocrx_word' id='word_1_426' title='bbox 1175 5076 1606 5148; x_wconf 85' lang='lat' dir='ltr'><strong><em>obdormivitque</em></strong></span> <span class='ocrx_word' id='word_1_427' title='bbox 1642 5076 1848 5133; x_wconf 79' lang='lat' dir='ltr'><strong><em>Hiereze</em></strong></span> <span class='ocrx_word' id='word_1_428' title='bbox 1885 5073 2116 5131; x_wconf 82' lang='lat' dir='ltr'><strong><em>Partho-</em></strong></span> 
     </span>
    </p>
   </div>
   <div class='ocr_carea' id='block_1_62' title="bbox 551 5175 941 5233">
    <p class='ocr_par' dir='ltr' id='par_1_62' title="bbox 551 5175 941 5233">
     <span class='ocr_line' id='line_1_62' title="bbox 551 5175 941 5233; baseline -0.003 0"><span class='ocrx_word' id='word_1_429' title='bbox 551 5190 676 5233; x_wconf 77' lang='lat' dir='ltr'><strong><em>tum</em></strong></span> <span class='ocrx_word' id='word_1_430' title='bbox 703 5175 941 5232; x_wconf 87' lang='lat' dir='ltr'><strong><em>civitate.</em></strong></span> 
     </span>
    </p>
   </div>
   <div class='ocr_carea' id='block_1_63' title="bbox 632 5375 1654 5446">
    <p class='ocr_par' dir='ltr' id='par_1_63' title="bbox 632 5375 1654 5446">
     <span class='ocr_line' id='line_1_63' title="bbox 632 5375 1654 5446; baseline -0.014 -4"><span class='ocrx_word' id='word_1_431' title='bbox 632 5385 674 5418; x_wconf 77' lang='grc'><strong><em>⁸⁸</em></strong></span> <span class='ocrx_word' id='word_1_432' title='bbox 698 5384 833 5441; x_wconf 85' lang='lat' dir='ltr'><strong><em>Luc.</em></strong></span> <span class='ocrx_word' id='word_1_433' title='bbox 873 5399 969 5446; x_wconf 84' lang='lat' dir='ltr'><strong><em>vn.</em></strong></span> <span class='ocrx_word' id='word_1_434' title='bbox 990 5382 1080 5438; x_wconf 83' lang='lat'><strong><em>50.</em></strong></span> <span class='ocrx_word' id='word_1_435' title='bbox 1117 5382 1158 5414; x_wconf 79' lang='lat'>&quot;</span> <span class='ocrx_word' id='word_1_436' title='bbox 1180 5378 1367 5435; x_wconf 82' lang='lat' dir='ltr'><strong><em>Matth.</em></strong></span> <span class='ocrx_word' id='word_1_437' title='bbox 1403 5392 1528 5444; x_wconf 77' lang='lat' dir='ltr'><strong><em>xxv,</em></strong></span> <span class='ocrx_word' id='word_1_438' title='bbox 1562 5375 1654 5431; x_wconf 75' lang='grc'><strong><em>25.</em></strong></span> 
     </span>
    </p>
   </div>
   <div class='ocr_carea' id='block_1_64' title="bbox 633 5519 1667 5592">
    <p class='ocr_par' dir='ltr' id='par_1_64' title="bbox 633 5519 1667 5592">
     <span class='ocr_line' id='line_1_64' title="bbox 633 5519 1667 5592; baseline -0.004 -14"><span class='ocrx_word' id='word_1_439' title='bbox 633 5523 744 5592; x_wconf 78' lang='lat'><strong><em>(37)</em></strong></span> <span class='ocrx_word' id='word_1_440' title='bbox 777 5524 909 5590; x_wconf 62' lang='lat' dir='ltr'><strong><em>Qum</em></strong></span> <span class='ocrx_word' id='word_1_441' title='bbox 940 5532 1240 5592; x_wconf 89' lang='lat' dir='ltr'><strong><em>sequuntur</em></strong></span> <span class='ocrx_word' id='word_1_442' title='bbox 1265 5523 1320 5580; x_wconf 93' lang='lat' dir='ltr'><strong><em>in</em></strong></span> <span class='ocrx_word' id='word_1_443' title='bbox 1353 5520 1411 5578; x_wconf 82' lang='grc' dir='ltr'>Β.</span> <span class='ocrx_word' id='word_1_444' title='bbox 1452 5519 1667 5580; x_wconf 78' lang='lat' dir='ltr'><strong><em>omissa.</em></strong></span> 
     </span>
    </p>
   </div>
   <div class='ocr_carea' id='block_1_65' title="bbox 633 5593 1167 5664">
    <p class='ocr_par' dir='ltr' id='par_1_65' title="bbox 633 5593 1167 5664">
     <span class='ocr_line' id='line_1_65' title="bbox 633 5593 1167 5664; baseline 0 -16"><span class='ocrx_word' id='word_1_445' title='bbox 633 5593 744 5664; x_wconf 77' lang='lat'><strong><em>(58)</em></strong></span> <span class='ocrx_word' id='word_1_446' title='bbox 783 5595 878 5664; x_wconf 89' lang='grc' dir='ltr'>Γρ.</span> <span class='ocrx_word' id='word_1_447' title='bbox 910 5593 1167 5664; x_wconf 83' lang='grc' dir='ltr'>Βηθανίᾳ.</span> 
     </span>
    </p>
   </div>
   <div class='ocr_carea' id='block_1_66' title="bbox 2290 3413 3725 3491">
    <p class='ocr_par' dir='ltr' id='par_1_66' title="bbox 2290 3413 3725 3491">
     <span class='ocr_line' id='line_1_66' title="bbox 2290 3413 3725 3491; baseline 0 -22"><span class='ocrx_word' id='word_1_448' title='bbox 2290 3417 2560 3490; x_wconf 83' lang='grc' dir='ltr'><strong><em>Ἀνδρέας,</em></strong></span> <span class='ocrx_word' id='word_1_449' title='bbox 2595 3415 2849 3482; x_wconf 82' lang='grc' dir='ltr'>Σκύθαις,</span> <span class='ocrx_word' id='word_1_450' title='bbox 2875 3416 3117 3490; x_wconf 81' lang='grc' dir='ltr'>Θρᾲκαις</span> <span class='ocrx_word' id='word_1_451' title='bbox 3148 3417 3420 3491; x_wconf 82' lang='grc' dir='ltr'>κηρύξας,</span> <span class='ocrx_word' id='word_1_452' title='bbox 3461 3413 3725 3487; x_wconf 70' lang='grc' dir='ltr'>ἐσταυρώθη</span> 
     </span>
    </p>
   </div>
   <div class='ocr_carea' id='block_1_67' title="bbox 2210 3505 3726 3584">
    <p class='ocr_par' dir='ltr' id='par_1_67' title="bbox 2210 3505 3726 3584">
     <span class='ocr_line' id='line_1_67' title="bbox 2210 3505 3726 3584; baseline -0.004 -20"><span class='ocrx_word' id='word_1_453' title='bbox 2210 3513 2268 3566; x_wconf 81' lang='grc' dir='ltr'>ὲν</span> <span class='ocrx_word' id='word_1_454' title='bbox 2293 3510 2535 3583; x_wconf 82' lang='grc' dir='ltr'>Πάτραις</span> <span class='ocrx_word' id='word_1_455' title='bbox 2561 3511 2661 3582; x_wconf 80' lang='grc' dir='ltr'>τῆς</span> <span class='ocrx_word' id='word_1_456' title='bbox 2713 3510 2932 3581; x_wconf 77' lang='grc' dir='ltr'>’Δχατας</span> <span class='ocrx_word' id='word_1_457' title='bbox 2971 3509 3064 3564; x_wconf 78' lang='grc' dir='ltr'><strong><em>ἐπὶ</em></strong></span> <span class='ocrx_word' id='word_1_458' title='bbox 3101 3510 3293 3577; x_wconf 72' lang='grc' dir='ltr'>ἐλαίας</span> <span class='ocrx_word' id='word_1_459' title='bbox 3321 3510 3518 3584; x_wconf 77' lang='grc' dir='ltr'>ὄρθιος,</span> <span class='ocrx_word' id='word_1_460' title='bbox 3545 3509 3626 3562; x_wconf 72' lang='grc' dir='ltr'>καὶ</span> <span class='ocrx_word' id='word_1_461' title='bbox 3658 3505 3726 3559; x_wconf 82' lang='grc' dir='ltr'><strong><em>Θά-</em></strong></span> 
     </span>
    </p>
   </div>
   <div class='ocr_carea' id='block_1_68' title="bbox 2211 3605 2559 3677">
    <p class='ocr_par' dir='ltr' id='par_1_68' title="bbox 2211 3605 2559 3677">
     <span class='ocr_line' id='line_1_68' title="bbox 2211 3605 2559 3677; baseline 0.003 -21"><span class='ocrx_word' id='word_1_462' title='bbox 2211 3620 2402 3677; x_wconf 82' lang='grc' dir='ltr'>πτεται</span> <span class='ocrx_word' id='word_1_463' title='bbox 2429 3605 2559 3657; x_wconf 72' lang='grc' dir='ltr'>ἐκεῖ.</span> 
     </span>
    </p>
   </div>
   <div class='ocr_carea' id='block_1_69' title="bbox 2293 3690 3728 3769">
    <p class='ocr_par' dir='ltr' id='par_1_69' title="bbox 2293 3690 3728 3769">
     <span class='ocr_line' id='line_1_69' title="bbox 2293 3690 3728 3769; baseline -0.008 -18"><span class='ocrx_word' id='word_1_464' title='bbox 2293 3696 2544 3769; x_wconf 78' lang='grc' dir='ltr'>Ἰωάννης</span> <span class='ocrx_word' id='word_1_465' title='bbox 2581 3695 2638 3750; x_wconf 77' lang='grc' dir='ltr'>δὲ</span> <span class='ocrx_word' id='word_1_466' title='bbox 2678 3695 2737 3749; x_wconf 83' lang='grc' dir='ltr'>ὲν</span> <span class='ocrx_word' id='word_1_467' title='bbox 2783 3695 2937 3767; x_wconf 81' lang='grc' dir='ltr'>Ἀσίᾳ</span> <span class='ocrx_word' id='word_1_468' title='bbox 2967 3695 3072 3749; x_wconf 74' lang='grc' dir='ltr'>ὑπὸ</span> <span class='ocrx_word' id='word_1_469' title='bbox 3114 3695 3448 3768; x_wconf 83' lang='grc' dir='ltr'>Δομετιανοῦ</span> <span class='ocrx_word' id='word_1_470' title='bbox 3485 3691 3570 3747; x_wconf 75' lang='grc' dir='ltr'><strong><em>τοῦ</em></strong></span> <span class='ocrx_word' id='word_1_471' title='bbox 3612 3690 3728 3762; x_wconf 74' lang='grc' dir='ltr'>βασι-</span> 
     </span>
    </p>
   </div>
   <div class='ocr_carea' id='block_1_70' title="bbox 2211 3780 3726 3863">
    <p class='ocr_par' dir='ltr' id='par_1_70' title="bbox 2211 3780 3726 3863">
     <span class='ocr_line' id='line_1_70' title="bbox 2211 3780 3726 3863; baseline -0.008 -19"><span class='ocrx_word' id='word_1_472' title='bbox 2211 3789 2346 3854; x_wconf 83' lang='grc' dir='ltr'>λέως</span> <span class='ocrx_word' id='word_1_473' title='bbox 2392 3788 2686 3861; x_wconf 77' lang='grc' dir='ltr'>ἐξορισθεὶς</span> <span class='ocrx_word' id='word_1_474' title='bbox 2729 3789 2789 3843; x_wconf 84' lang='grc' dir='ltr'>ὲν</span> <span class='ocrx_word' id='word_1_475' title='bbox 2832 3789 3040 3860; x_wconf 84' lang='grc' dir='ltr'>Πάτμῳ</span> <span class='ocrx_word' id='word_1_476' title='bbox 3085 3791 3153 3861; x_wconf 77' lang='grc' dir='ltr'><strong><em>τῇ</em></strong></span> <span class='ocrx_word' id='word_1_477' title='bbox 3181 3791 3363 3863; x_wconf 71' lang='grc' dir='ltr'>νήσῳ,</span> <span class='ocrx_word' id='word_1_478' title='bbox 3415 3790 3472 3843; x_wconf 81' lang='grc' dir='ltr'>ἐν</span> <span class='ocrx_word' id='word_1_479' title='bbox 3582 3784 3658 3837; x_wconf 75' lang='grc' dir='ltr'>καὶ</span> <span class='ocrx_word' id='word_1_480' title='bbox 3683 3780 3726 3832; x_wconf 74' lang='grc' dir='ltr'>τὸ</span> 
     </span>
    </p>
   </div>
   <div class='ocr_carea' id='block_1_71' title="bbox 2213 3871 3723 3955">
    <p class='ocr_par' dir='ltr' id='par_1_71' title="bbox 2213 3871 3723 3955">
     <span class='ocr_line' id='line_1_71' title="bbox 2213 3871 3723 3955; baseline -0.007 -19"><span class='ocrx_word' id='word_1_481' title='bbox 2213 3881 2538 3952; x_wconf 79' lang='grc' dir='ltr'>Εύαγγὲλιον</span> <span class='ocrx_word' id='word_1_482' title='bbox 2565 3879 2957 3952; x_wconf 80' lang='grc' dir='ltr'>συνεγράψατο,</span> <span class='ocrx_word' id='word_1_483' title='bbox 2990 3881 3084 3936; x_wconf 83' lang='grc' dir='ltr'>καὶ</span> <span class='ocrx_word' id='word_1_484' title='bbox 3111 3883 3212 3955; x_wconf 76' lang='grc' dir='ltr'>τὴν</span> <span class='ocrx_word' id='word_1_485' title='bbox 3250 3878 3582 3947; x_wconf 68' lang='grc' dir='ltr'>ἀποκάλυψιν</span> <span class='ocrx_word' id='word_1_486' title='bbox 3607 3871 3723 3929; x_wconf 77' lang='grc' dir='ltr'>ἐθεά-</span> 
     </span>
    </p>
   </div>
   <div class='ocr_carea' id='block_1_72' title="bbox 2216 3957 3721 4043">
    <p class='ocr_par' dir='ltr' id='par_1_72' title="bbox 2216 3957 3721 4043">
     <span class='ocr_line' id='line_1_72' title="bbox 2216 3957 3721 4043; baseline -0.005 -21"><span class='ocrx_word' id='word_1_487' title='bbox 2216 3985 2366 4035; x_wconf 89' lang='grc' dir='ltr'>σατο,</span> <span class='ocrx_word' id='word_1_488' title='bbox 2394 3969 2488 4023; x_wconf 79' lang='grc' dir='ltr'><strong><em>ἐπὶ</em></strong></span> <span class='ocrx_word' id='word_1_489' title='bbox 2514 3968 2781 4041; x_wconf 80' lang='grc' dir='ltr'>Τραϊανοῦ</span> <span class='ocrx_word' id='word_1_490' title='bbox 2819 3969 3082 4042; x_wconf 77' lang='grc' dir='ltr'>ἐκοιμήθη</span> <span class='ocrx_word' id='word_1_491' title='bbox 3107 3970 3165 4025; x_wconf 78' lang='grc' dir='ltr'>ὲν</span> <span class='ocrx_word' id='word_1_492' title='bbox 3201 3971 3443 4043; x_wconf 71' lang='grc' dir='ltr'><strong><em>Ἐφέσῳ·</em></strong></span> <span class='ocrx_word' id='word_1_493' title='bbox 3471 3957 3532 4020; x_wconf 77' lang='grc' dir='ltr'><strong><em>οὗ</em></strong></span> <span class='ocrx_word' id='word_1_494' title='bbox 3561 3965 3614 4019; x_wconf 78' lang='grc' dir='ltr'>τὸ</span> <span class='ocrx_word' id='word_1_495' title='bbox 3641 3961 3721 4015; x_wconf 84' lang='grc' dir='ltr'>λεί-</span> 
     </span>
    </p>
   </div>
   <div class='ocr_carea' id='block_1_73' title="bbox 2213 4060 3007 4134">
    <p class='ocr_par' dir='ltr' id='par_1_73' title="bbox 2213 4060 3007 4134">
     <span class='ocr_line' id='line_1_73' title="bbox 2213 4060 3007 4134; baseline 0 -17"><span class='ocrx_word' id='word_1_496' title='bbox 2213 4062 2377 4132; x_wconf 75' lang='grc' dir='ltr'>ψανον</span> <span class='ocrx_word' id='word_1_497' title='bbox 2409 4061 2637 4134; x_wconf 79' lang='grc' dir='ltr'>ζητηθὲν</span> <span class='ocrx_word' id='word_1_498' title='bbox 2660 4062 2758 4132; x_wconf 87' lang='grc' dir='ltr'><strong><em>ούχ</em></strong></span> <span class='ocrx_word' id='word_1_499' title='bbox 2789 4060 3007 4133; x_wconf 80' lang='grc' dir='ltr'>εὑρέθη.</span> 
     </span>
    </p>
   </div>
   <div class='ocr_carea' id='block_1_74' title="bbox 2296 4147 3716 4225">
    <p class='ocr_par' dir='ltr' id='par_1_74' title="bbox 2296 4147 3716 4225">
     <span class='ocr_line' id='line_1_74' title="bbox 2296 4147 3716 4225; baseline -0.004 -17"><span class='ocrx_word' id='word_1_500' title='bbox 2296 4153 2548 4217; x_wconf 78' lang='grc' dir='ltr'>Ἰάκωϐος</span> <span class='ocrx_word' id='word_1_501' title='bbox 2575 4151 2800 4222; x_wconf 83' lang='grc' dir='ltr'>ἀδελφὸς</span> <span class='ocrx_word' id='word_1_502' title='bbox 2827 4153 2992 4208; x_wconf 80' lang='grc' dir='ltr'>αὑτοῦ</span> <span class='ocrx_word' id='word_1_503' title='bbox 3020 4155 3077 4206; x_wconf 83' lang='grc' dir='ltr'>ὲν</span> <span class='ocrx_word' id='word_1_504' title='bbox 3101 4156 3167 4225; x_wconf 78' lang='grc' dir='ltr'>τῇ</span> <span class='ocrx_word' id='word_1_505' title='bbox 3214 4153 3444 4225; x_wconf 77' lang='grc' dir='ltr'>Ἰουδαίᾳ</span> <span class='ocrx_word' id='word_1_506' title='bbox 3465 4147 3716 4222; x_wconf 75' lang='grc' dir='ltr'>κηρύσσων,</span> 
     </span>
    </p>
   </div>
   <div class='ocr_carea' id='block_1_75' title="bbox 2216 4234 3717 4319">
    <p class='ocr_par' dir='ltr' id='par_1_75' title="bbox 2216 4234 3717 4319">
     <span class='ocr_line' id='line_1_75' title="bbox 2216 4234 3717 4319; baseline -0.005 -19"><span class='ocrx_word' id='word_1_507' title='bbox 2216 4245 2320 4301; x_wconf 73' lang='grc' dir='ltr'><strong><em>ὑπὸ</em></strong></span> <span class='ocrx_word' id='word_1_508' title='bbox 2356 4244 2595 4317; x_wconf 83' lang='grc' dir='ltr'>Ἡρώδου</span> <span class='ocrx_word' id='word_1_509' title='bbox 2625 4245 2717 4299; x_wconf 83' lang='grc' dir='ltr'><strong><em>τοῦ</em></strong></span> <span class='ocrx_word' id='word_1_510' title='bbox 2741 4245 3039 4317; x_wconf 80' lang='grc' dir='ltr'>τετράρχου</span> <span class='ocrx_word' id='word_1_511' title='bbox 3068 4246 3367 4319; x_wconf 79' lang='grc' dir='ltr'>ἀναιρεῖται</span> <span class='ocrx_word' id='word_1_512' title='bbox 3397 4241 3630 4316; x_wconf 74' lang='grc' dir='ltr'>μαχαίρᾳ,</span> <span class='ocrx_word' id='word_1_513' title='bbox 3649 4234 3717 4288; x_wconf 65' lang='grc' dir='ltr'>καὶ</span> 
     </span>
    </p>
   </div>
   <div class='ocr_carea' id='block_1_76' title="bbox 2213 4337 2636 4392">
    <p class='ocr_par' dir='ltr' id='par_1_76' title="bbox 2213 4337 2636 4392">
     <span class='ocr_line' id='line_1_76' title="bbox 2213 4337 2636 4392; baseline -0.009 0"><span class='ocrx_word' id='word_1_514' title='bbox 2213 4338 2472 4392; x_wconf 84' lang='grc' dir='ltr'>θάπτεται</span> <span class='ocrx_word' id='word_1_515' title='bbox 2503 4337 2636 4390; x_wconf 76' lang='grc' dir='ltr'>ἐκεῖ.</span> 
     </span>
    </p>
   </div>
   <div class='ocr_carea' id='block_1_77' title="bbox 2279 4421 3715 4499">
    <p class='ocr_par' dir='ltr' id='par_1_77' title="bbox 2279 4421 3715 4499">
     <span class='ocr_line' id='line_1_77' title="bbox 2279 4421 3715 4499; baseline -0.009 -20"><span class='ocrx_word' id='word_1_516' title='bbox 2279 4425 2546 4490; x_wconf 82' lang='grc' dir='ltr'>Φίλιππος</span> <span class='ocrx_word' id='word_1_517' title='bbox 2566 4426 2626 4482; x_wconf 79' lang='grc' dir='ltr'>ὲν</span> <span class='ocrx_word' id='word_1_518' title='bbox 2653 4424 2861 4498; x_wconf 73' lang='grc' dir='ltr'>Φρυγίᾳ</span> <span class='ocrx_word' id='word_1_519' title='bbox 2885 4423 3149 4497; x_wconf 85' lang='grc' dir='ltr'>κηρύξας,</span> <span class='ocrx_word' id='word_1_520' title='bbox 3171 4426 3230 4480; x_wconf 81' lang='grc' dir='ltr'>ὲν</span> <span class='ocrx_word' id='word_1_521' title='bbox 3260 4422 3543 4499; x_wconf 79' lang='grc' dir='ltr'>Ἱεραπόλει</span> <span class='ocrx_word' id='word_1_522' title='bbox 3567 4421 3715 4472; x_wconf 66' lang='grc' dir='ltr'>ἐσταυ-</span> 
     </span>
    </p>
   </div>
   <div class='ocr_carea' id='block_1_78' title="bbox 2213 4513 3713 4592">
    <p class='ocr_par' dir='ltr' id='par_1_78' title="bbox 2213 4513 3713 4592">
     <span class='ocr_line' id='line_1_78' title="bbox 2213 4513 3713 4592; baseline -0.007 -18"><span class='ocrx_word' id='word_1_523' title='bbox 2213 4518 2361 4592; x_wconf 84' lang='grc' dir='ltr'>ρώθη</span> <span class='ocrx_word' id='word_1_524' title='bbox 2407 4519 2550 4574; x_wconf 80' lang='grc' dir='ltr'>κατὰ</span> <span class='ocrx_word' id='word_1_525' title='bbox 2588 4519 2832 4590; x_wconf 82' lang='grc' dir='ltr'>κεφαλῆς</span> <span class='ocrx_word' id='word_1_526' title='bbox 2861 4519 2956 4573; x_wconf 74' lang='grc' dir='ltr'><strong><em>ἐπὶ</em></strong></span> <span class='ocrx_word' id='word_1_527' title='bbox 2983 4519 3333 4589; x_wconf 80' lang='grc' dir='ltr'>Δομετιανοῦ,</span> <span class='ocrx_word' id='word_1_528' title='bbox 3381 4515 3472 4572; x_wconf 77' lang='grc' dir='ltr'>καὶ</span> <span class='ocrx_word' id='word_1_529' title='bbox 3508 4513 3713 4568; x_wconf 73' lang='grc' dir='ltr'>θάπτεται</span> 
     </span>
    </p>
   </div>
   <div class='ocr_carea' id='block_1_79' title="bbox 2210 4614 2342 4666">
    <p class='ocr_par' dir='ltr' id='par_1_79' title="bbox 2210 4614 2342 4666">
     <span class='ocr_line' id='line_1_79' title="bbox 2210 4614 2342 4666; baseline -0.008 -1"><span class='ocrx_word' id='word_1_530' title='bbox 2210 4614 2342 4666; x_wconf 78' lang='grc' dir='ltr'>ἐκεῖ.</span> 
     </span>
    </p>
   </div>
   <div class='ocr_carea' id='block_1_80' title="bbox 2284 4691 3713 4776">
    <p class='ocr_par' dir='ltr' id='par_1_80' title="bbox 2284 4691 3713 4776">
     <span class='ocr_line' id='line_1_80' title="bbox 2284 4691 3713 4776; baseline -0.008 -19"><span class='ocrx_word' id='word_1_531' title='bbox 2284 4701 2682 4776; x_wconf 77' lang='grc' dir='ltr'>Βαρθολομαῖος</span> <span class='ocrx_word' id='word_1_532' title='bbox 2735 4702 2792 4757; x_wconf 82' lang='grc' dir='ltr'>δὲ</span> <span class='ocrx_word' id='word_1_533' title='bbox 2857 4700 3056 4768; x_wconf 82' lang='grc' dir='ltr'>Ἰνδοῖς,</span> <span class='ocrx_word' id='word_1_534' title='bbox 3102 4695 3184 4768; x_wconf 77' lang='grc' dir='ltr'><strong><em>οἷς</em></strong></span> <span class='ocrx_word' id='word_1_535' title='bbox 3211 4705 3316 4772; x_wconf 44' lang='grc' dir='ltr'>,καὶ</span> <span class='ocrx_word' id='word_1_536' title='bbox 3343 4702 3402 4757; x_wconf 83' lang='grc' dir='ltr'>τὸ</span> <span class='ocrx_word' id='word_1_537' title='bbox 3437 4695 3566 4754; x_wconf 77' lang='grc' dir='ltr'>κατὰ</span> <span class='ocrx_word' id='word_1_538' title='bbox 3599 4691 3713 4747; x_wconf 62' lang='lat' dir='ltr'><strong><em>Mat-</em></strong></span> 
     </span>
    </p>
   </div>
   <div class='ocr_carea' id='block_1_81' title="bbox 2217 4786 3710 4866">
    <p class='ocr_par' dir='ltr' id='par_1_81' title="bbox 2217 4786 3710 4866">
     <span class='ocr_line' id='line_1_81' title="bbox 2217 4786 3710 4866; baseline -0.007 -19"><span class='ocrx_word' id='word_1_539' title='bbox 2217 4793 2367 4850; x_wconf 85' lang='grc' dir='ltr'>θαῖον</span> <span class='ocrx_word' id='word_1_540' title='bbox 2397 4795 2722 4865; x_wconf 81' lang='grc' dir='ltr'>Εὐαγγέλιον</span> <span class='ocrx_word' id='word_1_541' title='bbox 2741 4791 3068 4860; x_wconf 72' lang='grc' dir='ltr'>ἐκδεδωκὼς,</span> <span class='ocrx_word' id='word_1_542' title='bbox 3094 4793 3406 4866; x_wconf 78' lang='grc' dir='ltr'>ἐσταυρώθη</span> <span class='ocrx_word' id='word_1_543' title='bbox 3433 4786 3559 4844; x_wconf 74' lang='grc' dir='ltr'>κατὰ</span> <span class='ocrx_word' id='word_1_544' title='bbox 3582 4795 3710 4849; x_wconf 72' lang='grc' dir='ltr'>κεφα-</span> 
     </span>
    </p>
   </div>
   <div class='ocr_carea' id='block_1_82' title="bbox 2216 4870 3711 4957">
    <p class='ocr_par' dir='ltr' id='par_1_82' title="bbox 2216 4870 3711 4957">
     <span class='ocr_line' id='line_1_82' title="bbox 2216 4870 3711 4957; baseline -0.007 -18"><span class='ocrx_word' id='word_1_545' title='bbox 2216 4885 2335 4957; x_wconf 79' lang='grc' dir='ltr'>λῆς,</span> <span class='ocrx_word' id='word_1_546' title='bbox 2391 4884 2485 4940; x_wconf 76' lang='grc' dir='ltr'>καὶ</span> <span class='ocrx_word' id='word_1_547' title='bbox 2531 4882 2789 4938; x_wconf 83' lang='grc' dir='ltr'>θάπτεται</span> <span class='ocrx_word' id='word_1_548' title='bbox 2843 4883 2902 4936; x_wconf 84' lang='grc' dir='ltr'>ὲν</span> <span class='ocrx_word' id='word_1_549' title='bbox 2959 4882 3191 4955; x_wconf 82' lang='grc' dir='ltr'>Ἀλλανῷ</span> <span class='ocrx_word' id='word_1_550' title='bbox 3233 4884 3342 4957; x_wconf 76' lang='grc'><strong><em>(59)</em></strong></span> <span class='ocrx_word' id='word_1_551' title='bbox 3390 4881 3482 4952; x_wconf 80' lang='grc' dir='ltr'>τῆς</span> <span class='ocrx_word' id='word_1_552' title='bbox 3519 4870 3711 4950; x_wconf 77' lang='grc' dir='ltr'>μεγάλης</span> 
     </span>
    </p>
   </div>
   <div class='ocr_carea' id='block_1_83' title="bbox 2229 4976 3495 5048">
    <p class='ocr_par' dir='ltr' id='par_1_83' title="bbox 2229 4976 3495 5048">
     <span class='ocr_line' id='line_1_83' title="bbox 2229 4976 3495 5048; baseline -0.002 -16"><span class='ocrx_word' id='word_1_553' title='bbox 2229 4978 2283 5032; x_wconf 82' lang='grc' dir='ltr'>Ἀ</span> <span class='ocrx_word' id='word_1_554' title='bbox 2293 4976 2531 5048; x_wconf 87' lang='grc' dir='ltr'>ρμενίας.</span> <span class='ocrx_word' id='word_1_555' title='bbox 3479 4986 3495 4994; x_wconf 73' lang='grc'><strong>⁸</strong></span> 
     </span>
    </p>
   </div>
   <div class='ocr_carea' id='block_1_84' title="bbox 2285 5053 3704 5140">
    <p class='ocr_par' dir='ltr' id='par_1_84' title="bbox 2285 5053 3704 5140">
     <span class='ocr_line' id='line_1_84' title="bbox 2285 5053 3704 5140; baseline -0.006 -17"><span class='ocrx_word' id='word_1_556' title='bbox 2285 5068 2558 5130; x_wconf 85' lang='grc' dir='ltr'>Ματθαῖος</span> <span class='ocrx_word' id='word_1_557' title='bbox 2586 5067 2664 5132; x_wconf 80' lang='grc' dir='ltr'>δὲ,</span> <span class='ocrx_word' id='word_1_558' title='bbox 2720 5067 2782 5120; x_wconf 82' lang='grc' dir='ltr'>τὸ</span> <span class='ocrx_word' id='word_1_559' title='bbox 2825 5065 3149 5138; x_wconf 75' lang='grc' dir='ltr'>Εὑαγγέλιον</span> <span class='ocrx_word' id='word_1_560' title='bbox 3207 5063 3470 5140; x_wconf 81' lang='grc' dir='ltr'>Ἐσραῑστὶ</span> <span class='ocrx_word' id='word_1_561' title='bbox 3507 5053 3704 5130; x_wconf 68' lang='grc' dir='ltr'>γράψαςν</span> 
     </span>
    </p>
   </div>
   <div class='ocr_carea' id='block_1_85' title="bbox 2214 5142 3701 5234">
    <p class='ocr_par' dir='ltr' id='par_1_85' title="bbox 2214 5142 3701 5234">
     <span class='ocr_line' id='line_1_85' title="bbox 2214 5142 3701 5234; baseline -0.003 -18"><span class='ocrx_word' id='word_1_562' title='bbox 2214 5162 2445 5217; x_wconf 84' lang='grc' dir='ltr'>δέδωκεν</span> <span class='ocrx_word' id='word_1_563' title='bbox 2476 5161 2534 5214; x_wconf 86' lang='grc' dir='ltr'>ὲν</span> <span class='ocrx_word' id='word_1_564' title='bbox 2572 5158 2938 5232; x_wconf 75' lang='grc' dir='ltr'>Ἰερουσαλὴμ,</span> <span class='ocrx_word' id='word_1_565' title='bbox 2961 5160 3054 5216; x_wconf 79' lang='grc' dir='ltr'>καὶ</span> <span class='ocrx_word' id='word_1_566' title='bbox 3071 5160 3333 5234; x_wconf 80' lang='grc' dir='ltr'>ἐκοιμήθη</span> <span class='ocrx_word' id='word_1_567' title='bbox 3359 5161 3413 5214; x_wconf 83' lang='grc' dir='ltr'>ἐν</span> <span class='ocrx_word' id='word_1_568' title='bbox 3453 5149 3606 5227; x_wconf 73' lang='grc' dir='ltr'>Ἰεριει</span> <span class='ocrx_word' id='word_1_569' title='bbox 3629 5142 3701 5212; x_wconf 70' lang='grc' dir='ltr'><strong><em>τῆς</em></strong></span> 
     </span>
    </p>
   </div>
   <div class='ocr_carea' id='block_1_86' title="bbox 2217 5252 2504 5326">
    <p class='ocr_par' dir='ltr' id='par_1_86' title="bbox 2217 5252 2504 5326">
     <span class='ocr_line' id='line_1_86' title="bbox 2217 5252 2504 5326; baseline -0.017 -18"><span class='ocrx_word' id='word_1_570' title='bbox 2217 5252 2504 5326; x_wconf 87' lang='grc' dir='ltr'>Παρθείας.</span> 
     </span>
    </p>
   </div>
   <div class='ocr_carea' id='block_1_87' title="bbox 2286 5517 2685 5592">
    <p class='ocr_par' dir='ltr' id='par_1_87' title="bbox 2286 5517 2685 5592">
     <span class='ocr_line' id='line_1_87' title="bbox 2286 5517 2685 5592; baseline 0 -18"><span class='ocrx_word' id='word_1_571' title='bbox 2286 5518 2393 5592; x_wconf 74' lang='lat'><strong><em>(39)</em></strong></span> <span class='ocrx_word' id='word_1_572' title='bbox 2435 5517 2685 5590; x_wconf 62' lang='lat' dir='ltr'><strong><em>’Altﬁevqt.</em></strong></span> 
     </span>
    </p>
   </div>
  </div>
