4028 6214
330 292 437 349 955

1377 286 1650 347 SPURIA.
1689 319 1759 333 —-
1796 286 1888 345 DE
1925 289 2066 345 LXX
2098 289 2501 351 APOSTOLIS.

3448 300 3549 358 954

401 404 602 475 Θωμᾶς
633 403 689 457 δὲ
720 404 972 477 Πάρθοις,
1004 404 1227 477 Μήδοις,
1272 403 1535 478 Πέρσαις,
1576 404 1884 476 ’Υρκιινοίς¹

2066 408 2326 475 Thomas,
2362 426 2488 467 cum
2517 409 2755 479 Parthis,
2794 409 2985 478 Medis,
3016 412 3215 479 Persis,
3257 412 3549 485 Hyrcanis,

333 496 623 568 Βακτροῖς,
655 496 900 567 Μάργοις
930 496 1041 568 (40)
1074 494 1335 569 κηρύξας,
1360 495 1593 569 ἐλακήδη
1629 494 1743 569 (41)
1780 497 1894 551 ἐλο-

329 587 562 659 γχιάσθη
596 590 709 653 τοῖς
735 588 953 661 τέταρσι
988 587 1207 661 μέρεσιν
1253 588 1415 644 αὑτοῦ
1448 590 1506 645 ἐν
1537 588 1689 643 πόλει
1719 588 1895 646 Καλα-

332 681 476 752 μήνῃ
510 679 643 750 (42),
673 680 772 750 τῆς
813 680 1061 750 Ἰνδικῆς,
1092 681 1186 734 καὶ
1214 680 1478 738 θάπτεται
1508 682 1645 737 ἐκεῖ.

413 770 663 834 Ἰάκωϐος
690 770 747 824 δὲ
787 770 1056 839 Ἁλφαίου,
1089 770 1377 844 κηρύσσων
1408 773 1467 827 ἐν
1508 771 1889 845 Ἰερουσαλὴμ,

328 862 433 916 ὑπὸ
478 861 742 916 Ἰουδαίων
770 864 1172 932 καταλευσθεὶς,
1204 866 1534 939 ἀναιρεῖται,
1568 867 1662 922 καὶ
1690 866 1890 923 θάπτε-

324 971 415 1006 ται
448 955 564 1007 ἐκεῖ
592 953 745 1026 παρά
765 953 844 1025 τῷ
875 954 1007 1025 ναῷ.

409 1044 623 1109 Ἰούδας,
655 1047 684 1099 6
712 1047 806 1099 καὶ⁸
838 1045 1120 1112 Λεϐὗαῖος,
1153 1045 1446 1112 Δίδεσινοῖς
1472 1047 1568 1102 καὶ
1597 1046 1746 1120 πάσῃ
1773 1048 1888 1102 Με-

325 1137 633 1209 σοποταμίᾳ
672 1137 935 1210 κηρύξας,
966 1138 1232 1212 ἐκοιμήθη
1276 1140 1334 1195 ἐν
1366 1140 1613 1213 Βηρύτῳ,
1658 1141 1751 1194 καὶ
1790 1139 1887 1194 θά-

321 1248 519 1285 πτεται
548 1231 683 1284 ἐκεῖ.

392 1323 573 1395 Σίμων
603 1324 632 1377 6
659 1323 964 1395 Κανανίτης
1008 1325 1039 1379 6
1068 1322 1159 1378 τοῦ
1193 1325 1420 1390 Κλωπᾶ,
1452 1326 1480 1381 6
1523 1324 1618 1380 καὶ
1658 1326 1883 1392 Ἰούδας,

324 1415 464 1486 μετὰ
502 1416 754 1471 Ἰάκωϐον
784 1416 875 1471 τὸν
900 1416 1113 1471 Δίκαιον
1140 1417 1437 1481 ἐπίσκοπος
1463 1418 1752 1489 γενόμενος
1792 1419 1887 1470 Ἰε-

323 1500 656 1578 ροσολύμων,
702 1507 966 1580 ἐκοιμήθη
987 1546 1003 1573 ,
1034 1507 1128 1562 καὶ
1155 1507 1420 1564 θάπτεται
1461 1510 1595 1577 ἐκεῖ,
1632 1510 1799 1582 ζήσας
1831 1509 1884 1563 ἔ-

318 1617 386 1653 τη
425 1606 524 1653 ρκ’.

457 1617 524 1653 κ’.

356 1617 635 1755 ηΙνὶὶατθίας
664 1691 723 1746 δέ
755 1686 836 1757 εἷς
877 1690 952 1747 ὢν
979 1690 1087 1747 τῶν
1118 1698 1179 1759 0',
1215 1691 1733 1765 συγκαταριθμεῖται
1772 1696 1884 1760 τοῖς

1992 502 2221 568 Bactris,
2280 502 2478 574 Margis
2523 502 2888 575 praedicasset,
2937 504 3171 561 abietina
3199 506 3384 560 lancea
3418 522 3553 575 qua-

1992 601 2116 649 tuor
2146 592 2232 648 sui
2261 595 2506 664 corporis
2535 595 2777 665 partibus
2808 595 3095 654 confossus
3117 598 3514 655 estCalaminaa
3533 640 3551 667 ,

1991 699 2114 756 quae
2143 692 2227 740 est
2257 686 2389 741 urbs
2418 684 2600 752 Indiae,
2630 685 2849 756 illicque
2874 688 3153 757 sepelitur.

2060 772 2297 829 Iacobus
2333 773 2539 843 Alphaei
2568 775 2864 844 praedicans
2896 774 3304 849 Hierosolymis,
3344 778 3552 849 lapida~

1990 874 2078 922 tus
2100 881 2131 920 a
2154 864 2355 922 Judaais
2393 866 2677 936 occiditur,
2718 867 2934 940 illicque
2964 884 3131 940 prope
3163 870 3422 940 templum
3466 886 3551 926 se-

1987 958 2202 1028 petitur.

2055 1048 2252 1118 Judas,
2284 1047 2378 1119 qui
2425 1056 2480 1103 et
2524 1046 2805 1112 Lebbaaus,
2855 1047 2947 1102 ubi
2981 1048 3178 1118 popqu
3220 1045 3437 1102 Edessae
3479 1060 3549 1100 ac

1989 1143 2087 1198 toti
2121 1141 2523 1213 Mesopotamia:
2557 1141 2922 1213 praedicasset,
2955 1140 3087 1195 obiit
3111 1138 3312 1211 Beryti,
3344 1154 3408 1194 ac
3436 1137 3547 1193 illic

1985 1237 2263 1306 sepelitur.
2286 1252 2291 1257 '

2056 1325 2246 1383 Simon
2277 1325 2636 1391 Chananaeus,
2668 1325 2810 1380 ﬁlius
2838 1323 3107 1392 Cleophaz,
3139 1322 3307 1393 quiet
3342 1308 3560 1389 Iudas,

1984 1429 2106 1493 post
2137 1418 2398 1475 Jacohum
2424 1416 2638 1474 Justum
2665 1426 2879 1473 creatus
2904 1414 3403 1487 Ilierosolymorum
3429 1416 3544 1485 epi-

1984 1528 2201 1583 scopus,
2220 1512 2387 1577 obiit‘,
2420 1509 2785 1582 sepeliturque
2814 1509 3005 1565 eodem
3041 1507 3183 1574 loco,
3214 1522 3339 1563 cum
3367 1522 3543 1563 annos

1983 1613 2200 1662 centum
2232 1602 2421 1675 viginti
2448 1601 2692 1658 vixisset.

2051 1692 2302 1749 Matthias
2332 1707 2455 1747 cum
2483 1698 2627 1747 esset
2656 1702 2796 1744 unus
2840 1691 2907 1744 de
2942 1685 3310 1757 septuaginta,
3346 1699 3540 1740 accen-

319 1790 389 1839 ια’
420 1783 759 1848 ἀποστόλοις,
792 1782 887 1837 καὶ
915 1782 1202 1856 κηρύσσων
1234 1785 1292 1839 ἐν
1334 1782 1705 1856 Ἰερουσαλήμ,
1737 1784 1880 1839 ἐκοι-

1978 1796 2127 1841 setur
2169 1782 2421 1838 undecim
2462 1781 2757 1853 apostolis;
2784 1794 3016 1850 cumque
3046 1778 3391 1850 praedicasset
3417 1775 3539 1831 Hie-

320 1876 463 1948 ιιήθη
498 1876 592 1930 καὶ
617 1875 881 1930 θάπτεται
907 1875 1040 1929 ἐκεῖ.

389 1965 597 2030 Παῦλος
619 1965 676 2020 δὲ
709 1968 825 2038 μετ’
857 1964 1101 2021 ἐνιαυτὸν
1130 1963 1227 2020 ἕνα
1254 1965 1354 2038 τῆς
1371 1965 1464 2020 τοῦ
1498 1965 1740 2039 Χριστοῦ
1766 1964 1877 2040 (45)

316 2056 631 2128 ἀναλήψεως
660 2056 905 2129 εἰσῆλθεν
956 2059 1038 2123 είς
1080 2057 1178 2131 τὴν
1209 2050 1533 2131 ἀποστολὴν,
1581 2058 1679 2114 καὶ
1708 2059 1880 2132 ἀρξά-

317 2166 475 2220 μενος
496 2148 604 2202 ἀπὸ
646 2149 709 2203 Ἰε
720 2148 1016 2222 ρουσα).ὴμ,
1048 2149 1310 2223 προῆλθεν
1334 2150 1437 2215 ἕως
1465 2150 1556 2205 τοῦ
1589 2150 1878 2223 Ἰλλυρικοῦ

314 2240 411 2294 καὶ
454 2238 683 2304 Ἰταλίας
712 2240 808 2294 καὶ
854 2241 1091 2306 Σπανίας
1140 2241 1427 2315 κηρύσσων
1458 2242 1518 2296 τὸ
1548 2241 1878 2312 Εὑαγγέλιον

312 2330 407 2403 ἐτη
454 2330 546 2385 λε’.
588 2332 711 2386 Ἐπὶ
738 2332 796 2386 δέ
844 2333 1114 2405 Νέρωνος,
1160 2335 1218 2389 ἐν
1262 2332 1449 2409 Ῥώμῃ
1489 2335 1590 2409 τὴν
1636 2334 1874 2408 κεφαλὴν

311 2424 667 2497 ἀποτμηθεὶς,
702 2424 964 2482 θάπτεται
992 2426 1127 2481 ἐκεῖ.

1982 1874 2293 1947 rosolymis,
2321 1872 2473 1938 obiit,
2503 1887 2567 1928 ac
2593 1871 2703 1926 illic
2731 1871 2967 1941 sepultus
2994 1877 3096 1926 est.

2047 1967 2245 2024 Paulus
2293 1966 2561 2036 denique,
2623 1972 2746 2035 post
2793 1979 2995 2019 annum
3051 1962 3120 2017 ab
3163 1960 3535 2031 assumptione

1979 2060 2201 2125 Christi,
2236 2059 2370 2133 adiit
2424 2058 2823 2130 apostolatum;
2874 2054 3249 2125 incipiensque
3280 2053 3350 2109 ah
3378 2050 3537 2108 Jeru-

1977 2152 2167 2219 salem,
2194 2149 2437 2221 pervenit
2475 2163 2648 2219 usque
2683 2146 2750 2202 ad
2790 2145 3084 2219 Illyricum,
3116 2153 3169 2200 et
3215 2143 3444 2212 Italiam,
3470 2158 3536 2199 ac

1978 2244 2316 2315 Hispaniam,
2346 2242 2648 2313 praedicans
2672 2240 3020 2311 Evangelium
3050 2254 3143 2309 per
3170 2252 3344 2293 annos
3369 2237 3537 2308 quin-

1978 2354 2085 2410 que
2111 2354 2175 2394 ac
2192 2336 2408 2407 triginta
2428 2351 2443 2403 ;
2469 2335 2572 2391 sub
2584 2332 2797 2392 Nerone
2815 2341 3016 2399 autem,
3036 2330 3241 2399 Romae,
3254 2336 3530 2401 amputato

1978 2429 2173 2501 capite,
2201 2425 2311 2485 illic
2340 2426 2618 2498 sepelitur.

990 2793 1291 2913 ΤΟΥ
1359 2792 1845 2913 ΑΥΤΟΥ
1932 2788 2835 2911 ΙΠΠΟΛΥΤΟΥ

1457 3006 1619 3064 ΠΕΡΙ
1663 3005 1799 3061 ΤΩΝ
1827 3007 1881 3062 οι
1935 3005 2361 3065 ΑΠΟΣΤΟΛΩΝ.

1895 3195 1968 3208 _

645 3336 1177 3433 EJUSDEM
1248 3331 1919 3430 HIPPOLYTI
1976 3333 2126 3424 DE
2199 3333 2453 3424 LXX
2516 3331 3211 3427 APOSTOLIS.

1490 3526 1540 3582 E
1557 3525 1732 3583 codice
1756 3524 2083 3583 Barocciano
2103 3523 2208 3582 206
2230 3524 2363 3597 (44).

391 3836 643 3902 Ἰάκωϐος
669 3836 698 3890 6
726 3833 1059 3906 ἀδελφόθεος,
1099 3833 1393 3900 ἐπίσκοπος
1421 3832 1820 3907 Ἱεροσολύμων.

2044 3832 2097 3889 1.
2130 3829 2367 3888 Iacobus
2398 3829 2613 3886 Domini
2648 3827 2836 3895 frater,
2871 3826 3364 3899 Hierosolymorum
3402 3827 3519 3898 epi-

382 4018 645 4081 Κλεωπᾶς
672 4014 964 4079 ἐπίσκοπος
999 4012 1401 4086 Ἰεροσολύμων.

379 4109 624 4173 Ματθίας
658 4110 687 4162 6
730 4106 1127 4181 ἀναπληρώσας
1167 4108 1259 4164 τὸν
1286 4108 1448 4165 τόπον
1486 4107 1594 4164 τῶν
1626 4114 1691 4163 ια’
1727 4109 1864 4163 ἀπο-

304 4199 526 4255 στόλων.

375 4292 628 4355 Θαδδαῖος
656 4292 684 4345 6
712 4291 813 4364 τὴν
845 4291 1125 4364 ἐπιστολὴν
1152 4290 1385 4365 Αύγάρῳ
1412 4292 1659 4364 κομίσας.

394 4375 639 4439 Ἀνανίας
677 4377 706 4430 6
749 4374 1013 4447 βαπτίσας
1055 4377 1295 4445 Παῦλον,
1338 4378 1629 4443 ἐπίσκοπος
1674 4376 1860 4448 Δαμά-

315 4483 466 4521 σκου.

376 4563 642 4634 Στέφανος
671 4566 700 4619 6
726 4564 1145 4640 πρωτομάρτυρ.

373 4654 634 4720 Φίλιππος
660 4657 689 4709 6
710 4654 802 4711 τὸν
832 4656 1081 4728 εὐνοῦχον
1111 4655 1397 4729 βαπτίσας.

375 4748 646 4820 Πρόχορος
684 4748 977 4813 ἐπίσκοπος
1013 4747 1406 4821 Νικομηδείας,
1450 4748 1479 4802 6
1518 4746 1613 4803 καὶ
1652 4746 1864 4820 πρῶτος

304 4840 551 4907 ἐξελθὼν,
586 4840 875 4904 πιστεύσας
904 4840 1039 4912 μετά
1064 4840 1170 4893 τῶν
1201 4838 1510 4912 θυγατέρων
1534 4836 1718 4892 αὐτοῦ.

374 4932 627 5006 Νικάνωρ
651 4931 939 4996 ἀπέθανεν,
962 4932 1051 4985 ὅτε
1076 4930 1342 5002 Στέφανος
1372 4928 1763 5002 ἐμαρτύρησεν.

373 5115 557 5187 Τίμων
582 5115 874 5178 ἐπίσκοπος
900 5112 1157 5187 Βόστρης.

374 5409 489 5482 (50)
519 5414 603 5469 ισ.
636 5414 893 5488 Μάρδοις.
926 5416 1246 5487 Combetis.,
1290 5429 1346 5477 at
1380 5420 1623 5491 Hierom,
1660 5422 1851 5497 Magis.

371 5484 605 5570 £52m-
640 5486 893 5570 ἐλάῖηο..
1062 5559 1077 5570 .
1151 5559 1163 5570 .
1226 5561 1269 5570 --
1441 5563 1454 5570 -

506 5553 802 5636 ᾑοριι.ηιὸ
844 5555 1190 5636 Moyne_legit
1219 5561 1579 5636 ﬂammma

512 5624 649 5748 god.
690 5624 952 5708 Barocc.,'
966 5626 1062 5681 τοῦ
1089 5624 1313 5711 Κυρίου.

554 5704 697 5752 xstat
720 5705 883 5755 etiam
912 5714 1033 5756 cum
1069 5714 1311 5765 superior

389 5693 477 5765 44)
512 5693 697 5752 Exstat
720 5697 883 5755 etiam
912 5693 1033 5756 cum
1069 5693 1345 5771 superiore
1372 5703 1569 5776 scripto
1610 5705 1686 5765 De
1714 5708 1848 5764 duo-

1967 3938 2420 4081 “iniimus,
2452 4008 2738 4080 episcopus
2773 4008 3284 4080 Hierosolymorum.

2040 4103 2094 4160 '5.
2133 4101 2386 4159 Matthias
2419 4102 2513 4173 qui
2544 4102 2723 4157 locum
2768 4101 3021 4157 undecim
3066 4101 3324 4173 apostolis
3366 4102 3520 4157 addi-

1966 4204 2056 4254 tus
2088 4195 2372 4265 supplevit.

2038 4287 2095 4343 4.
2129 4286 2431 4343 Thaddaeus
2463 4285 2555 4357 qui
2590 4286 2874 4356 epistolam
2918 4286 3097 4341 attulit
3127 4286 3193 4340 ad
3224 4285 3518 4356 Augarum.

2040 4380 2096 4436 5.
2130 4379 2371 4436 Ananias
2403 4380 2497 4451 qui
2526 4378 2752 4435 Paulum
2786 4379 3096 4451 baptizavit,
3128 4378 3376 4435 Damasci
3405 4380 3521 4449 epi-

1961 4484 2180 4540 scopus.

2040 4560 2094 4617 6.
2130 4559 2439 4631 Stephanus
2471 4572 2854 4635 protomartyr.

2042 4653 2097 4709 7.
2126 4653 2426 4726 Philippus,
2465 4672 2496 4711 a
2527 4672 2637 4727 quo
2669 4658 2953 4712 eunuchus
2983 4657 3286 4727 baptizatus
3316 4667 3418 4714 est.

2040 4744 2094 4799 8.
2130 4744 2457 4813 Prochorus,
2488 4749 2779 4819 episcopus
2810 4748 3156 4818 Nicomediae,
3188 4751 3279 4820 qui
3316 4752 3524 4819 primus

1963 4833 2107 4891 diem
2140 4835 2298 4903 obiit,
2332 4828 2491 4893 ﬁdem
2529 4854 2651 4896 cum
2686 4840 2901 4897 ﬁliabus
2934 4842 3049 4898 suis
3077 4844 3376 4912 amplexus.

2032 4928 2087 4985 9.
2127 4925 2366 4985 Nicanor
2393 4930 2530 4987 obiit
2556 4948 2679 4989 cum
2714 4933 3021 5005 Stephanus
3055 4935 3342 4992 sustineret
3372 4948 3520 4987 mar-

1958 5018 2176 5091 tyrium.

2043 5108 2131 5166 t0.
2166 5107 2381 5180 Timon,
2409 5110 2615 5171 Bostra:
2641 5118 2948 5188 episcopus.

1961 5427 2128 5507 decim
2154 5428 2404 5507 apostoli:
2428 5427 2530 5507 sub
2570 5424 2837 5507 Hippolyti
2866 5423 3104 5507 [nomine
3143 5423 3196 5478 in
3239 5422 3516 5507 codicibus

1960 5492 2335 5553 duobus'bibl.
2364 5492 2706 5552 Coisliniana:
2730 5492 2842 5551 sive
2866 5492 3249 5565 Seguierianm,
3276 5503 3333 5549 ut
3356 5502 3517 5565 tcsta-

1960 5574 2049 5621 tur
2077 5567 2289 5623 clariss.
2320 5566 2740 5621 Montfauconus
2766 5564 2821 5619 in
2848 5564 3164 5621 recensione
3200 5582 3335 5622 mss.
3367 5564 3516 5621 Gm-

1958 5637 2320 5711 corumhillius
2345 5637 2477 5693 bibl.
2503 5635 2744 5711 Tertium
2771 5637 3010 5693 codiceni
3037 5635 3309 5711 Hippolyti
3332 5636 3408 5691 De
3434 5652 3513 5693 xu

1956 5705 2203 5776 apostolis
2228 5714 2493 5770 memorat
2520 5722 2573 5781 p.
2601 5705 2723 5763 415.
