4028 6214
320 294 422 353 937
822 348 825 349 ,
1375 300 1645 357 δρῠιιιΑ.
1685 334 1757 346 -
1790 302 2110 361 CANONES
2146 304 2484 363 ABULIDIS.
3432 299 3535 359 968

392 421 617 495 Μάρκος
643 418 857 494 ἀνεψιὸς
883 421 1155 494 Βαρνάϐα,
1175 421 1467 487 ἐπίσκοπος
1501 426 1873 491 Ἀπολλωνίας.
1904 438 1952 495 Α

1944 466 1952 494 ι
2058 428 2147 485 56.
2192 427 2434 498 Marcus,
2497 428 2857 486 consobrinus
2903 426 3189 491 Barnabaa,
3243 423 3535 496 Apolloniae

1982 532 2287 589 episcOpus.

405 601 634 667 Ἰοῦστος
665 601 957 666 ἐπίσκοπος
1002 602 1539 674 Ἐλευθερουπόλεως.

2053 609 2141 664 57.
2174 606 2384 677 Justus,
2418 608 2848 680 Eleutheroiiolis
2880 607 3185 679 episcopus.

405 697 673 767 Ἀρτεμᾶς
702 694 994 758 ἐπίσκοπος
1023 694 1289 766 Λύστρας.

2052 698 2142 757 58.
2177 696 2446 765 Artemas,
2479 700 2765 769 episcopus
2790 698 3011 769 Lystrae.

391 786 625 858 Κλήμης
649 786 941 849 ἐπίσκοπος
967 786 1266 858 Σαρδινίας.

2051 788 2139 844 59.
2170 788 2440 857 Clemens,
2474 792 2757 859 episcopus
2790 788 3072 843 Sardinize.

400 878 750 949 ὐνησίφορος
777 878 1077 941 ἐπίσκοπος
1099 877 1378 950 Κορώνης.

2055 880 2145 936 60.
2180 880 2571 953 Onesiphorus,
2603 882 2843 937 Corones
2866 881 3168 951 episcopus.

399 969 650 1040 Τύχικος,
677 969 972 1034 ἐπίσκοπος
998 969 1355 1040 Χαλκηδόνος.

2050 971 2138 1025 61.
2171 972 2460 1043 Tychicus,
2491 972 2775 1041 episcopus
2802 970 3180 1027 Chalcedonis.

389 1062 616 1133 Κάρπος
644 1062 937 1125 ἐπίσκοπος
967 1061 1210 1134 Βηρύτου
1235 1062 1332 1132 τῆς
1361 1062 1579 1133 Θρᾴκης

2050 1059 2139 1114 62.
2175 1060 2405 1130 Carpus,
2433 1061 2608 1131 Beryti
2635 1061 2921 1129 episcopus
2954 1061 3010 1113 in
3039 1058 3288 1114 Thracia.

386 1152 583 1217 Εὔοδος
613 1152 905 1217 ἐπίσκοπος
943 1154 1286 1224 Ἀντιοχείας.

2050 1151 2141 1207 65.
2173 1150 2407 1217 Evodus,
2438 1151 2739 1206 Antiochiae
2766 1152 3108 1222 episc0pus."

403 1242 749 1315 Ἀρίσταρχος
780 1243 1069 1308 ἐπίσκοπος
1108 1245 1424 1316 Ἀπαμείας.

2050 1244 2140 1299 64.
2176 1243 2546 1309 Aristarchus,
2575 1243 2863 1313 episcopus
2890 1241 3155 1312 Apameae.

388 1335 630 1407 Μάρκος,
656 1335 686 1388 ὁ
704 1336 797 1388 καί
820 1335 1070 1407 Ἰωάννης
1095 1337 1312 1408 ὁμοίως,
1348 1337 1638 1402 ἐπίσκοπος
1662 1338 1878 1391 Βιϐλου-

2048 1334 2138 1390 65.
2171 1334 2405 1401 Marcus,
2430 1334 2524 1407 qui
2570 1343 2622 1389 et
2667 1333 2923 1400 Joannes,
2965 1335 3250 1405 episcopus
3279 1334 3532 1405 Biblopo-

315 1426 547 1490 πόλεως.
1975 1427 2107 1481 leos.

392 1519 567 1587 Ζηνᾶς
592 1516 887 1581 ἐπίσκοπος
912 1517 1265 1582 Διοσπόλεως.

2050 1518 2137 1573 66.
2171 1517 2365 1586 lenas,
2393 1520 2679 1589 episcopus
2708 1518 3040 1590 Diospoleos.

387 1606 637 1677 Φιλήμων
669 1605 957 1671 ἐπίσκοπος
982 1607 1178 1679 Γάζης.

2046 1613 2136 1669 67.
2172 1612 2476 1677 Philemon,
2504 1613 2661 1669 Gaza:
2689 1616 2990 1683 episcopus.

400 1696 768 1769 Ἀρίσταρχος,
807 1697 1033 1768 Πούδης.

2045 1703 2115 1758 68
2141 1711 2196 1758 et
2224 1703 2313 1758 69.
2348 1703 2694 1759 Aristarchus
2718 1713 2771 1758 et
2793 1702 3022 1757 Pudens.

402 1792 459 1846 Ὀ
505 1793 820 1866 Τρόφιμος,
862 1794 1009 1859 ὅστις
1042 1797 1138 1850 σὺν
1190 1794 1268 1867 τῷ
1328 1793 1522 1866 Παύλῳ
1566 1793 1875 1867 ἐμαρτύρη-
1908 1789 1950 1843 Β

1941 1793 1950 1840 ι
2052 1794 2138 1850 70.
2172 1792 2517 1865 Trophimus,
2547 1796 2639 1865 qui
2684 1811 2805 1851 cum
2846 1794 3012 1848 Paulo
3059 1791 3374 1863 martyrium
3408 1806 3532 1861 pas-

313 1902 427 1939 σεν.

1974 1903 2069 1944 SUS
2098 1896 2198 1942 est.

1199 2699 1448 2776 Quibus
1477 2698 1804 2778 Ethiopes
1836 2698 2170 2762 Christiani
2215 2705 2480 2763 utuntur
2510 2699 2659 2781 (50).

385 3028 436 3079 1.
479 3022 551 3078 De
582 3030 768 3078 sancta
803 3019 905 3076 fide
935 3018 1061 3077 Jesu
1094 3018 1294 3075 Christi
1317 3021 1382 3075 ἰ.
1893 3029 1936 3087 c
2039 3024 2123 3079 16.
2165 3024 2240 3089 De
2280 3024 2588 3083 Christiano
2629 3027 2725 3097 qui
2769 3039 2979 3081 servam
3032 3026 3378 3083 matrimonio
3421 3030 3526 3087 sibi

378 3119 435 3173 2.
475 3118 551 3171 De
581 3114 847 3186 episcopis
868 3116 935 3168 ¹¹.
1965 3170 1969 3182 ε

637 3114 847 3185 ιίεοορίε
868 3116 935 3168 ¹¹.
1965 3114 2142 3185 jungit
2166 3115 2228 3169 ³³.

377 3212 431 3267 ὃ.
472 3210 548 3265 De
575 3207 913 3264 orationibus
959 3222 1079 3277 quae
1115 3206 1369 3262 dicuntur
1413 3221 1575 3276 super
1601 3207 1867 3279 episcopis
2039 3208 2125 3261 17.
2168 3206 2242 3263 De
2274 3207 2470 3263 femina
2504 3211 2676 3266 libera
2702 3209 2767 3265 ³³.

306 3305 646 3371 ordinandis,
679 3311 734 3359 et
762 3302 828 3357 de
859 3303 1048 3358 Ordine
1079 3302 1259 3357 missae
1282 3303 1346 3356 ’³.
2040 3296 2125 3351 18.
2167 3297 2242 3352 De
2272 3300 2598 3369 obstetrice;
2625 3310 2678 3356 et
2705 3302 2848 3371 quod
2891 3301 3104 3359 femina:
3140 3306 3370 3363 debeant
3410 3322 3528 3365 esse

380 3397 433 3451 4.
474 3394 551 3450 De
585 3392 926 3451 Ordinatione
960 3394 1418 3464 presbyterorum.
1969 3398 2228 3457 separatae
2251 3391 2318 3445 ab
2349 3392 2660 3449 hominibus
2686 3396 2739 3449 in
2774 3399 3018 3452 oratione
3039 3398 3082 3430 ³⁸

380 3489 435 3543 5.
476 3486 551 3544 De
589 3486 928 3560 ordinatione
965 3486 1338 3541 diaconorum.
2041 3480 2128 3535 19.
2178 3480 2252 3537 De
2303 3486 2694 3542 catechumeno
2738 3491 2832 3559 qui
2885 3491 3206 3562 martyrium
3257 3500 3383 3547 ante
3431 3492 3528 3547 ba-

381 3578 435 3634 6.
475 3578 552 3634 De
594 3578 665 3634 iis
697 3578 789 3649 qui
833 3577 1259 3648 persecutionem
1317 3584 1537 3647 propter
1583 3577 1741 3632 tidem
1775 3594 1870 3648 pa-
1970 3574 2227 3641 ptismum
2259 3576 2460 3645 patitur
2484 3578 2549 3632 ³⁸.

308 3671 521 3726 tiuntur
539 3670 607 3725 ".
2038 3667 2129 3723 20.
2169 3666 2245 3721 De
2269 3668 2479 3737 jejunio
2517 3670 2666 3727 l‘erize
2690 3683 2900 3743 quarta:
2928 3683 2978 3728 et
3011 3683 3204 3740 sexta};
3232 3680 3286 3728 et
3305 3676 3371 3731 de
3395 3690 3531 3747 qua-

383 3765 437 3820 7.
478 3763 555 3820 De
580 3764 841 3820 electione
870 3769 1180 3833 anagnostae
1215 3769 1269 3816 et
1291 3760 1612 3817 subdiaconi
1639 3761 1704 3815 ”.
1971 3761 2269 3832 dragesima
2296 3762 2360 3815 ³⁷.

380 3858 435 3912 8.
480 3856 557 3912 De
585 3857 731 3911 dono
760 3856 986 3910 sanandi
1009 3856 1077 3910 “.
2039 3855 2127 3907 2|.
2171 3853 2521 3923 Presbyteros
2550 3873 2659 3911 una
2694 3873 2816 3912 cum
2846 3857 3046 3927 populo
3076 3858 3318 3927 quotidie
3343 3860 3397 3914 in
3441 3875 3530 3915 ec-

381 3950 437 4005 9.
477 3948 554 4004 De
605 3948 943 4018 presbytero,
991 3947 1084 4018 qui
1131 3946 1183 4001 in
1219 3947 1338 4002 loco
1364 3944 1592 4000 ‘muneri
1625 3960 1725 4002 suo
1761 3960 1867 4001 non
1970 3946 2133 4000 clesia
2166 3949 2454 4003 convenire
2479 3949 2674 4005 debere
2697 3952 2763 3995 ³⁸-

309 4038 650 4094 convenienti
687 4044 869 4091 manet
893 4036 960 4088 ".
2040 4038 2128 4091 22.
2174 4039 2247 4095 De
2277 4040 2615 4095 hebdomade
2662 4041 2943 4097 Paschalis
2988 4042 3333 4109 Judaaorum;
3368 4052 3423 4097 et
3464 4043 3531 4098 de

380 4128 467 4182 10.
511 4126 587 4183 De
611 4128 677 4184 iis
706 4126 799 4198 qui
829 4143 886 4183 se
917 4126 985 4183 ad
1007 4126 1320 4198 religionem
1350 4126 1715 4183 Christianam
1739 4144 1869 4185 con-
1971 4144 2037 4186 eo
2066 4130 2159 4199 qui
2192 4130 2399 4186 Pascha
2430 4148 2538 4186 non
2574 4133 2724 4187 novit
2747 4133 2810 4185 ³⁸.

311 4230 548 4276 vertunt.
2039 4221 2130 4275 25.
2175 4220 2630 4292 Unumquemque
2652 4223 2821 4278 teneri
2846 4223 3141 4277 doctrinam
3170 4223 3448 4279 addiscere
3462 4222 3529 4280 ⁸⁸.

510 4312 592 4417 ρο
617 4327 681 4417 eo
708 4312 802 4384 qui
832 4311 975 4417 idola
1002 4311 1231 4368 fabricat
1255 4314 1319 4367 ’⁸.
1896 4362 1941 4417 D

1896 4362 1941 4417 Β
2039 4315 2127 4368 24.
2172 4313 2247 4369 De
2278 4329 2409 4368 cura
2443 4314 2682 4383 episc0pi
2714 4315 2767 4368 in
2799 4324 3031 4385 aegrotos
3051 4316 3116 4368 δι.

382 4406 472 4461 12.
516 4404 705 4461 Studia
734 4403 883 4462 varia
916 4415 1327 4472 enumerantur,
1362 4425 1592 4479 quorum
1628 4410 1865 4466 cultores
1898 4403 1937 4417 ”
2038 4407 2131 4461 25.
2172 4405 2248 4461 De
2269 4421 2334 4460 eo
2362 4406 2451 4459 cui
2483 4406 2724 4475 injuncta
2750 4414 2834 4460 est
2855 4423 2984 4460 cura
3008 4416 3331 4475 aegrotorum
3352 4424 3368 4473 ;
3391 4415 3445 4461 et
3465 4406 3533 4461 do

308 4497 373 4552 ad
389 4498 707 4568 religionem
728 4495 1095 4553 Christianam
1122 4508 1245 4554 ante
1261 4502 1639 4571 pmnitentiam
1665 4501 1864 4558 factam
1972 4509 2213 4568 tempore
2243 4512 2351 4567 quo
2383 4496 2656 4551 orationes
2691 4499 3007 4567 peragenda:
3030 4498 3094 4552 δ’.
3566 4492 3569 4495 λ

307 4589 627 4645 admittendi
652 4604 760 4645 non
789 4598 918 4646 sunt
939 4591 1007 4647 ³ο,
2038 4583 2129 4637 26.
2172 4582 2245 4637 De
2276 4592 2519 4652 tempore
2546 4599 2656 4652 quo
2693 4584 3100 4642 exhortationes
3127 4586 3405 4642 audiendze
3425 4588 3490 4644 ⁸⁸³.

377 4682 467 4736 15,
507 4680 583 4736 De
612 4681 733 4737 loco
759 4696 921 4751 quem
949 4682 1149 4739 summi
1180 4697 1331 4754 reges
1360 4693 1453 4739 aut
1486 4686 1759 4756 principes
1786 4694 1863 4743 ιθ-
2040 4676 2129 4730 27.
2173 4675 2247 4731 De
2274 4691 2338 4731 eo
2367 4676 2460 4745 qui
2502 4676 2731 4748 singulis
2759 4677 2952 4734 diebus
2988 4680 3248 4750 templum
3282 4680 3531 4751 frequen—

304 4772 512 4829 nebunt
534 4772 592 4827 in
621 4773 820 4842 templo
843 4772 910 4826 '°.
1971 4780 2048 4826 tat
2065 4771 2130 4825 “.

376 4865 465 4920 14.
490 4862 647 4931 Quod
666 4864 990 4923 Christianis
1010 4882 1117 4923 non
1144 4867 1604 4923 conveniatarma
1637 4867 1859 4924 ferre".
2043 4866 2132 4921 28.
2174 4865 2387 4923 Fideles
2434 4867 2570 4922 nihil
2617 4868 2899 4924 comedere
2947 4878 3193 4940 oportere
3243 4880 3366 4924 ante
3405 4883 3531 4924 sau-

377 4959 465 5015 15.
507 4956 583 5016 De
607 4959 837 5029 opiﬁciis
868 4975 990 5031 quae
1016 4959 1340 5016 Christianis
1370 4960 1559 5017 illicita
1592 4969 1717 5017 sunt
1742 4961 1804 5016 ³¹.
1972 4968 2114 5016 ctam
2155 4960 2591 5015 communionem
2612 4960 2676 5012 “.
2700 4959 2914 5016 FABRIC.

378 5098 421 5129 ἰ
447 5093 508 5148 L.
549 5111 602 5166 vi
631 5093 819 5166 Const.
849 5099 1102 5166 apostol.,
1135 5113 1184 5152 c.
1217 5100 1303 5166 11,
1332 5107 1435 5153 etc.
1511 5098 1634 5152 "L.
1677 5115 1773 5162 vn,
1816 5115 1865 5154 e.
1913 5100 1969 5153 11

1934 5100 2002 5154 Η.
2080 5100 2124 5132 ’³
2150 5099 2210 5155 L.
2231 5115 2352 5164 v.1",
2392 5115 2441 5153 c.
2464 5098 2727 5164 4,5,16..
2808 5101 2853 5131 ’δ
2873 5100 2935 5155 C.
2972 5100 3057 5162 17,
3092 5099 3295 5161 18,19,
3319 5097 3409 5163 20,
3435 5098 3525 5164 25,

304 5165 393 5220 ιδ.
469 5167 514 5198 ιι
557 5165 619 5219 c.
650 5165 897 5235 21,22.’
939 5169 985 5198 ια
1014 5168 1074 5223 c.
1104 5169 1154 5232 l,
1185 5170 1239 5223 2.
1315 5171 1357 5201 ιτ
1389 5170 1449 5222 c.
1486 5169 1573 5235 46,
1615 5169 1704 5224 52.
1784 5172 1830 5202 ια
1876 5168 1895 5223 ι

1932 5171 2061 5225 id.”
2084 5170 2217 5225 Ibid.
2294 5171 2339 5201 ⁸ο
2386 5169 2569 5224 Deest.
2647 5171 2687 5201 ³¹
2733 5169 2796 5225 C.
2843 5171 2930 5225 52.
3009 5171 3053 5201 ³⁸
3093 5170 3223 5223 Ibid.
3301 5168 3345 5200 ⁸³
3392 5169 3523 5224 Ibid.

306 5236 352 5267 “
379 5235 509 5307 Ibid.
542 5236 630 5307 J"
662 5234 722 5307 ι..
758 5251 818 5297 ιι,
846 5252 903 5307 ιιἶ
936 5237 1023 5291 57.
1098 5239 1143 5269 ³⁸
1164 5238 1222 5293 L.
1250 5255 1301 5303 ν,
1330 5254 1379 5291 c.
1411 5239 1462 5293 6.
1540 5234 1583 5271 ³⁷
1610 5238 1675 5291 L.
1698 5257 1748 5293 ιε.
1788 5257 1835 5295 c.
1864 5242 1897 5294 11

1935 5282 1949 5305 ,
1984 5242 2070 5296 15.
2157 5242 2200 5273 ³⁸
2232 5240 2293 5294 L.
2328 5256 2391 5307 ιι,
2420 5256 2471 5295 c.
2503 5240 2589 5293 56.
2670 5241 2791 5295 θυι..
2822 5259 2873 5303 v,
2906 5258 2953 5295 c.
2992 5239 3077 5306 15,
3107 5249 3209 5293 etc.
3269 5238 3314 5270 ⁸ο
3344 5238 3405 5293 L.
3431 5255 3526 5305 vn,

304 5319 354 5361 c.
390 5305 488 5371 39,
527 5304 615 5372 40,
646 5306 735 5360 il.
810 5307 853 5338 ’ί
882 5305 945 5361 L.
980 5324 1052 5375 tv,
1090 5324 1138 5363 c.
1166 5310 1219 5362 2.
1295 5309 1341 5342 δ’
1365 5307 1427 5364 L.
1455 5324 1535 5373 ιιι,
1564 5326 1614 5364 c.
1641 5309 1741 5376 l9;
1769 5311 1805 5365 Ι.
1844 5328 1893 5364 γι

1933 5304 1960 5379 ι,
1992 5327 2040 5367 c.
2068 5312 2156 5367 54.
2233 5312 2278 5343 ⁸³
2302 5304 2510 5376 Ιιζνιιι,
2542 5326 2591 5367 c.
2619 5311 2709 5366 '52.
2785 5310 2830 5342 “
2858 5310 2919 5365 L.
2949 5326 3008 5375 ιι,
3041 5304 3087 5365 c.
3115 5312 3204 5364 59.
3268 5308 3315 5341 “
3345 5309 3524 5366 Deest.

383 5427 495 5501 (50)
516 5425 641 5485 Haec
655 5429 833 5501 capita
854 5430 1064 5501 primus
1080 5430 1268 5501 gallice
1287 5428 1624 5500 vulgavitJo.
1646 5429 1870 5486 Michael
1969 5432 2110 5501 quod
2145 5431 2481 5486 Primitivum
2508 5430 2967 5501 Christianismam
2988 5438 3225 5501 renatum
3238 5428 3529 5501 inscripsit

308 5496 657 5568 wanslebius
683 5496 737 5555 in
764 5496 903 5555 libro
923 5500 999 5553 De
1022 5496 1256 5568 Ecclesia
1288 5496 1670 5567 Aleiaudrina,
1693 5501 1865 5556 Paris.
1968 5496 2022 5555 et
2048 5501 2270 5568 Anglice
2302 5503 2469 5556 edidit
2495 5501 2668 5555 Lond.
2698 5501 2853 5564 1711,
2876 5499 2931 5563 8,
2961 5514 3013 5568 p.
3047 5499 3168 5553 545.
3198 5498 3339 5553 Idem
3362 5502 3525 5553 etiam

308 5566 593 5639 1677,12.
623 5570 811 5626 Latine
830 5570 1001 5626 Johns
1018 5567 1280 5625 Ludolt‘us
1307 5571 1358 5623 in
1382 5566 1769 5625 Commentario
1798 5572 1867 5624 ad
1968 5571 2088 5626 loca
2122 5566 2568 5626 Constitutionum
2598 5566 3005 5639 apostolicaruin
3034 5569 3309 5626 adnotavit
3336 5569 3402 5627 de
3431 5572 3527 5627 iis-

310 5635 591 5715 Ιιίειονίαηι
607 5639 1247 5715 zEtIiiopicngrancof,
1277 5640 1433 5715 1691,
1453 5641 1573 5715 (91.,
1594 5657 1715 5715 pag.
1739 5642 1863 5715 551’},
1969 5642 2092 5701 dem
2126 5644 2460 5715 argumentis
2494 5635 2821 5711 tractantia.

310 5714 363 5760 et
387 5708 679 5767 novissime
703 5708 847 5769 Guil.
877 5711 1195 5770 Whistonus
1222 5711 1277 5768 in
1304 5710 1575 5769 volumine
1595 5708 1869 5783 Ill'operis

686 5932 689 5933 ⁷
717 5930 793 5945 ’.ἐν
