4028 6214
485 291 590 346 959

1324 288 1615 348 APPEND.
1657 290 1749 345 AD
1785 290 2064 349 PARTEM
2099 292 2144 349 ιι
2179 292 2463 350 OPERUM
2504 292 2560 350 S.
2603 291 2989 348 HII’POLYTI.

3596 291 3709 351 960

553 412 644 468 29.
683 410 827 468 Bene
854 410 1248 468 observandum
1280 425 1399 468 esse
1428 427 1498 469 ne
1527 414 1821 486 quidquam
1853 414 1921 472 de
1946 432 2037 473 ca-
2062 426 2112 485 Α
2213 418 2300 473 54.
2345 417 2420 474 De
2448 417 2712 474 modestia
2737 415 3077 473 saecularium
3107 414 3162 470 in
3183 413 3412 470 ecclesia
3435 414 3504 468 “.

485 501 588 558 Iice
611 502 666 557 in
691 513 892 559 terram
921 504 1078 559 cadat
1101 504 1167 560 “.

552 597 642 652 30.
685 596 760 652 De
791 597 1196 654 catechumenis
1217 597 1284 651 ⁸⁷.

553 689 645 743 3i.
701 688 998 744 Diaconum
1049 687 1449 744 Eucharistiam
1497 705 1624 745 eum
1685 690 2045 761 permissione

483 775 722 847 episcopi
740 786 836 834 aut
850 780 1148 851 presbyteri
1170 780 1370 850 populo
1395 780 1778 836 administrare
1801 796 1959 850 posse
1975 781 2040 838 “.

553 871 644 928 32.
685 870 890 928 Viduas
923 881 1085 944 atque
1121 873 1361 945 virgines
1408 873 1627 930 assidue
1665 889 1824 929 orare
1877 887 2042 944 opor-

485 971 594 1016 tere
617 963 682 1018 δ’.

552 1055 642 1112 55.
683 1054 1019 1112 Mortuorum
1051 1056 1288 1113 ﬁdelium
1317 1057 1895 1114 commemorationem
1927 1057 2045 1114 sin-

482 1146 624 1216 gulis
651 1148 1190 1233 diebusfaciendam,
1219 1160 1441 1221 excepta
1473 1151 1562 1207 die
1596 1150 1878 1207 Dominica
1901 1151 1967 1204 ⁸ο.

2215 531 2305 588 35.
2365 529 2634 587 Diaconos
2689 530 3118 586 benedictionem
3166 538 3220 583 et
3269 529 3470 599 gratias
3525 527 3710 584 dicere

2147 639 2308 694 posse
2342 623 2393 678 in
2425 622 2631 694 agapis,
2663 639 2786 679 cum
2808 623 3094 694 episcopus
3122 635 3354 692 praesens
3381 636 3490 676 non
3516 630 3599 676 est
3627 621 3705 676 ".

2217 738 2305 792 36.
2342 736 2418 794 De
2449 738 2702 809 primitiis
2735 748 2891 794 terra:
2926 747 2981 793 et
3015 737 3082 792 de
3118 736 3258 792 votis
3279 736 3346 792 ⁸³.

2217 829 2307 884 57.
2347 829 2485 885 Cum
2515 831 2801 901 episcopus
2834 829 2893 886 S.
2925 830 3164 903 Synaxin
3192 829 3447 896 celebrat,
3475 828 3705 898 presby-

2148 945 2247 1002 teri
2280 944 2355 1001 illi
2386 945 2706 1002 assistentes
2731 945 2853 1001 alba
2883 943 3062 1002 vestiti
3087 958 3207 1000 esse
3239 941 3436 997 debent
3455 939 3525 994 “.

2224 1057 2315 1113 58.
2356 1055 2638 1112 Neminem
2667 1057 2903 1113 dormire
2925 1055 3119 1110 debere
3143 1063 3301 1110 nocte
3323 1049 3710 1108 Resurrectio-

2147 1149 2235 1206 nis
2266 1148 2479 1206 Domini
2509 1149 2679 1205 nostri
2703 1149 2832 1206 Jesu
2861 1148 3060 1204 Christi
3081 1148 3149 1204 ".

797 1469 1445 1584 CANONES
1529 1469 2251 1585 ECCLESIIE
2329 1469 3378 1587 ALEXANDRINIE

1409 1688 1843 1750 PERPERAM
1892 1688 2353 1752 HIPPOLYTO
2391 1689 2732 1752 TRIBUTI.

911 1855 1004 1916 (De
1026 1853 1296 1912 MAGISTRIS,
1325 1857 1442 1902 Acta
1471 1853 1740 1918 Martyrum
1759 1850 1824 1901 ad
1851 1849 1984 1903 Ostia
2011 1849 2260 1915 Tiberim,
2282 1852 2450 1904 Romae
2470 1852 2606 1916 1795,
2632 1853 2735 1916 l'ol.,
2759 1856 3005 1918 Append.,
3034 1871 3083 1921 p.
3106 1855 3237 1919 “8.)

2046 2019 2118 2038 Μ

550 2152 617 2205 1η
669 2151 874 2205 nomine
924 2150 1140 2216 Patris,
1186 2160 1236 2206 et
1290 2150 1456 2215 Filii,
1495 2161 1547 2205 et
1595 2149 1825 2219 Spiritus
1851 2153 2039 2208 sancti.
2075 2157 2118 2212 Β
2213 2151 2399 2207 Canon
2432 2157 2681 2221 quartus.
2720 2151 2792 2206 De
2819 2151 3155 2209 ordinatione
3184 2155 3500 2227 presbyteri.

477 2251 660 2301 Amen.

551 2335 651 2391 Isti
677 2346 799 2390 sunt
827 2336 1064 2392 Canones
1097 2336 1367 2404 Ecclesiae,
1400 2337 1652 2390 mandata
1675 2354 1793 2397 qua
1829 2339 2038 2408 scripsit

478 2429 814 2501 Hippolytus,
836 2447 927 2500 per
953 2448 1104 2502 quem
1127 2431 1360 2502 loquitur
1386 2430 1688 2500 (Ecclesia),
1705 2441 1755 2486 et
1793 2448 2037 2485 numerus

473 2539 654 2578 eorum
684 2522 944 2577 XXXVIII
972 2523 1227 2578 Canones.
1258 2523 1416 2578 Salus
1440 2541 1471 2578 a
1498 2523 1738 2578 Domino.

544 2615 730 2668 Conon
765 2615 991 2685 primus.
1037 2613 1111 2670 De
1149 2613 1281 2669 Fide
1319 2613 1604 2669 catholica.
1657 2614 1799 2669 Ante
1856 2614 2036 2670 omnia

475 2707 762 2780 loquamur
787 2709 854 2764 de
877 2709 979 2762 ﬁde
1001 2717 1207 2780 sancta,
1229 2715 1372 2760 recta
1400 2707 1452 2760 in
1478 2704 1763 2760 Dominum
1791 2715 2036 2762 nostrum

473 2801 655 2856 .lesum
690 2801 992 2865 Christum,
1024 2799 1217 2853 Filium
1247 2798 1340 2852 Dei
1370 2798 1499 2866 vivi,
1526 2806 1580 2854 et
1606 2799 1889 2869 posuimus
1912 2814 2036 2854 eum

475 2891 781 2964 (canonem)
825 2893 879 2946 in
932 2892 1036 2946 ﬁde
1085 2889 1397 2962 (symbolo),
1429 2900 1482 2947 et
1521 2906 1622 2947 nos
1663 2894 2036 2948 consentimus

473 2985 621 3038 omni
649 2983 968 3038 certitudine
996 2982 1325 3051 rationabili,
1357 2981 1504 3052 quod
1550 2981 1787 3041 Trinitas
1813 2985 2037 3054 aequalis

473 3074 709 3144 perfecte
737 3076 807 3129 sit
836 3075 888 3127 in
918 3073 1144 3136 honore,
1174 3074 1398 3144 aequalis
1423 3075 1479 3128 in
1503 3074 1693 3144 gloria,
1716 3091 1817 3130 nec
1843 3077 2037 3132 habeat

473 3167 688 3222 initium
736 3182 836 3220 nec
885 3166 1072 3219 liuent.
1103 3164 1338 3220 Verbum
1380 3165 1551 3222 Filius
1594 3167 1690 3222 Dei
1727 3177 1780 3223 et
1819 3171 1932 3238 ipse
1955 3179 2038 3225 est

472 3263 684 3312 creator
708 3255 885 3309 omnis
915 3263 1198 3321 creatum,
1228 3256 1522 3311 visibilium
1567 3266 1620 3314 et
1662 3258 2033 3315 invisibilium.

473 3348 588 3402 Hoc
619 3346 1000 3402 constituimus
1031 3346 1434 3402 consentientes
1477 3346 1737 3404 adversus
1783 3363 1898 3416 eos,
1942 3351 2036 3420 qui

2206 2243 2392 2300 Canon
2423 2243 2666 2313 quintus.
2703 2242 2778 2298 De
2806 2244 3196 2304 constitutione
3225 2247 3459 2302 diaconi.

2209 2337 2395 2394 Canon
2428 2345 2634 2392 sextus.
2663 2335 2737 2390 De
2765 2336 2833 2391 iis
2855 2337 2946 2407 qui
2971 2339 3117 2408 passi
3147 2349 3273 2394 sunt
3295 2355 3394 2409 pro
3425 2342 3544 2398 (ide.

2208 2430 2392 2487 Canon
2422 2429 2704 2498 septimus.
2746 2427 2822 2483 De
2857 2443 2922 2483 eo
2967 2430 3057 2500 qui
3093 2441 3416 2502 anagnostes
3443 2443 3497 2489 et
3528 2435 3706 2506 hypo-

2137 2524 2401 2579 diaconus
2425 2522 2631 2576 electus
2654 2528 2756 2599 est.

2205 2615 2395 2670 Conon
2425 2622 2668 2669 octavus.
2710 2611 2786 2667 De
2809 2613 3145 2668 curationum
3174 2613 3338 2670 dono.

2207 2706 2395 2762 Canon
2425 2720 2622 2762 nonus.
2649 2703 2726 2759 Ne
2752 2704 2955 2759 habitet
2983 2704 3301 2778 (presbyter)
3344 2710 3398 2764 in
3439 2709 3575 2766 locis
3603 2712 3701 2767 ubi

2138 2816 2247 2856 non
2277 2807 2507 2868 oportet,
2540 2806 2592 2853 et
2618 2798 2685 2852 de
2713 2797 2917 2852 honore
2945 2796 3250 2854 viduarum.

2207 2892 2394 2946 Canon
2423 2888 2688 2946 decimus.
2719 2886 2794 2943 De
2819 2887 2904 2946 his
2933 2887 3026 2958 qui
3066 2885 3328 2945 Nazareni
3358 2891 3703 2966 (Christiani)

2135 2983 2252 3038 ﬁeri
2279 2982 2485 3037 volunt.

2206 3071 2394 3127 Canon
2424 3068 2765 3124 undecimus.
2793 3066 2868 3124 De
2892 3068 2986 3125 illo
3008 3069 3102 3140 qui
3127 3069 3258 3126 facit
3281 3069 3424 3128 idola
3445 3081 3500 3128 et
3525 3073 3702 3129 simu-

2133 3165 2302 3236 lacra,
2333 3162 2448 3216 sive
2471 3159 2686 3214 artifex.

2207 3255 2395 3312 Canon
2424 3251 2797 3307 duodecimus.
2828 3250 2904 3308 De
2933 3253 3296 3336 prohibitione
3337 3256 3532 3312 horum
3564 3273 3701 3328 0pc-

2134 3364 2279 3410 rum,
2307 3360 2542 3420 quorum
2573 3352 2827 3401 auctores
2861 3359 2969 3400 non
2997 3345 3326 3417 recipiantur
3348 3348 3454 3403 nisi
3480 3358 3702 3418 peracta

471 3442 728 3496 audacter
768 3439 933 3494 locuti
969 3447 1118 3504 sunt,
1157 3440 1300 3508 quod
1341 3456 1448 3494 non
1481 3449 1724 3510 oporteat
1757 3441 1823 3498 de
1856 3440 2034 3497 Verbo
2064 3502 2100 3514 ﬂ
2138 3440 2472 3514 poenitentia.

473 3531 567 3586 Dei
603 3529 797 3602 (loqui)
827 3529 987 3584 sicuti
1015 3529 1226 3584 locutus
1251 3539 1332 3584 est
1361 3530 1625 3586 Dominus
1653 3540 1838 3587 noster
1873 3528 2032 3588 Jesus
2059 3502 2100 3560 ϐ
2138 3502 2154 3514 ⁸
2204 3533 2391 3588 Canon
2435 3531 2678 3587 decimus
2715 3531 2927 3587 tertius.
2979 3531 3054 3586 De
3103 3533 3346 3604 principe
3378 3542 3468 3588 aut
3504 3533 3702 3600 milite,

471 3623 746 3677 Christus.
776 3619 1098 3692 Congrcgati
1131 3637 1321 3676 sumus
1365 3622 1704 3691 potissimum
1748 3623 1818 3679 ad
1859 3623 2037 3695 profe-

471 3715 699 3771 rendum
740 3723 926 3769 sancte
959 3713 1026 3769 de
1063 3714 1194 3780 Deo,
1235 3723 1290 3770 et
1331 3716 1452 3770 illos
1485 3716 1874 3784 separavimus,
1909 3716 2036 3787 quia

472 3822 579 3861 non
607 3806 940 3863 concordant
966 3821 1089 3860 cum
1131 3804 1369 3862 Ecclesia
1415 3806 1468 3860 in
1517 3806 1819 3876 theologia,
1865 3822 2037 3876 neque

471 3892 758 3948 nobiscum
806 3893 932 3949 tiliis
979 3892 1402 3962 Scripturarum.
1451 3892 1740 3964 Propterea
1788 3911 2038 3966 segrega-

469 3985 651 4041 vimus
680 4001 777 4043 eos
807 3987 874 4040 ab
897 3984 1158 4052 Ecclesia,
1186 3996 1240 4042 et
1275 3987 1550 4057 negotium
1587 4003 1777 4044 eorum
1817 3989 2011 4058 reliqui

470 4093 596 4132 mus
627 4077 760 4145 Deo,
793 4075 884 4143 qui
910 4087 1188 4132 creaturas
1215 4092 1338 4132 cum
1370 4078 1577 4146 justitia
1607 4077 1889 4146 judicabit.
1927 4079 2036 4136 Illis

470 4178 651 4224 autem
688 4169 780 4240 qui
811 4169 911 4224 hos
960 4169 1243 4240 ignorant,
1291 4183 1478 4224 netum
1518 4168 1748 4225 facimus
1781 4171 1884 4226 hoc
1917 4172 2036 4228 sine

470 4259 692 4326 invidia,
723 4275 790 4314 ne
816 4259 1014 4314 malam
1043 4260 1324 4321 incurrant
1352 4268 1604 4326 mortem,
1635 4270 1893 4332 tanquam
1925 4264 2036 4318 bre-

469 4353 647 4419 retici,
687 4352 784 4408 sed
814 4337 1227 4423 promereantur
1249 4352 1412 4406 vitam
1435 4360 1711 4417 teternam,
1730 4361 1783 4409 et
1807 4353 2035 4411 doceant

469 4447 608 4500 lilios
639 4462 790 4512 suos,
823 4456 876 4500 et
901 4454 1148 4515 posteros
1179 4462 1306 4501 suos
1333 4445 1471 4499 hanc
1501 4445 1719 4500 unicam
1746 4446 1925 4502 Iidem.

538 4539 725 4594 Conon
759 4538 1051 4593 secundus.
1075 4537 1148 4593 De
1165 4537 1452 4607 episcopis.
1479 4535 1780 4608 Episcopus
1803 4538 2034 4610 eligatur

467 4632 537 4684 ab
588 4629 737 4683 omni
784 4629 1015 4699 populo,
1066 4629 1246 4698 sitque
1303 4627 1819 4698 irreprehensibilis,
1872 4629 2030 4685 sicuti

468 4722 730 4792 scriptum
763 4730 846 4776 est
877 4722 944 4776 de
977 4739 1043 4777 eo
1073 4722 1126 4776 in
1169 4721 1429 4791 Apostolo
1455 4738 1468 4774 :
1499 4721 1550 4774 in
1600 4719 1934 4775 hebdomade
1975 4720 2029 4774 in

467 4831 576 4884 qua
608 4814 915 4877 ordinatur,
950 4823 1004 4868 et
1042 4814 1189 4867 dicat
1227 4813 1510 4868 universus
1558 4812 1826 4882 populus:
1865 4811 2030 4868 Volu-

467 4924 590 4962 mus
622 4921 778 4972 eum;
821 4907 1000 4974 sitque
1029 4905 1302 4960 silentium
1350 4905 1402 4959 in
1449 4912 1562 4958 toto
1605 4905 1763 4968 atrio,
1793 4912 1846 4959 et
1875 4913 2030 4961 orent

466 5015 659 5055 omnes
685 5015 846 5068 super
866 5014 989 5054 eum
1019 5007 1072 5053 et
1098 4998 1280 5053 dicant
1306 5017 1318 5052 :
1346 4997 1389 5053 Ο
1415 4996 1573 5061 Deus,
1601 4996 1861 5052 contirma
1886 4998 2030 5052 hunc

465 5105 623 5161 quem
653 5090 969 5161 prmparasti
1001 5088 1182 5150 nobis,
1211 5096 1318 5142 etc.

537 5181 726 5239 Canon
771 5183 984 5238 tertius.
1031 5180 1218 5236 Oratio
1259 5195 1422 5249 super
1467 5195 1588 5234 eum
1617 5179 1708 5250 qui
1739 5179 2030 5250 episcopus

466 5275 546 5339 lit,
577 5284 632 5331 et
667 5274 938 5330 ordinatio
973 5275 1168 5329 missaa.
1214 5272 1355 5326 Deus
1398 5271 1558 5326 Pater
1598 5271 1813 5325 Domini
1858 5271 2027 5325 nostri

469 5365 594 5422 lesu
620 5367 846 5434 Christi,
881 5367 1044 5421 Pater
1065 5365 1582 5432 misericordiarum,
1612 5373 1666 5420 et
1694 5365 1832 5420 Deus
1861 5364 2027 5420 totius

467 5461 879 5525 consolationis,
911 5469 1016 5516 etc.

541 5575 586 5606 “
621 5573 794 5630 Deest.
884 5577 928 5608 ⁸⁷
969 5575 1033 5629 L.
1065 5591 1160 5639 vn,
1196 5591 1244 5630 c.
1271 5576 1361 5638 '59,
1401 5582 1505 5629 etc.

1598 5573 1642 5606 ³⁸
1686 5570 1743 5624 L.
1782 5531 1898 5633 vm,
1947 5588 1996 5626 c.
2033 5570 2120 5627 9.8.

2137 3643 2205 3681 ne
2237 3625 2601 3696 suscipiantur
2630 3623 3123 3679 indiscrimiuatim.

2206 3717 2393 3773 Canon
2425 3717 2667 3774 decimus
2692 3724 2937 3788 quartus.
2966 3714 3041 3771 Ne
3067 3715 3160 3770 ﬁat
3182 3716 3336 3772 miles
3358 3713 3700 3780 Nazarenus,

2135 3808 2237 3864 nisi
2260 3809 2468 3879 jussus.

2207 3901 2392 3956 Canon
2420 3900 2664 3957 decimus
2689 3899 2930 3972 quintus.
2955 3897 3302 3954 Enumeratio
3329 3915 3551 3970 operum
3579 3917 3700 3971 qut?

2135 4005 2263 4050 sunt
2292 3995 2501 4050 illicita.

2207 4084 2396 4140 Canon
2423 4081 2668 4139 decimus
2701 4090 2908 4137 sextus.
2960 4077 3034 4132 De
3066 4092 3132 4131 eo
3162 4079 3256 4148 qui
3285 4080 3446 4136 habet
3472 4097 3700 4143 uxorem

2135 4178 2427 4248 legitimam
2456 4185 2510 4231 et
2532 4175 2694 4229 aliam
2727 4172 2947 4241 insuper
2971 4171 3143 4226 ducit.

2205 4269 2393 4326 Canon
2436 4267 2681 4323 decimus
2729 4265 3012 4334 septimus.
3068 4261 3140 4317 De
3184 4263 3408 4320 muliere
3436 4263 3699 4334 ingenua,

2133 4361 2360 4432 ejusque
2398 4357 2607 4414 ciliciis.
2661 4355 2737 4412 De
2785 4354 3188 4420 obstetricibus,
3243 4370 3306 4410 ac
3359 4357 3702 4425 separatime

2133 4452 2372 4507 virorum
2401 4465 2431 4504 a
2463 4447 2800 4503 mulieribus.
2840 4444 2915 4500 De
2953 4445 3254 4515 virginibus
3291 4456 3347 4501 ut
3384 4449 3698 4517 coeperiant

2133 4542 2300 4598 facies
2328 4558 2454 4598 suas
2479 4549 2534 4595 et
2567 4539 2744 4608 capita
2774 4552 2894 4592 sua.

2203 4634 2390 4689 Canon
2422 4632 2666 4687 decimus
2688 4638 2937 4685 octavus.
2968 4626 3044 4683 De
3074 4627 3377 4700 puerperis,
3415 4644 3478 4683 ac
3516 4629 3702 4685 obste-

2134 4723 2356 4779 tricibus
2385 4722 2597 4776 iterum.

2205 4813 2393 4870 Canon
2430 4811 2676 4866 decimus
2708 4825 2906 4864 nouus.
2939 4807 3014 4863 De
3047 4805 3468 4872 catechumenis,
3512 4815 3564 4859 et
3607 4821 3700 4860 or-

2133 4906 2410 4963 dinatione
2441 4903 2703 4974 Baptismi
2732 4914 2786 4956 et
2808 4900 3005 4956 Missa.

2203 4999 2390 5054 Canon
2416 4996 2728 5052 vicesimus.
2770 4994 2844 5050 De
2882 4992 3092 5066 jejunio
3127 4990 3296 5062 (feriae
3339 4998 3437 5062 vr),
3466 4997 3519 5044 et
3556 5005 3697 5059 qua-

2135 5085 2504 5158 dragesimali.

2206 5179 2396 5236 Canon
2422 5177 2713 5234 vicesimus
2738 5175 2967 5246 primus.
2997 5174 3073 5230 De
3096 5173 3320 5230 collecta
3350 5171 3692 5228 sacerdotum

2133 5283 2187 5329 et
2215 5272 2399 5343 populi
2432 5271 2487 5325 in
2515 5269 2745 5326 ecclesia
2771 5269 3031 5340 quotidie.

2199 5363 2386 5418 Canon
2415 5362 2707 5417 vicesimus
2754 5361 3042 5416 secundus.
3090 5357 3164 5414 De
3207 5357 3545 5414 hebdomada
3586 5353 3693 5411 Pa-

2134 5457 2338 5512 schatis
2370 5454 2703 5523 Judteorum,
2738 5471 2847 5526 quo
2876 5454 3130 5527 gaudium
3156 5453 3390 5519 tolletur,
3422 5461 3475 5508 et
3515 5450 3584 5506 de.
3622 5464 3692 5506 eo

2218 5572 2262 5605 ⁸³
2312 5570 2376 5626 L.
2415 5587 2495 5633 ut,
2549 5585 2598 5625 c.
2637 5570 2690 5634 6,
2745 5569 2886 5636 7,15.
2977 5571 3025 5602 "
3054 5574 3113 5623 L.
3165 5585 3237 5629 iv,
3290 5584 3338 5622 c.
3372 5569 3472 5633 ως
3501 5568 3535 5621 ι.
3565 5582 3688 5635 vnr,

470 5662 520 5698 ιτ.
550 5645 733 5697 ιιι-44.
809 5645 850 5678 ⁸¹
880 5646 940 5700 L.
980 5663 1038 5714 ιι,
1067 5663 1116 5702 c.
1147 5637 1243 5702 '57.
1318 5637 1362 5678 δ’
1391 5645 1565 5701 Deest.
1644 5644 1690 5677 ⁵³
1723 5642 1785 5697 L.
1817 5661 1875 5711 ιι,
1898 5660 1945 5698 c.
1973 5645 2063 5699 ‘25.

2139 5644 2184 5675 ⁵⁸
2214 5642 2274 5696 L.
2300 5659 2394 5711 vn,
2416 5659 2463 5697 c.
2486 5640 2587 5709 29;
2621 5641 2656 5696 I.
2686 5658 2803 5708 vm,
2832 5658 2879 5696 c.
2906 5641 2994 5709 '50,
3019 5639 3107 5695 3i.
3180 5640 3226 5674 ⁸⁵
3252 5637 3314 5694 L.
3341 5654 3460 5707 vm,
3497 5653 3545 5694 c.
3585 5639 3689 5706 l1;

473 5716 508 5770 ι.
535 5731 588 5783 v,
621 5729 670 5771 c.
700 5715 786 5770 l9.
