4028 6214
321 324 414 378 961

1315 312 1587 374 SPURIA.
1624 344 1695 356 —
1728 310 2047 409 ‘CANONES
2084 309 2572 368 ALEXANDRINI.

3442 313 3548 370 962

320 432 462 505 quod
489 432 544 487 in
577 434 696 503 ipso
717 431 1113 497 manducatur;
1137 438 1190 486 et
1213 429 1279 485 de
1299 445 1365 485 eo
1385 432 1476 501 qui
1507 443 1733 501 peregre
1753 443 1886 484 con-
1912 432 1965 492 Α
1996 476 2004 485 .
2057 426 2244 480 Canon
2282 426 2586 483 tricesimus
2611 426 2901 481 secundus.
2948 423 3023 481 De
3052 423 3351 496 virginibus
3385 435 3438 482 et
3467 428 3547 481 vi-

321 525 541 580 stitutus
573 522 747 577 nescit
777 530 981 576 textum
1006 518 1462 592 (Kalendarium).

389 602 579 669 Canon
606 613 897 669 vicesimus
944 612 1157 668 tertius.
1199 611 1275 667 De
1307 611 1578 678 doctrina,
1622 608 1766 681 quod
1811 610 1881 665 sit

317 713 576 775 perpetua
609 703 807 774 (major
840 704 1003 775 mari)
1036 713 1092 761 et
1123 704 1356 760 debeant
1383 705 1546 760 verba
1569 704 1690 774 ejus
1720 717 1881 774 Opere

319 794 600 864 compleri.
1036 798 1045 809 '

386 888 573 943 Canou
602 886 893 943 vicesimus
918 895 1167 957 quartus.
1209 888 1286 943 De
1310 888 1548 958 episcopi
1576 887 1882 943 visitatione

315 992 679 1050 :Pgrotorum;
721 990 778 1036 et
822 981 869 1038 si
914 982 1149 1037 oraverit
1188 980 1438 1036 inﬁrmus
1476 982 1531 1035 in
1568 979 1796 1036 ecclesia
1829 989 1883 1035 et

318 1072 517 1127 habeat
546 1073 791 1137 domum,
824 1073 1045 1127 accedat
1076 1073 1142 1128 ad
1174 1087 1321 1128 eum.

389 1163 575 1219 Canou
604 1164 897 1220 vicesimus
924 1166 1172 1235 quintus.
1221 1166 1299 1221 De
1339 1173 1690 1238 procuratore
1733 1164 1883 1219 inﬁr-

318 1269 532 1308 morum
565 1254 881 1319 constituto,
910 1265 963 1311 et
987 1256 1263 1327 episcopo,
1292 1265 1347 1311 et
1386 1256 1721 1327 temporibus
1754 1271 1881 1311 ora—

315 1346 504 1401 tionis.

391 1438 577 1492 Canon
610 1437 901 1494 vicesimus
942 1449 1146 1495 sextus.
1195 1439 1269 1495 De
1317 1440 1595 1496 auditione
1638 1439 1789 1495 verbi
1825 1438 1879 1492 in

315 1528 549 1583 ecclesia
585 1535 639 1582 et
666 1527 911 1583 oratione
936 1528 990 1582 in
1016 1544 1099 1583 ea.

392 1620 579 1674 Canou
616 1620 905 1676 vicesimus
946 1620 1229 1689 septimus.
1279 1619 1354 1675 De
1394 1635 1460 1677 eo
1502 1620 1594 1691 qui
1644 1622 1883 1692 quotidie

315 1729 429 1766 non
472 1711 679 1766 accedit
709 1712 774 1767 ad
812 1712 1118 1778 ecclesiam;
1163 1712 1304 1782 legat
1340 1712 1538 1777 libros;
1576 1721 1631 1768 et
1659 1714 1725 1768 de
1759 1728 1885 1768 ora-

316 1804 467 1857 tione
500 1802 692 1857 media:
720 1803 918 1870 noctis,
950 1810 1003 1856 et
1034 1801 1327 1872 gallicinio,
1357 1811 1411 1857 et
1447 1803 1725 1859 ablutione
1760 1820 1880 1858 ma—

312 1908 489 1946 nuum
517 1901 756 1962 tempore
786 1891 1077 1962 cujuslibet
1098 1892 1383 1948 orationis.

390 1983 577 2037 Canon
608 1984 897 2039 vicesimus
923 1992 1164 2038 octavus.
1190 1981 1342 2049 Quod
1374 1999 1530 2040 nemo
1549 1986 1883 2041 credentium

316 2076 615 2146 quidquam
655 2085 862 2146 gustet,
906 2076 1012 2131 nisi
1049 2085 1335 2147 postquam
1388 2079 1687 2148 perceperit
1730 2094 1883 2134 sacra

314 2169 598 2238 mysteria,
632 2169 927 2239 prtesertim
955 2169 1147 2224 diebus
1168 2169 1382 2240 jejunii.

395 2262 578 2315 Canon
609 2262 901 2317 vicesimus
934 2278 1126 2317 nonus.
1163 2261 1240 2315 De
1278 2260 1522 2316 custodia
1550 2261 1882 2317 oblationum

314 2369 443 2425 qure
480 2369 642 2423 super
674 2354 843 2409 altare
880 2362 1007 2410 sunt
1037 2355 1330 2424 impositze;
1364 2370 1429 2407 ne
1464 2354 1756 2423 quidquam
1787 2355 1883 2409 de-

315 2446 467 2501 cidat
504 2446 558 2499 in
589 2457 833 2501 sanctum
866 2446 1108 2509 calicem,
1150 2455 1204 2500 et
1233 2461 1298 2501 ne
1335 2446 1630 2516 quidquam
1674 2446 1885 2501 decidat

315 2552 350 2590 a
383 2535 772 2601 sacerdotibus,
804 2552 979 2605 neque
1007 2552 1071 2591 ex
1102 2536 1283 2606 pueris
1319 2536 1409 2589 ubi
1446 2536 1881 2591 communionem

315 2628 697 2698 perceperint:
726 2644 794 2683 ne
824 2628 1133 2684 dominetur
1159 2629 1238 2684 eis
1279 2630 1501 2699 spiritus
1539 2646 1793 2699 nequam,
1830 2641 1883 2687 ct

314 2735 391 2774 ne
432 2720 682 2789 loquatur
731 2719 996 2790 quispiam
1044 2720 1098 2775 in
1150 2721 1483 2790 protectione
1531 2721 1881 2793 (sanctuario)

315 2812 427 2866 nisi
461 2811 761 2865 orationem
786 2812 1040 2876 dicendo;
1077 2821 1127 2867 et
1156 2813 1246 2868 ubi
1288 2812 1543 2867 desinunt
1583 2813 1883 2869 oblationes

313 2902 504 2972 pOpuIi
532 2902 775 2973 legantur
798 2901 999 2958 Psalmi
1037 2902 1243 2975 (ubique
1289 2904 1402 2957 loco
1434 2902 1681 2957 Calvaria
1707 2913 1755 2958 et
1788 2921 1881 2974 pro

313 2996 710 3066 consignatione
742 2997 913 3050 crucis
936 3008 981 3049 et
1010 2997 1322 3065 projectione
1344 2995 1568 3065 pulveris
1600 2995 1789 3050 altaris
1828 2997 1883 3050 in

1980 516 2102 572 duis
2134 526 2191 571 ut
2215 528 2373 573 orent
2402 530 2457 574 et
2482 518 2730 588 jejuuent
2756 517 2809 571 in
2840 518 3088 574 ecclesia.
3118 517 3286 587 lCIero
3324 517 3547 588 ascripti

1980 616 2136 663 orent
2163 622 2261 677 pro
2289 624 2389 663 suo
2418 609 2661 663 arbitrio.
2694 607 2991 677 Episcopus
3026 624 3131 663 non
3162 609 3429 679 obligetur
3462 608 3546 678 je-

1976 698 2129 769 junio
2160 699 2265 755 nisi
2300 715 2423 755 cum
2459 700 2623 755 clero.
2665 698 2738 752 Et
2773 708 2983 769 propter
3008 700 3295 753 convivium
3324 710 3415 754 aut
3447 714 3549 754 cae-

1981 806 2103 844 nam
2127 800 2385 859 prwparet
2420 807 2513 861 pro
2551 791 2866 861 pauperibus
2891 790 2976 862 (ac
3008 791 3071 845 de
3096 806 3272 845 mensa
3297 790 3547 860 pauperi-

1982 882 2075 935 bus
2105 882 2389 953 paranda).

2050 974 2235 1028 Canou
2263 974 2571 1029 tricesimus
2595 973 2805 1030 tertius.
2837 973 2910 1027 De
2937 971 3205 1026 Atalmsas
3228 970 3546 1043 (oblatione)

1982 1083 2143 1137 quam
2175 1077 2378 1137 ponent
2411 1082 2511 1137 pro
2558 1068 2643 1122 his
2675 1068 2768 1138 qui
2806 1066 3006 1121 mortui
3049 1074 3197 1130 sunt,
3244 1081 3312 1121 ne
3357 1066 3410 1121 id
3454 1066 3549 1121 ﬁat

1982 1158 2262 1214 Dominica
2290 1159 2396 1214 die.
3312 1163 3323 1174 '

2050 1251 2235 1306 Canon
2262 1250 2585 1322 |tricesimus
2615 1258 2859 1321 quartus.
2907 1248 2983 1303 Ne
3020 1248 3143 1319 quis
3189 1249 3417 1304 multum
3457 1250 3544 1305 Io—

1982 1354 2199 1412 quatur,
2229 1359 2405 1413 neque
2427 1343 2717 1397 clamorem
2743 1341 2886 1407 edat,
2925 1352 2978 1396 et
3007 1341 3075 1396 de
3105 1349 3418 1396 sanctorum
3451 1342 3544 1396 in-

1983 1452 2171 1505 gressu
2204 1436 2258 1489 in
2291 1436 2602 1491 mansiones
2632 1435 2890 1489 ﬁdelium.

2049 1528 2234 1582 Cauon
2272 1529 2580 1584 tricesimus
2613 1528 2856 1598 quintus.
2910 1526 2983 1581 De
3027 1526 3255 1582 diacono
3286 1539 3549 1597 praesente

1984 1624 2036 1679 in
2086 1625 2370 1693 convivio,
2414 1625 2466 1680 in
2519 1641 2627 1696 quo
2674 1626 2813 1681 adsit
2853 1626 3164 1697 presbyter;
3206 1626 3375 1681 vicem
3429 1626 3549 1695 ejus

1985 1725 2132 1785 gerat
2161 1716 2213 1770 in
2246 1716 2490 1772 oratione
2520 1726 2574 1770 et
2619 1716 2881 1772 fractione
2916 1718 3073 1787 panis
3104 1717 3169 1771 ad
3211 1716 3548 1772 benedictio-

1983 1820 2140 1872 nem,
2170 1814 2225 1861 et
2266 1820 2373 1861 non
2415 1806 2483 1861 ad
2514 1821 2743 1876 corpus;
2788 1807 2963 1877 deque
3000 1805 3317 1861 dimissione
3355 1806 3547 1860 vidua—

1982 1913 2125 1955 rum.

2051 1989 2241 2045 Canou
2270 1990 2577 2047 tricesimus
2622 2000 2828 2046 sextus.
2872 1989 2949 2045 De
2980 1989 3237 2060 primitiis
3271 1989 3545 2045 fructuum

1982 2091 2158 2148 terrae,
2187 2090 2240 2137 et
2262 2083 2439 2154 primo
2465 2093 2588 2139 voto
2619 2098 2832 2150 eorum,
2878 2094 2931 2139 et
2975 2083 3358 2153 torcularibus,
3407 2083 3546 2148 oleo,

1984 2173 2159 2237 melle,
2194 2173 2353 2238 lacte,
2382 2174 2505 2229 lana
2539 2183 2592 2230 et
2624 2174 2914 2242 similibus,
2945 2188 3066 2244 quae
3099 2174 3356 2243 episcopo
3382 2173 3548 2229 bene-

1983 2264 2208 2320 dicenda
2231 2266 2546 2321 offerantur.

2052 2356 2240 2411 Canon
2298 2357 2607 2413 tricesimus
2653 2357 2937 2427 septimus.
2993 2355 3217 2422 Quoties
3265 2354 3550 2424 cpiscopus

1984 2447 2212 2518 percipit
2235 2447 2301 2503 de
2335 2448 2605 2520 mysteriis
2638 2449 2865 2511 sanctis,
2903 2455 3299 2517 congregentur
3331 2446 3547 2500 diaconi

1983 2548 2038 2594 et
2081 2540 2381 2611 presbyteri
2428 2539 2598 2595 induti
2657 2540 2899 2594 vestibus
2946 2539 3082 2593 albis
3130 2537 3393 2608 speciosis
3438 2553 3551 2607 pra:

1985 2631 2132 2687 omni
2162 2631 2379 2702 populo,
2410 2640 2463 2686 et
2492 2630 2742 2686 similiter
2766 2638 3113 2701 anagnostes.

2055 2722 2243 2778 Canon’
2268 2724 2578 2779 tricesimus
2620 2731 2864 2779 octavus.
2900 2721 2974 2777 De
3000 2729 3160 2778 nocte
3189 2722 3241 2775 in
3288 2736 3394 2791 qua
3429 2736 3550 2775 sur-

1987 2814 2128 2868 rexit
2152 2813 2215 2868 D.
2242 2813 2306 2868 N.
2331 2813 2491 2869 Jesus
2524 2815 2795 2870 Christus.
2837 2813 2914 2869 Ne
2947 2814 3087 2869 ullus
3118 2829 3179 2868 ca
3221 2822 3379 2867 nocte
3419 2812 3549 2866 dor-

1986 2904 2118 2958 miat
2142 2912 2196 2959 et
2225 2920 2363 2975 aqua
2416 2920 2475 2960 se
2523 2906 2739 2971 abluat;
2787 2914 2840 2959 ct
2892 2904 3158 2974 expositio
3209 2904 3455 2974 hujusce,
3496 2909 3550 2957 et

1985 2996 2249 3067 expositio
2280 2998 2345 3053 de
2382 2998 2475 3053 illo
2508 2999 2599 3069 qui
2629 3008 2751 3069 post
2778 2998 3110 3068 Baptismum
3137 3007 3343 3068 peccat,
3374 3000 3547 3067 deque

308 3092 575 3161 piscinam
600 3105 619 3144 :
647 3092 718 3146 ita
756 3092 824 3147 cl.
885 3092 1172 3162 interpres,
1214 3092 1394 3160 potius
1438 3090 1723 3162 verterem)
1770 3108 1885 3145 cum
1912 3110 1954 3170 ε
1986 3089 2146 3145 licitis
2187 3099 2240 3145 et
2277 3090 2500 3145 illicitis.

312 3183 460 3235 omni
492 3184 776 3238 attentione
806 3199 965 3253 usque
994 3185 1062 3236 ad
1085 3183 1290 3254 signum
1314 3182 1502 3237 crotali
1522 3197 1541 3235 :
1567 3200 1629 3237 ac
1649 3184 1713 3236 de
1733 3182 1879 3253 signa

314 3275 489 3330 crucis
512 3284 561 3329 et
582 3275 898 3345 projectione
927 3275 1175 3345 pulveris,
1211 3285 1317 3331 etc.

390 3366 576 3423 Canou
600 3368 928 3424 tricesimus.
954 3367 1030 3424 De
1050 3370 1472 3432 catechumenis.
1502 3387 1564 3427 ac
1591 3370 1877 3427 similibus.

389 3459 578 3515 Canou
607 3460 916 3516 tricesimus
945 3461 1172 3530 primus.
1201 3462 1273 3517 De
1294 3462 1546 3533 episcopo
1568 3473 1622 3518 et
1657 3465 1880 3535 presby-

316 3564 437 3607 tero
469 3551 860 3624 imperantibus
896 3552 1120 3609 diaccnc
1164 3561 1225 3608 ut
1265 3553 1704 3609 communionem
1750 3570 1879 3625 por-

310 3646 477 3717 rigat.

338 3868 578 3888 -ι

2059 3185 2369 3256 Expliciunt
2395 3184 2630 3240 Canones
2658 3182 2718 3239 S.
2744 3184 3061 3253 patriarchae
3092 3181 3366 3253 Hippolyti
3392 3181 3549 3250 primi

1985 3278 2304 3348 patriarcha:
2345 3276 2491 3331 urbis
2530 3291 2734 3345 magna:
2772 3274 2967 3337 Romw,
3000 3291 3128 3345 quos
3163 3274 3471 3342 composuit,
3500 3282 3547 3325 et

1986 3386 2230 3425 numerus
2256 3387 2433 3424 eorum
2465 3380 2539 3424 cst
2562 3366 2821 3422 XXXVIII
2849 3367 3138 3422 Canonum.
3168 3364 3304 3420 Deus
3331 3382 3422 3419 nos
3454 3365 3547 3417 ad-

1981 3464 2124 3531 juvet
2155 3464 2223 3517 ad
2252 3480 2336 3518 eos
2366 3463 2740 3534 exsequendas.
2788 3460 2855 3515 Et
2894 3459 3001 3513 Deo
3046 3459 3215 3530 gloria
3251 3474 3469 3528 semper,
3499 3465 3548 3511 ct

1986 3572 2265 3629 supernos
2292 3555 2656 3612 misericordia
2685 3554 2798 3625 ejus
2832 3555 2886 3609 in
2915 3552 3184 3608 saxulum.
3216 3551 3401 3605 Amen.

1194 4033 1854 4150 ANONYMI
1940 4031 2669 4149 CUJUSDAM

655 4258 782 4332 Qui
834 4258 954 4322 sub
998 4255 1360 4321 Alexandro
1394 4256 1779 4336 imperatore
1815 4255 2079 4323 vixisse.
2111 4271 2282 4319 anno
2339 4254 2571 4319 Christi
2620 4253 2762 4328 236,
2814 4249 3186 4330 perhibetur

1579 4437 2285 4531 CHBONICON

1145 4631 1414 4691 SANCTO
1446 4630 1828 4688 HIPPOLYTO
1844 4630 2249 4695 ,PORTUENSI
2280 4630 2735 4689 SUPPOSITUM.

1262 4793 1424 4859 (Vide
1463 4794 1785 4865 Patrologite
1830 4794 2039 4850 Latina:
2066 4800 2196 4849 tom.
2225 4791 2313 4858 ΙΙΙ,
2344 4793 2449 4850 col.
2476 4784 2630 4857 657.)

317 5166 854 5250 Fragmentaisub
892 5163 1152 5250 nomine
1209 5159 1915 5250 Hippolytidunioris,
1978 5158 2301 5250 Thebani,
2375 5155 2701 5250 saeculi‘x
2754 5161 3082 5250 aucto-re,
3125 5151 3205 5214 ab
3274 5151 3535 5213 Alberto

671 5245 965 5308 Fabricio
1005 5234 1583 5322 congesta-[ordini
1627 5239 2080 5318 chronologico
2126 5240 2519 5301 adhaerentes
2543 5279 2561 5310 ,
2599 5234 2703 5296 hic
2743 5235 3116 5297 omittimus.

320 5451 3516 5502 ___________________________________.____..

321 5585 579 5646 Librum
625 5582 732 5647 cui
782 5576 1665 5655 titulus:Philosophumena,
1704 5572 1967 5655 Origeni
2006 5571 2281 5655 primum
2311 5571 2427 5655 ,_S.
2460 5567 2811 5649 Hippolyto
2841 5574 3060 5645 postea
3089 5562 3536 5643 suppositum,

1255 5648 1522 5718 edemus
1545 5654 1613 5718 in
1644 5648 2109 5734 appendicead
2156 5648 2461 5712 saeculum
2498 5667 2586 5711 ιν.
