3934 6198
558 304 3714 346 W

1214 518 1421 728 s.
1610 513 3134 778 GBEGOBIUS

996 918 2371 1052 NEOCZESARIENSIS
2501 918 3352 1049 EPISCOPUS

1501 1201 2058 1266 COGNOMENTO
2108 1202 2270 1263 ΤΗΑ
2281 1201 2672 1264 UMATURG
2683 1203 2794 1268 US.

2124 1437 2191 1452 οι*

1132 1653 1646 1748 ΝΟΤΙΤΙᾹ
1719 1649 3190 1748 HlSTORlCO-LITTEBABIA

1432 1890 1722 1954 (GALLAND.,
1752 1891 1860 1940 γει.
1887 1891 2027 1940 Patr.
2056 1886 2303 1951 Biblioth.,
2327 1888 2416 1952 ΙΙΙ,
2441 1890 2662 1954 Pmleg.,
2683 1905 2733 1954 p.
2759 1892 2904 1953 xxv.)

543 2088 584 2143 1.
628 2087 930 2170 Gregorius,
975 2093 1128 2170 auten
1157 2083 1490 2166 Theodorus,
1521 2083 1719 2170 ercis
1757 2083 2105 2166 Romanisque
2139 2089 2182 2148 Α
2212 2083 2413 2138 moniis
2456 2097 2576 2152 quae
2625 2083 2770 2140 illius
2813 2081 3080 2154 Operibus
3124 2085 3508 2156 praemisimus,
3547 2094 3644 2141 tum
3680 2103 3728 2141 ex

613 2153 906 2227 disciplinis
975 2155 1255 2227 escultus,
1319 2157 1589 2224 episcopus
1658 2153 2105 2227 Neocwsariensis

613 2225 968 2282 consecratur.
999 2225 1115 2290 Quo
1149 2236 1373 2295 tempore
1397 2242 1692 2296 supremum
1723 2226 1861 2280 diem
1898 2225 2103 2280 abierit.

611 2365 845 2422 Sanctus
895 2362 1226 2434 Gregorius,
1289 2370 1445 2418 antea
1498 2361 1820 2419 Theodorus
1895 2363 2102 2428 dictus,

540 2459 873 2528 praenomine
913 2456 1162 2529 Magnus,
1192 2458 1402 2529 primus
1441 2455 1803 2513 Neocaesarea:
1850 2456 1903 2511 in
1935 2455 2107 2511 Ponto

539 2549 828 2620 episcOpus
884 2549 1019 2616 fuit,
1075 2569 1094 2602 ι
1136 2550 1205 2606 ob
1251 2551 1404 2622 signa
1456 2558 1621 2623 atque
1677 2549 1938 2604 miracula
1983 2563 2105 2619 qum

538 2655 665 2696 cum
703 2639 873 2695 multa
903 2639 1268 2695 Ecciesiarum
1303 2641 1472 2711 gloria
1503 2641 1852 2710 perpetravit,
1885 2659 1903 2691 ι
1939 2648 1999 2694 ut
2029 2639 2106 2694 ait

537 2728 901 2802 Hieronymus
947 2730 1058 2801 (1),
1108 2729 1532 2801 Thaumaturgus
1581 2731 1900 2801 appellatus.
1948 2729 2105 2787 Hunc

537 2821 768 2890 ejusque
821 2819 1042 2874 fratrem
1079 2819 1511 2884 Athenodorum,
1559 2819 1792 2877 Eusebio
1836 2830 1972 2878 teste
2002 2821 2101 2892 (2),

537 2912 742 2970 Graecis
765 2911 1136 2980 Romanisque
1183 2913 1489 2984 disciplinis
1537 2915 1804 2981 excultos,
1842 2913 2104 2984 Origenes

535 3006 798 3061 Caesareae
835 3007 887 3060 in
918 3004 1203 3060 Palaestina
1251 3006 1441 3076 primis
1472 3006 1595 3061 fidei
1633 3005 1955 3062 rudimentis
1995 3004 2099 3058 im-

535 3098 730 3166 buens,
761 3100 827 3154 ad
858 3114 1042 3153 rerum
1068 3099 1375 3154 divinarum
1405 3099 1807 3154 meditationem
1839 3097 2096 3153 traduxit.

537 3190 738 3261 Elapso
771 3192 1150 3262 quinquennio
1190 3192 1242 3244 in
1273 3191 1501 3261 patriam
1535 3206 1787 3246 reversus
1809 3189 2101 3261 Gregorius

535 3283 678 3338 circa
713 3299 915 3338 annum
945 3282 1150 3338 Christi
1178 3282 1303 3347 239,
1340 3282 1485 3336 haud
1522 3281 1695 3336 multo
1730 3291 1873 3352 post,
1899 3281 2100 3335 invitus

535 3376 679 3438 licet,
735 3390 766 3428 a
809 3373 1084 3429 thdimo
1135 3374 1382 3430 Amaseae
1449 3375 1679 3444 praesule
1747 3382 2100 3430 consecratur

537 3467 850 3538 episcopus;
898 3482 1007 3522 non
1047 3466 1286 3539 quidem,
1328 3478 1386 3523 ut
1421 3467 1670 3522 nonnulli
1709 3467 1913 3533 dixere,
1954 3466 2097 3521 nuda

534 3563 589 3616 in
641 3562 918 3617 absentem
971 3561 1162 3632 procul
1205 3559 1375 3616 divini
1421 3558 1674 3616 Numinis
1721 3558 2094 3624 invocatione,

531 3654 625 3708 sed
667 3652 895 3708 solemni
948 3667 1206 3706 manuum
1260 3651 1644 3738 impgsitione,
1690 3651 1907 3706 πάντων
1959 3650 2097 3721 μετὰ

529 3747 700 3804 ταῦτα
729 3748 835 3801 τῶν
861 3746 1110 3820 νομίμων
1135 3747 1221 3801 ἐπ’
1249 3746 1399 3818 αὑτῷ
1431 3746 1807 3814 τελεσθέντων,
1868 3765 1888 3800 ‹
1922 3747 2097 3803 omni-

531 3841 634 3896 bus
683 3850 869 3911 postea
920 3841 975 3894 in
1017 3855 1082 3894 eo
1125 3840 1361 3909 peractis
1419 3854 1541 3910 qua:
1589 3838 1846 3895 Ecclesiae
1903 3839 2097 3895 ritibus

528 3935 995 4005 pnescribuntur,
1029 3951 1046 3983 ιι
1105 3931 1182 3986 ait
1233 3932 1435 3987 diserte
1486 3931 1542 3986 in
1587 3933 1710 4000 ejus
1735 3930 1858 3986 Vita
1898 3929 2096 4004 Nysse-

528 4042 634 4080 nus
661 4027 759 4096 (5),
796 4033 856 4079 ut
893 4025 997 4079 rite
1037 4021 1267 4079 advertit
1302 4023 1370 4077 el.
1413 4021 1740 4093 Lequienius
1764 4022 1862 4094 (4).
1909 4020 2097 4078 Eccle-

528 4118 665 4172 siam
725 4118 906 4187 itaque
961 4116 1064 4171 sibi
1120 4115 1470 4170 commissam
1534 4115 1723 4170 sedulo
1785 4114 1964 4170 studio
2031 4130 2095 4171 ac

527 4228 743 4266 summa
769 4209 1132 4267 sollicitudine
1152 4207 1407 4278 pastorali
1432 4206 1737 4262 diutissime
1753 4207 2090 4277 gubernavit,

527 4308 590 4353 ut
616 4308 846 4353 testatur
884 4306 1105 4353 sanctus
1132 4296 1370 4351 Basilius
1401 4295 1502 4367 (5),
1536 4294 1769 4351 Eusebio
1809 4306 2093 4368 propterea

526 4393 705 4449 dictus
752 4392 829 4463 (6)
877 4409 896 4442 ι
931 4391 1310 4461 episcoporum
1368 4398 1556 4444 nostra
1608 4397 1765 4444 aetate
1809 4389 2094 4444 celeberri-

526 4503 650 4542 mus
672 4525 686 4549 ,
728 4505 746 4538 ι
786 4487 814 4538 ὁ
842 4484 962 4538 καθ’
991 4485 1139 4555 ἡμᾶς
1165 4481 1479 4537 ἐπισκόπων
1508 4481 1809 4554 διαϐόητος.
1842 4481 1946 4549 Qui
1970 4490 2092 4537 tan-

524 4587 646 4636 dem
682 4579 748 4633 ad
780 4588 1018 4632 extrema
1049 4577 1358 4644 deveniens,
1387 4591 1512 4632 cum
1544 4575 1735 4632 fuisset
1762 4576 2088 4642 sciscitatus,

522 4682 658 4746 quot
677 4673 856 4727 adhuc
887 4671 940 4725 in
973 4671 1108 4726 urbe
1140 4671 1408 4726 idolorum
1435 4670 1673 4726 cultores
1711 4679 2085 4740 superessent;

2209 2175 2382 2246 ipsius
2397 2174 2520 2230 Vita
2548 2191 2644 2246 per
2674 2175 2736 2232 S.
2767 2177 3086 2248 Gregorium
3116 2177 3517 2252 Nyss.scripta.
3541 2179 3644 2247 Quo
3663 2196 3729 2235 au-

2208 2275 2316 2322 tem
2365 2281 2510 2323 anno
2549 2283 2865 2337 supremum
2894 2270 3034 2325 diem
3075 2271 3284 2327 obierit
3318 2280 3532 2328 sanctus
3552 2273 3726 2343 prasul,

2207 2375 2317 2414 non
2346 2361 2536 2431 liquet.
2567 2359 2702 2416 lllud
2725 2369 2932 2416 tantum
2949 2377 3017 2418 ex
3046 2362 3286 2420 Eusebio
3310 2373 3627 2434 perspectum
3653 2365 3726 2418 ln-

2206 2452 2398 2508 bemus
2431 2453 2531 2523 (8),
2587 2458 2769 2524 ipsum
2824 2454 2966 2509 inter
3012 2471 3106 2512 eos
3134 2455 3332 2512 Patres
3380 2457 3592 2510 maxime
3625 2457 3724 2510 emi-

2205 2545 2404 2608 nuisse,
2432 2545 2526 2615 qui
2564 2546 2634 2601 ob
2664 2545 2816 2601 Pauli
2843 2545 3188 2603 Samosateni
3216 2547 3467 2603 haeresim
3505 2561 3629 2601 anno
3645 2545 3724 2599 26$

2206 2636 2506 2692 Antiochiae
2534 2637 2764 2708 primum
2797 2649 3185 2695 convenerunt.
3225 2639 3383 2706 Quod
3420 2639 3466 2694 si
3507 2637 3621 2693 fides
3657 2637 3724 2690 ba-

2205 2727 2396 2784 beatur
2445 2731 2656 2785 auctori
2689 2729 2880 2785 Libelli
2929 2732 3171 2802 synodici
3227 2729 3549 2802 temporibus
3581 2726 3720 2782 Photii

2204 2819 2397 2877 litteris
2435 2823 2759 2894 consignati,
2791 2821 3086 2894 Gregorius
3124 2821 3572 2880 Neocmsariensis
3615 2819 3721 2874 inter

2205 2913 2456 2969 homines
2497 2915 2675 2972 adhuc
2711 2916 2902 2986 agebat
2935 2932 3078 2970 anno
3107 2916 3244 2983 270,
3277 2917 3470 2988 quippe
3493 2913 3575 2986 qui
3601 2911 3717 2966 alteri

2206 3007 2444 3062 concilio
2468 3008 2807 3064 Antiocheno
2856 3009 3169 3065 interfuisse
3222 3009 3456 3075 dicatur,
3499 3020 3594 3078 quo
3627 3012 3718 3058 tan-

2203 3095 2324 3150 dem
2364 3096 2755 3155 Samosatcnus
2822 3099 3102 3169 depositus
3149 3101 3540 3169 damnatusque
3588 3093 3716 3149 fuisse

2203 3189 2541 3259 perhibetur.
2585 3189 2676 3245 Sic
2706 3191 2852 3245 enim
2888 3188 3140 3260 Synqdici
3169 3200 3368 3246 auctor
3403 3189 3510 3260 (9):
3544 3183 3714 3242 Σὺνοδθς

2203 3279 2320 3334 θεία
2352 3281 2445 3335 καὶ
2479 3282 2599 3354 [ερὰ
2627 3281 2847 3352 τοπικὴ,
2880 3284 2938 3337 ὲν
2969 3283 3278 3353 Ἀντιοχείᾳ
3307 3275 3711 3350 συναθροισθεῖεν

2200 3369 2268 3445 ἧς
2309 3372 2534 3446 ἔξαρχος
2581 3370 2648 3447 ἦν
2695 3375 2941 3441 Ἕλενος,
2985 3377 3016 3428 ὁ
3047 3377 3270 3448 Ταρσοῦ
3317 3367 3712 3434 ὲπίσκοποςκ..ὁ

2129 3447 2170 3503 Β
2199 3465 2622 3539 Θαυματουργὸς
2645 3467 2966 3540 Γρηγόριος,
2981 3447 3322 3542 Καισάρείας
3341 3466 3549 3529 Πόντου,
3569 3477 3658 3516 κ.τ.
3673 3459 3706 3509 λ.

2206 3577 2224 3610 ι
2257 3557 2509 3630 Synodus
2545 3559 2728 3616 divina
2765 3569 2821 3617 et
2867 3576 3021 3618 sacra
3055 3562 3431 3633 provincialis,
3469 3553 3710 3613 Antiochia

2199 3650 2424 3706 collecta
2457 3669 2472 3705 :
2507 3650 2664 3722 cujus
2704 3667 2905 3722 praeses
2944 3662 3065 3708 erat
3093 3653 3336 3710 Helenus
3365 3649 3510 3707 Tarsi
3546 3645 3708 3716 episco-

2199 3744 2838 3814 pus;....miraculorum
2893 3744 3117 3802 effector
3162 3745 3456 3820 Gregorius
3501 3741 3708 3796 Casam

2199 3835 2398 3904 Ponti,
2428 3846 2534 3893 etc.
2577 3856 2595 3889 ι
2662 3835 2836 3906 Hujus
2888 3848 3067 3893 tamen
3120 3841 3407 3912 scriptoris
3450 3831 3704 3894 sententia.

2197 3931 2323 3988 licet
2363 3947 2426 3987 ea
2455 3931 2588 3987 viris
2621 3931 2848 3987 eruditis
2877 3934 3136 4001 probetur
3169 3935 3308 4006 (10),
3343 3932 3479 3989 haud
3505 3927 3703 4000 equidem

2197 4026 2373 4082 libens
2409 4026 2753 4082 accesserim.
2799 4023 2934 4080 Nam
2983 4027 3037 4081 in
3075 4027 3323 4098 epistola:
3365 4022 3608 4098 synodica
3639 4017 3701 4072 in-

2197 4120 2509 4190 scriptione,
2546 4134 2710 4189 quam
2739 4118 2926 4174 Patres
2959 4119 3123 4189 hujus
3170 4121 3391 4178 concilii
3428 4116 3701 4187 scripserunt

2197 4214 2264 4269 ad
2290 4211 2606 4284 Dionysium
2640 4210 2898 4268 Romana:
2931 4212 3082 4269 urbis
3115 4212 3428 4286 episcopum
3467 4216 3516 4264 et
3544 4205 3600 4260 ad
3618 4200 3701 4256 lla-

2195 4307 2400 4360 ximum
2431 4303 2860 4360 Alexandrinum
2904 4304 3056 4376 (Η),
3110 4315 3236 4360 cum
3292 4303 3577 4374 complures
3615 4294 3700 4366 61’“

2195 4396 2345 4466 scopi
2391 4404 2516 4467 post
2551 4393 2809 4450 Helenum
2840 4393 3168 4451 Tarsensem
3202 4397 3554 4454 nominentur,
3597 4399 3698 4442 nus'

2192 4487 2339 4557 piam
2373 4494 2650 4556 comparet
2665 4493 2850 4541 noster
2865 4484 3158 4556 Gregorius
3173 4503 3186 4540 :
3203 4484 3550 4544 nominandus
3571 4475 3698 4534 enim-

2194 4592 2324 4634 vero
2349 4577 2394 4633 si
2420 4577 2637 4635 demum
2671 4574 2967 4641 adfuisset;
3001 4577 3096 4648 qui
3124 4579 3379 4636 nimirum
3407 4578 3534 4632 inter
3551 4569 3697 4626 Patres

2193 4670 2486 4726 anterioris
2517 4669 2732 4726 concilii
2754 4668 3078 4725 Antiocheni
3110 4673 3340 4727 maxime
3358 4666 3581 4726 enituisse
3600 4672 3694 4715 nar-

523 4767 618 4822 ubi
664 4763 916 4836 cognovit
949 4779 1060 4818 non
1093 4763 1278 4834 plures
1313 4778 1437 4819 esse
1477 4779 1640 4833 quam
1681 4763 2086 4833 septemdecim,
2117 4789 2158 4846 ο
2192 4781 2364 4827 retur.
2411 4769 2570 4837 Quod
2603 4777 2785 4824 autem
2831 4783 3120 4826 censemus
3170 4770 3238 4825 de
3283 4767 3464 4825 Libelli
3503 4752 3694 4832 synodici

523 4860 636 4916 Deo
661 4860 864 4930 gratias
893 4872 1092 4928 agens:
1119 4875 1138 4908 ι
1175 4855 1419 4911 Totidem
1445 4857 1685 4927 quidem,
1709 4856 1904 4926 inquit,
1931 4854 2090 4910 Chri-

522 4954 594 5009 sti
633 4953 792 5008 fidem
831 4951 1242 5023 profitebantur,
1289 4966 1398 5021 quo
1440 4960 1684 5021 tempore
1727 4951 1870 5006 hanc
1893 4949 2083 5006 Eccle-

523 5047 660 5100 siam
715 5044 1009 5116 regendam
1071 5042 1284 5113 suscepi
1335 5043 1433 5115 ('7).
1479 5062 1498 5096 ι
1530 5041 1757 5114 Reliqua
1786 5043 1902 5113 ejus
1936 5052 2086 5113 gesta

522 5138 884 5209 praeterimus,
921 5136 1061 5192 infra
1092 5136 1379 5207 repetenda
1407 5151 1532 5190 cum
1556 5151 1620 5192 ex
1649 5145 1893 5192 veterum
1931 5137 2086 5193 testi-

621 5299 670 5368 Ι)
709 5297 787 5352 De
817 5295 921 5353 vir.
952 5296 1175 5364 illustr.,
1209 5312 1330 5368 cap.
1360 5295 1450 5351 65.

615 5367 670 5437 2)
713 5368 856 5423 Hist.
888 5369 1042 5438 eet-1.,
1079 5369 1173 5423 lib.
1205 5367 1283 5432 γι,
1314 5383 1432 5438 cap.
1467 5367 1579 5438 '50.,
1606 5427 1608 5431 _

621 5440 673 5508 ὅ)
723 5438 829 5510 Yit.
872 5437 1101 5510 S.Greg.
1131 5437 1611 5510 Thaum.,’cap._8.

617 5511 670 5580 4)
842 5507 1066 5577 Christ.,
1093 5519 1228 5566 tom.
1259 5508 1301 5576 l,
1344 5524 1467 5579 pag.
1491 5507 1605 5563 501,

591 5580 669 5650 (5)
709 5579 877 5700 ΙὲΓίει.
907 5580 996 5634 64.

593 5650 671 5700 (6i
771 5651 859 5700 ist.
891 5650 1043 5700 eccl..
1075 5649 1170 5700 lib.
1200 5665 1278 5700 vr.
1309 5664 1427 5700 can.
1451 5651 1482 5700 5

771 5651 859 5702 ist.
891 5650 1043 5712 eccl.,
1075 5649 1170 5702 lib.
1200 5665 1278 5710 Vl,
1309 5664 1427 5718 cap.
1451 5649 1540 5706 50.

616 5650 648 5702 6
715 5650 859 5702 Hist.
891 5650 1043 5712 eccl.,
1075 5650 1170 5702 lib.
1200 5665 1278 5710 Vl,
1309 5664 1427 5718 cap.
1451 5650 1540 5706 50.

530 5731 539 5742 ·
592 5651 671 5790 27)
709 5717 939 5789 Nyssen.
981 5718 1086 5773 Vit.
1125 5717 1353 5791 S.Greg.
1383 5720 1630 5788 Thaum,
1662 5736 1777 5792 cap.
1813 5720 1882 5776 28

2197 4873 2440 4928 auctore,
2463 4862 2604 4916 idem
2639 4861 3048 4933 intelligendum
3081 4862 3452 4920 existimamus
3481 4856 3539 4912 de
3557 4850 3691 4909 Theo'

2191 4957 2328 5012 doro
2358 4955 2707 5021 Balsamone,
2739 4955 2830 5026 qui
2861 4951 3089 5010 Paulum
3118 4954 3520 5012 Samosatenum
3547 4959 3572 5000 a
3591 4940 3690 4996 Gre-

2191 5049 2345 5120 gorio
2377 5046 2784 5118 Thaumaturgo
2829 5046 3061 5117 aliisque
3106 5046 3276 5104 fuisse
3315 5041 3586 5116 depositum
3613 5040 3688 5086 tra-

2193 5141 2272 5196 dit
2327 5139 2481 5211 (l2),
2543 5137 2821 5193 laudatum
2880 5139 3088 5196 scilicet
3141 5151 3461 5212 anonymum
3507 5130 3687 5186 fortasse

2389 5295 2721 5378 ﬁistneccl?
2759 5292 2855 5348 lib.
2886 5310 3140 5378 \‘It,_cap.
3171 5295 3276 5378 2.8;
3313 5367 3326 5378 _
3376 5365 3388 5378 .
3473 5357 3524 5378 Ν

2760 5343 2906 5436 'Lé'p.‘
2922 5343 3439 5436 '2'7,"apudvi"abric.
3465 5352 3586 5415 Bibl.
3611 5343 3682 5402 (ἓν.

2193 5436 2334 5497 tom.
2359 5436 2453 5506 ΧῘ,
2482 5454 2606 5509 pag.
2633 5436 2754 5516 196.
3611 5495 3620 5505 .

2193 5509 2660 5635 nagioggalzsloné:
2683 5507 2899 5561 dissert.
2914 5502 2989 5559 De
3021 5505 3343 5567 cult.J.C.a
3372 5492 3679 5577 Mag.adhtb-»

2187 5578 2309 5652 pag.
2339 5578 2570 5644 26,’not.
2599 5578 2652 5632 8.

2257 5653 2368 5724 (ll)
2408 5650 2631 5724 Euseb,
2664 5645 2808 5724 Hist.
2838 5645 2990 5724 ecci.,
3021 5647 3114 5702 lib.
3147 5668 3244 5724 vn,
3283 5667 3399 5722 cap.

2259 5710 2370 5794 (I2)
2410 5710 2672 5785 Balsam.,
2704 5716 2888 5774 Schol.
2921 5710 2982 5770 iu
3005 5733 3125 5775 can.
3154 5710 3242 5778 21'
3272 5710 3548 5780 magna.
