4028 6214
331 230 432 289 965

1168 240 1225 294 S.
1265 238 1657 297 GREGOHIUS
1693 237 2287 298 THAUMATURGUS.
2320 270 2391 281 —
2420 240 2715 298 NOTITIA.

3448 255 3551 312 960

329 357 650 405 assectatus.
709 346 907 405 Verum
973 350 1058 406 his
1117 354 1326 421 missis,
1388 356 1454 411 ad
1518 355 1687 411 sancti
1714 353 1891 409 Patris
1916 390 1963 447 Α
1994 355 2249 422 positione
2291 355 2552 420 recitatis,
2592 356 2772 425 priore
2816 356 2936 412 loco
2978 360 3140 417 citato
3186 361 3302 418 haec
3334 366 3546 425 subdit:

330 441 504 495 nostri
556 440 757 511 scripta
822 444 1054 500 breviter
1112 448 1439 502 recensenda
1496 462 1554 503 se
1607 454 1885 503 convertat

328 532 528 585 oratio.

329 620 497 694 ll.__S.
528 621 764 693 Gregorii
826 623 1100 694 Expositio
1169 628 1289 682 fidei
1354 630 1605 685 divinitus
1657 632 1880 686 dictata.

402 690 647 746 Veterani
696 690 1005 749 testimoniis
1059 698 1364 753 authentico
1408 717 1518 755 esse
1554 702 1877 769 perhibetur.

395 809 539 861 Inter
583 807 800 876 pietatis
848 823 911 863 ac
958 808 1217 867 doctrina:
1267 822 1637 880 monumenta,
1665 812 1883 869 Neocae-

320 901 554 955 sariensi
582 900 835 957 Ecclesiae
867 910 1122 972 tanquam
1160 906 1459 975 pretiosum
1494 907 1879 976 patrimonium

317 989 625 1059 aGregorio
653 992 859 1055 relicta,
886 992 1008 1063 jure
1035 1010 1142 1065 prae
1174 996 1427 1051 omnibus
1456 996 1760 1051 celebratur
1789 998 1880 1052 illa

316 1080 597 1151 Expositio
657 1084 814 1151 ﬁdei,
870 1100 1035 1155 quam
1081 1086 1167 1140 vir
1218 1086 1572 1142 admirandus
1621 1088 1880 1145 divinitus

314 1173 573 1227 dictatam
639 1176 885 1243 protinus
946 1177 1138 1233 litteris
1195 1178 1481 1233 mandasse
1547 1179 1875 1248 perhibetur.

315 1263 609 1334 Gregorius
634 1263 933 1336 Nysseuus,
956 1267 1050 1336 qui
1096 1283 1209 1323 rem
1258 1269 1311 1324 in
1352 1270 1470 1339 ejus
1500 1270 1619 1325 Vita
1650 1271 1880 1327 ﬁdeliter

312 1364 527 1420 narrat,
578 1356 778 1426 quique
822 1359 1030 1427 primus
1067 1360 1310 1415 omnium
1364 1362 1503 1417 idem
1555 1363 1676 1418 ﬁdei
1722 1363 1879 1435 Sym-

311 1448 501 1503 bolum
528 1448 811 1518 descripsit
837 1450 970 1521 (15),
998 1450 1065 1504 ad
1090 1450 1267 1519 ipsum
1300 1451 1688 1525 Thaumaturgi
1721 1456 1879 1509 αὑτό-

310 1556 522 1611 γραφον
553 1549 806 1609 provocat
837 1541 921 1594 his
954 1542 1135 1597 verbis
1168 1542 1277 1614 (14)
1307 1559 1320 1595 ;
1358 1545 1425 1597 Εἴ
1452 1562 1533 1608 τις
1563 1545 1697 1616 τῷδε
1729 1548 1880 1615 φίλος

308 1633 445 1703 περὶ
501 1631 686 1685 τούτου
746 1632 1059 1703 πεισθῆναι,
1125 1634 1369 1687 ἀκουέτω
1404 1635 1500 1707 τῆς
1534 1636 1873 1709 Ἐκκλησίας,

1992 448 2087 509 Ὦς
2132 464 2213 510 τις
2246 447 2352 500 τῶν
2388 449 2568 520 μικρῷ
2618 449 2848 520 πρόσθεν
2900 450 3172 526 θεοφόρων
3229 456 3549 532 ἐφιλοσόφη-

1987 554 2113 590 σεν;
2148 556 2166 587 ι
2200 536 2270 591 Ut
2292 538 2562 608 quispiam
2587 538 2775 593 divino
2803 542 3026 597 numine
3054 545 3263 602 amatus
3294 548 3440 605 haud
3474 552 3550 608 ita

1984 627 2191 697 pridem
2260 629 2674 697 philosophatus
2720 639 2822 685 est.
2859 648 2878 681 ι
2947 631 3063 697 Qua
3116 651 3245 692 sane
3294 638 3551 708 loquendi

1984 718 2193 772 ratione
2225 720 2531 790 theologum
2565 721 2869 789 respexisse
2898 722 2967 776 ad
2994 721 3388 800 Thaumaturgi
3426 746 3554 801 apo.

1982 810 2263 880 calypsim,
2315 826 2411 866 seu
2455 812 2521 865 ad
2555 813 2681 881 ﬁdei
2716 813 3021 883 Symbolum
3054 818 3268 874 ctelitus
3313 821 3415 891 ipsi
3463 839 3551 879 re-

1982 902 2239 969 velatum,
2267 903 2423 972 cujus
2454 905 2617 959 verba
2648 906 2806 975 paulo
2840 916 2965 961 ante
2994 919 3305 979 usurparat,
3341 915 3552 969 monuit

1983 993 2111 1047 olim
2142 993 2288 1051 Elias
2329 994 2620 1063 Cretensis,
2658 1009 2717 1053 ut
2768 1011 2888 1069 post
2928 1001 3145 1056 Billium
3192 1005 3258 1058 ad
3292 1020 3415 1059 eum
3467 1008 3549 1062 lo-

1982 1098 2106 1137 cum
2138 1085 2552 1142 adnotabamus.
2580 1090 2660 1144 Ad
2686 1091 2797 1145 haec
2823 1092 3051 1149 Ruﬁnus
3071 1096 3314 1150 eamdem
3346 1097 3549 1169 Grego-

1982 1174 2188 1230 rianam
2218 1176 2617 1247 Expositionem
2651 1196 2715 1235 ex
2749 1182 3016 1254 Nysseno,
3054 1195 3111 1241 ut
3143 1188 3359 1256 quidem
3393 1200 3547 1260 puto,

1980 1270 2321 1340 desumptam
2371 1288 2483 1327 sua:
2525 1276 2760 1329 versioni
2806 1277 3127 1335 Eusebianaa
3158 1281 3416 1339 Historia
3456 1285 3542 1339 in-

1980 1361 2152 1415 texuit
2193 1361 2326 1433 (I8).
2388 1364 2566 1433 Ipsam
2637 1376 2892 1435 praeterea
2960 1379 3216 1442 tanquam
3272 1374 3545 1432 sincerum

1982 1448 2367 1523 'l‘haumaturgi
2416 1452 2582 1509 fetum
2634 1468 2970 1527 agnoverunt
3021 1459 3208 1515 Patres
3255 1463 3308 1517 in
3358 1468 3545 1534 quinta

1981 1543 2314 1597 acumenica
2351 1545 2555 1614 synodo
2584 1548 2913 1617 congregati.
2942 1547 3145 1603 Omitto
3168 1549 3406 1606 Nicetam
3428 1554 3543 1622 (19)

1981 1635 2222 1705 aliosque
2284 1638 2573 1705 scriptores
2621 1637 2837 1694 Grazcos
2905 1641 3046 1712 apud
3096 1642 3351 1698 Allatium
3402 1644 3542 1716 (20),

309 1726 374 1776 ὲν
403 1719 632 1795 ᾖταῦτα
674 1724 960 1795 ἐκήρυττε,
1004 1726 1133 1795 παρ’
1159 1720 1242 1788 οἷς
1277 1726 1415 1780 αὐτὰ
1450 1727 1518 1781 τὰ
1552 1730 1876 1801 χαράγματα

1978 1728 2071 1796 qui
2108 1726 2352 1780 eamdem
2387 1726 2695 1783 laudarunt.

306 1816 414 1885 τῆς
446 1815 717 1887 μακαρίας
759 1815 969 1885 ἐκείνης
1008 1817 1188 1887 χειρὸς
1221 1818 1388 1871 εἰσέτι
1428 1820 1519 1873 καὶ
1554 1820 1647 1874 νῦν
1681 1810 1875 1876 διασώ-

308 1906 485 1971 ζεται.
538 1908 595 1961 1d
637 1916 769 1962 est:
822 1926 840 1959 ί
874 1906 1029 1973 Quod
1078 1910 1123 1963 si
1172 1910 1293 1978 quis
1342 1910 1408 1965 de
1458 1912 1559 1967 hac
1610 1929 1667 1967 re
1716 1913 1871 1968 ﬁdem

307 1998 417 2053 sibi
447 1998 561 2052 ﬁeri
601 2000 769 2069 cupit,
813 2000 1003 2055 audiat
1037 1999 1338 2056 Ecclesiam
1381 2002 1433 2056 in
1465 2018 1571 2073 qua
1602 2005 1702 2059 iSta
1734 2021 1871 2075 prin-

305 2091 561 2157 dicabat;
631 2093 772 2163 apud
836 2109 999 2163 quam
1054 2109 1114 2148 ea
1170 2094 1288 2164 ipsa
1350 2096 1511 2151 verba
1563 2097 1715 2151 beata
1784 2098 1872 2153 illa

309 2200 477 2238 manu
520 2194 777 2251 exarata,
825 2202 971 2242 nunc
1009 2187 1170 2241 etiam
1217 2189 1393 2244 adhuc
1443 2200 1809 2245 asservantur.
1848 2210 1866 2243 ι

302 2276 583 2346 Additque
614 2275 1104 2332 Neocaesarieusem
1144 2277 1441 2334 Ecclesiam
1490 2282 1555 2335 ad
1595 2296 1749 2336 suam
1781 2298 1873 2337 us-

301 2385 414 2439 que
445 2379 656 2425 aatatem
695 2371 747 2425 in
783 2386 844 2426 ea
878 2372 1001 2425 ﬁdei
1042 2370 1391 2427 confessione
1443 2375 1766 2439 institutam,
1799 2376 1870 2430 ab

302 2460 458 2513 omni
522 2460 773 2516 haeretica
839 2463 1104 2532 pravitate
1165 2465 1420 2519 intactam
1484 2465 1867 2534 permansisse.

301 2548 367 2605 Id
418 2552 594 2621 ipsum
650 2561 877 2608 testatur
920 2553 1153 2609 Basilius
1204 2553 1429 2621 Magnus
1459 2554 1687 2627 Nysseni
1748 2572 1870 2626 ger-

304 2656 510 2696 manus
580 2641 781 2708 frater,
835 2641 1295 2699 Neocaesarienses
1348 2644 1660 2709 allocutus;
1712 2645 1870 2714 cujus

302 2734 475 2788 verba
513 2744 751 2789 veterum
796 2735 1119 2789 testimoniis
1166 2736 1231 2789 de
1272 2734 1677 2805 Thaumaturgo
1734 2735 1870 2790 infe-

302 2827 425 2880 rius
455 2825 638 2881 relatis
684 2826 946 2891 addenda,
984 2826 1251 2896 ejusmodi
1285 2837 1413 2883 sunt
1443 2828 1554 2895 (15)
1583 2844 1596 2881 :
1630 2828 1869 2892 Πίστεως

300 2918 363 2973 δὲ
413 2918 510 2988 τῆς
550 2918 844 2989 ἡμετέρας,
879 2917 960 2981 τίς
1010 2919 1075 2972 ἂν
1126 2919 1220 2972 καὶ
1248 2920 1455 2987 γένοιτο
1505 2920 1867 2992 ὲναργεστὲρα

295 3010 598 3076 ἀπόδειξις,
633 3011 664 3082 ἢ
697 3013 777 3064 ὅτι
806 3011 1098 3082 τραφέντες
1124 3015 1288 3083 ἡμεῖς
1323 3012 1424 3065 ὑπὸ
1448 3012 1600 3085 τίτθῃ
1626 3013 1865 3085 μακαρίᾳ
1891 3059 1931 3117 C

294 3105 540 3173 γυναικὶ,
572 3105 701 3175 παρ’
735 3104 885 3174 ὑμῶν
912 3105 1249 3176 ὡρμημένης
1282 3105 1566 3177 Μακρίναν
1598 3106 1737 3175 λέγω
1767 3106 1861 3177 τὴν

294 3194 642 3267 περιϐόητον,
686 3194 814 3265 παρ’
846 3189 912 3264 ἧς
954 3194 1303 3267 ἐδιδάχθημεν
1342 3197 1409 3250 τὰ
1446 3195 1538 3250 τοῦ
1582 3214 1861 3268 μακαριω-

293 3287 461 3340 τάτου
490 3287 784 3358 Γρηγορίου
819 3288 1057 3357 ῥήματα,
1085 3289 1184 3341 ὅσα
1217 3289 1351 3360 πρὸς
1385 3288 1550 3360 αὐτὴν
1576 3290 1863 3363 ἀκολουθιᾳ

295 3378 521 3449 μνήμης
572 3375 896 3430 διασωθέντα
948 3378 1079 3448 αὐτή
1139 3395 1196 3432 τε
1243 3378 1545 3446 ἐφύλασσε,
1598 3380 1691 3433 καὶ
1720 3382 1864 3451 ἡμᾶς

290 3468 379 3521 ἔτι
428 3467 651 3537 νηπίους
704 3468 860 3530 ὄντας
907 3466 1133 3521 ἔπλαττε
1185 3469 1277 3521 καὶ
1329 3470 1568 3540 ὲμόρφου
1616 3472 1727 3533 τοῖς
1764 3472 1861 3542 τῆς

290 3558 577 3622 εὐσεϐείας
607 3558 889 3629 δόγμασιν.
926 3558 1036 3613 Hoc
1069 3568 1189 3614 est:
1224 3579 1242 3611 t
1274 3558 1481 3615 Nostra:
1515 3569 1695 3615 autem
1739 3563 1860 3618 ﬁdei

290 3665 420 3719 qua:
464 3650 636 3718 possit
687 3650 988 3704 evidentior
1039 3665 1160 3705 esse
1202 3652 1469 3721 probatio,
1522 3668 1684 3722 quam
1716 3654 1860 3723 quod

289 3742 514 3797 educati
575 3758 765 3798 sumus
808 3743 909 3798 sub
962 3745 1079 3798 avia
1118 3745 1273 3798 beata
1324 3744 1565 3809 muliere,
1599 3760 1665 3799 ex
1706 3746 1860 3802 vobis

291 3841 461 3891 orta?
517 3837 809 3893 Macrinam
850 3839 972 3893 dico
1024 3839 1427 3894 celeberrimam
1474 3840 1644 3904 illam,
1691 3856 1720 3894 a
1750 3857 1858 3911 qua

291 3927 474 3983 edocti
519 3943 711 3982 sumus
755 3928 1052 3982 beatissimi
1086 3928 1328 3998 Gregorii
1374 3928 1568 3993 verba;
1606 3945 1859 3998 quaecun-

290 4034 404 4089 que
420 4034 592 4088 usque
606 4020 670 4073 ad
689 4020 859 4089 ipsam
883 4022 1156 4074 memoriae
1188 4021 1594 4075 continuatione
1630 4024 1857 4091 perlata,

290 4128 423 4166 cum
486 4112 606 4181 ipsa
656 4112 1030 4177 conservabat,
1083 4122 1194 4167 tum
1255 4128 1355 4168 nos
1400 4114 1579 4168 adhuc
1627 4114 1859 4171 infantes

288 4204 513 4273 pietatis
566 4206 912 4274 dogmatibus
968 4205 1199 4275 ﬁngebat
1246 4215 1299 4259 et
1346 4207 1690 4262 informabat.
1722 4227 1739 4259 ι
1795 4208 1859 4264 Et

286 4296 421 4349 alibi
469 4294 581 4365 (16)
617 4312 632 4347 ;
672 4297 766 4349 Ἓν
810 4295 984 4349 τοίνυν
1030 4296 1136 4349 τῶν
1176 4296 1505 4369 Γρηγορίου,
1544 4298 1637 4350 καὶ
1693 4300 1721 4352 ὁ
1765 4300 1858 4353 νῦν

2047 1814 2180 1881 Quae
2211 1831 2334 1870 cum
2380 1816 2450 1869 ita
2484 1818 2611 1884 sint,
2649 1818 2761 1887 jam
2814 1822 2994 1879 nullus
3026 1823 3093 1878 de
3126 1824 3288 1894 hujus
3313 1824 3544 1896 Exposi-

1978 1908 2136 1961 tionis
2183 1908 2439 1980 αὐθεντίᾳ
2481 1910 2758 1965 dubitandi
2808 1912 2959 1967 locus
3002 1913 3345 1984 relinquitur.
3382 1915 3541 1982 Quod

1976 1998 2022 2053 si
2065 1999 2192 2068 quis
2227 1998 2447 2055 Eusebii
2494 2002 2768 2057 silentium
2831 2017 2895 2057 ac
2931 2002 3245 2075 Hieronymi
3293 2006 3538 2076 objiciat,

1974 2090 2118 2145 haud
2158 2092 2405 2161 equidem
2439 2092 2706 2148 afﬁrmare
2747 2096 2922 2149 ausim
2958 2096 3023 2150 de
3055 2096 3384 2155 Caesariensi-
3419 2101 3538 2170 epi-

1974 2195 2160 2249 scopo,
2214 2181 2390 2251 ipsum
2443 2194 2720 2253 propterea
2771 2184 3006 2253 Symboli
3065 2186 3190 2255 ﬁdei
3219 2186 3538 2258 Gregoriani

1973 2269 2165 2324 nullibi
2206 2271 2533 2327 mentionem
2582 2272 2853 2342 injecissc,
2887 2277 3029 2345 quod
3066 2276 3199 2331 illud
3230 2287 3374 2333 esset
3403 2280 3537 2336 satis

1972 2368 2225 2415 accurata
2259 2363 2325 2417 de
2356 2364 2697 2419 sanctissima
2721 2364 2980 2423 Trinitate
3012 2370 3281 2440 ὁμοουσίῳ
3319 2372 3537 2439 exposi-

1970 2453 2047 2507 tio
2081 2470 2095 2505 :
2131 2454 2254 2509 licet
2302 2455 2605 2512 observarit
2654 2458 2781 2512 olim
2813 2458 3205 2532 Photius(21),
3240 2460 3535 2519 Eusebium

1972 2542 2026 2597 in
2056 2560 2153 2600 sua
2180 2544 2419 2601 Historia
2449 2550 2857 2618 praetermittere
2899 2554 3247 2609 consuevisse
3277 2570 3534 2626 quazcun-

1972 2650 2077 2705 que
2119 2637 2447 2706 impietatem
2492 2640 2747 2693 Arianam
2788 2640 3105 2711 impugnare
3148 2653 3241 2697 aut
3293 2654 3535 2702 evertere

1970 2727 2298 2783 viderentur.
2352 2729 2431 2783 Ad
2468 2728 2851 2801 Hieronymum
2903 2741 3080 2787 autem
3124 2735 3267 2803 quod
3319 2738 3533 2806 attinet,

1969 2833 2127 2873 nemo
2178 2820 2351 2874 nescit
2402 2830 2650 2875 sanctum
2706 2820 2978 2877 doctorem
3034 2825 3087 2877 in
3139 2842 3240 2880 suo
3290 2828 3361 2882 De
3407 2832 3531 2885 viris

1969 2910 2264 2966 illustribus
2322 2912 2462 2967 libro
2521 2913 2809 2982 ipsummet
2852 2913 3145 2969 Eusebium
3212 2918 3530 2989 plerumque

1970 3005 2250 3060 assectari.
2295 3004 2555 3074 Quisquis
2606 3014 2864 3075 praeterea
2918 3008 3031 3062 sive
3070 3007 3361 3064 Eusebium
3415 3014 3529 3067 sive

1966 3096 2351 3168 Hieronymum
2415 3098 2634 3152 silentes
2690 3098 2951 3161 inducat,
3009 3116 3117 3169 quo
3170 3101 3528 3171 Expositiom's

1964 3188 2307 3259 Gregorianae
2333 3190 2489 3244 ﬁdem
2518 3190 2708 3251 elevet,
2731 3204 2918 3244 eorum
2947 3193 3252 3248 meminerit
3270 3210 3389 3264 qua:
3413 3205 3528 3251 tum

1962 3281 2029 3338 de
2061 3282 2297 3351 Syriacis
2330 3280 2625 3336 Clementis
2664 3280 2892 3335 Romani
2942 3285 3175 3351 epistolis
3231 3286 3365 3358 (22),
3411 3297 3527 3343 tum

1962 3375 2028 3430 de
2052 3374 2263 3429 Claudii
2297 3374 2625 3444 Apollinaris
2660 3374 2797 3428 libro
2831 3372 2905 3427 De
2926 3374 3185 3430 Paschate
3213 3378 3341 3432 alibi
3383 3379 3524 3433 dixi-

1962 3482 2087 3522 mus
2113 3466 2248 3538 (25).
2280 3465 2349 3521 At
2376 3466 2442 3521 de
2476 3465 2699 3535 reliquis
2739 3466 2911 3522 sancti
2948 3467 3122 3524 Patris
3164 3470 3380 3541 scriptis
3411 3487 3525 3528 ser-

1962 3573 2177 3612 monem
2213 3572 2630 3627 prosequamur.

1961 3672 2047 3726 lll.
2089 3673 2445 3742 Metaphrasis
2480 3674 2533 3728 in
2560 3673 2920 3730 Ecclesiasten
2966 3674 3023 3730 S.
3052 3674 3300 3742 Gregorio
3336 3681 3525 3733 asseri-

2032 3752 2137 3801 tur.
2178 3744 2251 3797 De
2287 3743 2382 3796 hoc
2423 3759 2571 3811 opere
2612 3746 2737 3816 quid
2772 3746 2997 3809 Hillius,
3040 3743 3170 3814 quid
3196 3747 3473 3816 Bengelius
3498 3752 3524 3802 Ρ

2031 3833 2425 3904 Expositionem
2455 3835 2580 3903 ﬁdei
2632 3837 2832 3905 excipit
2860 3836 3208 3904 Metaphrasis
3256 3839 3310 3890 in
3336 3837 3522 3892 Eccle-

1961 3928 2177 3991 siasten,
2231 3942 2393 3997 quam
2450 3938 2636 3983 noster
2666 3928 2960 3998 Gregorius
3008 3929 3522 3998 magniﬁcentissime

1960 4021 2192 4090 scripsit,
2228 4019 2409 4089 judice
2444 4019 2639 4075 Ruﬁno
2667 4020 2821 4091 (24);
2871 4020 3067 4073 brevem
3107 4021 3252 4075 illam
3286 4023 3519 4091 quidem,

1961 4112 2050 4166 sed
2092 4110 2241 4165 valde
2276 4112 2479 4176 utilem,
2523 4112 2597 4166 ait
2636 4111 2996 4183 Hieronymus
3030 4111 3142 4180 (25)
3171 4129 3183 4165 :
3218 4113 3311 4183 qui
3340 4122 3391 4167 et
3420 4130 3521 4169 suo

1961 4200 2347 4256 Commentario
2387 4205 2437 4256 in
2484 4202 2832 4257 Ecclesiasten
2900 4201 3155 4255 nonnulla
3216 4219 3282 4256 ex
3333 4205 3520 4259 eadem

1958 4293 2287 4365 Metaphrasi
2344 4297 2611 4365 descripta
2664 4296 2928 4361 intexens,
2982 4294 3097 4349 lucc
3151 4294 3309 4349 habet
3367 4297 3515 4366 (26):

287 4388 702 4459 ἀναλεγόμενος
742 4390 937 4461 τρόπος
975 4388 1074 4458 τῆς
1110 4389 1413 4457 δοξολογίας
1456 4391 1622 4456 ἐστὶν,
1659 4393 1722 4444 ἐκ
1760 4394 1857 4464 τῆς

1970 4386 2090 4441 tVir
2119 4397 2372 4453 sanctus,
2407 4387 2700 4458 Gregorius
2731 4386 2887 4440 Ponti
2922 4387 3230 4457 episcopus,
3272 4389 3521 4460 Origenis

286 4481 499 4533 ἐκείνου
552 4481 897 4551 παραδόσεως
948 4485 1014 4552 τῇ
1070 4481 1363 4552 Ἐκκλησία
1422 4482 1851 4554 πεφυλαγμένος.

293 4570 509 4626 «Unum
556 4572 736 4640 itaque
763 4588 829 4626 ex
855 4571 1099 4643 Gregorii
1146 4573 1405 4627 institutis
1434 4584 1535 4639 est,
1572 4575 1734 4629 etiam
1767 4577 1854 4631 ille

286 4665 407 4733 ipse
436 4665 841 4735 gloriﬁcationis
888 4666 1100 4730 modus,
1127 4665 1215 4721 cui
1251 4680 1396 4719 nunc
1438 4667 1849 4732 contradicitur,

282 4772 357 4813 ex
386 4757 532 4811 illius
572 4756 860 4811 traditione
909 4756 962 4809 in
994 4754 1235 4810 Ecclesia
1270 4756 1598 4811 custoditus.
1640 4776 1659 4810 ›
1714 4756 1853 4829 Nys-

284 4865 422 4905 seno
464 4860 519 4904 et
552 4847 749 4903 Basilio
783 4847 1107 4917 suffragatur
1130 4848 1425 4917 Gregorius
1456 4847 1849 4917 Nazianzenus,

284 4940 379 5009 qui
427 4939 591 4993 semel
631 4940 933 5008 iterumque
955 4938 1068 5008 (17)
1108 4939 1387 4995 nonnullis
1423 4955 1490 4995 ex
1519 4941 1704 4996 eadem
1739 4940 1849 4996 Ex-

360 5102 476 5169 (15)
509 5095 766 5169 Nyssen.,
794 5097 902 5153 Vit.
928 5097 1176 5161 Thaum.,
1209 5113 1327 5169 cap.
1360 5098 1393 5153 8
1421 5109 1473 5155 et
1498 5099 1549 5153 9.

360 5102 455 5166 (15
509 5102 766 5169 Nyssen.,
794 5102 902 5153 Vit.
928 5102 1036 5151 Tha

358 5102 476 5239 (Hi
513 5170 585 5239 id.
622 5170 776 5234 ihid.,
808 5184 925 5239 cap.
956 5170 1041 5223 10.

360 5237 705 5312 (15)__Basil.,
729 5237 896 5312 epist.
926 5239 1054 5306 204,
1097 5253 1248 5292 num.
1282 5237 1335 5305 6,
1370 5253 1496 5293 nov.
1539 5238 1667 5294 edit.
1706 5239 1844 5312 Opp.

282 5308 419 5364 tom.
454 5308 538 5371 Ill,
573 5324 694 5379 pag.
727 5309 852 5379 506.

354 5379 604 5503 (Ιϋὲῦιυη
631 5376 722 5433 lib.
764 5378 839 5432 De
873 5376 1016 5448 Spir.
1033 5388 1225 5445 sanct.,
1262 5394 1381 5449 cap.
1428 5380 1520 5448 29,
1564 5397 1714 5437 num.
1756 5384 1841 5449 74,

355 5467 405 5503 2.
516 5489 529 5501 .

320 5466 405 5503 32.
440 5466 529 5503 ου).

275 5466 655 5591 Ρὲῗίέῗορτω-
685 5518 773 5591 57,
812 5534 933 5588 ρας·
968 5518 1103 5591 609;
1139 5528 1192 5574 et
1217 5520 1306 5585 40,
1340 5536 1462 5591 pag.
1493 5522 1617 5577 668.

354 5588 465 5655 (l8)
508 5588 710 5651 Rulin.,
744 5588 885 5641 Hist.
913 5590 1039 5644 eccl.
1071 5590 1163 5644 lib.
1194 5607 1289 5654 νυ,
1321 5588 1437 5658 cap:
1470 5593 1558 5646 25.

354 5662 466 5729 (lt!)
510 5658 659 5716 Thes.
696 5659 831 5715 orth.
858 5660 979 5727 ﬁd.,
1014 5661 1108 5716 lib.
1142 5676 1179 5726 ι,
1210 5675 1329 5730 cap.
1361 5661 1449 5715 '52.

1957 4478 2190 4545 auditor,
2233 4480 2285 4533 in
2330 4478 2658 4548 Metaphrasi
2694 4477 3070 4544 Ecclesiastae,
3123 4479 3197 4533 ita
3242 4479 3387 4535 hunc
3436 4482 3519 4534 lo-

1954 4585 2076 4626 cum
2123 4570 2401 4636 intellexit,
2432 4579 2535 4625 etc.
2574 4590 2592 4621 ι
2635 4587 2652 4620 t
2685 4572 2909 4624 Omnem
2951 4569 3134 4640 itaque
3166 4570 3522 4627 dubitationis

1954 4678 2164 4730 ansam,
2200 4674 2259 4717 ut
2307 4678 2430 4718 cum
2464 4662 2621 4715 Billio
2656 4662 2848 4731 loquar
2875 4662 3012 4733 (27),
3068 4664 3228 4718 nobis
3276 4666 3520 4718 eximunt

1952 4752 2311 4823 Hieronymus
2359 4765 2412 4807 ct
2439 4752 2688 4817 Ruﬁnus,
2724 4754 2822 4822 qui
2869 4754 3013 4808 hunc
3058 4753 3224 4808 fetum
3260 4770 3386 4809 vero
3418 4770 3518 4809 suo

1952 4846 2164 4915 parenti
2212 4844 2633 4899 Neocaasariensi
2692 4844 2954 4916 Gregorio
3008 4853 3285 4901 asserunt.
3359 4845 3517 4912 Quod

1950 4948 2131 4993 autem
2160 4937 2504 4993 Nazianzeno
2549 4939 2816 4993 tributum
2862 4938 3025 4993 fuerit
3070 4937 3339 5009 ejusmodi
3380 4952 3517 5007 opus

2023 5096 2135 5170 (20)
2176 5096 2344 5152 erc.
2370 5098 2532 5163 ortIt.,
2588 5108 2720 5151 tom.
2754 5096 2819 5164 ll,
2866 5113 3025 5168 pagg.
3068 5096 3195 5164 484,
3231 5097 3355 5163 755,
3386 5096 3512 5162 952,

1950 5169 2053 5225 986
2086 5181 2139 5225 et
2158 5169 2311 5223 1056.

2042 5242 2133 5306 21)
2172 5239 2340 5298 Bibl.,
2382 5237 2501 5292 cod.
2529 5253 2735 5292 cxxvn.

2040 5312 2130 5381 22)
2166 5310 2469 5381 l’rolegom.
2497 5309 2741 5381 ψιΒὲριἒ
2756 5306 2892 5371 ΡΡ.,
2924 5307 3030 5361 vol.
3062 5308 3106 5373 ι,
3135 5322 3259 5378 pag.
3293 5307 3363 5363 22
3393 5323 3509 5381 seq.

2044 5378 2133 5449 εδ)
2171 5378 2461 5449 ΙγωιΙηρειίζ.
2496 5379 2619 5440 i2l,
2657 5378 2761 5449 εδ.

2041 5446 2133 5515 24)
2174 5448 2319 5500 llist.
2356 5446 2508 5510 eccl.,
2546 5448 2635 5501 lib.
2661 5446 2760 5510 vn,
2799 5461 2919 5515 cap.
2950 5446 3041 5502 25.

2017 5517 2131 5590 (25)
2171 5518 2247 5590 _l)e
2273 5520 2389 5590 ξίν.
2418 5517 2642 5581 illustr.,
2674 5533 2791 5585 cap.
2828 5517 2914 5570 U5.

2018 5587 2129 5659 (20)
2170 5588 2224 5659 in
2256 5587 2462 5659 iEccles.
2497 5603 2615 5657 cap.
2646 5603 2715 5640 ιν.

2019 5656 2131 5730 (27)
2170 5658 2224 5713 In
2252 5658 2435 5713 Monit.
2473 5659 2536 5713 ad
2568 5656 2705 5713 orat.
2744 5672 2863 5725 qua).
2891 5658 3086 5715 dicitur
3111 5656 3389 5716 Nazianz..
3414 5660 3505 5714 55.

2018 5244 2039 5520 ἑ
