3934 6198
502 295 602 354 36⁸1

1539 284 1598 342 S.
1639 281 2039 343 GREGORIUS
2075 281 2669 343 THAUMATURGUS.

3613 283 3724 343 968

499 413 556 471 in
597 411 874 484 plerisque
925 420 1064 462 mss.
1103 403 1380 463 codicibus
1403 401 1632 469 Gracia,
1682 402 1737 457 in
1772 401 1866 457 illo
1897 402 2059 458 etiam
2089 405 2135 464 Α
2165 401 2219 457 in
2248 401 2478 458 concilio
2501 399 2822 468 Quinisexto
2844 396 2959 453 hac
2983 395 3193 453 sanctio
3213 394 3355 454 edita
3384 395 3530 469 (55):
3561 416 3583 450 ι
3612 397 3728 454 Ob-

498 503 670 575 Begio
713 497 1086 556 vetustissimo
1140 509 1299 566 quem
1365 499 1623 548 accurate
1673 489 1935 546 describit
1985 489 2058 545 cl.

495 591 937 652 Montfauconius
978 587 1110 660 (28),
1155 593 1318 657 atque
1361 582 1498 639 adeo
1550 583 1604 638 in
1653 582 1810 638 editis
1849 590 2059 638 tantum

499 702 606 744 non
632 685 887 741 omnibus
911 691 1244 752 postremum
1270 677 1450 733 locum
1478 676 1620 731 inter
1641 673 1761 745 ejus
1788 674 2060 731 orationes

495 779 780 842 obtineat;
836 786 1126 830 commune
1193 784 1394 825 nomen
1463 767 1731 823 duntaxat
1784 766 1840 822 in
1894 780 2061 821 causa

494 871 616 926 fuit.
651 869 926 936 Quantum
969 864 1112 920 enim
1161 877 1228 918 ex
1275 861 1414 934 stylo
1463 864 1832 931 conjecturam
1882 857 2064 913 facere

493 962 649 1024 licet,
692 957 906 1014 tametsi
950 954 1134 1027 negari
1180 968 1288 1008 non
1327 951 1519 1024 possit,
1543 949 1677 1021 quin
1717 951 1789 1006 sit
1823 947 2061 1005 hominis

494 1051 738 1121 apprime
771 1047 969 1104 eruditi
999 1056 1053 1102 et
1079 1044 1319 1115 copiosi;
1369 1050 1549 1096 tamen
1587 1056 1698 1095 non
1746 1054 2061 1111 usquequa-

493 1157 599 1212 que
632 1141 793 1197 refert
823 1140 1158 1196 elaboratum
1201 1135 1331 1191 illud
1367 1143 1421 1190 et
1447 1129 1817 1205 ἀπεξεσμένον
1847 1129 2057 1186 dicendi

493 1248 696 1303 genus,
741 1231 883 1301 quod
932 1229 1136 1300 passim
1186 1227 1240 1281 in
1272 1224 1599 1280 Nazianzeni
1639 1220 1854 1292 scriptis
1894 1220 2057 1276 lucet.

490 1322 873 1377 Connexiones
954 1319 1345 1376 sententiarum
1426 1315 1710 1386 aliquanto
1787 1311 2058 1378 duriores,

492 1417 864 1486 transitusque
911 1413 1278 1483 abruptiores.
1328 1408 1482 1476 Quod
1527 1407 1573 1463 si
1601 1404 1850 1477 quadam
1897 1403 2060 1458 verba

493 1506 821 1576 quandoque
852 1506 1140 1560 intertexta
1180 1502 1433 1567 fuissent,
1465 1499 1638 1554 multo
1674 1497 1890 1552 mollior
1915 1501 2061 1550 esset

493 1603 604 1652 tota
648 1607 930 1652 contextus
979 1595 1178 1658 facies,
1229 1593 1520 1661 minusque
1582 1588 1749 1644 invite
1807 1587 1948 1640 inter
2001 1596 2060 1639 se

491 1689 702 1746 coirent
730 1689 1032 1745 sententia.
1058 1687 1258 1743 Verum
1286 1684 1488 1741 idcirco
1518 1683 1748 1738 fortasse
1774 1695 1882 1736 non
1907 1675 2055 1740 iacit,

2159 495 2444 565 signemus
2475 495 2712 565 reliquos
2742 507 2934 550 omnes
2953 504 3217 555 canones,
3247 489 3337 560 qui
3374 503 3405 543 a
3437 491 3646 546 sanctis
3669 499 3732 546 et

2160 587 2332 642 beatis
2385 587 2586 642 nostris
2613 585 2866 642 Patribus
2911 582 3146 654 expositi
3176 591 3340 649 sunt;
3384 581 3437 638 id
3463 591 3549 638 est
3588 581 3732 640 Gre-

2159 679 2294 753 gorii
2320 676 2678 734 Neocasarea
2709 676 2948 748 episc0pi
2981 673 3397 746 Thaumaturgi,
3420 684 3526 730 etc.
3555 691 3578 727 ι

2228 769 2295 825 Et
2328 769 2487 841 primi
2519 767 2734 840 quidem
2765 766 2949 822 decem
2979 779 3214 821 canones
3264 763 3508 819 omnium
3533 762 3727 818 erudi-

2159 870 2337 919 torum
2379 861 2605 918 calculis
2642 861 2888 934 Gregorii
2939 857 3395 915 Neocasariensis
3443 871 3583 913 esse
3624 873 3729 912 no—

2160 961 2420 1010 scuntur:
2455 961 2511 1008 at
2543 953 2892 1008 undecimum
2921 961 2975 1008 et
3006 950 3256 1006 ultimum
3293 957 3552 1019 tanquam
3588 947 3726 1003 sub-

2157 1046 2394 1102 dititium
2417 1045 2660 1116 plerique
2678 1042 2952 1115 rejiciunt,
2974 1050 3247 1115 praeunte
3262 1041 3383 1098 viro
3402 1040 3728 1097 doctissimo

2159 1138 2371 1194 Joanne
2397 1138 2628 1205 Morino,
2659 1139 2754 1209 qui
2792 1137 3118 1194 sententiam
3171 1150 3329 1191 suam
3381 1134 3607 1204 exponit
3637 1133 3725 1189 bis

2156 1230 2340 1286 verbis
2377 1229 2488 1301 (5i)
2522 1247 2536 1285 :
2589 1247 2610 1282 ‹
2643 1227 2984 1286 Postremum
3013 1227 3164 1283 illum
3202 1241 3490 1292 canonem,
3521 1225 3724 1295 inquit,

2159 1320 2423 1393 Gregorio
2452 1319 2864 1392 Thaumaturgo
2883 1319 3226 1386 attributum,
3251 1333 3359 1372 non
3380 1331 3502 1373 esse
3526 1317 3724 1387 ipsius,

2159 1424 2219 1470 ut
2240 1415 2397 1483 vulgo
2421 1414 2658 1470 creditur
2686 1423 2740 1470 et
2768 1413 3024 1484 opinatur
3045 1411 3358 1478 Balsamon,
3407 1410 3501 1466 sed
3525 1425 3595 1465 ex
3626 1425 3723 1465 ca-

2157 1508 2394 1564 nonibus
2429 1507 2876 1579 pracedentibus,
2926 1515 2980 1561 et
3024 1504 3368 1575 potissimum
3414 1517 3484 1558 ex
3529 1509 3724 1558 sancto

2157 1599 2362 1655 Basilio
2395 1600 2681 1655 collectum
2717 1607 2774 1654 et
2795 1596 3042 1669 Gregorii
3067 1595 3367 1652 canonibus
3403 1608 3678 1649 annexum
3701 1630 3719 1657 ,

2159 1692 2510 1748 manifestum
2540 1701 2624 1748 est
2655 1691 2891 1762 primum
2938 1705 3003 1746 ex
3045 1688 3313 1744 sermonis
3339 1695 3561 1744 tenore:
3612 1700 3722 1740 non

490 1783 618 1852 quia
671 1782 894 1836 minime
935 1781 1108 1834 libero
1153 1792 1348 1848 campo
1393 1775 1636 1832 decurrit
1694 1772 1872 1829 oratio
1904 1789 1918 1827 :
1957 1769 2054 1826 sed
2087 1753 2128 1808 Β
2156 1793 2239 1840 εει
2262 1784 2407 1840 enim
2447 1753 2674 1849 canon;
2705 1783 2801 1840 sed
2851 1781 3296 1848 commentarius,
3327 1779 3491 1836 verba
3521 1777 3722 1848 quam,

489 1875 865 1931 translationis
915 1873 1073 1944 quasi
1124 1872 1378 1928 cancellis
1427 1867 1752 1941 quibusdam
1815 1866 2053 1920 circum-

489 1968 689 2038 scripta
719 1975 821 2023 est.
853 1986 873 2019 ι
926 1963 1052 2019 Hac
1082 1962 1252 2017 ferme
1280 1962 1364 2015 vir
1393 1960 1481 2016 ille
1514 1959 1730 2013 doctus.
1779 1955 2052 2011 Caterum

489 2060 556 2115 ad
583 2058 933 2115 asserendam
967 2054 1178 2111 auctori
1213 2068 1314 2108 suo
1343 2053 1482 2107 hanc
1506 2048 1890 2119 Metaphrasin,
1920 2043 2053 2100 illud

489 2164 708 2222 quoque
762 2149 997 2212 accedit,
1045 2146 1191 2217 quod
1240 2145 1295 2200 in
1343 2159 1406 2199 ea
1453 2143 1755 2214 peculiares
1802 2138 2050 2211 quadam

486 2244 792 2299 locutiones
847 2247 1177 2303 occurrunt,
1231 2236 1433 2306 quibus
1486 2236 1540 2290 in
1591 2234 1922 2304 Panegyrico
1979 2230 2050 2286 ad

493 2333 770 2406 Origenem
796 2333 969 2388 utitur
987 2331 1450 2401 Thaumaturgus,
1477 2337 1535 2382 ut
1559 2326 1612 2382 in
1635 2325 1895 2396 subjectis
1923 2337 2050 2378 eru-

487 2429 586 2484 diti
614 2427 851 2497 Bengelii
883 2423 1324 2481 adnotationibus
1346 2421 1530 2476 videre
1564 2427 1676 2486 est;
1709 2417 1802 2489 qui
1831 2427 1886 2472 et
1918 2415 2049 2471 illud

487 2519 596 2574 huc
630 2519 905 2589 pertinens
957 2516 1108 2571 addit
1155 2513 1270 2586 (29)
1308 2529 1322 2566 :
1359 2529 1378 2564 ‹
1410 2510 1668 2566 Modestia
1691 2550 1707 2576 ,
1772 2508 2046 2578 inquiens,

485 2627 609 2683 qua
636 2610 852 2680 quidem
895 2608 1060 2662 totius
1079 2605 1322 2678 Gregorii
1363 2604 1729 2659 characterem
1757 2599 2047 2672 quemdam

485 2701 817 2773 singularem
867 2698 1088 2762 facit,...
1136 2697 1195 2752 in
1243 2710 1409 2752 causa
1441 2694 1564 2761 fuit,
1616 2692 1830 2764 opinor,
1878 2699 1938 2745 ut
1979 2704 2048 2745 ex

485 2795 742 2850 omnibus
779 2791 1076 2861 Scriptura
1109 2801 1277 2842 saera
1316 2786 1469 2841 libris
1492 2785 1843 2840 Ecclesiasten
1874 2781 2050 2852 potis«

485 2890 717 2956 simum,
755 2885 1009 2942 vanitatis
1040 2883 1550 2945 demonstratorem,
1587 2875 1915 2947 Metaphrasi
1955 2889 2048 2928 or-

482 2981 725 3037 nandum
776 2985 1037 3044 sumeret,
1081 2985 1134 3031 et
1168 2975 1222 3030 in
1264 2973 1356 3028 illo
1386 2986 1550 3042 opere
1587 2977 1699 3024 tam
1734 2968 1902 3023 multa
1937 2973 2047 3021 tam

2154 1877 2449 1948 Gregorius
2478 1893 2611 1934 usus
2643 1885 2762 1932 erat
2811 1875 3113 1947 explicans.
3157 1869 3252 1929 His
3285 1873 3430 1929 enim
3470 1871 3723 1928 stationi-

2153 1968 2257 2025 bus
2283 1978 2337 2024 et
2367 1984 2553 2024 earum
2585 1968 2901 2024 nominibus
2929 1983 3064 2023 usus
3093 1974 3210 2023 erat
3239 1974 3300 2021 ut
3323 1965 3560 2036 vulgatis
3580 1964 3720 2020 etab

2152 2060 2410 2116 omnibus
2432 2059 2684 2132 cognitis,
2719 2065 2858 2114 utet
2886 2067 3108 2114 sanctus
3137 2053 3394 2119 Basilius,
3421 2051 3718 2108 concilium

2149 2147 2456 2220 Nicanum,
2478 2151 2845 2223 Ancyranum,
2863 2157 2990 2212 etc.,
3008 2163 3109 2204 nec
3133 2147 3188 2202 in
3212 2147 3455 2217 ipsorum
3481 2153 3719 2200 mentem

2154 2241 2325 2309 venit,
2353 2250 2536 2310 utpote
2562 2257 2678 2297 rem
2709 2240 2962 2296 omnibus
2990 2239 3287 2310 cognitam,
3319 2251 3413 2294 eas
3453 2236 3720 2306 interpre-

2150 2335 2276 2389 tari.
2329 2332 2531 2390 Deinde
2561 2333 2677 2404 ipse
2724 2347 2785 2389 se
2815 2332 3014 2403 prodit,
3047 2346 3171 2386 cum
3217 2329 3441 2386 scribit:
3475 2327 3719 2394 Auditio,

2137 2426 2354 2496 inquit,
2383 2436 2527 2494 etc.;
2569 2441 2694 2482 eum
2747 2427 2892 2481 enim
2934 2425 3050 2482 hac
3081 2435 3274 2482 auctor
3297 2423 3594 2488 scribebat,
3623 2422 3720 2476 ha-

2149 2516 2310 2572 bebat
2339 2519 2395 2576 in
2426 2526 2608 2573 mente
2661 2519 2837 2574 sancti
2865 2517 3047 2574 Basilii
3101 2531 3389 2582 canonem,
3447 2515 3595 2570 unde
3629 2513 3718 2568 illa

2148 2609 2524 2680 interpretatio
2539 2609 2821 2682 desumpta
2847 2620 2948 2666 est.
2966 2610 3062 2666 Est
3083 2609 3137 2664 in
3163 2609 3491 2666 bibliotheca
3520 2609 3716 2664 illustr.

2148 2699 2394 2758 Francia
2419 2702 2727 2758 cancellarii
2763 2701 3140 2774 antiquissima
3199 2716 3468 2757 canonum
3496 2701 3715 2758 Graco-

2148 2808 2270 2850 rum
2296 2792 2548 2848 collectio
2575 2807 2606 2847 a
2634 2791 2897 2864 Gregorio
2923 2791 3230 2863 patriarcha
3259 2791 3362 2846 CP.
3387 2801 3516 2848 ante
3542 2793 3717 2848 octin-

2149 2892 2341 2955 gentos
2377 2897 2552 2938 annos
2584 2881 2887 2950 elaborata,
2917 2897 3040 2954 qua
3064 2891 3290 2939 caeteros
3325 2880 3717 2953 Thaumaturgi

2149 2988 2390 3031 canones
2419 2983 2610 3045 prater
2666 2973 2830 3030 istum
2875 2972 3286 3041 complectitur
3339 2985 3718 3044 argumentum

483 3079 788 3144 Opportune
845 3070 1126 3125 scriberet.
1158 3085 1176 3120 ι
1229 3064 1401 3120 Porro
1453 3061 1746 3118 editionem
1802 3066 2044 3114 nostram
2079 3087 2124 3150 ο
2154 3066 2397 3135 evidens,
2420 3067 2871 3123 commentarium
2903 3066 3056 3121 illum
3103 3074 3227 3137 ροει
3258 3075 3470 3137 tempus
3497 3066 3720 3122 adnota.

482 3165 764 3235 exegimus
805 3165 870 3218 ad
907 3161 1268 3216 Parisiensem
1303 3172 1434 3212 ann.
1463 3155 1622 3222 1621,
1662 3154 1860 3209 additis
1911 3168 2054 3208 non-

482 3257 649 3314 nullis
701 3257 942 3310 virorum
992 3251 1328 3308 eruditorum
1387 3247 1553 3314 notis,
1618 3243 1823 3314 Vossii,
1883 3242 2050 3310 Billii,

483 3349 666 3404 Ducai
703 3357 757 3403 et
788 3344 1046 3418 Bengelii.

481 3460 574 3516 IV.
616 3459 675 3516 S.
697 3457 933 3528 Gregorii
957 3453 1197 3528 Epistula
1223 3448 1484 3528 canonica
1509 3463 1612 3518 qua
1635 3454 2048 3528 atateexarata.

554 3532 696 3596 Quid
738 3519 823 3583 π’
839 3527 936 3582 illa
981 3519 1267 3579 concilium
1309 3519 1725 3596 Quinisextum?
1771 3519 1855 3573 An
1893 3519 2056 3572 unde-

554 3593 724 3656 cimus
760 3600 873 3670 ejus
905 3612 1074 3651 canon
1109 3593 1386 3648 sincerus?

554 3723 635 3778 Ex
667 3720 914 3792 epistolis
943 3715 1116 3773 sancti
1139 3713 1320 3770 Patris
1373 3710 1568 3778 nostri,
1596 3725 1714 3781 qua:
1735 3707 1888 3780 vulgo
1915 3708 2052 3779 fere-

482 3819 678 3874 bantur
703 3833 812 3887 quo
837 3825 1080 3886 tempore
1110 3811 1379 3869 scribebat
1399 3810 1592 3865 doctor
1611 3808 1883 3863 maximus
1917 3807 2051 3877 (50),

481 3926 593 3968 una
621 3917 860 3980 superat,
881 3909 1020 3962 inter
1035 3903 1328 3961 eanonicas
1348 3901 1572 3957 Patrnm
1600 3900 1871 3972 Epistolas
1894 3908 2055 3969 atque

483 4004 542 4059 in
566 4002 934 4058 (Ionciliorum
956 3997 1286 4054 editionibus
1306 3995 1510 4067 pluries
1539 4008 1762 4050 excusa.
1787 3991 2054 4063 Episcopo

480 4097 700 4153 cuidam
732 4094 912 4159 Ponti,
947 4101 1008 4147 ut
1028 4092 1261 4156 videtur,
1310 4089 1482 4145 fuisse
1517 4087 1664 4142 illam
1708 4085 2049 4154 inscriptam,

483 4204 551 4244 ex
579 4189 700 4258 ipso
727 4185 950 4242 exordio
972 4193 1188 4241 constat
1215 4200 1231 4249 ;
1286 4197 1396 4252 quo
1420 4179 1712 4250 Gregorius
1738 4191 1864 4232 eum
1903 4191 2054 4232 com-

479 4281 710 4351 pellans,
773 4277 1064 4350 ἱερώτατον
1108 4275 1338 4330 πάππαν
1391 4269 1682 4328 nominat:
1737 4276 1870 4323 tunc
1905 4267 2051 4322 enim

480 4377 694 4432 dierum
746 4389 897 4444 papae
944 4370 1105 4441 vulgo
1141 4365 1432 4422 audiebant
1496 4361 1757 4432 episcopi.
1803 4359 1880 4414 Ea
1921 4374 2053 4416 vero

2155 3165 2269 3212 tum
2286 3155 2676 3303 :hagmaturgi
2707 3157 2961 3230 Epistola
2989 3156 3160 3214 fuisse
3180 3165 3449 3214 assutum.
3481 3176 3501 3211 ι
3535 3157 3721 3216 Hacte-

2156 3262 2262 3303 nus
2338 3288 2354 3303 .
2421 3283 2457 3302 ..

2156 3262 2262 3303 11118
2297 3262 2354 3304 Υ.
2393 3262 2457 3303 ιε.

2223 3351 2424 3409 Contra
2457 3366 2587 3407 vero
2616 3347 2826 3406 Natalis
2850 3349 3156 3405 Alexander
3204 3347 3446 3420 ejusdem
3492 3349 3718 3406 canonis

2155 3443 2428 3500 undecimi
2459 3443 2826 3499 sinceritatem
2855 3443 3059 3498 acriter
3088 3449 3393 3512 propugnat
3418 3440 3560 3512 (55),
3606 3441 3717 3512 pri-

2156 3551 2304 3591 mum
2335 3550 2402 3590 ex
2429 3535 2534 3590 fide
2577 3533 3084 3605 antiquissimorum
3131 3547 3266 3588 mss.
3319 3547 3442 3602 qua
3474 3546 3643 3602 penes
3664 3544 3720 3586 se

2156 3627 2347 3683 habuit
2375 3625 2665 3682 Balsamon
2699 3625 3011 3697 patriarcha
3050 3623 3442 3690 Antiochenus,
3470 3624 3568 3694 qui
3602 3639 3717 3678 eam

2155 3720 2399 3791 Gregorii
2426 3720 2707 3790 epistolam
2756 3717 3163 3773 commentariis
3211 3717 3327 3772 suis
3374 3716 3714 3780 illustravit;

2155 3813 2350 3868 deinde
2379 3827 2446 3867 ex
2477 3811 2649 3881 ipsius
2686 3809 2927 3880 epistola
2972 3808 3274 3864 canonibus
3309 3807 3359 3870 7,
3386 3807 3420 3862 8
3452 3820 3507 3862 et
3540 3808 3597 3872 9,
3629 3808 3717 3877 qui

2155 3905 2370 3962 eosdem
2400 3904 2754 3974 paenitentia
2811 3901 3011 3973 gradus
3039 3909 3379 3965 enumerant,
3426 3915 3572 3971 quos
3605 3914 3716 3954 me-

2155 4005 2333 4052 morat
2359 4011 2534 4052 canon
2571 3996 2630 4050 11
2660 3995 2714 4050 in
2756 3993 2982 4049 dubium
3011 4003 3256 4049 vocatus.
3284 3992 3420 4049 Aliis
3457 4000 3716 4063 praeterea

2155 4088 2328 4143 utitur
2357 4087 2691 4158 argumentis
2738 4085 2793 4141 in
2837 4085 3080 4141 eamdem
3130 4083 3474 4149 sententiam,
3511 4099 3717 4140 ‘occur-

2156 4194 2284 4236 rens
2308 4194 2415 4235 una
2465 4178 2662 4236 Morini
2711 4177 3147 4250 objectionihus;
3176 4176 3243 4232 ad
3273 4190 3434 4246 quem
3492 4177 3716 4247 proinde

2153 4271 2383 4327 lectores
2408 4270 2760 4326 remittimus.
2784 4268 3050 4326 Caterum
3085 4268 3226 4324 hanc
3265 4266 3553 4336 epistolam
3571 4266 3714 4322 exhi-

2155 4364 2347 4419 bemus
2371 4377 2437 4418 ex
2473 4362 2736 4434 Sgnodico
2767 4361 3043 4431 Beveregii
3086 4359 3218 4433 (56),
3249 4358 3462 4414 collatis
3494 4359 3714 4428 insuper

479 4474 802 4537 tempestate
824 4472 1046 4519 sanctus
1061 4460 1220 4515 Pater
1238 4457 1386 4511 illam
1407 4453 1693 4524 scripsisse
1714 4450 2049 4522 perhibetur,

2158 4455 2482 4512 editionibus
2516 4454 2916 4512 Parisiensibus
2947 4453 3283 4509 Balsamonis
3327 4467 3419 4507 au.
3473 4450 3633 4519 1620,
3664 4461 3712 4506 et

478 4572 587 4628 qua
618 4553 811 4608 Boradi
834 4561 888 4606 et
910 4548 1093 4606 Gotthi
1123 4560 1353 4618 quorum
1381 4543 1498 4614 ipse
1519 4540 1765 4597 meminit
1793 4554 2000 4596 canone
2017 4539 2052 4594 5

479 4651 622 4706 inter
649 4647 785 4702 alias
815 4643 959 4699 Asia
985 4639 1318 4714 provincias,
1357 4635 1588 4692 Pontum
1625 4647 1845 4704 quoque
1895 4632 2052 4687 invav-

479 4750 668 4801 serant
692 4741 991 4810 imperante
1013 4732 1324 4795 Valeriano,
1353 4740 1414 4784 ut
1440 4727 1602 4784 tradit
1621 4726 1878 4782 Zosimus
1901 4724 2048 4797 (5i);

477 4836 726 4905 adeoque
752 4846 897 4886 anno
929 4825 1136 4884 Christi
1189 4824 1296 4879 258
1355 4820 1558 4890 scripta
1619 4817 1790 4874 fuisse
1837 4816 2054 4872 videtur

475 4928 708 5000 epistola
748 4925 883 4996 (52).
911 4922 1049 4978 Cum
1079 4920 1263 4989 itaque
1284 4915 1722 4972 Christianorum
1743 4909 2053 4980 complures

477 5022 572 5092 qui
606 5036 672 5077 ex
711 5019 815 5074 hac
844 5017 1202 5073 barbarorum
1251 5008 1566 5066 incursione
1598 5007 1653 5061 in
1683 5003 2051 5075 captivitatem

478 5114 804 5179 inciderant,
837 5110 1009 5166 multa
1030 5115 1085 5163 et
1115 5103 1299 5177 gravia
1343 5106 1694 5174 peccassent;
1735 5097 1836 5152 hos
1879 5108 2050 5150 cano-

481 5225 577 5265 nes
609 5206 859 5263 exaravit
912 5210 1134 5259 sanctus
1176 5195 1374 5270 prasul
1413 5187 1888 5255 Neocasaricnsis,
1939 5201 2050 5256 quo

479 5315 674 5356 eorum
701 5295 862 5355 saluti
890 5295 1067 5352 bonus
1120 5297 1307 5363 pastor
1327 5283 1692 5358 prospiceret:
1722 5279 1791 5336 de
1844 5278 2048 5350 quibus

540 5459 664 5573 i332
689 5456 983 5573 ,ξαέεξεσξει
1001 5444 1432 5573 agragas:

543 5507 662 5600 (ξεῖ)
689 5507 984 5600 inﬂuat-fail
1014 5507 1174 5593 Greg.
1201 5507 1435 5600 'l'ha‘nm.
1458 5512 1742 5583 Panegyr.,
1770 5524 1893 5582 pag.
1919 5507 2046 5564 258.

551 5521 657 5600 ['29)
689 5531 746 5582 ln
773 5521 984 5582 notfad
1014 5523 1174 5593 Greg.
1201 5521 1382 5574 Thaur

551 5601 660 5672 (50)
687 5599 766 5672 De
784 5600 884 5672 vir.
895 5595 1128 5672 illustr.,
1151 5607 1276 5672 cap;
1286 5589 1382 5672 _65.

553 5649 663 5738 (5i)
688 5649 847 5738 Hist.
869 5649 1037 5738 lib._r,
1065 5649 1186 5738 pag.
1218 5649 1314 5716 '28
1342 5674 1457 5738 seq.
1505 5652 1854 5738 edit-12mm
1885 5649 2045 5706 1679.

553 5725 664 5810 (52)
691 5737 926 5799 Tillcm.,
984 5725 1162 5788 Mein.-
1181 5743 1315 5786 tom.
1342 5725 1438 5796 ιν,
1462 5743 1586 5800 pag.
1614 5725 1740 5783 559.

2151 4549 2380 4606 Zonara
2405 4549 2563 4615 1621,
2599 4549 2666 4604 ad
2698 4549 2900 4605 calcem
2930 4547 3166 4619 Operum
3193 4546 3611 4618 Thaumaturgi.

2158 4695 2218 4752 V.
2258 4695 2336 4752 De
2381 4694 2437 4751 S.
2467 4693 2705 4766 Gregorii
2745 4691 3006 4766 Oratione
3051 4691 3105 4766 in
3131 4689 3418 4766 Origenem
3490 4703 3713 4760 panegy-

2468 4762 2604 4822 riea.
2647 4765 2858 4831 Quanto
2889 4765 2945 4816 in
2968 4763 3134 4833 pretio
3163 4762 3365 4815 habita.

2221 4903 2426 4960 Ultimo
2453 4903 2575 4958 loco
2601 4899 2838 4957 stitimus
2870 4897 3177 4955 Orationem
3214 4896 3268 4950 in
3315 4894 3592 4964 Origenem
3617 4911 3709 4964 pa-

2151 4997 2473 5067 negyricum,
2506 5009 2670 5066 quam
2702 4993 2965 5050 Casarea
2989 4990 3290 5047 Palaestina
3313 4989 3460 5044 circa
3511 4986 3708 5043 Christi

2150 5102 2354 5142 annum
2405 5086 2514 5143 259
2549 5085 2751 5142 schola
2780 5081 3118 5155 Origeniana
3171 5079 3560 5146 valedicturus,
3608 5097 3627 5130 ι
3660 5087 3710 5132 et

2150 5186 2448 5232 convocata
2464 5173 2655 5246 grandi
2671 5172 2991 5244 frequentia,
3007 5168 3185 5241 inquit
3199 5165 3564 5239 Hieronymus
3581 5166 3706 5235 (57),

2150 5266 2270 5338 ipso
2305 5282 2523 5340 quoque
2574 5265 2808 5340 Origene
2864 5271 3152 5336 prasente,
3201 5259 3450 5319 recitavit
3481 5279 3501 5313 ι
3532 5266 3708 5315 noster

2242 5427 2332 5498 55)
2351 5425 2519 5484 Cone.
2552 5422 2766 5507 Quinis.
2791 5435 2914 5478 can.
2935 5419 2992 5475 2.

2243 5501 2334 5543 ΚΜ
2370 5499 2442 5543 ηρ
2490 5496 2676 5543 Ρηρηιι.
2708 5493 2802 5543 1ι1).
2826 5507 2900 5543 vr.
2925 5505 3046 5543 can.
3075 5489 3100 5543 1

2222 5486 2334 5572 (54')
2364 5499 2442 5552 De
2484 5486 2676 5552 Ραέἷιίι.
2708 5493 2802 5548 lib.
2826 5507 2900 5556 Vl,
2925 5505 3046 5562 cap.
3075 5486 3183 5561 l,§
3223 5489 3277 5545 9.

2222 5571 2334 5645 (ὃὸ)
2361 5569 2585 5645 pissert.
2611 5566 2679 5622 18
2705 5578 2947 5645 θεοειιι.
2994 5631 3042 5645 ﬂ
3234 5629 3297 5645 Μ
3331 5629 3397 5645 __

2223 5629 2333 5711 (56)
2357 5639 2612 5695 Pandect.
2630 5654 2794 5711 (eam,
2831 5644 2966 5689 tom.
2994 5631 3066 5711 ll,
3088 5645 3212 5705 pag.
3234 5629 3418 5689 24-55.

2225 5703 2336 5790 (57)
2363 5713 2437 5768 De
2467 5713 2564 5769 vir.
2597 5709 2818 5770 illustr.,
2844 5703 3088 5784 captfit‘i.
