3934 6198
202 308 306 362 969

1674 306 1971 363 NOTlTlA.

3332 311 3441 365 970

199 427 503 495 Gregorius
536 443 551 480 ε
585 440 835 495 eamque,
895 435 1034 481 teste
1082 426 1304 483 Socrate
1356 428 1466 498 (38)
1492 466 1508 489 ,
1560 436 1781 482 sanctus
1810 433 1852 487 Α
1884 426 2059 480 danda
2093 426 2361 481 videntur.
2385 425 2615 499 Jamque
2647 430 2715 485 ab
2741 430 2968 501 Evagrio
2993 429 3315 488 scholastico
3346 431 3441 487 ad.

202 517 529 588 Pamphilus
558 527 760 589 martyr
821 518 889 572 iis
941 518 1096 573 libris
1138 520 1476 589 adjunxerat.
1509 534 1646 588 quos
1672 534 1769 587 pro

198 612 461 683 Origenis
507 611 822 665 defensione
848 613 1178 682 perscripsit.
1218 613 1311 666 Est
1342 627 1468 667 vero
1497 612 1610 667 hazc
1648 625 1773 664 ora-

200 709 301 769 tio,
332 691 399 759 iit
440 706 570 758 viris
614 706 789 759 doctis
824 706 1195 767 observatum,
1247 707 1443 759 eximia
1498 706 1654 775 plane
1710 721 1775 760 ac

198 796 547 866 perelegans,
573 794 717 847 omni
765 795 1114 848 scientiarum
1166 810 1361 865 genere
1408 796 1545 849 satis
1597 796 1772 849 abun-

196 887 344 939 dans
370 894 533 953 atque
558 884 696 938 inter
717 892 962 938 veterum
998 900 1160 953 opera
1183 885 1501 954 eloquentia:
1550 886 1771 940 absolu-

198 977 563 1046 tissimajure
617 975 1045 1030 annunierauda.
1078 976 1147 1029 At
1195 976 1261 1030 de
1292 976 1437 1030 illius
1492 978 1773 1045 praesentia

199 1071 278 1135 cl,
354 1068 598 1138 Bcngelii
674 1068 939 1137 judicium
997 1083 1105 1137 pra:
1160 1068 1370 1123 caeteris
1404 1070 1576 1138 placet
1622 1068 1771 1140 (39):

205 1181 225 1214 ι
259 1160 412 1216 iant
441 1161 711 1223 homines,
748 1160 945 1230 inquit,
976 1161 1266 1230 caeteroqui
1302 1162 1643 1225 excellentes,
1683 1161 1773 1230 qui

198 1271 378 1310 unum
418 1254 709 1324 aliquando
737 1255 976 1308 libellum
1014 1254 1248 1308 naturali
1282 1252 1558 1313 refertum.
1591 1254 1776 1308 divino

197 1362 443 1400 vacuum
475 1348 607 1410 sale,
654 1354 928 1414 tantopere
957 1345 1309 1409 admirentur,
1343 1354 1402 1399 ut
1442 1345 1625 1399 multis
1671 1344 1775 1397 Pa-

199 1448 353 1491 trum
385 1439 755 1493 voluminibus
794 1448 1145 1507 anteponant.
1179 1437 1289 1493 llae
1322 1439 1525 1492 trutina
1578 1440 1620 1491 si
1649 1454 1777 1508 aga-

199 1546 356 1593 mus,
386 1530 480 1583 uni
538 1529 777 1585 vicissim
834 1531 1103 1601 perioclue
1148 1529 1392 1593 Patrum,
1436 1530 1597 1584 etiam
1651 1545 1775 1583 cum

199 1621 356 1675 aliud
391 1629 574 1690 agant,
610 1637 750 1690 saepe
794 1622 915 1690 plus
948 1621 1269 1685 tribuamus,
1324 1635 1485 1690 quam
1545 1620 1776 1689 ingenti-

202 1713 312 1765 bus
338 1713 595 1781 quamvis
631 1712 910 1766 sublilium
960 1713 1301 1782 ingeniorum
1347 1711 1619 1781 operibus.
1663 1710 1778 1767 Iloc

202 1776 373 1859 certe-
395 1804 513 1857 loco
547 1802 839 1872 Gregorius
870 1776 1137 1872 exquisite
1185 1776 1581 1870 complectitur,
1615 1800 1775 1869 quid-
1808 1776 1851 1831 Β

201 1898 341 1967 quid
376 1898 441 1950 de
462 1897 752 1950 virtutibus
787 1905 837 1949 et
863 1896 1007 1950 vitiis
1057 1894 1160 1948 dici
1199 1902 1394 1964 potest.
1439 1911 1457 1943 ι
1504 1892 1776 1957 Quantum

201 2004 377 2057 porro
402 1986 575 2057 prosit
618 1995 873 2055 prteterea
931 1985 1047 2039 haec
1094 1984 1208 2053 ipsa
1259 1984 1440 2038 oratio
1471 1984 1537 2037 ad
1566 1997 1777 2037 summa

207 2080 341 2133 fidei
376 2080 549 2148 Capita
577 2078 969 2141 confirmanda,
1007 2077 1194 2131 Bullus
1238 2076 1472 2145 primum
1506 2074 1637 2145 (40),
1686 2075 1779 2128 de-

206 2173 339 2227 inde
366 2171 620 2224 Marauus
648 2169 757 2239 (41)
786 2170 1026 2223 lucenter
1050 2168 1507 2222 demonstrarunt.

277 2264 365 2317 Ad
397 2263 558 2332 hujus
594 2272 772 2316 autem
801 2260 1064 2314 orationis
1097 2258 1362 2313 editiones
1393 2258 1533 2328 quod
1563 2257 1775 2320 attinet,

204 2362 527 2407 contextum
583 2349 871 2412 Grzecum,
935 2348 1113 2401 addita
1172 2348 1609 2415 interpretatione
1666 2342 1778 2399 Sir‘

209 2443 426 2503 mondi,
478 2440 686 2511 primus
742 2438 1010 2508 evulgavit
1060 2436 1332 2491 Gcrardus
1363 2435 1588 2491 Vossius
1630 2433 1778 2488 Tun-

208 2535 431 2605 grensis
494 2538 837 2601 praeposrtus,
893 2527 1182 2599 Moguntiaa
1226 2544 1369 2583 anno
1414 2527 1569 2593 1604,
1615 2536 1777 2597 atque

208 2626 377 2679 istam
424 2624 713 2678 editionem
749 2622 1013 2691 expressit
1071 2619 1390 2675 Parisiensis
1436 2635 1564 2673 ann.
1620 2618 1775 2672 1621.

209 2718 419 2771 Verum
454 2717 592 2769 hanc
646 2716 813 2769 altera
866 2722 1233 2784 praecesserat,
1266 2728 1384 2782 qua:
1415 2711 1593 2765 studio
1617 2708 1779 2764 Dati-

210 2813 301 2865 dis
342 2808 637 2863 Hceschelii
696 2822 815 2861 cum
879 2807 1126 2861 versione
1185 2803 1526 2857 Rhodomani
1581 2803 1780 2871 prodiit

211 2905 479 2972 Augusta:
511 2898 913 2954 Viudelicorum
946 2912 1089 2952 anno
1132 2896 1292 2959 1605,
1326 2893 1571 2964 Origenis
1597 2903 1780 2946 contra

210 2999 431 3052 Celsum
457 2996 609 3050 libris
636 2995 944 3064 subjuncta,
973 3009 1094 3046 cum
1120 2992 1397 3046 nonnullis
1422 2991 1664 3053 editoris,
1696 2989 1781 3043 iu-

211 3089 470 3159 terpretis
520 3098 683 3158 atque
722 3085 887 3142 lsaaci
947 3084 1255 3140 Casauboni
1311 3083 1471 3137 notis.
1544 3081 1779 3152 Hujusce

211 3193 395 3237 autem
435 3180 615 3236 saiculi
665 3195 804 3234 anno
849 3176 986 3231 1722
1035 3176 1356 3245 Stutgardia:
1387 3183 1632 3243 quartam
1661 3175 1776 3228 edi-

214 3277 421 3329 tionem
461 3273 641 3327 emisit
684 3270 919 3325 Joannes
957 3270 1206 3323 Albertus
1235 3268 1538 3337 Bengelius,
1570 3269 1778 3321 czeteris

216 3370 393 3424 multo
432 3365 876 3427 emendatiorem,
907 3376 1067 3431 quam
1101 3370 1155 3414 et
1194 3360 1417 3415 eruditis
1446 3361 1779 3414 observatio-

214 3462 379 3515 nibus
420 3467 623 3512 textum
653 3455 995 3524 potissimum
1055 3452 1421 3520 spectantibus
1471 3450 1775 3504 illustravit.

210 3555 395 3620 Atque
450 3551 591 3603 hanc
639 3544 1098 3615 Slulgardieusem
1155 3543 1443 3597 editionem
1488 3542 1776 3595 dolendum

214 3660 351 3699 sane
404 3639 729 3711 praeteriisse
774 3638 946 3691 virum
980 3636 1223 3702 doctum,
1249 3634 1341 3704 qui
1374 3634 1614 3687 eamdem
1641 3631 1776 3686 Gre-

215 3733 354 3802 gorii
389 3731 561 3785 nostri
614 3728 911 3782 orationem
957 3734 1152 3795 quarto
1203 3723 1466 3777 volumini
1499 3720 1779 3790 Origenia-

216 3841 415 3880 norum
454 3822 679 3876 intexuit
723 3820 995 3887 cdiditque
1045 3816 1269 3871 Parisiis
1308 3831 1449 3870 anno
1492 3814 1647 3867 1759.
1683 3813 1777 3867 llis

216 3922 405 3985 itaque
427 3913 684 3970 subsidiis
732 3910 978 3965 instructi
1013 3917 1255 3963 nostram
1284 3906 1616 3977 paravimus,
1644 3904 1777 3959 Beu-

216 4010 419 4079 gelium
460 4009 773 4076 plerumque
804 4003 1087 4067 assectati;
1120 4015 1347 4069 eamque
1378 4015 1469 4068 pro
1503 4014 1650 4053 more
1684 4012 1779 4050 no-

218 4112 336 4153 stro
407 4099 462 4150 in
504 4096 676 4166 capita
743 4110 837 4148 seu
887 4096 1155 4147 secliones
1204 4092 1580 4146 distribuimus
1610 4128 1624 4150 ,
1668 4102 1777 4157 quo

221 4191 484 4245 nimirum
533 4188 651 4256 ejus
703 4188 863 4241 lectio
923 4185 1137 4240 facilior
1185 4184 1471 4246 utiliorque
1526 4181 1777 4247 deinceps

220 4282 435 4333 evadat.

221 4372 307 4427 Vl.
358 4372 484 4426 licet:
533 4380 733 4423 tantum
776 4384 934 4437 supra
972 4373 1262 4419 memorata
1294 4362 1531 4430 Gregorii
1564 4361 1777 4437 ilicem:-

286 4442 545 4523 sarieusis
586 4442 788 4523 sincera
840 4432 1137 4523 litterarum
1169 4443 1532 4523 momine-uta...
1556 4432 1773 4523 'Ileliqua
1807 4469 1850 4523 Β
1883 4477 1914 4513 η

289 4514 368 4567 vel
398 4513 562 4565 dubia
598 4510 673 4562 vel
697 4508 1158 4577 pseudepigraplm.
1200 4503 1622 4577 Expositiodidei
1652 4518 1775 4571 pro-

290 4584 457 4637 lixior
497 4572 820 4649 Apollinarii
864 4572 989 4649 esse
1020 4572 1428 4649 demonstratur.
1474 4572 1621 4625 Idem
1660 4588 1779 4625 sen-

291 4654 531 4707 tiendum
546 4645 631 4703 'de
654 4645 1151 4702 Anathematismis.

291 4744 419 4799 “33c
471 4758 636 4812 porro
696 4742 996 4794 litterarum
1058 4745 1406 4791 monumenta
1461 4734 1527 4788 de
1583 4734 1781 4802 quibus
1829 4794 1833 4804 ,

222 4838 490 4891 hactenus
515 4832 929 4895 edisseruimus,
955 4845 1021 4885 ea
1047 4837 1173 4884 sunt
1212 4827 1496 4890 duntaxat,
1521 4840 1641 4895 qua:
1668 4833 1779 4878 tum

223 4941 467 4984 veterum
502 4927 842 4987 auctoritate,
894 4933 1004 4976 tum
1039 4919 1398 4975 recentiorum
1448 4916 1780 4971 eruditorum

223 5033 497 5074 consensu
525 5024 772 5070 sanctum
798 5013 1114 5082 Gregorium
1162 5009 1650 5064 Neocaesarieusem
1670 5007 1784 5076 epi-

226 5123 453 5177 scopum
488 5114 763 5160 auctorem
792 5113 1111 5173 agnoscunt.
1148 5100 1370 5170 Reliqua
1403 5115 1531 5154 vero
1576 5114 1696 5167 qua:
1730 5099 1781 5151 in

224 5201 389 5253 editis
421 5198 522 5252 sub
546 5197 664 5267 ejus
700 5195 917 5249 nomine
943 5192 1423 5256 circumferuntur,
1452 5191 1560 5245 alio
1590 5205 1782 5243 aman-

294 5330 411 5398 f58)
441 5328 579 5382 Hist.
610 5326 735 5381 eccl.
765 5326 857 5381 lib.
886 5342 959 5391 tv,
989 5324 1228 5398 cap._27.

293 5391 413 5463 (59)
450 5398 504 5450 In
540 5408 653 5453 uot.
687 5399 752 5451 ad
779 5407 915 5450 orat.
960 5398 1011 5449 in
1040 5391 1258 5464 Origen.
1295 5391 1540 5464 φιλ-12.

296 5462 411 5538 (40)
446 5469 654 5537 Defens.
680 5468 773 5536 ﬁd.
802 5466 950 5532 Nic.,
991 5475 1122 5521 sect.
1145 5462 1213 5530 ii,
1240 5478 1358 5534 cap.
1391 5462 1532 5530 ιω
1579 5463 1627 5524 ι,
1660 5475 1779 5529 pag.

229 5540 344 5596 l55.
382 5556 533 5607 seqq.
1704 5600 1713 5609 .

296 5609 409 5680 (41)
436 5608 610 5663 Divin.
662 5608 726 5661 Β.
761 5606 832 5661 Ν.
861 5606 916 5661 .1.
959 5607 1045 5672 C.,
1083 5606 1179 5661 lib.
1207 5621 1280 5671 tv,
1305 5620 1426 5673 cap.
1456 5601 1548 5667 20,
1603 5616 1653 5670 p.
1684 5598 1779 5653 521

231 5696 412 5819 mali.)
447 5748 588 5804 Hist.
624 5747 751 5802 εει-ι.
777 5748 868 5803 lib.
898 5765 981 5814 Ill,
1016 5760 1135 5818 cap.
1163 5746 1253 5799 ει.

542 5846 811 5904 Parum.
860 5842 975 5904 Gn.
1011 5837 1091 5900 X.

1872 532 2155 572 monemur
2176 518 2312 587 (42),
2328 520 2529 575 multos
2548 522 2876 591 Apollinaris
2890 523 3057 578 libros
3073 524 3374 577 Athanasio
3390 536 3441 579 ct

1872 607 2121 678 Gregorio
2180 608 2571 681 Thaumaturgo
2617 623 2671 666 et
2721 611 2864 666 Julio
2898 614 3268 684 (Acepbalos)
3300 614 3441 669 falso

1872 698 2225 768 ascripsisse:
2258 700 2490 765 Πολλοὺς
2523 701 2998 774 δὲ’Λπολλιναρίου
3028 704 3237 772 λόγους,
3288 705 3444 759 Ἀθα-

1873 787 2060 859 νασίῳ,
2098 790 2193 844 καὶ
2222 791 2505 862 Γρηγορίῳ
2531 793 2607 863 τῷ
2632 794 3040 865 Θαυματουργῷ
3064 796 3158 848 καὶ
3219 796 3441 868 Ἰουλίῳ,

1873 880 1960 933 διὰ
1987 881 2093 933 τῶν
2132 884 2447 953 ἐπιγραφῶν
2479 884 2875 938 ἁνατεθείκισι.
2911 885 3086 956 Atque
3131 888 3443 956 hujusmodi

1873 981 1960 1025 est
1985 972 2037 1025 in
2063 972 2253 1042 primis
2301 973 2575 1042 Expositio
2600 975 2732 1044 ﬁdei
2760 976 3042 1044 prolixior,
3081 980 3339 1048 inscripta
3376 980 3447 1034 Ἦ

1875 1064 2024 1116 κατὰ
2047 1065 2228 1132 μέρος
2253 1066 2474 1133 πίστις,
2509 1069 2612 1122 hoc
2658 1076 2760 1130 est,
2792 1067 2951 1122 Fides
2976 1072 3335 1138 particulatim
3361 1073 3448 1127 di-

1876 1166 2064 1224 gesta:
2114 1158 2236 1212 ideo
2292 1160 2373 1215 sic
2423 1161 2586 1226 dicta,
2638 1168 2696 1214 ut
2746 1162 3130 1231 interpretatur
3171 1163 3443 1219 Gerardus

1878 1247 2104 1303 Vossius
2132 1250 2265 1321 (45),
2298 1252 2382 1305 vel
2411 1252 2558 1322 quod
2590 1269 2654 1306 ea:
2686 1263 2836 1322 parte
2866 1270 2987 1324 qua:
3008 1266 3135 1308 sunt
3164 1257 3309 1323 fidei,
3336 1266 3447 1312 tra—

1876 1342 1966 1394 dat
1993 1351 2154 1410 atque
2179 1353 2441 1411 exponat;
2490 1345 2576 1398 vel
2630 1345 2772 1414 quod
2802 1362 2893 1413 per
2920 1358 3091 1413 partes
3124 1348 3175 1401 in
3216 1364 3279 1403 ea
3314 1350 3447 1403 fides

1876 1431 2191 1499 explicetur.
2221 1431 2370 1488 Hanc
2393 1442 2572 1488 autem
2605 1434 2997 1501 Expositionem
3029 1439 3325 1507 genuinum
3350 1458 3446 1511 pa-

1880 1534 2087 1579 rentem
2141 1542 2439 1595 agnoscere
2497 1526 2914 1597 Apollinarium.
2968 1531 3145 1599 palam
3193 1548 3448 1603 compro—

1882 1617 2081 1671 harunt
2105 1619 2206 1671 sub
2238 1617 2416 1673 Leone
2463 1617 2482 1669 l
2515 1619 2841 1688 imperatore
2885 1619 3159 1675 Palazstini
3191 1625 3444 1679 monachi

1882 1718 1933 1762 et
1967 1709 2056 1761 alii
2114 1709 2571 1764 Chalcedonensis
2618 1710 2835 1765 concilii
2876 1722 3328 1783 prOpugnatores,
3358 1717 3447 1770 in-

1880 1802 1997 1868 quit
2021 1800 2090 1855 ci.
2128 1800 2455 1869 Lequienius
2485 1801 2620 1871 (44),
2680 1803 2890 1870 prolato
2917 1803 3174 1859 nimirum
3220 1822 3445 1877 operum

1878 1891 2042 1962 hujus
2077 1893 2453 1948 hmresiarchze
2498 1894 2673 1947 iudice
2697 1936 2711 1959 ,
2764 1910 2923 1964 quem
2972 1895 3289 1953 Timotheus
3325 1900 3445 1969 ejus

1879 1983 2178 2052 discipulus
2210 1985 2339 2039 olim
2394 1994 2762 2041 contexuerat.
2815 1983 2978 2051 Quod
3014 1989 3229 2057 quidem
3260 2002 3444 2060 postea

1880 2073 2080 2128 diserte
2105 2083 2332 2130 testatus
2363 2084 2447 2131 est
2470 2074 2728 2130 Leontius
2750 2075 3043 2147 Byzantius
3091 2080 3144 2132 in
3190 2081 3329 2135 libro
3351 2081 3447 2136 ad-

1878 2179 2070 2219 versus
2120 2164 2555 2234 Apollinaristas,
2594 2167 2680 2221 cui
2730 2168 2919 2223 titulus
2947 2167 3135 2225 Latine
3182 2172 3444 2237 redditus,

1880 2254 1947 2309 In
1981 2272 2067 2309 eos
2088 2257 2178 2327 qui
2203 2259 2474 2326 proferunt
2504 2258 2650 2312 nobis
2674 2262 2913 2330 quwdam
2937 2261 3278 2329 Apollinarii,
3307 2263 3448 2332 falso

1879 2348 2133 2416 inscripta
2176 2350 2382 2402 nomine
2411 2358 2713 2403 sanctorum
2766 2350 3012 2404 Patrum.
3047 2348 3137 2406 Sic
3160 2351 3325 2422 igitur
3359 2352 3449 2407 illo

1883 2441 2067 2494 statim
2102 2440 2170 2494 ab
2198 2441 2352 2495 initio
2375 2442 2526 2512 (45):
2565 2461 2583 2493 ι
2620 2440 2848 2508 Quidam
2900 2459 2964 2496 ex
2999 2443 3190 2499 haeresi
3242 2445 3448 2514 Apolli-

1879 2532 2020 2585 uarii
2070 2533 2154 2587 vel
2198 2533 2451 2603 Eutychis
2489 2533 2572 2587 vel
2610 2534 2873 2600 Dioscori,
2919 2550 3041 2589 cum
3088 2536 3285 2590 vellent
3334 2537 3446 2591 ha:-

1882 2625 2045 2679 resim
2098 2640 2251 2679 suam
2294 2624 2648 2689 confirmare,
2697 2628 2959 2696 quasdam
3012 2628 3287 2683 orationes
3333 2627 3446 2698 (λόο

1880 2714 2041 2787 γους)
2073 2714 2412 2785 Apollinarii,
2445 2715 2694 2786 Gregorio
2731 2717 3126 2788 Thaumaturgo
3159 2729 3252 2774 aut
3285 2721 3448 2773 Atim-

1881 2807 2029 2859 nasio
2058 2816 2153 2859 aut
2178 2805 2324 2860 Julia
2352 2807 2764 2877 inscripserunt,
2802 2819 2859 2864 ut
2890 2810 3249 2879 simpliciores
3289 2812 3441 2865 falle-

1886 2907 2036 2951 rent:
2066 2897 2210 2966 quod
2240 2897 2459 2967 quidem
2485 2897 2845 2967 perfecerunt.
2872 2940 2885 2953 .
2906 2943 2918 2954 .
2937 2943 2949 2955 .
2982 2899 3048 2954 Et
3073 2901 3215 2970 apud
3247 2902 3448 2957 multos

1882 3007 1948 3046 ex
1983 3002 2128 3047 recte
2176 2992 2519 3048 credentibus
2561 2993 2797 3061 reperire
2835 2994 3039 3062 poteris
3081 2995 3301 3058 librum,
3354 2997 3443 3049 cui

1825 3122 1845 3161 τ
1882 3087 2091 3161 titulus,
2108 3085 2178 3141 '11
2196 3085 2344 3139 κατὰ
2356 3084 2534 3155 μέρος
2554 3087 2776 3152 πίστις,
2794 3087 3108 3156 inscriptum
3140 3087 3405 3157 Gregorio.
3421 3107 3441 3141 ι
3460 3134 3475 3150 ,

1885 3178 2135 3248 Idemque
2162 3178 2428 3247 judicium
2454 3178 2575 3231 tulit
2601 3177 2861 3246 Eulogius
2882 3178 3279 3233 Alexandrinus
3303 3182 3445 3250 apud

1881 3271 2133 3325 Photium
2171 3270 2305 3340 (46).
2342 3269 2407 3323 Et
2433 3274 2777 3339 postmodum
2806 3271 3002 3325 similia
3041 3273 3258 3340 scripsit
3281 3276 3442 3327 etiam

1881 3363 2217 3433 Nicephorus
2247 3362 2359 3416 GP.
2386 3362 2540 3417 initio
2569 3362 2965 3417 dissertationis
2994 3371 3184 3418 contra
3213 3363 3447 3435 Epipha-

1883 3455 2086 3507 nitlem.

1958 3564 1976 3595 ‹
2012 3544 2265 3610 Quinimo
2304 3543 2518 3609 (verbis
2544 3552 2667 3598 utor
2699 3542 2800 3596 viri
2833 3543 2977 3598 docti
3006 3543 3117 3613 (47)
3142 3544 3303 3599 modo
3324 3545 3448 3598 lau~

1882 3635 2022 3705 dati)
2056 3635 2297 3702 ejusdem
2323 3634 2481 3701 plane
2513 3632 2738 3688 furfuris
2759 3643 2886 3687 sunt
2908 3633 2980 3687 illi
3000 3634 3273 3687 duodecim
3303 3636 3450 3690 Ana-

1884 3727 2203 3780 thematismi
2252 3741 2367 3777 cum
2404 3742 2583 3779 eorum
2635 3727 3083 3794 interpretatione,
3124 3743 3246 3797 qua:
3272 3727 3450 3784 Thau-

1882 3819 2114 3887 maturgi
2141 3833 2335 3871 nomen
2368 3818 2588 3886 perinde
2615 3820 2894 3886 praeﬁxum
2926 3819 3143 3873 habent.
3162 3818 3275 3873 Etsi
3302 3822 3445 3875 etaim

1882 3925 1988 3962 una
2013 3920 2205 3962 natura
2240 3909 2292 3961 in
2326 3909 2405 3963 eis
2437 3909 2636 3962 diserte
2662 3924 2772 3962 non
2809 3912 3158 3979 exprimitur,
3193 3912 3447 3967 latentem

1882 4010 2059 4054 tamen
2093 3998 2277 4052 dolum
2330 3999 2573 4053 indicant
2604 4002 2878 4053 consuetae
2910 4001 3307 4069 Apollinaristis
3364 4002 3447 4055 lo-

1882 4092 2149 4151 cntiones,
2182 4090 2381 4159 quibus
2416 4090 2554 4145 male
2607 4106 2770 4152 sanas
2812 4090 3031 4145 Diodori
3069 4092 3355 4147 Tarsensis
3381 4094 3448 4147 de

1880 4182 2081 4237 Christi
2113 4196 2342 4251 persona
2374 4190 2427 4236 et
2456 4190 2647 4237 natura
2666 4197 2827 4237 voces
2848 4185 3251 4253 expugnabant,
3282 4199 3449 4251 seque

1883 4275 2016 4328 adeo
2053 4274 2329 4329 catholica:
2377 4274 2497 4329 tidei
2546 4273 2882 4344 professores
2910 4275 3292 4329 obtendebant.
3337 4274 3445 4330 Sed

1882 4376 1936 4421 et
1968 4367 2020 4421 in
2078 4368 2268 4437 primis
2297 4383 2360 4421 ex
2392 4368 2583 4421 iisdem
2616 4369 2865 4439 capitulis
2913 4368 3267 4431 addiscimus,
3307 4384 3445 4436 quo-

1920 4476 2004 4513 am
2028 4470 2183 4530 pacto
2206 4460 2501 4529 Scriptura:
2524 4477 2688 4517 sacra:
2722 4462 2837 4515 loca
2867 4461 3038 4525 varia,
3069 4461 3267 4529 quibus
3291 4460 3451 4515 Chri-

1886 4563 2023 4617 stus,
2059 4563 2119 4607 ut
2141 4554 2441 4617 divinitate,
2473 4554 2543 4607 ita
2598 4563 2650 4607 et
2678 4553 3012 4607 humanitate
3069 4551 3342 4621 perfectus
3370 4554 3445 4606 si-

1884 4643 2191 4713 gnificatur,
2222 4645 2287 4698 ad
2314 4661 2472 4700 suum
2499 4660 2717 4700 sensum
2750 4653 3084 4715 torquerent.
3117 4642 3227 4700 Nec
3261 4642 3444 4700 fucum

1885 4733 2067 4800 faciat,
2095 4736 2187 4789 ubi
2221 4736 2457 4790 animam
2490 4735 2702 4790 Domini
2738 4736 2982 4806 ἀνόητον,
3026 4737 3218 4790 mentis
3259 4752 3443 4802 erper~

1888 4837 2007 4897 tem,
2030 4842 2150 4884 esse
2178 4828 2391 4882 videtur
2418 4828 2665 4882 inliciari.
2696 4827 2814 4883 Non
2863 4830 3007 4884 enim
3041 4829 3277 4882 humana
3307 4828 3447 4882 nati—

1887 4933 2060 4987 vaque
2086 4918 2325 4973 hominis
2358 4926 2535 4972 mente
2579 4918 2853 4987 prteditam
2914 4918 3176 4987 intelligit,
3226 4918 3317 4973 sed
3362 4919 3445 4972 di-

1886 5008 2012 5061 vino
2044 5006 2229 5073 Verbi,
2276 5017 2336 5063 ut
2361 5009 2455 5075 ait,
2480 5009 2690 5078 spiritu,
2718 5023 2825 5077 quo
2854 5007 3054 5063 factum
3084 5009 3171 5070 sit,
3201 5018 3259 5061 ut
3278 5008 3441 5079 ἀνόηο

1883 5118 1993 5164 τος,
2013 5102 2198 5155 mentis
2227 5118 2430 5170 expers,
2450 5102 2695 5159 absolute
2707 5101 2813 5157 diei
2832 5115 2939 5155 non
2962 5101 3224 5155 debuerit.
3242 5099 3445 5167 Quam-

1887 5192 2073 5247 obrem
2103 5192 2370 5262 ejusmodi
2395 5192 2643 5249 formula:
2681 5192 2801 5248 fidei
2830 5200 2884 5247 et
2910 5192 3345 5246 anathematismi
3377 5190 3443 5245 ad

1957 5324 2070 5392 (43)
2096 5322 2150 5376 1η
2185 5324 2408 5393 Argum.
2428 5322 2603 5393 huius
2630 5321 2826 5393 Expos.

1958 5395 2071 5461 (44)
2103 5391 2327 5462 Dissert.
2355 5391 2391 5445 2
2428 5391 2743 5462 Damaset§
2767 5394 2823 5462 ἐξ.
2856 5408 2976 5462 ιιειεξἔ
3001 5407 3068 5462 _u.

1960 5458 2069 5533 (-55)
2101 5461 2292 5517 Leont.
2320 5462 2471 5533 Byz.,
2496 5472 2624 5515 tom.
2655 5458 2738 5514 IX'
2770 5460 2907 5513 Bibl.
2931 5458 3057 5513 ‘PP.
3092 5458 3283 5529 Lugd.,
3319 5476 3439 5531 pag.

1887 5533 2070 5671 70ZiG)
2099 5600 2261 5663 Bibl.,
2282 5602 2402 5657 cod.
2431 5616 2622 5671 ccxxx.

1959 5667 2069 5742 (47)
2089 5671 2347 5743 Lequien.
2368 5671 2582 5726 dissert.
2603 5670 2637 5723 9.
2656 5668 2929 5732 Damasc.,
2954 5667 2980 5739 §
3010 5671 3065 5734 9,
3094 5684 3216 5738 pag.
3235 5680 3442 5724 ιῖῖτιιρ

3047 5830 3116 5889 31
