3934 6198
439 269 536 327 971

1415 271 1472 330 S.
1510 273 1903 333 GREGORIUS
1939 274 2534 334 THAUMATURGUS.

3570 279 3678 334 9η

437 390 591 448 illum
623 392 854 462 lapidem
904 394 1106 467 lydium
1162 396 1466 451 revocanda
1527 407 1678 460 sunt,
1717 415 1878 469 quem
1933 415 1999 454 ex
2027 405 2073 460 Α
2101 399 2264 456 dedat
2317 399 2486 455 sacris
2535 397 2731 454 litteris
2787 397 3118 453 excolendis.
3159 397 3370 467 Scripta
3404 405 3489 452 est
3526 397 3678 452 circa

436 483 698 554 Gregorio
722 482 1064 539 Nazianzeno
1095 485 1207 556 (48)
1259 497 1477 556 propter
1507 486 1700 542 Vitalis
1728 489 2004 558 Apollina-

437 576 582 630 ristze
642 576 874 631 similem
925 577 1324 632 confessionem
1384 581 1548 650 paulo
1604 593 1728 636 ante
1773 584 2006 652 protuli-

433 683 578 722 mus.
615 668 931 723 illactenus
963 668 1026 723 V.
1075 669 1140 723 C.
1196 687 1356 740 quem
1411 673 1638 728 consule
1672 691 1887 745 quoque
1934 677 2002 731 ad

435 758 708 812 Parallcla
749 759 1127 815 Damascenica
1183 761 1417 831 (49),ubi
1450 780 1515 819 ex
1548 767 2002 822 anathematismo

385 859 392 902 ἕ
433 852 500 905 12
527 851 627 906 sub
653 855 871 908 nomine
927 852 1319 926 Thaumaturgi
1369 856 1589 927 longum
1617 858 1878 914 referetur
1907 877 2002 915 ex-

430 953 694 1013 ccrptum.

432 1033 544 1089 V'Il.
599 1035 843 1090 Virorum
893 1039 1224 1092 eruditorum
1271 1042 1532 1094 sententia
1576 1040 1638 1094 de
1674 1040 1999 1097 IIomiliisrv

464 1118 511 1158 et
548 1108 611 1160 de
644 1109 849 1162 Anima:
870 1110 1235 1180 disputatione
1264 1123 1446 1164 sancto
1474 1113 1627 1164 Patri
1664 1113 1960 1167 attributis.

497 1197 629 1264 Quae
649 1215 776 1254 vero
794 1211 1009 1256 exstant
1034 1202 1086 1255 in
1115 1202 1274 1257 editis
1297 1201 1559 1273 Gregorio
1581 1202 1996 1261 Neocaesariensi

427 1291 676 1360 ascripta:
705 1292 978 1347 orationes
1004 1293 1116 1347 sive
1137 1293 1376 1348 homiliae
1401 1295 1680 1364 tv,ejusne
1703 1311 1827 1349 vere
1867 1296 1996 1363 sint,

429 1396 618 1447 necne,
646 1381 787 1436 haud
824 1394 973 1437 certo
1005 1384 1356 1454 pronuntiare
1377 1385 1500 1454 quis
1529 1387 1722 1441 valeat.
1752 1385 1870 1440 Jam
1903 1388 2000 1441 tri-

425 1474 528 1528 bus
562 1473 899 1540 auctoribus,
932 1473 1124 1528 Joanni
1183 1475 1593 1546 Chrysostomo,
1648 1486 1837 1533 nostro
1868 1478 1999 1534 Gre-

424 1565 579 1633 gorio
616 1575 672 1620 et
714 1564 952 1621 Macario
988 1565 1446 1638 Philadelphiensi
1498 1569 1756 1624 tributam
1817 1571 1996 1626 horni-

424 1659 551 1712 liam
583 1657 617 1712 5
641 1658 695 1712 in
720 1657 1230 1726 Anuuntiationem,
1285 1661 1339 1715 in
1371 1677 1504 1717 mss.
1537 1662 1819 1718 codicibus
1849 1663 1999 1718 Grie-

425 1752 508 1806 cis
539 1767 597 1806 se
641 1750 916 1806 invenisse
964 1760 1195 1806 testatur
1241 1753 1310 1806 cl.
1369 1752 1809 1810 Montiauconius
1858 1754 1992 1826 (50).
2027 1769 2069 1823 Β

428 1842 672 1912 Eamque
707 1843 810 1897 sub
841 1844 1060 1898 nomine
1083 1842 1458 1916 Chrysostomi
1487 1844 1657 1898 edidit
1689 1847 1860 1901 multo
1892 1862 1992 1901 au-

424 1935 649 1990 ctiorem
681 1933 1042 1989 Combeiisius
1069 1935 1217 2006 (51),
1269 1936 1362 2006 qui
1394 1938 1666 1991 eruditum
1693 1938 1910 2008 quidem
1933 1953 1998 1992 ac

424 2025 574 2095 pium
603 2024 776 2080 doctae
828 2025 1170 2094 antiquitatis
1221 2034 1636 2082 monumentum
1661 2037 1875 2093 censet;
1904 2027 1993 2082 in-

418 2125 600 2171 certus
637 2125 814 2171 tamen
872 2117 1082 2171 haarens
1129 2117 1348 2172 cuinam
1379 2119 1524 2173 illam
1569 2120 1818 2189 scriptori
1849 2121 1995 2186 assi—

416 2218 562 2278 gnet,
594 2223 660 2264 eo
695 2209 910 2264 tandem
957 2211 1194 2276 devenit,
1227 2219 1286 2264 ut
1327 2226 1504 2280 neque
1536 2209 1993 2268 Neocwsar'iensis

415 2316 595 2369 neque
621 2299 995 2372 Chrysostomi
1036 2302 1257 2374 γνήσιον
1301 2303 1497 2357 dixerit
1527 2303 1662 2370 (52).
1699 2303 1992 2359 IIotniIiam

421 2393 608 2447 vero?
660 2393 713 2447 in
742 2393 1258 2460 Aununtiationem,
1313 2393 1491 2450 Procli
1538 2394 1644 2450 (ΖΡ.
1683 2398 1994 2464 suspicatur

429 2483 750 2540 Vincentius
769 2485 1070 2542 Riccardus
1096 2487 1227 2556 (55),
1245 2487 1401 2557 cujus
1433 2488 1730 2542 sententias
1754 2488 1993 2543 imitetur

410 2587 466 2633 et
487 2593 676 2633 vocem
699 2580 977 2646 θεοτόκος
999 2579 1228 2634 ail‘ectet.
1256 2579 1398 2633 idem
1424 2580 1510 2634 dic
1529 2579 1595 2634 de
1616 2580 1838 2649 reliquis
1857 2581 1993 2635 dua-

412 2671 518 2725 bus
547 2686 672 2726 cum
704 2671 839 2726 viris
893 2672 1314 2738 eruditissimis;
1348 2672 1440 2742 qui
1489 2681 1542 2727 et
1570 2673 1626 2726 in
1673 2673 1990 2728 alterutram

409 2772 621 2833 partem
650 2763 948 2833 quidquam
979 2765 1112 2819 certi
1145 2765 1500 2834 pronuntiare
1532 2781 1639 2818 non
1677 2765 1879 2820 audent
1927 2765 1990 2819 de

411 2856 605 2909 anima:
648 2872 741 2926 per
790 2857 964 2924 capita
991 2855 1352 2925 disputatione
1375 2856 1442 2908 ad
1467 2855 1776 2923 Tatianum,
1801 2865 1989 2911 nostro

409 2949 540 3003 item
571 2948 833 3018 Gregorio
853 2949 1052 3002 tributa
1075 2949 1442 3019 ;quippe:qu:e
1469 2951 1538 3002 ab
1568 2949 1690 3019 ejus
1715 2949 1854 3020 stylo
1902 2948 1990 3002 ni-

408 3040 517 3094 mis
533 3041 728 3108 alieua,
756 3050 810 3095 et
826 3041 926 3096 aevi
951 3042 1108 3110 longe
1133 3040 1452 3109 posterioris
1471 3055 1592 3096 esse
1614 3041 1858 3096 videatur
1876 3040 1977 3111 (ὁ).

410 3151 548 3207 VIII.
587 3154 666 3207 De
694 3153 937 3224 Origenis
971 3157 1194 3224 epistola
1218 3156 1466 3225 Gregorio
1495 3165 1672 3208 nostro
1695 3156 1983 3225 inscripta:

478 3240 571 3295 nec
619 3241 729 3277 non
784 3225 847 3278 de
879 3225 1033 3295 illius
1087 3227 1203 3280 l’ita
1246 3224 1338 3294 per
1388 3235 1628 3295 sanctum
1671 3224 1980 3295 Gregorium

477 3294 802 3419 ﬂyssenum.
857 3294 1149 3351 Sinistrum
1189 3295 1445 3350 Dodwelli
1495 3294 1762 3364 judicium
1825 3294 1981 3364 refel-

501 3383 630 3419 itur.

501 3383 630 3421 ιιιιν.

479 3477 579 3533 His
617 3478 801 3549 itaque
825 3477 1081 3549 operibus
1109 3479 1225 3536 sive
1244 3479 1425 3534 dubiis
1457 3477 1571 3534 sive
1598 3477 1982 3549 pseudepigra-

405 3572 531 3644 phis
555 3571 956 3642 pretermissis,
987 3587 1050 3626 ea
1079 3571 1262 3642 potius
1319 3571 1550 3627 sinceris
1584 3572 1758 3627 sancti
1803 3571 1980 3627 Patris

411 3664 780 3719 monumentis
831 3663 1168 3733 subjicienda
1224 3663 1688 3729 existimavimus,
1740 3679 1862 3734 qute
1913 3663 1981 3718 ad

405 3756 586 3827 ipsum
625 3757 847 3826 propius
877 3756 1147 3826 pertinere
1174 3766 1498 3812 noscuntur.
1535 3755 1800 3810 Nimirum
1825 3755 1980 3810 exhi-

407 3849 600 3904 bemus
623 3848 856 3918 primum
892 3864 922 3903 e
953 3846 1266 3902 Philocaliaz
1287 3849 1462 3918 capite
1489 3849 1576 3913 15,
1601 3849 1798 3903 additis
1836 3848 1982 3902 notis

403 3939 628 3996 Joannis
663 3939 849 3995 Tarini
873 3983 889 4009 ,
923 3940 1172 4012 Origenis
1202 3943 1486 4012 epistolam
1543 3943 1610 3996 ad
1660 3941 1980 4013 Gregorium

405 4031 875 4103 Thaumaturgum
926 4033 1048 4103 ejus
1105 4034 1460 4104 discipulum,
1494 4049 1603 4104 qua
1635 4034 1814 4103 ipsum
1852 4034 1981 4088 hor-

386 4135 571 4192 .tatur,
629 4135 710 4191 ut,
737 4135 1047 4197 contempto
1074 4125 1433 4197 philosOphia:
1488 4125 1689 4191 studio,
1715 4134 1888 4181 totum
1922 4142 1982 4181 se

496 4305 587 4372 48)
621 4305 795 4375 Epist.
825 4305 861 4358 2
884 4305 951 4360 ad
979 4305 1202 4360 Cledon.

496 4305 587 4372 48)
621 4305 795 4375 Epist.
825 4305 861 4358 2
884 4305 951 4360 ad
979 4305 1202 4360 Cledon.

332 4391 342 4406 ν
473 4305 876 4457 (49)]τειιυίθῐι.
901 4376 968 4432 ad
1015 4375 1221 4432 Parall.
1275 4373 1550 4440 Damasc.,
1585 4371 1720 4446 Opp.
1753 4383 1884 4430 tom.
1911 4373 1977 4441 li,

357 4496 372 4582 i
399 4447 838 4586 pafsoﬂiaerai.
866 4516 934 4572 ad
984 4526 1117 4572 tom.
1149 4514 1331 4588 repp.
1359 4515 1593 4588 Chrys...
1610 4515 1659 4588 ς
1677 4516 1730 4570 5.

496 4587 587 4656 51)
619 4590 840 4644 Auctur.
871 4604 990 4642 nov.
1017 4597 1150 4642 tom.
1180 4587 1222 4654 I,
1253 4604 1407 4657 pagg.
1442 4587 1692 4642 602-6l9.

496 4593 587 4656 51)
619 4593 840 4644 Auctur.
871 4604 990 4642 nov.
1017 4597 1150 4642 tom.
1181 4593 1222 4654 l,
1253 4604 1407 4657 pagg.
1442 4593 1692 4642 602-6l9.

470 4593 692 4741 (52))ι1.
721 4659 776 4713 in
796 4673 1006 4741 recens.
1053 4667 1265 4714 auctor.
1299 4661 1367 4714 ad
1413 4668 1543 4715 tom.
1579 4658 1598 4712 I
1630 4658 1770 4714 Bibl.
1797 4675 1968 4724 conc.,

396 4729 521 4800 pag.
551 4729 634 4783 16.
880 4739 882 4741 >

416 4806 420 4810 ’
470 4800 582 4871 (55)
609 4801 688 4855 Ad
716 4797 865 4855 Orat.
892 4799 926 4854 6
958 4799 1160 4856 Procli.

467 4869 581 4941 (54)
606 4871 748 4926 Bibl.
783 4871 972 4938 CoisL,
998 4888 1120 4943 pag.
1148 4869 1272 4926 I80.

2080 4445 2219 4519 Opp.
2258 4457 2388 4502 tom.
2425 4445 2492 4499 III

2006 4507 2051 4561 D
2148 4518 2257 4561 (sm
2292 4519 2479 4561 omn

2106 507 2309 546 annum
2340 491 2540 546 Clu-isti
2577 490 2700 544 940.
2735 488 2885 544 Hanc
2912 506 3042 545 vero
3071 492 3354 560 epistolam
3387 490 3677 558 Origenia-

2105 598 2229 636 nam
2259 582 2459 650 excipit
2501 579 2617 634 Vita
2645 579 2888 650 ejusdem
2933 582 3106 635 sancti
3155 580 3398 651 Gregorii
3448 580 3678 635 Neocae-

2103 675 2362 730 sariensis
2405 690 2434 728 a
2460 683 2648 730 sancto
2672 673 2932 744 Gregorio
2956 672 3202 744 Nysseno
3232 675 3534 743 conscripta
3571 675 3676 744 (α).

2102 767 2392 839 Exemplar
2431 767 2754 824 Vossianum
2787 767 3162 839 Moguntinum
3193 784 3319 821 ann.
3351 768 3486 821 1604
3508 767 3679 823 {tedis

2101 861 2382 915 erroribus
2435 868 2675 925 scatens,
2710 875 2833 914 cum
2861 860 3008 913 edito
3042 858 3335 913 Parisiensi
3371 875 3500 913 ann.
3534 859 3678 913 1650

2103 953 2276 1008 multo
2317 952 2684 1006 emendatiore
2735 951 3086 1006 contulimus.
3145 948 3330 1016 Neque
3367 950 3681 1019 praetermi-

2101 1045 2275 1100 simus
2301 1053 2613 1114 excerptum
2664 1042 2794 1098 Vita:
2833 1043 2996 1114 hujus
3037 1043 3400 1113 Gregorianae,
3451 1043 3686 1114 quode

2102 1137 2288 1192 codice
2367 1135 2703 1192 Coisliniano
2758 1135 2862 1190 106
2923 1135 3252 1205 descriptum
3319 1135 3683 1189 doctissimus

2100 1229 2540 1286 Montl’auconius
2583 1229 2801 1284 exhibet
2835 1228 2946 1298 (54)
2981 1228 3126 1281 velut
3174 1226 3492 1288 aneedoton,
3543 1225 3688 1279 licet.

2099 1322 2152 1376 in
2187 1332 2342 1376 antea
2370 1321 2597 1392 vulgatis
2619 1328 2947 1391 compareat,
2977 1326 3037 1372 ut
3057 1332 3157 1372 suo
3183 1318 3304 1372 loco
3329 1316 3684 1370 animadver-

2100 1413 2266 1466 timus
2299 1411 2432 1482 (55).
2472 1411 2715 1480 Denique
2739 1409 2806 1465 ad
2858 1408 3155 1464 faciliorem
3184 1406 3384 1478 egregii
3415 1406 3684 1476 opusculi

2100 1519 2281 1570 usum,
2311 1504 2440 1558 illud
2472 1504 2526 1558 in
2553 1505 2733 1559 varias
2762 1500 3031 1556 sectiones
3061 1499 3363 1554 divisimus.

2168 1617 2321 1674 Haud
2379 1621 2629 1691 equidem
2693 1620 2906 1690 ignoro,
2952 1618 3284 1674 Dodwellum
3342 1633 3430 1674 res
3481 1628 3685 1690 gestas

2099 1711 2492 1784 Thaumaturgi
2534 1712 2882 1767 admirandas
2915 1727 2946 1766 a
2975 1709 3217 1782 Nysseno
3239 1720 3522 1765 enarratas
3553 1710 3686 1764 ele-

2099 1818 2257 1867 vare;
2291 1803 2490 1873 quippe
2519 1803 2632 1872 qui,
2674 1802 2720 1858 si
2769 1802 2944 1871 ipsum
2973 1801 3163 1856 audias
3199 1800 3333 1871 (56),
3398 1819 3416 1852 ι
3445 1799 3692 1854 ratioci-

2098 1894 2204 1948 niis
2263 1895 2519 1948 nimirum
2558 1895 2674 1949 suis
2703 1893 3142 1964 conjccturisqne
3178 1902 3387 1955 auctas.
3429 1890 3691 1960 posteris

2097 1987 2516 2055 repraesentarit.
2559 2006 2578 2039 ι
2616 1986 2784 2041 Miror
2813 1987 3090 2041 enimvero
3119 2000 3228 2039 non
3260 1992 3511 2040 accurate
3546 1997 3692 2052 per-

2096 2080 2350 2149 pendisse
2376 2080 2553 2134 virum
2579 2080 2828 2134 criticum
2847 2077 3024 2149 Magni
3052 2077 3237 2133 Basilii
3269 2076 3691 2139 testimonium,

2094 2189 2204 2242 quo
2230 2192 2248 2224 ι
2282 2172 2576 2242 Gregorius
2606 2171 2832 2243 Magnus
2860 2180 3075 2242 propter
3097 2173 3360 2226 donorum
3389 2171 3695 2225 excellen—

2095 2267 2224 2319 tiam
2253 2281 2374 2336 qua:
2404 2268 2458 2318 in
2505 2266 2622 2336 ipso
2651 2265 2976 2335 operabatur
3009 2263 3243 2334 Spiritus
3271 2264 3323 2316 in
3375 2263 3523 2318 omni
3550 2263 3692 2316 vir-

2097 2367 2228 2422 tute,
2270 2358 2440 2426 signis
2491 2373 2553 2411 ac
2581 2358 2861 2428 prodigiis,
2894 2357 2962 2410 ab
3014 2356 3146 2425 ipsis
3199 2355 3362 2410 etiam
3416 2356 3692 2410 veritatis

2095 2451 2344 2506 hostibus
2372 2493 2388 2518 ,
2427 2453 2553 2522 παρ’
2604 2453 2781 2504 αὐτῶν
2819 2451 2924 2504 τῶν
2975 2448 3182 2522 ἐχθρῶν
3239 2449 3337 2520 τῆς
3384 2447 3692 2519 ἀληθείας,

2093 2544 2228 2598 alter
2255 2541 2466 2614 Moyses
2511 2542 2812 2612 appellatus
2861 2541 3030 2596 fuisse
3089 2561 3108 2594 ι
3159 2541 3468 2611 perhibetur
3500 2539 3626 2609 (57)
3667 2559 3688 2594 :

2095 2650 2270 2704 neque
2303 2633 2518 2690 Ductori
2546 2635 2783 2688 maximo
2810 2648 2996 2687 aurem
3023 2633 3319 2702 praebuisse
3336 2633 3498 2686 aienti
3525 2631 3688 2702 (58).

2093 2727 2417 2798 Gregorium
2479 2725 2970 2781 Neocatsariensem
3017 2742 3036 2776 ι
3097 2725 3247 2795 signa
3297 2733 3455 2793 atque
3484 2725 3692 2778 “mira-

2092 2819 2214 2876 cuia
2277 2834 2399 2874 cum
2458 2819 2750 2872 multarum
2814 2816 3178 2871 Ecclesiarum
3230 2816 3399 2885 gloria
3460 2831 3693 2884 perpe-

2094 2919 2287 2965 trasse.
2329 2928 2347 2962 ι
2378 2907 2519 2976 Quid
2548 2924 2840 2964 memorem
2867 2906 3148 2974 Ruﬁnum,
3183 2925 3201 2958 ί
3232 2908 3365 2961 tanti
3384 2906 3483 2960 viri
3508 2917 3690 2977 gesta

2093 3000 2194 3056 sub
2223 3000 2474 3055 orientali
2520 3010 2574 3054 et
2623 2999 3009 3070 septentrionis
3054 3014 3154 3053 axe
3179 3007 3500 3053 cunctorum
3546 3015 3691 3052 ser-

2092 3106 2251 3146 mone
2272 3091 2530 3145 celebrari
2564 3109 2584 3142 ι
2646 3100 2934 3145 testantem
2978 3089 3127 3161 (59)?
3175 3088 3315 3157 Quid
3364 3089 3690 3145 Eusebium

2012 3150 2055 3208 ο
2087 3171 2500 3250 Caesariensem,
2549 3185 2870 3255 Gregorium
2919 3193 3169 3238 nostrum
3209 3208 3226 3235 ι
3277 3184 3686 3254 episcoporum

2082 3295 2179 3334 sua
2197 3287 2353 3333 aetate
2378 3278 2810 3343 celeberrimum,
2847 3297 2866 3330 ι
2898 3279 3004 3331 τῶν
3031 3278 3149 3333 καθ’
3175 3279 3319 3349 ἡμᾶς
3346 3279 3689 3333 ἐπισκόπων

2082 3371 2386 3441 διαϐόητον,
2426 3369 2810 3440 praedicantem
2841 3370 2988 3442 (60)?
3018 3370 3331 3425 Admiretur
3352 3369 3530 3436 itaque
3561 3383 3688 3437 po-

2081 3463 2191 3518 tius
2242 3463 2344 3517 ista
2375 3478 2495 3534 qua:
2530 3464 2758 3532 respuit,
2798 3463 2966 3518 homo
3011 3463 3146 3518 adeo
3207 3471 3473 3516 emunctae
3503 3463 3686 3517 naris

2083 3551 2276 3624 (verba
2318 3568 2522 3622 usurpo
2544 3552 2723 3622 magni
2767 3552 2987 3606 Baronii
3024 3551 3133 3623 (6i)
3165 3549 3424 3605 Joannem
3487 3549 3686 3604 Bodi-

2083 3659 2214 3696 num
2241 3643 2570 3712 carpentis),
2595 3658 2695 3696 nec
2726 3651 2883 3713 neget
2905 3642 3190 3697 historiam
3213 3650 3291 3696 tot
3317 3640 3688 3712 gravissimis

2085 3735 2425 3797 auctoribus,
2477 3735 2682 3789 Cra-eis
2713 3743 2875 3806 atque
2925 3733 3156 3798 Latinis,
3209 3734 3344 3788 satis
3383 3748 3688 3802 superque

2083 3835 2362 3893 testatam,
2398 3826 2704 3896 probatam,
2735 3828 3223 3898 consignatamque
3246 3827 3392 3881 cultu
3433 3826 3690 3892 religio-

2082 3921 2168 3975 nis
2197 3921 2356 3975 annis
2390 3919 2616 3990 singulis
2633 3921 2830 3976 celebri
2861 3921 3122 3975 memoria
3145 3920 3310 3990 repeti
3331 3918 3494 3974 solito
3517 3917 3681 3988 (62).

2085 4011 2189 4066 Sed
2214 4013 2389 4065 virum
2448 4012 2946 4084 iutemperantioris
2992 4012 3195 4068 criticm
3224 4021 3548 4067 sectatorem
3583 4013 3686 4067 di-

2083 4105 2364 4159 mittamus
2393 4103 2486 4174 (c).
2751 4091 2758 4099 ’

2151 4304 2385 4375 (55-56)
2412 4303 2638 4360 Dissert.
2665 4304 2710 4375 4_
2732 4302 2920 4375 Cypr.,
2952 4303 2978 4374 §
3009 4303 3095 4368 16,
3119 4319 3240 4373 pag.
3274 4303 3363 4375 48.

2150 4372 2492 4482 ςὲηηέἱῗέίξινί
2527 4375 2643 4482 ιςξιςε,
2675 4373 2757 4482 εξς
2781 4372 2921 4482 ne
3473 4373 3501 4444 ε

2148 4444 2219 4516 ip.
2244 4444 2388 4502 tom.
2425 4445 2662 4568 Ill,})ag.
2691 4445 2758 4498 6:2
2785 4447 2914 4499 edit.
2947 4444 3054 4499 BB.

2148 4518 2257 4598 (ἓξ)
2288 4519 2481 4598 [ξενίη
2510 4518 2528 4568 ί
2553 4516 2615 4598 ίῖν
2638 4531 2762 4598 sem-
2794 4514 2876 4586 6§-
3048 4589 3054 4598 λ

2149 4585 2260 4658 (59)
2299 4589 2441 4642 "ist.
2482 4586 2730 4658 ecclalib.
2768 4585 2866 4652 vn,
2899 4602 3017 4658 capi.
3047 4585 3136 4641 25.

2147 4657 2258 4730 ('60)
2297 4659 2440 4712 Hist.
2471 4657 2716 4730 ecclalib.
2755 4671 2828 4718 vr,
2856 4674 2972 4730 cap.
2996 4657 3084 4712 50.

2147 4727 2258 4802 (61)
2289 4730 2370 4802 Ad
2408 4727 2686 4802 θυεμ-41,
2717 4729 2977 4802 num_._5l.

2147 4797 2258 4872 (6'2)
2289 4801 2514 4871 Martyr.
2549 4798 2704 4853 Rom.
2740 4805 2794 4852 et
2841 4798 3108 4869 Menolog.
3166 4797 3338 4855 Graec.
3395 4797 3466 4852 ad
3491 4798 3558 4852 d.
3603 4799 3686 4854 Γ]

2072 4872 2210 4929 Nov.

458 5014 530 5087 (ᾳ)
556 5013 788 5087 Qrigenis
812 5023 866 5087 et
889 5015 1113 5078 Gregorii
1149 5014 1362 5087 Nysseni
1388 5015 1907 5087 elucubrationeshic.
1922 5011 2390 5087 memoratgsjnter
2401 5005 3610 5087 “utriusqueQperaretitiattttlslirztglr.‘Effugi}:1

460 5069 530 5140 (ὁ)
557 5075 608 5126 S.
638 5069 864 5143 Gregorii
889 5069 1171 5143 sermonem
1193 5069 1245 5128 in
1265 5090 1429 5127 omnes
1451 5085 1692 5143 martyres
1719 5077 1957 5126 Bononia
1997 5088 2124 5124 anno
2144 5073 2264 5122 1772
2277 5073 2460 5136 publici
2488 5069 2616 5134 juris
2638 5069 2755 5121 fecit
2784 5072 2953 5131 Aloys.
2985 5069 3280 5131 Mingarelli.
3309 5069 3450 5118 Hanc.
3468 5072 3556 5119 edi
3569 5074 3685 5121 Lio—

395 5153 508 5189 nem
531 5139 774 5202 ignoravit
794 5141 1092 5192 Gallandius.
1124 5139 1190 5188 lo.

458 5203 526 5266 (ιτ)
551 5189 789 5255 Rotitiam
805 5189 1016 5254 alteram
1034 5204 1082 5252 in
1112 5203 1163 5252 S.
1187 5202 1484 5266 Gregorium
1505 5214 1568 5250 ex
1592 5199 1777 5250 Leonis
1798 5197 1966 5251 Allatii
1990 5197 2212 5250 Diatriba
2233 5197 2295 5250 de
2323 5192 2601 5249 Theodoris
2625 5195 2738 5246 vide
2761 5193 2887 5245 intra
2907 5194 3002 5245 col.
3028 5191 3166 5244 1205.
3190 5189 3260 5242 In.
