  <div class='ocr_page' id='page_1' title='image "/cluster/home/n/w/nwhite01/storage/ocr_20150623/10/hvd.32044073501330/506.png"; bbox 0 0 4028 6214; ppageno 0'>
   <div class='ocr_carea' id='block_1_1' title="bbox 1498 267 2312 328">
    <p class='ocr_par' dir='ltr' id='par_1_1' title="bbox 1498 267 2312 328">
     <span class='ocr_line' id='line_1_1' title="bbox 1498 267 2312 328; baseline 0.002 -5"><span class='ocrx_word' id='word_1_1' title='bbox 1498 267 1915 325; x_wconf 72' lang='lat' dir='ltr'><strong>TESTIMONIA</strong></span> <span class='ocrx_word' id='word_1_2' title='bbox 1958 269 2312 328; x_wconf 71' lang='lat' dir='ltr'><strong>VETERUM.</strong></span> 
     </span>
    </p>
   </div>
   <div class='ocr_carea' id='block_1_2' title="bbox 3499 277 3604 333">
    <p class='ocr_par' dir='ltr' id='par_1_2' title="bbox 3499 277 3604 333">
     <span class='ocr_line' id='line_1_2' title="bbox 3499 277 3604 333; baseline 0.019 -3"><span class='ocrx_word' id='word_1_3' title='bbox 3499 277 3604 333; x_wconf 67' lang='grc'><strong>974</strong></span> 
     </span>
    </p>
   </div>
   <div class='ocr_carea' id='block_1_3' title="bbox 3373 442 3573 459">
    <p class='ocr_par' dir='ltr' id='par_1_3' title="bbox 3373 442 3573 459">
     <span class='ocr_line' id='line_1_3' title="bbox 3373 442 3573 459; baseline 0.015 -5"><span class='ocrx_word' id='word_1_4' title='bbox 3373 442 3573 459; x_wconf 58' lang='grc' dir='ltr'><strong>Ἦ</strong></span> 
     </span>
    </p>
   </div>
   <div class='ocr_carea' id='block_1_4' title="bbox 1286 572 2684 665">
    <p class='ocr_par' dir='ltr' id='par_1_4' title="bbox 1286 572 2684 665">
     <span class='ocr_line' id='line_1_4' title="bbox 1286 572 2684 665; baseline 0.003 -6"><span class='ocrx_word' id='word_1_5' title='bbox 1286 573 1858 664; x_wconf 83' lang='lat' dir='ltr'><strong>VETERUM</strong></span> <span class='ocrx_word' id='word_1_6' title='bbox 1934 572 2684 665; x_wconf 79' lang='lat' dir='ltr'><strong>TESTIMONIA</strong></span> 
     </span>
    </p>
   </div>
   <div class='ocr_carea' id='block_1_5' title="bbox 753 763 3240 845">
    <p class='ocr_par' dir='ltr' id='par_1_5' title="bbox 753 763 3240 845">
     <span class='ocr_line' id='line_1_5' title="bbox 753 763 3240 845; baseline 0.001 -21"><span class='ocrx_word' id='word_1_7' title='bbox 753 764 846 824; x_wconf 89' lang='lat' dir='ltr'><strong>De</strong></span> <span class='ocrx_word' id='word_1_8' title='bbox 885 764 946 824; x_wconf 94' lang='lat' dir='ltr'><strong>S.</strong></span> <span class='ocrx_word' id='word_1_9' title='bbox 1003 763 1310 843; x_wconf 81' lang='lat' dir='ltr'><strong>Gregorio</strong></span> <span class='ocrx_word' id='word_1_10' title='bbox 1351 765 1651 844; x_wconf 87' lang='lat' dir='ltr'><strong>episcopo</strong></span> <span class='ocrx_word' id='word_1_11' title='bbox 1704 763 2227 835; x_wconf 82' lang='lat' dir='ltr'><strong>Neocasariensi,</strong></span> <span class='ocrx_word' id='word_1_12' title='bbox 2279 771 2702 844; x_wconf 86' lang='lat' dir='ltr'><strong>cognomento</strong></span> <span class='ocrx_word' id='word_1_13' title='bbox 2740 763 3240 845; x_wconf 78' lang='lat' dir='ltr'><strong>Thaumaturgo.</strong></span> 
     </span>
    </p>
   </div>
   <div class='ocr_carea' id='block_1_6' title="bbox 525 1101 2588 1174">
    <p class='ocr_par' dir='ltr' id='par_1_6' title="bbox 525 1101 2588 1174">
     <span class='ocr_line' id='line_1_6' title="bbox 525 1101 2588 1174; baseline 0.001 -18"><span class='ocrx_word' id='word_1_14' title='bbox 525 1153 529 1156; x_wconf 92' lang='lat'><strong><em>_</em></strong></span> <span class='ocrx_word' id='word_1_15' title='bbox 1401 1103 1440 1157; x_wconf 94' lang='lat' dir='ltr'><strong>I.</strong></span> <span class='ocrx_word' id='word_1_16' title='bbox 1470 1101 1722 1157; x_wconf 78' lang='lat' dir='ltr'><strong>Eusebius</strong></span> <span class='ocrx_word' id='word_1_17' title='bbox 1764 1101 1905 1157; x_wconf 90' lang='lat' dir='ltr'><strong>Ilist.</strong></span> <span class='ocrx_word' id='word_1_18' title='bbox 1937 1105 2070 1159; x_wconf 85' lang='lat' dir='ltr'><strong>eccl.</strong></span> <span class='ocrx_word' id='word_1_19' title='bbox 2107 1106 2201 1159; x_wconf 88' lang='lat' dir='ltr'><strong>lib.</strong></span> <span class='ocrx_word' id='word_1_20' title='bbox 2233 1121 2318 1172; x_wconf 79' lang='grc' dir='ltr'><strong>νι,</strong></span> <span class='ocrx_word' id='word_1_21' title='bbox 2349 1120 2467 1174; x_wconf 86' lang='lat' dir='ltr'><strong>cap.</strong></span> <span class='ocrx_word' id='word_1_22' title='bbox 2498 1102 2588 1159; x_wconf 82' lang='grc'><strong>50.</strong></span> 
     </span>
    </p>
   </div>
   <div class='ocr_carea' id='block_1_7' title="bbox 440 1215 1902 1292">
    <p class='ocr_par' dir='ltr' id='par_1_7' title="bbox 440 1215 1902 1290">
     <span class='ocr_line' id='line_1_7' title="bbox 440 1215 1902 1290; baseline 0.001 -20"><span class='ocrx_word' id='word_1_23' title='bbox 440 1216 531 1287; x_wconf 78' lang='grc' dir='ltr'><strong>Τῷ</strong></span> <span class='ocrx_word' id='word_1_24' title='bbox 575 1216 633 1270; x_wconf 82' lang='grc' dir='ltr'>δὲ</span> <span class='ocrx_word' id='word_1_25' title='bbox 678 1215 936 1286; x_wconf 85' lang='grc' dir='ltr'>Ὠριγένει</span> <span class='ocrx_word' id='word_1_26' title='bbox 981 1216 1075 1268; x_wconf 77' lang='grc' dir='ltr'><strong>ἐπὶ</strong></span> <span class='ocrx_word' id='word_1_27' title='bbox 1123 1216 1220 1287; x_wconf 82' lang='grc' dir='ltr'><strong>τῆς</strong></span> <span class='ocrx_word' id='word_1_28' title='bbox 1270 1218 1602 1287; x_wconf 79' lang='grc' dir='ltr'><strong>Καισαρείας</strong></span> <span class='ocrx_word' id='word_1_29' title='bbox 1628 1217 1696 1271; x_wconf 82' lang='grc' dir='ltr'><strong>τά</strong></span> <span class='ocrx_word' id='word_1_30' title='bbox 1731 1219 1902 1290; x_wconf 59' lang='grc' dir='ltr'>συνήθη</span> 
     </span>
    </p>
   </div>
   <div class='ocr_carea' id='block_1_8' title="bbox 2004 1215 3600 1292">
    <p class='ocr_par' dir='ltr' id='par_1_8' title="bbox 2004 1216 3600 1288">
     <span class='ocr_line' id='line_1_8' title="bbox 2004 1216 3600 1288; baseline 0 -14"><span class='ocrx_word' id='word_1_31' title='bbox 2004 1277 2008 1283; x_wconf 65' lang='grc'><strong>,</strong></span> <span class='ocrx_word' id='word_1_32' title='bbox 2103 1219 2320 1278; x_wconf 76' lang='lat' dir='ltr'><strong>Interim</strong></span> <span class='ocrx_word' id='word_1_33' title='bbox 2365 1219 2496 1275; x_wconf 92' lang='lat' dir='ltr'><strong>dum</strong></span> <span class='ocrx_word' id='word_1_34' title='bbox 2535 1216 2795 1288; x_wconf 77' lang='lat' dir='ltr'><strong>Origenes</strong></span> <span class='ocrx_word' id='word_1_35' title='bbox 2828 1217 2968 1287; x_wconf 85' lang='lat' dir='ltr'><strong>apud</strong></span> <span class='ocrx_word' id='word_1_36' title='bbox 2999 1216 3302 1274; x_wconf 82' lang='lat' dir='ltr'><strong>Casaream</strong></span> <span class='ocrx_word' id='word_1_37' title='bbox 3337 1230 3600 1277; x_wconf 89' lang='lat' dir='ltr'><strong>consueto</strong></span> 
     </span>
    </p>
   </div>
   <div class='ocr_carea' id='block_1_9' title="bbox 370 1307 1937 1381">
    <p class='ocr_par' dir='ltr' id='par_1_9' title="bbox 370 1307 1937 1381">
     <span class='ocr_line' id='line_1_9' title="bbox 370 1307 1937 1381; baseline 0.002 -20"><span class='ocrx_word' id='word_1_38' title='bbox 370 1309 680 1379; x_wconf 82' lang='grc' dir='ltr'><strong>πράττοντι,</strong></span> <span class='ocrx_word' id='word_1_39' title='bbox 714 1307 892 1360; x_wconf 71' lang='grc' dir='ltr'>πολλοὶ</span> <span class='ocrx_word' id='word_1_40' title='bbox 941 1307 1270 1380; x_wconf 77' lang='grc' dir='ltr'>προσῄεσαν,</span> <span class='ocrx_word' id='word_1_41' title='bbox 1298 1309 1358 1361; x_wconf 83' lang='grc' dir='ltr'>οὐ</span> <span class='ocrx_word' id='word_1_42' title='bbox 1402 1310 1559 1380; x_wconf 87' lang='grc' dir='ltr'>μόνον</span> <span class='ocrx_word' id='word_1_43' title='bbox 1598 1310 1706 1364; x_wconf 89' lang='grc' dir='ltr'><strong>τῶν</strong></span> <span class='ocrx_word' id='word_1_44' title='bbox 1735 1311 1937 1381; x_wconf 83' lang='grc' dir='ltr'>ὲπιχω-</span> 
     </span>
    </p>
   </div>
   <div class='ocr_carea' id='block_1_10' title="bbox 372 1397 1934 1473">
    <p class='ocr_par' dir='ltr' id='par_1_10' title="bbox 372 1397 1934 1473">
     <span class='ocr_line' id='line_1_10' title="bbox 372 1397 1934 1473; baseline 0.002 -21"><span class='ocrx_word' id='word_1_45' title='bbox 372 1401 521 1470; x_wconf 83' lang='grc' dir='ltr'>ρίων,</span> <span class='ocrx_word' id='word_1_46' title='bbox 559 1398 692 1452; x_wconf 85' lang='grc' dir='ltr'><strong>ἀλλά</strong></span> <span class='ocrx_word' id='word_1_47' title='bbox 723 1398 814 1452; x_wconf 82' lang='grc' dir='ltr'><strong>καὶ</strong></span> <span class='ocrx_word' id='word_1_48' title='bbox 856 1397 962 1451; x_wconf 81' lang='grc' dir='ltr'><strong>ἀπὸ</strong></span> <span class='ocrx_word' id='word_1_49' title='bbox 999 1398 1094 1469; x_wconf 80' lang='grc' dir='ltr'>τῆς</span> <span class='ocrx_word' id='word_1_50' title='bbox 1137 1397 1436 1470; x_wconf 83' lang='grc' dir='ltr'><strong>ἀλλοδαπῆς</strong></span> <span class='ocrx_word' id='word_1_51' title='bbox 1471 1399 1650 1471; x_wconf 84' lang='grc' dir='ltr'>μυρίοι</span> <span class='ocrx_word' id='word_1_52' title='bbox 1687 1403 1934 1473; x_wconf 77' lang='grc' dir='ltr'>φοιτηταὶ</span> 
     </span>
    </p>
   </div>
   <div class='ocr_carea' id='block_1_11' title="bbox 365 1483 1934 1564">
    <p class='ocr_par' dir='ltr' id='par_1_11' title="bbox 365 1483 1934 1564">
     <span class='ocr_line' id='line_1_11' title="bbox 365 1483 1934 1564; baseline 0.003 -19"><span class='ocrx_word' id='word_1_53' title='bbox 365 1491 467 1556; x_wconf 79' lang='grc' dir='ltr'><strong>τὰς</strong></span> <span class='ocrx_word' id='word_1_54' title='bbox 499 1491 760 1562; x_wconf 75' lang='grc' dir='ltr'><strong>πατρίδας</strong></span> <span class='ocrx_word' id='word_1_55' title='bbox 805 1490 1191 1554; x_wconf 79' lang='grc' dir='ltr'><strong>ἀπολιπόντες·</strong></span> <span class='ocrx_word' id='word_1_56' title='bbox 1238 1483 1314 1544; x_wconf 80' lang='grc' dir='ltr'>ὧν</span> <span class='ocrx_word' id='word_1_57' title='bbox 1362 1491 1667 1563; x_wconf 81' lang='grc' dir='ltr'><strong>ἐπισήμους</strong></span> <span class='ocrx_word' id='word_1_58' title='bbox 1702 1495 1934 1564; x_wconf 87' lang='grc' dir='ltr'>μάλιστα</span> 
     </span>
    </p>
   </div>
   <div class='ocr_carea' id='block_1_12' title="bbox 363 1575 1933 1657">
    <p class='ocr_par' dir='ltr' id='par_1_12' title="bbox 363 1575 1933 1657">
     <span class='ocr_line' id='line_1_12' title="bbox 363 1575 1933 1657; baseline 0.003 -21"><span class='ocrx_word' id='word_1_59' title='bbox 363 1583 611 1652; x_wconf 72' lang='grc' dir='ltr'>ἔγνωμεν</span> <span class='ocrx_word' id='word_1_60' title='bbox 655 1581 943 1653; x_wconf 83' lang='grc' dir='ltr'>Θεόδωρον,</span> <span class='ocrx_word' id='word_1_61' title='bbox 975 1582 1031 1646; x_wconf 85' lang='grc' dir='ltr'><strong>ὃς</strong></span> <span class='ocrx_word' id='word_1_62' title='bbox 1076 1577 1144 1654; x_wconf 75' lang='grc' dir='ltr'>ἦν</span> <span class='ocrx_word' id='word_1_63' title='bbox 1181 1582 1340 1647; x_wconf 80' lang='grc' dir='ltr'>αὐτὸς</span> <span class='ocrx_word' id='word_1_64' title='bbox 1381 1575 1533 1647; x_wconf 72' lang='grc' dir='ltr'>οὗτος</span> <span class='ocrx_word' id='word_1_65' title='bbox 1578 1585 1607 1636; x_wconf 89' lang='grc' dir='ltr'><strong>ό</strong></span> <span class='ocrx_word' id='word_1_66' title='bbox 1641 1585 1763 1638; x_wconf 86' lang='grc' dir='ltr'>καθ’</span> <span class='ocrx_word' id='word_1_67' title='bbox 1786 1588 1933 1657; x_wconf 76' lang='grc' dir='ltr'>ἡμᾶς</span> 
     </span>
    </p>
   </div>
   <div class='ocr_carea' id='block_1_13' title="bbox 363 1674 1929 1746">
    <p class='ocr_par' dir='ltr' id='par_1_13' title="bbox 363 1674 1929 1746">
     <span class='ocr_line' id='line_1_13' title="bbox 363 1674 1929 1746; baseline 0.003 -18"><span class='ocrx_word' id='word_1_68' title='bbox 363 1676 678 1729; x_wconf 78' lang='grc' dir='ltr'>ἐπισκόπων</span> <span class='ocrx_word' id='word_1_69' title='bbox 719 1674 995 1744; x_wconf 76' lang='grc' dir='ltr'>διαϐόητος</span> <span class='ocrx_word' id='word_1_70' title='bbox 1021 1674 1314 1746; x_wconf 87' lang='grc' dir='ltr'>Γρηγόριος</span> <span class='ocrx_word' id='word_1_71' title='bbox 1333 1691 1346 1704; x_wconf 85' lang='lat'><strong><em>°</em></strong></span> <span class='ocrx_word' id='word_1_72' title='bbox 1382 1674 1473 1727; x_wconf 89' lang='grc' dir='ltr'><strong>τόν</strong></span> <span class='ocrx_word' id='word_1_73' title='bbox 1498 1693 1558 1727; x_wconf 90' lang='grc' dir='ltr'><strong>τε</strong></span> <span class='ocrx_word' id='word_1_74' title='bbox 1585 1676 1748 1730; x_wconf 81' lang='grc' dir='ltr'>αὐτοῦ</span> <span class='ocrx_word' id='word_1_75' title='bbox 1777 1678 1929 1732; x_wconf 86' lang='grc' dir='ltr'>ἀδελ-</span> 
     </span>
    </p>
   </div>
   <div class='ocr_carea' id='block_1_14' title="bbox 365 1766 1927 1840">
    <p class='ocr_par' dir='ltr' id='par_1_14' title="bbox 365 1766 1927 1840">
     <span class='ocr_line' id='line_1_14' title="bbox 365 1766 1927 1840; baseline 0.003 -20"><span class='ocrx_word' id='word_1_76' title='bbox 365 1769 464 1836; x_wconf 71' lang='grc' dir='ltr'><strong>φὸν</strong></span> <span class='ocrx_word' id='word_1_77' title='bbox 501 1766 892 1838; x_wconf 79' lang='grc' dir='ltr'><strong>Ἀθηνόδωρον·</strong></span> <span class='ocrx_word' id='word_1_78' title='bbox 926 1767 1018 1830; x_wconf 82' lang='grc' dir='ltr'>οὓς</span> <span class='ocrx_word' id='word_1_79' title='bbox 1062 1767 1204 1838; x_wconf 74' lang='grc' dir='ltr'>ἀμφὶ</span> <span class='ocrx_word' id='word_1_80' title='bbox 1243 1768 1312 1821; x_wconf 83' lang='grc' dir='ltr'><strong>τὰ</strong></span> <span class='ocrx_word' id='word_1_81' title='bbox 1352 1768 1611 1840; x_wconf 84' lang='grc' dir='ltr'>Ἐλλήνων</span> <span class='ocrx_word' id='word_1_82' title='bbox 1653 1773 1746 1824; x_wconf 79' lang='grc' dir='ltr'><strong>καὶ</strong></span> <span class='ocrx_word' id='word_1_83' title='bbox 1793 1773 1927 1825; x_wconf 82' lang='grc' dir='ltr'><strong>Ῥω-</strong></span> 
     </span>
    </p>
   </div>
   <div class='ocr_carea' id='block_1_15' title="bbox 367 1857 1928 1930">
    <p class='ocr_par' dir='ltr' id='par_1_15' title="bbox 367 1857 1928 1930">
     <span class='ocr_line' id='line_1_15' title="bbox 367 1857 1928 1930; baseline 0.004 -19"><span class='ocrx_word' id='word_1_84' title='bbox 367 1859 538 1928; x_wconf 83' lang='grc' dir='ltr'>μαίων</span> <span class='ocrx_word' id='word_1_85' title='bbox 563 1857 858 1928; x_wconf 86' lang='grc' dir='ltr'>μαθήματα</span> <span class='ocrx_word' id='word_1_86' title='bbox 882 1857 1067 1921; x_wconf 81' lang='grc' dir='ltr'><strong>δεινῶς</strong></span> <span class='ocrx_word' id='word_1_87' title='bbox 1089 1858 1474 1929; x_wconf 81' lang='grc' dir='ltr'>ἐπτοημένους,</span> <span class='ocrx_word' id='word_1_88' title='bbox 1499 1859 1811 1930; x_wconf 78' lang='grc' dir='ltr'>φιλοσοφίας</span> <span class='ocrx_word' id='word_1_89' title='bbox 1836 1865 1928 1917; x_wconf 74' lang='grc' dir='ltr'><strong>αὐ·</strong></span> 
     </span>
    </p>
   </div>
   <div class='ocr_carea' id='block_1_16' title="bbox 362 1949 1925 2022">
    <p class='ocr_par' dir='ltr' id='par_1_16' title="bbox 362 1949 1925 2022">
     <span class='ocr_line' id='line_1_16' title="bbox 362 1949 1925 2022; baseline 0.004 -21"><span class='ocrx_word' id='word_1_90' title='bbox 362 1954 471 2014; x_wconf 89' lang='grc' dir='ltr'>τοῖς</span> <span class='ocrx_word' id='word_1_91' title='bbox 516 1949 688 2013; x_wconf 74' lang='grc' dir='ltr'>ἐνθεὶς</span> <span class='ocrx_word' id='word_1_92' title='bbox 719 1949 914 2021; x_wconf 73' lang='grc' dir='ltr'>ἔρωτα,</span> <span class='ocrx_word' id='word_1_93' title='bbox 947 1949 1044 2020; x_wconf 83' lang='grc' dir='ltr'>τῆς</span> <span class='ocrx_word' id='word_1_94' title='bbox 1077 1950 1346 2021; x_wconf 80' lang='grc' dir='ltr'><strong>προτέρας</strong></span> <span class='ocrx_word' id='word_1_95' title='bbox 1379 1949 1612 2021; x_wconf 80' lang='grc' dir='ltr'>σπουδῆς</span> <span class='ocrx_word' id='word_1_96' title='bbox 1644 1954 1743 2022; x_wconf 82' lang='grc' dir='ltr'>τὴν</span> <span class='ocrx_word' id='word_1_97' title='bbox 1775 1954 1925 2008; x_wconf 87' lang='grc' dir='ltr'>θείαν</span> 
     </span>
    </p>
   </div>
   <div class='ocr_carea' id='block_1_17' title="bbox 359 2040 1922 2113">
    <p class='ocr_par' dir='ltr' id='par_1_17' title="bbox 359 2040 1922 2113">
     <span class='ocr_line' id='line_1_17' title="bbox 359 2040 1922 2113; baseline 0.004 -20"><span class='ocrx_word' id='word_1_98' title='bbox 359 2041 592 2113; x_wconf 73' lang='grc' dir='ltr'>ἄσκησιν</span> <span class='ocrx_word' id='word_1_99' title='bbox 633 2040 1183 2104; x_wconf 80' lang='grc' dir='ltr'>ἀντικαταλλάξασθαι</span> <span class='ocrx_word' id='word_1_100' title='bbox 1229 2040 1619 2113; x_wconf 77' lang='grc' dir='ltr'>προυτρέψατο.</span> <span class='ocrx_word' id='word_1_101' title='bbox 1656 2043 1822 2098; x_wconf 84' lang='grc' dir='ltr'>Πέντε</span> <span class='ocrx_word' id='word_1_102' title='bbox 1865 2045 1922 2098; x_wconf 83' lang='grc' dir='ltr'>δὲ</span> 
     </span>
    </p>
   </div>
   <div class='ocr_carea' id='block_1_18' title="bbox 357 2131 1923 2208">
    <p class='ocr_par' dir='ltr' id='par_1_18' title="bbox 357 2131 1923 2208">
     <span class='ocr_line' id='line_1_18' title="bbox 357 2131 1923 2208; baseline 0 -20"><span class='ocrx_word' id='word_1_103' title='bbox 357 2135 494 2196; x_wconf 82' lang='grc' dir='ltr'>ὅλοις</span> <span class='ocrx_word' id='word_1_104' title='bbox 549 2132 724 2185; x_wconf 79' lang='grc' dir='ltr'>ἔτεσιν</span> <span class='ocrx_word' id='word_1_105' title='bbox 773 2131 918 2202; x_wconf 86' lang='grc' dir='ltr'><strong>αὐτῷ</strong></span> <span class='ocrx_word' id='word_1_106' title='bbox 969 2133 1368 2204; x_wconf 82' lang='grc' dir='ltr'>συγγενόμενοι,</span> <span class='ocrx_word' id='word_1_107' title='bbox 1395 2134 1660 2207; x_wconf 80' lang='grc' dir='ltr'>τοσαύτην</span> <span class='ocrx_word' id='word_1_108' title='bbox 1685 2136 1923 2208; x_wconf 82' lang='grc' dir='ltr'>ἀπηνέγ-</span> 
     </span>
    </p>
   </div>
   <div class='ocr_carea' id='block_1_19' title="bbox 357 2223 1920 2298">
    <p class='ocr_par' dir='ltr' id='par_1_19' title="bbox 357 2223 1920 2298">
     <span class='ocr_line' id='line_1_19' title="bbox 357 2223 1920 2298; baseline 0 -19"><span class='ocrx_word' id='word_1_109' title='bbox 357 2241 519 2279; x_wconf 86' lang='grc' dir='ltr'>καντο</span> <span class='ocrx_word' id='word_1_110' title='bbox 549 2223 676 2295; x_wconf 77' lang='grc' dir='ltr'>περὶ</span> <span class='ocrx_word' id='word_1_111' title='bbox 700 2223 766 2276; x_wconf 81' lang='grc' dir='ltr'>τὰ</span> <span class='ocrx_word' id='word_1_112' title='bbox 787 2223 903 2276; x_wconf 85' lang='grc' dir='ltr'>θεῖα</span> <span class='ocrx_word' id='word_1_113' title='bbox 927 2223 1082 2292; x_wconf 84' lang='grc' dir='ltr'>λόγια</span> <span class='ocrx_word' id='word_1_114' title='bbox 1108 2223 1402 2294; x_wconf 87' lang='grc' dir='ltr'>βελτίωσιν,</span> <span class='ocrx_word' id='word_1_115' title='bbox 1423 2224 1498 2288; x_wconf 83' lang='grc' dir='ltr'>ὡς</span> <span class='ocrx_word' id='word_1_116' title='bbox 1523 2225 1603 2278; x_wconf 79' lang='grc' dir='ltr'><strong>ἔτι</strong></span> <span class='ocrx_word' id='word_1_117' title='bbox 1637 2226 1786 2290; x_wconf 86' lang='grc' dir='ltr'>νέους</span> <span class='ocrx_word' id='word_1_118' title='bbox 1814 2226 1920 2298; x_wconf 85' lang='grc' dir='ltr'><strong>ἄμ-</strong></span> 
     </span>
    </p>
   </div>
   <div class='ocr_carea' id='block_1_20' title="bbox 357 2315 1916 2390">
    <p class='ocr_par' dir='ltr' id='par_1_20' title="bbox 357 2315 1916 2390">
     <span class='ocr_line' id='line_1_20' title="bbox 357 2315 1916 2390; baseline 0.003 -21"><span class='ocrx_word' id='word_1_119' title='bbox 357 2335 440 2387; x_wconf 87' lang='grc' dir='ltr'><strong>φω</strong></span> <span class='ocrx_word' id='word_1_120' title='bbox 471 2315 774 2385; x_wconf 73' lang='grc' dir='ltr'>ἐπισκοπῆς</span> <span class='ocrx_word' id='word_1_121' title='bbox 821 2315 929 2368; x_wconf 88' lang='grc' dir='ltr'><strong>τῶν</strong></span> <span class='ocrx_word' id='word_1_122' title='bbox 978 2317 1120 2370; x_wconf 75' lang='grc' dir='ltr'>κατὰ</span> <span class='ocrx_word' id='word_1_123' title='bbox 1142 2317 1342 2370; x_wconf 88' lang='grc' dir='ltr'>Πόντον</span> <span class='ocrx_word' id='word_1_124' title='bbox 1377 2317 1707 2390; x_wconf 86' lang='grc' dir='ltr'>Ἐκκλησιῶν</span> <span class='ocrx_word' id='word_1_125' title='bbox 1752 2315 1916 2384; x_wconf 73' lang='grc' dir='ltr'><strong>ἀξιωσ-</strong></span> 
     </span>
    </p>
   </div>
   <div class='ocr_carea' id='block_1_21' title="bbox 355 2409 535 2480">
    <p class='ocr_par' dir='ltr' id='par_1_21' title="bbox 355 2409 535 2480">
     <span class='ocr_line' id='line_1_21' title="bbox 355 2409 535 2480; baseline 0.006 -21"><span class='ocrx_word' id='word_1_126' title='bbox 355 2409 535 2480; x_wconf 82' lang='grc' dir='ltr'>θῆναι.</span> 
     </span>
    </p>
   </div>
   <div class='ocr_carea' id='block_1_22' title="bbox 2037 1311 3602 1384">
    <p class='ocr_par' dir='ltr' id='par_1_22' title="bbox 2037 1311 3602 1384">
     <span class='ocr_line' id='line_1_22' title="bbox 2037 1311 3602 1384; baseline -0.001 -16"><span class='ocrx_word' id='word_1_127' title='bbox 2037 1313 2262 1368; x_wconf 82' lang='lat' dir='ltr'><strong>docendi</strong></span> <span class='ocrx_word' id='word_1_128' title='bbox 2291 1327 2518 1368; x_wconf 84' lang='lat' dir='ltr'><strong>munere</strong></span> <span class='ocrx_word' id='word_1_129' title='bbox 2567 1311 2901 1382; x_wconf 87' lang='lat' dir='ltr'><strong>fungeretur,</strong></span> <span class='ocrx_word' id='word_1_130' title='bbox 2932 1325 3039 1366; x_wconf 89' lang='lat' dir='ltr'><strong>non</strong></span> <span class='ocrx_word' id='word_1_131' title='bbox 3070 1311 3245 1367; x_wconf 91' lang='lat' dir='ltr'><strong>solum</strong></span> <span class='ocrx_word' id='word_1_132' title='bbox 3276 1313 3511 1384; x_wconf 80' lang='lat' dir='ltr'><strong>regionis</strong></span> <span class='ocrx_word' id='word_1_133' title='bbox 3536 1313 3602 1366; x_wconf 90' lang='lat' dir='ltr'><strong>il-</strong></span> 
     </span>
    </p>
   </div>
   <div class='ocr_carea' id='block_1_23' title="bbox 2035 1401 3600 1473">
    <p class='ocr_par' dir='ltr' id='par_1_23' title="bbox 2035 1401 3600 1473">
     <span class='ocr_line' id='line_1_23' title="bbox 2035 1401 3600 1473; baseline 0.001 -17"><span class='ocrx_word' id='word_1_134' title='bbox 2035 1403 2140 1457; x_wconf 90' lang='lat' dir='ltr'><strong>lius</strong></span> <span class='ocrx_word' id='word_1_135' title='bbox 2171 1403 2379 1468; x_wconf 83' lang='lat' dir='ltr'><strong>incola,</strong></span> <span class='ocrx_word' id='word_1_136' title='bbox 2413 1402 2505 1457; x_wconf 89' lang='lat' dir='ltr'><strong>sed</strong></span> <span class='ocrx_word' id='word_1_137' title='bbox 2532 1401 2694 1457; x_wconf 89' lang='lat' dir='ltr'><strong>etiam</strong></span> <span class='ocrx_word' id='word_1_138' title='bbox 2724 1401 2946 1470; x_wconf 81' lang='lat' dir='ltr'><strong>plurimi</strong></span> <span class='ocrx_word' id='word_1_139' title='bbox 2973 1417 3038 1456; x_wconf 76' lang='lat' dir='ltr'><strong>ex</strong></span> <span class='ocrx_word' id='word_1_140' title='bbox 3069 1402 3449 1458; x_wconf 90' lang='lat' dir='ltr'><strong>remotissimis</strong></span> <span class='ocrx_word' id='word_1_141' title='bbox 3473 1418 3600 1473; x_wconf 91' lang='lat' dir='ltr'><strong>pro-</strong></span> 
     </span>
    </p>
   </div>
   <div class='ocr_carea' id='block_1_24' title="bbox 2034 1494 3598 1564">
    <p class='ocr_par' dir='ltr' id='par_1_24' title="bbox 2034 1494 3598 1564">
     <span class='ocr_line' id='line_1_24' title="bbox 2034 1494 3598 1564; baseline 0.002 -15"><span class='ocrx_word' id='word_1_142' title='bbox 2034 1494 2227 1550; x_wconf 87' lang='lat' dir='ltr'><strong>vinciis</strong></span> <span class='ocrx_word' id='word_1_143' title='bbox 2270 1494 2522 1564; x_wconf 87' lang='lat' dir='ltr'><strong>discipuli</strong></span> <span class='ocrx_word' id='word_1_144' title='bbox 2572 1494 2758 1549; x_wconf 85' lang='lat' dir='ltr'><strong>relicta</strong></span> <span class='ocrx_word' id='word_1_145' title='bbox 2811 1494 2982 1564; x_wconf 89' lang='lat' dir='ltr'><strong>patria</strong></span> <span class='ocrx_word' id='word_1_146' title='bbox 3039 1494 3106 1548; x_wconf 91' lang='lat' dir='ltr'><strong>ad</strong></span> <span class='ocrx_word' id='word_1_147' title='bbox 3148 1510 3273 1550; x_wconf 88' lang='lat' dir='ltr'><strong>eum</strong></span> <span class='ocrx_word' id='word_1_148' title='bbox 3301 1510 3598 1552; x_wconf 83' lang='lat' dir='ltr'><strong>concurre-</strong></span> 
     </span>
    </p>
   </div>
   <div class='ocr_carea' id='block_1_25' title="bbox 2031 1584 3596 1657">
    <p class='ocr_par' dir='ltr' id='par_1_25' title="bbox 2031 1584 3596 1657">
     <span class='ocr_line' id='line_1_25' title="bbox 2031 1584 3596 1657; baseline 0.001 -15"><span class='ocrx_word' id='word_1_149' title='bbox 2031 1588 2179 1642; x_wconf 88' lang='lat' dir='ltr'><strong>bant.</strong></span> <span class='ocrx_word' id='word_1_150' title='bbox 2211 1584 2452 1653; x_wconf 87' lang='lat' dir='ltr'><strong>Quorum</strong></span> <span class='ocrx_word' id='word_1_151' title='bbox 2502 1587 2804 1657; x_wconf 84' lang='lat' dir='ltr'><strong>pracipuos</strong></span> <span class='ocrx_word' id='word_1_152' title='bbox 2835 1585 3003 1640; x_wconf 88' lang='lat' dir='ltr'><strong>fuisse</strong></span> <span class='ocrx_word' id='word_1_153' title='bbox 3031 1588 3386 1656; x_wconf 87' lang='lat' dir='ltr'><strong>cognovimus</strong></span> <span class='ocrx_word' id='word_1_154' title='bbox 3417 1587 3596 1644; x_wconf 90' lang='lat' dir='ltr'><strong>Theo-</strong></span> 
     </span>
    </p>
   </div>
   <div class='ocr_carea' id='block_1_26' title="bbox 2029 1676 3592 1748">
    <p class='ocr_par' dir='ltr' id='par_1_26' title="bbox 2029 1676 3592 1748">
     <span class='ocr_line' id='line_1_26' title="bbox 2029 1676 3592 1748; baseline 0 -16"><span class='ocrx_word' id='word_1_155' title='bbox 2029 1679 2242 1746; x_wconf 89' lang='lat' dir='ltr'><strong>dorum,</strong></span> <span class='ocrx_word' id='word_1_156' title='bbox 2277 1679 2370 1748; x_wconf 86' lang='lat' dir='ltr'><strong>qui</strong></span> <span class='ocrx_word' id='word_1_157' title='bbox 2423 1687 2476 1734; x_wconf 88' lang='lat' dir='ltr'><strong>et</strong></span> <span class='ocrx_word' id='word_1_158' title='bbox 2523 1676 2816 1748; x_wconf 76' lang='lat' dir='ltr'><strong>Gregorius</strong></span> <span class='ocrx_word' id='word_1_159' title='bbox 2864 1678 3043 1733; x_wconf 86' lang='lat' dir='ltr'><strong>dictus</strong></span> <span class='ocrx_word' id='word_1_160' title='bbox 3074 1687 3176 1741; x_wconf 88' lang='lat' dir='ltr'><strong>est,</strong></span> <span class='ocrx_word' id='word_1_161' title='bbox 3209 1679 3592 1748; x_wconf 87' lang='lat' dir='ltr'><strong>episcoporum</strong></span> 
     </span>
    </p>
   </div>
   <div class='ocr_carea' id='block_1_27' title="bbox 2030 1767 3593 1839">
    <p class='ocr_par' dir='ltr' id='par_1_27' title="bbox 2030 1767 3593 1839">
     <span class='ocr_line' id='line_1_27' title="bbox 2030 1767 3593 1839; baseline -0.001 -14"><span class='ocrx_word' id='word_1_162' title='bbox 2030 1781 2213 1826; x_wconf 91' lang='lat' dir='ltr'><strong>nostra</strong></span> <span class='ocrx_word' id='word_1_163' title='bbox 2266 1780 2421 1826; x_wconf 91' lang='lat' dir='ltr'><strong>atate</strong></span> <span class='ocrx_word' id='word_1_164' title='bbox 2472 1769 2896 1835; x_wconf 90' lang='lat' dir='ltr'><strong>celeberrimus;</strong></span> <span class='ocrx_word' id='word_1_165' title='bbox 2929 1778 2983 1824; x_wconf 90' lang='lat' dir='ltr'><strong>et</strong></span> <span class='ocrx_word' id='word_1_166' title='bbox 3013 1768 3233 1823; x_wconf 79' lang='lat' dir='ltr'><strong>fratrem</strong></span> <span class='ocrx_word' id='word_1_167' title='bbox 3265 1769 3383 1839; x_wconf 86' lang='lat' dir='ltr'><strong>ejus</strong></span> <span class='ocrx_word' id='word_1_168' title='bbox 3424 1767 3593 1824; x_wconf 83' lang='lat' dir='ltr'><strong>Athe-</strong></span> 
     </span>
    </p>
   </div>
   <div class='ocr_carea' id='block_1_28' title="bbox 2027 1860 3592 1933">
    <p class='ocr_par' dir='ltr' id='par_1_28' title="bbox 2027 1860 3592 1933">
     <span class='ocr_line' id='line_1_28' title="bbox 2027 1860 3592 1933; baseline -0.001 -17"><span class='ocrx_word' id='word_1_169' title='bbox 2027 1863 2313 1918; x_wconf 84' lang='lat' dir='ltr'><strong>nodorum.</strong></span> <span class='ocrx_word' id='word_1_170' title='bbox 2341 1861 2490 1928; x_wconf 86' lang='lat' dir='ltr'><strong>Quos</strong></span> <span class='ocrx_word' id='word_1_171' title='bbox 2523 1861 2783 1933; x_wconf 81' lang='lat' dir='ltr'><strong>Origenes</strong></span> <span class='ocrx_word' id='word_1_172' title='bbox 2807 1861 3010 1916; x_wconf 83' lang='lat' dir='ltr'><strong>Gracis</strong></span> <span class='ocrx_word' id='word_1_173' title='bbox 3032 1860 3399 1931; x_wconf 83' lang='lat' dir='ltr'><strong>Romanisque</strong></span> <span class='ocrx_word' id='word_1_174' title='bbox 3427 1861 3592 1916; x_wconf 87' lang='lat' dir='ltr'><strong>disci-</strong></span> 
     </span>
    </p>
   </div>
   <div class='ocr_carea' id='block_1_29' title="bbox 2025 1953 3592 2025">
    <p class='ocr_par' dir='ltr' id='par_1_29' title="bbox 2025 1953 3592 2025">
     <span class='ocr_line' id='line_1_29' title="bbox 2025 1953 3592 2025; baseline -0.001 -17"><span class='ocrx_word' id='word_1_175' title='bbox 2025 1955 2190 2025; x_wconf 89' lang='lat' dir='ltr'><strong>plinis</strong></span> <span class='ocrx_word' id='word_1_176' title='bbox 2220 1955 2448 2009; x_wconf 91' lang='lat' dir='ltr'><strong>nimium</strong></span> <span class='ocrx_word' id='word_1_177' title='bbox 2491 1955 2700 2010; x_wconf 91' lang='lat' dir='ltr'><strong>deditos</strong></span> <span class='ocrx_word' id='word_1_178' title='bbox 2731 1969 2854 2009; x_wconf 89' lang='lat' dir='ltr'><strong>cum</strong></span> <span class='ocrx_word' id='word_1_179' title='bbox 2896 1955 3134 2018; x_wconf 83' lang='lat' dir='ltr'><strong>vidisset,</strong></span> <span class='ocrx_word' id='word_1_180' title='bbox 3170 1953 3223 2007; x_wconf 91' lang='lat' dir='ltr'><strong>in</strong></span> <span class='ocrx_word' id='word_1_181' title='bbox 3252 1968 3439 2008; x_wconf 91' lang='lat' dir='ltr'><strong>eorum</strong></span> <span class='ocrx_word' id='word_1_182' title='bbox 3472 1954 3592 2007; x_wconf 87' lang='lat' dir='ltr'><strong>ani-</strong></span> 
     </span>
    </p>
   </div>
   <div class='ocr_carea' id='block_1_30' title="bbox 2021 2045 3588 2116">
    <p class='ocr_par' dir='ltr' id='par_1_30' title="bbox 2021 2045 3588 2116">
     <span class='ocr_line' id='line_1_30' title="bbox 2021 2045 3588 2116; baseline -0.001 -14"><span class='ocrx_word' id='word_1_183' title='bbox 2021 2061 2140 2102; x_wconf 91' lang='lat' dir='ltr'><strong>mos</strong></span> <span class='ocrx_word' id='word_1_184' title='bbox 2177 2047 2451 2102; x_wconf 87' lang='lat' dir='ltr'><strong>instillans</strong></span> <span class='ocrx_word' id='word_1_185' title='bbox 2483 2045 2844 2116; x_wconf 83' lang='lat' dir='ltr'><strong>philosophia</strong></span> <span class='ocrx_word' id='word_1_186' title='bbox 2878 2060 3142 2113; x_wconf 88' lang='lat' dir='ltr'><strong>amorem,</strong></span> <span class='ocrx_word' id='word_1_187' title='bbox 3183 2045 3407 2114; x_wconf 87' lang='lat' dir='ltr'><strong>abjectis</strong></span> <span class='ocrx_word' id='word_1_188' title='bbox 3439 2045 3588 2115; x_wconf 90' lang='lat' dir='ltr'><strong>prio-</strong></span> 
     </span>
    </p>
   </div>
   <div class='ocr_carea' id='block_1_31' title="bbox 2018 2136 3585 2202">
    <p class='ocr_par' dir='ltr' id='par_1_31' title="bbox 2018 2136 3585 2202">
     <span class='ocr_line' id='line_1_31' title="bbox 2018 2136 3585 2202; baseline -0.001 -11"><span class='ocrx_word' id='word_1_189' title='bbox 2018 2138 2173 2193; x_wconf 75' lang='lat' dir='ltr'><strong>ribus</strong></span> <span class='ocrx_word' id='word_1_190' title='bbox 2220 2137 2436 2202; x_wconf 87' lang='lat' dir='ltr'><strong>studiis,</strong></span> <span class='ocrx_word' id='word_1_191' title='bbox 2466 2136 2533 2192; x_wconf 89' lang='lat' dir='ltr'><strong>ad</strong></span> <span class='ocrx_word' id='word_1_192' title='bbox 2584 2151 2767 2191; x_wconf 91' lang='lat' dir='ltr'><strong>rerum</strong></span> <span class='ocrx_word' id='word_1_193' title='bbox 2821 2136 3129 2190; x_wconf 88' lang='lat' dir='ltr'><strong>divinarum</strong></span> <span class='ocrx_word' id='word_1_194' title='bbox 3179 2136 3585 2191; x_wconf 83' lang='lat' dir='ltr'><strong>meditationem</strong></span> 
     </span>
    </p>
   </div>
   <div class='ocr_carea' id='block_1_32' title="bbox 2018 2225 3584 2297">
    <p class='ocr_par' dir='ltr' id='par_1_32' title="bbox 2018 2225 3584 2297">
     <span class='ocr_line' id='line_1_32' title="bbox 2018 2225 3584 2297; baseline 0 -16"><span class='ocrx_word' id='word_1_195' title='bbox 2018 2227 2277 2281; x_wconf 80' lang='lat' dir='ltr'><strong>traduxit.</strong></span> <span class='ocrx_word' id='word_1_196' title='bbox 2314 2225 2481 2296; x_wconf 89' lang='lat' dir='ltr'><strong>Igitur</strong></span> <span class='ocrx_word' id='word_1_197' title='bbox 2531 2241 2655 2281; x_wconf 93' lang='lat' dir='ltr'><strong>cum</strong></span> <span class='ocrx_word' id='word_1_198' title='bbox 2701 2225 3076 2296; x_wconf 90' lang='lat' dir='ltr'><strong>quinquennio</strong></span> <span class='ocrx_word' id='word_1_199' title='bbox 3121 2225 3331 2297; x_wconf 87' lang='lat' dir='ltr'><strong>integro</strong></span> <span class='ocrx_word' id='word_1_200' title='bbox 3362 2227 3416 2280; x_wconf 91' lang='lat' dir='ltr'><strong>in</strong></span> <span class='ocrx_word' id='word_1_201' title='bbox 3462 2226 3584 2295; x_wconf 83' lang='lat' dir='ltr'><strong>ejus</strong></span> 
     </span>
    </p>
   </div>
   <div class='ocr_carea' id='block_1_33' title="bbox 2015 2316 3579 2388">
    <p class='ocr_par' dir='ltr' id='par_1_33' title="bbox 2015 2316 3579 2388">
     <span class='ocr_line' id='line_1_33' title="bbox 2015 2316 3579 2388; baseline 0 -16"><span class='ocrx_word' id='word_1_202' title='bbox 2015 2316 2291 2372; x_wconf 79' lang='lat' dir='ltr'><strong>auditorio</strong></span> <span class='ocrx_word' id='word_1_203' title='bbox 2333 2317 2534 2372; x_wconf 84' lang='lat' dir='ltr'><strong>versati</strong></span> <span class='ocrx_word' id='word_1_204' title='bbox 2564 2316 2816 2380; x_wconf 89' lang='lat' dir='ltr'><strong>fuissent,</strong></span> <span class='ocrx_word' id='word_1_205' title='bbox 2848 2327 3128 2388; x_wconf 87' lang='lat' dir='ltr'><strong>tantopere</strong></span> <span class='ocrx_word' id='word_1_206' title='bbox 3154 2317 3208 2372; x_wconf 92' lang='lat' dir='ltr'><strong>in</strong></span> <span class='ocrx_word' id='word_1_207' title='bbox 3234 2318 3433 2372; x_wconf 83' lang='lat' dir='ltr'><strong>divinis</strong></span> <span class='ocrx_word' id='word_1_208' title='bbox 3462 2319 3579 2373; x_wconf 90' lang='lat' dir='ltr'><strong>elo-</strong></span> 
     </span>
    </p>
   </div>
   <div class='ocr_carea' id='block_1_34' title="bbox 2014 2407 3579 2480">
    <p class='ocr_par' dir='ltr' id='par_1_34' title="bbox 2014 2407 3579 2480">
     <span class='ocr_line' id='line_1_34' title="bbox 2014 2407 3579 2480; baseline 0.002 -18"><span class='ocrx_word' id='word_1_209' title='bbox 2014 2409 2158 2478; x_wconf 87' lang='lat' dir='ltr'><strong>quiis</strong></span> <span class='ocrx_word' id='word_1_210' title='bbox 2185 2407 2791 2480; x_wconf 71' lang='lat' dir='ltr'><strong>profecerunt,utjambo</strong></span> <span class='ocrx_word' id='word_1_211' title='bbox 2818 2409 2996 2464; x_wconf 88' lang='lat' dir='ltr'><strong>adhuc</strong></span> <span class='ocrx_word' id='word_1_212' title='bbox 3025 2409 3314 2464; x_wconf 86' lang='lat' dir='ltr'><strong>admodum</strong></span> <span class='ocrx_word' id='word_1_213' title='bbox 3333 2409 3579 2479; x_wconf 84' lang='lat' dir='ltr'><strong>juvenes.</strong></span> 
     </span>
    </p>
   </div>
   <div class='ocr_carea' id='block_1_35' title="bbox 2015 2498 3524 2569">
    <p class='ocr_par' dir='ltr' id='par_1_35' title="bbox 2015 2498 3524 2569">
     <span class='ocr_line' id='line_1_35' title="bbox 2015 2498 3524 2569; baseline 0.001 -16"><span class='ocrx_word' id='word_1_214' title='bbox 2015 2499 2382 2554; x_wconf 86' lang='lat' dir='ltr'><strong>Ecclesiarum</strong></span> <span class='ocrx_word' id='word_1_215' title='bbox 2415 2499 2474 2556; x_wconf 89' lang='lat' dir='ltr'><strong>in</strong></span> <span class='ocrx_word' id='word_1_216' title='bbox 2521 2498 2693 2554; x_wconf 87' lang='lat' dir='ltr'><strong>Ponto</strong></span> <span class='ocrx_word' id='word_1_217' title='bbox 2723 2498 2962 2569; x_wconf 84' lang='lat' dir='ltr'><strong>episcopi</strong></span> <span class='ocrx_word' id='word_1_218' title='bbox 2993 2498 3197 2554; x_wconf 81' lang='lat' dir='ltr'><strong>fuerint</strong></span> <span class='ocrx_word' id='word_1_219' title='bbox 3223 2500 3524 2555; x_wconf 88' lang='lat' dir='ltr'><strong>constituti.</strong></span> 
     </span>
    </p>
   </div>
   <div class='ocr_carea' id='block_1_36' title="bbox 1609 2610 2323 2676">
    <p class='ocr_par' dir='ltr' id='par_1_36' title="bbox 1609 2610 2323 2676">
     <span class='ocr_line' id='line_1_36' title="bbox 1609 2610 2323 2676; baseline 0.003 -12"><span class='ocrx_word' id='word_1_220' title='bbox 1609 2610 1757 2665; x_wconf 82' lang='lat' dir='ltr'><strong>Idem</strong></span> <span class='ocrx_word' id='word_1_221' title='bbox 1794 2613 1924 2667; x_wconf 86' lang='lat' dir='ltr'><strong>ibid.</strong></span> <span class='ocrx_word' id='word_1_222' title='bbox 1967 2629 2065 2676; x_wconf 85' lang='lat' dir='ltr'><strong>vn,</strong></span> <span class='ocrx_word' id='word_1_223' title='bbox 2087 2629 2206 2676; x_wconf 80' lang='lat' dir='ltr'><strong>cap.</strong></span> <span class='ocrx_word' id='word_1_224' title='bbox 2241 2613 2323 2667; x_wconf 74' lang='grc' dir='ltr'>Η.</span> 
     </span>
    </p>
   </div>
   <div class='ocr_carea' id='block_1_37' title="bbox 435 2629 1902 2780">
    <p class='ocr_par' dir='ltr' id='par_1_37' title="bbox 435 2629 1902 2778">
     <span class='ocr_line' id='line_1_37' title="bbox 1609 2629 1901 2666; baseline 0.007 -2"><span class='ocrx_word' id='word_1_225' title='bbox 1609 2629 1757 2665; x_wconf 81' lang='lat' dir='ltr'><strong>mem</strong></span> <span class='ocrx_word' id='word_1_226' title='bbox 1794 2629 1901 2666; x_wconf 82' lang='grc' dir='ltr'>ιυια</span> 
     </span>
     <span class='ocr_line' id='line_1_38' title="bbox 435 2705 1902 2778; baseline -0.001 -18"><span class='ocrx_word' id='word_1_227' title='bbox 435 2708 522 2760; x_wconf 80' lang='grc' dir='ltr'>Ἐν</span> <span class='ocrx_word' id='word_1_228' title='bbox 550 2705 722 2774; x_wconf 77' lang='grc' dir='ltr'>τούτῳ</span> <span class='ocrx_word' id='word_1_229' title='bbox 760 2706 816 2758; x_wconf 80' lang='grc' dir='ltr'>δὲ</span> <span class='ocrx_word' id='word_1_230' title='bbox 856 2705 952 2776; x_wconf 78' lang='grc' dir='ltr'>τῆς</span> <span class='ocrx_word' id='word_1_231' title='bbox 989 2706 1087 2776; x_wconf 79' lang='grc' dir='ltr'>μὲν</span> <span class='ocrx_word' id='word_1_232' title='bbox 1125 2706 1407 2776; x_wconf 81' lang='grc' dir='ltr'>Ῥωμαίων</span> <span class='ocrx_word' id='word_1_233' title='bbox 1451 2706 1771 2778; x_wconf 86' lang='grc' dir='ltr'>Ἐκκλησίας</span> <span class='ocrx_word' id='word_1_234' title='bbox 1805 2709 1902 2759; x_wconf 79' lang='grc' dir='ltr'>εἰσ-</span> 
     </span>
    </p>
   </div>
   <div class='ocr_carea' id='block_1_38' title="bbox 2004 2629 3577 2780">
    <p class='ocr_par' dir='ltr' id='par_1_38' title="bbox 2005 2629 3577 2777">
     <span class='ocr_line' id='line_1_39' title="bbox 2005 2629 2323 2676; baseline -0.003 -9"><span class='ocrx_word' id='word_1_235' title='bbox 2005 2629 2065 2676; x_wconf 89' lang='grc' dir='ltr'>ιι,</span> <span class='ocrx_word' id='word_1_236' title='bbox 2087 2629 2150 2666; x_wconf 81' lang='lat' dir='ltr'><strong>ea</strong></span> <span class='ocrx_word' id='word_1_237' title='bbox 2191 2652 2206 2667; x_wconf 95' lang='lat'><strong>.</strong></span> <span class='ocrx_word' id='word_1_238' title='bbox 2241 2629 2323 2667; x_wconf 68' lang='lat' dir='ltr'><strong>is.</strong></span> 
     </span>
     <span class='ocr_line' id='line_1_40' title="bbox 2088 2629 3577 2777; baseline 0.001 -17"><span class='ocrx_word' id='word_1_239' title='bbox 2088 2629 2287 2762; x_wconf 45' lang='lat' dir='ltr'><strong>Eatdem</strong></span> <span class='ocrx_word' id='word_1_240' title='bbox 2324 2713 2639 2777; x_wconf 84' lang='lat' dir='ltr'><strong>tempestate</strong></span> <span class='ocrx_word' id='word_1_241' title='bbox 2671 2706 2926 2761; x_wconf 81' lang='lat' dir='ltr'><strong>Romana</strong></span> <span class='ocrx_word' id='word_1_242' title='bbox 2955 2705 3173 2776; x_wconf 90' lang='lat' dir='ltr'><strong>quidem</strong></span> <span class='ocrx_word' id='word_1_243' title='bbox 3203 2706 3457 2762; x_wconf 87' lang='lat' dir='ltr'><strong>Ecclesia</strong></span> <span class='ocrx_word' id='word_1_244' title='bbox 3480 2707 3577 2762; x_wconf 88' lang='lat' dir='ltr'><strong>ad-</strong></span> 
     </span>
    </p>
   </div>
   <div class='ocr_carea' id='block_1_39' title="bbox 351 2798 1909 2875">
    <p class='ocr_par' dir='ltr' id='par_1_39' title="bbox 351 2798 1909 2875">
     <span class='ocr_line' id='line_1_41' title="bbox 351 2798 1909 2875; baseline -0.001 -22"><span class='ocrx_word' id='word_1_245' title='bbox 351 2800 449 2875; x_wconf 24' lang='lat' dir='ltr'><strong>é‘ﬂ&#39;</strong></span> <span class='ocrx_word' id='word_1_246' title='bbox 487 2800 606 2853; x_wconf 83' lang='grc' dir='ltr'>τότε</span> <span class='ocrx_word' id='word_1_247' title='bbox 636 2799 923 2870; x_wconf 85' lang='grc' dir='ltr'>καθηγεῖτο</span> <span class='ocrx_word' id='word_1_248' title='bbox 948 2800 1176 2862; x_wconf 83' lang='grc' dir='ltr'>Ξὺστος·</span> <span class='ocrx_word' id='word_1_249' title='bbox 1220 2799 1317 2867; x_wconf 76' lang='grc' dir='ltr'><strong>τῆς</strong></span> <span class='ocrx_word' id='word_1_250' title='bbox 1355 2798 1412 2850; x_wconf 79' lang='grc' dir='ltr'>δὲ</span> <span class='ocrx_word' id='word_1_251' title='bbox 1456 2798 1540 2850; x_wconf 76' lang='grc' dir='ltr'><strong>ἐπ’</strong></span> <span class='ocrx_word' id='word_1_252' title='bbox 1582 2799 1909 2868; x_wconf 77' lang='grc' dir='ltr'>Ἀντιοχείας</span> 
     </span>
    </p>
   </div>
   <div class='ocr_carea' id='block_1_40' title="bbox 352 2887 1908 2961">
    <p class='ocr_par' dir='ltr' id='par_1_40' title="bbox 352 2887 1908 2961">
     <span class='ocr_line' id='line_1_42' title="bbox 352 2887 1908 2961; baseline -0.001 -20"><span class='ocrx_word' id='word_1_253' title='bbox 352 2889 490 2959; x_wconf 80' lang='grc' dir='ltr'>μετὰ</span> <span class='ocrx_word' id='word_1_254' title='bbox 534 2890 727 2943; x_wconf 77' lang='grc' dir='ltr'>Φάϐιον</span> <span class='ocrx_word' id='word_1_255' title='bbox 773 2889 1178 2961; x_wconf 84' lang='grc' dir='ltr'>Δημητριανός·</span> <span class='ocrx_word' id='word_1_256' title='bbox 1220 2887 1562 2957; x_wconf 83' lang='grc' dir='ltr'>Φιρμιλιανὸς</span> <span class='ocrx_word' id='word_1_257' title='bbox 1603 2887 1660 2939; x_wconf 82' lang='grc' dir='ltr'>δὲ</span> <span class='ocrx_word' id='word_1_258' title='bbox 1702 2888 1908 2940; x_wconf 83' lang='grc' dir='ltr'>Καισα-</span> 
     </span>
    </p>
   </div>
   <div class='ocr_carea' id='block_1_41' title="bbox 348 2979 1909 3053">
    <p class='ocr_par' dir='ltr' id='par_1_41' title="bbox 348 2979 1909 3053">
     <span class='ocr_line' id='line_1_43' title="bbox 348 2979 1909 3053; baseline 0 -19"><span class='ocrx_word' id='word_1_259' title='bbox 348 2981 498 3053; x_wconf 84' lang='grc' dir='ltr'>ρείας</span> <span class='ocrx_word' id='word_1_260' title='bbox 543 2981 637 3051; x_wconf 63' lang='grc' dir='ltr'>τῆς</span> <span class='ocrx_word' id='word_1_261' title='bbox 694 2980 1104 3034; x_wconf 72' lang='grc' dir='ltr'>Καππαδοκῶνο</span> <span class='ocrx_word' id='word_1_262' title='bbox 1143 2981 1232 3032; x_wconf 68' lang='grc' dir='ltr'><strong>καὶ</strong></span> <span class='ocrx_word' id='word_1_263' title='bbox 1265 2981 1356 3032; x_wconf 71' lang='grc' dir='ltr'><strong>ἐπὶ</strong></span> <span class='ocrx_word' id='word_1_264' title='bbox 1381 2979 1585 3042; x_wconf 82' lang='grc' dir='ltr'>τούτοις</span> <span class='ocrx_word' id='word_1_265' title='bbox 1616 2979 1723 3032; x_wconf 88' lang='grc' dir='ltr'><strong>τῶν</strong></span> <span class='ocrx_word' id='word_1_266' title='bbox 1770 2981 1909 3034; x_wconf 79' lang='grc' dir='ltr'>κατὰ</span> 
     </span>
    </p>
   </div>
   <div class='ocr_carea' id='block_1_42' title="bbox 345 3071 1909 3146">
    <p class='ocr_par' dir='ltr' id='par_1_42' title="bbox 345 3071 1909 3146">
     <span class='ocr_line' id='line_1_44' title="bbox 345 3071 1909 3146; baseline -0.001 -20"><span class='ocrx_word' id='word_1_267' title='bbox 345 3073 546 3126; x_wconf 82' lang='grc' dir='ltr'>Πόντον</span> <span class='ocrx_word' id='word_1_268' title='bbox 585 3074 934 3146; x_wconf 86' lang='grc' dir='ltr'>Ἐκκλησιῶν,</span> <span class='ocrx_word' id='word_1_269' title='bbox 959 3073 1254 3144; x_wconf 80' lang='grc' dir='ltr'>Γρηγόριος</span> <span class='ocrx_word' id='word_1_270' title='bbox 1288 3073 1380 3126; x_wconf 73' lang='grc' dir='ltr'><strong>καὶ</strong></span> <span class='ocrx_word' id='word_1_271' title='bbox 1417 3073 1446 3124; x_wconf 86' lang='grc' dir='ltr'>ὁ</span> <span class='ocrx_word' id='word_1_272' title='bbox 1474 3073 1660 3126; x_wconf 79' lang='grc' dir='ltr'>τούτου</span> <span class='ocrx_word' id='word_1_273' title='bbox 1687 3071 1909 3141; x_wconf 79' lang='grc' dir='ltr'>ἀδελφὸς</span> 
     </span>
    </p>
   </div>
   <div class='ocr_carea' id='block_1_43' title="bbox 359 3167 1676 3240">
    <p class='ocr_par' dir='ltr' id='par_1_43' title="bbox 359 3167 1676 3240">
     <span class='ocr_line' id='line_1_45' title="bbox 359 3167 1676 3240; baseline 0 -22"><span class='ocrx_word' id='word_1_274' title='bbox 359 3167 736 3239; x_wconf 80' lang='grc' dir='ltr'>Ἀθηνόδωρος,</span> <span class='ocrx_word' id='word_1_275' title='bbox 754 3169 1055 3239; x_wconf 85' lang='grc' dir='ltr'>Ὠριγένους</span> <span class='ocrx_word' id='word_1_276' title='bbox 1079 3169 1360 3240; x_wconf 81' lang='grc' dir='ltr'>γνώριμοι.</span> <span class='ocrx_word' id='word_1_277' title='bbox 1673 3173 1676 3176; x_wconf 72' lang='grc'><em>’</em></span> 
     </span>
    </p>
   </div>
   <div class='ocr_carea' id='block_1_44' title="bbox 2015 2797 3579 2869">
    <p class='ocr_par' dir='ltr' id='par_1_44' title="bbox 2015 2797 3579 2869">
     <span class='ocr_line' id='line_1_46' title="bbox 2015 2797 3579 2869; baseline 0.001 -17"><span class='ocrx_word' id='word_1_278' title='bbox 2015 2799 2121 2854; x_wconf 93' lang='lat' dir='ltr'><strong>huc</strong></span> <span class='ocrx_word' id='word_1_279' title='bbox 2145 2807 2372 2869; x_wconf 87' lang='lat' dir='ltr'><strong>praerat</strong></span> <span class='ocrx_word' id='word_1_280' title='bbox 2413 2797 2647 2869; x_wconf 88' lang='lat' dir='ltr'><strong>Xystus;</strong></span> <span class='ocrx_word' id='word_1_281' title='bbox 2678 2797 3070 2858; x_wconf 87' lang='lat' dir='ltr'><strong>Antio‘chenam</strong></span> <span class='ocrx_word' id='word_1_282' title='bbox 3103 2813 3232 2853; x_wconf 89' lang='lat' dir='ltr'><strong>vero</strong></span> <span class='ocrx_word' id='word_1_283' title='bbox 3264 2808 3388 2867; x_wconf 89' lang='lat' dir='ltr'><strong>post</strong></span> <span class='ocrx_word' id='word_1_284' title='bbox 3429 2815 3579 2853; x_wconf 85' lang='lat' dir='ltr'><strong>mor-</strong></span> 
     </span>
    </p>
   </div>
   <div class='ocr_carea' id='block_1_45' title="bbox 2011 2883 3572 2958">
    <p class='ocr_par' dir='ltr' id='par_1_45' title="bbox 2011 2883 3572 2958">
     <span class='ocr_line' id='line_1_47' title="bbox 2011 2883 3572 2958; baseline 0.002 -17"><span class='ocrx_word' id='word_1_285' title='bbox 2011 2895 2118 2941; x_wconf 88' lang='lat' dir='ltr'><strong>tem</strong></span> <span class='ocrx_word' id='word_1_286' title='bbox 2167 2885 2315 2940; x_wconf 86' lang='lat' dir='ltr'><strong>Fabii</strong></span> <span class='ocrx_word' id='word_1_287' title='bbox 2364 2883 2738 2940; x_wconf 89' lang='lat' dir='ltr'><strong>Demetrianus</strong></span> <span class='ocrx_word' id='word_1_288' title='bbox 2788 2887 3040 2956; x_wconf 82' lang='lat' dir='ltr'><strong>regebat;</strong></span> <span class='ocrx_word' id='word_1_289' title='bbox 3087 2888 3230 2958; x_wconf 89' lang='lat' dir='ltr'><strong>apud</strong></span> <span class='ocrx_word' id='word_1_290' title='bbox 3269 2889 3572 2946; x_wconf 84' lang='lat' dir='ltr'><strong>Casaream</strong></span> 
     </span>
    </p>
   </div>
   <div class='ocr_carea' id='block_1_46' title="bbox 2009 2978 3574 3050">
    <p class='ocr_par' dir='ltr' id='par_1_46' title="bbox 2009 2978 3574 3050">
     <span class='ocr_line' id='line_1_48' title="bbox 2009 2978 3574 3050; baseline 0.002 -18"><span class='ocrx_word' id='word_1_291' title='bbox 2009 2978 2363 3048; x_wconf 88' lang='lat' dir='ltr'><strong>Cappadocia</strong></span> <span class='ocrx_word' id='word_1_292' title='bbox 2383 2978 2760 3045; x_wconf 88' lang='lat' dir='ltr'><strong>Firmilianus;</strong></span> <span class='ocrx_word' id='word_1_293' title='bbox 2792 2980 2845 3034; x_wconf 89' lang='lat' dir='ltr'><strong>in</strong></span> <span class='ocrx_word' id='word_1_294' title='bbox 2876 2979 3049 3035; x_wconf 90' lang='lat' dir='ltr'><strong>Ponto</strong></span> <span class='ocrx_word' id='word_1_295' title='bbox 3068 2989 3250 3036; x_wconf 89' lang='lat' dir='ltr'><strong>autem</strong></span> <span class='ocrx_word' id='word_1_296' title='bbox 3284 2980 3574 3050; x_wconf 78' lang='lat' dir='ltr'><strong>Gregorius</strong></span> 
     </span>
    </p>
   </div>
   <div class='ocr_carea' id='block_1_47' title="bbox 2012 3070 3572 3142">
    <p class='ocr_par' dir='ltr' id='par_1_47' title="bbox 2012 3070 3572 3142">
     <span class='ocr_line' id='line_1_49' title="bbox 2012 3070 3572 3142; baseline 0 -16"><span class='ocrx_word' id='word_1_297' title='bbox 2012 3072 2286 3141; x_wconf 77' lang='lat' dir='ltr'><strong>fraterque</strong></span> <span class='ocrx_word' id='word_1_298' title='bbox 2321 3071 2441 3141; x_wconf 88' lang='lat' dir='ltr'><strong>ejus</strong></span> <span class='ocrx_word' id='word_1_299' title='bbox 2471 3071 2873 3138; x_wconf 88' lang='lat' dir='ltr'><strong>Athenodorus,</strong></span> <span class='ocrx_word' id='word_1_300' title='bbox 2913 3072 3074 3128; x_wconf 92' lang='lat' dir='ltr'><strong>ambo</strong></span> <span class='ocrx_word' id='word_1_301' title='bbox 3125 3070 3375 3142; x_wconf 83' lang='lat' dir='ltr'><strong>Origenis</strong></span> <span class='ocrx_word' id='word_1_302' title='bbox 3406 3073 3572 3128; x_wconf 90' lang='lat' dir='ltr'><strong>disci-</strong></span> 
     </span>
    </p>
   </div>
   <div class='ocr_carea' id='block_1_48' title="bbox 2012 3164 3636 3235">
    <p class='ocr_par' dir='ltr' id='par_1_48' title="bbox 2012 3164 3636 3235">
     <span class='ocr_line' id='line_1_50' title="bbox 2012 3164 3636 3235; baseline 0.002 -17"><span class='ocrx_word' id='word_1_303' title='bbox 2012 3165 2145 3234; x_wconf 90' lang='lat' dir='ltr'><strong>puli,</strong></span> <span class='ocrx_word' id='word_1_304' title='bbox 2175 3164 2448 3219; x_wconf 84' lang='lat' dir='ltr'><strong>Ecclesias</strong></span> <span class='ocrx_word' id='word_1_305' title='bbox 2475 3165 2868 3235; x_wconf 83' lang='lat' dir='ltr'><strong>gubernabant.</strong></span> <span class='ocrx_word' id='word_1_306' title='bbox 3630 3168 3636 3178; x_wconf 85' lang='lat'>&#39;</span> 
     </span>
    </p>
   </div>
   <div class='ocr_carea' id='block_1_49' title="bbox 483 3276 3438 3352">
    <p class='ocr_par' dir='ltr' id='par_1_49' title="bbox 483 3276 3438 3352">
     <span class='ocr_line' id='line_1_51' title="bbox 483 3276 3438 3352; baseline -0.001 -17"><span class='ocrx_word' id='word_1_307' title='bbox 483 3283 546 3336; x_wconf 92' lang='lat' dir='ltr'><strong>ll.</strong></span> <span class='ocrx_word' id='word_1_308' title='bbox 595 3281 654 3340; x_wconf 89' lang='lat' dir='ltr'><strong>S.</strong></span> <span class='ocrx_word' id='word_1_309' title='bbox 693 3283 927 3337; x_wconf 79' lang='lat' dir='ltr'><strong>Basilius</strong></span> <span class='ocrx_word' id='word_1_310' title='bbox 957 3284 1050 3337; x_wconf 80' lang='lat' dir='ltr'><strong>lib.</strong></span> <span class='ocrx_word' id='word_1_311' title='bbox 1078 3283 1152 3336; x_wconf 85' lang='lat' dir='ltr'><strong>De</strong></span> <span class='ocrx_word' id='word_1_312' title='bbox 1183 3282 1386 3352; x_wconf 86' lang='lat' dir='ltr'><strong>Spiritu</strong></span> <span class='ocrx_word' id='word_1_313' title='bbox 1415 3291 1623 3347; x_wconf 89' lang='lat' dir='ltr'><strong>sancto,</strong></span> <span class='ocrx_word' id='word_1_314' title='bbox 1646 3297 1764 3350; x_wconf 85' lang='lat' dir='ltr'><strong>cap.</strong></span> <span class='ocrx_word' id='word_1_315' title='bbox 1788 3279 1879 3344; x_wconf 72' lang='lat'><strong>29,</strong></span> <span class='ocrx_word' id='word_1_316' title='bbox 1907 3277 1935 3351; x_wconf 86' lang='lat'><strong>§</strong></span> <span class='ocrx_word' id='word_1_317' title='bbox 1962 3278 2050 3342; x_wconf 70' lang='grc'><strong>74,</strong></span> <span class='ocrx_word' id='word_1_318' title='bbox 2081 3276 2212 3348; x_wconf 83' lang='lat' dir='ltr'><strong>Opp.</strong></span> <span class='ocrx_word' id='word_1_319' title='bbox 2241 3287 2364 3334; x_wconf 83' lang='lat' dir='ltr'><strong>tom.</strong></span> <span class='ocrx_word' id='word_1_320' title='bbox 2411 3277 2500 3345; x_wconf 93' lang='lat' dir='ltr'><strong>Ill,</strong></span> <span class='ocrx_word' id='word_1_321' title='bbox 2523 3295 2643 3349; x_wconf 85' lang='lat' dir='ltr'><strong>pag.</strong></span> <span class='ocrx_word' id='word_1_322' title='bbox 2667 3278 2756 3342; x_wconf 75' lang='lat'><strong>62,</strong></span> <span class='ocrx_word' id='word_1_323' title='bbox 2780 3279 2908 3334; x_wconf 85' lang='lat' dir='ltr'><strong>edit.</strong></span> <span class='ocrx_word' id='word_1_324' title='bbox 2935 3278 3114 3333; x_wconf 75' lang='lat' dir='ltr'><strong>Paris.</strong></span> <span class='ocrx_word' id='word_1_325' title='bbox 3141 3278 3256 3333; x_wconf 84' lang='lat' dir='ltr'><strong>BB.</strong></span> <span class='ocrx_word' id='word_1_326' title='bbox 3283 3279 3438 3337; x_wconf 76' lang='grc'>1750.</span> 
     </span>
    </p>
   </div>
   <div class='ocr_carea' id='block_1_50' title="bbox 411 3399 1900 3475">
    <p class='ocr_par' dir='ltr' id='par_1_50' title="bbox 411 3399 1900 3475">
     <span class='ocr_line' id='line_1_52' title="bbox 411 3399 1900 3475; baseline -0.001 -22"><span class='ocrx_word' id='word_1_327' title='bbox 411 3403 707 3475; x_wconf 84' lang='grc' dir='ltr'>Γρηγόριον</span> <span class='ocrx_word' id='word_1_328' title='bbox 743 3402 799 3455; x_wconf 87' lang='grc' dir='ltr'>δὲ</span> <span class='ocrx_word' id='word_1_329' title='bbox 832 3401 923 3454; x_wconf 77' lang='grc' dir='ltr'><strong>τόν</strong></span> <span class='ocrx_word' id='word_1_330' title='bbox 956 3401 1162 3469; x_wconf 86' lang='grc' dir='ltr'>Μέγαν,</span> <span class='ocrx_word' id='word_1_331' title='bbox 1201 3404 1293 3455; x_wconf 73' lang='grc' dir='ltr'><strong>καὶ</strong></span> <span class='ocrx_word' id='word_1_332' title='bbox 1338 3401 1436 3465; x_wconf 77' lang='grc' dir='ltr'><strong>τὰς</strong></span> <span class='ocrx_word' id='word_1_333' title='bbox 1482 3401 1687 3455; x_wconf 80' lang='grc' dir='ltr'>ἐκείνου</span> <span class='ocrx_word' id='word_1_334' title='bbox 1719 3399 1900 3468; x_wconf 87' lang='grc' dir='ltr'>φωνὰς</span> 
     </span>
    </p>
   </div>
   <div class='ocr_carea' id='block_1_51' title="bbox 340 3489 1898 3564">
    <p class='ocr_par' dir='ltr' id='par_1_51' title="bbox 340 3489 1898 3564">
     <span class='ocr_line' id='line_1_53' title="bbox 340 3489 1898 3564; baseline 0 -18"><span class='ocrx_word' id='word_1_335' title='bbox 340 3494 444 3547; x_wconf 81' lang='grc' dir='ltr'>ποῦ</span> <span class='ocrx_word' id='word_1_336' title='bbox 495 3493 762 3564; x_wconf 87' lang='grc' dir='ltr'>θήσομεν;</span> <span class='ocrx_word' id='word_1_337' title='bbox 796 3489 919 3562; x_wconf 66' lang='grc' dir='ltr'><strong>Ἆρ’</strong></span> <span class='ocrx_word' id='word_1_338' title='bbox 948 3493 1067 3563; x_wconf 75' lang='grc' dir='ltr'>οὐχὶ</span> <span class='ocrx_word' id='word_1_339' title='bbox 1113 3494 1248 3562; x_wconf 82' lang='grc' dir='ltr'>μετὰ</span> <span class='ocrx_word' id='word_1_340' title='bbox 1294 3493 1398 3546; x_wconf 89' lang='grc' dir='ltr'><strong>τῶν</strong></span> <span class='ocrx_word' id='word_1_341' title='bbox 1447 3494 1752 3546; x_wconf 79' lang='grc' dir='ltr'>ἀποστόλων</span> <span class='ocrx_word' id='word_1_342' title='bbox 1805 3494 1898 3546; x_wconf 80' lang='grc' dir='ltr'><strong>καὶ</strong></span> 
     </span>
    </p>
   </div>
   <div class='ocr_carea' id='block_1_52' title="bbox 337 3581 1897 3655">
    <p class='ocr_par' dir='ltr' id='par_1_52' title="bbox 337 3581 1897 3655">
     <span class='ocr_line' id='line_1_54' title="bbox 337 3581 1897 3655; baseline -0.001 -19"><span class='ocrx_word' id='word_1_343' title='bbox 337 3584 628 3655; x_wconf 75' lang='grc' dir='ltr'>προφητῶν</span> <span class='ocrx_word' id='word_1_344' title='bbox 647 3623 662 3646; x_wconf 96' lang='grc'><strong>,</strong></span> <span class='ocrx_word' id='word_1_345' title='bbox 692 3583 858 3653; x_wconf 82' lang='grc' dir='ltr'>ἄνδρα</span> <span class='ocrx_word' id='word_1_346' title='bbox 890 3581 965 3652; x_wconf 81' lang='grc' dir='ltr'><strong>τῷ</strong></span> <span class='ocrx_word' id='word_1_347' title='bbox 994 3582 1140 3652; x_wconf 84' lang='grc' dir='ltr'><strong>αὐτῷ</strong></span> <span class='ocrx_word' id='word_1_348' title='bbox 1170 3583 1446 3652; x_wconf 82' lang='grc' dir='ltr'>Πνεύματι</span> <span class='ocrx_word' id='word_1_349' title='bbox 1480 3583 1704 3646; x_wconf 79' lang='grc' dir='ltr'>ἐκείνοις</span> <span class='ocrx_word' id='word_1_350' title='bbox 1745 3600 1897 3653; x_wconf 90' lang='grc' dir='ltr'>περι-</span> 
     </span>
    </p>
   </div>
   <div class='ocr_carea' id='block_1_53' title="bbox 338 3673 1894 3746">
    <p class='ocr_par' dir='ltr' id='par_1_53' title="bbox 338 3673 1894 3746">
     <span class='ocr_line' id='line_1_55' title="bbox 338 3673 1894 3746; baseline -0.001 -17"><span class='ocrx_word' id='word_1_351' title='bbox 338 3679 674 3746; x_wconf 81' lang='grc' dir='ltr'>πατήσαντα,</span> <span class='ocrx_word' id='word_1_352' title='bbox 705 3675 797 3727; x_wconf 74' lang='grc' dir='ltr'><strong>καὶ</strong></span> <span class='ocrx_word' id='word_1_353' title='bbox 830 3677 940 3737; x_wconf 91' lang='grc' dir='ltr'>τοῖς</span> <span class='ocrx_word' id='word_1_354' title='bbox 966 3673 1072 3728; x_wconf 86' lang='grc' dir='ltr'><strong>τῶν</strong></span> <span class='ocrx_word' id='word_1_355' title='bbox 1097 3674 1263 3742; x_wconf 81' lang='grc' dir='ltr'>ἁγίων</span> <span class='ocrx_word' id='word_1_356' title='bbox 1289 3673 1455 3744; x_wconf 77' lang='grc' dir='ltr'>ἴχνεσι</span> <span class='ocrx_word' id='word_1_357' title='bbox 1477 3673 1562 3727; x_wconf 82' lang='grc' dir='ltr'>διὰ</span> <span class='ocrx_word' id='word_1_358' title='bbox 1587 3673 1782 3736; x_wconf 78' lang='grc' dir='ltr'>παντὸς</span> <span class='ocrx_word' id='word_1_359' title='bbox 1800 3673 1894 3727; x_wconf 82' lang='grc' dir='ltr'>τοῦ</span> 
     </span>
    </p>
   </div>
   <div class='ocr_carea' id='block_1_54' title="bbox 336 3764 1894 3838">
    <p class='ocr_par' dir='ltr' id='par_1_54' title="bbox 336 3764 1894 3838">
     <span class='ocr_line' id='line_1_56' title="bbox 336 3764 1894 3838; baseline -0.003 -18"><span class='ocrx_word' id='word_1_360' title='bbox 336 3768 453 3836; x_wconf 78' lang='grc' dir='ltr'>βίου</span> <span class='ocrx_word' id='word_1_361' title='bbox 489 3771 863 3838; x_wconf 81' lang='grc' dir='ltr'>στοιχήσαντα,</span> <span class='ocrx_word' id='word_1_362' title='bbox 889 3767 981 3819; x_wconf 73' lang='grc' dir='ltr'><strong>καὶ</strong></span> <span class='ocrx_word' id='word_1_363' title='bbox 1018 3767 1115 3837; x_wconf 84' lang='grc' dir='ltr'><strong>τῆς</strong></span> <span class='ocrx_word' id='word_1_364' title='bbox 1159 3765 1514 3836; x_wconf 75' lang='grc' dir='ltr'>εὐαγγελικῆς</span> <span class='ocrx_word' id='word_1_365' title='bbox 1540 3764 1808 3828; x_wconf 79' lang='grc' dir='ltr'>πολιτείας</span> <span class='ocrx_word' id='word_1_366' title='bbox 1833 3765 1894 3816; x_wconf 86' lang='grc' dir='ltr'>τὸ</span> 
     </span>
    </p>
   </div>
   <div class='ocr_carea' id='block_1_55' title="bbox 331 3854 1891 3929">
    <p class='ocr_par' dir='ltr' id='par_1_55' title="bbox 331 3854 1891 3929">
     <span class='ocr_line' id='line_1_57' title="bbox 331 3854 1891 3929; baseline -0.002 -18"><span class='ocrx_word' id='word_1_367' title='bbox 331 3857 557 3929; x_wconf 76' lang='grc' dir='ltr'><strong>ἀκριϐὲς</strong></span> <span class='ocrx_word' id='word_1_368' title='bbox 589 3859 675 3911; x_wconf 84' lang='grc' dir='ltr'>διὰ</span> <span class='ocrx_word' id='word_1_369' title='bbox 704 3858 884 3929; x_wconf 80' lang='grc' dir='ltr'>πάσης</span> <span class='ocrx_word' id='word_1_370' title='bbox 922 3855 1084 3910; x_wconf 79' lang='grc' dir='ltr'>αὐτοῦ</span> <span class='ocrx_word' id='word_1_371' title='bbox 1126 3857 1220 3928; x_wconf 73' lang='grc' dir='ltr'>τῆς</span> <span class='ocrx_word' id='word_1_372' title='bbox 1265 3857 1409 3926; x_wconf 77' lang='grc' dir='ltr'>ζωῆς</span> <span class='ocrx_word' id='word_1_373' title='bbox 1443 3854 1891 3927; x_wconf 87' lang='grc' dir='ltr'>κατορθώσαντα;</span> 
     </span>
    </p>
   </div>
   <div class='ocr_carea' id='block_1_56' title="bbox 343 3944 1891 4018">
    <p class='ocr_par' dir='ltr' id='par_1_56' title="bbox 343 3944 1891 4018">
     <span class='ocr_line' id='line_1_58' title="bbox 343 3944 1891 4018; baseline -0.003 -16"><span class='ocrx_word' id='word_1_374' title='bbox 343 3948 486 4017; x_wconf 81' lang='grc' dir='ltr'><strong>Ἐγὼ</strong></span> <span class='ocrx_word' id='word_1_375' title='bbox 519 3949 616 4018; x_wconf 81' lang='grc' dir='ltr'>μὲν</span> <span class='ocrx_word' id='word_1_376' title='bbox 650 3949 803 4000; x_wconf 75' lang='grc' dir='ltr'>τοῦτο</span> <span class='ocrx_word' id='word_1_377' title='bbox 829 3948 966 4018; x_wconf 84' lang='grc' dir='ltr'>φημί</span> <span class='ocrx_word' id='word_1_378' title='bbox 986 3965 1000 3977; x_wconf 78' lang='grc'><strong><em>⁸</em></strong></span> <span class='ocrx_word' id='word_1_379' title='bbox 1036 3944 1111 4004; x_wconf 86' lang='grc' dir='ltr'><strong>Ἦ</strong></span> <span class='ocrx_word' id='word_1_380' title='bbox 1145 3948 1468 4017; x_wconf 79' lang='grc' dir='ltr'>ἀδικήσομεν</span> <span class='ocrx_word' id='word_1_381' title='bbox 1491 3946 1588 4018; x_wconf 84' lang='grc' dir='ltr'>τὴν</span> <span class='ocrx_word' id='word_1_382' title='bbox 1619 3944 1891 4016; x_wconf 80' lang='grc' dir='ltr'>ἀλήθειαν,</span> 
     </span>
    </p>
   </div>
   <div class='ocr_carea' id='block_1_57' title="bbox 2073 3398 3566 3471">
    <p class='ocr_par' dir='ltr' id='par_1_57' title="bbox 2073 3398 3566 3471">
     <span class='ocr_line' id='line_1_59' title="bbox 2073 3398 3566 3471; baseline 0 -17"><span class='ocrx_word' id='word_1_383' title='bbox 2073 3398 2339 3454; x_wconf 86' lang='lat' dir='ltr'><strong>Caterum</strong></span> <span class='ocrx_word' id='word_1_384' title='bbox 2363 3398 2680 3471; x_wconf 86' lang='lat' dir='ltr'><strong>Gregorium</strong></span> <span class='ocrx_word' id='word_1_385' title='bbox 2715 3398 2991 3470; x_wconf 84' lang='lat' dir='ltr'><strong>Magnum,</strong></span> <span class='ocrx_word' id='word_1_386' title='bbox 3021 3410 3074 3455; x_wconf 88' lang='lat' dir='ltr'><strong>et</strong></span> <span class='ocrx_word' id='word_1_387' title='bbox 3096 3400 3241 3455; x_wconf 91' lang='lat' dir='ltr'><strong>illius</strong></span> <span class='ocrx_word' id='word_1_388' title='bbox 3268 3415 3429 3456; x_wconf 83' lang='lat' dir='ltr'><strong>voces</strong></span> <span class='ocrx_word' id='word_1_389' title='bbox 3457 3417 3566 3470; x_wconf 86' lang='lat' dir='ltr'><strong>quo</strong></span> 
     </span>
    </p>
   </div>
   <div class='ocr_carea' id='block_1_58' title="bbox 2001 3490 3565 3562">
    <p class='ocr_par' dir='ltr' id='par_1_58' title="bbox 2001 3490 3565 3562">
     <span class='ocr_line' id='line_1_60' title="bbox 2001 3490 3565 3562; baseline -0.001 -16"><span class='ocrx_word' id='word_1_390' title='bbox 2001 3493 2122 3548; x_wconf 93' lang='lat' dir='ltr'><strong>loco</strong></span> <span class='ocrx_word' id='word_1_391' title='bbox 2148 3492 2385 3562; x_wconf 88' lang='lat' dir='ltr'><strong>ponam?</strong></span> <span class='ocrx_word' id='word_1_392' title='bbox 2413 3491 2608 3546; x_wconf 86' lang='lat' dir='ltr'><strong>Annon</strong></span> <span class='ocrx_word' id='word_1_393' title='bbox 2639 3506 2764 3546; x_wconf 90' lang='lat' dir='ltr'><strong>cum</strong></span> <span class='ocrx_word' id='word_1_394' title='bbox 2793 3490 3050 3560; x_wconf 89' lang='lat' dir='ltr'><strong>apostolis</strong></span> <span class='ocrx_word' id='word_1_395' title='bbox 3081 3500 3135 3545; x_wconf 90' lang='lat' dir='ltr'><strong>et</strong></span> <span class='ocrx_word' id='word_1_396' title='bbox 3163 3492 3459 3562; x_wconf 88' lang='lat' dir='ltr'><strong>prophetis,</strong></span> <span class='ocrx_word' id='word_1_397' title='bbox 3486 3493 3565 3546; x_wconf 85' lang='lat' dir='ltr'><strong>vi-</strong></span> 
     </span>
    </p>
   </div>
   <div class='ocr_carea' id='block_1_59' title="bbox 2001 3580 3562 3652">
    <p class='ocr_par' dir='ltr' id='par_1_59' title="bbox 2001 3580 3562 3652">
     <span class='ocr_line' id='line_1_61' title="bbox 2001 3580 3562 3652; baseline -0.001 -17"><span class='ocrx_word' id='word_1_398' title='bbox 2001 3597 2120 3635; x_wconf 92' lang='lat' dir='ltr'><strong>rum</strong></span> <span class='ocrx_word' id='word_1_399' title='bbox 2148 3581 2239 3651; x_wconf 87' lang='lat' dir='ltr'><strong>qui</strong></span> <span class='ocrx_word' id='word_1_400' title='bbox 2270 3583 2457 3636; x_wconf 88' lang='lat' dir='ltr'><strong>eodem</strong></span> <span class='ocrx_word' id='word_1_401' title='bbox 2491 3580 2694 3650; x_wconf 89' lang='lat' dir='ltr'><strong>Spiritu</strong></span> <span class='ocrx_word' id='word_1_402' title='bbox 2729 3597 2838 3650; x_wconf 90' lang='lat' dir='ltr'><strong>quo</strong></span> <span class='ocrx_word' id='word_1_403' title='bbox 2866 3583 2938 3635; x_wconf 86' lang='lat' dir='ltr'><strong>illi</strong></span> <span class='ocrx_word' id='word_1_404' title='bbox 2967 3590 3214 3636; x_wconf 88' lang='lat' dir='ltr'><strong>versatus</strong></span> <span class='ocrx_word' id='word_1_405' title='bbox 3241 3583 3332 3647; x_wconf 89' lang='lat' dir='ltr'><strong>sit,</strong></span> <span class='ocrx_word' id='word_1_406' title='bbox 3361 3583 3562 3652; x_wconf 89' lang='lat' dir='ltr'><strong>quique</strong></span> 
     </span>
    </p>
   </div>
   <div class='ocr_carea' id='block_1_60' title="bbox 1997 3673 3558 3742">
    <p class='ocr_par' dir='ltr' id='par_1_60' title="bbox 1997 3673 3558 3742">
     <span class='ocr_line' id='line_1_62' title="bbox 1997 3673 3558 3742; baseline -0.002 -14"><span class='ocrx_word' id='word_1_407' title='bbox 1997 3681 2310 3728; x_wconf 88' lang='lat' dir='ltr'><strong>sanctorum</strong></span> <span class='ocrx_word' id='word_1_408' title='bbox 2360 3673 2603 3742; x_wconf 80' lang='lat' dir='ltr'><strong>vestigiis</strong></span> <span class='ocrx_word' id='word_1_409' title='bbox 2651 3687 2745 3742; x_wconf 89' lang='lat' dir='ltr'><strong>per</strong></span> <span class='ocrx_word' id='word_1_410' title='bbox 2797 3687 3012 3726; x_wconf 92' lang='lat' dir='ltr'><strong>omnem</strong></span> <span class='ocrx_word' id='word_1_411' title='bbox 3042 3673 3208 3726; x_wconf 88' lang='lat' dir='ltr'><strong>vitam</strong></span> <span class='ocrx_word' id='word_1_412' title='bbox 3263 3673 3558 3736; x_wconf 87' lang='lat' dir='ltr'><strong>inhaserit,</strong></span> 
     </span>
    </p>
   </div>
   <div class='ocr_carea' id='block_1_61' title="bbox 1997 3764 3555 3833">
    <p class='ocr_par' dir='ltr' id='par_1_61' title="bbox 1997 3764 3555 3833">
     <span class='ocr_line' id='line_1_63' title="bbox 1997 3764 3555 3833; baseline 0 -16"><span class='ocrx_word' id='word_1_413' title='bbox 1997 3765 2198 3833; x_wconf 87' lang='lat' dir='ltr'><strong>quique</strong></span> <span class='ocrx_word' id='word_1_414' title='bbox 2235 3765 2554 3832; x_wconf 83' lang='lat' dir='ltr'><strong>evangelica</strong></span> <span class='ocrx_word' id='word_1_415' title='bbox 2583 3764 3008 3818; x_wconf 85' lang='lat' dir='ltr'><strong>conversationis</strong></span> <span class='ocrx_word' id='word_1_416' title='bbox 3037 3764 3274 3833; x_wconf 87' lang='lat' dir='ltr'><strong>vigorem</strong></span> <span class='ocrx_word' id='word_1_417' title='bbox 3315 3765 3555 3833; x_wconf 87' lang='lat' dir='ltr'><strong>quandiu</strong></span> 
     </span>
    </p>
   </div>
   <div class='ocr_carea' id='block_1_62' title="bbox 1996 3854 3555 3924">
    <p class='ocr_par' dir='ltr' id='par_1_62' title="bbox 1996 3854 3555 3924">
     <span class='ocr_line' id='line_1_64' title="bbox 1996 3854 3555 3924; baseline -0.001 -15"><span class='ocrx_word' id='word_1_418' title='bbox 1996 3855 2130 3909; x_wconf 77' lang='lat' dir='ltr'><strong>vixit</strong></span> <span class='ocrx_word' id='word_1_419' title='bbox 2179 3855 2521 3924; x_wconf 87' lang='lat' dir='ltr'><strong>prasliterit?</strong></span> <span class='ocrx_word' id='word_1_420' title='bbox 2549 3854 2810 3924; x_wconf 80' lang='lat' dir='ltr'><strong>Equidem</strong></span> <span class='ocrx_word' id='word_1_421' title='bbox 2844 3854 2974 3909; x_wconf 91' lang='lat' dir='ltr'><strong>illud</strong></span> <span class='ocrx_word' id='word_1_422' title='bbox 3008 3854 3235 3908; x_wconf 85' lang='lat' dir='ltr'><strong>dixerim</strong></span> <span class='ocrx_word' id='word_1_423' title='bbox 3271 3873 3285 3909; x_wconf 86' lang='lat'>:</span> <span class='ocrx_word' id='word_1_424' title='bbox 3315 3854 3555 3924; x_wconf 91' lang='lat' dir='ltr'><strong>profecto</strong></span> 
     </span>
    </p>
   </div>
   <div class='ocr_carea' id='block_1_63' title="bbox 1995 3945 3553 4016">
    <p class='ocr_par' dir='ltr' id='par_1_63' title="bbox 1995 3945 3553 4016">
     <span class='ocr_line' id='line_1_65' title="bbox 1995 3945 3553 4016; baseline 0 -16"><span class='ocrx_word' id='word_1_425' title='bbox 1995 3947 2193 4016; x_wconf 89' lang='lat' dir='ltr'><strong>injuria</strong></span> <span class='ocrx_word' id='word_1_426' title='bbox 2224 3945 2564 4001; x_wconf 80' lang='lat' dir='ltr'><strong>aﬂ‘ecerimus</strong></span> <span class='ocrx_word' id='word_1_427' title='bbox 2592 3947 2896 4011; x_wconf 86' lang='lat' dir='ltr'><strong>veritatem,</strong></span> <span class='ocrx_word' id='word_1_428' title='bbox 2921 3945 2967 3999; x_wconf 88' lang='lat' dir='ltr'><strong>si</strong></span> <span class='ocrx_word' id='word_1_429' title='bbox 3003 3961 3109 3999; x_wconf 81' lang='lat' dir='ltr'><strong>non</strong></span> <span class='ocrx_word' id='word_1_430' title='bbox 3138 3946 3374 4000; x_wconf 89' lang='lat' dir='ltr'><strong>animam</strong></span> <span class='ocrx_word' id='word_1_431' title='bbox 3407 3948 3553 4001; x_wconf 88' lang='lat' dir='ltr'><strong>illam</strong></span> 
     </span>
    </p>
   </div>
   <div class='ocr_carea' id='block_1_64' title="bbox 333 4037 1902 4112">
    <p class='ocr_par' dir='ltr' id='par_1_64' title="bbox 333 4037 1894 4112">
     <span class='ocr_line' id='line_1_66' title="bbox 333 4037 1894 4112; baseline -0.003 -20"><span class='ocrx_word' id='word_1_432' title='bbox 333 4042 408 4112; x_wconf 71' lang='grc' dir='ltr'>μὴ</span> <span class='ocrx_word' id='word_1_433' title='bbox 442 4041 555 4103; x_wconf 84' lang='grc' dir='ltr'>τοῖς</span> <span class='ocrx_word' id='word_1_434' title='bbox 589 4039 955 4109; x_wconf 77' lang='grc' dir='ltr'>ᾠκειωμένοις</span> <span class='ocrx_word' id='word_1_435' title='bbox 995 4037 1111 4109; x_wconf 87' lang='grc' dir='ltr'><strong>Θεῷ</strong></span> <span class='ocrx_word' id='word_1_436' title='bbox 1152 4037 1248 4108; x_wconf 80' lang='grc' dir='ltr'><strong>τὴν</strong></span> <span class='ocrx_word' id='word_1_437' title='bbox 1289 4037 1462 4108; x_wconf 68' lang='grc' dir='ltr'>ψυχὴν</span> <span class='ocrx_word' id='word_1_438' title='bbox 1491 4037 1704 4106; x_wconf 79' lang='grc' dir='ltr'>ἐκείνην</span> <span class='ocrx_word' id='word_1_439' title='bbox 1735 4052 1894 4088; x_wconf 89' lang='grc' dir='ltr'>συνα-</span> 
     </span>
    </p>
   </div>
   <div class='ocr_carea' id='block_1_65' title="bbox 2004 4037 3553 4112">
    <p class='ocr_par' dir='ltr' id='par_1_65' title="bbox 2004 4037 3553 4108">
     <span class='ocr_line' id='line_1_67' title="bbox 2004 4037 3553 4108; baseline 0.003 -17"><span class='ocrx_word' id='word_1_440' title='bbox 2004 4053 2410 4093; x_wconf 86' lang='lat' dir='ltr'><strong>mnumeremus</strong></span> <span class='ocrx_word' id='word_1_441' title='bbox 2449 4038 2517 4093; x_wconf 90' lang='lat' dir='ltr'><strong>iis</strong></span> <span class='ocrx_word' id='word_1_442' title='bbox 2543 4039 2632 4108; x_wconf 91' lang='lat' dir='ltr'><strong>qni</strong></span> <span class='ocrx_word' id='word_1_443' title='bbox 2665 4037 2776 4094; x_wconf 91' lang='lat' dir='ltr'><strong>Deo</strong></span> <span class='ocrx_word' id='word_1_444' title='bbox 2799 4039 2972 4108; x_wconf 81' lang='lat' dir='ltr'><strong>juncti</strong></span> <span class='ocrx_word' id='word_1_445' title='bbox 2998 4047 3147 4100; x_wconf 86' lang='lat' dir='ltr'><strong>sunt.</strong></span> <span class='ocrx_word' id='word_1_446' title='bbox 3176 4041 3269 4108; x_wconf 86' lang='lat' dir='ltr'><strong>qui</strong></span> <span class='ocrx_word' id='word_1_447' title='bbox 3298 4040 3445 4095; x_wconf 88' lang='lat' dir='ltr'><strong>velut</strong></span> <span class='ocrx_word' id='word_1_448' title='bbox 3471 4043 3553 4095; x_wconf 92' lang='lat' dir='ltr'><strong>in-</strong></span> 
     </span>
    </p>
   </div>
   <div class='ocr_carea' id='block_1_66' title="bbox 329 4127 1902 4203">
    <p class='ocr_par' dir='ltr' id='par_1_66' title="bbox 329 4127 1890 4203">
     <span class='ocr_line' id='line_1_68' title="bbox 329 4127 1890 4203; baseline -0.003 -19"><span class='ocrx_word' id='word_1_449' title='bbox 329 4131 650 4203; x_wconf 75' lang='grc' dir='ltr'>ριθμοῦντες</span> <span class='ocrx_word' id='word_1_450' title='bbox 667 4147 679 4161; x_wconf 80' lang='grc'><em>’</em></span> <span class='ocrx_word' id='word_1_451' title='bbox 715 4127 824 4184; x_wconf 83' lang='grc' dir='ltr'>οἷόν</span> <span class='ocrx_word' id='word_1_452' title='bbox 851 4148 968 4182; x_wconf 84' lang='grc' dir='ltr'>τινα</span> <span class='ocrx_word' id='word_1_453' title='bbox 995 4131 1294 4200; x_wconf 82' lang='grc' dir='ltr'>λαμπτῆρα</span> <span class='ocrx_word' id='word_1_454' title='bbox 1317 4128 1585 4200; x_wconf 79' lang='grc' dir='ltr'>περιφανῆ</span> <span class='ocrx_word' id='word_1_455' title='bbox 1614 4127 1804 4197; x_wconf 81' lang='grc' dir='ltr'>μέγαν,</span> <span class='ocrx_word' id='word_1_456' title='bbox 1833 4129 1890 4180; x_wconf 79' lang='grc' dir='ltr'>ἐν</span> 
     </span>
    </p>
   </div>
   <div class='ocr_carea' id='block_1_67' title="bbox 2004 4127 3548 4203">
    <p class='ocr_par' dir='ltr' id='par_1_67' title="bbox 2004 4129 3548 4202">
     <span class='ocr_line' id='line_1_69' title="bbox 2004 4129 3548 4202; baseline 0.001 -18"><span class='ocrx_word' id='word_1_457' title='bbox 2004 4130 2156 4200; x_wconf 72' lang='lat' dir='ltr'><strong>signis</strong></span> <span class='ocrx_word' id='word_1_458' title='bbox 2184 4144 2484 4202; x_wconf 87' lang='lat' dir='ltr'><strong>magnaque</strong></span> <span class='ocrx_word' id='word_1_459' title='bbox 2516 4131 2732 4185; x_wconf 90' lang='lat' dir='ltr'><strong>lucerna</strong></span> <span class='ocrx_word' id='word_1_460' title='bbox 2781 4131 2836 4185; x_wconf 90' lang='lat' dir='ltr'><strong>in</strong></span> <span class='ocrx_word' id='word_1_461' title='bbox 2890 4129 3129 4187; x_wconf 85' lang='lat' dir='ltr'><strong>Ecclesia</strong></span> <span class='ocrx_word' id='word_1_462' title='bbox 3176 4130 3270 4186; x_wconf 90' lang='lat' dir='ltr'><strong>Dei</strong></span> <span class='ocrx_word' id='word_1_463' title='bbox 3301 4134 3548 4202; x_wconf 88' lang='lat' dir='ltr'><strong>resplen-</strong></span> 
     </span>
    </p>
   </div>
   <div class='ocr_carea' id='block_1_68' title="bbox 324 4219 1902 4296">
    <p class='ocr_par' dir='ltr' id='par_1_68' title="bbox 324 4219 1888 4296">
     <span class='ocr_line' id='line_1_70' title="bbox 324 4219 1888 4296; baseline -0.003 -20"><span class='ocrx_word' id='word_1_464' title='bbox 324 4227 392 4296; x_wconf 79' lang='grc' dir='ltr'><strong>τῇ</strong></span> <span class='ocrx_word' id='word_1_465' title='bbox 429 4224 721 4295; x_wconf 72' lang='grc' dir='ltr'>Ἐκκλησία</span> <span class='ocrx_word' id='word_1_466' title='bbox 751 4222 843 4274; x_wconf 84' lang='grc' dir='ltr'>τοῦ</span> <span class='ocrx_word' id='word_1_467' title='bbox 866 4221 994 4274; x_wconf 85' lang='grc' dir='ltr'>Θεοῦ</span> <span class='ocrx_word' id='word_1_468' title='bbox 1021 4221 1396 4292; x_wconf 65' lang='grc' dir='ltr'>διαλάμψαντα</span> <span class='ocrx_word' id='word_1_469' title='bbox 1416 4236 1429 4250; x_wconf 74' lang='grc' dir='ltr'><strong>ο</strong></span> <span class='ocrx_word' id='word_1_470' title='bbox 1459 4219 1517 4282; x_wconf 76' lang='grc' dir='ltr'>ὃς</span> <span class='ocrx_word' id='word_1_471' title='bbox 1539 4220 1764 4291; x_wconf 76' lang='grc' dir='ltr'>φοόερὸν</span> <span class='ocrx_word' id='word_1_472' title='bbox 1791 4221 1888 4290; x_wconf 81' lang='grc' dir='ltr'>μὲν</span> 
     </span>
    </p>
   </div>
   <div class='ocr_carea' id='block_1_69' title="bbox 2004 4219 3549 4296">
    <p class='ocr_par' dir='ltr' id='par_1_69' title="bbox 2004 4220 3549 4292">
     <span class='ocr_line' id='line_1_71' title="bbox 2004 4220 3549 4292; baseline 0.002 -17"><span class='ocrx_word' id='word_1_473' title='bbox 2004 4221 2124 4288; x_wconf 91' lang='lat' dir='ltr'><strong>luit,</strong></span> <span class='ocrx_word' id='word_1_474' title='bbox 2158 4222 2248 4291; x_wconf 87' lang='lat' dir='ltr'><strong>qui</strong></span> <span class='ocrx_word' id='word_1_475' title='bbox 2301 4237 2332 4277; x_wconf 90' lang='lat' dir='ltr'><strong>e</strong></span> <span class='ocrx_word' id='word_1_476' title='bbox 2369 4220 2604 4292; x_wconf 88' lang='lat' dir='ltr'><strong>Spiritus</strong></span> <span class='ocrx_word' id='word_1_477' title='bbox 2633 4236 2735 4291; x_wconf 88' lang='lat' dir='ltr'><strong>ope</strong></span> <span class='ocrx_word' id='word_1_478' title='bbox 2771 4223 3102 4277; x_wconf 86' lang='lat' dir='ltr'><strong>tremendam</strong></span> <span class='ocrx_word' id='word_1_479' title='bbox 3142 4222 3329 4276; x_wconf 86' lang='lat' dir='ltr'><strong>habuit</strong></span> <span class='ocrx_word' id='word_1_480' title='bbox 3358 4225 3549 4278; x_wconf 84' lang='lat' dir='ltr'><strong>adver-</strong></span> 
     </span>
    </p>
   </div>
   <div class='ocr_carea' id='block_1_70' title="bbox 324 4310 1902 4408">
    <p class='ocr_par' dir='ltr' id='par_1_70' title="bbox 324 4310 1886 4384">
     <span class='ocr_line' id='line_1_72' title="bbox 324 4310 1886 4384; baseline -0.003 -17"><span class='ocrx_word' id='word_1_481' title='bbox 324 4311 467 4384; x_wconf 76' lang='grc' dir='ltr'>εἶχεν</span> <span class='ocrx_word' id='word_1_482' title='bbox 507 4315 571 4365; x_wconf 82' lang='grc' dir='ltr'>ὲκ</span> <span class='ocrx_word' id='word_1_483' title='bbox 611 4313 707 4384; x_wconf 83' lang='grc' dir='ltr'>τῆς</span> <span class='ocrx_word' id='word_1_484' title='bbox 735 4312 828 4366; x_wconf 76' lang='grc' dir='ltr'><strong>τοῦ</strong></span> <span class='ocrx_word' id='word_1_485' title='bbox 861 4311 1170 4383; x_wconf 75' lang='grc' dir='ltr'>Πνεύματος</span> <span class='ocrx_word' id='word_1_486' title='bbox 1204 4311 1490 4382; x_wconf 84' lang='grc' dir='ltr'>συνεργίας</span> <span class='ocrx_word' id='word_1_487' title='bbox 1523 4310 1665 4364; x_wconf 77' lang='grc' dir='ltr'>κατὰ</span> <span class='ocrx_word' id='word_1_488' title='bbox 1697 4310 1886 4381; x_wconf 82' lang='grc' dir='ltr'>δαιμό-</span> 
     </span>
    </p>
   </div>
   <div class='ocr_carea' id='block_1_71' title="bbox 2004 4310 3549 4408">
    <p class='ocr_par' dir='ltr' id='par_1_71' title="bbox 2004 4311 3549 4384">
     <span class='ocr_line' id='line_1_73' title="bbox 2004 4311 3549 4384; baseline 0.001 -16"><span class='ocrx_word' id='word_1_489' title='bbox 2004 4331 2080 4370; x_wconf 60' lang='lat' dir='ltr'><strong>ius</strong></span> <span class='ocrx_word' id='word_1_490' title='bbox 2126 4315 2398 4370; x_wconf 87' lang='lat' dir='ltr'><strong>damones</strong></span> <span class='ocrx_word' id='word_1_491' title='bbox 2445 4321 2784 4384; x_wconf 89' lang='lat' dir='ltr'><strong>potestatem.</strong></span> <span class='ocrx_word' id='word_1_492' title='bbox 2828 4311 2962 4367; x_wconf 90' lang='lat' dir='ltr'><strong>Nam</strong></span> <span class='ocrx_word' id='word_1_493' title='bbox 3009 4322 3212 4367; x_wconf 85' lang='lat' dir='ltr'><strong>tantam</strong></span> <span class='ocrx_word' id='word_1_494' title='bbox 3265 4325 3549 4383; x_wconf 89' lang='lat' dir='ltr'><strong>acceperat</strong></span> 
     </span>
    </p>
   </div>
   <div class='ocr_carea' id='block_1_72' title="bbox 323 4402 1902 4476">
    <p class='ocr_par' dir='ltr' id='par_1_72' title="bbox 323 4402 1883 4475">
     <span class='ocr_line' id='line_1_74' title="bbox 323 4402 1883 4475; baseline -0.002 -15"><span class='ocrx_word' id='word_1_495' title='bbox 323 4423 428 4460; x_wconf 85' lang='grc' dir='ltr'><strong>νων</strong></span> <span class='ocrx_word' id='word_1_496' title='bbox 461 4405 520 4457; x_wconf 76' lang='grc' dir='ltr'>τὸ</span> <span class='ocrx_word' id='word_1_497' title='bbox 553 4404 766 4475; x_wconf 81' lang='grc' dir='ltr'>κράτος.</span> <span class='ocrx_word' id='word_1_498' title='bbox 784 4405 1058 4474; x_wconf 80' lang='grc' dir='ltr'>Τοσαύτην</span> <span class='ocrx_word' id='word_1_499' title='bbox 1092 4404 1147 4456; x_wconf 81' lang='grc' dir='ltr'>δὲ</span> <span class='ocrx_word' id='word_1_500' title='bbox 1177 4402 1330 4456; x_wconf 76' lang='grc' dir='ltr'>ἔλαϐε</span> <span class='ocrx_word' id='word_1_501' title='bbox 1358 4403 1447 4456; x_wconf 77' lang='grc' dir='ltr'>τοῦ</span> <span class='ocrx_word' id='word_1_502' title='bbox 1475 4402 1631 4471; x_wconf 80' lang='grc' dir='ltr'>λόγου</span> <span class='ocrx_word' id='word_1_503' title='bbox 1665 4404 1762 4475; x_wconf 82' lang='grc' dir='ltr'>τὴν</span> <span class='ocrx_word' id='word_1_504' title='bbox 1789 4404 1883 4474; x_wconf 75' lang='grc' dir='ltr'><strong>χά-</strong></span> 
     </span>
    </p>
   </div>
   <div class='ocr_carea' id='block_1_73' title="bbox 2004 4402 3548 4476">
    <p class='ocr_par' dir='ltr' id='par_1_73' title="bbox 2004 4405 3548 4474">
     <span class='ocr_line' id='line_1_75' title="bbox 2004 4405 3548 4474; baseline -0.001 -13"><span class='ocrx_word' id='word_1_505' title='bbox 2004 4407 2212 4473; x_wconf 72' lang='lat' dir='ltr'><strong>;ratiam</strong></span> <span class='ocrx_word' id='word_1_506' title='bbox 2247 4406 2312 4461; x_wconf 90' lang='lat' dir='ltr'><strong>ad</strong></span> <span class='ocrx_word' id='word_1_507' title='bbox 2352 4406 2710 4460; x_wconf 86' lang='lat' dir='ltr'><strong>obedientiam</strong></span> <span class='ocrx_word' id='word_1_508' title='bbox 2762 4405 2887 4460; x_wconf 84' lang='lat' dir='ltr'><strong>ﬁdei</strong></span> <span class='ocrx_word' id='word_1_509' title='bbox 2936 4405 3074 4458; x_wconf 90' lang='lat' dir='ltr'><strong>inter</strong></span> <span class='ocrx_word' id='word_1_510' title='bbox 3109 4413 3315 4474; x_wconf 80' lang='lat' dir='ltr'><strong>gentes,</strong></span> <span class='ocrx_word' id='word_1_511' title='bbox 3349 4414 3410 4467; x_wconf 79' lang='lat' dir='ltr'><strong>ut</strong></span> <span class='ocrx_word' id='word_1_512' title='bbox 3457 4421 3548 4460; x_wconf 84' lang='lat' dir='ltr'><strong>as-</strong></span> 
     </span>
    </p>
   </div>
   <div class='ocr_carea' id='block_1_74' title="bbox 323 4495 1902 4569">
    <p class='ocr_par' dir='ltr' id='par_1_74' title="bbox 323 4495 1877 4569">
     <span class='ocr_line' id='line_1_76' title="bbox 323 4495 1877 4569; baseline 0 -20"><span class='ocrx_word' id='word_1_513' title='bbox 323 4515 408 4569; x_wconf 88' lang='grc' dir='ltr'><strong>ριν</strong></span> <span class='ocrx_word' id='word_1_514' title='bbox 436 4498 516 4560; x_wconf 80' lang='grc' dir='ltr'><strong>εἰς</strong></span> <span class='ocrx_word' id='word_1_515' title='bbox 550 4497 790 4567; x_wconf 80' lang='grc' dir='ltr'>ὑπακοὴν</span> <span class='ocrx_word' id='word_1_516' title='bbox 817 4497 1047 4559; x_wconf 81' lang='grc' dir='ltr'>πίστεως</span> <span class='ocrx_word' id='word_1_517' title='bbox 1074 4498 1130 4549; x_wconf 82' lang='grc' dir='ltr'>ὲν</span> <span class='ocrx_word' id='word_1_518' title='bbox 1154 4497 1265 4559; x_wconf 91' lang='grc' dir='ltr'>τοῖς</span> <span class='ocrx_word' id='word_1_519' title='bbox 1293 4495 1517 4559; x_wconf 80' lang='grc' dir='ltr'>ἔθνεσιν,</span> <span class='ocrx_word' id='word_1_520' title='bbox 1543 4495 1681 4549; x_wconf 84' lang='grc' dir='ltr'>ὥστε</span> <span class='ocrx_word' id='word_1_521' title='bbox 1711 4497 1877 4549; x_wconf 83' lang='grc' dir='ltr'>ἑπτα-</span> 
     </span>
    </p>
   </div>
   <div class='ocr_carea' id='block_1_75' title="bbox 2004 4495 3544 4569">
    <p class='ocr_par' dir='ltr' id='par_1_75' title="bbox 2004 4495 3544 4566">
     <span class='ocr_line' id='line_1_77' title="bbox 2004 4495 3544 4566; baseline 0 -16"><span class='ocrx_word' id='word_1_522' title='bbox 2004 4497 2216 4566; x_wconf 73' lang='grc' dir='ltr'>ςιιωρῑίε</span> <span class='ocrx_word' id='word_1_523' title='bbox 2248 4513 2357 4551; x_wconf 91' lang='lat' dir='ltr'><strong>non</strong></span> <span class='ocrx_word' id='word_1_524' title='bbox 2388 4497 2509 4565; x_wconf 88' lang='lat' dir='ltr'><strong>plus</strong></span> <span class='ocrx_word' id='word_1_525' title='bbox 2544 4496 2923 4566; x_wconf 86' lang='lat' dir='ltr'><strong>septemdecim</strong></span> <span class='ocrx_word' id='word_1_526' title='bbox 2949 4495 3296 4561; x_wconf 88' lang='lat' dir='ltr'><strong>Christianis,</strong></span> <span class='ocrx_word' id='word_1_527' title='bbox 3325 4497 3544 4552; x_wconf 87' lang='lat' dir='ltr'><strong>univer-</strong></span> 
     </span>
    </p>
   </div>
   <div class='ocr_carea' id='block_1_76' title="bbox 318 4584 1902 4660">
    <p class='ocr_par' dir='ltr' id='par_1_76' title="bbox 318 4584 1878 4660">
     <span class='ocr_line' id='line_1_78' title="bbox 318 4584 1878 4660; baseline -0.004 -17"><span class='ocrx_word' id='word_1_528' title='bbox 318 4589 545 4643; x_wconf 76' lang='grc' dir='ltr'>καίδεκα</span> <span class='ocrx_word' id='word_1_529' title='bbox 598 4589 788 4660; x_wconf 84' lang='grc' dir='ltr'>μόνους</span> <span class='ocrx_word' id='word_1_530' title='bbox 839 4587 1192 4658; x_wconf 81' lang='grc' dir='ltr'>Χριστιανοὺς</span> <span class='ocrx_word' id='word_1_531' title='bbox 1241 4584 1586 4656; x_wconf 78' lang='grc' dir='ltr'>παραλαϐὼν,</span> <span class='ocrx_word' id='word_1_532' title='bbox 1629 4585 1746 4638; x_wconf 78' lang='grc' dir='ltr'>ὅλον</span> <span class='ocrx_word' id='word_1_533' title='bbox 1787 4584 1878 4637; x_wconf 78' lang='grc' dir='ltr'>τὸν</span> 
     </span>
    </p>
   </div>
   <div class='ocr_carea' id='block_1_77' title="bbox 2004 4584 3542 4660">
    <p class='ocr_par' dir='ltr' id='par_1_77' title="bbox 2004 4587 3542 4659">
     <span class='ocr_line' id='line_1_79' title="bbox 2004 4587 3542 4659; baseline 0.003 -20"><span class='ocrx_word' id='word_1_534' title='bbox 2004 4603 2100 4641; x_wconf 92' lang='lat' dir='ltr'><strong>.um</strong></span> <span class='ocrx_word' id='word_1_535' title='bbox 2157 4588 2438 4658; x_wconf 89' lang='lat' dir='ltr'><strong>populum,</strong></span> <span class='ocrx_word' id='word_1_536' title='bbox 2476 4596 2531 4642; x_wconf 92' lang='lat' dir='ltr'><strong>et</strong></span> <span class='ocrx_word' id='word_1_537' title='bbox 2587 4588 2855 4642; x_wconf 90' lang='lat' dir='ltr'><strong>urbanum</strong></span> <span class='ocrx_word' id='word_1_538' title='bbox 2912 4596 2967 4642; x_wconf 90' lang='lat' dir='ltr'><strong>et</strong></span> <span class='ocrx_word' id='word_1_539' title='bbox 3022 4587 3386 4651; x_wconf 85' lang='lat' dir='ltr'><strong>rusticanum,</strong></span> <span class='ocrx_word' id='word_1_540' title='bbox 3445 4603 3542 4659; x_wconf 90' lang='lat' dir='ltr'><strong>per</strong></span> 
     </span>
    </p>
   </div>
   <div class='ocr_carea' id='block_1_78' title="bbox 316 4676 1902 4749">
    <p class='ocr_par' dir='ltr' id='par_1_78' title="bbox 316 4676 1877 4748">
     <span class='ocr_line' id='line_1_80' title="bbox 316 4676 1877 4748; baseline -0.003 -15"><span class='ocrx_word' id='word_1_541' title='bbox 316 4681 442 4733; x_wconf 77' lang='grc' dir='ltr'>λαὸν</span> <span class='ocrx_word' id='word_1_542' title='bbox 474 4681 564 4734; x_wconf 88' lang='grc' dir='ltr'><strong>τόν</strong></span> <span class='ocrx_word' id='word_1_543' title='bbox 608 4698 667 4733; x_wconf 90' lang='grc' dir='ltr'><strong>τε</strong></span> <span class='ocrx_word' id='word_1_544' title='bbox 704 4679 923 4733; x_wconf 73' lang='grc' dir='ltr'>ἀστικὸν</span> <span class='ocrx_word' id='word_1_545' title='bbox 956 4680 1046 4732; x_wconf 74' lang='grc' dir='ltr'><strong>καὶ</strong></span> <span class='ocrx_word' id='word_1_546' title='bbox 1080 4679 1171 4730; x_wconf 79' lang='grc' dir='ltr'>τὸν</span> <span class='ocrx_word' id='word_1_547' title='bbox 1200 4677 1486 4748; x_wconf 84' lang='grc' dir='ltr'>χωριτικὸν</span> <span class='ocrx_word' id='word_1_548' title='bbox 1517 4676 1603 4729; x_wconf 76' lang='grc' dir='ltr'>διὰ</span> <span class='ocrx_word' id='word_1_549' title='bbox 1635 4677 1730 4747; x_wconf 80' lang='grc' dir='ltr'>τῆς</span> <span class='ocrx_word' id='word_1_550' title='bbox 1762 4679 1877 4729; x_wconf 77' lang='grc' dir='ltr'>ἑπι-</span> 
     </span>
    </p>
   </div>
   <div class='ocr_carea' id='block_1_79' title="bbox 2004 4676 3582 4749">
    <p class='ocr_par' dir='ltr' id='par_1_79' title="bbox 2004 4676 3582 4749">
     <span class='ocr_line' id='line_1_81' title="bbox 2004 4676 3582 4749; baseline 0.001 -17"><span class='ocrx_word' id='word_1_551' title='bbox 2004 4677 2307 4749; x_wconf 67' lang='grc' dir='ltr'>ιςιιὶιίοηοιη</span> <span class='ocrx_word' id='word_1_552' title='bbox 2341 4678 2650 4749; x_wconf 80' lang='lat' dir='ltr'><strong>adjunxerit</strong></span> <span class='ocrx_word' id='word_1_553' title='bbox 2673 4678 2805 4733; x_wconf 89' lang='lat' dir='ltr'><strong>Deo.</strong></span> <span class='ocrx_word' id='word_1_554' title='bbox 2829 4677 2922 4733; x_wconf 89' lang='lat' dir='ltr'><strong>Ille</strong></span> <span class='ocrx_word' id='word_1_555' title='bbox 2951 4686 3006 4732; x_wconf 91' lang='lat' dir='ltr'><strong>et</strong></span> <span class='ocrx_word' id='word_1_556' title='bbox 3033 4676 3318 4733; x_wconf 84' lang='lat' dir='ltr'><strong>ﬂuminum</strong></span> <span class='ocrx_word' id='word_1_557' title='bbox 3343 4695 3539 4734; x_wconf 85' lang='lat' dir='ltr'><strong>cursus</strong></span> <span class='ocrx_word' id='word_1_558' title='bbox 3573 4691 3582 4702; x_wconf 91' lang='lat'><strong><em>&#39;</em></strong></span> 
     </span>
    </p>
   </div>
   <div class='ocr_carea' id='block_1_80' title="bbox 315 4769 1902 4843">
    <p class='ocr_par' dir='ltr' id='par_1_80' title="bbox 315 4769 1874 4843">
     <span class='ocr_line' id='line_1_82' title="bbox 315 4769 1874 4843; baseline -0.001 -20"><span class='ocrx_word' id='word_1_559' title='bbox 315 4771 568 4838; x_wconf 82' lang='grc' dir='ltr'>γνώσεως</span> <span class='ocrx_word' id='word_1_560' title='bbox 610 4773 920 4843; x_wconf 84' lang='grc' dir='ltr'>προσήγαγε</span> <span class='ocrx_word' id='word_1_561' title='bbox 968 4770 1044 4840; x_wconf 80' lang='grc' dir='ltr'><strong>τῷ</strong></span> <span class='ocrx_word' id='word_1_562' title='bbox 1081 4769 1216 4840; x_wconf 79' lang='grc' dir='ltr'>Θεῷ.</span> <span class='ocrx_word' id='word_1_563' title='bbox 1236 4771 1466 4832; x_wconf 82' lang='grc' dir='ltr'>Ἐκεῖνος</span> <span class='ocrx_word' id='word_1_564' title='bbox 1497 4769 1589 4822; x_wconf 80' lang='grc' dir='ltr'>καὶ</span> <span class='ocrx_word' id='word_1_565' title='bbox 1620 4769 1874 4840; x_wconf 82' lang='grc' dir='ltr'>ποταμῶν</span> 
     </span>
    </p>
   </div>
   <div class='ocr_carea' id='block_1_81' title="bbox 2004 4769 3538 4843">
    <p class='ocr_par' dir='ltr' id='par_1_81' title="bbox 2004 4769 3538 4840">
     <span class='ocr_line' id='line_1_83' title="bbox 2004 4769 3538 4840; baseline 0.001 -18"><span class='ocrx_word' id='word_1_566' title='bbox 2004 4785 2031 4822; x_wconf 92' lang='lat' dir='ltr'><strong>n</strong></span> <span class='ocrx_word' id='word_1_567' title='bbox 2058 4769 2332 4824; x_wconf 88' lang='lat' dir='ltr'><strong>diversum</strong></span> <span class='ocrx_word' id='word_1_568' title='bbox 2362 4770 2542 4833; x_wconf 89' lang='lat' dir='ltr'><strong>vertit,</strong></span> <span class='ocrx_word' id='word_1_569' title='bbox 2568 4770 2886 4840; x_wconf 82' lang='lat' dir='ltr'><strong>pracipiens</strong></span> <span class='ocrx_word' id='word_1_570' title='bbox 2919 4769 3026 4825; x_wconf 88' lang='lat' dir='ltr'><strong>illis</strong></span> <span class='ocrx_word' id='word_1_571' title='bbox 3050 4770 3106 4824; x_wconf 88' lang='lat' dir='ltr'><strong>in</strong></span> <span class='ocrx_word' id='word_1_572' title='bbox 3134 4785 3332 4840; x_wconf 88' lang='lat' dir='ltr'><strong>magno</strong></span> <span class='ocrx_word' id='word_1_573' title='bbox 3361 4770 3538 4824; x_wconf 91' lang='lat' dir='ltr'><strong>nomi-</strong></span> 
     </span>
    </p>
   </div>
   <div class='ocr_carea' id='block_1_82' title="bbox 315 4859 1902 4935">
    <p class='ocr_par' dir='ltr' id='par_1_82' title="bbox 315 4859 1872 4935">
     <span class='ocr_line' id='line_1_84' title="bbox 315 4859 1872 4935; baseline -0.001 -19"><span class='ocrx_word' id='word_1_574' title='bbox 315 4864 504 4934; x_wconf 77' lang='grc' dir='ltr'>ῥεῖθρα</span> <span class='ocrx_word' id='word_1_575' title='bbox 554 4863 903 4935; x_wconf 84' lang='grc' dir='ltr'>μετέστησεν,</span> <span class='ocrx_word' id='word_1_576' title='bbox 933 4859 1188 4927; x_wconf 79' lang='grc' dir='ltr'>ἐπιτάξας</span> <span class='ocrx_word' id='word_1_577' title='bbox 1232 4861 1410 4924; x_wconf 88' lang='grc' dir='ltr'>αὐτοῖς</span> <span class='ocrx_word' id='word_1_578' title='bbox 1446 4863 1505 4914; x_wconf 83' lang='grc' dir='ltr'>ὲν</span> <span class='ocrx_word' id='word_1_579' title='bbox 1544 4859 1622 4931; x_wconf 82' lang='grc' dir='ltr'>τῷ</span> <span class='ocrx_word' id='word_1_580' title='bbox 1653 4861 1872 4932; x_wconf 85' lang='grc' dir='ltr'>ὀνόματι</span> 
     </span>
    </p>
   </div>
   <div class='ocr_carea' id='block_1_83' title="bbox 2004 4859 3531 4935">
    <p class='ocr_par' dir='ltr' id='par_1_83' title="bbox 2004 4859 3531 4930">
     <span class='ocr_line' id='line_1_85' title="bbox 2004 4859 3531 4930; baseline -0.001 -16"><span class='ocrx_word' id='word_1_581' title='bbox 2004 4875 2044 4914; x_wconf 78' lang='grc' dir='ltr'>ιο</span> <span class='ocrx_word' id='word_1_582' title='bbox 2098 4859 2330 4928; x_wconf 88' lang='lat' dir='ltr'><strong>Christi;</strong></span> <span class='ocrx_word' id='word_1_583' title='bbox 2371 4871 2424 4916; x_wconf 89' lang='lat' dir='ltr'><strong>et</strong></span> <span class='ocrx_word' id='word_1_584' title='bbox 2473 4862 2720 4930; x_wconf 82' lang='lat' dir='ltr'><strong>paludem</strong></span> <span class='ocrx_word' id='word_1_585' title='bbox 2769 4861 3084 4923; x_wconf 82' lang='lat' dir='ltr'><strong>exsiccavit,</strong></span> <span class='ocrx_word' id='word_1_586' title='bbox 3130 4861 3254 4915; x_wconf 86' lang='lat' dir='ltr'><strong>belli</strong></span> <span class='ocrx_word' id='word_1_587' title='bbox 3309 4875 3531 4914; x_wconf 89' lang='lat' dir='ltr'><strong>causam</strong></span> 
     </span>
    </p>
   </div>
   <div class='ocr_carea' id='block_1_84' title="bbox 309 4950 1902 5025">
    <p class='ocr_par' dir='ltr' id='par_1_84' title="bbox 309 4950 1871 5025">
     <span class='ocr_line' id='line_1_86' title="bbox 309 4950 1871 5025; baseline -0.002 -18"><span class='ocrx_word' id='word_1_588' title='bbox 309 4954 387 5024; x_wconf 80' lang='grc' dir='ltr'><strong>τῷ</strong></span> <span class='ocrx_word' id='word_1_589' title='bbox 423 4954 641 5024; x_wconf 85' lang='grc' dir='ltr'>μεγάλῳ</span> <span class='ocrx_word' id='word_1_590' title='bbox 678 4953 768 5007; x_wconf 82' lang='grc' dir='ltr'>τοῦ</span> <span class='ocrx_word' id='word_1_591' title='bbox 799 4951 1066 5025; x_wconf 76' lang='grc' dir='ltr'>Χριστοῦ·</span> <span class='ocrx_word' id='word_1_592' title='bbox 1102 4953 1194 5005; x_wconf 79' lang='grc' dir='ltr'><strong>καὶ</strong></span> <span class='ocrx_word' id='word_1_593' title='bbox 1233 4950 1425 5022; x_wconf 86' lang='grc' dir='ltr'>λίμνην</span> <span class='ocrx_word' id='word_1_594' title='bbox 1458 4950 1713 5022; x_wconf 80' lang='grc' dir='ltr'>ἐξήρανεν</span> <span class='ocrx_word' id='word_1_595' title='bbox 1743 4951 1871 5004; x_wconf 84' lang='grc' dir='ltr'>ὑπό-</span> 
     </span>
    </p>
   </div>
   <div class='ocr_carea' id='block_1_85' title="bbox 2004 4950 3532 5025">
    <p class='ocr_par' dir='ltr' id='par_1_85' title="bbox 2004 4951 3532 5021">
     <span class='ocr_line' id='line_1_87' title="bbox 2004 4951 3532 5021; baseline 0.001 -15"><span class='ocrx_word' id='word_1_596' title='bbox 2004 4953 2294 5008; x_wconf 66' lang='grc' dir='ltr'>πτωῒιεηιεηι</span> <span class='ocrx_word' id='word_1_597' title='bbox 2331 4953 2588 5009; x_wconf 81' lang='lat' dir='ltr'><strong>fratribus</strong></span> <span class='ocrx_word' id='word_1_598' title='bbox 2619 4955 2813 5008; x_wconf 86' lang='lat' dir='ltr'><strong>avaris.</strong></span> <span class='ocrx_word' id='word_1_599' title='bbox 2849 4953 3112 5008; x_wconf 83' lang='lat' dir='ltr'><strong>Caterum</strong></span> <span class='ocrx_word' id='word_1_600' title='bbox 3153 4951 3532 5021; x_wconf 72' lang='lat' dir='ltr'><strong>praedictiones</strong></span> 
     </span>
    </p>
   </div>
   <div class='ocr_carea' id='block_1_86' title="bbox 307 5041 1902 5116">
    <p class='ocr_par' dir='ltr' id='par_1_86' title="bbox 307 5041 1869 5114">
     <span class='ocr_line' id='line_1_88' title="bbox 307 5041 1869 5114; baseline 0 -19"><span class='ocrx_word' id='word_1_601' title='bbox 307 5042 468 5096; x_wconf 87' lang='grc' dir='ltr'>θεσιν-</span> <span class='ocrx_word' id='word_1_602' title='bbox 489 5043 724 5114; x_wconf 84' lang='grc' dir='ltr'>πολέμου</span> <span class='ocrx_word' id='word_1_603' title='bbox 759 5044 1030 5114; x_wconf 81' lang='grc' dir='ltr'>φέρουσαν</span> <span class='ocrx_word' id='word_1_604' title='bbox 1060 5043 1302 5112; x_wconf 78' lang='grc' dir='ltr'>ἀδελφοῖς</span> <span class='ocrx_word' id='word_1_605' title='bbox 1341 5041 1700 5104; x_wconf 84' lang='grc' dir='ltr'>πλεονέκταις.</span> <span class='ocrx_word' id='word_1_606' title='bbox 1729 5043 1791 5094; x_wconf 79' lang='lat' dir='ltr'><strong>Ai</strong></span> <span class='ocrx_word' id='word_1_607' title='bbox 1814 5042 1869 5096; x_wconf 83' lang='grc' dir='ltr'>δὲ</span> 
     </span>
    </p>
   </div>
   <div class='ocr_carea' id='block_1_87' title="bbox 2004 5041 3530 5116">
    <p class='ocr_par' dir='ltr' id='par_1_87' title="bbox 2007 5044 3530 5116">
     <span class='ocr_line' id='line_1_89' title="bbox 2007 5044 3530 5116; baseline 0 -16"><span class='ocrx_word' id='word_1_608' title='bbox 2007 5060 2036 5100; x_wconf 88' lang='lat' dir='ltr'><strong>c</strong></span> <span class='ocrx_word' id='word_1_609' title='bbox 2063 5044 2282 5112; x_wconf 90' lang='lat' dir='ltr'><strong>futuris,</strong></span> <span class='ocrx_word' id='word_1_610' title='bbox 2321 5047 2587 5116; x_wconf 82' lang='lat' dir='ltr'><strong>ejusmodi</strong></span> <span class='ocrx_word' id='word_1_611' title='bbox 2612 5056 2758 5115; x_wconf 91' lang='lat' dir='ltr'><strong>sunt,</strong></span> <span class='ocrx_word' id='word_1_612' title='bbox 2793 5057 2853 5102; x_wconf 88' lang='lat' dir='ltr'><strong>ut</strong></span> <span class='ocrx_word' id='word_1_613' title='bbox 2879 5048 3051 5102; x_wconf 90' lang='lat' dir='ltr'><strong>nihilo</strong></span> <span class='ocrx_word' id='word_1_614' title='bbox 3075 5047 3145 5101; x_wconf 90' lang='lat' dir='ltr'><strong>sit</strong></span> <span class='ocrx_word' id='word_1_615' title='bbox 3175 5044 3394 5100; x_wconf 87' lang='lat' dir='ltr'><strong>inferior</strong></span> <span class='ocrx_word' id='word_1_616' title='bbox 3425 5059 3530 5100; x_wconf 84' lang='lat' dir='ltr'><strong>ca-</strong></span> 
     </span>
    </p>
   </div>
   <div class='ocr_carea' id='block_1_88' title="bbox 306 5129 1902 5208">
    <p class='ocr_par' dir='ltr' id='par_1_88' title="bbox 306 5132 1867 5206">
     <span class='ocr_line' id='line_1_90' title="bbox 306 5132 1867 5206; baseline 0 -20"><span class='ocrx_word' id='word_1_617' title='bbox 306 5133 414 5186; x_wconf 88' lang='grc' dir='ltr'><strong>τῶν</strong></span> <span class='ocrx_word' id='word_1_618' title='bbox 439 5134 734 5204; x_wconf 83' lang='grc' dir='ltr'>μελλόντων</span> <span class='ocrx_word' id='word_1_619' title='bbox 757 5133 1174 5206; x_wconf 76' lang='grc' dir='ltr'>προαγορεύσεις</span> <span class='ocrx_word' id='word_1_620' title='bbox 1200 5133 1462 5199; x_wconf 74' lang='grc' dir='ltr'>τοιαῦται,</span> <span class='ocrx_word' id='word_1_621' title='bbox 1480 5134 1554 5198; x_wconf 82' lang='grc' dir='ltr'><strong>ὡς</strong></span> <span class='ocrx_word' id='word_1_622' title='bbox 1579 5133 1741 5205; x_wconf 82' lang='grc' dir='ltr'>μηδὲν</span> <span class='ocrx_word' id='word_1_623' title='bbox 1760 5132 1867 5187; x_wconf 89' lang='grc' dir='ltr'><strong>τῶν</strong></span> 
     </span>
    </p>
   </div>
   <div class='ocr_carea' id='block_1_89' title="bbox 2004 5129 3526 5208">
    <p class='ocr_par' dir='ltr' id='par_1_89' title="bbox 2004 5129 3526 5208">
     <span class='ocr_line' id='line_1_91' title="bbox 2004 5129 3526 5208; baseline -0.001 -18"><span class='ocrx_word' id='word_1_624' title='bbox 2004 5137 2102 5192; x_wconf 68' lang='grc' dir='ltr'><strong>πίε</strong></span> <span class='ocrx_word' id='word_1_625' title='bbox 2143 5137 2440 5207; x_wconf 90' lang='lat' dir='ltr'><strong>prophetis.</strong></span> <span class='ocrx_word' id='word_1_626' title='bbox 2475 5136 2578 5193; x_wconf 89' lang='lat' dir='ltr'><strong>Sed</strong></span> <span class='ocrx_word' id='word_1_627' title='bbox 2607 5139 2832 5194; x_wconf 89' lang='lat' dir='ltr'><strong>omnino</strong></span> <span class='ocrx_word' id='word_1_628' title='bbox 2875 5129 3191 5208; x_wconf 85' lang='lat' dir='ltr'><strong>perlongum</strong></span> <span class='ocrx_word' id='word_1_629' title='bbox 3229 5133 3394 5190; x_wconf 90' lang='lat' dir='ltr'><strong>fuerit</strong></span> <span class='ocrx_word' id='word_1_630' title='bbox 3425 5135 3526 5188; x_wconf 89' lang='lat' dir='ltr'><strong>viri</strong></span> 
     </span>
    </p>
   </div>
   <div class='ocr_carea' id='block_1_90' title="bbox 303 5225 1902 5300">
    <p class='ocr_par' dir='ltr' id='par_1_90' title="bbox 303 5225 1863 5298">
     <span class='ocr_line' id='line_1_92' title="bbox 303 5225 1863 5298; baseline -0.001 -20"><span class='ocrx_word' id='word_1_631' title='bbox 303 5225 478 5278; x_wconf 81' lang='grc' dir='ltr'>ἄλλων</span> <span class='ocrx_word' id='word_1_632' title='bbox 519 5225 734 5278; x_wconf 76' lang='grc' dir='ltr'>ἀποδεῖν</span> <span class='ocrx_word' id='word_1_633' title='bbox 781 5226 1089 5296; x_wconf 71' lang='grc' dir='ltr'>προφητῶν.</span> <span class='ocrx_word' id='word_1_634' title='bbox 1126 5225 1234 5279; x_wconf 72' lang='grc' dir='ltr'><strong>Καὶ</strong></span> <span class='ocrx_word' id='word_1_635' title='bbox 1271 5226 1405 5289; x_wconf 85' lang='grc' dir='ltr'>ὅλως</span> <span class='ocrx_word' id='word_1_636' title='bbox 1440 5225 1648 5297; x_wconf 87' lang='grc' dir='ltr'>μακρὸν</span> <span class='ocrx_word' id='word_1_637' title='bbox 1681 5227 1746 5280; x_wconf 86' lang='grc' dir='ltr'>ἂν</span> <span class='ocrx_word' id='word_1_638' title='bbox 1780 5225 1863 5298; x_wconf 78' lang='grc' dir='ltr'><strong>εἴη</strong></span> 
     </span>
    </p>
   </div>
   <div class='ocr_carea' id='block_1_91' title="bbox 2004 5225 3526 5300">
    <p class='ocr_par' dir='ltr' id='par_1_91' title="bbox 2005 5226 3526 5300">
     <span class='ocr_line' id='line_1_93' title="bbox 2005 5226 3526 5300; baseline -0.003 -16"><span class='ocrx_word' id='word_1_639' title='bbox 2005 5243 2284 5285; x_wconf 87' lang='lat' dir='ltr'><strong>ercensere</strong></span> <span class='ocrx_word' id='word_1_640' title='bbox 2327 5229 2610 5295; x_wconf 87' lang='lat' dir='ltr'><strong>miracula,</strong></span> <span class='ocrx_word' id='word_1_641' title='bbox 2644 5230 2736 5300; x_wconf 90' lang='lat' dir='ltr'><strong>qui</strong></span> <span class='ocrx_word' id='word_1_642' title='bbox 2773 5238 2991 5298; x_wconf 81' lang='lat' dir='ltr'><strong>prOpter</strong></span> <span class='ocrx_word' id='word_1_643' title='bbox 3035 5229 3301 5282; x_wconf 91' lang='lat' dir='ltr'><strong>donorum</strong></span> <span class='ocrx_word' id='word_1_644' title='bbox 3346 5226 3526 5282; x_wconf 81' lang='lat' dir='ltr'><strong>excel-</strong></span> 
     </span>
    </p>
   </div>
   <div class='ocr_carea' id='block_1_92' title="bbox 299 5315 1860 5388">
    <p class='ocr_par' dir='ltr' id='par_1_92' title="bbox 299 5315 1860 5388">
     <span class='ocr_line' id='line_1_94' title="bbox 299 5315 1860 5388; baseline 0.002 -21"><span class='ocrx_word' id='word_1_645' title='bbox 299 5316 395 5368; x_wconf 79' lang='grc' dir='ltr'><strong>τοῦ</strong></span> <span class='ocrx_word' id='word_1_646' title='bbox 446 5315 634 5387; x_wconf 79' lang='grc' dir='ltr'>ἀνδρὸς</span> <span class='ocrx_word' id='word_1_647' title='bbox 661 5316 958 5388; x_wconf 84' lang='grc' dir='ltr'>διηγεῖσθαι</span> <span class='ocrx_word' id='word_1_648' title='bbox 1002 5316 1068 5370; x_wconf 82' lang='grc' dir='ltr'>τὰ</span> <span class='ocrx_word' id='word_1_649' title='bbox 1101 5315 1367 5387; x_wconf 75' lang='grc' dir='ltr'>θαύματα,</span> <span class='ocrx_word' id='word_1_650' title='bbox 1401 5316 1457 5380; x_wconf 83' lang='grc' dir='ltr'><strong>ὃς</strong></span> <span class='ocrx_word' id='word_1_651' title='bbox 1490 5320 1553 5388; x_wconf 81' lang='grc' dir='ltr'>τῇ</span> <span class='ocrx_word' id='word_1_652' title='bbox 1593 5318 1860 5388; x_wconf 71' lang='grc' dir='ltr'>ὑπερϐολῇ</span> 
     </span>
    </p>
   </div>
   <div class='ocr_carea' id='block_1_93' title="bbox 297 5407 1860 5483">
    <p class='ocr_par' dir='ltr' id='par_1_93' title="bbox 297 5407 1860 5483">
     <span class='ocr_line' id='line_1_95' title="bbox 297 5407 1860 5483; baseline 0.002 -22"><span class='ocrx_word' id='word_1_653' title='bbox 297 5408 407 5461; x_wconf 87' lang='grc' dir='ltr'><strong>τῶν</strong></span> <span class='ocrx_word' id='word_1_654' title='bbox 443 5411 499 5461; x_wconf 83' lang='grc' dir='ltr'>ἐν</span> <span class='ocrx_word' id='word_1_655' title='bbox 521 5410 666 5480; x_wconf 64' lang='grc' dir='ltr'>αὐτῷ</span> <span class='ocrx_word' id='word_1_656' title='bbox 698 5411 1046 5483; x_wconf 83' lang='grc' dir='ltr'>χαρισμάτων</span> <span class='ocrx_word' id='word_1_657' title='bbox 1070 5407 1174 5462; x_wconf 89' lang='grc' dir='ltr'><strong>τῶν</strong></span> <span class='ocrx_word' id='word_1_658' title='bbox 1203 5410 1603 5483; x_wconf 79' lang='grc' dir='ltr'>ἐνεργουμένων</span> <span class='ocrx_word' id='word_1_659' title='bbox 1636 5412 1741 5463; x_wconf 76' lang='grc' dir='ltr'>ὑπὸ</span> <span class='ocrx_word' id='word_1_660' title='bbox 1766 5410 1860 5464; x_wconf 75' lang='grc' dir='ltr'><strong>τοῦ</strong></span> 
     </span>
    </p>
   </div>
   <div class='ocr_carea' id='block_1_94' title="bbox 302 5501 1856 5576">
    <p class='ocr_par' dir='ltr' id='par_1_94' title="bbox 302 5501 1856 5576">
     <span class='ocr_line' id='line_1_96' title="bbox 302 5501 1856 5576; baseline 0.001 -23"><span class='ocrx_word' id='word_1_661' title='bbox 302 5501 616 5574; x_wconf 78' lang='grc' dir='ltr'>Πνεύματος</span> <span class='ocrx_word' id='word_1_662' title='bbox 651 5505 706 5556; x_wconf 79' lang='grc' dir='ltr'>ἐν</span> <span class='ocrx_word' id='word_1_663' title='bbox 731 5504 878 5576; x_wconf 83' lang='grc' dir='ltr'>πάσῃ</span> <span class='ocrx_word' id='word_1_664' title='bbox 904 5504 1126 5573; x_wconf 87' lang='grc' dir='ltr'>δυνάμει</span> <span class='ocrx_word' id='word_1_665' title='bbox 1151 5504 1244 5557; x_wconf 74' lang='grc' dir='ltr'><strong>καὶ</strong></span> <span class='ocrx_word' id='word_1_666' title='bbox 1271 5503 1510 5574; x_wconf 85' lang='grc' dir='ltr'>σημείοις</span> <span class='ocrx_word' id='word_1_667' title='bbox 1531 5503 1622 5557; x_wconf 79' lang='grc' dir='ltr'><strong>καὶ</strong></span> <span class='ocrx_word' id='word_1_668' title='bbox 1649 5502 1856 5574; x_wconf 81' lang='grc' dir='ltr'>τέρασι,</span> 
     </span>
    </p>
   </div>
   <div class='ocr_carea' id='block_1_95' title="bbox 299 5591 1860 5666">
    <p class='ocr_par' dir='ltr' id='par_1_95' title="bbox 299 5591 1860 5666">
     <span class='ocr_line' id='line_1_97' title="bbox 299 5591 1860 5666; baseline 0.001 -21"><span class='ocrx_word' id='word_1_669' title='bbox 299 5591 550 5665; x_wconf 74' lang='grc' dir='ltr'>δεύτερος</span> <span class='ocrx_word' id='word_1_670' title='bbox 582 5594 822 5664; x_wconf 77' lang='grc' dir='ltr'>Μωῦσῆς</span> <span class='ocrx_word' id='word_1_671' title='bbox 856 5597 981 5666; x_wconf 87' lang='grc' dir='ltr'>παρ’</span> <span class='ocrx_word' id='word_1_672' title='bbox 1015 5595 1190 5648; x_wconf 74' lang='grc' dir='ltr'>αὐτῶν</span> <span class='ocrx_word' id='word_1_673' title='bbox 1220 5592 1326 5646; x_wconf 90' lang='grc' dir='ltr'><strong>τῶν</strong></span> <span class='ocrx_word' id='word_1_674' title='bbox 1363 5594 1570 5666; x_wconf 80' lang='grc' dir='ltr'>ἐχθρῶν</span> <span class='ocrx_word' id='word_1_675' title='bbox 1599 5595 1696 5666; x_wconf 78' lang='grc' dir='ltr'>τῆς</span> <span class='ocrx_word' id='word_1_676' title='bbox 1728 5595 1860 5663; x_wconf 86' lang='grc' dir='ltr'>ἀλη-</span> 
     </span>
    </p>
   </div>
   <div class='ocr_carea' id='block_1_96' title="bbox 297 5681 1856 5756">
    <p class='ocr_par' dir='ltr' id='par_1_96' title="bbox 297 5681 1856 5756">
     <span class='ocr_line' id='line_1_98' title="bbox 297 5681 1856 5756; baseline 0.003 -22"><span class='ocrx_word' id='word_1_677' title='bbox 297 5681 444 5747; x_wconf 87' lang='grc' dir='ltr'>θείας</span> <span class='ocrx_word' id='word_1_678' title='bbox 495 5685 840 5756; x_wconf 82' lang='grc' dir='ltr'>άνηγόρευτο.</span> <span class='ocrx_word' id='word_1_679' title='bbox 869 5684 1054 5750; x_wconf 75' lang='grc' dir='ltr'>Οὕτως</span> <span class='ocrx_word' id='word_1_680' title='bbox 1104 5685 1250 5755; x_wconf 79' lang='grc' dir='ltr'>αὐτῷ</span> <span class='ocrx_word' id='word_1_681' title='bbox 1299 5688 1356 5739; x_wconf 75' lang='grc' dir='ltr'>ὲν</span> <span class='ocrx_word' id='word_1_682' title='bbox 1405 5687 1565 5738; x_wconf 69' lang='grc' dir='ltr'>παντὶ</span> <span class='ocrx_word' id='word_1_683' title='bbox 1590 5685 1730 5756; x_wconf 87' lang='grc' dir='ltr'>λόγῳ</span> <span class='ocrx_word' id='word_1_684' title='bbox 1763 5686 1856 5738; x_wconf 72' lang='grc' dir='ltr'><strong>καὶ</strong></span> 
     </span>
    </p>
   </div>
   <div class='ocr_carea' id='block_1_97' title="bbox 293 5771 1852 5850">
    <p class='ocr_par' dir='ltr' id='par_1_97' title="bbox 293 5771 1852 5850">
     <span class='ocr_line' id='line_1_99' title="bbox 293 5771 1852 5850; baseline 0.003 -26"><span class='ocrx_word' id='word_1_685' title='bbox 293 5771 437 5844; x_wconf 75' lang='grc' dir='ltr'>ἔργῳ</span> <span class='ocrx_word' id='word_1_686' title='bbox 465 5774 570 5829; x_wconf 85' lang='grc' dir='ltr'><strong>τῶν</strong></span> <span class='ocrx_word' id='word_1_687' title='bbox 600 5775 1020 5847; x_wconf 69' lang='grc' dir='ltr'>ἐπιτελουμένων</span> <span class='ocrx_word' id='word_1_688' title='bbox 1047 5776 1134 5830; x_wconf 79' lang='grc' dir='ltr'><strong>διὰ</strong></span> <span class='ocrx_word' id='word_1_689' title='bbox 1163 5779 1256 5848; x_wconf 82' lang='grc' dir='ltr'>τῆς</span> <span class='ocrx_word' id='word_1_690' title='bbox 1276 5777 1495 5850; x_wconf 83' lang='grc' dir='ltr'>χάριτος</span> <span class='ocrx_word' id='word_1_691' title='bbox 1519 5773 1628 5832; x_wconf 73' lang='grc' dir='ltr'>οἷόν</span> <span class='ocrx_word' id='word_1_692' title='bbox 1656 5795 1708 5832; x_wconf 87' lang='grc' dir='ltr'>τι</span> <span class='ocrx_word' id='word_1_693' title='bbox 1739 5776 1852 5846; x_wconf 89' lang='grc' dir='ltr'><strong>φῶς</strong></span> 
     </span>
    </p>
   </div>
   <div class='ocr_carea' id='block_1_98' title="bbox 1964 5317 3522 5393">
    <p class='ocr_par' dir='ltr' id='par_1_98' title="bbox 1964 5317 3522 5393">
     <span class='ocr_line' id='line_1_100' title="bbox 1964 5317 3522 5393; baseline -0.003 -17"><span class='ocrx_word' id='word_1_694' title='bbox 1964 5322 2185 5377; x_wconf 89' lang='lat' dir='ltr'><strong>Icntiam</strong></span> <span class='ocrx_word' id='word_1_695' title='bbox 2219 5339 2338 5393; x_wconf 85' lang='lat' dir='ltr'><strong>qua</strong></span> <span class='ocrx_word' id='word_1_696' title='bbox 2388 5324 2441 5378; x_wconf 90' lang='lat' dir='ltr'><strong>in</strong></span> <span class='ocrx_word' id='word_1_697' title='bbox 2495 5324 2612 5392; x_wconf 92' lang='lat' dir='ltr'><strong>ipso</strong></span> <span class='ocrx_word' id='word_1_698' title='bbox 2647 5322 2972 5392; x_wconf 88' lang='lat' dir='ltr'><strong>operabatur</strong></span> <span class='ocrx_word' id='word_1_699' title='bbox 2998 5319 3252 5389; x_wconf 89' lang='lat' dir='ltr'><strong>Spiritus,</strong></span> <span class='ocrx_word' id='word_1_700' title='bbox 3294 5319 3346 5372; x_wconf 92' lang='lat' dir='ltr'><strong>in</strong></span> <span class='ocrx_word' id='word_1_701' title='bbox 3372 5317 3522 5372; x_wconf 91' lang='lat' dir='ltr'><strong>omni</strong></span> 
     </span>
    </p>
   </div>
   <div class='ocr_carea' id='block_1_99' title="bbox 1962 5411 3521 5485">
    <p class='ocr_par' dir='ltr' id='par_1_99' title="bbox 1962 5411 3521 5485">
     <span class='ocr_line' id='line_1_101' title="bbox 1962 5411 3521 5485; baseline 0.002 -22"><span class='ocrx_word' id='word_1_702' title='bbox 1962 5412 2180 5476; x_wconf 88' lang='lat' dir='ltr'><strong>virtute,</strong></span> <span class='ocrx_word' id='word_1_703' title='bbox 2213 5414 2384 5484; x_wconf 77' lang='lat' dir='ltr'><strong>signis</strong></span> <span class='ocrx_word' id='word_1_704' title='bbox 2414 5431 2478 5470; x_wconf 90' lang='lat' dir='ltr'><strong>ac</strong></span> <span class='ocrx_word' id='word_1_705' title='bbox 2506 5415 2785 5485; x_wconf 91' lang='lat' dir='ltr'><strong>prodigiis,</strong></span> <span class='ocrx_word' id='word_1_706' title='bbox 2818 5413 2886 5468; x_wconf 91' lang='lat' dir='ltr'><strong>ab</strong></span> <span class='ocrx_word' id='word_1_707' title='bbox 2912 5413 3044 5483; x_wconf 92' lang='lat' dir='ltr'><strong>ipsis</strong></span> <span class='ocrx_word' id='word_1_708' title='bbox 3074 5413 3235 5466; x_wconf 88' lang='lat' dir='ltr'><strong>etiam</strong></span> <span class='ocrx_word' id='word_1_709' title='bbox 3278 5411 3521 5467; x_wconf 83' lang='lat' dir='ltr'><strong>veritatis</strong></span> 
     </span>
    </p>
   </div>
   <div class='ocr_carea' id='block_1_100' title="bbox 1962 5503 3518 5578">
    <p class='ocr_par' dir='ltr' id='par_1_100' title="bbox 1962 5503 3518 5578">
     <span class='ocr_line' id='line_1_102' title="bbox 1962 5503 3518 5578; baseline 0.002 -22"><span class='ocrx_word' id='word_1_710' title='bbox 1962 5503 2210 5558; x_wconf 90' lang='lat' dir='ltr'><strong>hostibus</strong></span> <span class='ocrx_word' id='word_1_711' title='bbox 2242 5506 2379 5561; x_wconf 85' lang='lat' dir='ltr'><strong>alter</strong></span> <span class='ocrx_word' id='word_1_712' title='bbox 2409 5507 2618 5578; x_wconf 81' lang='lat' dir='ltr'><strong>Moyses</strong></span> <span class='ocrx_word' id='word_1_713' title='bbox 2652 5506 2949 5577; x_wconf 85' lang='lat' dir='ltr'><strong>appellatus</strong></span> <span class='ocrx_word' id='word_1_714' title='bbox 2984 5504 3102 5560; x_wconf 90' lang='lat' dir='ltr'><strong>fuit.</strong></span> <span class='ocrx_word' id='word_1_715' title='bbox 3147 5503 3298 5563; x_wconf 84' lang='lat' dir='ltr'><strong>Adeo</strong></span> <span class='ocrx_word' id='word_1_716' title='bbox 3335 5505 3389 5560; x_wconf 87' lang='lat' dir='ltr'><strong>in</strong></span> <span class='ocrx_word' id='word_1_717' title='bbox 3424 5505 3518 5560; x_wconf 83' lang='lat' dir='ltr'><strong>illo</strong></span> 
     </span>
    </p>
   </div>
   <div class='ocr_carea' id='block_1_101' title="bbox 1959 5594 3518 5666">
    <p class='ocr_par' dir='ltr' id='par_1_101' title="bbox 1959 5594 3518 5666">
     <span class='ocr_line' id='line_1_103' title="bbox 1959 5594 3518 5666; baseline 0.001 -20"><span class='ocrx_word' id='word_1_718' title='bbox 1959 5594 2014 5646; x_wconf 90' lang='lat' dir='ltr'><strong>in</strong></span> <span class='ocrx_word' id='word_1_719' title='bbox 2065 5595 2320 5650; x_wconf 87' lang='lat' dir='ltr'><strong>omnibus</strong></span> <span class='ocrx_word' id='word_1_720' title='bbox 2360 5606 2474 5651; x_wconf 91' lang='lat' dir='ltr'><strong>tum</strong></span> <span class='ocrx_word' id='word_1_721' title='bbox 2510 5598 2669 5652; x_wconf 83' lang='lat' dir='ltr'><strong>dictis</strong></span> <span class='ocrx_word' id='word_1_722' title='bbox 2709 5607 2821 5650; x_wconf 92' lang='lat' dir='ltr'><strong>tum</strong></span> <span class='ocrx_word' id='word_1_723' title='bbox 2859 5597 3035 5661; x_wconf 89' lang='lat' dir='ltr'><strong>factis,</strong></span> <span class='ocrx_word' id='word_1_724' title='bbox 3063 5611 3250 5650; x_wconf 90' lang='lat' dir='ltr'><strong>eorum</strong></span> <span class='ocrx_word' id='word_1_725' title='bbox 3277 5611 3399 5666; x_wconf 79' lang='lat' dir='ltr'><strong>qua</strong></span> <span class='ocrx_word' id='word_1_726' title='bbox 3420 5610 3518 5666; x_wconf 87' lang='lat' dir='ltr'><strong>per</strong></span> 
     </span>
    </p>
   </div>
   <div class='ocr_carea' id='block_1_102' title="bbox 1957 5687 3515 5755">
    <p class='ocr_par' dir='ltr' id='par_1_102' title="bbox 1957 5687 3515 5755">
     <span class='ocr_line' id='line_1_104' title="bbox 1957 5687 3515 5755; baseline 0.001 -18"><span class='ocrx_word' id='word_1_727' title='bbox 1957 5689 2182 5754; x_wconf 72' lang='lat' dir='ltr'><strong>gratiam</strong></span> <span class='ocrx_word' id='word_1_728' title='bbox 2210 5688 2624 5755; x_wconf 79' lang='lat' dir='ltr'><strong>peragebantur,</strong></span> <span class='ocrx_word' id='word_1_729' title='bbox 2642 5689 2804 5742; x_wconf 86' lang='lat' dir='ltr'><strong>veluti</strong></span> <span class='ocrx_word' id='word_1_730' title='bbox 2836 5689 3017 5744; x_wconf 87' lang='lat' dir='ltr'><strong>lumen</strong></span> <span class='ocrx_word' id='word_1_731' title='bbox 3066 5687 3296 5754; x_wconf 86' lang='lat' dir='ltr'><strong>refulsit,</strong></span> <span class='ocrx_word' id='word_1_732' title='bbox 3327 5703 3515 5755; x_wconf 86' lang='lat' dir='ltr'><strong>super-</strong></span> 
     </span>
    </p>
   </div>
   <div class='ocr_carea' id='block_1_103' title="bbox 1955 5777 3515 5842">
    <p class='ocr_par' dir='ltr' id='par_1_103' title="bbox 1955 5777 3515 5842">
     <span class='ocr_line' id='line_1_105' title="bbox 1955 5777 3515 5842; baseline -0.001 -11"><span class='ocrx_word' id='word_1_733' title='bbox 1955 5777 2190 5833; x_wconf 77' lang='lat' dir='ltr'><strong>calestis</strong></span> <span class='ocrx_word' id='word_1_734' title='bbox 2227 5779 2441 5834; x_wconf 85' lang='lat' dir='ltr'><strong>virtutis</strong></span> <span class='ocrx_word' id='word_1_735' title='bbox 2469 5780 2746 5839; x_wconf 88' lang='lat' dir='ltr'><strong>indicium.</strong></span> <span class='ocrx_word' id='word_1_736' title='bbox 2782 5796 2901 5842; x_wconf 81' lang='lat' dir='ltr'><strong>qua</strong></span> <span class='ocrx_word' id='word_1_737' title='bbox 2929 5797 2992 5838; x_wconf 82' lang='lat' dir='ltr'><strong>ex</strong></span> <span class='ocrx_word' id='word_1_738' title='bbox 3026 5781 3238 5837; x_wconf 74' lang='grc' dir='ltr'>οςωιιιο</span> <span class='ocrx_word' id='word_1_739' title='bbox 3279 5786 3515 5835; x_wconf 82' lang='lat' dir='ltr'><strong>assecta-</strong></span> 
     </span>
    </p>
   </div>
  </div>
