3934 6198
511 228 616 285 Πδ

1393 225 1450 280 S.
1491 225 1889 281 GREGORIUS
1931 226 2538 288 TIIAUMATURGUS.

3542 264 3619 320 970

510 346 671 401 batur
719 343 890 398 illum.
919 340 1093 412 llujus
1123 348 1178 396 et
1215 341 1271 395 in
1296 339 1617 397 hodiernum
1667 359 1883 414 quoque
1926 344 2067 400 diem

2172 330 2492 446 én-éliip'bat
2505 368 2726 424 μηνυμα
2751 354 2848 446 τῆς
2872 357 3174 430 ἐπουρανίου
3202 358 3460 437 δυνάμεως,
3479 374 3557 446 τῆς
3579 381 3629 432 ὲκ

511 450 707 507 magna
739 445 822 491 est
854 434 996 504 apud
1025 432 1143 503 ejus
1174 434 1408 504 regionis
1450 435 1698 490 homines
1725 436 2013 490 admiratio
2051 455 2062 489 :

510 541 809 595 recensque
835 540 900 580 ac
926 539 1139 594 semper
1164 524 1351 595 vigens
1399 527 1656 581 memoria
1685 527 1765 581 sic
1795 526 1958 581 inﬁxa
1985 536 2071 583 est

512 617 790 681 Ecclesiis,
827 624 886 671 ut
932 617 1081 671 nullo
1112 625 1354 686 tempore
1384 618 1707 673 obsolescat.
1748 617 1933 689 Itaque
1962 634 2069 674 non

513 708 715 764 factum
766 709 1006 779 aliquod,
1035 723 1143 763 non
1194 707 1421 776 dictum,
1456 725 1568 765 non
1617 710 1847 765 formam
1901 711 2065 765 ullam

514 804 818 875 mysticam,
850 802 991 856 ultra
1025 816 1187 871 quam
1224 801 1330 857 illis
1362 800 1596 871 reliquit,
1640 801 1893 858 Ecclesia:
1921 802 2065 872 adje-

510 902 721 949 cerunt.
752 892 1091 963 Quapropter
1120 893 1281 947 etiam
1313 892 1479 947 multa
1524 908 1591 948 ex
1639 894 1724 949 his
1764 908 1886 964 quae
1927 891 2069 962 apud

515 987 636 1041 illos
668 996 901 1056 aguntur
929 985 982 1040 in
1016 985 1212 1040 ritibus
1232 985 1480 1040 videntur
1502 984 1831 1056 imperfecta,
1853 995 2070 1055 propter

515 1076 872 1133 institutionis
910 1076 1309 1146 antiquitatem.
1346 1075 1529 1147 Neque
1555 1078 1700 1132 enim
1732 1077 2071 1133 sustinebant

515 1171 608 1242 qui
644 1170 697 1224 in
728 1168 1092 1225 Ecclesiarum
1121 1169 1645 1224 administrationem
1674 1176 2069 1234 successerant,

513 1263 877 1317 additamenta
907 1276 1029 1332 quae
1076 1269 1199 1331 post
1230 1261 1380 1314 illum
1412 1260 1697 1315 adinventa
1746 1268 1893 1323 sunt.
1930 1259 2071 1313 reci-

511 1370 661 1426 perc.
699 1351 850 1408 Unus
902 1352 1067 1425 igitur
1108 1352 1210 1407 fuit
1252 1352 1660 1423 gloriﬁcationis
1684 1352 1880 1405 modus
1911 1364 2073 1419 quem

513 1448 747 1504 instituit
774 1446 1085 1517 Gregorius,
1116 1452 1169 1499 et
1197 1444 1243 1498 is
1270 1444 1358 1498 cui
1393 1458 1540 1497 nunc
1568 1441 1975 1504 contradicitur,
2005 1454 2073 1494 ex

512 1540 660 1595 illius
691 1537 983 1594 traditione
1014 1535 1069 1589 in
1099 1533 1342 1590 Ecclesia
1368 1532 1712 1588 observatus.

2172 437 2264 491 τοῦ
2290 439 2525 509 ἀφανοῦς
2550 444 2934 517 παρεπομένης
2957 449 3117 515 αὐτῷ.
3140 451 3319 507 Τούτου
3342 457 3460 525 μέγα
3478 437 3631 519 Eriza).

2173 530 2266 583 νῦν
2289 534 2402 626 τοῖς
2420 534 2703 605 ἐγχωρίοις
2726 536 2787 590 τὸ
2809 537 3007 609 θαῦμα,
3028 543 3117 594 καὶ
3145 544 3297 616 νεαρὰ
3312 548 3393 600 καὶ
3415 551 3485 603 ἀεὶ
3505 557 3634 626 πρόσ.

2173 624 2403 694 φατοςή
2442 626 2626 696 μνήμη
2676 630 2795 691 ταῖς
2837 630 3167 701 Ἐκκλησίαις
3211 637 3464 707 ἐνίδρυται,
3501 624 3637 701 etiam

2131 790 2137 797 γ
2174 714 2349 784 χρόνῳ
2378 716 2788 790 ἀμαυρουμένη.
2824 721 3027 776 Οὐκοῦν
3052 724 3109 776 ού
3143 726 3322 797 πρᾶξίν
3346 746 3467 797 τινα,
3493 735 3542 787 οὐ
3566 736 3637 791 λό-

2172 820 2291 872 γον,
2321 806 2379 858 οὐ
2428 807 2594 861 τύπον
2625 811 2747 865 τινὰ
2782 813 3033 881 μυστικὸν
3075 818 3197 886 παρ’
3219 818 3273 870 ὃν
3302 821 3494 886 ἐκείνοις
3514 829 3639 881 κατέ-

2175 893 2319 960 λιπε,
2344 900 2410 968 τῇ
2441 898 2733 972 Ἐκκλησία
2755 903 3111 976 προσέθηκαν.
3132 908 3303 982 Ταύτῃ
3326 928 3396 963 τοι
3415 915 3494 966 καὶ
3513 917 3644 973 πολλὰ

2173 984 2280 1038 τῶν
2319 989 2450 1058 παρ’
2485 990 2665 1054 αὐτοῖς
2697 992 3028 1064 τελουμένων
3072 997 3315 1063 ὲλλειπῶς
3357 1002 3479 1072 ἔχειν
3513 1008 3642 1072 δοκεῖ,

2173 1076 2263 1169 διά
2315 1078 2376 1131 τὸ
2428 1081 2527 1151 τῆς
2574 1084 2952 1150 καταστάσεως
2989 1088 3374 1160 ἀρχαιότροπον.
3406 1095 3544 1148 Οὐδὲν
3563 1100 3646 1169 γὰρ

2168 1168 2456 1240 ἠνέσχοντο
2497 1175 2714 1229 οἱκατὰ
2754 1177 2997 1251 διαδοχὴν
3037 1180 3132 1246 τὰς
3176 1183 3464 1256 Ἐκκλησίας
3489 1168 3644 1243 οἰκονο-

2174 1259 2462 1350 μήσαντες,
2494 1264 2600 1318 τῶν
2656 1269 2772 1336 μετ’
2804 1270 3008 1324 ἐκεῖνον
3052 1272 3423 1344 ἐφευρεθέντων
3462 1280 3646 1350 παραδέ-

2171 1346 2361 1431 ξασθαι
2384 1355 2462 1415 είς
2490 1355 2928 1429 προσθήκην.Ἒν
2960 1360 3133 1414 τοίνυν
3158 1361 3259 1416 τῶν
3284 1346 3561 1436 Γρηγορίου,
3578 1369 3649 1421 καὶ

2169 1441 2197 1493 ὁ
2228 1439 2320 1493 νῦν
2347 1442 2753 1517 ἀντιλεγόμενος
2786 1450 2987 1520 τρόπος
3015 1452 3111 1521 τῆς
3138 1452 3415 1522 δοξολογίας
3443 1459 3580 1521 ἐστὶν,
3603 1462 3651 1514 ἐκ

2168 1530 2268 1601 τῆς
2298 1532 2506 1587 ἐκείνου
2523 1538 2950 1612 παραδόσεωςτῇ
2981 1542 3261 1617 Ἐκκλησία
3291 1546 3648 1619 πφυλαγμένος.

1380 1648 1528 1705 Idem
1567 1648 1722 1719 epist.
1758 1646 1851 1714 28,
1876 1660 2018 1699 num.
2057 1644 2084 1697 1
2123 1655 2171 1699 et
2209 1646 2265 1711 2,
2289 1646 2416 1703 ibid.
2442 1667 2560 1720 pag.
2594 1652 2693 1706 107
2721 1670 2827 1724 seq.

582 1750 767 1821 Neque
803 1763 929 1804 vero
960 1746 1186 1816 attingat
1213 1758 1453 1813 unquam
1485 1740 1828 1813 (Ecclesiam
1857 1738 2067 1793 Neocae-

2241 1740 2393 1810 Μὴτε
2420 1741 2475 1795 δὲ
2507 1742 2701 1812 ἅψαιτό
2731 1764 2878 1812 ποτε,
2906 1742 2952 1800 ὦ
2978 1749 3215 1805 Δέσποτα
3240 1752 3340 1805 τῶν
3362 1753 3593 1818 ἁπάντων,
3611 1758 3652 1821 ὃς

512 1845 811 1902 sariensem
843 1839 1215 1895 haereticorum
1255 1845 1539 1890 ventorum
1569 1830 1777 1903 aestus),
1802 1845 1834 1883 ο
1859 1829 2073 1883 univer-

512 1950 698 1992 surum
755 1930 1016 1995 Domine;
1068 1927 1161 1998 qui
1214 1924 1417 1980 famulo
1448 1934 1542 1979 tuo
1573 1921 1854 1991 Gregorio,
1894 1935 1925 1974 a
1962 1934 2072 1989 quo

510 2025 656 2082 basis
702 2020 957 2077 Ecclesiae
1010 2018 1079 2072 ab
1126 2018 1280 2072 initio
1332 2023 1635 2085 compacta,
1668 2011 2072 2081 tranquillitatis

510 2112 843 2184 longissimae
868 2123 1067 2163 munus
1095 2106 1362 2161 dedisti...
1399 2102 1500 2169 Qui
1531 2120 1562 2156 a
1590 2116 1788 2171 magno
1818 2099 2072 2155 Ecclesiae

510 2215 705 2266 vestra:
749 2202 975 2274 praeside
1022 2198 1280 2269 Gregorio
1329 2210 1504 2265 usque
1550 2194 1616 2249 ad
1667 2194 1810 2249 hunc
1854 2193 2071 2248 beatum

512 2295 903 2371 (Musonium),
934 2293 1162 2348 alterum
1210 2290 1266 2345 in
1312 2289 1534 2344 alterius
1565 2289 1745 2343 locum
1775 2286 2069 2351 sulliciens,

509 2402 830 2459 semperque
859 2384 1144 2459 adaptans,
1172 2381 1319 2437 velut
1348 2395 1414 2436 ex
1448 2380 1681 2450 quadam
1711 2379 2070 2449 pretiosorum

512 2480 751 2551 lapidum
781 2454 1162 2543 commissura,
1182 2474 1380 2528 mirum
1407 2481 1785 2527 ornamentum
1819 2470 2072 2526 Ecclesiae

512 2582 702 2629 vestra:
729 2570 962 2642 largitus
987 2578 1089 2625 est.

2176 1827 2254 1898 τῷ
2288 1828 2364 1899 σῷ
2396 1828 2682 1902 θεράποντι
2712 1833 3016 1907 Γρηγορίῳ,
3048 1837 3124 1908 τῷ
3153 1836 3209 1903 se
3237 1838 3397 1909 ἀρχῆς
3420 1840 3654 1911 πηξαμένῳ

2174 1916 2275 1986 τὴν
2307 1917 2542 1988 κρηπίδα
2562 1919 2664 1989 τῆς
2699 1921 3041 1994 Ἐκκλησίας,
3073 1925 3169 1997 τῆς
3198 1926 3285 1979 ἐπὶ
3314 1930 3540 1999 μήκιστον
3561 1931 3655 1984 ἀτα-

2179 2006 2363 2076 ραξίας
2411 2010 2510 2081 τὴν
2560 2012 2715 2084 χάριν
2769 2014 3191 2082 ἔδωκας.....”ος
3220 2019 3321 2072 ἀπὸ
3359 2020 3442 2073 τοῦ
3473 2020 3655 2091 μεγάλου

2175 2101 2472 2172 προστάτου
2525 2106 2621 2175 τῆς
2659 2105 2978 2177 Ἐκκλησίας
3035 2109 3184 2179 ὑμῶν
3227 2109 3498 2183 Γρηγορίου
3534 2114 3655 2185 μέχρι

2176 2190 2267 2242 τοῦ
2299 2192 2566 2263 μακαρίου
2591 2193 2799 2259 τούτου,
2833 2196 2989 2250 ἄλλον
3016 2199 3102 2250 ἐπ’
3132 2197 3269 2270 ἄλλῳ
3300 2199 3567 2270 προστιθεὶς
3588 2202 3655 2254 καὶ

2180 2285 2526 2356 συναρμόζων
2556 2286 2661 2352 ἀεὶ,
2687 2285 2795 2341 οἷον
2828 2290 2892 2342 ἐκ
2928 2290 3074 2354 τινὸς
3105 2290 3275 2363 ἀρμοῦ
3304 2292 3452 2347 λίθων
3484 2294 3656 2347 πολυτε-

2176 2373 2304 2440 λῶν,
2353 2374 2663 2447 θαυμαστδν
2706 2375 2816 2433 οἷον
2861 2380 3057 2446 κάλλος
3093 2384 3190 2453 τῆς
3222 2383 3512 2455 Ἐκκλησίας
3543 2384 3655 2455 ὑμῶν

2178 2467 2482 2539 ἐχαρίσατο.

1534 2654 1684 2711 Idem
1706 2656 1859 2725 epist.
1902 2655 2007 2711 204
2037 2672 2182 2710 num.
2210 2654 2265 2719 2,
2290 2653 2420 2706 ibid.
2452 2669 2574 2722 pag.
2597 2651 2720 2707 505.

578 2758 820 2813 Alterum
869 2754 977 2810 huc
1021 2752 1248 2818 accedit,
1294 2750 1440 2821 quod
1468 2750 1516 2806 si
1544 2751 1674 2820 quid
1702 2751 1885 2820 magni
1916 2750 2070 2806 atl‘ert

510 2851 580 2907 ad
622 2848 1084 2921 coniunctionem.
1114 2847 1277 2901 etiam
1330 2843 1519 2899 iisdem
1557 2842 1635 2897 uti
1670 2843 1965 2912 magistris,
2006 2842 2070 2896 ii-

510 2944 631 2998 dem
660 2942 819 2996 nobis
858 2939 967 2995 sint
1001 2952 1065 2993 ac
1095 2937 1247 2991 vobis
1273 2934 1520 3005 magistri
1556 2935 1936 3005 mysteriorum
1975 2933 2069 2988 Dei

508 3045 563 3091 et
594 3044 775 3105 patres
823 3030 1149 3102 spirituales,
1176 3027 1268 3097 qui
1316 3026 1470 3080 initio
1501 3024 1798 3080 Ecclesiam
1832 3035 2067 3081 vestram

510 3126 806 3182 fundarunt
843 3141 858 3178 :
886 3122 1201 3190 Gregorium
1239 3119 1362 3174 dico
1389 3133 1660 3173 summum
1692 3116 1839 3171 illum
1867 3119 2063 3186 virum,

507 3226 562 3274 et
585 3222 844 3286 quotquot
876 3221 998 3283 post
1030 3227 1152 3267 eum
1183 3210 1297 3266 sedi
1327 3209 1467 3279 apud
1495 3222 1593 3263 vos
1619 3208 1912 3277 episcopali
1942 3224 2068 3263 suc-

509 3308 781 3373 cedentes,
812 3304 950 3358 alius
1003 3310 1125 3372 post
1172 3301 1338 3355 alium
1386 3298 1550 3353 veluti
1607 3297 1773 3352 stellae
1821 3298 2066 3366 quaedam

507 3396 833 3460 exorientes,
862 3391 1053 3447 iisdem
1082 3389 1323 3460 vestigiis
1352 3388 1694 3452 institerunt;
1725 3385 1860 3441 adeo
1887 3394 1947 3440 ut
1972 3401 2067 3442 ne.

509 3489 644 3544 mini
690 3488 920 3545 obscura
963 3484 1279 3555 reliquerint
1321 3480 1554 3538 caelestis
1602 3480 1837 3535 instituti
1874 3494 2065 3535 monu-

510 3589 711 3637 menta.

2244 2746 2502 2819 Δεύτερον
2530 2746 2606 2813 δὲ,
2637 2748 2717 2800 ὃτι
2743 2746 2865 2800 εἴτι
2898 2747 3047 2817 μέγα
3073 2748 3417 2819 συμϐάλλεται
3442 2750 3554 2820 πρὸς
3571 2766 3659 2803 συν-

2176 2837 2368 2906 άφειαν
2400 2834 2491 2888 καὶ
2526 2835 2587 2887 τὸ
2633 2834 2742 2887 τῶν
2775 2834 2951 2889 αὐτῶν
2982 2840 3271 2908 μετασχεῖν
3297 2837 3601 2900 διδασκάλων,
3623 2839 3659 2891 oi

2173 2928 2326 2981 αὐτοὶ
2357 2928 2483 2997 ὑμῖν
2530 2943 2588 2979 τε
2623 2928 2729 2980 εἰσὶ
2769 2927 2862 2981 καὶ
2894 2930 3025 2999 ἡμῖν
3065 2928 3363 2982 διδάσκαλοί
3391 2946 3443 2982 τε
3468 2928 3554 2983 τῶν
3588 2946 3659 2999 με·

2176 3020 2410 3091 στηρίων
2442 3018 2534 3072 τοῦ
2572 3018 2727 3085 Θεοῦ,
2763 3020 2856 3072 καὶ
2902 3020 3144 3091 πατέρες
3177 3021 3521 3092 πνευματικοὶ,
3548 3017 3586 3074 οί
3619 3020 3659 3087 ἐξ

2170 3112 2343 3183 ἀρχῆς
2368 3110 2466 3181 τὴν
2504 3110 2825 3180 Ἐκκλησίαν
2852 3112 2950 3184 τὴν
2975 3113 3248 3187 ὑμετέραν
3280 3115 3655 3187 θεμελιώσαντες.

2170 3202 2463 3274 Γρηγόριον
2487 3200 2628 3270 λέγω
2647 3201 2737 3254 τὸν
2763 3191 2924 3266 πάνυ,
2952 3205 3048 3257 καὶ⁹
3074 3206 3185 3259 ὅσοι
3213 3206 3395 3277 ἑφεξῆς
3417 3206 3574 3275 ἐκείνῳ
3590 3204 3659 3272 si;

2172 3295 2300 3366 παρ’
2330 3295 2456 3364 ὑμῖν
2484 3294 2785 3364 ἐπισκοπῆς
2812 3294 2902 3347 τὸν
2944 3295 3133 3368 θρόνον
3163 3297 3520 3367 διαδεξάμενοι,
3548 3296 3659 3356 ἄλλος

2172 3388 2259 3441 ἐπ’
2286 3387 2429 3459 ἄλλῳ
2456 3388 2643 3460 ὥσπερ
2671 3388 2812 3451 τινὲς
2844 3390 3075 3461 ἀστέρες
3104 3392 3539 3455 ἑπανατέλλοντες,
3557 3386 3658 3443 uti

2170 3479 2276 3533 τῶν
2319 3479 2494 3534 αὐτῶν
2530 3480 2689 3551 ίχνῶν
2721 3480 3015 3551 ἐπέϐησαν,
3056 3482 3198 3537 ὥστε
3230 3484 3508 3552 διάγνωστα
3541 3496 3660 3534 κατα-

2169 3572 2345 3625 λιπεῖν
2396 3572 2492 3642 τῆς
2546 3572 2664 3625 κατ’
2698 3573 2919 3642 οὐρανὸν
2972 3574 3247 3638 πολιτείας
3292 3576 3357 3631 τά
3386 3576 3556 3646 σημεῖα
3581 3572 3659 3632 toi;

2171 3663 2535 3735 βουλομένοις.

1393 3759 1544 3813 Idem
1564 3758 1717 3828 epist.
1746 3756 1871 3823 207,
1908 3774 2052 3812 num.
2085 3727 2140 3826 λ,
2167 3727 2293 3814 ibid.
2320 3727 2442 3830 pag.
2479 3727 2576 3814 3H
2604 3768 2652 3813 et
2673 3776 2806 3832 seqq.

578 3877 684 3934 Sed
718 3877 854 3941 haec,
882 3874 1076 3944 inquit,
1104 3888 1212 3928 non
1247 3879 1403 3959 erant
1439 3879 1683 3942 tempore
1723 3869 1906 3941 magni
1932 3869 2065 3925 Gre-

509 3970 715 4043 gorii...
745 3968 870 4024 Haec
901 3977 1081 4022 autem
1107 3982 1214 4021 non
1244 3964 1413 4020 fuisse
1452 3965 1554 4019 sub
1588 3963 1903 4018 admirando
1929 3961 2064 4016 Grc-

509 4042 681 4133 gorio,
708 4073 973 4129 quosnam
1002 4056 1210 4111 habetis
1240 4054 1448 4110 testes?
1472 4053 1565 4124 qui
1596 4052 1811 4123 quidem
1838 4042 1972 4105 nihil
1998 4066 2068 4105 ex

510 4148 658 4203 illius
711 4146 971 4202 institutis
1023 4144 1284 4198 hactenus
1331 4140 1761 4199 conscrvastis...
1805 4138 2067 4193 Tantum-

509 4239 673 4294 modo
719 4253 851 4294 sana
898 4237 1008 4292 sint
1057 4252 1178 4305 quae
1230 4244 1358 4290 sunt
1406 4233 1696 4303 prmcipua,
1722 4241 1775 4286 et
1802 4230 2067 4285 novitates

508 4332 653 4387 circa
679 4330 837 4386 tidem
866 4328 1259 4399 compescite...
1285 4325 1524 4396 Gregorii
1546 4324 1707 4380 verba
1738 4338 1805 4378 ne
1823 4321 1958 4377 falso
1984 4322 2067 4376 in-

508 4420 898 4493 terpretemini.

2251 3868 2386 3923 Ἀλλ’
2420 3869 2520 3923 οὐκ
2546 3864 2632 3941 ἦν,
2669 3869 2822 3940 φησὶ,
2856 3867 3026 3923 ταῦτα
3060 3871 3157 3924 ἐπὶ
3189 3870 3283 3926 τοῦ
3327 3869 3535 3943 μεγάλου
3556 3869 3659 3939 Γρη-

2169 3962 2372 4034 γορίου.
2400 4003 2413 4016 .
2440 4005 2453 4015 .
2479 3964 2598 4017 Ὀτι
2622 3963 2677 4016 δὲ
2706 3964 2805 4016 οὐκ
2850 3961 2918 4035 ἦν
2961 3965 3139 4020 ταῦτα
3168 3967 3263 4020 ἐπὶ
3298 3967 3386 4021 τοῦ
3419 3960 3661 4035 θαυμαστοῦ

2172 4055 2465 4126 Γρηγορίου
2511 4056 2660 4118 τίνας
2710 4055 2858 4126 ἔχετε
2906 4057 3225 4130 μάρτυρας;
3260 4060 3314 4113 οἴ
3342 4076 3400 4128 γε
3427 4059 3555 4112 οὐδὲν
3588 4053 3662 4107 τῶν

2172 4145 2377 4199 ἐκείνου
2419 4146 2575 4217 μέχρι
2606 4146 2701 4199 νῦν
2739 4146 3134 4202 διεσώσασθε...
3166 4152 3340 4204 Μόνον
3383 4147 3599 4222 emacem
3616 4144 3662 4197 τὰ

2172 4236 2570 4308 προηγούμενα,
2604 4238 2695 4291 καὶ
2738 4238 2835 4302 τὰς
2878 4240 3002 4310 περὶ
3047 4245 3148 4312 τὴν
3176 4243 3357 4296 πίστιν
3386 4226 3662 4308 πέαινοτομίας

2171 4330 2633 4401 κατασιγήσατε...
2674 4329 2785 4394 Τὰς
2815 4329 2907 4383 τοῦ
2942 4332 3240 4404 Γρηγορίου
3273 4332 3444 4403 φωνὰς
3472 4331 3536 4403 μὴ
3561 4342 3662 4396 παρ-

2098 4399 2141 4453 Ῐ)
2169 4399 2464 4490 εξηγεῖσθε.

1378 4508 1529 4563 Idem
1560 4508 1711 4579 epist.
1742 4507 1848 4561 2l0
1877 4523 2018 4560 num.
2048 4508 2103 4576 5,
2137 4510 2191 4576 5,
2221 4512 2347 4566 ibid.
2384 4530 2505 4584 pag.
2532 4514 2636 4568 5M
2657 4556 2672 4581 ,
2695 4514 2819 4571 516.

576 4605 727 4662 Fidei
760 4605 967 4660 eversio
993 4601 1137 4673 apud
1162 4616 1260 4657 vos
1284 4601 1645 4671 excogitatur,
1683 4598 1902 4653 inimica
1935 4613 2065 4668 apo-

508 4699 716 4756 stolicis
760 4705 815 4753 et
862 4693 1187 4766 evangelicis
1213 4693 1498 4754 doctrinis,
1531 4690 1753 4745 inimica
1789 4687 2064 4744 traditioni

508 4790 756 4862 Gregorii
788 4802 915 4843 vere
946 4785 1195 4857 magni...
1226 4782 1363 4838 Nam
1402 4782 1624 4838 Sabellii
1668 4782 1891 4848 malum,
1934 4780 2063 4835 olim

507 4884 726 4955 quidem
758 4887 1028 4943 exortum,
1056 4876 1151 4931 sed
1206 4874 1493 4929 traditione
1538 4873 1722 4943 magni
1774 4873 1917 4928 illius
1962 4872 2067 4925 viri

505 4975 853 5036 exstinctum,
892 4977 1161 5026 conantur
1204 4980 1350 5020 nunc
1396 4964 1486 5019 isti
1515 4979 1844 5020 renovare...
1874 4963 2062 5018 humi-

507 5083 627 5124 sere
651 5067 813 5123 etiam
854 5078 947 5134 per
971 5059 1255 5131 epistolam
1291 5065 1623 5112 tentamenta
1655 5058 1897 5127 quaedam
1929 5072 2064 5111 una-

505 5161 641 5216 nimi
690 5171 877 5213 nostro
922 5154 1178 5209 Anthimo
1226 5151 1534 5223 Tyanorum
1586 5153 1857 5220 episcopo,
1904 5149 2062 5220 quasi

504 5250 799 5322 Gregorius
846 5249 902 5301 in
956 5244 1108 5299 Fidei
1154 5244 1475 5314 expositione
1520 5243 1737 5309 dixerit,
1764 5240 1976 5296 Patrem
2007 5249 2061 5294 et

505 5341 700 5396 Filium
725 5340 922 5396 mentis
945 5338 1163 5408 quidem
1192 5337 1515 5409 cogitatione
1542 5337 1650 5391 duo
1671 5349 1810 5401 esse,
1840 5335 1935 5389 sed
1960 5333 2060 5405 hy—

2238 4604 2479 4668 Πίστεως
2530 4604 2821 4678 διαστροφὴ
2875 4608 3000 4678 παρ’
3033 4607 3158 4678 ὑμῖν
3208 4608 3502 4679 μελετᾶται,
3540 4599 3666 4674 ἐχθρὰ

2171 4693 2269 4764 μὲν
2322 4697 2431 4759 τοῖς
2476 4697 2846 4762 ἀποστολικοῖς
2894 4700 2988 4752 καὶ
3031 4699 3399 4768 εύαγγελικοῖς
3440 4698 3660 4766 δόγμασιν,

2166 4782 2335 4854 ἐχθρά
2364 4784 2421 4837 δὲ
2446 4787 2510 4856 τῇ
2540 4788 2830 4859 παραδόσει
2853 4787 2947 4841 τοῦ
2982 4789 3217 4859 μεγάλου
3243 4791 3320 4853 ὡς
3344 4788 3538 4859 ἀληθῶς
3562 4785 3664 4854 Γρη·

2164 4874 2366 4945 γορίου.
2397 4915 2411 4929 .
2444 4917 2458 4929 .
2496 4877 2568 4930 Τὸ
2610 4878 2717 4949 γὰρ
2747 4877 2839 4931 τοῦ
2871 4878 3150 4932 Σαδελλίου
3195 4881 3381 4937 κακὸν.
3414 4879 3558 4932 πάλαι
3595 4874 3661 4944 μὲι

2167 4965 2402 5036 κινηθὲν,
2438 4970 2803 5024 κατασϐεσθὲν
2831 4971 2887 5024 δὲ
2919 4977 2983 5045 τῇ
3020 4972 3310 5045 παραδόσει
3340 4973 3430 5025 τοῦ
3463 4967 3662 5042 μεγάλαν,

2168 5059 2498 5129 ἐπιχειροῦσι
2527 5059 2621 5112 νῦν
2647 5062 2996 5131 ἀνανεοῦσθαι
3027 5062 3188 5119 οὗτοι.
3222 5105 3236 5118 .
3268 5104 3282 5117 .
3331 5062 3565 5134 Καθῆκαν
3585 5052 3662 5125 (63)

2165 5149 2223 5203 δέ
2254 5168 2372 5204 τινα
2407 5154 2598 5223 πεῖραν
2640 5151 2704 5205 δι’
2739 5156 3044 5228 ἐπιστολῆς,
3078 5157 3169 5210 καὶ
3205 5157 3340 5226 πρὸς
3384 5155 3468 5208 τὸν
3510 5147 3665 5221 ὁμάᾷυ-

2165 5259 2257 5312 χον
2282 5242 2435 5314 ἡμῶν
2471 5244 2726 5316 Ἀνθιμον
2754 5246 2841 5300 τὸν
2874 5248 3094 5301 Τυάνων
3129 5248 3422 5300 ἐπίσκοπον
3441 5261 3454 5275 ·
3491 5241 3555 5305 ὡς
3586 5240 3665 5307 ἄρα

2165 5336 2462 5408 Γρηγορίου
2478 5338 2717 5402 εἰπόντος
2742 5340 2798 5391 ὲν
2815 5339 3073 5393 Ἑκθέσει
3090 5340 3365 5405 πίστεως,
3380 5335 3571 5407 Πατέρα
3596 5325 3666 5382 καὶ

503 5433 707 5503 postasi
736 5447 927 5488 unum.
961 5429 1076 5487 ﬂoc
1116 5438 1293 5485 autem
1342 5445 1449 5485 non
1494 5427 1724 5484 docendi
1752 5442 1939 5494 causa,
1971 5425 2066 5481 sed

2169 5427 2286 5481 l‘ibv
2341 5429 2553 5499 ἐπινοίᾳ
2610 5429 2707 5501 μὲν
2758 5425 2897 5484 εἶναι
2947 5429 3056 5498 δύο,
3094 5430 3386 5485 ὑποστάσει
3415 5418 3662 5491 bet-HW-

576 5564 687 5636 (63)
724 5563 1025 5636 Καθῆκαν,
1061 5582 1115 5619 κ.
1139 5582 1189 5618 τ.
1210 5564 1260 5617 λ.
1302 5563 1507 5636 Ηοευιιι
1532 5562 1822 5636 verborum
1854 5561 2060 5636 versio-

505 5631 627 5692 nem
658 5649 830 5705 usque
859 5631 924 5689 ad
956 5635 1115 5690 tinem
1139 5636 1358 5691 exhibet
1383 5633 1676 5690 Facundus
1705 5631 2053 5688 Hermianeu—

874 5727 897 5771 I

2164 5562 2258 5704 ξὲῗι
2269 5563 2365 5619 lib.
2396 5580 2452 5632 ι,
2485 5579 2537 5620 c.
2565 5563 2619 5632 6,
2650 5561 2787 5635 Opp.
2822 5563 3093 5623 Sirmond.
3122 5576 3253 5623 tom.
3284 5563 3350 5629 ll,
3380 5577 3492 5635 pag.
3524 5553 3607 5611 740
3626 5560 3667 5608 et
