3934 6198
229 349 346 403 977

1376 346 1797 402 TESTIMO‘NIA
1842 347 2198 405 VETERUM.

3391 346 3494 403 978

225 464 397 517 τοῦτο
427 462 484 516 δὲ
514 465 596 517 δτι
640 464 702 517 οὐ
744 463 1086 534 δογματικῶς
1128 466 1361 537 εἴρηται,
1392 465 1506 518 ἀλλ’
1530 467 1811 535 ἀγωνιστι-

1921 466 2234 520 decertandi
2263 467 2314 519 in
2346 465 2565 536 Dialogo
2599 459 2717 519 cunt
2750 465 2972 520 diliano
2998 466 3202 521 dictum
3237 479 3380 527 esse,
3414 466 3492 518 in-

229 558 352 619 κῶς
395 559 452 609 ὲν
478 558 544 628 τῇ
577 557 728 624 πρὸς
766 557 1054 612 Αἰλίανὸν
1096 557 1377 622 διαλέξει,
1407 559 1505 612 οὑκ
1549 559 1816 630 ἠδυνήθη-

231 665 338 701 σαί
376 648 622 715 συνιδεῖν,
651 650 698 702 οἰ
743 649 835 701 ἐπὶ
882 649 1166 722 λεπτότητι
1209 651 1316 703 τῶν
1348 652 1558 723 φρενῶν
1591 653 1813 716 ἑαυτοὺς

233 741 651 812 μακαρίζοντες.
671 743 758 796 Ἐν
864 743 1034 797 πολλὰ
1062 743 1168 796 τῶν
1194 744 1669 815 ἀπογραψαμένων
1699 746 1814 797 ἐστὶ

232 833 550 904 σφάλματα,
582 834 656 897 ὡς
690 837 776 888 ἐπ’
800 835 978 889 αὐτῶν
1006 835 1112 888 τῶν
1140 836 1334 901 λέξεων
1357 836 1599 908 δείξομεν
1630 839 1811 908 ἡμεῖς,

229 924 332 976 ἐὰν
365 925 394 976 ὁ
424 924 557 989 Θεὸς
579 926 801 996 θέλῃ.Ἐ
813 944 968 980 πειτα
999 929 1100 997 μέν
1123 944 1204 980 τοι
1221 928 1311 980 τὸν
1336 927 1570 998 Ἕλληνα
1593 928 1812 993 πείθων,

229 1017 334 1087 οὐχ
361 1020 547 1088 ἡγεῖτο
574 1020 766 1090 χρῆναι
799 1020 1270 1094 ἀκριϐολογεῖσθαι
1309 1022 1434 1090 περὶ
1459 1021 1526 1074 τὰ
1563 1024 1808 1094 ῥήματα·

228 1110 349 1162 ἀλλ’
373 1109 518 1164 ἔστιν
539 1111 645 1182 ὅπη
667 1113 760 1166 καὶ
788 1112 1092 1165 συνδιδόντα
1115 1113 1189 1183 τῷ
1208 1113 1316 1167 ἕθει
1341 1115 1434 1167 τοῦ
1462 1114 1809 1184 ὲναγομένου,

224 1200 308 1264 ὡς
341 1201 408 1254 ἂν
445 1203 518 1272 μὴ
548 1205 830 1257 ἁντιτείνοι
863 1204 998 1276 πρὸς
1021 1205 1090 1258 τὰ
1121 1206 1330 1277 καίρια.
1361 1207 1450 1259 Διὸ
1477 1207 1539 1278 δὴ
1565 1209 1658 1260 καὶ
1692 1206 1814 1260 πολ-

227 1291 333 1354 λὰς
365 1292 430 1346 ἂν
457 1293 636 1366 εὕροις
665 1296 781 1348 ἐκεῖ
804 1296 1006 1364 φωνὰς,
1029 1296 1128 1360 τὰς
1155 1296 1250 1350 νῦν
1276 1301 1384 1361 τοῖς
1410 1301 1699 1370 αἰρετικοίς
1723 1315 1816 1369 με-

225 1385 430 1454 γίστην
486 1387 635 1456 ἰσχὺν
683 1389 1098 1458 παρεχομέναςο
1133 1388 1206 1452 ῶς
1256 1389 1316 1441 τὸ
1362 1375 1600 1458 κτίσμά,
1630 1392 1721 1444 καὶ
1753 1391 1812 1444 τὸ

229 1478 481 1546 ποίημα,
516 1478 609 1530 καὶ
643 1479 694 1531 ετ
721 1497 771 1532 τι
803 1479 1057 1532 τοιοῦτον.
1096 1481 1270 1533 Πολλὰ
1314 1481 1369 1534 δὲ
1418 1482 1511 1535 καὶ
1556 1470 1812 1554 περὶτῆς

229 1569 372 1640 πρὸς
394 1571 483 1623 τὸν
504 1571 786 1646 ἄνθρωπον
818 1573 1110 1642 συναφείας
1137 1574 1422 1645 εἰρημένα,
1457 1577 1536 1640 εἰς
1564 1577 1654 1629 τὸν
1681 1577 1810 1647 περί

227 1659 336 1728 τῆς
381 1660 633 1733 θεότητος
665 1665 997 1737 ἀναφέρουσι
1040 1666 1218 1734 λόγον,
1253 1669 1301 1720 οἱ
1335 1667 1672 1732 ἀπαιδεύτως
1704 1668 1811 1723 τῶν

227 1753 634 1824 γεγραμμένων
666 1755 956 1819 ἀκούοντες
977 1773 990 1786 ·
1043 1758 1223 1811 ὁποῖόν
1264 1761 1379 1812 ἐστι
1421 1760 1515 1812 καὶ
1544 1759 1718 1823 τοῦτο,
1750 1759 1811 1812 τὸ

232 1844 388 1916 παρὰ
422 1845 627 1900 τούτων
663 1850 1110 1920 περιφερόμενον.

1919 558 2160 628 lelligere
2189 574 2293 613 non
2324 569 2619 628 potuerunt
2645 559 2739 627 qui
2765 559 2868 613 sibi
2903 560 3004 628 ipsi
3036 559 3107 613 ob
3137 557 3336 628 ingenii
3371 557 3492 612 sub-

1917 649 2166 704 tilitatem
2210 649 2350 704 beati
2379 650 2649 705 videntur.
2687 648 2803 715 Qua
2839 650 2892 703 in
2915 648 3279 718 diSputatione
3320 647 3491 701 multa

1917 751 2047 798 sunt
2081 741 2430 796 librariorum
2460 752 2665 809 errata,
2699 754 2758 798 ut
2785 757 2851 796 ex
2878 741 3011 812 ipsis
3037 740 3217 795 verbis
3239 740 3490 794 ostendev

1916 851 2041 890 mus
2063 875 2077 900 ,
2113 835 2157 889 si
2183 834 2325 890 Deus
2361 835 2523 889 volet.
2556 833 2760 889 Deinde
2791 848 2920 888 vero
2951 833 3203 903 gentilem
3235 831 3491 887 erudiens

1917 942 2022 981 non
2041 925 2384 981 existimabat
2403 927 2711 983 accuratius
2739 926 3124 996 disputandum
3145 941 3265 981 esse
3284 927 3350 981 de
3372 941 3488 980 ver-

1915 1018 1998 1073 his
2031 1037 2042 1072 :
2082 1019 2176 1073 sed
2206 1033 2313 1077 non
2355 1019 2490 1073 nihil
2534 1019 2698 1073 etiam
2745 1018 2914 1074 indoli
2947 1018 3091 1073 illius
3123 1018 3215 1088 qui
3246 1017 3489 1072 introdu-

1914 1109 2155 1173 cebatnr,
2212 1110 2639 1174 concedendum,
2700 1119 2760 1164 ut
2809 1125 2874 1164 ne
2938 1109 3005 1165 iis
3053 1125 3173 1180 quze
3218 1110 3486 1179 praecipua

1914 1211 2060 1268 sunt,
2117 1213 2460 1274 repugnaret.
2497 1202 2838 1273 Quapropter
2879 1214 2931 1259 et
2966 1204 3164 1258 multas
3198 1202 3306 1257 illic
3345 1202 3489 1258 inve-

1913 1295 2034 1349 nias
2084 1309 2264 1359 voces,
2316 1309 2436 1364 qua:
2482 1310 2628 1350 nunc
2677 1297 2846 1351 robur
2874 1296 3172 1350 maximum
3217 1295 3486 1350 haereticis

1913 1387 2170 1457 praabent,
2197 1386 2385 1456 quales
2407 1397 2534 1441 sunt
2561 1399 2805 1442 creatura
2837 1396 2892 1441 et
2930 1388 3162 1456 factura.
3191 1395 3245 1441 et
3280 1386 3326 1440 si
3357 1386 3486 1456 quid

1913 1475 2209 1545 ejusmodi.
2246 1476 2413 1531 Multa
2437 1487 2618 1532 autem
2649 1488 2704 1533 et
2732 1478 2799 1533 de
2837 1479 3223 1546 conjunctione
3249 1494 3371 1534 cum
3395 1480 3490 1533 ho-

1915 1568 2062 1623 mine
2086 1569 2229 1624 dicta
2261 1571 2327 1623 ad
2355 1570 2657 1625 divinitatis
2686 1570 2954 1625 rationem
2981 1569 3243 1636 referunt,
3275 1570 3364 1640 qui
3397 1570 3484 1624 in-

1912 1661 2047 1716 scite
2077 1662 2276 1731 scripta
2305 1663 2396 1718 illa
2429 1664 2769 1733 intelligunt;
2795 1664 2955 1733 quale
2977 1671 3059 1718 est
3085 1671 3140 1717 et
3159 1661 3261 1718 hoc
3284 1663 3482 1733 ipsum,

1913 1757 2058 1824 quod
2091 1755 2160 1808 ab
2195 1756 2326 1826 ipsis
2354 1757 2691 1811 deeantatur.

763 1962 850 2016 lll.
887 1963 945 2019 S.
990 1964 1370 2036 Hieronymus,
1399 1966 1489 2020 lib.
1525 1967 1598 2022 De
1633 1964 1978 2020 ririsillustr.
2003 1979 2119 2032 cap.
2175 1961 2263 2025 65,
2300 1979 2417 2016 cum
2447 1973 2611 2017 vetere
2639 1965 2938 2031 interprete.

298 2052 611 2125 Θεόδωρος,
645 2055 704 2118 δς
735 2055 958 2129 ὕστερον
993 2059 1195 2132 ἐκλήθη
1229 2060 1548 2132 Γρηγόριος,
1589 2059 1811 2113 Νεοκαι-

1990 2055 2307 2112 Theodorus
2329 2097 2342 2119 ,
2383 2056 2475 2126 qui
2501 2065 2686 2125 postea
2727 2055 3022 2126 Gregorius
3058 2055 3355 2126 appellatus
3381 2063 3482 2122 est,

232 2147 462 2216 ϐαρείας
499 2149 825 2216 ἐπίσκοπος,
869 2151 987 2214 νέος
1017 2153 1233 2224 κομιδῆ,
1282 2153 1368 2206 διὰ
1398 2153 1496 2225 τὴν
1535 2154 1812 2208 παίδευσιν

259 2240 571 2310 Ελληνικῶν
600 2259 658 2294 τε
694 2245 787 2296 καὶ
829 2244 1149 2314 Ῥωμαϊκῶν
1187 2247 1544 2317 γραμμάτων,
1579 2245 1686 2299 ἀπὸ
1715 2246 1814 2316 τῆς

233 2332 629 2397 Καππαδοκίας
663 2335 741 2398 εἰς
775 2336 1014 2406 Βηρυτὸν
1034 2378 1049 2403 ,
1083 2338 1334 2392 κάκεῖθεν
1365 2340 1445 2402 είς
1477 2338 1813 2411 Καισάρειαν

229 2423 329 2492 τῆς
351 2421 713 2494 Παλαιστίνης
734 2425 905 2496 διέὸη,
938 2426 967 2479 ἃ
977 2444 1051 2497 μα
1091 2426 1437 2500 Ἀθηνοδώρῳ
1462 2427 1694 2499 ιίιδελφῷ⁸
1719 2421 1815 2481 ῶν-

229 2531 393 2569 τινων
412 2515 511 2585 τὴν
532 2516 806 2588 ἐξαίρετον
833 2519 1062 2586 εὐφυΐαν
1084 2519 1340 2589 ἑωρακὼς
1378 2519 1674 2592 Ὠριγένης,
1701 2519 1814 2572 τού-

222 2622 356 2667 τους
413 2608 493 2670 εἰς
539 2606 852 2675 φιλοσοφίαν
906 2609 1295 2679 προετρέψατο,
1338 2609 1430 2662 καὶ
1471 2609 1612 2663 κατὰ
1651 2609 1813 2681 μέρος

223 2698 308 2759 είς
340 2698 442 2767 τὴν
469 2697 562 2750 τοῦ
593 2697 830 2770 Χριστοῦ
864 2699 1045 2752 πίστιν
1073 2700 1340 2768 εἰσάγων,
1381 2700 1624 2771 ζηλωτὰς
1653 2699 1812 2764 ἰδίους

223 2786 589 2858 καθέστηκεν.
641 2791 766 2843 Ἐπὶ
809 2791 968 2844 πέντε
995 2794 1172 2845 τοίνυν
1209 2794 1334 2864 παρ’
1385 2792 1548 2845 αὑτοῦ
1589 2793 1811 2846 παιδευ-

224 2877 420 2944 θέντες
456 2881 571 2952 ἔτη,
601 2882 738 2953 πρὸς
767 2882 862 2954 τὴν
899 2885 1108 2954 μητέρα
1140 2885 1577 2955 ἁποπέμπονται,
1611 2886 1703 2956 ἀφ’
1723 2880 1810 2940 ,ὧν

224 2970 556 3044 ὁΘεόδωρος
601 2973 920 3046 ἀποδημῶν,
983 2976 1388 3044 πανηγυρικὸν
1429 2977 1811 3046 εὐχαριστίας

225 3063 308 3134 τῷ
363 3065 621 3135 Ὦριγένει
660 3065 899 3138 ἔγραψεη
949 3068 1040 3120 καὶ
1085 3067 1554 3139 συγκαλεσάμενος
1603 3069 1810 3131 πάντας

225 3156 361 3218 τοὺς
398 3157 742 3228 ἐπιχωρίους,
778 3157 942 3212 αὑτοῦ
974 3176 1032 3212 τε
1062 3159 1154 3211 τοῦ
1193 3161 1493 3230 Ὠριγένους
1523 3161 1807 3230 παρόντος,

228 3247 423 3301 τοῦτον
458 3250 664 3318 ἀνέγνω
694 3250 785 3303 τὸν
817 3251 993 3321 λόγον.
1043 3253 1190 3314 ὅστις
1227 3253 1354 3324 ἄχρι
1400 3253 1493 3305 τοῦ
1546 3254 1809 3325 παρόντος

229 3340 488 3412 ὑπάρχει.
518 3343 758 3414 Ἔγραψε
785 3345 839 3397 δὲ
863 3347 954 3398 καὶ
982 3347 1314 3414 Ἕκφρασιν
1341 3348 1426 3410 εἰς
1463 3347 1811 3415 Ἐκκλησια-

229 3432 414 3499 στὴν,
454 3433 727 3504 ὲλαχιστὸν
770 3437 887 3506 μὲν,
915 3436 1052 3490 πάνυ
1083 3436 1138 3488 δὲ
1165 3435 1474 3506 θαυμαστὸν
1507 3436 1681 3506 λόγον,
1717 3441 1810 3493 καὶ

233 3521 399 3586 53th;
421 3524 614 3588 πολλὰς
645 3525 952 3589 ἐπιστολὰς,
987 3527 1220 3598 ποιήσας
1247 3528 1448 3598 σημεῖά
1470 3545 1529 3581 τε
1559 3529 1653 3581 καὶ
1682 3528 1812 3582 θαύ-

237 3631 406 3683 ματα,
433 3615 591 3684 ἡνίκα
621 3615 912 3680 ἐπίσκοπος
945 3617 1258 3688 ἐτύγχανεν.

1919 2146 2280 2204 Νροοωεθνθω
2307 2147 2462 2203 Ponti
2494 2149 2803 2218 episcopus,
2829 2147 3119 2202 admodum
3146 2148 3481 2212 adolescens,

1919 2241 1990 2294 ob
2019 2241 2196 2296 studia
2245 2239 2555 2295 Graecarum
2607 2249 2660 2294 et
2711 2239 3026 2294 Latinarum
3066 2240 3386 2303 litterarum,
3419 2240 3486 2294 de

1919 2330 2258 2402 Cappadocia
2297 2330 2578 2401 Berytum,
2613 2339 2666 2384 et
2701 2331 2826 2385 inde
2860 2329 3160 2385 Caesaream
3188 2330 3485 2385 Palaestinae

1921 2423 2152 2488 transiit,
2193 2421 2384 2492 juncto
2431 2422 2535 2476 sibi
2592 2420 2758 2475 fratre
2806 2420 3158 2474 Athenodoro
3195 2439 3210 2475 :
3250 2435 3482 2490 quorum

1920 2529 2044 2567 eum
2094 2514 2364 2584 egregiam
2409 2513 2644 2568 indolem
2687 2514 2911 2568 vidisset
2957 2509 3254 2582 Origenes,
3292 2527 3386 2567 eos
3416 2513 3483 2567 ad

1919 2607 2316 2676 philosophiam
2351 2607 2666 2662 cohortatus
2691 2617 2792 2668 est,
2824 2607 2876 2659 in
2899 2621 3006 2675 qua
3039 2606 3297 2675 paulatim
3325 2603 3485 2659 Chri-

1919 2699 1989 2754 sti
2051 2698 2209 2753 tidem
2263 2698 2716 2754 subintroducens
2750 2709 2785 2760 ,'
2815 2697 2897 2751 sui
2926 2711 3143 2766 quoque
3190 2704 3483 2752 sectatores

1916 2789 2172 2845 reddidit.
2199 2788 2590 2859 Quinquennio
2621 2789 2802 2858 itaque
2834 2788 3034 2843 eruditi
3069 2789 3138 2842 ab
3169 2803 3254 2852 eo,
3296 2790 3483 2844 remit-

1917 2890 2103 2937 tuntur
2124 2883 2189 2937 ad
2208 2892 2432 2937 matrem
2454 2901 2468 2950 ;
2494 2897 2524 2937 e
2551 2881 2749 2952 quibus
2766 2879 3086 2936 Theodorus
3109 2879 3479 2950 proﬁciscens.

1919 2974 2330 3046 Πανηγυρικὸν
2383 2973 2762 3043 εὐχαριστίας
2826 2973 3043 3042 scripsit
3107 2971 3362 3042 Origeni;
3430 2981 3485 3026 et

1916 3075 2211 3118 convocata
2260 3064 2449 3134 grandi
2493 3063 2818 3134 frequentia,
2872 3065 2990 3133 ipso
3015 3078 3231 3134 quoque
3256 3060 3484 3132 Origene

1916 3167 2184 3225 prasente
2209 3156 2476 3222 recitavit,
2514 3157 2608 3226 qui
2640 3174 2812 3227 usque
2839 3157 2996 3212 hodie
3021 3165 3219 3212 exstat.
3254 3153 3483 3225 Scripsit

1915 3258 1968 3303 et
2001 3248 2388 3318 Μετάφρασιν
2434 3251 2488 3303 in
2549 3250 2922 3314 Ecclesiasten,
2972 3250 3188 3303 brevem
3239 3247 3481 3318 quidem.

1916 3344 2008 3396 sed
2043 3343 2198 3397 valde
2229 3343 2433 3397 utilem.
2486 3342 2551 3397 Et
2593 3345 2710 3398 alia:
2739 3344 2902 3413 hujus
2927 3343 3089 3412 vulgo
3110 3341 3355 3396 feruntur
3377 3341 3485 3406 epi-

1915 3435 2098 3502 stolae;
2151 3437 2244 3491 sed
2298 3439 2568 3506 praecipue
2617 3439 2770 3507 signa
2826 3446 2989 3506 atque
3036 3435 3328 3500 miracula,
3363 3449 3484 3504 qua:

1910 3526 2025 3597 jam
2068 3529 2356 3598 episcopus
2397 3544 2520 3584 cum
2565 3531 2858 3584 multarum
2910 3527 3274 3584 Ecclesiarum
3311 3525 3482 3598 gloria

1838 3614 1879 3670 C
1913 3622 2260 3689 perpetravit.

700 3728 850 3783 Idem
886 3729 1192 3788 Comment.
1227 3732 1282 3786 in
1316 3731 1702 3800 Ecclesiasten,
1731 3751 1850 3805 cap.
1879 3734 1932 3798 4,
1969 3738 2100 3804 Opp.
2131 3745 2258 3790 tom.
2283 3739 2326 3803 1,
2357 3753 2478 3807 pag.
2506 3738 2630 3801 424,
2656 3738 2784 3792 edit.
2833 3735 3020 3790 Veron.

312 3817 410 3874 Vir
441 3831 682 3885 sanctus,
715 3822 1012 3893 Gregorius
1036 3823 1197 3879 Ponti
1223 3826 1530 3895 episcopus,
1565 3825 1812 3898 Origenis

236 3912 455 3967 auditor-
510 3915 562 3968 in
609 3914 936 3984 Metaplzrasi
989 3916 1330 3972 Ecclesiastaa
1359 3919 1431 3974 ita
1459 3921 1604 3974 hunc
1632 3921 1810 3975 locum

239 4007 507 4062 intellexit
556 4027 570 4064 :
625 4028 643 4061 ι
711 4009 823 4081 Ego
876 4027 1004 4065 vero
1056 4011 1284 4082 praefero
1346 4012 1808 4068 adolescentulum

238 4114 530 4168 pauperem
555 4111 608 4155 et
633 4102 929 4171 sapientem
957 4105 1066 4174 regi
1101 4106 1216 4159 seni
1242 4115 1295 4160 et
1320 4106 1518 4170 stulto;
1563 4107 1650 4160 cui
1673 4122 1812 4160 nun-

237 4208 403 4261 quam
427 4193 574 4247 venit
595 4193 646 4246 in
673 4204 904 4249 mentem
927 4196 1069 4265 quod
1095 4197 1350 4262 possibile
1366 4198 1457 4263 sit,
1479 4214 1808 4268 quemquam

238 4285 307 4338 de
336 4284 423 4338 his
445 4299 582 4354 quos
610 4285 892 4354 vinxerat,
941 4287 1006 4340 ad
1038 4303 1263 4358 regnum
1298 4291 1445 4344 exire
1477 4289 1543 4344 de
1571 4305 1807 4354 carcere,

238 4382 294 4428 et
320 4388 382 4429 se
413 4375 589 4445 ipsum
622 4375 688 4431 de
721 4377 907 4446 iniqua
935 4379 1190 4449 deinceps
1240 4387 1505 4449 potestate
1549 4397 1649 4436 sua
1687 4396 1809 4436 cor-

1918 3843 2095 3882 ruere.
2128 3827 2321 3884 Evenit
2356 3830 2500 3884 enim
2553 3829 2822 3883 interdum
2863 3837 2923 3882 ut
2953 3829 3007 3882 hi
3047 3827 3140 3896 qui
3177 3826 3280 3882 sub
3301 3827 3484 3883 adole-

1917 3919 2166 3972 scentulo
2223 3920 2462 3990 sapiente
2506 3918 2724 3983 iuerint,
2779 3919 2985 3988 absque
3033 3932 3269 3970 maerore
3313 3917 3424 3972 sint
3467 3937 3481 3972 :

1917 4010 1987 4065 ita
2029 4020 2208 4066 tamen
2250 4022 2307 4066 ut
2350 4012 2452 4066 sub
2491 4026 2616 4078 rege
2655 4026 2783 4066 sene
2812 4020 2936 4065 ante
2977 4008 3174 4064 versati
3208 4009 3338 4063 sint.
3379 4008 3484 4076 Qui

1915 4104 2058 4158 enim
2093 4113 2280 4173 postea
2321 4105 2430 4158 nati
2459 4114 2604 4166 sunt,
2653 4103 2780 4174 quia
2815 4103 2955 4157 mala
2985 4101 3250 4171 praeterita
3278 4101 3485 4157 nescie-

1916 4205 2065 4257 runt.
2098 4213 2199 4252 nec
2230 4198 2689 4253 adolescentulum
2714 4198 2935 4252 laudare
2960 4204 3190 4266 possunt
3217 4197 3307 4265 qui
3336 4203 3486 4266 post-

1911 4305 1975 4344 ea
2004 4291 2366 4358 consurrexit,
2391 4291 2605 4346 abducti
2631 4292 2890 4362 Opinione
2920 4306 3173 4362 perversa
3198 4299 3252 4344 et
3281 4290 3484 4361 impetu

1915 4382 2138 4451 spiritus
2180 4383 2538 4439 adversantis.
2599 4403 2621 4437 ι

1258 4474 1405 4529 Idem
1429 4477 1582 4546 epist.
1615 4477 1682 4530 70
1709 4493 1852 4529 nam.
1883 4477 1938 4545 4,
1973 4488 2100 4531 tant.
2129 4477 2171 4546 1,
2205 4495 2326 4551 pag.
2364 4480 2490 4535 427.

312 4563 542 4620 Exstant
564 4573 619 4621 et
643 4566 832 4621 libri...
866 4565 1160 4634 Theodori,
1216 4569 1312 4638 qui
1358 4579 1546 4640 postea
1592 4570 1884 4638 Gregorius
1934 4573 2232 4642 appellatus
2274 4583 2377 4638 est,
2403 4573 2500 4627 viri
2532 4573 2954 4642 apostolicorum
2989 4572 3266 4642 signorum
3329 4579 3489 4639 atque

238 4662 526 4716 virtutum.

1264 4754 1352 4809 IV.
1390 4755 1777 4821 Ruﬁnusﬁist.
1804 4757 1938 4811 ecel.
1963 4755 2054 4808 lib.
2082 4771 2178 4818 vn,
2204 4771 2320 4824 cap.
2345 4753 2437 4809 25.

315 4885 515 4941 Verum
561 4892 818 4958 quoniam
871 4892 1014 4947 beati
1061 4891 1305 4962 Gregorii
1362 4893 1601 4948 historiae
1631 4905 1812 4949 textus
1849 4876 1892 4931 Ῑ)
1918 4895 2046 4950 huic
2079 4894 2376 4948 narrationi
2412 4893 2479 4948 ad
2517 4893 2838 4946 memoriam
2869 4889 3200 4961 posteritatis
3227 4890 3485 4945 inserere.

243 4979 428 5033 attulit
453 4983 804 5046 mentionem,
848 4983 1227 5053 dignissimum
1261 4995 1390 5053 puto
1420 4987 1555 5039 tanti
1590 4987 1689 5039 viri
1719 5004 1812 5058 ge-

244 5081 328 5123 sta
365 5071 507 5139 (quae
541 5073 642 5126 sub
679 5073 930 5127 orientali
960 5083 1014 5128 et
1039 5077 1420 5144 septentrionis
1457 5092 1558 5132 axe
1591 5089 1813 5133 cuncto-

242 5161 369 5219 ri‘im
398 5174 648 5216 sermone
677 5163 1039 5234 celebrantur)
1069 5166 1269 5220 omissa
1305 5167 1489 5222 nescio
1515 5184 1624 5238 quo
1657 5185 1810 5235 casu,

319 5268 432 5339 (64)
461 5270 864 5348 ⁸Ὗὶτιορ-τᾲσει⁸
882 5273 948 5328 δὲ
997 5274 1086 5328 ἓν.
1139 5276 1369 5348 Credere
1424 5293 1532 5332 non
1589 5293 1811 5348 possum

245 5337 569 5412 GregOriutn
599 5345 802 5398 dixisse
835 5344 1048 5399 Patrem
1080 5356 1132 5401 et
1163 5347 1378 5412 Filium,
1415 5349 1458 5403 si
1487 5337 1648 5403 simul
1683 5366 1815 5405 con-

246 5411 574 5489 siderentur,
609 5415 936 5489 cogitatione
984 5416 1092 5489 duo
1137 5411 1588 5489 essc,_hypostasi
1621 5435 1810 5475 unum.

245 5479 374 5533 lLec
403 5482 548 5559 enim
577 5479 810 5559 geniella
841 5495 1024 5559 essent
1056 5487 1246 5542 haeresi
1269 5479 1624 5551 ’Sab'ellianas,
1648 5507 1811 5559 quam

1921 4985 2182 5055 Stagnum
2214 4983 2487 5054 quoddam
2517 4993 2633 5037 erat
2667 4985 2720 5037 in
2756 4982 2914 5037 Ponti
2957 4977 3270 5051 regionibus
3301 4981 3487 5048 situm,

1919 5079 2158 5149 piscibus
2196 5077 2509 5146 copiosum,
2549 5093 2616 5130 ex
2655 5091 2887 5146 quorum
2921 5083 3143 5144 captura
3187 5073 3491 5143 praedivites

1921 5172 2129 5227 reditus
2151 5170 2386 5225 dominis
2405 5170 2820 5238 pra‘stabantnr.
2844 5168 2948 5223 ista
2976 5167 3254 5238 possessio
3279 5166 3491 5220 duobus

1917 5297 2076 5336 sensu
2097 5279 2354 5348 magister
2371 5275 2612 5346 Gregorii
2631 5275 2890 5345 Origenes
2907 5276 3043 5329 dixit
3061 5275 3127 5348 de
3145 5273 3363 5348 Christo
3383 5293 3404 5348 :_
3418 5276 3492 5348 (re

1919 5354 2016 5422 μὲν
2049 5344 2403 5422 ὑποκείμενον
2522 5351 2656 5409 ἐστι,
2692 5344 2812 5422 ταῖς
2842 5348 2899 5422 δε
2932 5346 3196 5422 ἐπινοίαις
3227 5344 3298 5397 τὰ
3325 5345 3493 5422 πολλὰ

1913 5416 2151 5492 ὀνόματα
2201 5416 2292 5473 ἐπὶ
2333 5418 2607 5492 διαφόρων
2637 5418 2832 5492 ὲστίηι
2867 5416 3221 5492 Suppusitum
3270 5416 3489 5492 quidem

1914 5485 2082 5546 unum
2111 5502 2214 5555 est,
2255 5487 2345 5544 sed
2375 5485 2703 5556 cogitatione
2750 5488 2905 5555 plura
2944 5487 3166 5556 nomina
3197 5485 3362 5539 variis
3409 5501 3493 5556 re-

247 5567 424 5629 supra
467 5549 700 5629 Basilius
729 5555 976 5629 Gregorii
1005 5559 1312 5629 _traditione
1361 5549 1685 5614 exstinctam
1718 5563 1817 5616 do-
1917 5563 2018 5616 lms
2069 5549 2512 5629 imponunturfi
2551 5549 2809 5629 homiL'S
2857 5557 2911 5610 in
2940 5555 3172 5629 _Jerem.,
3228 5571 3348 5629 pag.
3396 5555 3488 5610 96.

253 5631 360 5675 cet.
389 5620 496 5674 Sed
533 5623 616 5698 his
647 5620 910 5698 in_ver_5is
939 5626 1021 5678 vel
1047 5638 1286 5681 erratum
1320 5628 1537 5698 aliquod
1565 5630 1814 5685 librario-

246 5705 394 5752 rum,
429 5692 682 5765 utplacet
711 5694 934 5758 Basilio,
966 5699 1350 5765 suspicandum
1379 5692 1480 5761 est,
1511 5702 1590 5753 vel
1617 5701 1681 5752 de
1709 5699 1814 5754 Pa-

251 5771 336 5815 tre
373 5769 427 5814 et
457 5759 595 5818 Filio
643 5767 932 5836 separatim
984 5759 1213 5838 sumptis
1245 5769 1414 5838 accipi
1447 5759 1663 5828 debent.
1696 5770 1815 5838 Quo

1917 5631 2125 5685 Maran.
2149 5625 2222 5683 'in
2256 5637 2367 5682 not.
2406 5626 2646 5680 adhunc
2684 5625 2886 5682 locum.
2921 5627 3105 5683 Adisis
3157 5635 3211 5682 et
3246 5626 3498 5681 Sirmono

1921 5702 2048 5755 dum
2090 5702 2154 5755 ad
2193 5697 2506 5753 Facundum
2543 5712 2594 5766 p.
2636 5694 2760 5754 740,
