4028 6214
473 303 576 358 9Τ9

1428 303 1485 357 S.
1525 301 1921 360 GREGORIUS
1959 304 2559 366 THAUMATURGUS.

3596 310 3694 366 530

472 416 735 473 fratribus
767 426 912 474 sorte
939 418 1268 475 hareditatis
1303 420 1593 477 obvenerat
1627 442 1640 477 :
1673 425 1764 479 sed
1798 425 2036 493 pecunia:
2065 436 2104 486 Α
2140 427 2315 484 undas
2339 428 2541 500 deﬁgit,
2575 439 2629 484 et
2660 429 2775 499 ipse
2801 429 2992 500 positis
3018 429 3244 499 genibus
3272 427 3478 498 palmas
3499 427 3565 481 ad
3583 443 3695 482 cte-

468 512 740 582 cupiditas
777 514 920 580 (quae
949 511 1189 568 omnium
1235 529 1371 584 pene
1409 514 1720 569 mortalium
1750 515 1914 571 corda
1943 531 2036 570 su-

471 610 646 678 perat)
704 610 867 663 etiam
932 607 1226 664 fraternam
1282 607 1734 663 necessitudinem
1791 609 2033 662 violavit.

467 700 732 754 Coibatur
757 715 786 753 a
825 698 1083 754 fratribus
1117 708 1356 766 tempore
1384 707 1640 766 capturae,
1678 713 1784 751 non
1817 707 1926 753 tam
1967 698 2035 752 ad

467 791 757 860 capiendos
808 789 985 860 pisces
1011 829 1029 854 ,
1066 804 1229 858 quam
1281 787 1348 842 ad
1369 786 1715 856 decipiendos
1753 788 2032 854 homines;

469 882 642 936 caedes
683 889 738 937 et
768 880 906 934 bella
935 879 1330 942 movebantur;
1384 876 1653 931 humanus
1678 879 1900 949 sanguis
1922 875 2034 948 "pro

468 973 711 1044 piscibus
769 971 1124 1037 fundebatur;
1180 968 1273 1024 sed
1329 967 1422 1022 Dei
1481 968 1816 1036 providentia
1862 969 2036 1023 adfuit

469 1061 766 1132 aliquando
815 1060 1104 1124 auxilium,
1156 1057 1528 1123 adventusque
1569 1053 1834 1124 Gregorii.
1889 1053 2035 1107 Vidit

469 1153 656 1224 praelia
693 1162 746 1208 et
790 1161 990 1207 mortes
1022 1151 1284 1214 virorum,
1317 1148 1666 1216 furentesque
1709 1162 2029 1215 germanos;

465 1247 596 1316 quid
632 1260 811 1299 causae
853 1243 1119 1310 subesset,
1163 1259 1263 1314 pro
1301 1259 1408 1311 qua
1453 1243 1508 1296 in
1552 1241 1777 1296 exitium
1802 1238 1886 1294 sui
1913 1254 2034 1292 suo-

466 1351 700 1406 rumque
744 1334 943 1392 fratres
1001 1337 1421 1392 accenderentnr
1449 1375 1466 1402 ,
1523 1333 1748 1404 inquirit
1781 1351 1795 1386 :
1828 1331 2030 1385 nullam

467 1428 570 1484 nisi
619 1437 898 1497 capturam
955 1428 1183 1496 piscium
1237 1429 1522 1498 comperit.
1562 1425 1716 1481 Tunc
1747 1425 1834 1478 ille
1858 1465 1874 1490 ,
1907 1439 2030 1478 cum

466 1533 564 1588 pro
605 1518 812 1572 honore
844 1518 1110 1574 adventus
1141 1518 1224 1574 sui
1258 1529 1500 1588 utrmque
1538 1527 1719 1588 partes
1750 1516 2028 1587 paululum

464 1610 746 1667 siluissent
791 1629 806 1666 :
844 1609 1020 1666 Nolite
1045 1653 1060 1678 ,
1101 1611 1296 1681 inquit,
1327 1627 1359 1666 o
1390 1610 1569 1674 Iilioli,
1594 1609 1886 1664 rationales
1916 1609 2032 1662 ani-

465 1717 582 1756 mas
610 1718 707 1772 pro
740 1702 904 1757 mutis
943 1702 1311 1756 animantibus
1351 1703 1572 1766 violare,
1610 1700 1899 1755 fraternam
1935 1714 2030 1768 pa-

2136 517 2247 571 lum
2275 519 2464 585 tendit,
2491 527 2651 588 atque
2688 519 2771 575 liis
2798 519 2974 574 verbis
3007 519 3222 573 excelso
3247 517 3513 587 supplicat
3545 517 3653 571 Deo
3676 534 3694 549 ·

2137 608 2215 664 Tu
2250 609 2477 664 Domine
2501 609 2642 664 Deus
2669 619 2881 679 patrum
2916 619 3224 664 nostrorum
3252 648 3268 673 ,
3301 609 3392 678 qui
3435 623 3568 664 cum
3600 609 3695 662 tibi

2134 701 2344 771 primus
2373 701 2536 756 bomo
2558 701 2727 755 Adam
2759 711 3053 771 peccasset.
3095 716 3160 755 ac
3195 701 3507 756 mandatum
3539 709 3695 754 tuum

2135 791 2504 861 prmteriisset,
2559 807 2777 862 poenam
2825 794 2995 862 culpae
3043 793 3186 848 illius
3245 793 3578 858 moderatus,
3626 794 3695 847 ad

2134 891 2332 936 terram
2361 882 2760 939 maledictionis
2786 885 3103 938 sententiam
3135 882 3431 948 detorsisti,
3461 884 3648 937 dicens
3675 901 3692 938 :

2132 971 2416 1028 Maledicta
2467 983 2610 1028 terra
2655 974 2709 1028 in
2751 974 3005 1044 operibus
3057 975 3184 1029 tuis.
3243 973 3310 1028 Et
3365 989 3510 1028 nunc
3564 989 3696 1044 ergo

2133 1066 2421 1119 miseratus
2485 1066 2678 1120 horum
2731 1065 2991 1135 juvenum
3041 1064 3338 1120 fraternum
3377 1065 3694 1134 sanguinem

2132 1155 2224 1224 qui
2276 1156 2630 1225 periclitatur,
2682 1157 2912 1227 praacipe
2945 1166 3004 1210 ut
3040 1156 3338 1211 maledicta:
3381 1156 3490 1211 sint
3540 1171 3698 1225 aquae

2134 1247 2250 1302 ista:
2276 1248 2329 1302 in
2355 1249 2607 1316 operibus
2629 1263 2842 1314 eorum,
2871 1264 2969 1319 pro
2995 1249 3194 1319 quibus
3217 1247 3399 1303 furore
3424 1249 3693 1313 succensi,

2134 1338 2384 1394 fraterna:
2430 1340 2645 1409 pietatis
2676 1339 2829 1394 obliti
2887 1349 3048 1407 sunt;
3101 1341 3177 1394 ita
3217 1350 3278 1394 ut
3327 1356 3603 1410 nunquam
3638 1341 3694 1393 in

2124 1430 2236 1485 'ltoc
2263 1430 2383 1485 loco
2415 1431 2498 1485 vel
2523 1430 2690 1500 piscis
2721 1439 2997 1500 appareat,
3029 1430 3112 1484 vel
3147 1445 3286 1500 aqua
3317 1430 3566 1495 resideat,
3597 1429 3694 1484 sed

2131 1522 2202 1576 sit
2229 1537 2452 1592 campus
2497 1523 2664 1576 aratri
2705 1523 2940 1591 patiens,
2974 1536 3037 1575 ac
3068 1520 3281 1591 frugum
3318 1521 3489 1586 ferax,
3517 1529 3568 1574 et
3591 1536 3693 1574 cu-

2130 1623 2244 1668 stos
2271 1613 2323 1666 in
2350 1621 2610 1667 aeternum
2645 1611 2896 1666 fraternae
2923 1611 3226 1666 concordia:
3247 1619 3570 1680 perseveret.
3601 1608 3692 1662 Si—

2131 1703 2242 1756 mul
2274 1711 2334 1756 ut
2374 1703 2464 1757 ille
2504 1703 2664 1757 tinem
2695 1701 2886 1756 orandi
2913 1699 3060 1765 fecit,
3087 1701 3270 1756 statim
3306 1716 3365 1755 se
3398 1700 3538 1754 unda
3563 1699 3693 1754 sub-

463 1809 578 1847 cem
620 1803 859 1864 quaestus
893 1793 1185 1862 cupiditate
1215 1793 1530 1855 dissolvere,
1565 1791 1657 1845 Dei
1682 1792 1824 1861 leges
1847 1801 1901 1846 et
1930 1806 2027 1845 na-
2061 1766 2104 1821 Β
2133 1795 2369 1857 ducens,
2404 1803 2458 1848 et
2500 1809 2664 1848 cursu
2704 1792 2969 1847 velociore
3016 1791 3311 1862 refugiens,
3342 1807 3372 1845 a
3396 1801 3689 1860 conspectu

465 1896 599 1939 tura:
633 1886 836 1954 pariter
862 1885 986 1953 jura
1016 1893 1307 1952 temerare;
1361 1894 1413 1938 ct
1445 1899 1550 1938 una
1584 1897 1796 1938 mecum
1833 1881 1900 1936 ad
1929 1896 2025 1936 ora

462 1976 646 2045 stagni
679 1976 912 2031 exitialis
955 1975 1214 2030 accedite.
1251 1973 1364 2045 Ego
1387 1975 1498 2044 jam
1527 1989 1622 2029 vos
1648 1990 1743 2045 per
1769 1973 2024 2027 virtutem

460 2064 712 2134 Domini,
759 2066 907 2120 omni
937 2067 1232 2122 certamine
1257 2076 1497 2121 cruenta:
1531 2065 1892 2121 contentionis
1930 2064 2026 2119 ab-

457 2159 684 2214 solvam.
719 2157 934 2212 Etcum
970 2159 1085 2214 lizec
1109 2158 1355 2226 dixisset,
1381 2161 1435 2214 in
1467 2169 1757 2232 conspectu
1780 2156 2022 2212 omnium

469 2249 664 2320 virgam
705 2264 867 2320 quam
914 2250 1128 2306 tenebat
1171 2252 1223 2306 in
1275 2267 1439 2308 manu
1482 2253 1547 2308 ad
1592 2253 1794 2322 primas
1825 2248 2023 2305 littoris

2129 1900 2364 1955 superno
2414 1885 2568 1955 jussa
2623 1884 2898 1940 discedere
2925 1924 2940 1949 ,
2998 1883 3208 1954 abyssis
3250 1884 3365 1937 suis
3405 1882 3688 1946 redditur,

2128 1983 2182 2030 et
2231 1985 2471 2030 arentem
2519 1991 2770 2039 campum
2831 1976 3104 2045 germanis
3161 1975 3274 2044 jam
3328 1973 3691 2029 concordibus

2127 2067 2430 2138 dereliquit.
2466 2065 2570 2122 Sed
2600 2076 2654 2122 et
2682 2068 2733 2121 in
2759 2067 3076 2122 hodiernum
3099 2109 3113 2128 ,
3144 2067 3356 2136 frugum
3392 2065 3540 2119 ferax
3567 2079 3690 2120 esse

2127 2159 2326 2214 dicitur
2355 2158 2555 2224 solum,
2590 2159 2736 2229 quod
2763 2169 2887 2214 ante
2906 2159 3082 2213 fuerat
3113 2159 3330 2212 navium
3371 2157 3545 2212 ferax.

1925 2365 2073 2421 Idem
2104 2365 2238 2419 ibid.

526 2459 630 2518 Sed
675 2471 729 2516 et
776 2462 978 2533 ingenii
1007 2462 1090 2516 sui
1119 2462 1273 2517 nobis
1297 2462 1350 2515 in
1375 2477 1540 2531 parvo
1571 2462 1803 2516 maxima
1826 2474 2020 2514 monu-

454 2566 636 2611 menta
692 2556 980 2626 dereliquit
1015 2573 1028 2610 :
1063 2557 1120 2608 in
1161 2553 1516 2610 Ecclesiasten
1568 2568 1804 2623 namque
1850 2550 2018 2605 Meta-

452 2649 676 2719 phrasin
695 2649 834 2703 idem
859 2647 1155 2719 Gregorius
1193 2645 1728 2718 magnificentissime
1767 2643 2011 2711 scripsit;

452 2752 507 2797 et
537 2742 820 2798 catholica:
843 2742 968 2812 ﬁdei
994 2742 1371 2812 expositionem
1403 2741 1638 2796 breviter
1665 2739 1864 2794 editam
1895 2737 2016 2792 reli-

451 2833 591 2903 quit,
636 2850 802 2905 quam
846 2849 946 2903 pro
996 2833 1351 2890 aediﬁcatione
1387 2832 1756 2888 Ecclesiarum
1805 2829 2015 2885 sociare

2128 2457 2213 2511 his
2246 2454 2591 2511 commodum
2639 2454 2769 2510 duxi
2811 2473 2823 2508 :
2864 2473 2883 2506 ‹
2925 2451 3076 2508 Unus
3126 2451 3267 2508 Deus
3314 2453 3470 2508 Pater
3521 2451 3684 2510 Verbi

2126 2549 2374 2614 viventis,
2431 2548 2708 2618 sapientiae
2767 2547 3134 2612 subsistentis,
3200 2557 3254 2602 et
3315 2548 3571 2616 potentiae
3623 2563 3688 2604 ac

2124 2640 2451 2696 cltaracteris
2489 2640 2800 2710 sempiterni
2837 2658 2851 2695 :
2883 2639 3151 2709 perfectus
3190 2637 3408 2708 perfecti
3451 2640 3684 2710 genitor,

2123 2733 2281 2787 Pater
2304 2732 2424 2787 Filii
2449 2733 2727 2803 unigeniti.
2759 2729 2911 2787 Unus
2946 2731 3236 2797 Dominus,
3267 2733 3417 2787 solus
3438 2749 3505 2789 ex
3543 2734 3683 2802 solo,

2121 2823 2263 2879 Deus
2280 2839 2343 2878 ex
2371 2821 2500 2890 Deo,
2535 2842 2553 2875 ι
2588 2831 2692 2876 etc.

1462 2923 1528 2978 Υ.
1571 2921 1978 2982 Socrates.liist.
2007 2917 2139 2974 eccl.
2177 2916 2270 2970 lib.
2305 2930 2380 2981 ιν,
2415 2931 2530 2984 cap.
2557 2914 2646 2968 27.

521 3016 780 3072 Ponticus
803 3017 1096 3088 Gregorius
1119 3058 1135 3083 ,
1169 3018 1260 3087 qui
1294 3033 1362 3072 ex
1393 3017 1526 3070 urbe
1550 3015 1708 3070 Ponti
1731 3013 2013 3070 Neocaesa-

2200 3010 2258 3062 '0
2303 3009 2561 3071 Ποντικὸς
2612 3007 2929 3079 Γρηγόριος,
2965 3007 3113 3070 ὅστις
3161 3008 3223 3058 ἐκ
3251 3006 3347 3078 τῆς
3386 3007 3443 3059 ὲν
3495 3007 3684 3077 Πόντῳ

447 3123 548 3163 rea
565 3109 894 3165 oriundus...
927 3108 1178 3180 Origenis
1203 3108 1504 3177 discipulus
1531 3106 1652 3162 fuit.
1681 3106 1854 3177 Hujus
1883 3106 2015 3163 Gre-

2121 3099 2544 3170 Νεοκαισαρείας
2605 3096 2990 3169 ὁρμώμενος...
3058 3097 3304 3169 μαθητὴς
3375 3099 3682 3168 Ὠριγὲνους

449 3197 592 3268 gorii
623 3198 850 3253 celebris
888 3197 1032 3253 fama
1077 3210 1160 3254 est
1203 3199 1436 3254 Athenis
1483 3213 1548 3252 ac
1601 3197 1796 3269 Beryti,
1823 3207 1878 3252 et
1916 3213 2012 3267 per

449 3288 756 3343 universam
792 3289 1072 3345 Ponticam
1117 3290 1420 3357 ditecesim,
1464 3305 1530 3345 ac
1564 3305 1658 3360 per
1691 3289 2007 3343 universum

446 3394 615 3449 prope
639 3379 870 3435 dixerim
904 3389 1172 3437 terrarum
1199 3383 1454 3438 orbem...
1483 3380 1657 3450 Hujus
1678 3380 2006 3436 mentionem

446 3469 578 3529 facit
607 3472 768 3531 etiam
814 3472 1131 3542 Pamphilus
1161 3484 1386 3544 martyr,
1439 3474 1494 3528 in
1537 3473 1688 3528 libris
1735 3487 1874 3542 quos
1908 3487 2007 3542 pro

445 3563 696 3634 Origenis
728 3565 1043 3622 defensione
1077 3566 1294 3636 scripsit
1324 3585 1337 3621 :
1369 3567 1570 3638 quibus
1617 3566 1776 3620 etiam
1825 3566 2014 3635 adjun-

445 3668 528 3716 cta
564 3669 649 3712 est
677 3656 921 3728 Gregorii
961 3657 1170 3727 Oratio,
1210 3674 1374 3730 quam
1405 3659 1495 3714 ille
1540 3658 1614 3714 ab
1638 3657 1870 3728 Origene
1899 3657 2013 3712 dis-

444 3749 667 3816 cedens,
697 3750 752 3806 in
776 3751 896 3822 ejus
923 3751 1136 3810 laudem
1167 3751 1494 3823 composuit.

2114 3193 2347 3261 ἐγένετο.
2378 3190 2511 3262 Περὶ
2537 3189 2724 3243 τούτου
2758 3189 2850 3242 τοῦ
2891 3190 3220 3262 Γρηγορίου,
3261 3190 3425 3255 πολὺς
3465 3192 3494 3243 ὁ
3527 3191 3682 3259 λόγος

2113 3285 2170 3338 ἓν
2195 3302 2255 3339 τε
2291 3283 2537 3356 Ἀθήναις
2561 3283 2654 3336 καὶ
2678 3281 2923 3353 Βηρυτῷ,
2954 3283 3047 3335 καὶ
3076 3283 3171 3356 ὅλῃ
3201 3285 3265 3353 τῇ
3290 3283 3521 3354 Ποντικῇ
3552 3285 3684 3337 διοι-

2113 3381 2271 3451 κήσει
2294 3419 2310 3444 ,
2355 3377 2430 3442 ὼς
2471 3377 2527 3430 δὲ
2554 3377 2746 3437 εἰπεῖν,
2778 3375 2871 3427 καὶ
2903 3373 3052 3448 πάσῃ
3079 3377 3142 3446 τῇ
3181 3374 3538 3447 οἰκουμένῃ...
3569 3375 3682 3428 Μέ-

2113 3487 2310 3542 μνηται
2342 3469 2398 3523 δὲ
2435 3467 2595 3522 αὑτοῦ
2625 3468 2718 3520 καὶ
2742 3467 3018 3538 Πάμφιλος
3047 3468 3076 3519 ὁ
3109 3467 3323 3538 μάρτυρ
3354 3467 3412 3521 ὲν
3437 3471 3550 3531 τοῖς
3584 3485 3681 3521 πε.

2113 3562 2169 3636 ρ).
2227 3561 2529 3632 Ὠριγένους
2573 3559 2879 3630 πονηθεῖσιν
2917 3556 3062 3628 αὐτῷ
3099 3556 3341 3628 βιϐλίοις,
3386 3560 3442 3612 ἐν
3473 3554 3555 3621 οἷς
3585 3560 3677 3612 καὶ

2112 3652 2430 3716 συστατικὸς
2470 3651 2624 3720 λόγος
2664 3650 2960 3723 Γρηγορίσυ
3014 3652 3092 3713 εἰς
3156 3650 3434 3720 Ὠριγένην
3501 3651 3676 3723 παρά-

2105 3761 2306 3798 κειται.

1422 3842 1512 3896 Vl.
1547 3833 2027 3907 Sozomenus,Hist.
2062 3835 2194 3892 eccl.
2228 3833 2320 3887 lib.
2361 3848 2456 3898 vti,
2492 3847 2609 3900 cap.
2638 3829 2729 3884 27.

509 3933 675 3992 Aliud
703 3943 962 4003 praeterea
984 3934 1132 4005 quod
1158 3933 1224 3990 de
1249 3933 1342 3994 illo
1373 3933 1715 4011 (Epiphanio)
1743 3931 1998 3996 refertur,

438 4036 868 4079 commemorare
903 4023 1050 4084 libet.
1080 4023 1134 4078 ld
1164 4023 1382 4096 quidem
1410 4023 1478 4078 ab
1515 4021 1833 4077 admirando
1870 4019 2001 4074 Gre-

438 4113 596 4188 gorio
644 4114 736 4186 qui
765 4113 1256 4170 Neocmsarienscm
1303 4115 1432 4170 olim
1480 4115 1622 4171 rexit
1679 4111 1996 4176 Ecclesiam,

433 4213 651 4283 gestum
683 4221 807 4266 esse
833 4207 1046 4281 accepi;
1080 4215 1134 4262 et
1153 4206 1381 4264 libenter
1403 4207 1586 4262 credo.

2189 3924 2323 3977 Ἀλλ’
2361 3917 2471 3976 οἷον
2504 3923 2687 3994 ἕτερον
2732 3920 2858 3991 περὶ
2884 3919 3046 3973 αὐτοῦ
3070 3919 3301 3989 λέγεται,
3334 3923 3427 3974 καὶ
3457 3923 3676 3993 ἀφηγή-

2106 4018 2300 4073 σασθαι
2362 4013 2639 4086 βούλομαι.
2694 4012 3038 4083 Πυνθάνομαι
3092 4013 3668 4089 τεθαυματουργῆσθαι

2101 4106 2384 4180 Γρηγορίῳ
2405 4104 2483 4184 τῷ
2505 4104 2788 4175 Θαυμασιῳ
2805 4143 2820 4168 ,
2845 4104 2903 4168 ὃς
2931 4103 3096 4158 πάλαι
3124 4104 3221 4176 τὴν
3243 4104 3671 4175 Νεοκαισάρειαν

2103 4199 2469 4271 ἐπετρόπευσε
2491 4237 2506 4262 ,
2531 4198 2625 4251 καὶ
2660 4197 2804 4268 μάλα
2833 4195 3108 4269 πείθομαι.

1417 4296 1528 4350 Vll.
1557 4296 1831 4351 Liberatus
1859 4293 2145 4352 Diaconus,
2184 4277 2422 4344 Breviar.
2457 4305 2573 4355 cap.
2602 4287 2686 4342 10.

505 4386 743 4444 Basilius
768 4387 988 4458 quidam
1020 4388 1306 4458 diaconus,
1340 4405 1562 4449 sumens
1585 4399 1789 4443 tomum
1825 4385 2001 4440 Procli
2033 4399 2079 4454 υ
2106 4384 2216 4455 psit
2246 4380 2358 4451 (65)
2393 4397 2406 4433 :
2440 4388 2550 4431 tres
2587 4377 2846 4430 adversus
2885 4367 3176 4423 Diodorum
3211 4373 3266 4420 et
3294 4360 3667 4458 Theodorum.

433 4493 594 4550 quem
641 4480 914 4540 Armeniis
948 4483 1272 4557 scripserat,
1303 4481 1684 4536 Alexandriam
1728 4478 1904 4544 venit;
1947 4485 2003 4531 et

431 4571 812 4626 Armeniorum
843 4573 1054 4629 libellos
1098 4575 1214 4630 suis
1250 4575 1404 4630 libris
1442 4583 1735 4630 annectens
1756 4612 1773 4640 ,
1806 4571 2001 4627 obtulit

429 4661 631 4734 Cyrillo
674 4663 920 4732 ejusdem
963 4665 1114 4719 urbis
1159 4666 1411 4720 antistiti.
1450 4666 1660 4732 Quibus
1699 4664 1782 4735 (ut
1815 4661 2000 4718 lerunt

427 4762 701 4825 rumores)
751 4763 1033 4826 permotus
1082 4753 1339 4826 Cyrillus,
1383 4763 1618 4822 quatuor
1651 4751 1819 4806 libros
1858 4752 1991 4807 scri-

2107 4454 2160 4532 et
2197 4473 2362 4529 alium
2394 4469 2469 4524 De
2503 4465 2864 4522 incarnatione
2897 4462 3113 4516 librum.
3159 4458 3216 4513 In
3259 4457 3458 4528 quibus
3495 4454 3673 4511 conti—

2108 4575 2307 4622 nentur
2350 4562 2694 4629 antiquorum
2725 4556 2944 4610 Patrum
2973 4554 3287 4621 incorrupta
3332 4548 3671 4613 testimonia,

2110 4655 2163 4709 id
2195 4664 2344 4711 est...
2393 4652 2640 4726 Gregorii
2679 4655 2961 4720 mirabilis,
2998 4645 3419 4724 Θαυματουργοῦ
3454 4658 3666 4714 cogno-

2107 4745 2316 4801 minati.

1985 4833 2120 4889 Vlll.

727 4929 1018 4985 Facundus
1041 4935 1313 5002 episcopus
1343 4930 1855 4996 llermianeusis,lib.
1884 4946 1939 4992 κ,
1976 4942 2092 4996 cap.
2120 4923 2174 4990 6,
2203 4924 2340 4978 inter
2367 4920 2499 4990 Opp.
2532 4918 2821 4985 Sirmondi,
2852 4928 2978 4973 tom.
3003 4916 3067 4984 ll,
3087 4934 3206 4988 pag.
3237 4919 3359 4973 740.

499 5021 737 5078 Sanctus
777 5023 1016 5078 Basilius
1056 5039 1314 5094 magnum
1354 5024 1695 5096 Gregorium,
1753 5025 1847 5094 qui
1887 5026 1992 5076 mi—

426 5114 732 5168 raculorum
784 5117 1074 5184 operatoris
1117 5131 1417 5186 cognomen
1464 5118 1700 5187 accepit,
1755 5127 1814 5170 ut
1856 5115 1993 5174 Gau-

2103 5051 2222 5090 rum
2255 5049 2441 5089 errore
2467 5031 2724 5098 defendit,
2744 5032 2836 5102 qui
2859 5047 3020 5086 unam
3048 5030 3226 5086 Patris
3247 5039 3301 5086 et
3332 5029 3453 5086 Filii
3486 5029 3672 5085 subsi-

2095 5125 2348 5181 stentiam
2371 5124 2557 5179 dicunt
2578 5123 2856 5192 ;quamvis
2879 5125 2989 5178 haec
3001 5131 3053 5177 et
3067 5120 3671 5192 prtedictusGregorius

426 5206 731 5277 ματουργὸς
779 5217 1067 5263 vocaretur
1114 5216 1168 5262 ct
1192 5217 1412 5263 vocetur
1441 5223 1471 5263 a
1499 5207 1719 5274 Graecis,
1765 5224 1872 5262 non
1925 5209 1992 5262 ab

2121 5218 2295 5273 lixisse
2321 5217 2588 5271 videatur.
2632 5215 2759 5270 lnde
2803 5215 2941 5276 idem
2977 5214 3033 5270 S.
3054 5214 3288 5270 Basilius
3306 5255 3324 5282 ,Ι
3348 5214 3581 5282 loquens
3598 5195 3669 5268 de

423 5296 753 5353 Arianorum
788 5309 995 5354 tantum
1030 5301 1122 5369 qui
1161 5308 1466 5354 creaturam
1501 5312 1556 5357 et
1599 5304 1858 5356 facturam
1897 5302 1989 5356 Fi-
2019 5370 2026 5375 θ

424 5386 556 5443 lium
606 5391 816 5457 dicunt,
856 5409 1044 5448 verum
1077 5396 1240 5450 etiam
1273 5411 1302 5450 a
1341 5397 1620 5451 contrario
1664 5395 2003 5452 Sabelliano-

2099 5309 2423 5379 quibusdam
2447 5308 2541 5376 qui
2573 5306 2895 5364 auctoritate
2917 5307 3089 5376 ipsius
3125 5305 3368 5376 Gregorii
3403 5317 3669 5360 excusare

2110 5413 2262 5454 suam
2295 5397 2570 5467 perfidiam
2592 5399 2938 5454 nitebantur:
2974 5395 3337 5462 Immiserunt,
3369 5394 3465 5458 ait,
3507 5405 3612 5449 etc.

654 5509 730 5564 De
764 5511 858 5586 liis
911 5514 1370 5586 quatuorﬁyrilii
1443 5515 1592 5574 libris
1650 5532 1788 5586 quos
1842 5515 2176 5573 intercidisse
2228 5525 2480 5583 constat,
2549 5515 2750 5571 videsis
2829 5513 3137 5570 Fabricium
3189 5512 3330 5567 Bibl.
3388 5510 3480 5566 Cr.
3528 5522 3664 5569 tom.

445 5573 729 5652 Vlll,’pag.
761 5582 884 5646 591,
921 5573 1071 5643 itum.
1114 5584 1234 5642 187.
