4028 6214
1466 306 1881 363 TESTIMONIA
1923 305 2279 364 ιἘτΕιιυΜ.

1142 424 1231 479 IX.
1266 428 1522 497 Euagrius
1551 426 2071 491 Sclzo.’asticus,llist.
2097 429 2229 483 eccl.
2265 427 2355 482 lib.
2394 445 2474 491 ιιι,
2502 444 2617 496 cap.
2652 427 2739 481 ⁸51.

410 518 521 574 Kal
554 517 663 589 γάρ
697 518 783 571 καὶ
812 518 1000 586 λόγους
1029 517 1284 589 Πατέρων
1311 519 1567 582 πολλάκις
1600 519 1917 573 νενοθεύκα-

2090 519 2224 574 Nam
2277 530 2330 575 et
2385 522 2554 576 libros
2593 529 2901 576 sanctorum
2940 520 3161 577 Patrum
3215 539 3585 594 sazpenumcro

339 630 419 666 σι’
455 611 683 674 πολλοὺς
708 611 764 663 δὲ
806 609 1206 682 Ἀπολλιναρίου
1234 610 1441 679 λόγους,
1472 611 1787 682 Ἀθανασίῳ,
1823 612 1915 664 καὶ

2022 620 2385 681 corruperunt
2412 610 2742 681 (Acephali);
2782 610 2982 666 multos
3008 628 3224 683 quoque
3254 614 3586 683 Apollinaris

337 702 623 777 Γρηγορίῳ
654 702 731 773 τῷ
764 701 1192 774 Θαυματουργῷ,
1247 704 1341 757 καὶ
1396 703 1614 774 Ἰουλίῳ,
1667 703 1755 757 διὰ
1804 702 1915 756 τῶν

2021 702 2189 757 libros
2216 703 2514 756 Athanasio
2552 712 2603 758 et
2630 702 2889 774 Gregorio
2926 701 3331 775 Thaumaturgo
3355 714 3409 759 et
3441 705 3585 759 Julio

338 797 658 868 ἐπιγραφῶν
682 797 1080 852 ἁνατεθείκασι.

2019 794 2159 850 falso
2189 795 2575 863 ascripserunt.

335 307 434 363 981
1466 307 1881 363 TESTIMONIA
1923 307 2279 364 ἸνἘΉΞΒΙᾺιί.
3474 318 3581 373 982

1429 909 1499 965 X.
1539 909 1831 963 Concilium
1860 909 2253 975 Quiniscxtum,
2279 925 2397 962 can.
2427 908 2481 963 2.

420 1001 920 1074 Ἑπισφραγίζομεν
949 1004 1074 1067 τοὺς
1106 1003 1323 1068 λοιποὺς
1359 1006 1567 1068 πάντας
1601 1004 1776 1075 ἱεροὺς
1812 1021 1912 1056 κα-

2088 1001 2451 1073 Obsignamus
2478 1004 2716 1074 reliquos
2759 1019 2947 1059 omnes
2979 1019 3237 1069 canones,
3272 1005 3420 1075 quia
3456 1020 3581 1060 san-

334 1094 491 1158 νόνας
536 1095 661 1157 τοὺς
708 1095 811 1147 ὑπὸ
856 1094 965 1148 τῶν
1003 1096 1173 1163 ἁγίων
1219 1097 1311 1148 καὶ
1344 1096 1627 1168 μακαρίων
1657 1095 1914 1167 Πατέρων

2020 1094 2124 1148 ctis
2170 1103 2223 1149 et
2265 1094 2441 1150 beatis
2477 1096 2683 1151 nostris
2736 1094 2989 1151 Patribus
3039 1096 3269 1167 expositi
3317 1105 3489 1151 sunt:
3525 1097 3580 1151 id

335 1186 491 1257 ήμῶν
522 1186 840 1249 ἐκτεθέντας
860 1223 876 1249 ,
931 1186 1240 1239 τουτέστι...
1286 1187 1325 1237 Γ
1332 1187 1586 1257 ρηγορίου
1612 1187 1909 1239 ἐπισκόπου

2015 1196 2163 1242 est...
2200 1186 2461 1259 Gregorio
2489 1186 2851 1245 Neoczesareaa
2876 1190 3128 1260 episcopo
3154 1188 3589 1263 Thaumaturgo.

334 1279 626 1349 γενομένου
656 1277 1084 1349 Νεοκαισαρείας
1106 1278 1199 1331 τοῦ
1228 1277 1675 1350 Θαυματουργοῦ.

689 1395 779 1450 XI.
801 1396 1154 1467 Menologium
1185 1395 1582 1459 ercorum,ad
1606 1398 1742 1451 diem
1769 1396 1835 1451 17
1864 1396 2138 1464 Novemb.,
2169 1407 2310 1467 part.
2346 1415 2386 1464 ι,
2408 1416 2529 1469 pag.
2558 1400 2658 1454 194
2690 1400 2818 1454 edit.
2851 1398 3035 1453 Urbin.
3060 1396 3218 1453 1727.

329 1516 537 1586 Μνήμη
559 1514 681 1595 ,τοῦ
719 1517 777 1595 ἐν
808 1515 984 1583 ἁγίοις
1015 1515 1228 1595 Πατρὸς
1254 1515 1411 1595 ήμῶν
1453 1515 1751 1595 Γρηγορίου
1800 1516 1910 1567 ἐπι-

2012 1514 2472 1570 Commemoratio
2520 1514 2577 1589 S.
2641 1513 2702 1589 P._
2732 1513 2824 1589 ιι.
2887 1514 3133 1582 Gregorii
3184 1514 3581 1589 Thaumaturgi

476 1585 680 1638 σκόπου
723 1585 1153 1658 Νεοκαισαρείας
1190 1585 1762 1657 τοῦθαυματουργοῦ.

2467 1584 2705 1655 episcopi
2732 1584 3113 1640 Neocaesareaa.

404 1693 570 1761 Οὗτος
597 1694 665 1769 ἦν
690 1699 775 1751 ἐπ’
795 1699 871 1751 Αὐ
883 1697 1129 1769 ρηλιανοῦ
1164 1699 1255 1753 τοῦ
1283 1698 1561 1768 βασιλέως,
1597 1699 1710 1763 υίὸς
1732 1700 1907 1771 ὑπάρ-

2081 1698 2179 1755 Hic
2203 1699 2495 1755 Aureliano
2527 1700 2852 1770 imperatore
2890 1698 3093 1766 ﬂoruit,
3134 1701 3447 1770 parentibus
3478 1716 3577 1755 na—

330 1808 443 1860 χων
479 1789 743 1861 Ἑλλήνων
770 1808 782 1820 ο
827 1791 987 1853 αὐτὸς
1013 1790 1069 1843 δέ
1093 1790 1329 1858 γεγονὼς
1360 1792 1697 1860 Χριστιανὸς,
1724 1792 1819 1844 καὶ
1845 1793 1905 1845 τὸ

2009 1802 2096 1847 tus
2144 1791 2475 1857 inﬁdelibus,
2524 1791 2640 1861 ipse
2688 1800 2866 1846 autem
2922 1790 3284 1859 Christianus,
3344 1792 3578 1862 ﬁdeique

329 1885 429 1953 τῆς
456 1883 691 1946 πίστεως
722 1884 1018 1954 μυστήριον
1050 1882 1315 1953 διδαχθεὶς
1345 1881 1434 1936 διὰ
1463 1883 1727 1945 ὀπτασίας
1752 1883 1905 1955 παρὰ

2007 1882 2325 1953 mysterium
2368 1898 2397 1937 a
2444 1881 2787 1937 sanctissima
2828 1881 3056 1951 Deipara
3094 1891 3148 1938 et
3189 1882 3396 1938 Joanne
3424 1885 3579 1939 theo-

329 1930 432 2043 τιξξ
456 1930 758 2044 ὑπεραγίαις
786 1930 1047 2027 Θεοξόκου
1081 1930 1311 2028 καὶλτοῠ³
1328 1974 1575 2044 θεολόγου
1619 1930 1861 2029 Ἰωάννου
1887 1993 1899 2005 ·
1936 1930 1978 1984 Β

331 2065 490 2117 ἔλαϐε
536 2066 630 2119 καὶ
690 2067 750 2119 τὸ
803 2066 911 2120 τῶν
974 2067 1422 2139 θαυματουργιῶν
1477 2068 1756 2139 χάρισμα,
1810 2070 1904 2122 καὶ

332 2158 533 2230 ἐκλήθη
563 2159 1035 2229 Θαυματοιιρτὸς,
1055 2159 1221 2213 ποιῶν
1253 2159 1504 2232 θαύματα
1536 2160 1721 2225 πολλὰ,
1748 2159 1807 2225 ἐξ
1824 2155 1899 2217 ὧν

330 2254 437 2304 sla:
460 2252 551 2304 καὶ
578 2251 768 2305 ταῦτα.
804 2253 898 2316 Εἰς
921 2251 1028 2323 γὰρ
1069 2250 1466 2325 Ἀλεξάνδρειαν
1498 2252 1748 2308 ἀπελθὼν
1771 2297 1785 2322 ,
1813 2257 1904 2309 καὶ

328 2343 726 2414 κατηγορηθεὶς
785 2343 890 2397 ὑπὸ
944 2345 1187 2416 πόρνης,
1244 2346 1543 2416 ἐπιπέμπει
1596 2346 1730 2418 αὐτῇ
1786 2346 1902 2400 δαί-

333 2450 499 2503 μονα·
541 2434 635 2486 καὶ
675 2434 835 2487 πάλιν
884 2435 1048 2489 ἰᾶται.
1103 2431 1236 2488 Εἶτα
1281 2436 1354 2508 μὴ
1393 2435 1582 2510 παρὼν
1623 2438 1680 2489 ἐν
1738 2438 1905 2507 Ἀμα-

333 2525 473 2597 σείᾳ,
510 2528 657 2596 ὅμως
688 2526 775 2579 διὰ
804 2528 902 2598 τὴν
933 2528 1093 2582 αὑτοῦ
1124 2526 1340 2600 ἀρετὴν,
1372 2531 1750 2599 χειροτονεῖται
1785 2528 1904 2581 ἐπί-

330 2632 533 2680 σκοπος
566 2618 670 2670 ὑπὸ
699 2619 957 2689 Φαιδίμου
987 2620 1079 2673 τοῦ
1121 2621 1430 2690 Ἀμασείας.
1460 2620 1617 2673 Λίθον
1646 2620 1702 2673 δὲ
1734 2620 1902 2692 μέγαν

330 2709 562 2778 ποιήσας
607 2712 990 2781 περιπατῆσαι,
1058 2711 1316 2765 ἐϐάπτισε
1368 2711 1457 2766 τὸν
1506 2712 1903 2783 προσμονάριον

332 2802 440 2855 τῶν
482 2801 732 2857 εἰδώλων.
790 2802 1055 2872 Ἀδελφῶν
1086 2803 1143 2855 δὲ
1182 2803 1275 2857 δύο
1315 2802 1404 2856 διὰ
1434 2802 1627 2875 λίμνην
1666 2804 1902 2874 μαχομέ-

330 2912 454 2958 νων,
482 2893 739 2966 ἐξήρανεν
770 2895 959 2967 αὺτήν.
992 2896 1103 2950 Kal
1128 2896 1225 2967 τὴν
1248 2896 1451 2968 «ῥάϐδον
1482 2894 1675 2967 πήξας,
1708 2895 1902 2965 ἔστησε

330 2986 573 3056 ποταμόν
590 3002 606 3018 ο
640 2987 761 3056 ἥτις
793 2989 887 3041 καὶ
910 2987 1122 3056 ἐγένετο
1148 2990 1229 3051 είς
1256 2987 1469 3060 δένδρον
1494 2987 1651 3058 μέγα.
1686 2988 1796 3041 Kal
1818 2988 1903 3041 ἄλ-

328 3076 396 3129 λα
428 3076 594 3147 μυρία
628 3079 886 3150 ποιήσας,
930 3080 986 3132 ἐν
1019 3077 1097 3149 τῷ
1141 3078 1353 3149 μέλλειν
1391 3079 1646 3151 ἐκδημεῖν
1683 3080 1905 3151 εὐχαρί-

330 3184 443 3220 στει
487 3168 566 3240 τῷ
609 3169 727 3241 Θεῷ
748 3211 763 3237 ,
801 3172 880 3225 ὅτι
916 3174 972 3225 ἐν
990 3174 1056 3242 τῇ
1096 3170 1261 3224 αὐτοῦ
1293 3171 1443 3224 πόλει
1474 3169 1760 3234 τοσούτους
1783 3170 1903 3225 ἀπί-

2006 1975 2128 2045 logo
2157 1990 2254 2044 per
2278 1974 2545 2029 visionem
2586 1972 2832 2039 edoctus,
2865 1974 3072 2043 accepit
3100 1983 3153 2029 et
3178 1975 3382 2029 donum
3412 1974 3576 2029 mira-

2005 2065 2251 2120 culorum
2289 2086 2302 2120 :
2331 2067 2473 2121 unde
2495 2063 2878 2135 Thaumaturgi
2910 2077 3325 2136 cognomentum
3349 2069 3576 2136 adeptus

2004 2167 2088 2213 est
2119 2158 2189 2213 ob
2223 2158 2393 2212 multa
2428 2159 2687 2213 miracula
2717 2174 2838 2229 quae
2862 2160 3113 2229 patravit,
3141 2175 3207 2215 ex
3237 2160 3435 2230 quibus
3460 2161 3578 2216 haec

2004 2259 2394 2307 memorantur.
2456 2250 2741 2307 Profectus
2807 2251 3097 2321 aliquando
3167 2252 3573 2318 Alexandriam,

2004 2342 2057 2395 in
2084 2353 2322 2398 scortum
2354 2343 2499 2412 quod
2526 2344 2592 2398 de
2615 2360 2674 2399 se
2696 2343 3103 2412 obloqueretur,
3134 2344 3431 2399 dmmonem
3473 2346 3573 2399 im-

2004 2433 2173 2498 misit,
2200 2435 2295 2489 sed
2314 2434 2476 2505 paulo
2495 2445 2618 2504 post
2632 2435 2793 2489 etiam
2818 2435 3041 2506 fugavit.
3058 2434 3389 2491 APhaedimo
3410 2436 3575 2491 Ama-

2005 2542 2109 2582 seaz
2130 2528 2383 2597 episcopo
2400 2529 2683 2583 ordinatur
2703 2528 3010 2597 episcopus,
3045 2529 3441 2585 cum‘Amaseae
3463 2542 3573 2581 non

2006 2622 2218 2676 adesset
2258 2640 2271 2675 :
2315 2631 2463 2676 tanta
2497 2631 2614 2676 erat
2653 2622 2913 2676 virtutum
2951 2622 3095 2676 illius
3127 2622 3331 2692 opinio.
3367 2621 3572 2676 Saxum

2006 2713 2195 2783 ingens
2243 2712 2349 2767 alio
2391 2713 2695 2779 transtulit;
2743 2728 2915 2784 eoque
2962 2713 3117 2785 signa
3149 2713 3414 2767 idolorum
3450 2713 3573 2768 azdi-

2002 2814 2157 2858 tuum
2207 2804 2273 2858 ad
2333 2804 2493 2859 ﬁdem
2542 2819 2872 2860 conversum
2920 2805 3227 2876 baptizavit.
3291 2803 3569 2870 Paludem,

2002 2910 2224 2951 causam
2247 2896 2489 2951 rixarum
2522 2897 2664 2951 inter
2691 2896 2830 2952 duos
2860 2897 3079 2964 fratres,
3106 2897 3418 2953 exsiccavit.
3443 2895 3571 2951 Flu-

2004 2987 2149 3042 vium
2177 2987 2355 3044 defixo
2389 2989 2443 3043 in
2477 2996 2674 3043 terram
2700 2988 2917 3053 baculo,
2962 2990 3054 3058 qui
3105 2998 3159 3043 et
3210 2992 3263 3044 in
3314 3005 3569 3060 magnam

2003 3080 2244 3135 excrevit
2273 3080 2545 3143 arborem,
2586 3082 2847 3136 coercuit.
2886 3081 3131 3151 Cumque
3159 3082 3443 3135 innumera
3467 3082 3570 3136 alia

2003 3178 2252 3240 portenta
2287 3170 2565 3237 edidisset,
2602 3171 2933 3243 migraturus
2969 3173 3037 3226 ad
3062 3170 3352 3227 Dominum
3382 3214 3397 3238 ,
3452 3188 3576 3241 gra-

332 3279 488 3325 στους
516 3262 828 3329 κατέλιπεν,
854 3265 1011 3327 ὅσους
1036 3258 1158 3333 εὗρε
1186 3263 1562 3336 Χριστιανούς.
1599 3264 1710 3319 Kal
1732 3263 1903 3328 οὕτως

2005 3261 2110 3317 tias
2150 3261 2226 3315 illi
2260 3263 2487 3333 agebat,
2538 3263 2681 3333 quod
2732 3271 2811 3319 tot
2844 3263 3171 3332 relinqueret
3210 3264 3264 3318 in
3308 3278 3406 3317 sua
3441 3263 3574 3318 urbe

330 3354 632 3427 ἐτελειώθη.

2003 3351 2268 3419 inﬁdeles,
2311 3361 2447 3423 quot
2493 3352 2837 3409 Christianos
2881 3354 3177 3409 invenerat.
3226 3352 3402 3424 Atque
3431 3353 3573 3408 hunc

1998 3445 2054 3498 in
2087 3444 2307 3499 modum
2341 3444 2593 3501 decessit.

1590 3560 1706 3617 XII.
1750 3561 2034 3622 Suidas,in
2065 3558 2285 3616 Lexico.

402 3672 719 3742 Γρηγόριος,
743 3673 771 3724 6
806 3671 899 3725 καὶ
925 3671 1196 3743 Θεόδωρος
1225 3673 1255 3725 6
1284 3670 1703 3742 Θαυματουργὸς
1721 3708 1736 3735 ,
1766 3670 1903 3723 Νεο-

329 3765 647 3839 καισαρείας
672 3767 772 3837 τῆς
802 3767 859 3820 ἐν
888 3766 966 3839 τῷ
998 3766 1185 3838 Πόντῳ
1227 3766 1546 3831 ἐπίσκοπος,
1580 3766 1697 3829 νέος
1746 3783 1904 3836 κομι-

327 3858 415 3929 δῆ,
449 3858 537 3912 διὰ
571 3859 668 3931 τήν
696 3858 973 3912 παίδευσιν
1013 3858 1336 3930 Ἑλληνικῶν
1367 3877 1427 3913 τε
1451 3858 1542 3912 κα)⁵
1583 3857 1903 3928 Ῥωμαϊκῶν

325 3951 690 4024 γραμμάτων,
714 3951 821 4005 ἀπὸ
847 3952 947 4024 τῆς
976 3952 1368 4016 Καππαδοκίας
1396 3954 1476 4015 είς
1510 3950 1773 4022 Βηρυτὸν,
1804 3951 1904 4003 κά·-

327 4042 505 4096 κεῖθεν
546 4044 626 4105 είς
677 4043 1015 4113 Καισάρειαν
1048 4043 1144 4115 τὴν
1185 4044 1284 4115 τῆς
1328 4043 1689 4115 Παλαιστίνης
1726 4042 1898 4112 διέϐη,

325 4135 443 4206 ἅμα
481 4133 831 4208 Ἀθηνοδώρῳ
868 4136 1100 4207 ἀδελφῷ.
1154 4136 1261 4200 Οὓς
1296 4138 1389 4189 καὶ
1429 4136 1568 4190 κατὰ
1613 4136 1775 4207 μέρος
1820 4139 1901 4201 είς

323 4226 421 4297 τήν
449 4225 543 4279 τοῦ
574 4225 809 4297 Χριστοῦ
845 4228 1022 4281 πίστιν
1054 4226 1288 4296 εἰσάγων
1326 4227 1621 4298 Ὠριγένης,
1651 4225 1898 4296 ζηλωτὰς

326 4320 491 4383 ἰδίους
544 4320 896 4390 κατέστησεν.
956 4320 1075 4372 Ἐπὶ
1117 4320 1273 4372 πέντε
1324 4318 1501 4372 τοίνυν
1553 4321 1682 4391 παρ’
1729 4318 1894 4373 αὐτοῦ

324 4410 703 4474 παιδευθέντες
733 4412 1006 4474 ἐνιαυτοὺς
1029 4452 1043 4475 ,
1092 4410 1229 4482 πρὸς
1261 4411 1358 4481 τὴν
1392 4410 1622 4481 πατρίδα
1650 4410 1897 4481 ἀποπέμ-

326 4521 540 4557 πονται.
582 4496 773 4571 Ἀφὀὗ
799 4505 826 4556 ὁ
852 4504 1147 4575 Γρηγόριος
1170 4503 1491 4573 ἀποδημῶν,
1522 4502 1893 4573 πανηγυρικὸν

323 4597 671 4667 εὐχαριστίας
702 4596 781 4666 τῷ
823 4596 1081 4666 Ὠριγένει
1113 4596 1318 4667 ἔγραψε
1347 4596 1499 4663 λόγον
1519 4635 1532 4657 ,
1566 4597 1658 4648 καὶ
1692 4613 1895 4664 συγκα-

320 4688 618 4758 λεσάμενος
659 4688 867 4751 πάντας
908 4690 1033 4751 τοὺς
1077 4688 1399 4758 ἐπιχωρίους
1424 4726 1439 4751 ,
1493 4686 1657 4741 αὐτοῦ
1704 4706 1761 4740 τε
1802 4687 1896 4741 τοῦ

334 4781 641 4852 Ὠριγένους
689 4780 977 4851 παρόντος,
1024 4780 1210 4833 τοῦτον
1242 4780 1449 4848 ἀνέγνω
1485 4781 1573 4833 τὸν
1607 4780 1792 4849 λόγον·
1840 4783 1899 4845 ὃς

318 4890 405 4934 τις
434 4872 526 4924 καὶ
560 4872 685 4943 ἄχρι
716 4871 810 4924 τοῦ
840 4871 1107 4941 παρόντος
1142 4871 1395 4943 ὑπάρχει.
1436 4871 1681 4943 Ἔγραψε
1708 4872 1764 4925 δὲ
1782 4875 1898 4926 Με-

319 4961 619 5030 τάερρασιν
649 4965 735 5027 είς
765 4963 868 5014 τὸν
913 4959 1394 5028 Ἐκκλησιαστήν
1414 4979 1429 4994 ο
1464 4962 1744 5033 ἐλάχιστον
1772 4962 1893 5034 μὲν,

319 5050 463 5103 πάνυ
486 5051 542 5103 δὲ
579 5050 886 5121 θαυμαστὸν
912 5051 1084 5119 λόγον.
1129 5052 1237 5105 Kal
1272 5051 1435 5115 ἄλλας
1466 5070 1527 5105 τε
1554 5052 1769 5119 πολλάς,
1798 5054 1892 5107 καὶ

320 5142 572 5205 ποικίλας
601 5143 892 5206 ἐπιστολὰς
922 5144 1315 5214 συνεγράψατο.
1346 5147 1584 5218 Ποιήσας
1610 5163 1667 5198 τε
1692 5148 1892 5217 σημεῖα

319 5235 412 5286 καὶ
447 5236 701 5306 θαύματα
718 5238 855 5309 ὑπὲρ
878 5237 1182 5309 ἄνθρωπον,
1221 5240 1382 5310 ἡνίκα
1413 5240 1705 5304 ἐπίσκοπος
1738 5239 1893 5309 ἐτύγ-

317 5344 499 5397 χανεν,
535 5329 882 5396 ἐτελεύτησεν
912 5332 1004 5383 ἐπὶ
1037 5332 1318 5385 Ἰουλιανοῦ
1352 5314 1481 5404 (66).

1924 4548 1972 4608 D

2083 3668 2396 3741 Gregorius,
2441 3669 2534 3739 qui
2579 3678 2633 3724 et
2663 3668 2982 3725 Theodorus
3008 3670 3185 3727 dictus
3225 3683 3325 3738 est,
3366 3688 3573 3744 cogno~

2002 3772 2187 3818 mento
2215 3762 2657 3833 Θαυματουργὸς,
2694 3762 2797 3817 hoc
2823 3770 2924 3829 est,
2958 3779 3139 3819 rerum
3172 3765 3570 3824 admirabilium

2003 3853 2243 3918 eﬁector,
2292 3850 2657 3907 Neocaesaream:
2680 3868 2801 3922 qua:
2829 3852 2884 3906 in
2914 3852 3087 3909 Ponto
3121 3865 3224 3918 est,
3259 3858 3569 3928 episcopus,

2003 3945 2296 4001 admodum
2344 3944 2679 4011 adolescens,
2731 3944 3041 4001 Graecarum
3092 3945 3574 4020 Romanarumque

2004 4037 2309 4093 litterarum
2346 4036 2529 4092 studio
2560 4036 2845 4106 incensus,
2881 4054 2911 4092 e
2945 4036 3285 4109 Cappadocia
3314 4039 3567 4113 Berytum

2004 4128 2282 4199 profectus
2324 4138 2427 4194 est,
2479 4137 2639 4199 atque
2687 4128 2811 4184 inde
2851 4129 3151 4186 Caesaream
3204 4148 3324 4200 quae
3371 4135 3425 4188 in
3466 4134 3570 4189 Pa-

2001 4222 2211 4277 laistina
2246 4232 2348 4289 cst,
2384 4238 2508 4277 cum
2542 4221 2708 4276 fratre
2730 4222 3079 4278 Athenodoro
3100 4240 3158 4279 se
3181 4226 3426 4281 contulit.
3458 4225 3569 4284 Hos

1997 4317 2054 4371 in
2072 4317 2274 4372 Christi
2298 4316 2554 4386 religione
2572 4318 2849 4388 sigillatim
2870 4317 3131 4390 Origenes
3148 4319 3460 4384 instituens,
3482 4322 3569 4375 sui

1998 4407 2275 4463 studiosos
2313 4417 2664 4477 amantesque
2693 4408 2943 4464 reddidit.
2989 4408 3431 4479 Quinquennium
3467 4412 3569 4481 igi-

1998 4510 2087 4553 tur
2124 4500 2177 4553 in
2220 4499 2339 4569 ejus
2370 4500 2654 4570 disciplina
2688 4503 2924 4567 versati,
2963 4502 3019 4555 in
3054 4502 3283 4571 patriam
3322 4503 3567 4558 redeunt.

2003 4592 2105 4647 Ubi
2161 4591 2451 4662 Gregorius
2497 4593 2791 4662 gratiarum
2853 4594 3121 4648 actionem
3170 4595 3238 4649 ad
3284 4592 3569 4663 Origcncm

2002 4686 2241 4755 scripsit,
2270 4700 2497 4754 eamque
2522 4686 2723 4755 popqu
2754 4697 3075 4752 convocato,
3113 4700 3167 4741 et
3193 4688 3312 4758 ipso
3341 4688 3572 4759 Origene

2001 4786 2262 4847 praesente
2290 4777 2416 4845 legit
2444 4795 2456 4829 :
2489 4793 2609 4846 qua:
2647 4778 2865 4847 quidem
2901 4781 3077 4833 oratio
3103 4789 3281 4835 exstat
3307 4798 3479 4852 usque
3503 4782 3569 4836 ad

2002 4876 2321 4936 praesentem
2361 4868 2523 4921 diem.
2572 4868 2801 4939 Scripsit
2843 4880 2895 4923 et
2920 4868 3282 4940 Metapltrasin
3316 4873 3367 4925 in
3396 4872 3569 4926 Ecclo

2002 4958 2219 5024 siasten,
2250 4959 2626 5015 brevissimam
2654 4962 2803 5015 illam
2839 4962 3057 5032 quidem
3079 5005 3094 5028 ,
3124 4963 3219 5017 sed
3252 4979 3385 5019 sane
3404 4980 3568 5035 quam

1999 5052 2394 5108 admirabilem.
2448 5052 2645 5108 Multas
2689 5064 2948 5125 praeterea
2989 5066 3042 5109 et
3089 5057 3277 5113 varias.
3312 5058 3567 5126 epistolas

1998 5148 2323 5217 composuit.
2358 5146 2602 5219 Denique
2632 5148 2808 5204 factus
2837 5150 3157 5220 episcopus,
3190 5151 3360 5222 signis
3388 5161 3439 5207 et
3468 5154 3569 5207 mi-

2000 5239 2204 5294 raculis
2232 5239 2504 5296 humanas
2537 5242 2681 5296 vires
2704 5242 3089 5311 superantibus
3116 5244 3317 5311 clarus,
3352 5243 3565 5300 Juliano

2000 5330 2299 5402 imperante
2343 5332 2613 5389 discessit.

316 5464 455 5520 XIII.
505 5463 803 5520 Theodorus
851 5467 1161 5534 Balsamon,
1182 5466 1361 5523 Schol.
1388 5466 1443 5523 in
1467 5484 1715 5593 canonertn
1743 5468 1806 5521 2|
1848 5467 2060 5591 goneilii
2107 5466 2606 5590 agerent—Apud
2655 5466 3010 5539 Bcvcregium,
3038 5467 3293 5526 Pandect.
3342 5488 3562 5541 cauom,

1702 5556 1805 5593 om.
1886 5580 1900 5593 .
1946 5554 2067 5593 vau.
2149 5557 2200 5589 υ.

1702 5556 1805 5594 om.
1852 5554 1900 5605 ι,
1945 5554 2067 5607 pag.
2113 5554 2200 5590 δυ.

391 5653 592 5708 Τοῦτον
617 5654 863 5710 καθεῖλεν
890 5658 948 5710 ἐν
988 5657 1282 5731 ’Δντιοχείᾳ
1305 5659 1333 5711 ὁ
1363 5660 1512 5730 ᾶγιος
1544 5660 1838 5734 Γρηγόριος
1868 5661 1894 5712 6

315 5745 735 5821 Θαυματουργὸς
766 5749 857 5804 καὶ
887 5750 1032 5805 ἄλλοι
1069 5751 1228 5813 τινές.

2076 5656 2229 5711 llunc
2254 5656 2504 5727 (Paulum
2546 5656 2983 5728 Samosatcnum)
3029 5655 3399 5727 deposuerunt
3440 5676 3559 5718 san-

2003 5762 2123 5810 ctus
2152 5752 2448 5824 Gregorius
2476 5753 2934 5826 Thaumaturgus,
2974 5760 3025 5811 et
3063 5754 3153 5811 alii
3181 5754 3426 5824 quidam.
