4028 6214
290 284 391 339 989
1298 278 1781 335 ME'IAPHRASIS
1814 278 1881 333 ΙΝ
1920 280 2449 336 ECCLESIASTEN.
3404 284 3509 340 990

290 399 496 461 πάντας
541 395 857 469 ἀνθρώπους
889 395 1139 467 βασιλεὺς
1182 397 1529 467 ἑντιμότατος
1551 439 1565 463 ,
1602 398 1693 450 καὶ¹
1719 413 1849 469 προ·
1876 448 1881 459 ,

1913 398 2113 467 ,ρὴεια
2164 397 2632 467 sapientissimus,
2692 397 2997 453 universam
3054 398 3146 452 Dei
3208 396 3504 453 Ecclesiam

286 492 464 561 φήτης
511 488 837 557 σοφώτατος.
876 489 961 551 Ὠς
1012 487 1141 540 κενά
1206 488 1299 540 καὶ
1349 490 1580 562 ἀνόνητα
1621 490 1689 543 τά
1742 490 1849 543 τῶν

1950 489 2163 543 aﬂ'atur.
2225 490 2280 542 2.
2305 488 2477 555 Quam
2510 504 2648 544 vana
2696 498 2750 543 et
2802 491 3014 544 inutilia
3062 498 3189 545 sunt
3229 490 3409 544 omnia
3443 506 3505 543 ca

284 582 588 651 ἀνθρώπων
620 578 918 651 πράγματά
954 596 1013 631 τε
1048 579 1140 631 καὶ
1182 579 1585 649 σπουδάσματα,
1627 580 1727 632 ὃσα
1753 580 1847 633 ἀν-

1949 580 2229 634 hominum
2266 582 2479 651 negotia
2514 591 2566 635 et
2597 581 2791 645 studia,
2825 597 2945 650 qua:
2980 581 3033 634 in
3070 581 3323 635 humanis
3346 580 3507 633 rebus

285 672 553 743 θρώπινα.
592 670 725 723 Οὐδὲ
754 669 862 739 γάρ
890 668 1000 739 ἔχει
1032 687 1115 731 τις
1144 671 1315 721 εἰπεῖν
1345 669 1533 738 ὄφελός
1561 688 1614 722 τι
1641 670 1847 733 τούτοις

1948 674 2338 743 suscipiuntur.
2389 676 2442 728 5.
2494 672 2663 728 Nemo
2709 674 2851 727 enim
2892 683 3033 736 est,
3081 674 3173 743 qui
3216 674 3504 731 utilitatem

283 762 734 833 προσηρτημένον
760 802 774 826 ,
815 762 957 831 ἆπερ
1002 760 1273 829 ἄνθρωποι
1326 763 1452 831 περὶ
1507 763 1608 833 γῆν
1654 762 1847 833 ’ἐρπον-

1946 766 2109 819 ullam
2157 766 2223 820 iis
2267 782 2532 820 annexam
2588 766 2768 821 dicere
2802 766 3000 835 possit;
3054 781 3206 835 quaa,
3257 765 3504 819 homines

280 871 374 916 τες
403 854 741 924 (86-87),xai
772 852 980 922 σώμασι
1003 854 1098 905 καὶ
1114 853 1309 923 ψυχαῖς
1358 853 1632 908 ἐκτελέσαι
1684 854 1847 907 σπεύ-

1945 857 2097 911 humi
2136 866 2443 925 reptantes,
2483 866 2536 911 et
2567 858 2886 926 corporibus
2928 865 2981 910 et
3016 857 3214 911 animis
3245 857 3502 925 perﬁcere

278 947 452 1012 δουσι,
488 946 594 999 τῶν
634 946 732 1018 μὲν
778 947 1122 1017 προσκαίρων
1163 946 1476 1016 ἡττημένοι,
1510 947 1764 1018 ἀνωτέρω
1787 947 1843 999 δὲ

1944 951 2306 1014 contendunt,
2343 952 2505 1006 rebus
2554 950 2775 1005 caducis
2809 959 2862 1004 et
2896 952 3239 1020 temporariis
3281 953 3500 1015 addicti,

277 1038 392 1090 τῶν
440 1039 653 1108 ἄστρων
707 1034 787 1102 τῷ
829 1036 1059 1105 γενναίῳ
1088 1038 1185 1106 τῆς
1233 1036 1408 1106 ψυχῆς
1459 1035 1692 1109 ὄμματι,
1735 1035 1842 1087 οὐδ’

1943 1057 2106 1111 supra
2140 1041 2316 1097 sidera
2363 1052 2578 1106 autem,
2629 1057 2896 1113 generoso
2942 1044 3137 1097 animae
3193 1038 3371 1109 oeulo,
3435 1061 3502 1099 ne

276 1130 458 1183 ὁτιοῦν
487 1129 724 1184 κατιδεῖν
763 1125 1090 1197 βουλόμενοι.
1117 1129 1227 1181 Kal.
1266 1126 1652 1197 κατατρίϐεται
1676 1128 1704 1179 ό
1736 1126 1842 1177 τῶν

1943 1136 2211 1189 tantillum
2264 1136 2483 1204 quidem
2530 1137 2775 1204 aspicere
2806 1138 3065 1192 volentes.
3092 1138 3146 1191 ι.
3181 1139 3259 1192 Ac
3296 1148 3499 1192 morta-

274 1219 582 1292 ἀνθρώπιον
622 1218 734 1289 βίος
778 1217 988 1288 ἡμέραν
1026 1216 1083 1282 ἐξ
1134 1218 1381 1287 ἡμέρας,
1428 1216 1519 1269 καὶ
1548 1216 1705 1287 ὡρῶν
1748 1217 1841 1269 καὶ

1940 1226 2072 1278 lium
2096 1227 2206 1280 vita
2241 1227 2539 1281 conteritur
2562 1268 2577 1293 ,
2606 1228 2692 1280 die
2740 1227 2847 1281 dici
2880 1228 3221 1295 succedente,
3264 1230 3501 1299 annique

275 1312 539 1366 ἐνιαυτῶν
570 1309 849 1383 περιόδους
873 1349 887 1373 ,
922 1307 1069 1378 ἡλίου
1114 1325 1173 1360 τε
1204 1309 1433 1379 δρόμους
1474 1308 1841 1379 περιωρισμέ-

1941 1318 2185 1386 partibus
2235 1330 2289 1372 et
2335 1320 2819 1385 conversionibus;
2867 1321 2919 1374 5.
2968 1322 3207 1389 solisque
3250 1324 3499 1377 cursibus

275 1422 424 1468 νους,
451 1404 557 1457 τῶν
584 1403 680 1473 μὲν
705 1400 1170 1471 παραγινομένων,
1193 1401 1297 1454 τῶν
1323 1401 1379 1454 δὲ
1404 1400 1836 1470 ὑπαπαιρόντων.

1940 1410 2101 1463 certis
2148 1424 2213 1463 ac
2266 1410 2538 1475 deiinitis;
2604 1411 2656 1463 6.
2695 1426 2839 1467 nunc
2891 1414 3304 1477 accedentibus,
3356 1430 3498 1468 nunc

276 1499 467 1551 Ἔοικε
496 1497 551 1549 δὲ
579 1497 642 1550 τὸ
668 1500 916 1569 πρᾶγμα,
946 1499 1256 1569 χειμάρρων
1290 1495 1523 1566 παρόδῳ,
1552 1495 1840 1564 ἀμετρήτῳ

1939 1502 2138 1557 sensim
2170 1502 2562 1557 recedentibus.
2607 1502 2657 1555 7.
2681 1502 2789 1559 Nec
2827 1504 3106 1559 dissimilis
3143 1517 3225 1559 est
3261 1507 3374 1561 haec
3410 1522 3496 1561 res

269 1593 552 1661 θαλάσσης
580 1592 955 1662 ἐμπιπτόντων
984 1590 1129 1661 βυθῷ
1152 1590 1247 1643 σὺν
1267 1588 1486 1659 ταράχῳ
1508 1586 1705 1657 πολλῷ.
1731 1587 1837 1639 Καὶ

1938 1601 2234 1647 torrentum
2288 1593 2581 1657 transitui,
2619 1608 2745 1647 cum
2802 1610 2998 1663 magno
3057 1597 3283 1664 strepitu
3336 1607 3496 1665 atque

266 1686 342 1738 τά
372 1686 469 1755 μὲν
500 1684 563 1737 δι’
588 1682 905 1754 ἀνθρώπους
954 1684 1059 1737 ὑπὸ
1099 1682 1233 1735 Θεοῦ
1276 1682 1551 1750 γεγονότα,
1595 1681 1743 1752 μένει
1772 1680 1837 1733 τὰ

1891 1738 1907 1756 ,
1938 1685 2172 1739 tumultu
2214 1684 2268 1738 in
2313 1684 2638 1740 immensum
2685 1686 2854 1741 maris
2906 1686 3231 1756 profundum
3269 1689 3482 1741 illaben-

265 1738 432 1841 αὑτά,
459 1770 589 1831 οἷον.
606 1775 667 1827 τὸ
693 1738 798 1828 ἀπὸ
822 1738 926 1845 γής
956 1774 1263 1844 γεννᾶσθαι,
1286 1738 1453 1837 τὸέξς
1471 1738 1571 1844 γῆν
1595 1738 1832 1838 ἀπιέναι,

1935 1778 2090 1831 tium.
2137 1776 2203 1831 Et
2249 1778 2465 1846 quidem
2514 1792 2576 1831 ea
2620 1793 2740 1847 qua:
2773 1738 3054 1832 hominum
3101 1794 3265 1833 causa
3310 1795 3339 1833 a
3384 1780 3525 1839 Deo,

267 1870 332 1923 τὸ
362 1867 528 1939 αὐτὴν
552 1868 770 1921 ἑστάναι
802 1865 899 1938 τὴν
943 1868 1063 1937 γῆν,
1096 1868 1156 1920 τὸ
1200 1868 1290 1920 τὸν
1316 1868 1464 1937 ἥλιον
1495 1866 1710 1922 ἃπασαν
1742 1867 1837 1919 αὑ-

1934 1877 2110 1921 creata
2160 1876 2320 1932 sunt,
2357 1868 2544 1921 eadem
2594 1879 2846 1933 manent;
2896 1870 3041 1925 velut
3077 1871 3219 1939 quod
3268 1886 3297 1925 a
3348 1880 3488 1925 terra

264 1960 371 2031 τὴν
424 1958 798 2029 ὲκπεριῖόντα,
850 1958 1009 2011 πάλιν
1056 1960 1134 2021 εἰς
1163 1958 1252 2012 τὸν
1294 1959 1453 2012 αὑτὸν
1498 1958 1836 2031 περιτρέχειν

1934 1957 2241 2027 gignantur,
2274 1957 2419 2027 quod
2445 1958 2498 2012 in
2527 1967 2727 2013 terram
2764 1960 2993 2022 abeant,
3029 1960 3173 2029 quod
3206 1970 3347 2015 terra
3377 1961 3490 2030 ipsa

259 2053 415 2122 ὅρον,
457 2050 550 2104 καὶ
584 2049 651 2102 τά
686 2048 968 2120 πνεύματα
1013 2049 1271 2113 ὡσαύτως
1297 2050 1442 2119 (88),
1477 2050 1599 2113 τούς
1640 2067 1699 2102 τε
1741 2067 1835 2102 πο-

1933 2049 2088 2103 ﬁrma
2132 2059 2184 2104 et
2216 2049 2427 2104 stabilis
2460 2050 2549 2115 sit,
2588 2050 2732 2119 quod
2778 2051 2860 2106 sol
2909 2067 2971 2105 ea
3010 2062 3121 2106 tota
3167 2052 3391 2107 decursa
3425 2054 3490 2106 ad

262 2144 477 2211 ταμοὺς
513 2140 797 2203 τοσούτους
826 2142 907 2203 εἰς
935 2140 1207 2195 θάλασσαν
1241 2141 1561 2204 ἐκδιδόντας,
1590 2141 1683 2195 καὶ
1712 2142 1836 2204 τοὺς

1932 2140 2181 2195 eumdem
2227 2157 2420 2196 rursus
2470 2143 2760 2197 terminum
2820 2152 3189 2212 punctumquc
3251 2144 3480 2197 cireum-

262 2235 501 2304 ἀνέμους
556 2234 952 2303 ἐμπίπτοντας,
991 2234 1063 2305 μὴ
1107 2233 1433 2303 ἀναγκάζειν
1466 2234 1631 2304 αὐτὴν
1671 2235 1835 2305 ὑπερ-

1931 2233 2207 2299 volvatur;
2250 2232 2506 2302 ﬂuviique
2539 2233 2755 2298 itidem,
2806 2243 2954 2288 tanto
2994 2249 3223 2287 numero
3256 2235 3308 2286 in
3343 2250 3491 2289 mare

266 2325 475 2378 ϐαίνειν
521 2324 589 2376 τὰ
620 2325 786 2395 αὑτῆς
823 2324 1025 2395 μέτρα,
1062 2324 1191 2395 μηδὲ
1239 2325 1436 2387 αὑτοὺς
1478 2329 1827 2395 παρανομεῖν.

1932 2320 2237 2387 inﬂuentes,
2285 2332 2342 2377 et
2396 2323 2543 2378 venti
2585 2324 2952 2387 incurrentes,
3000 2340 3098 2379 nec
3144 2325 3319 2393 ipsum
3357 2325 3489 2381 ﬁnes

267 2416 385 2470 Καὶ
416 2415 487 2468 τά
522 2416 620 2486 μὲν
657 2415 733 2478 ὡς
782 2417 859 2479 εἰς
906 2417 1114 2469 τουτονὶ
1155 2415 1507 2469 συντελοῦντα
1560 2417 1690 2485 ἡμῖν
1741 2417 1832 2470 τὸν

1931 2430 2062 2469 suos
2099 2415 2356 2469 excedere
2398 2424 2625 2485 cogant,
2662 2431 2761 2470 nec
2802 2416 2904 2485 ipsi
2950 2431 3141 2470 rursus
3176 2416 3344 2486 legem
3386 2417 3487 2471 sibi

267 2508 403 2577 βίον,
434 2507 606 2571 οὑτως
644 2508 832 2579 ἄραρε.
880 2508 959 2561 Ta
989 2507 1032 2560 δ’
1072 2507 1160 2561 ὑπ’
1192 2507 1490 2578 ἀνθρώπων
1533 2508 1830 2577 ἐπιτεχνώ-

1931 2503 2276 2558 constitutam
2302 2503 2619 2573 infringant.
2644 2506 2819 2574 Atque
2850 2505 2963 2557 hare
2989 2520 3141 2568 sane,
3174 2520 3294 2573 qua:
3330 2506 3488 2560 nobis

268 2616 405 2669 μενα
441 2599 659 2669 ῥήματά
694 2617 751 2651 τε
796 2600 889 2652 καὶ
926 2599 1219 2670 πράγματα
1242 2638 1258 2662 ,
1317 2599 1512 2669 μέτρον
1558 2600 1656 2651 οὑκ
1696 2599 1826 2669 ἔχει.

1929 2592 1997 2646 ad
2040 2592 2178 2647 hanc
2207 2593 2398 2657 vitam,
2425 2608 2582 2648 usum
2615 2603 2667 2648 et
2708 2593 3077 2662 adjumentum
3125 2593 3381 2658 atl‘erunt,
3414 2595 3486 2649 ita

262 2692 378 2744 Καὶ
410 2691 583 2759 λόγων
617 2691 781 2756 πολὺς
809 2692 907 2763 μὲν
934 2692 1138 2762 ὅμιλος,
1170 2691 1356 2763 ὄνησις
1387 2692 1444 2744 δὲ
1473 2691 1693 2762 οὐδεμία
1724 2692 1830 2746 ἀπὸ

1928 2683 2143 2738 decreta
2176 2692 2301 2737 sunt
2330 2695 2381 2737 et
2406 2685 2720 2739 constituta.
2757 2684 2810 2738 8.
2843 2686 2911 2738 At
2936 2700 3057 2754 quae
3085 2685 3152 2739 ab
3175 2686 3487 2739 hominibus

261 2784 368 2853 τῆς
399 2784 818 2857 πεπλανημένης
854 2785 1153 2856 φλυαρίας·
1184 2785 1295 2838 ἀλλ’
1325 2785 1595 2854 ἀπληστόν
1621 2786 1735 2837 ἐστι
1766 2783 1828 2837 τὸ

1927 2773 2323 2843 excogitantur,
2350 2782 2458 2827 tam
2491 2789 2580 2829 res
2612 2791 2773 2845 quam
2807 2776 2993 2841 verba,
3028 2777 3245 2830 modum
3275 2777 3480 2829 nullum

260 2874 376 2927 τῶν
402 2874 694 2946 ἀνθρώπων
730 2875 910 2945 φῦλον,
924 2876 1057 2947 πρός
1088 2893 1147 2928 τε
1176 2876 1233 2928 τὸ
1269 2876 1476 2945 λέγειν,
1517 2875 1655 2946 πρός
1686 2892 1746 2928 τε
1768 2874 1827 2928 τὸ

1926 2866 2144 2921 habent.
2182 2867 2260 2923 Ac
2291 2868 2579 2923 verborum
2615 2884 2809 2937 magna
2838 2870 3055 2939 quidem
3095 2878 3177 2924 est
3201 2870 3393 2939 copia;
3430 2880 3484 2924 at

258 2967 453 3037 ἐτέρου
474 2967 717 3035 λέγοντος
737 2967 968 3022 ἀκούειν·
988 2968 1065 3022 ἔτι
1088 2969 1143 3022 δὲ
1158 2968 1249 3022 καὶ
1266 2968 1325 3022 τὸ
1344 2968 1581 3040 ὄμμασιν
1602 2967 1828 3032 εἰκαίοις

1926 2957 2136 3015 fructus
2170 2972 2349 3015 nuitus
2372 2960 2441 3015 ab
2471 2970 2688 3015 errante
2721 2961 3047 3031 loquacitate
3063 2971 3122 3033 et
3151 2964 3478 3032 nugaeitatc.

257 3060 467 3114 ἕκαστα
507 3060 614 3114 τῶν
670 3062 1122 3133 παραπιπτόντων
1153 3063 1283 3134 όρᾷν
1324 3062 1619 3133 γλίχεσθαι.
1658 3062 1723 3115 Τί
1759 3061 1824 3115 ἂν

1932 3050 2127 3107 Verum
2170 3054 2244 3107 ita
2288 3062 2479 3109 natura
2521 3064 2834 3123 comparata
2872 3062 2956 3108 est
2991 3053 3271 3108 hominum
3320 3053 3497 3115 ratio;

258 3151 468 3220 γένοιτο
483 3151 591 3223 (89)
615 3151 855 3225 ὓστερον,
872 3154 1007 3225 ὅπερ
1030 3155 1127 3208 οὑκ
1156 3154 1255 3225 ήδη
1278 3155 1604 3217 τετέλεσται,
1630 3154 1662 3225 ἢ
1685 3171 1825 3228 πρα-

1889 3144 1985 3199 'ut
2028 3145 2371 3215 inexplebilis
2399 3146 2469 3201 sit
2513 3161 2702 3199 eorum
2742 3154 2795 3199 et
2842 3144 3096 3215 loquendi
3125 3154 3179 3199 et
3227 3144 3480 3199 audiendi

257 3245 415 3316 χθείη
434 3246 569 3317 πρὸς
591 3246 886 3317 ἀνθρώπων
902 3262 916 3311 ;
934 3245 997 3298 Τί
1013 3246 1193 3299 καινὸν
1211 3244 1270 3298 τὸ
1296 3246 1517 3316 μηδέπω
1538 3247 1617 3309 εἰς
1633 3247 1823 3316 πεῖραν

1924 3236 2061 3299 sitis,
2095 3251 2159 3291 ac
2190 3246 2447 3306 praeterea
2488 3236 2643 3290 vanis
2684 3235 2855 3290 oculis
2894 3250 2956 3290 ea
2980 3235 3161 3289 omnia
3194 3250 3314 3305 qua:
3339 3236 3481 3290 acci-

256 3335 438 3400 ὲλθὸν,
456 3336 577 3388 ὅτου
606 3335 699 3389 καὶ
726 3334 1024 3406 μνησθῆναι
1046 3334 1225 3400 ἄξιον;
1255 3333 1393 3402 Ἐγὼ
1420 3333 1516 3404 μὲν
1544 3332 1650 3403 γάρ
1672 3328 1823 3404 οἶμαι

1921 3327 2074 3389 dunt,
2102 3328 2343 3382 intuendi
2365 3326 2652 3395 cupiditas.
2681 3327 2732 3381 9.
2752 3326 2891 3393 Quid
2920 3336 3100 3381 autem
3124 3327 3177 3379 in
3208 3334 3478 3396 posterum

254 3425 427 3488 οὐδὲν,
462 3427 490 3479 ὃ
513 3443 565 3478 τι
595 3426 637 3478 δ’
674 3426 742 3479 ἂν
771 3426 897 3497 εἴπῃ
922 3424 1031 3496 (90)
1050 3425 1356 3496 πρόσφατον
1374 3465 1388 3489 ,
1416 3424 1449 3495 ἦ
1484 3424 1665 3477 καινὸν
1696 3425 1823 3476 ἀνα-

1923 3421 2035 3474 iieri
2070 3430 2266 3490 queat,
2320 3421 2462 3489 quod
2500 3435 2607 3473 non
2642 3419 2754 3487 jam
2802 3418 3109 3474 confectum
3155 3417 3349 3482 fuerit,
3386 3431 3480 3476 aut.

253 3515 600 3586 λογιζόμενος
649 3517 907 3588 εὑρήσει,
967 3516 1099 3586 μηδὲ
1154 3518 1266 3578 τοῖς
1316 3514 1481 3569 πάλαι
1526 3514 1817 3583 ἄγνωστον.

1920 3520 2136 3581 geratur
2166 3512 2234 3565 ab
2267 3510 2618 3565 hominibus?
2669 3509 2809 3577 Quid
2868 3525 3089 3575 novum,
3147 3508 3292 3579 quod
3337 3523 3478 3563 non~

255 3608 467 3678 Ὠσπερ
489 3606 545 3659 δὲ
577 3606 646 3660 τά
672 3606 912 3679 πρότερα
942 3605 1081 3679 λήθῃ
1114 3606 1435 3677 κέκρυπται,
1467 3604 1607 3658 οὑτω
1632 3606 1723 3658 καὶ
1753 3604 1822 3658 τά

1919 3603 2047 3657 dum
2112 3602 2478 3671 experimento
2530 3611 2865 3671 compertum
2920 3600 3117 3665 fuerit,
3182 3600 3476 3656 dummodo

252 3698 545 3762 ἐνεστῶτα,
568 3702 646 3762 εἰς
667 3701 793 3763 τοὺς
824 3699 1113 3769 μετέπειτα
1144 3699 1319 3769 χρόνῳ
1343 3700 1489 3768 ἀμαυ
1499 3697 1814 3769 ρωθήσεται.

1917 3693 2131 3761 insigne
2187 3693 2259 3747 sit
2312 3701 2367 3747 et
2399 3692 2788 3748 memorabile?
2840 3691 2926 3746 10.
2958 3691 3030 3747 Ut
3084 3692 3300 3761 quidem
3355 3708 3472 3745 mea

252 3793 368 3845 Καὶ
420 3791 521 3845 οὑκ
574 3791 971 3862 αὑτοσχεδιάζω
1017 3792 1189 3845 ταῦτα
1254 3790 1348 3845 νῦν
1404 3789 1813 3860 ἐκκλησιάζωνο

1916 3782 2099 3852 opinio
2130 3779 2252 3845 fert,
2278 3782 2528 3851 quisquis
2550 3783 2749 3837 'secum
2785 3782 3059 3850 reputabit
3096 3790 3259 3850 atque
3290 3780 3474 3835 consi-

249 3883 391 3937 ἀλλά
440 3899 531 3955 μοι
577 3882 848 3953 βασιλείαν
890 3883 1154 3955 Ἐϐραίων
1199 3884 1257 3936 ὲν
1296 3881 1683 3954 Ἱεροσολύμοις
1722 3899 1818 3935 πε-

1914 3874 2156 3941 derabit,
2194 3872 2329 3927 nihil
2364 3888 2566 3927 novum
2607 3882 2702 3926 aut
2741 3887 2931 3928 recens
2966 3872 3220 3938 inveniet,
3255 3872 3472 3943 priscis-

252 3973 622 4044 πιστευμένῳ,
655 3973 853 4039 ἱκανῶς
886 3976 1097 4029 ἅπαντα
1133 3975 1535 4046 πεφρόντισται.
1570 3975 1817 4045 Ζητήσας

1914 3982 2019 4036 que
2059 3956 2415 4034 incognitum.
2467 3964 2553 4018 11.
2595 3963 3062 4030 Quemadmodum
3110 3972 3288 4018 autem
3338 3980 3472 4033 pra:-

249 4065 311 4119 δὲ
356 4064 729 4136 μεμελημένος
748 4104 763 4129 ,
809 4066 900 4119 καὶ
935 4065 1110 4134 σοφῶς
1160 4067 1496 4136 κατανοήσας
1538 4066 1638 4137 τὴν
1689 4065 1816 4136 περὶ

1913 4062 2089 4127 terita,
2134 4058 2403 4114 oblivione
2435 4066 2573 4113 tecta
2612 4066 2775 4123 sunt;
2819 4055 2900 4112 sic
2932 4058 3216 4127 praesentia
3257 4072 3471 4126 quoque

249 4157 357 4227 γῆν
378 4159 540 4227 φύσιν
567 4158 803 4223 ἃπασαν,
826 4158 1219 4230 ποικιλωτάτην
1244 4158 1433 4227 ἔγνων,
1450 4158 1524 4222 ὡς
1547 4156 1814 4229 ἀνθρώπῳ

1912 4167 2199 4223 progressu
2250 4151 2512 4222 temporis
2564 4150 2641 4227 ad
2679 4160 2926 4219 posteros
2979 4148 3034 4202 in
3081 4148 3467 4204 obscuritatem

247 4250 453 4304 δέδοται
480 4253 660 4303 πονεῖν
691 4250 785 4303 ἐπὶ
806 4251 927 4321 γῆς,
956 4250 1142 4304 ἄλλοτε
1182 4250 1371 4323 ἀλλοία
1392 4250 1640 4321 καμάτου
1682 4268 1815 4321 προ-

1910 4244 2085 4299 ibunt.
2131 4243 2218 4299 l2.
2245 4241 2354 4299 Nec
2386 4259 2518 4298 vero
2554 4251 2754 4296 temere
2792 4241 2906 4295 haec
2930 4254 3076 4295 nunc
3100 4240 3251 4305 dico,
3286 4239 3468 4295 Eccle-

248 4342 413 4410 φάσει
446 4340 910 4411 ὲγκαλινδουμένῳ
955 4342 1035 4405 εἰς
1076 4342 1138 4395 τὸ
1173 4342 1356 4413 μηδέν.
1408 4341 1721 4413 Πνεύματος
1758 4342 1813 4395 δὲ

1912 4336 2113 4390 siasten
2159 4350 2325 4405 agens
2370 4354 2382 4389 :
2429 4350 2612 4389 verum
2661 4334 2795 4388 mihi
2845 4331 3190 4387 Hebrazorum
3242 4347 3463 4401 regnum

248 4431 539 4485 ἀλλοκότου
588 4431 683 4486 καὶ
740 4433 979 4505 μυσαροῦ
1026 4433 1093 4487 τά
1127 4433 1277 4487 κάτω
1320 4433 1534 4487 ἅπαντα
1582 4434 1807 4505 πλήθει,

1869 4426 2300 4498 )llierosolymis
2344 4426 2466 4481 ﬁdei
2500 4442 2634 4481 mea:
2667 4424 3022 4480 commissum
3061 4424 3299 4487 babenti,
3342 4423 3460 4478 dili-

245 4520 390 4574 ὥστε
428 4521 501 4591 μὴ
534 4517 671 4575 εἶναι
694 4522 833 4575 αὑτά
877 4523 1301 4593 ἀνακτήσασθαι,
1340 4523 1472 4577 ἀλλά
1513 4524 1645 4594 μηδὲ
1684 4526 1809 4576 ἀνα-

1910 4528 2092 4589 genter
2116 4529 2169 4574 et
2201 4529 2452 4576 accurate
2476 4520 2657 4575 omnia
2680 4520 2913 4588 cogitata
2944 4525 2996 4572 et
3022 4532 3285 4587 perpensa
3316 4528 3463 4573 sunt.

247 4608 555 4680 θυμηθῆναι
580 4610 640 4663 τὸ
664 4611 922 4683 παράπαν
952 4611 1049 4682 ὅση
1076 4611 1142 4664 τὰ
1167 4611 1308 4665 κατά
1332 4610 1648 4683 ἀνθρώπους
1671 4612 1810 4683 πρά-

1908 4612 1993 4665 15.
2020 4611 2189 4666 Porro
2235 4620 2402 4666 totam
2440 4628 2623 4666 rerum
2667 4620 3001 4666 terrenarum
3044 4619 3293 4665 naturam
3341 4627 3462 4680 per-

244 4717 432 4770 γματα
474 4701 798 4771 κατείληφεν
843 4702 1055 4755 ἀτοπία.
1107 4702 1471 4772 Λογισάμενος
1519 4703 1625 4772 γάρ
1678 4720 1806 4755 ποτε

1906 4711 2201 4767 scrutatus,
2231 4711 2396 4771 atque
2423 4701 2700 4773 ingeniose
2742 4711 2796 4755 et
2829 4702 3099 4771 sapienter
3127 4701 3180 4755 in
3220 4717 3282 4756 ea
3317 4702 3464 4772 cogi-

243 4791 358 4860 ἐγὼ
385 4794 501 4845 κατ’
534 4793 792 4862 ἐμαυτὸν,
823 4795 916 4847 καὶ
943 4794 1143 4864 οἰηθεὶς
1166 4793 1239 4857 ὡς
1262 4794 1513 4848 ἁπάντων
1546 4794 1661 4862 εἵην
1687 4794 1804 4847 τότε

1906 4794 2105 4849 tatione
2151 4804 2421 4861 versatus,
2469 4810 2588 4848 eam
2645 4794 2879 4849 maxime
2940 4794 3143 4847 variam
3200 4795 3458 4863 comperi.

242 4883 355 4937 τῶν
399 4883 505 4955 πρὸ
547 4882 786 4953 ἐμαυτοῦ
832 4885 1129 4953 γεγονότων
1178 4883 1421 4938 ἐνταυθοί
1466 4882 1799 4956 σοφώτερος·

1904 4884 2117 4940 Homini
2140 4886 2335 4940 etenim
2366 4886 2419 4965 in
2444 4894 2584 4940 terra
2611 4886 2886 4941 laboribus
2920 4886 3101 4940 vexari
3130 4885 3315 4939 dalum
3340 4895 3456 4952 est,

322 5060 528 5131 (86-87)
546 5061 684 5137 [Ιερὶ
712 5062 825 5131 γῆν
841 5064 1144 5132 ἔρποντες.
1167 5064 1298 5121 Cod.
1318 5064 1528 5119 Thuan.
1548 5064 1685 5119 κατά
1699 5066 1799 5137 γῆν

1901 5060 2065 5137 Eccli:
2102 5077 2292 5137 χχχιχ,
2322 5062 2408 5128 1⁵5,
2442 5061 2711 5137 ὠςμρόδον
2748 5064 3011 5137 φυόμενον
3052 5065 3141 5117 ἐπὶ
3188 5064 3455 5137 ῥεύματος

240 5131 522 5204 ἕρποντες.
556 5131 803 5204 Dircaeus.
870 5131 874 5132 ί
1109 5202 1119 5204 _
1444 5202 1482 5204 η
1711 5131 1719 5134 ﬁ
1757 5131 1766 5137 ’

1899 5131 2065 5204 ὑγροῦ
2098 5132 2449 5204 βλαστήσατε.
2487 5131 2636 5186 Sicut
2672 5131 3059 5204 ros'aiplanlata
3083 5131 3251 5204 super
3287 5131 3453 5202 ﬂuen-

138 5257 147 5265 ,
277 5201 426 5267 '(88)
479 5202 587 5254 Καὶ
634 5202 703 5253 τὰ
746 5205 1050 5271 πνεύματα
1088 5202 1385 5270 ὠσαυτως.
1443 5202 1563 5257 llaec
1616 5205 1721 5257 omi

1899 5201 2010 5257 tum
2068 5201 2338 5255 humidum
2397 5204 2699 5272 germinate.
2770 5203 3018 5257 Clemens
3066 5201 3218 5256 Alex.
3266 5204 3357 5257 lib.
3413 5220 3449 5259 ll

238 5282 502 5339 tanquam
531 5271 1019 5344 superﬂiia_Bi|lins
1039 5314 1054 5339 ,
1087 5274 1230 5341 quod
1264 5276 1423 5344 paulo
1453 5282 1575 5344 post
1607 5286 1797 5329 vento-

1896 5274 2114 5341 Pwdag.
2134 5287 2252 5341 cap.
2278 5272 2338 5344 8_._
2366 5271 2491 5340 legit
2517 5273 2608 5324 ἐπὶ
2633 5272 2917 5342 ῥευμάτων
2941 5272 3164 5336 ὑδάτων,
3194 5273 3249 5344 in
3285 5274 3451 5344 ﬂuen—

240 5356 364 5393 rum
397 5341 599 5411 mentio
628 5341 739 5409 ﬁat.
772 5342 1049 5397 Muscnlus
1080 5340 1341 5409 vertit,’et
1378 5340 1514 5398 veriti
1554 5345 1798 5397 consimi-
1896 5345 1963 5395 (is
1991 5340 2267 5410 aquarum.
2297 5340 2545 5411 Vulgata,
2570 5340 2883 5410 super'rivos
2909 5358 3185 5410 aquarum.
3218 5341 3449 5398 Basilius

237 5410 399 5482 liter;
442 5407 922 5482 (Eeolgam'padius,
957 5414 1078 5465 item
1126 5407 1257 5481 ﬂare
1303 5426 1496 5468 ventos.
1549 5414 1708 5478 Quod
1748 5415 1793 5468 si

1896 5407 2082 5482 homil.
2130 5412 2200 5464 ἐν
2231 5407 2529 5479 λιμῷ.Ὁὺκ
2567 5407 2678 5463 ἐστι
2718 5411 2893 5482 ῥεῦμα
2936 5407 3182 5482 ποταμοῦ
3220 5412 3443 5482 στῆσαν·

238 5478 569 5551 conjecturae
598 5478 748 5551 iocus
768 5492 931 5544 esset,
957 5478 1264 5551 suspicarer
1290 5484 1667 5546 corrigendum
1700 5484 1793 5537 καὶ
1897 5480 2160 5551 Fluminis
2189 5478 2397 5534 cursum
2424 5484 2604 5533 sistere
2634 5478 2733 5551 non
2763 5478 2901 5534 licet.
2936 5478 3011 5534 lo.

236 5548 306 5601 τὰ
325 5547 569 5618 ῥεύματα
587 5548 863 5613 ὡσαύτως,
881 5562 927 5604 et
954 5547 1309 5605 rivi'similiter
1322 5554 1470 5621 ﬂuvii
1509 5573 1600 5618 ne;
1618 5555 1794 5607 solent

239 5619 386 5673 enim
416 5618 498 5671 hic
523 5618 642 5673 dum
663 5635 824 5674 voces
853 5637 1089 5674 persaepe
1127 5623 1402 5674 coniungi.
1435 5570 1788 5674 GYossarium.

1964 5550 2074 5617 (89)
2118 5551 2179 5602 Τί
2203 5551 2278 5603 ἂν
2310 5552 2555 5621 γένοιτο.
2590 5550 2757 5604 Codd.
2793 5566 2903 5620 reg.
2930 5560 2984 5605 et
3010 5548 3247 5618 Thuan.,
3271 5554 3362 5606 καὶ
3392 5551 3445 5608 τί

1891 5621 1954 5674 ἂν
1983 5619 2208 5674 γένοιτο.
2243 5619 2314 5673 In.

239 5619 386 5692 enim
416 5618 642 5692 hze_duaa
663 5635 833 5692 voces
853 5637 1089 5692 persaepe
1127 5618 1402 5692 conjungi.
1435 5618 1788 5689 Glossarium,
1891 5621 1954 5674 ἂν
1983 5619 2208 5692 γένοιτο.
2243 5619 2314 5692 In.

242 5686 443 5764 ῥεῦμα,
476 5688 762 5761 fluentum;
794 5686 871 5746 sic
905 5686 1047 5747 enini
1078 5686 1306 5747 omen—do
1332 5686 1436 5762 pro
1462 5686 1784 5764 (Iumentum.

1745 5686 1784 5746 τ.
1963 5691 2070 5761 (90)
2109 5691 2233 5745 Ὅτι
2263 5691 2316 5745 δ’
2346 5690 2421 5747 ἂν
2445 5691 2602 5763 εἴπῃ.
2635 5691 2763 5747 Cod.
2795 5692 2956 5759 Med.,
2994 5694 3099 5768 ἕπῃ
3128 5711 3227 5759 τις.
3266 5694 3336 5753 lo.
