4028 6214
431 325 442 340 ι
553 298 652 355 991
1680 311 1737 367 S.
1778 310 2104 367 GREGORII
2141 306 2645 365 TllAUMATURGl
3146 300 3149 301 ν
3682 315 3801 369 993

555 418 722 483 alias,
770 417 875 472 alia
938 434 1195 477 aerumna:
1249 420 1570 493 occasione,
1604 427 1809 482 frustra
1851 427 2091 482 involuto

2217 427 2386 494 ἔγνων
2411 424 2721 497 παραϐολάς
2746 440 2806 477 τε
2832 426 3066 478 συνεῖναι
3089 426 3182 478 καὶ
3215 428 3557 497 πραγμάτων
3581 429 3796 498 φύσεις.

554 510 644 565 ll.
679 509 884 580 Spiritu
919 523 1098 567 autem
1134 517 1445 587 prodigioso
1489 526 1543 573 et
1568 519 1906 576 exsecrando
1934 518 2091 574 omni:

2232 515 2430 587 ’ῼήθην
2461 516 2517 568 δὲ
2544 514 2821 585 τηνάλλως
2855 514 2948 567 ἐπὶ
2977 515 3151 586 τούτῳ
3184 516 3466 586 φέρεσθαι,
3511 518 3604 571 καὶ
3627 521 3800 593 σοφίᾳ

553 601 669 657 haec
706 602 961 659 inferiora
991 607 1150 675 plena
1193 619 1348 674 sunt;
1379 610 1467 664 15.
1491 611 1626 667 adeo
1667 620 1729 666 ut
1758 627 1824 666 ea
1867 610 2091 681 colliger'

2225 608 2323 678 μὲν
2356 607 2554 675 γνῶσιν
2594 606 2857 670 ἕπεσθαι,
2909 604 3106 673 γνώσει
3156 606 3215 661 δὲ
3261 607 3454 672 πόνους
3492 610 3798 664 ἐπακολου-

554 706 715 747 nemo
770 703 965 762 queat;
1000 697 1110 750 imo
1170 712 1239 753 ue
1298 703 1522 756 omnino
1565 703 1782 773 quidem
1843 702 2118 771 cogitare,
2224 699 2356 752 θεῖν-

551 796 756 856 quanta
788 805 875 844 res
927 791 1195 849 humanas
1226 795 1532 853 absurditas
1586 798 1863 853 invaserit.
1908 796 1995 851 l6.
2048 793 2184 849 Nam
2238 809 2362 850 cum
2420 808 2631 848 mecum
2682 794 2797 864 ipse
2859 795 3150 864 aliquando
3196 806 3570 865 reputassem,
3627 806 3794 868 atque

551 882 981 951 existimassem,
1010 900 1099 940 me
1142 887 1395 944 omnibus
1423 890 1518 960 qui
1563 900 1688 947 ante
1726 905 1814 946 me
1844 889 2094 955 fuissent,
2155 888 2259 941 bac
2316 886 2370 940 in
2419 900 2481 940 re
2541 886 2922 956 sapientiorem
2941 902 3123 956 'esse;
3175 888 3262 942 l7.
3332 890 3656 944 inanimum
3701 892 3791 944 in-

550 973 703 1042 duxi,
731 984 844 1030 tum
875 978 1160 1047 parabolas
1183 981 1502 1054 intelligere,
1519 994 1632 1040 tum
1657 1000 1837 1041 rerum
1864 993 2110 1040 naturas.
2164 980 2254 1035 18.
2281 979 2545 1035 Caeterum
2582 980 2855 1036 incassum
2903 982 3034 1036 mihi
3078 982 3145 1036 ad
3193 996 3311 1037 eam
3367 998 3483 1038 rem
3544 985 3791 1040 animum

550 1070 801 1128 conferre
831 1074 983 1130 visus
1017 1090 1138 1130 sum
1160 1093 1183 1142 ;
1215 1078 1383 1147 quod,
1424 1092 1481 1134 ut
1521 1083 1847 1151 sapientiam
1890 1079 2120 1136 scientia
2158 1076 2428 1147 sequitur.
2460 1075 2535 1130 ita
2567 1075 2808 1131 scientia:
2830 1076 3057 1131 comites
3079 1075 3191 1130 sint
3213 1077 3439 1132 labores;

1167 1170 1397 1227 CAPUT
1435 1173 1501 1229 ll.

621 1256 672 1309 Ι.
705 1255 829 1312 llzec
877 1259 1040 1328 igitur
1070 1262 1136 1317 ad
1179 1264 1325 1319 hunc
1366 1266 1588 1320 modum
1639 1281 1697 1321 se
1735 1266 1935 1323 habere
1970 1267 2114 1322 arbi-

550 1354 754 1413 tratus,
788 1350 1021 1405 alterum
1071 1353 1196 1408 vita:
1246 1370 1417 1424 genus
1479 1372 1763 1426 capessere
1816 1359 2109 1428 pmposui,

2817 1171 3063 1225 ΚΕΦΑΛ.
3110 1171 3185 1225 B'.

2288 1258 2459 1312 Τοῦτο
2500 1259 2563 1331 δὴ
2606 1259 2751 1314 τοῦθ’
2783 1260 2954 1325 οὕτως
2996 1260 3140 1331 ἔχειν
3183 1262 3443 1333 νομίσας,
3478 1262 3653 1332 ἔγνων
3695 1264 3789 1318 ἐπὶ

2214 1351 2410 1422 ἑτέραν
2471 1352 2613 1406 ίδέαν
2660 1353 2962 1424 τραπέσθαι
3024 1352 3174 1423 βίου,
3236 1355 3331 1407 καὶ
3385 1355 3633 1409 ἐκδοῦναι
3689 1357 3787 1426 μὲν

546 1438 864 1509 deliciisque
910 1455 1109 1502 memet
1164 1447 1413 1512 tradere,
1468 1450 1757 1519 variasque
1807 1451 2091 1520 voluptate:

2211 1440 2446 1511 ἐμαυτὸν
2480 1444 2682 1512 τρυφῇ,
2724 1444 2917 1513 πεῖραν
2950 1441 3006 1493 δὲ
3036 1441 3219 1495 λαϐεῖν
3258 1442 3460 1512 ἡδονῶν
3500 1444 3784 1497 ποικίλων.

546 1530 799 1598 experiri.
836 1530 1032 1588 Verum
1064 1551 1211 1590 nunc
1253 1537 1438 1592 omnia
1471 1538 1585 1594 haec
1618 1554 1756 1595 vana
1801 1555 1922 1595 esse
1953 1542 2109 1596 intel-

546 1619 652 1674 lexi
696 1640 708 1676 :
764 1621 818 1676 2.
865 1623 1042 1692 Atque
1074 1626 1203 1681 hinc
1257 1629 1427 1682 risum
1473 1630 1747 1697 solutum,
1802 1640 2108 1701 temet-eque

544 1725 827 1780 vagantem
873 1717 1221 1783 compescui;
1264 1717 1391 1773 hinc
1425 1719 1753 1789 voluptatem
1787 1722 1855 1776 ad
1903 1733 2106 1792 tempe—

2210 1531 2322 1584 Νῦν
2354 1533 2533 1586 τοίνυν
2568 1532 2777 1603 συνῆκα
2817 1532 2893 1596 ὡς
2928 1532 2998 1585 τὰ
3023 1530 3245 1585 τοιαῦτα
3285 1533 3488 1604 μάταια
3536 1534 3787 1604 σύμπαν-

2206 1641 2275 1677 τα
2294 1641 2307 1655 ⁸
2332 1624 2425 1677 καὶ
2452 1624 2663 1692 γέλωτα
2699 1625 2796 1696 μὲν
2818 1625 2949 1696 εἰκῆ
2973 1625 3273 1697 φερόμενον
3298 1626 3550 1696 ἐπέσχον,
3590 1627 3787 1699 ἡδονὴν

2208 1714 2265 1767 δὲ
2294 1715 2430 1786 πρὸς
2466 1714 2524 1768 τὸ
2563 1718 2857 1788 σωφρονεῖν
2895 1716 3148 1783 ἐκόλασα,
3192 1717 3402 1789 πικρῶς
3443 1719 3788 1789 ἐπιτιμήσας

545 1802 776 1856 rantiam
823 1806 1073 1870 coerciti,
1130 1807 1429 1877 acerbeque
1476 1810 1526 1863 ei
1576 1812 1881 1866 succensui.
1934 1814 1987 1867 5.
2025 1815 2091 1868 Ac

2205 1803 2363 1873 αὐτῇ.
2422 1804 2789 1875 Λογισάμενος
2854 1802 2944 1868 δὲ,
2987 1805 3069 1857 ὃτι
3112 1804 3257 1876 ψυχὴ
3306 1805 3524 1859 δύναται
3586 1807 3785 1876 στῆσαι

543 1891 679 1958 haec,
737 1909 860 1948 cum
908 1910 1027 1949 eant
1084 1898 1190 1951 vim
1243 1914 1364 1953 esse
1409 1900 1603 1954 anima:
1659 1903 2016 1973 cogitassem,
2048 1917 2106 1960 ut

543 1984 894 2040 temulentam
937 1989 1183 2057 corporis
1236 1997 1488 2044 naturam
1551 2002 1714 2062 atque
1768 1996 1941 2049 instar
1994 1998 2104 2051 vini

540 2075 903 2141 dilllnentem,
952 2079 1145 2133 sistere
1196 2083 1367 2150 possit
1420 2098 1717 2155 rursusque
1775 2087 2103 2144 continentia

540 2168 890 2236 cupiditatem
916 2170 1112 2240 subjici
1154 2188 1218 2227 ac
1252 2174 1512 2228 servitute
1540 2177 1742 2245 premi;
1770 2179 2101 2250 perspicien-

538 2260 667 2313 dum
700 2260 832 2314 mihi
869 2277 991 2317 esse
1034 2266 1328 2331 constitui,
1366 2268 1625 2339 quidnam
1668 2272 1883 2326 tandem
1928 2274 2103 2329 homi-

539 2351 701 2407 nibus
736 2356 1069 2424 propositum
1120 2359 1193 2413 sit
1239 2360 1476 2429 serium,
1524 2378 1756 2432 vereque
1808 2364 2006 2421 bonum
2049 2378 2103 2423 et

540 2444 851 2513 honestum,
878 2450 1023 2517 quod
1047 2449 1100 2504 in
1124 2450 1226 2507 hac
1257 2452 1365 2508 vita
1388 2454 1699 2510 conﬁciant.
1727 2454 1861 2511 Nam
1892 2460 2098 2529 reliqua

535 2536 753 2605 omnia,
802 2553 923 2608 qua:
968 2542 1225 2609 prmclara
1268 2554 1320 2599 et
1364 2545 1723 2604 admiratione
1761 2550 1920 2622 digna
1967 2568 2100 2607 cen-

536 2637 745 2696 sentur,
782 2633 1055 2700 percurri;
1082 2632 1137 2687 4.
1168 2631 1328 2690 Velut
1362 2637 1861 2695 excelsissimarum
1899 2642 2094 2698 aedium

534 2722 857 2789 erectiones,
888 2734 941 2778 et
962 2726 1149 2781 vitium
1179 2729 1548 2796 consitiones;
1596 2732 1647 2786 5.
1673 2732 1850 2804 Atque
1875 2735 2097 2807 insuper

534 2812 822 2869 hortorum
854 2826 1177 2884 structuras,
1204 2818 1696 2894 frugiferarumque
1722 2826 1901 2881 omnis
1935 2844 2096 2898 gene-

534 2901 611 2955 ris
633 2903 888 2957 arborum
914 2907 1309 2974 possessiones,
1328 2910 1706 2981 studiosasque
1730 2914 2091 2981 excultiones;

534 2993 587 3047 ϐ.
619 2990 721 3047 Ubi
749 2995 910 3048 etiam
954 2997 1198 3064 ingentes
1230 2997 1381 3054 lacus
1417 3000 1482 3053 ad
1524 3017 1786 3069 aquarum
1818 3002 2092 3072 except-io-

2209 1891 2510 1962 μεθύουσαν
2544 1893 2640 1946 καὶ
2675 1892 2902 1964 ῥέουσαν
2923 1892 3111 1965 ῶσπερ
3137 1889 3279 1947 οἶνον
3319 1896 3569 1966 σώματος
3596 1897 3781 1965 φύσιν,

2204 1983 2497 2055 ἐγκράτεια
2543 1985 2599 2037 δὲ
2649 1982 2931 2040 δουλοῦται
2998 1984 3320 2057 ἐπιθυμίαν
3387 1988 3783 2059 προεθυμήθην

2203 2074 2458 2139 κατιδεῖν,
2486 2075 2538 2128 τί
2577 2091 2705 2129 ποτε
2745 2074 2830 2147 εἴη
2874 2077 3233 2149 προκείμενον
3272 2077 3580 2151 ἀνθρώποις
3614 2097 3783 2134 σπου-

2200 2165 2365 2233 δαῖον,
2389 2166 2582 2238 καὶτῷ
2607 2166 2719 2221 όντι
2754 2168 2915 2221 καλὸν
2942 2169 2971 2221 ὃ
3003 2169 3441 2240 καταπράξονται
3474 2170 3629 2242 παρά
3656 2189 3783 2227 του-

2201 2256 2314 2308 τονὶ
2338 2255 2431 2308 τὸν
2476 2254 2609 2326 βίον.
2650 2256 3008 2325 Διεξελήλυθα
3035 2256 3143 2329 γὰρ
3181 2258 3250 2311 τὰ
3279 2258 3443 2312 λοιπά
3480 2261 3779 2332 σύμπαντα

2197 2346 2276 2399 ὅσ’
2298 2346 2598 2416 ἀξιάγαστα
2620 2349 2920 2419 νομίζεται,
2948 2351 3109 2404 οἴκων
3133 2367 3192 2403 τε
3226 2352 3589 2424 ὑπερυψήλων
3615 2356 3782 2428 ἀνορ-

2198 2436 2393 2502 θὼσεις
2437 2439 2532 2492 καὶ
2574 2440 2795 2510 φυτείας
2848 2441 3106 2512 ἀμπέλων
3131 2482 3146 2505 ,
3192 2441 3271 2495 ἔτι
3319 2443 3376 2496 δὲ
3425 2446 3776 2516 παραδείσων

2196 2529 2541 2593 κατασκευὰς
2566 2559 2583 2594 -,
2647 2530 2741 2584 ml.
2792 2533 3057 2586 παντοίων
3119 2532 3348 2604 δένδρων
3400 2536 3775 2607 καρποφόρων

2199 2625 2416 2695 κτήσεις
2463 2624 2560 2676 καὶ
2611 2624 2955 2694 ἐπιμελείας*
3018 2625 3152 2677 ὅπου
3220 2625 3279 2679 δὲ
3337 2627 3431 2680 καὶ
3480 2626 3771 2699 δεξαμεναὶ

2200 2713 2428 2783 μεγάλαι
2470 2713 2608 2784 πρὸς
2657 2713 2923 2785 ὑποδοχὰς
2961 2715 3167 2770 ὑδάτων
3211 2718 3765 2789 κατεσκευάσθησαν,

2195 2807 2275 2869 είς
2306 2803 2500 2875 δαψιλῆ
2532 2804 2751 2877 ἀρδείαν
2785 2806 2895 2859 τῶν
2927 2805 3109 2875 φυτῶν
3136 2807 3628 2879 ἀπονενεμημέναι.
3663 2810 3765 2864 Πε-

2197 2895 2519 2967 ριεϐαλόμην
2553 2894 2611 2948 δὲ
2636 2898 2731 2951 καὶ
2771 2897 2994 2950 οἰκετῶν
3029 2896 3229 2969 πλῆθος
3246 2938 3263 2962 ,
3300 2898 3635 2970 θεράποντας
3672 2901 3763 2954 καὶ

2193 2987 2557 3059 θεραπαίνας·
2586 2988 2776 3053 ἄλλους
2811 2991 2908 3061 μὲν
2940 2990 3137 3055 ἔξωθεν
3184 2993 3545 3063 κτησάμενος,
3574 2994 3763 3057 ἄλλους

532 3100 630 3140 nes
659 3085 894 3140 confecti
931 3096 1079 3151 sunt,
1104 3090 1170 3143 ad
1208 3089 1425 3146 uberem
1452 3103 1504 3146 et
1528 3094 1805 3161 copiosam
1835 3094 2089 3148 arborum

2192 3078 2247 3132 δὲ
2276 3081 2370 3135 καὶ
2410 3082 2538 3152 παρ’
2563 3081 2786 3151 ἐμαυτῷ
2817 3081 3141 3151 γενομένους
3177 3082 3285 3153 (91)
3308 3086 3757 3157 καρπωσάμενος.

530 3177 850 3244 rigationem
880 3178 1175 3232 distributi.
1215 3179 1265 3234 7.
1299 3179 1417 3235 Jam
1448 3198 1576 3237 vero
1605 3182 1931 3239 famulorum
1958 3202 2093 3256 quo.

529 3282 637 3337 que
681 3268 896 3338 agmine
938 3280 1120 3338 septus
1172 3269 1247 3325 fui
1273 3312 1287 3335 ,
1324 3280 1439 3327 tum
1478 3276 1649 3330 servis
1695 3284 1810 3330 tum
1851 3279 2091 3346 ancillis;

529 3375 735 3428 eosque
769 3361 965 3429 partim
993 3372 1214 3417 externe
1237 3366 1570 3433 comparavi,
1609 3368 1802 3435 partim
1835 3371 1976 3438 apud
2007 3387 2094 3425 me

531 3462 690 3507 natos
717 3453 953 3522 possedi.
988 3453 1296 3521 Quinetiam
1322 3459 1504 3526 plures
1535 3459 1946 3528 quadrupedum
1976 3464 2094 3517 ani-

528 3544 795 3597 mantium
854 3557 1083 3613 greges,
1119 3554 1233 3600 tum
1279 3546 1445 3602 boum
1494 3558 1606 3603 tum
1671 3552 1969 3620 pecudum,
2036 3555 2091 3609 in

529 3650 731 3703 meam,
773 3651 936 3705 quam
967 3637 1019 3690 in
1056 3638 1378 3708 cujusquam
1410 3655 1598 3695 eorum
1636 3643 1729 3712 qui
1758 3643 1887 3698 olim
1922 3647 2092 3701 exsti-

529 3737 745 3793 terunt,
792 3736 1109 3798 potestatem
1138 3741 1420 3787 venerunt.
1455 3732 1524 3800 .8.
1553 3732 1658 3790 Sed
1683 3746 1735 3791 et
1767 3738 1885 3792 auri
1917 3748 1971 3793 et
2000 3755 2091 3793 ar-

528 3821 673 3890 genti
727 3823 968 3878 thesauri
1002 3823 1135 3879 mihi
1195 3826 1517 3890 afﬂuebant,
1567 3836 1754 3900 utpote
1799 3833 1892 3901 qui
1939 3849 2092 3906 reges

528 3927 720 3965 omnes
750 3926 817 3967 eo
845 3912 1214 3981 adduxissem,
1240 3923 1301 3969 ut
1327 3917 1458 3970 mihi
1484 3928 1538 3972 et
1564 3935 1787 3975 munera
1810 3923 2086 3993 afferrent,

525 4012 581 4055 et
614 4002 817 4055 tributa
856 4004 1249 4072 persolverent.
1286 4003 1553 4061 Praeterea
1593 4010 1743 4064 chori
1786 4013 2088 4081 complures

526 4092 592 4148 ad
616 4109 792 4148 meam
821 4094 1235 4151 oblectationem
1265 4098 1625 4167 agitabantur,
1656 4101 1895 4156 virorum
1926 4105 2089 4159 simul

524 4197 581 4241 et
612 4183 963 4251 feminarum,
1001 4187 1485 4243 concinnissimum
1513 4201 1732 4246 cantum
1760 4202 1814 4247 et
1845 4195 2090 4250 modula-

527 4278 798 4333 tissimum
841 4279 1208 4334 efﬁcientium.
1247 4279 1508 4335 Convivia
1535 4296 1695 4351 porro
1721 4293 1773 4338 et
1801 4284 2086 4353 pincernas

525 4369 682 4441 (nam
709 4372 857 4425 eain
901 4370 1037 4426 hanc
1077 4372 1369 4442 voluptatis
1411 4383 1616 4444 partem
1659 4377 1976 4449 retuleram)
2015 4394 2080 4434 ex

2195 3166 2355 3223 Ζώων
2376 3169 2433 3222 δὲ
2465 3170 2806 3240 τετραπόδων
2846 3169 3059 3237 ἀγέλαι,
3092 3171 3283 3225 πολλαὶ
3310 3173 3406 3242 μὲν
3446 3174 3756 3245 βουκολίων,

2194 3257 2384 3312 πολλαὶ
2419 3259 2477 3313 δὲ
2515 3260 2781 3331 ποιμνίων
2831 3261 2936 3314 ὑπὸ
2980 3261 3084 3334 τὴν
3131 3263 3271 3335 ἐμὴν
3312 3260 3474 3335 ⁴ἦλθον
3517 3267 3757 3331 ἐξουσίαν

2192 3350 2322 3421 παρ’
2355 3350 2594 3404 ὁντινοῦν
2618 3350 2726 3405 τῶν
2748 3350 2933 3406 πάλαι.
2965 3353 3238 3426 Θησαυροί
3263 3372 3322 3408 τε
3346 3356 3552 3428 χρυσοῦ
3574 3376 3636 3412 τε
3668 3360 3757 3413 καὶ

2191 3441 2432 3514 ἀργύρου
2479 3443 2849 3516 προσέρρεον,
2895 3444 3224 3518 δορυφόρους
3263 3447 3373 3518 (92)
3421 3448 3483 3501 τέ
3535 3467 3626 3521 μοι
3670 3452 3760 3505 καὶ

2190 3534 2598 3608 δασμοφόρους,
2639 3537 2765 3600 τοὺς
2809 3537 3060 3591 ἁπάντων
3096 3537 3331 3608 βασιλεῖς
3382 3543 3758 3617 πεποιημένῳ.

2190 3626 2353 3695 Χοροί
2403 3644 2462 3680 τε
2506 3627 2923 3700 συνεκροτοῦντο
2973 3629 3358 3701 παμπληθεῖς,
3402 3633 3652 3705 ἀρρένων
3703 3636 3760 3690 δέ

2190 3735 2250 3771 τε
2276 3718 2383 3791 (95)
2409 3718 2543 3791 ὁμοῦ
2570 3720 2663 3774 καὶ
2686 3719 2910 3792 θηλειῶν
2927 3722 3006 3785 εἰς
3026 3720 3121 3793 τὴν
3146 3723 3284 3793 ἐμὴν
3307 3723 3519 3796 τέρψιν,
3540 3744 3751 3801 παναρ-

2192 3808 2368 3880 μόνιον
2416 3810 2780 3865 ἐκπονούντων
2840 3811 3000 3883 ᾠδήν.
3094 3813 3377 3885 Συμπόσιά
3413 3833 3479 3884 γε
3524 3817 3632 3889 μὴν
3667 3822 3761 3873 καὶ

2187 3901 2453 3972 οἰνοχόους
2494 3904 2575 3966 είς
2616 3901 2774 3956 τοῦτο
2827 3902 3072 3970 ἀπέταξα
3099 3906 3199 3978 τῆς
3241 3906 3452 3977 τρυφῆς
3488 3908 3656 3980 μέρος
3702 3911 3762 3975 ἐξ

2188 3993 2444 4064 ἐκατέρου
2495 3994 2683 4062 γένους
2730 3994 3029 4065 ἀνθρώπων
3077 3995 3481 4068 ἐξειλεγμένους
3500 4040 3516 4063 ,
3546 4000 3655 4055 οὐδ’
3692 4004 3760 4057 ἂν

2187 4084 2506 4154 καταλέγειν
2530 4084 2729 4156 ἔχοιμι,
2754 4086 3005 4141 τοσοῦτον
3031 4087 3364 4160 ὑπερέϐαλον
3389 4089 3605 4156 τούτοις
3630 4094 3761 4159 τοὺς

2186 4177 2290 4249 πρὸ
2333 4177 2467 4249 ἐμοῦ
2523 4177 2944 4248 βασιλεύσαντας
3010 4180 3378 4253 Ἰερουσαλήμ.
3418 4178 3552 4237 Εἶτα
3603 4184 3760 4238 συνέ-

2185 4268 2356 4335 ϐαινε,
2385 4269 2454 4323 τὰ
2482 4270 2581 4340 μὲν
2605 4272 2702 4342 τῆς
2727 4273 2914 4342 σοφίας
2940 4290 3029 4344 μοι
3060 4273 3428 4340 ἐλαττοῦσθαι,
3461 4276 3757 4349 πληθύνειν

2182 4360 2239 4414 δὲ
2259 4360 2326 4414 τὰ
2348 4361 2448 4431 τῆς
2476 4361 2576 4415 ούκ
2606 4363 2814 4435 ἀγαθῆς
2851 4365 3166 4435 ἐπιθυμίας.
3208 4367 3378 4420 Παντὶ¹
3407 4366 3515 4439 γὰρ
3550 4368 3757 4438 ὀφθαλ-

526 4473 759 4533 utroque
803 4462 1084 4517 hominum
1131 4479 1261 4519 sexu
1301 4465 1573 4528 delectos,
1622 4479 1675 4522 et
1706 4470 1970 4536 eximios,
2012 4488 2081 4527 ne

2192 4449 2300 4522 μῶν
2321 4469 2381 4505 τε
2416 4452 2769 4522 δελεάσματι,
2813 4459 2906 4508 καί⁸
2951 4455 3176 4528 καρδίας
3236 4458 3491 4529 ἀκράτοις
3550 4462 3755 4531 ὁρμαῖς

524 4564 754 4604 numero
812 4550 1033 4619 quidem
1076 4554 1356 4634 complecti
1396 4556 1632 4625 possim;
1677 4558 1731 4613 9.
1758 4560 1908 4616 Adeo
1953 4561 2076 4626 his,

523 4656 716 4695 onmcs
754 4641 847 4710 qui
885 4654 1009 4697 ante
1048 4660 1132 4699 me
1158 4643 1546 4718 Hierosolymis
1586 4662 1898 4721 regnarunt,
1930 4664 2082 4709 ante-

426 4784 429 4789 ,
522 4731 703 4788 cellui.
734 4731 872 4787 Hinc
904 4743 1085 4788 autem
1128 4738 1504 4808 contingebat,
1537 4750 1597 4796 ut
1624 4743 1757 4798 mihi
1791 4753 1844 4800 et
1872 4745 2082 4815 sapien-

522 4825 596 4879 tia
646 4822 1094 4887 imminueretur,
1138 4835 1193 4880 et
1238 4828 1433 4885 vitiosa
1471 4832 1740 4900 cupiditas
1794 4845 2077 4891 cresceret.

525 4915 611 4970 10.
627 4914 762 4975 Nam
785 4931 910 4971 cum
941 4917 1196 4973 omnibus
1212 4921 1493 4977 oculorum
1524 4923 1809 4992 illecebris,
1832 4937 1884 4981 et
1909 4927 2081 4998 impo-

523 5008 762 5062 tentibus
802 5006 1282 5080 petulantibusque
1303 5013 1483 5070 cordis
1514 5014 1797 5071 desideriis
1843 5019 2080 5088 undique

524 5101 954 5167 incursantibus,
982 5108 1123 5157 totas
1155 5103 1395 5161 habenas
1422 5109 1813 5177 permisissem,
1838 5126 1902 5164 ac
1929 5112 2077 5166 voluo

594 5297 1136 5371 (91)Γενομέτους.
1196 5300 1328 5356 Cod.
1379 5302 1604 5369 Medic.,
1652 5302 1920 5371 γενέσθαι.
1973 5305 2079 5361 Du-

523 5384 689 5428 caus.

598 5439 710 5515 (Si?)
750 5443 1143 5515 Δορυφόρρυς.
1174 5441 1474 5515 Scripserat
1505 5445 1556 5498 in
1583 5446 1823 5515 margine
1845 5444 1967 5499 libri
1990 5446 2077 5501 sui

529 5507 754 5565 Basilere
781 5507 1238 5588 eirusi'Billius:
1288 5507 1428 5580 Quid
1471 5516 1517 5569 si
1557 5507 1936 5588 δωροφόρουςῖ
1982 5517 2077 5572 sed

527 5588 833 5656 transversa
858 5584 998 5656 linea
1024 5585 1392 5653 conjecturam
1421 5601 1573 5641 suam
1594 5584 1884 5656 jugula'rat,
1915 5603 2077 5656 quam

528 5657 711 5729 tamen
742 5653 798 5729 in
838 5668 936 5707 sua
975 5655 1413 5729 interpretatione
1451 5653 1898 5729 secat—ns'eSLUSi
1927 5653 2079 5729 δορυ-

532 5717 724 5795 φόρους
752 5720 916 5789 legas,
947 5717 1197 5783 satellites
1225 5727 1305 5808 vel
1330 5728 1653 5798 apparitore:
1692 5717 2077 5800 intelliges.'At

2179 4544 2353 4612 ἐφιεὶς
2383 4545 2717 4615 πανταχόθεν
2760 4548 3260 4617 προσπιπτούσαις,
3301 4549 3502 4620 ἡδονῶν
3535 4551 3755 4608 ἐλπίσιν

2179 4633 2408 4703 ἐμαυτὸν
2467 4634 2809 4699 ἐκδεδωκώς·
2860 4639 2954 4691 καὶ
3016 4639 3218 4704 πάσαις
3265 4643 3496 4712 τρυφαῖς
3550 4641 3753 4697 δειλαί-

2179 4743 2265 4790 αις
2309 4726 2471 4798 (94),
2540 4728 2640 4799 τὴν
2704 4728 2941 4799 ἐμαυτοῦ
3008 4732 3342 4803 ἐγκατέδησα
3405 4734 3745 4806 προαίρεσιν.

2179 4817 2333 4872 Οὕτω
2384 4818 2493 4890 γάρ
2548 4836 2650 4890 μου
2710 4821 2766 4873 αἱ
2837 4820 3160 4893 ἐνθυμήσεις
3188 4863 3203 4889 ,
3270 4826 3351 4888 εἰς
3405 4826 3748 4897 δυσπραγίαν

2178 4906 2479 4978 ἠνέχθησαν
2498 4949 2514 4973 ,
2545 4908 2621 4973 ὡς
2664 4907 2838 4963 ταῦτα
2887 4910 2987 4980 μὲν
3028 4906 3167 4965 εἶναι
3232 4913 3407 4976 καλά,
3456 4913 3628 4967 ταῦτα
3684 4916 3745 4970 δέ

2182 5014 2270 5068 μοι
2322 5007 2616 5072 προσήκειν
2670 5001 3092 5072 διαπράττεσθαι
3139 5005 3399 5075 νομίζειν.
3441 5004 3570 5061 Εἶτα
3609 5010 3745 5064 ποτὶ

2178 5088 2450 5161 ἀνανήψας
2495 5089 2606 5159 ἐγὼ
2654 5093 2747 5146 καὶ
2766 5125 2772 5133 -
2794 5092 3096 5163 ἀναϐλέψας
3118 5133 3135 5160 ,
3197 5097 3441 5152 κατεῖδον
3485 5099 3627 5172 άπερ
3679 5101 3744 5155 ἐν

2177 5306 2504 5386 suffragatur
2529 5309 2682 5365 alteri
2710 5311 2928 5366 lectioni
2956 5312 3237 5385 Scriptura
3267 5313 3331 5369 Ill
3359 5315 3494 5386 Reg.
3520 5333 3597 5383 Ix,
3621 5320 3697 5377 24
3719 5340 3741 5379 :

2178 5377 2451 5461 Et‘om'ttes
2486 5395 2626 5461 reges
2664 5390 2816 5461 terra;
2852 5377 3151 5454 quwrebdnt
3192 5386 3381 5455 faciem
3411 5377 3737 5461 Βῖιιοηίοηὶε,

2175 5457 2227 5502 et
2249 5448 2483 5517 ferebant
2506 5449 2664 5503 dona.
2698 5450 2773 5505 In.

2250 5518 2362 5604 (.9'5)
2410 5518 2687 5604 Ἇρῤένωγ
2713 5521 2780 5604 δέ
2806 5540 2890 5577 τε.
2933 5522 3125 5579 Medic.
3155 5526 3277 5581 cod.
3317 5526 3493 5583 deleto
3519 5528 3577 5584 δὲ
3605 5530 3740 5604 legit

2177 5588 2422 5661 ἀρρένων
2445 5606 2505 5642 τε
2532 5589 2687 5661 ὁμοῦ.
2717 5591 2792 5647 In.
2927 5608 2944 5622 '

2270 5658 2360 5741 9})
2380 5658 2709 5741 7485101051.
2756 5662 2941 5741 §avilii
2970 5665 3138 5741 code;
3178 5665 3459 5741 Anglicus
3479 5669 3732 5741 δείλαιος.

2177 5726 2351 5785 Paulo
2373 5738 2496 5801 post
2522 5746 2624 5787 ms.
2658 5726 2871 5802 Medio,
2899 5734 3147 5807 μοχθηρά
3166 5753 3222 5790 τε
3256 5726 3408 5808 Spei.
3444 5737 3520 5796 In.
