4028 6214
194 279 304 333 995

197 397 386 473 χερσὶν
448 391 625 467 εἶχον,
697 395 945 468 μοχθηρά
1013 395 1147 466 ὁμοῦ
1225 396 1319 449 καὶ

198 488 508 559 πνεύματος
531 488 632 540 ούκ
666 486 870 556 ἀγαθοῦ
909 489 1206 556 ποιήματα.
1238 485 1402 539 Οὐδὲν
1437 484 1545 557 γάρ
1594 483 1770 538 ότιοῦν

199 579 294 634 ὑπ’
340 577 638 648 ἀνθρώπων
680 578 981 650 ᾑρημένον,
1023 577 1318 630 ἀποδεκτόν
1360 572 1498 630 εἷναί
1543 592 1630 644 μοι
1675 573 1770 627 νῦν

197 671 589 740 καταφαίνεται
638 670 731 722 καὶ
784 669 1244 740 περισπούδαστον
1298 667 1442 738 όρθῷ
1505 663 1767 735 λογισμῷ.

199 761 659 830 Συλλογισάμενος
707 754 798 812 οὖν
845 758 914 811 τά
957 775 1014 810 τε
1063 757 1252 826 σοφίας
1299 755 1510 824 ἀγαθὰ,
1559 755 1654 808 καὶ
1703 753 1771 806 τά

198 853 511 924 ἀφροσύνης
543 851 708 914 κακά,
740 851 962 914 εἰκότως
993 850 1058 904 ἂν
1089 849 1288 913 ἱκανῶς
1321 849 1650 919 θαυμάζοιμι
1681 847 1772 900 ἀν-

198 945 306 1016 δρα
347 945 611 1008 τοιοῦτον,
640 942 699 1006 ὃς
731 960 814 1006 τις
837 942 1134 1013 φερόμενος
1163 940 1398 1009 ἀλόγως·
1427 939 1616 992 ἔπειτα
1655 939 1772 991 ἑαυ-

196 1035 294 1087 τοῦ
323 1034 620 1104 λαϐόμενος
639 1073 654 1097 ,
696 1034 774 1094 είς
799 1031 859 1084 τὸ
897 1031 1016 1084 δέον
1059 1029 1374 1100 ἐπιστρέψει
1404 1029 1533 1098 (95).
1563 1028 1770 1099 Φρονη-

197 1141 337 1188 σεως
365 1124 471 1196 γὰρ
503 1125 596 1177 καὶ
623 1122 960 1194 ἀφροσύνης-
991 1121 1123 1175 πολὺ
1155 1121 1216 1174 τὸ
1247 1121 1428 1192 μέσον,
1457 1119 1687 1189 διαφορὰ
1714 1119 1771 1171 δὲ

195 1219 399 1288 ἀμφοῖν
429 1215 685 1286 τοσαύτη,
710 1216 808 1284 ὅση
840 1231 946 1284 περ
974 1213 1183 1284 ἡμέρας
1213 1213 1348 1282 πρὸς
1379 1212 1564 1264 νύκτα.
1588 1212 1773 1263 Ἔοικε

193 1309 377 1361 τοίνυν
400 1348 415 1370 ,
445 1309 474 1360 6
507 1307 602 1377 μὲν
640 1305 838 1377 ἀρετὴν
869 1304 1144 1375 ᾑρημένος
1164 1342 1178 1365 ,
1207 1303 1422 1374 τρανῶς
1463 1320 1523 1354 τε
1567 1302 1771 1356 ἕκαστα

196 1397 289 1449 καὶ
314 1396 428 1450 ἀνω
457 1395 699 1466 βλέποντι
719 1410 732 1423 ⁸
766 1394 889 1462 τῆς*
921 1409 980 1444 τε
1011 1391 1205 1444 ἑαυτοῦ
1231 1391 1454 1463 πορείας
1473 1430 1487 1453 ,
1519 1391 1768 1462 λαμπρο-

193 1488 360 1540 τάτου
404 1488 634 1557 φέγγους
683 1485 859 1557 καιρῷ
909 1485 1298 1556 πεποιημένῳο
1341 1485 1369 1536 6
1409 1485 1454 1537 δ’
1504 1481 1569 1536 αὖ
1605 1484 1771 1555 κακία

195 1579 674 1649 ἐμπεπλεγμένος,
701 1579 794 1632 καὶ
817 1577 988 1647 πλάνῃ
1018 1575 1243 1646 παντοία
1274 1575 1347 1638 ὡς
1374 1576 1434 1628 ὲν
1466 1578 1771 1647 σκοτομηνῃ

199 1669 540 1739 πλανωμένῳ
564 1711 578 1734 ,
613 1667 808 1736 τυφλός
843 1684 903 1719 τε
934 1665 1007 1718 ῶν
1051 1667 1150 1737 τὴν
1199 1664 1496 1738 πρόσοψιν,
1540 1665 1635 1718 καὶ
1667 1665 1770 1717 ὑπὸ

195 1762 291 1814 τοῦ
332 1738 551 1824 σκότους
582 1760 688 1814 τῶν
717 1759 1054 1834 πραγμάτων
1075 1758 1425 1830 ἀφῃρημένος
1453 1758 1582 1828 (96).
1609 1757 1771 1821 Τέλος
1802 1738 1842 1790 Β

193 1853 247 1905 δὲ
282 1854 578 1923 ἐπινοήσας
611 1853 871 1923 ἐκατέρου
901 1851 1009 1904 τῶν
1045 1850 1172 1920 βίων
1205 1849 1408 1902 τούτων
1440 1849 1631 1918 ὲγὼ’τὸ
1653 1849 1768 1903 διά-

196 1959 384 2014 φορον,
411 1938 777 2013 εὗρονοούδὲν,
813 1943 906 1995 καὶ
933 1941 1007 2006 ὡς
1040 1941 1293 1994 κοινωνὸν
1319 1941 1567 2012 ἀφρόνων
1603 1945 1772 2012 ἐμαυ-

195 2035 286 2086 τὸν
325 2036 704 2105 καταστήσας,
738 2035 806 2087 τά
853 2035 952 2104 τῆς
987 2033 1297 2105 ἀφροσύνης
1341 2034 1589 2105 ἐπίχειρα
1629 2034 1773 2099 δέξο-

197 2144 320 2196 μαι.
366 2127 429 2178 Τί
454 2127 562 2197 γὰρ
601 2127 633 2197 ἢ
676 2126 784 2178 τῶν
818 2127 1166 2196 σοφισμάτων
1195 2126 1417 2178 ἐκείνων
1460 2125 1662 2194 ἀγαθὸν
1685 2165 1698 2189 ,
1733 2128 1766 2198 ἢ

196 2218 328 2270 ποία
353 2217 536 2290 ὄνησις
563 2219 670 2270 τῶν
703 2217 910 2270 πολλῶν
934 2217 1129 2286 λόγων,
1151 2219 1286 2270 ὅπου
1314 2234 1379 2285 γε
1407 2217 1476 2270 τά
1506 2217 1771 2290 φλυαρίας

197 2310 466 2379 ῥεύματα,
505 2308 690 2378 ὥσπερ
721 2311 784 2360 ὲκ
815 2309 996 2379 πηγῆς
1023 2311 1256 2380 ὁρμᾶται
1289 2309 1391 2380 τῆς
1429 2311 1766 2382 ἀφροσύνης;

196 2401 356 2470 Σοφῴ
381 2401 439 2453 δὲ
468 2401 561 2453 καὶ
590 2401 781 2470 ἄφρονι
811 2401 986 2453 κοινὸν
1011 2401 1183 2463 οὐδὲν,
1216 2401 1277 2454 ού
1307 2401 1445 2455 κατά
1471 2402 1770 2474 ἀνθρώπων

197 2492 439 2560 μνήμην,
465 2490 526 2541 ού
552 2489 692 2542 κατά
713 2489 847 2542 Θεοῦ
879 2490 1132 2562 ἀμοιϐήν.
1164 2490 1285 2543 Τῶν
1309 2491 1352 2544 δ’
1384 2495 1440 2544 ὲν
1465 2492 1770 2564 ἀνθρώποις

195 2583 536 2652 πραγμάτων
557 2623 571 2647 ,
605 2581 684 2634 ἐτι
714 2583 976 2652 ἄρχεσθαι
1008 2582 1306 2636 δοκούντων
1327 2623 1340 2647 ,
1376 2584 1474 2655 ἤδη
1519 2584 1580 2637 τὸ
1615 2586 1770 2648 τέλος

195 2675 560 2744 ἐπιλαμϐάνει
597 2675 873 2728 ἁπάντων.
923 2675 1094 2743 Σοφὸς
1125 2675 1180 2727 δὲ
1229 2675 1482 2728 οὐδέποτε
1527 2676 1770 2748 ἀσυνέτῳ

192 2766 294 2820 τοῦ
325 2767 488 2820 αὑτοῦ
517 2769 762 2820 κοινωνεῖ
801 2766 1006 2830 τέλους.
1049 2766 1316 2838 Ἐμίσησα
1346 2766 1524 2819 τοίνυν
1556 2767 1648 2819 καὶ
1680 2767 1770 2819 τὸν

195 2858 264 2912 σύ
275 2858 498 2928 μπαντά
525 2876 620 2928 μου
644 2859 775 2928 βίον,
792 2859 882 2911 τὸν
907 2861 964 2911 ὲν
994 2861 1106 2921 τοῖς
1129 2859 1376 2928 ματαίοις
1399 2858 1765 2922 ἀναλωθέντα,

189 2952 253 3006 ὃν
281 2953 544 3022 διήγαγον
571 2956 682 3016 τοῖς
715 2953 843 3022 περὶ
874 2952 978 3022 γῆν
1013 2953 1194 3015 πόνοις
1236 2951 1637 3024 προστετηκὼς.
1683 2951 1771 3014 Ὦς

1267 271 1749 327 METAPHBASIS
1790 269 1859 326 ΙΝ
1897 271 2428 329 ECCLESIASTEN.

1429 394 1751 464 παγχάλεπα
1769 441 1770 444 η

1889 403 2095 462 ptatum
2119 395 2232 463 spei
2259 411 2346 450 me
2372 396 2546 465 ipsum
2570 394 2926 460 dedidissem;
2956 395 3169 452 miseris
3190 398 3443 454 omnibus

3337 279 3444 335 996

1869 485 2074 540 deliciis
2121 487 2289 540 animi
2335 487 2658 540 voluntatem
2712 487 2958 541 astrinxi.
3021 487 3147 542 Mea:
3209 504 3445 558 namque

1869 575 2225 643 cogitationes
2271 591 2336 631 eo
2385 576 2719 631 infelicitatis
2751 578 3014 647 prolapsae
3037 588 3201 647 sunt,
3238 589 3296 634 ut
3329 581 3444 637 haec

1873 669 2100 723 honesta
2133 679 2186 721 et
2217 673 2451 740 egregia,
2487 671 2757 741 dignaque
2787 686 2908 739 quae
2939 669 3170 725 facerem
3205 674 3443 728 arbitra-

1871 774 1978 813 rer.
2040 759 2124 813 Η.
2162 759 2400 814 Tandem
2435 776 2562 815 vero
2593 761 3024 831 expergefactus,
3077 771 3238 832 atque
3269 765 3443 820 oculis

1871 854 2186 911 restitutus,
2239 867 2300 905 ea
2336 868 2457 921 quae
2488 853 2541 905 in
2568 852 2820 907 manibus
2853 853 3139 919 habebam,
3175 855 3442 926 ﬂagitiosa

1871 941 2031 994 simul
2078 941 2497 1010 acerbitatisque
2556 943 2714 1011 plena
2772 959 2892 997 esse
2935 946 3219 1012 perspexi,
3279 945 3441 1014 spiri-

1872 1040 2064 1101 tusque
2081 1048 2185 1087 non
2205 1033 2329 1088 boni
2347 1034 2579 1103 opilicia.
2600 1032 2783 1103 Neque
2803 1035 2946 1087 enim
2967 1036 3134 1089 ullum
3159 1036 3440 1091 hominum

1869 1125 2106 1180 studium
2157 1125 2386 1194 vitaeque
2433 1126 2736 1180 institutum
2789 1128 3248 1196 comprobandum
3309 1129 3441 1183 mihi

1869 1233 2015 1270 nunc
2045 1216 2275 1280 videtur,
2335 1232 2432 1270 nec
2483 1226 2630 1271 recto
2669 1218 2873 1286 judicio
2924 1221 3308 1288 expetendum.
3351 1223 3437 1276 12.

1869 1307 2099 1362 Proinde
2125 1317 2301 1360 mente
2328 1308 2568 1362 collectis
2591 1317 2643 1362 et
2669 1309 2948 1377 sapientia:
2983 1311 3144 1366 bonis
3177 1325 3228 1368 et
3261 1315 3442 1368 stulti-

1870 1399 1958 1452 tiae
1989 1397 2166 1463 malis,
2202 1412 2394 1466 magna
2420 1397 2564 1452 hunc
2593 1398 2769 1452 virum
2799 1400 3155 1456 admiratione
3178 1418 3439 1472 prosecu-

1873 1499 1957 1544 tus
2009 1488 2239 1551 fuerim,
2290 1488 2384 1558 qui
2428 1504 2551 1542 eum
2602 1505 2839 1559 praeceps
2865 1489 3094 1546 ferretur
3134 1502 3442 1564 temereque

1871 1575 2177 1650 vagaretur,
2222 1589 2406 1648 postea
2457 1591 2634 1634 mente
2666 1590 2902 1649 recepta,
2947 1584 3011 1636 ad
3041 1584 3294 1639 virtutem
3325 1587 3441 1640 ofﬁ-

1870 1671 2125 1739 ciumque
2169 1671 2346 1724 rediit.
2408 1671 2494 1724 15.
2533 1669 2824 1725 Prudentia
2869 1673 3015 1726 enim
3066 1683 3119 1727 et
3167 1675 3440 1732 dementia

1872 1779 2066 1831 magno
2099 1760 2388 1815 interstitio
2430 1761 2712 1830 disjunctte
2743 1771 2892 1827 sunt,
2942 1780 3040 1818 nec
3073 1765 3254 1820 minus
3297 1766 3440 1822 inter

1871 1865 2155 1924 utramque
2197 1864 2280 1908 est
2323 1854 2654 1909 discriminis
2699 1871 2864 1924 quam
2911 1856 3050 1910 inter
3091 1859 3230 1912 diem
3256 1869 3309 1914 et
3340 1876 3438 1914 no-

1870 1957 2031 2000 ctem.
2075 1945 2160 1999 M.
2187 1944 2447 2010 Quocirca
2477 1945 2568 2013 qui
2592 1945 2844 2000 virtuti-n1
2868 1948 3148 2016 amplexus
3170 1958 3271 2015 est,
3297 1949 3439 2004 haud

1869 2035 2000 2088 mihi
2035 2035 2104 2088 ab
2135 2050 2200 2088 co
2229 2034 2444 2088 dilTerre
2475 2034 2706 2098 videtur,
2742 2036 2835 2105 qui
2865 2052 2976 2089 rem
3004 2053 3441 2109 unamquamque

1871 2127 2154 2197 perspicue
2198 2127 2392 2191 cernit,
2437 2142 2764 2196 sursumque
2816 2139 3154 2198 prospectat,
3203 2131 3441 2185 clarissi-

1871 2230 2078 2283 maeque
2106 2213 2241 2269 lucis
2276 2223 2516 2283 tempore
2543 2216 2645 2269 iter
2669 2216 2797 2272 facit
2825 2218 2862 2270 ‘.
2918 2218 3119 2272 Contra
3149 2221 3240 2287 qui
3272 2236 3329 2274 sc
3360 2221 3441 2274 vi-

1873 2306 1946 2359 tio
1980 2305 2241 2377 implicuit
2275 2307 2562 2374 omnisque
2591 2308 2804 2378 generis
2832 2311 3134 2370 erroribus,
3172 2311 3316 2364 haud
3353 2314 3446 2367 ab-

1872 2395 2066 2450 similis
2120 2405 2202 2450 est
2246 2395 2452 2449 homini
2494 2397 2548 2450 in
2592 2398 2857 2466 profunda
2894 2400 3122 2470 caligine
3147 2401 3440 2465 obcrranti,

1869 2488 2067 2557 quippe
2119 2488 2212 2556 qui
2259 2488 2499 2542 ezecitate
2550 2489 2773 2544 allectus
2823 2491 2912 2555 sit,
2949 2502 3112 2560 atque
3142 2508 3170 2546 a
3199 2493 3443 2563 negotio-

1870 2595 1991 2633 rum
2044 2578 2280 2632 tenebris
2327 2579 2665 2633 exoeulatus.
2729 2581 2814 2635 15.
2866 2581 3108 2652 Denique
3160 2583 3442 2653 utriusque

1871 2667 2064 2722 harum
2091 2670 2323 2724 vitarum
2353 2669 2710 2725 differentiam
2737 2673 2920 2725 animo
2965 2682 3279 2736 assecutus,
3308 2677 3442 2730 nihil

1871 2772 2059 2832 postea
2107 2765 2281 2832 reperi
2306 2801 2322 2827 ,
2378 2764 2508 2833 quin
2541 2765 2670 2818 illud
2712 2767 2891 2834 potius
2935 2765 3073 2832 fore,
3101 2778 3157 2822 ut
3186 2769 3229 2824 si
3264 2785 3348 2823 me
3374 2769 3441 2823 ad

1872 2855 2162 2910 stultorum
2217 2855 2527 2910 societatem
2585 2873 2649 2912 ac
2695 2857 3004 2913 sodalitium
3068 2860 3439 2926 contulissem,

1872 2949 2114 3004 stultitiae
2146 2949 2366 3018 praemia
2400 2951 2755 3020 perciperent.
2816 2951 2953 3018 Quid
2995 2953 3134 3007 enim
3179 2969 3242 3008 ex
3283 2970 3444 3024 argu-

194 3045 306 3116 γάρ
364 3044 631 3097 συνελόντι
692 3045 892 3115 φάναι,
949 3043 1127 3097 πάντα
1180 3061 1267 3114 μοι
1306 3044 1562 3114 λυπηρῶς
1607 3046 1770 3114 ἐκμε-

1875 3041 1967 3094 tiis
2005 3041 2113 3095 illis
2143 3042 2415 3096 commodi
2447 3042 2672 3109 referri,
2710 3051 2804 3097 aut
2830 3043 2956 3113 quid
2988 3042 3198 3100 fructus
3221 3061 3287 3100 ex
3318 3062 3444 3115 pro-

198 3137 462 3208 μόχθηται
495 3137 672 3208 ὁρμῆς
711 3137 992 3204 ἀλογίστου
1036 3136 1300 3206 γενόμενα
1331 3138 1644 3207 ποιήματα·
1679 3136 1771 3189 καὶ

194 3233 494 3298 eaeeae-.45
525 3249 612 3296 ⁶τις
644 3233 781 3286 αύτά
817 3233 1021 3302 ἕτερος,
1047 3233 1155 3284 είτε
1191 3232 1373 3301 σοφὸς,
1405 3232 1512 3284 εἴτε
1541 3232 1766 3301 ἠλίθιος,

196 3325 296 3387 τὰς
336 3325 552 3396 ψυχρὰς
579 3323 686 3376 τῶν
733 3323 880 3394 ἐμῶν
911 3324 1174 3393 καμάτων
1208 3323 1559 3394 ἐπικαρπίας.
1614 3325 1772 3378 Ἀπο-

197 3413 484 3484 λαϐομένῳ
523 3413 581 3466 δέ
614 3429 702 3484 μοι
734 3412 908 3465 ταῦτα
940 3412 1034 3464 καὶ
1065 3412 1460 3484 ἀπορρίψαντι,
1493 3415 1768 3486 κατεφάνη

195 3505 263 3558 τά
294 3505 372 3575 τῷ
404 3505 515 3557 ὄντι
550 3503 729 3573 ἀγαθὰ
772 3503 1105 3575 προκείμενα
1149 3503 1450 3573 ἀνθρώπῳ,
1487 3506 1674 3574 σοφίας
1711 3523 1769 3559 τε

196 3597 436 3664 γνῶσις,
472 3598 567 3650 καὶ
594 3595 784 3665 κτῆσις
827 3594 1093 3666 ἀνδρείας.
1131 3595 1192 3646 Εἰ
1229 3593 1286 3646 δέ
1319 3612 1402 3657 τις
1436 3596 1636 3650 τούτων
1673 3598 1770 3668 μὲν

194 3690 296 3742 ούκ
353 3689 688 3759 ἐφῴντισεν,
724 3686 926 3756 ἑτέρων
953 3685 1010 3737 δὲ
1039 3685 1318 3754 ἐπτόηται,
1357 3687 1384 3736 6
1414 3686 1648 3750 τοιοῦτος
1697 3688 1772 3740 εἵ-

195 3784 318 3836 λετο
355 3784 454 3854 μὲν
501 3780 711 3852 πονηρὰ
752 3779 873 3832 ἀντὶ
915 3776 1133 3845 ἀγαθῶν
1159 3815 1173 3839 ,
1229 3777 1457 3848 μετῆλθε
1485 3777 1542 3831 δὲ
1574 3781 1770 3858 κακίαν

196 3877 317 3930 ἀντὶ
346 3873 732 3946 χρηστότητος,
750 3871 844 3924 καὶ
866 3869 1062 3940 μόχθον
1090 3868 1204 3922 ἀνθ’
1232 3869 1478 3938 ἡσυχίας,
1511 3870 1770 3940 ταράχοις

197 3968 463 4030 ποικῡοις
503 3964 955 4036 περιελκόμενος,
987 3961 1202 4032 νύκτωρ
1231 3978 1290 4012 τε
1336 3961 1429 4015 καὶ
1477 3961 1592 4032 μεθ’
1636 3961 1769 4032 ὴμέ-

200 4077 301 4132 ραν
333 4059 688 4128 συνεχόμενος
719 4055 806 4108 ἀεὶ
829 4097 843 4120 ,
893 4054 1143 4125 σώματός
1187 4071 1245 4106 τε
1279 4054 1556 4122 ἐπείγουσι
1588 4054 1770 4124 καμά-

195 4171 341 4216 τοις,
376 4153 470 4205 καὶ
500 4151 677 4221 ψυχῆς
719 4149 998 4220 φροντίσιν
1042 4147 1437 4211 ἀδιαλείπτοις,
1471 4145 1770 4216 σφαδαζού-

199 4261 302 4315 σης
345 4241 493 4312 αὐτῷ
528 4241 628 4310 τῆς
670 4238 924 4310 καρδίας,
973 4237 1274 4291 ἀλλοκότων
1306 4238 1468 4291 ἓνεκα
1517 4237 1771 4309 πραγμά-

192 4353 324 4389 των.
370 4334 446 4387 Οὐ
479 4332 588 4404 γὰρ
619 4332 678 4384 τὸ
706 4330 910 4382 τέλειον
942 4328 1144 4397 ἀγαθὸν
1191 4331 1316 4400 περὶ
1350 4329 1548 4400 βρῶσίν
1578 4347 1638 4382 τε
1677 4329 1768 4382 καὶ

1871 3133 1996 3187 lixis
2019 3133 2362 3187 sermonibus
2394 3134 2572 3203 colligi
2606 3143 2818 3203 potest;
2852 3150 2976 3189 cum
3009 3136 3225 3204 quidem
3253 3137 3446 3201 loqua-

1871 3226 2051 3279 citatis
2105 3226 2422 3293 importume
2469 3224 2691 3280 ﬂumina
2744 3225 2812 3280 ab
2859 3226 3170 3296 insipientia
3215 3229 3361 3281 velut
3411 3244 3442 3282 a

1872 3317 2021 3372 fonte
2068 3319 2351 3372 oriantur?
2398 3317 2483 3371 l6.
2520 3317 2758 3387 Sapienti
2801 3336 2960 3388 porro
3004 3329 3056 3373 et
3083 3320 3278 3374 stolido
3308 3323 3442 3375 nihii

1870 3425 2157 3464 Commune
2199 3419 2317 3476 est,
2366 3426 2460 3464 nec
2511 3419 2774 3479 quantum
2823 3411 2889 3466 ad
2923 3411 3199 3466 hominum
3239 3429 3445 3467 memo-

1873 3502 2048 3566 riam,
2099 3517 2197 3555 nec
2243 3511 2506 3571 quantum
2550 3503 2614 3555 ad
2643 3502 2736 3556 Dei
2767 3504 3277 3558 remunerationem.
3337 3503 3444 3559 Res

1872 3606 2050 3648 autem
2087 3595 2354 3649 humanas
2385 3611 2507 3649 cum
2541 3596 2718 3649 adhuc
2749 3595 2880 3650 oriri
2913 3595 3192 3658 videntur,
3240 3597 3351 3665 jam
3381 3599 3444 3650 (i-

1871 3680 1955 3734 nis
1985 3681 2192 3748 arripit.
2258 3680 2486 3749 Sapiens
2516 3697 2676 3745 porro
2708 3681 2948 3752 ejusdem
2995 3698 3119 3736 eum
3153 3685 3350 3738 stolido
3381 3687 3444 3738 li-

1871 3772 1956 3824 nis
1983 3787 2259 3839 nunquam
2285 3782 2367 3826 est
2387 3773 2677 3842 particeps.
2724 3774 2807 3828 17.
2835 3774 3013 3839 Quare
3035 3775 3198 3828 vitam
3225 3791 3439 3830 omnem

1872 3880 2049 3918 meam
2082 3866 2355 3919 exsecrari
2389 3866 2526 3934 coepi
2547 3905 2562 3931 ,
2592 3882 2756 3936 quam
2788 3867 2840 3920 in
2877 3868 3041 3920 rebus
3073 3868 3225 3922 vanis
3259 3868 3435 3923 tradu-

1872 3971 2054 4008 xerant
2084 3965 2244 4025 atque
2269 3972 2710 4026 consumpseram
2733 3998 2747 4023 ,
2798 3958 3023 4010 terrenis
3051 3957 3326 4012 laboribus
3353 3958 3440 4012 in-

1872 4047 2175 4102 tabescens.
2233 4047 2319 4101 18.
2355 4046 2565 4101 Etenim
2612 4057 2670 4102 ut
2720 4063 2828 4102 uno
2877 4047 3043 4102 verbo
3090 4047 3439 4118 complectar,

1870 4138 2050 4190 omnia
2103 4135 2236 4190 mihi
2272 4151 2466 4206 magna
2488 4127 2626 4192 ‘eum
2679 4136 2922 4191 molestia
2971 4137 3248 4190 elaborata
3291 4146 3438 4200 sunt,

1870 4229 2132 4297 praecipiti
2197 4229 2362 4282 animi
2413 4229 2613 4299 impetu
2655 4230 2724 4282 ita
2777 4243 2862 4282 me
2915 4228 3293 4296 pet-trahente;
3352 4229 3438 4284 19.

1871 4320 2046 4388 Atque
2078 4336 2139 4374 ea
2174 4321 2315 4375 alius
2343 4330 2667 4388 excepturus
2691 4327 2794 4382 est,
2827 4318 3042 4387 sapiens
3075 4334 3142 4371 an
3169 4333 3360 4373 excors
3387 4326 3444 4371 et

195 4427 356 4478 πόσιν
389 4424 588 4487 ἱζάνει·
626 4424 673 4474 εί
703 4421 797 4474 καὶ
834 4420 1064 4491 μάλιστα
1090 4422 1152 4472 ὲκ
1183 4420 1316 4472 Θεοῦ
1345 4419 1650 4491 ἀνθρώποις
1680 4420 1764 4488 γί-

1871 4413 2120 4478 stolidus,
2148 4415 2352 4479 nescio;
2391 4413 2634 4482 frigidos,
2661 4410 2904 4480 inquam,
2928 4410 3170 4464 laborum
3195 4425 3441 4465 meorum

193 4535 376 4570 νονται
401 4518 457 4568 αἱ
484 4515 680 4587 τροφαί
701 4530 714 4543 ο
748 4513 898 4566 οὐδὲν
917 4512 1024 4583 γὰρ
1051 4512 1158 4564 τῶν
1185 4512 1320 4583 πρὸς
1346 4512 1615 4582 σωτηρίαν
1635 4513 1764 4581 ἡμῖν

191 4611 495 4681 δεδομένων
523 4609 628 4675 ἔξω
659 4609 758 4679 τῆς
789 4606 954 4660 αὑτοῦ
987 4605 1223 4676 ὑπάρχει
1257 4605 1529 4676 προνοίας.
1574 4604 1707 4656 Ἀλλ’
1737 4609 1765 4658 6

197 4703 299 4772 μὲν
329 4700 531 4768 ἀγαθὸς
561 4699 719 4770 ἀνὴρ,
745 4697 933 4766 σοφίας
954 4699 1017 4749 ὲκ
1047 4695 1179 4749 Θεοῦ
1210 4694 1407 4766 τυχὼν,
1435 4695 1766 4766 εὐφροσύνης

194 4795 388 4862 ἔτυχεν
416 4791 664 4863 οὐρανίου
686 4808 698 4820 ν
723 4793 751 4842 6
780 4789 823 4841 δ’
852 4785 918 4842 αὖ
951 4805 1084 4859 πονη
1095 4789 1184 4859 ρος
1204 4827 1218 4852 ,
1251 4786 1530 4856 θεηλάτοις
1553 4786 1767 4840 ἐλαυνόε

198 4902 362 4955 μενος
393 4886 612 4946 κακοῖς,
647 4879 959 4944 πλεονεξίαν
991 4879 1180 4939 νοσῶν,
1213 4877 1380 4930 πολλά
1416 4894 1476 4930 τε
1519 4876 1765 4946 ἀθροῖσαι

197 4976 530 5040 σπουδάζει,
564 4977 658 5028 καὶ
688 4973 779 5026 τὸν
827 4973 930 5026 ὑπὸ
961 4972 1096 5026 Θεοῦ
1144 4971 1502 5042 τετιμημένον
1531 4969 1766 5022 ἐναντίον

192 5069 292 5122 τοῦ
312 5066 528 5119 πάντων
575 5066 842 5119 Δεσπότου
871 5064 1123 5118 ὀνειδίσαι
1170 5062 1422 5124 σπεύδει,
1455 5061 1602 5132 δῶρα
1636 5076 1768 5131 προ-

192 5163 389 5213 τείνων
437 5159 717 5230 ἀχρηστα,
769 5157 959 5228 δολερά
1000 5173 1060 5208 τε
1101 5154 1235 5226 ὁμοῦ
1282 5155 1372 5206 καὶ
1419 5153 1622 5224 μάταια
1670 5153 1768 5222 τῆς

194 5253 394 5308 ἑαυτοῦ
426 5251 614 5314 ἀθλίας
641 5249 820 5320 ψυχῆς
851 5248 1240 5318 σπουδάσματα
1268 5246 1651 5315 πεποιημένος.

271 5361 286 5392 ⁸
323 5360 485 5415 Prov.
503 5375 636 5425 xvu,
663 5359 762 5426 24;
797 5357 973 5412 Eecle.
1003 5372 1120 5421 vm,
1153 5358 1204 5411 l.

271 5475 384 5545 (9:3)
417 5475 630 5541 Ἄνδρα
655 5473 989 5545 τοιοῦτον...
1011 5469 1541 5545 émo‘tpédez._l_llss.
1569 5485 1682 5545 reg.
1718 5479 1771 5524 et

199 5541 418 5599 Tiruan.
438 5589 452 5608 ,
480 5546 648 5616 ἄνδρα
678 5543 884 5597 τοῦτον.
917 5542 1036 5598 Mox
1070 5559 1199 5597 vero
1232 5541 1355 5596 cod.
1385 5541 1573 5596 Medic.
1597 5581 1612 5604 ,
1649 5544 1768 5594 ἐπι-

201 5616 716 5692 στρέφηζυυςαυε.
805 5685 827 5692 _
995 5687 1007 5692 Α
1236 5683 1248 5692 ,
1421 5679 1486 5692 ,,,
1533 5681 1545 5692 ,

977 5683 1378 5754 ἀφῃρημένος.
1421 5679 1638 5736 Minime
1671 5681 1769 5736 dus

1871 4505 2102 4560 fruetus.
2162 4504 2256 4560 His
2283 4513 2462 4559 autem
2507 4502 2752 4557 excussis
2786 4512 2947 4571 atque
2973 4501 3263 4571 projeetis,
3306 4501 3441 4556 mihi

1868 4612 1997 4650 vera
2030 4596 2172 4649 bona
2206 4596 2519 4650 hominibus
2572 4593 2848 4663 proposita
2882 4600 3282 4661 apparuerunt;
3339 4590 3444 4646 hoc

1869 4698 1972 4754 est,
2001 4689 2278 4757 sapientia:
2299 4687 2556 4757 cognitio,
2575 4696 2628 4739 et
2651 4682 2993 4739 fortitudinis
3022 4681 3255 4751 adeptio.
3287 4679 3442 4747 Quod

1872 4780 1918 4834 si
1951 4778 2074 4846 quis
2106 4777 2297 4830 barum
2347 4791 2476 4830 cura
2524 4773 2768 4843 neglecta
2789 4813 2806 4839 ,
2861 4773 3002 4827 alius
3027 4773 3330 4840 cujuspiam
3363 4772 3438 4824 rei

1871 4869 2162 4940 cupiditate
2189 4868 2476 4933 incitatur;
2506 4866 2593 4920 hic
2619 4875 2672 4920 et
2706 4865 2847 4918 mala
2880 4863 3036 4918 bonis
3061 4859 3360 4930 anteponit,
3387 4868 3442 4913 et

1873 4963 2063 5016 vitium
2103 4975 2202 5030 pro
2234 4959 2562 5030 benignitate
2607 4968 2659 5012 et
2703 4958 2899 5010 virtute
2934 4963 3309 5018 consectatur;
3346 4951 3440 5007 20.

1873 5055 1939 5111 Et
1981 5069 2278 5109 :erunmam
2313 5067 2409 5123 pro
2435 5053 2635 5122 quiete,
2669 5051 2837 5105 variis
2891 5048 3213 5102 tumultibus
3242 5046 3438 5099 distra-

1874 5157 2012 5213 etus,
2047 5156 2204 5201 noctu
2231 5156 2392 5216 atque
2422 5143 2656 5197 interdiu
2708 5142 3013 5206 divexatus,
3048 5148 3163 5192 tum
3195 5138 3438 5207 urgenti-

1874 5241 1978 5295 bus
2018 5239 2262 5310 corporis
2315 5237 2612 5303 laboribus,
2664 5243 2777 5289 tum
2829 5232 3102 5302 perpetuis
3129 5231 3324 5284 anima:
3347 5244 3443 5284 eu-

1875 5466 2024 5519 bium
2052 5473 2134 5518 est
2155 5465 2286 5531 quin
2322 5462 2606 5522 legendum
2635 5462 2725 5526 sit,
2756 5458 2953 5528 τυφλός
2985 5475 3044 5531 τε
3077 5456 3182 5531 ὢν,
3217 5455 3309 5510 καὶ
3343 5454 3443 5524 τὴν

1879 5534 2140 5607 πρόσοψιν
2172 5528 2276 5587 ῦπὸ
2315 5533 2406 5587 τοῦ
2427 5535 2731 5607 σκότους...
2766 5529 3135 5607 ἀφῃρημένος.
3168 5528 3222 5580 In
3255 5537 3445 5605 pycle-

1879 5601 1998 5728 Bi'tis
2023 5601 2168 5658 enim
2199 5605 2510 5660 accusativo
2558 5617 2771 5672 semper
2803 5601 3054 5671 jungitur
3085 5601 3446 5668 ἀφαιροῦμαι.

1925 5691 2113 5728 ILLIUS.

1925 5691 2113 5729 ILLIUS.
