3934 6198
640 249 746 304 995
1757 247 1818 303 S.
1859 245 2188 305 GBEGOBII
2224 245 2607 304 THAUMATU
2620 245 2736 303 εισι
3679 261 3767 316 993

638 371 736 438 ris,
770 380 985 442 pectore
1016 371 1091 426 illi
1122 370 1193 425 ob
1221 370 1452 426 absurda
1485 369 1700 440 negotia
1730 368 2117 440 ingemiscente
2150 377 2205 421 et
2249 367 2563 437 palpitante.
2601 365 2693 420 21.
2743 362 2930 435 Neque
2972 364 3115 420 enim
3157 381 3414 423 summum
3449 381 3498 426 et
3524 372 3760 441 perlectum

635 468 840 527 bonum
910 467 963 521 in
1026 467 1318 521 esculentis
1360 475 1415 521 et
1457 464 1759 536 poculentis
1803 460 2084 527 consistit;
2126 460 2231 515 etsi
2277 458 2480 528 alioqui
2510 458 2750 512 maximo
2788 456 2882 511 Dei
2941 456 3197 512 beneficio
3234 458 3467 514 alimenta
3518 467 3770 526 mortalibus

641 561 984 631 contingunt.
1041 559 1185 615 Nihil
1230 561 1374 615 enim
1405 575 1593 614 eorum
1623 574 1745 629 quae
1794 557 1955 612 nobis
2001 556 2070 609 ad
2126 554 2354 609 salutem
2400 555 2524 607 data
2581 560 2745 619 sunt,
2790 551 2926 608 citra
2988 552 3159 621 ipsius
3198 553 3558 621 providentiam
3593 562 3768 619 exsistit.

635 652 725 706 22.
784 651 979 707 Verum
1005 650 1207 720 probus
1241 648 1460 718 quidem
1493 649 1604 713 vir,
1655 647 2084 717 sapientiamque
2118 642 2210 697 Dei
2252 641 2398 695 dono
2427 650 2778 704 consecutus,
2809 640 3012 696 cmicsti
3055 643 3324 713 voluptate
3360 642 3568 712 fruitur;
3602 648 3675 705 23.
3703 652 3771 707 im.

638 743 843 814 probus
887 750 1068 797 autem
1104 743 1263 796 malis
1290 741 1548 796 divinitus
1586 738 1850 794 immissis
1896 734 2205 791 Stimuiatus
2227 730 2575 802 avaritiaeque
2606 730 2799 786 morbo
2848 741 3154 802 correptus,
3209 734 3370 788 multa
3420 749 3668 805 congerere
3687 754 3770 797 stu-

636 841 756 904 det;
808 837 898 891 24.
939 839 1115 907 Atque
1146 853 1268 891 eum
1296 852 1455 907 quem
1491 836 1634 891 Deus
1660 835 1867 890 honore
1920 831 2129 893 all‘ecit,
2164 829 2219 883 in
2262 828 2505 882 omnium
2542 826 2755 881 Domini
2792 838 3082 897 conspectu
3131 829 3341 898 probris
3390 829 3628 889 incessere
3662 836 3769 894 festi-

632 938 751 994 nat,
779 930 919 985 dona
946 929 1157 985 inutilia
1184 931 1488 999 porrigens,
1518 927 1777 984 insidiosa
1801 925 1964 982 simul
1989 932 2045 979 et
2061 936 2198 977 vana
2226 920 2421 974 anima:
2446 934 2558 974 sum
2586 918 2802 974 miserae
2832 918 3010 974 studia
3034 917 3262 975 faciens.

1214 1020 1444 1075 CAPUT
1517 1020 1606 1074 lli.
2228 1017 2276 1073 Δ

2228 1017 2276 1073 Α
2890 1010 3138 1062 ΚΕΦΔΛ.
3200 1010 3273 1064 I".

699 1113 752 1167 1.
794 1111 1083 1167 Enimvero
1113 1111 1215 1166 hoc
1238 1120 1448 1182 tempus
1470 1153 1485 1177 ,
1518 1111 1681 1167 rebus
1705 1110 1848 1165 inter
1876 1124 1935 1165 se
1964 1106 2201 1163 maxime

2374 1100 2579 1173 Χρόνος
2627 1100 2687 1154 δὲ
2729 1095 2882 1164 οὗτος
2933 1100 3150 1154 πάντων
3194 1100 3351 1172 γέμει
3390 1102 3490 1156 τῶν
3527 1106 3768 1183 ὲναντιωτῇ.

628 1202 916 1259 contrariis
948 1203 1164 1273 plenum
1192 1211 1313 1270 est;
1362 1202 1416 1257 2.
1443 1201 1637 1257 Partus
1680 1211 1735 1256 et
1774 1199 2000 1265 mortis,
2046 1206 2181 1252 ortu:

2297 1210 2406 1246 των
2428 1192 2560 1263 (97),
2584 1191 2847 1257 τοκετῶν,
2867 1187 2983 1245 εἷτα
3006 1192 3278 1257 θανάτων,
3299 1192 3606 1266 βλαστήσεως
3626 1202 3767 1267 φυτῶν,

629 1294 877 1364 stirpium
924 1303 977 1348 et
1037 1293 1338 1349 aversionis
1390 1302 1554 1363 atque
1597 1292 1849 1347 interitus
1879 1331 1894 1356 ,
1943 1290 1999 1346 5.
2026 1289 2182 1344 Cura.

2297 1278 2418 1338 εἷτα
2465 1284 2807 1355 ἀνατροπῆς’
2853 1284 3046 1338 ἰάσεων
3080 1285 3174 1338 καὶ
3216 1285 3527 1356 ἀναιρέσεων
3542 1328 3556 1354 ,
3584 1290 3707 1345 οἴκων
3727 1311 3764 1348 τε

629 1387 840 1439 tionum
866 1392 919 1439 et
950 1384 1175 1439 caedium
1195 1422 1211 1448 ,
1249 1383 1637 1439 exstructionis
1680 1382 1874 1437 aedium
1909 1387 1963 1436 et
1986 1379 2182 1435 destrui

2295 1373 2638 1446 εὑορθώσεως
2678 1376 2773 1430 καὶ
2808 1375 3190 1440 καταλύσεως,
3241 1376 3516 1448 κλαυθμῶν
3556 1382 3632 1434 καὶ
3653 1386 3764 1450 γελώ-

627 1476 843 1542 ctionis,
896 1475 950 1530 4.
976 1474 1223 1531 Gemitus
1271 1485 1324 1531 et
1344 1477 1518 1540 risus,
1568 1476 1819 1546 planctus
1856 1483 1912 1529 et
1949 1472 2180 1530 saltatio-

2291 1482 2419 1530 των,
2454 1465 2697 1520 κοπετῶν
2727 1467 2822 1520 καὶ
2865 1467 3215 1539 ὀρχημάτων.
3249 1467 3359 1521 Νῦν
3391 1469 3482 1540 μὲν
3515 1472 3690 1541 συνάγει
3709 1491 3762 1540 τις

626 1583 782 1623 num.
841 1568 895 1623 5.
935 1566 1090 1623 Nunc
1115 1578 1273 1622 terrae
1301 1567 1508 1623 fructus
1542 1568 1739 1638 aliquis
1779 1568 2015 1638 colligit,
2049 1582 2179 1623 nunt

2290 1556 2360 1610 τά
2406 1558 2515 1612 ἀπὸ
2557 1558 2695 1629 γῆς,
2722 1558 2818 1613 νῦν
2857 1558 2914 1612 δὲ
2950 1558 3214 1625 ἐξέϐαλε’
3257 1561 3350 1614 καὶ
3379 1560 3500 1614 ποτὲ
3532 1562 3614 1632 μὲν
3635 1566 3764 1635 ἐπιμέ-

624 1673 820 1714 rursus
845 1658 1019 1730 ejicit;
1052 1674 1197 1714 nunc
1225 1659 1508 1714 mulierem
1540 1659 1765 1729 deperit,
1804 1668 1964 1729 atque
1998 1659 2177 1714 ineant

2294 1666 2430 1721 μηνε
2450 1649 2695 1719 γυναικὶ,
2717 1650 2848 1704 ποτὲ
2872 1651 2929 1705 δὲ
2960 1651 3133 1723 αὐτὴν
3156 1652 3463 1722 ἀποστυχεῖ.
3494 1653 3590 1706 Καὶ
3611 1654 3682 1709 νόν
3699 1658 3761 1727 μὲν

623 1764 813 1804 amore
853 1749 1261 1819 complectitur;
1321 1764 1467 1804 nunc
1514 1750 1755 1819 impense
1800 1765 1919 1805 eam
1975 1749 2091 1804 odit
2138 1762 2176 1806 el

2289 1742 2517 1814 ὲζήτησέ
2546 1760 2631 1806 τις
2660 1743 2859 1808 ὁτιοῦν,
2911 1743 3006 1798 νῦν
3056 1744 3115 1798 δὲ
3166 1743 3432 1799 ἀπώλεσε·
3480 1746 3562 1799 καὶ
3597 1746 3671 1800 νῦν
3700 1749 3760 1819 μὲν

622 1849 934 1904 aversatur;
985 1838 1039 1893 6.
1090 1837 1246 1894 Nunc
1288 1839 1491 1910 aliquid
1533 1841 1745 1909 qumrit,
1786 1856 1932 1897 nunc
1955 1842 2175 1910 amittit;

2288 1834 2519 1904 ἐφύλαξε
2534 1875 2550 1900 ,
2567 1835 2663 1889 νῦν
2680 1835 2739 1888 δὲ
2757 1837 3036 1907 προήκατο
3057 1854 3070 1868 ο
3091 1836 3283 1890 ἄλλοτε
3309 1837 3620 1899 ἀπέκτεινεν,
3637 1838 3759 1892 ἄλλοτε

623 1946 772 1984 nunc
796 1931 1078 2000 diligenter
1108 1940 1370 1996 asservat,
1389 1947 1532 1987 nunc
1559 1931 1801 2001 projicit;
1845 1934 1895 1987 7.
1922 1931 2077 1990 Nunc
2105 1934 2176 1988 in-

2287 1925 2549 1998 ὲφονεύθη
2571 1944 2587 1958 ·
2617 1926 2898 1999 ἐλάλησεν,
2921 1924 3038 1983 εἶτα
3068 1927 3344 2000 ἡσύχασεν
3364 1944 3378 1959 ·
3404 1928 3667 2000 ἠγάπησεν,
3683 1926 3757 1984 εἶτα

621 2022 838 2089 tcrlicit,
872 2037 1017 2076 nunc
1044 2021 1428 2089 obtruncatur;
1465 2039 1611 2077 nunc
1635 2024 1906 2095 loquitur,
1942 2042 2086 2081 nunc
2115 2042 2174 2082 st-

2287 2016 2538 2090 ἐμίσησε.
2567 2018 2649 2073 Τά
2688 2018 2797 2090 γὰρ
2824 2022 2882 2073 ὲν
2915 2018 3229 2091 ἀνθρώποις
3257 2020 3537 2092 πράγματα
3567 2022 3668 2074 ποτὲ
3694 2021 3755 2092 μὲν

622 2112 790 2167 lentio
828 2112 1156 2186 acquiescit;
1205 2113 1259 2170 8.
1291 2111 1446 2169 Nunc
1490 2122 1665 2178 amat,
1713 2130 1861 2170 nunc
1890 2116 2015 2170 odio
2046 2116 2175 2170 insc-

2288 2108 2631 2181 πολεμεῖται,
2673 2111 2858 2166 άλλοτε
2888 2111 2946 2164 δὲ
2982 2111 3357 2183 εζρηνεύεται,
3409 2112 3758 2184 ὀξυρρόπωςτῶν

619 2212 817 2257 ctatur.
877 2202 987 2259 Res
1014 2204 1158 2259 enim
1190 2204 1461 2272 humanae,
1510 2220 1656 2260 nunc
1681 2205 1821 2260 bello
1841 2205 2172 2270 amictantur,

2289 2202 2625 2273 πραγμάτων
2656 2201 2716 2267 ἐξ
2756 2201 2973 2271 ἀγαθῶν
3015 2196 3160 2256 εἶναι
3205 2202 3493 2256 δοκούντων
3528 2205 3595 2267 εἰς
3630 2202 3757 2273 ὁμολο-

618 2311 767 2351 nunc
792 2297 1095 2368 tranquilla:
1118 2306 1172 2353 et
1203 2306 1407 2368 pacata:
1433 2305 1590 2363 sunt;
1616 2304 1873 2368 tantaque
1892 2307 1976 2354 est
1995 2314 2171 2355 earum

2283 2293 2522 2363 γούμενα
2547 2292 2693 2346 κακά
2720 2293 3189 2365 μεταπιπτόντων.
3216 2294 3543 2368 Παυσώμεθα
3565 2297 3703 2352 τοίνυν
3722 2297 3758 2361 ἐξ

619 2385 1020 2455 inconstantia,
1061 2398 1121 2443 ut
1146 2404 1265 2458 quae
1296 2386 1459 2443 modo
1489 2390 1742 2444 secundae
1767 2404 1887 2444 esse
1914 2389 2172 2455 videntur,

2214 2379 2256 2434 Β
2283 2385 2550 2456 ἀνονήτων
2585 2384 2815 2456 μόχθων.
2846 2382 3026 2438 Ταῦτα
3056 2386 3171 2458 γάρ
3204 2386 3434 2450 ἅπαντα,
3466 2386 3535 2450 ῶς
3558 2388 3610 2455 γέ
3631 2388 3758 2457 μοιδο-

617 2476 777 2532 celeri
823 2488 1099 2534 momento
1137 2479 1190 2534 in
1222 2481 1524 2536 certissima
1565 2480 1709 2535 mala
1741 2480 2085 2535 delabantur.
2126 2480 2170 2538 9.

2281 2478 2402 2538 κεῖ,
2429 2475 2673 2548 κέντροις
2715 2474 2941 2538 ἰοὸόλοις
2986 2474 3311 2548 ἀνθρώπους
3340 2476 3605 2550 ὲξοιστρεῖν
3635 2477 3755 2547 ἐτέθη.

617 2565 695 2620 Ac
730 2567 952 2637 proinde
981 2568 1137 2624 vanis
1161 2570 1440 2626 laboribus
1465 2571 1703 2626 exerceri
1726 2570 2055 2626 desinamus.
2096 2571 2170 2625 l0.

2281 2568 2655 2640 Καιροσκόπος
2683 2566 2744 2639 δή
2778 2584 2863 2632 τις
2895 2570 3135 2641 πονηρὸς
3161 2569 3253 2623 τὸν
3284 2569 3451 2624 αἰῶνα
3471 2568 3629 2623 τοῦτον
3653 2586 3756 2639 περι-

613 2653 741 2713 llaec
768 2658 911 2713 enim
944 2663 1159 2727 omnia,
1195 2671 1256 2717 ut
1283 2662 1414 2716 mihi
1444 2663 1659 2733 quidem
1684 2663 1931 2729 videtur,
1985 2664 2050 2718 ad
2084 2663 2166 2718 lio

2280 2659 2537 2731 κέχηνεν,
2579 2659 2837 2729 ἀφανίσαι
2889 2660 3428 2732 ὑπερδιατεινόμενος
3465 2660 3521 2714 τὺ
3559 2660 3635 2714 τοῦ
3668 2659 3756 2713 Θεοῦ

614 2750 790 2806 mines
836 2751 1118 2809 virulentis
1166 2753 1369 2809 aculeis
1411 2755 1764 2811 concitandos
1807 2755 1983 2825 posita
2030 2765 2167 2811 sunt.

2278 2750 2518 2822 πλάσμα,
2550 2751 2608 2819 ἐξ
2636 2752 2809 2823 ἀρχῆς
2840 2750 2989 2823 αὑτῷ
3020 2753 3190 2824 μέχρι
3218 2754 3401 2817 τέλους
3427 2754 3644 2825 πολεμεῖν
3673 2755 3756 2822 fm-

614 2841 702 2896 11.
750 2841 924 2913 Atque
991 2858 1276 2913 perversus
1313 2846 1530 2916 quidem
1585 2848 1895 2918 explorator
1935 2852 2167 2905 occasio-

2280 2842 2461 2912 μένος.
2484 2842 2788 2913 Πέπεισμαι
2812 2842 2991 2895 τοίνυν
3011 2839 3080 2895 τά
3115 2842 3349 2914 μέγιστα
3374 2843 3538 2912 ἁγαθά
3561 2840 3755 2914 ἀνθρώπῳ

612 2935 809 3005 nisque
838 2943 1082 3005 captator
1119 2937 1246 2992 huic
1283 2939 1481 2993 szeculo
1515 2938 1705 3006 inhiat,
1742 2939 1835 2995 Dei
1863 2941 2165 3011 figmentum

2274 2933 2401 2987 εὑθυ
2409 2934 2536 3005 μίαν
2561 2936 2655 2988 καὶ
2683 2935 2928 2988 εὐποιΐαν
2957 2936 3251 3007 ὑπάρχειν,
3275 2938 3384 2991 και
3400 2937 3491 3008 μέν
3513 2954 3585 2989 τοι
3606 2934 3755 3002 uim

610 3027 790 3083 delere
838 3043 902 3082 ac
945 3028 1168 3097 perdere
1214 3034 1361 3084 omni
1396 3032 1738 3086 contentione
1785 3033 2070 3097 annitens,
2114 3041 2163 3087 ut

2273 3027 2603 3098 πρόσκαιρον
2631 3028 2831 3097 ταύτην
2860 3026 3168 3081 ἀπόλαυσιν
3195 3030 3260 3081 ἐκ
3289 3028 3421 3081 θεοῦ
3447 3026 3758 3099 παραγενέσθαι

610 3119 705 3187 qui
740 3132 771 3171 a
805 3119 1072 3189 principio
1098 3118 1167 3174 ad
1201 3129 1503 3175 extremum
1540 3136 1714 3191 usque
1740 3138 1864 3177 cum
1889 3139 1955 3178 eo
1986 3124 2163 3179 conﬂi-

2274 3116 2460 3188 μόνον,
2495 3120 2543 3171 εἰ
2572 3118 2883 3191 δικαιοσύνη
2915 3119 3022 3173 τῶν
3049 3120 3314 3191 πράξεων
3344 3121 3449 3193 (98)
3473 3124 3644 3192 ἡγοῖτο.
3678 3119 3757 3171 Τῶν

609 3224 737 3277 gere
769 3209 1083 3265 instituerit.
1144 3211 1231 3266 12.
1261 3210 1588 3267 Persuasum
1616 3212 1796 3282 itaque
1827 3215 2019 3276 habeo,
2052 3214 2162 3269 ani-

2267 3207 2324 3262 δὲ
2360 3209 2591 3262 αἰωνίων
2622 3211 2714 3265 καὶ
2741 3211 3033 3282 ἀφθάρτων
3062 3212 3413 3284 πραγμάτων
3439 3249 3456 3277 ,
3492 3212 3578 3266 ὅσα
3618 3201 3641 3264 ό
3670 3208 3756 3268 θεὸς

609 3301 681 3354 mi
711 3301 1069 3370 hilaritatem,
1125 3302 1212 3357 15.
1258 3311 1313 3359 et
1338 3302 1764 3367 beneﬁcentiam,
1809 3305 2046 3358 maxima
2071 3305 2162 3359 ιιο⁴

2267 3303 2476 3366 παγίως
2501 3297 2728 3370 ῶρισεν,
2763 3299 2887 3354 οὔτε
2914 3318 2966 3355 τι
2998 3302 3260 3370 ἀφελεῖν,
3290 3303 3414 3358 οὔτε
3444 3321 3494 3357 τι
3520 3301 3753 3374 προσθεῖναι.

608 3394 741 3448 mini
776 3394 920 3449 bona
943 3409 1094 3462 esse;
1132 3394 1217 3449 M.
1254 3402 1415 3465 atque
1436 3394 1568 3450 adeo
1591 3395 1805 3451 brevem
1829 3395 1969 3452 hanc
1994 3398 2161 3453 solam

2265 3390 2502 3446 δυνατόν.
2540 3385 2608 3462 ᾯ
2647 3410 2751 3447 τινι
2796 3389 2888 3448 οῦν
2910 3433 2926 3457 ,
2958 3394 3073 3448 ἀλλ’
3102 3394 3291 3459 ἐστιν,
3327 3399 3501 3451 ἐκεῖνα
3538 3392 3752 3465 φοϐεράτι

606 3486 940 3557 voluptatem
987 3487 1248 3542 divinitus
1299 3486 1583 3550 obvenire,
1627 3486 1673 3543 si
1717 3490 1880 3544 rebus
1919 3491 2159 3560 gerendis

2264 3479 2397 3552 ὁμοῦ
2430 3483 2524 3536 καὶ
2550 3482 2869 3554 θαυμαστά”
2908 3487 3001 3540 καὶ
3046 3487 3115 3540 τά
3153 3489 3256 3558 μὲν
3287 3489 3563 3559 γενόμενα,
3587 3488 3750 3556 ἔστηκε·

600 3576 815 3646 justitia
844 3587 1063 3648 praeeat.
1122 3578 1209 3633 15.
1242 3582 1308 3633 At
1337 3593 1464 3634 vero
1494 3590 1813 3635 aeternarum
1842 3596 2022 3636 rerum
2055 3591 2153 3637 sta-

2261 3574 2330 3627 τά
2357 3575 2412 3627 δὲ
2442 3575 2694 3646 ἐσόμενα,
2721 3576 2820 3648 ἤδη
2854 3577 2995 3631 κατά
3023 3577 3084 3631 τὸ
3118 3579 3496 3650 προεγνῶσθαι
3520 3576 3749 3647 γεγένηται.

609 3667 686 3721 tui
717 3667 1191 3738 corruptionisque
1224 3669 1548 3738 expertium,
1581 3684 1719 3739 quas
1750 3669 1890 3725 Deus
1921 3671 2162 3726 ﬁrmissi-

2199 3715 2230 3770 Β
2264 3666 2380 3737 Θεῷ
2405 3666 2460 3720 δὲ
2485 3667 2744 3740 κέχρηται
2770 3669 2799 3720 ό
2835 3667 3191 3737 ἀδικούμενος
3226 3670 3420 3758 βοηθῷἶ
3446 3668 3580 3724 Εἶδον
3605 3671 3651 3721 ὲν
3677 3666 3752 3727 τοῖς

605 3774 693 3812 me
738 3759 1053 3824 constituit,
1106 3774 1205 3814 nec
1235 3760 1433 3830 aliquid
1469 3761 1784 3827 detrahere,
1833 3778 1932 3817 nec
1967 3764 2158 3819 addere

2198 3749 2230 3770 u
2263 3758 2413 3812 κάτω
2445 3760 2653 3830 μέρεσι,
2677 3758 2952 3823 κολάσεως
2974 3760 3070 3830 μὲν
3097 3759 3377 3833 βάραθρον
3402 3749 3521 3825 τοὺς
3547 3758 3751 3817 doceam:

602 3850 890 3919 quisquam
916 3858 1111 3919 potest.
1152 3850 1240 3905 16.
1295 3848 1493 3905 Verum
1529 3849 1890 3907 formidolosae
1919 3853 2080 3907 simul
2109 3864 2155 3909 el

2261 3850 2575 3921 δεχόμενον,
2635 3850 2879 3904 εὐσεϐέσι
2943 3850 3000 3904 δὲ
3051 3852 3250 3925 χῶρον,
3280 3854 3463 3926 ἕτερον
3522 3850 3748 3933 ἀνειμένην.

602 3939 949 3994 admirabiles
982 3940 1086 3995 illa:
1128 3949 1289 4008 sunt;
1338 3951 1500 4013 atque
1541 3957 1618 3997 ea;
1661 3943 1877 4012 quidem
1904 3960 2024 4015 quae
2045 3944 2155 4015 jam

2275 3943 2630 4014 Ἐλογισάμην
2673 3944 2730 3997 δὲ
2772 3943 2950 3998 πάντα
2994 3944 3156 4016 ὃμοια
3216 3947 3475 4018 ὑπάρχειν
3514 3944 3639 4016 παρά
3671 3938 3749 4008 θεῷ

603 4031 840 4097 fuerunt,
874 4033 1094 4088 stabiles
1138 4042 1385 4098 manent;
1432 4050 1553 4104 quae
1583 4045 1762 4091 autem
1789 4035 1983 4093 futurze
2011 4050 2156 4107 sunt,

2258 4035 2567 4106 νομίζεσθαι
2599 4037 2691 4089 καὶ
2730 4036 3040 4107 κρίνεσθαι,
3070 4038 3269 4092 ταυτὸν
3299 4034 3434 4092 εἶναι
3464 4037 3667 4096 δικαίους
3686 4031 3749 4085 καὶ

595 4122 707 4189 jam
734 4123 1031 4177 secundum
1064 4123 1457 4192 prarscientiam
1497 4124 1836 4179 exstiterunt.
1891 4125 2148 4181 Caeterum

2259 4128 2501 4192 ἀδίκους,
2544 4127 2734 4197 λογικά
2782 4128 2877 4181 καὶ
2920 4127 3110 4196 ἄλογα.
3152 4130 3360 4200 Χρόνον
3400 4147 3457 4183 τε
3486 4128 3583 4199 γάρ
3608 4128 3748 4180 ἅπασιν

600 4215 646 4267 is
674 4212 774 4281 qui
799 4213 995 4277 injuste
1026 4213 1187 4268 laesus
1219 4221 1320 4275 est,
1350 4212 1460 4267 Deo
1487 4215 1807 4269 auxiliatore
1835 4216 2025 4271 utitur.
2066 4216 2153 4271 17.

2255 4217 2456 4287 ὁμοίως
2503 4217 3007 4288 ὲπιμεμετρῆσθαι,
3056 4220 3150 4272 καὶ
3178 4220 3409 4285 θάνατον
3447 4214 3746 4291 ἐπηρτῆσθαι.

599 4303 768 4358 Porro
818 4305 871 4358 in
921 4303 1108 4359 inferis
1135 4305 1376 4373 partibus
1403 4306 1648 4376 supplicii
1678 4306 1995 4362 barathrum
2018 4308 2152 4372 vidi,

2255 4308 2446 4361 ταυτόν
2473 4325 2532 4362 τε
2566 4304 2700 4361 εἶναι
2733 4309 2882 4380 παρά
2908 4308 3026 4380 Θεῷ
3069 4312 3283 4382 κτηνῶν
3311 4330 3373 4366 τε
3400 4312 3490 4366 καὶ
3519 4305 3746 4379 ἀνθρώπων

598 4394 793 4465 impios
824 4396 1127 4465 excipiens;
1163 4396 1265 4465 piis
1294 4406 1502 4463 contra,
1536 4397 1717 4451 sedem
1742 4397 1963 4452 alteram
2004 4406 2151 4467 pate-

2254 4400 2429 4470 φῦλα,
2459 4402 2734 4475 διαφέρειν
2763 4405 2819 4458 δὲ
2850 4404 3090 4476 ἀλλήλων
3108 4444 3123 4467 ,
3161 4406 3310 4477 μόνῳ
3336 4403 3413 4475 τῷ
3439 4402 3653 4474 ἑνάρθρῳ
3682 4396 3746 4462 τῆς

595 4484 813 4539 factam.
868 4486 954 4539 18.
985 4484 1115 4540 Illud
1155 4501 1371 4556 quoque
1398 4487 1624 4557 COgitavi
1645 4528 1660 4554 ,
1703 4487 1844 4556 apud
1878 4487 2045 4543 Deum
2079 4505 2148 4543 ze-

2255 4491 2437 4561 φωνῆς
2457 4507 2470 4521 ·
2518 4491 2833 4562 συμϐαίνειν
2862 4493 2919 4546 δὲ
2948 4493 3128 4556 αὑτοῖς
3161 4495 3381 4549 ἅπαντα
3427 4490 3743 4564 παραπλήσιαι

594 4576 772 4644 qualia
803 4577 984 4630 omnia
1010 4591 1150 4639 esse.
1172 4578 1468 4632 existimari
1493 4588 1545 4633 et
1567 4578 1829 4648 judicari;
1866 4579 2001 4633 idem
2031 4595 2147 4636 esse

2251 4582 2344 4635 καὶ
2373 4582 2461 4636 τὸν
2493 4582 2718 4637 θάνατον
2756 4586 2982 4655 χωρεῖν,
3015 4583 3166 4638 οὐδὲν
3203 4585 3404 4656 μᾶλλον
3434 4586 3521 4636 ἐπὶ
3545 4582 3605 4635 τά
3632 4572 3744 4630 λοιπὰ

587 4664 767 4733 justos
794 4675 847 4720 et
871 4666 1138 4736 iniustos;
1170 4668 1309 4722 idem
1338 4670 1592 4724 animalia
1629 4672 1839 4724 ratione
1868 4671 2075 4724 utentia
2097 4681 2140 4726 et

2248 4674 2357 4728 τῶν
2403 4674 2584 4740 ζώων,
2620 4676 2764 4748 ἥπερ
2811 4678 2905 4730 καὶ
2941 4677 3027 4730 ἐπ’
3057 4676 3379 4747 ἀνθρώπους
3420 4676 3543 4744 (99).
3581 4668 3744 4736 Πνεῦμα

591 4757 768 4812 bruta.
824 4758 908 4812 19.
936 4756 1172 4827 Tempus
1200 4760 1343 4813 enim
1368 4761 1621 4815 omnibus
1644 4776 1796 4831 teque
1826 4762 2144 4817 admensum

2247 4766 2355 4838 γάρ
2388 4769 2552 4821 πᾶσιν
2581 4768 2763 4839 ὅμοιον
2794 4764 2929 4822 εἶναι
2948 4808 2963 4832 ,
2998 4769 3089 4822 καὶ
3121 4770 3280 4822 πλέον
3327 4771 3577 4841 ὑπάρχειν
3604 4767 3651 4818 ὲν
3679 4762 3743 4815 ἁν-

590 4861 732 4911 esse,
779 4858 833 4902 et
874 4858 1102 4903 mortem
1141 4847 1478 4917 impendere;
1516 4851 1762 4921 idemque
1802 4852 1941 4920 apud
1977 4851 2143 4907 Deum

2247 4858 2482 4931 θρώποις
2516 4860 2676 4931 μηδὲν
2695 4900 2709 4924 ,
2738 4859 2872 4913 ἀλλά
2900 4861 3074 4915 πάντα
3113 4861 3193 4913 ἐνὶ
3225 4860 3371 4930 λόγῳ
3398 4857 3530 4913 εἶναι
3557 4858 3741 4929 μάταιαι

588 4955 729 5005 esse,
762 4940 1041 4994 hominum
1072 4948 1125 4994 et
1145 4940 1518 5009 iumentorum
1561 4958 1759 5011 genus,
1793 4944 1906 4999 sola
1933 4953 2141 4999 tantum

2244 4950 2352 5003 ἀπὸ
2382 4952 2482 5021 τῆς
2520 4951 2691 5021 αὑτῆς
2735 4952 2836 5021 γῆς
2876 4951 3106 5005 λαϐόντα
3132 4951 3230 5023 τὴν
3277 4950 3528 5005 σύστασιν
3548 4989 3562 5014 ,
3588 4946 3663 5001 καὶ
3686 4941 3743 5001 εἰς

587 5032 870 5087 articulate
905 5031 1052 5087 vocis
1080 5030 1380 5101 prolatione
1407 5030 1547 5085 inter
1575 5048 1635 5087 se
1660 5033 1908 5102 dilferre;
1936 5036 2140 5106 reliqua

2187 5042 2216 5097 D
2243 5044 2342 5115 τὴν
2366 5042 2532 5112 αὑτὴν
2552 5044 2652 5113 γῆν
2681 5041 2869 5107 ἕξοντα
2889 5043 2986 5114 τὴν
3007 5042 3279 5096 ἀνάλυσιν.
3297 5042 3519 5114 ’Ἄδηλον
3536 5039 3626 5110 γάρ
3640 5029 3740 5088 εἶναι

658 5245 1298 5369 ἓθἹὸυὲἱναντιωτήι-ων.
1340 5249 1599 5321 Anglicus
1628 5253 1773 5318 cod.,
1816 5255 2139 5311 ἐναντιωτά-

2245 5262 2479 5316 animam
2502 5270 2653 5331 ptttet
2674 5264 2847 5333 perire
2867 5279 2988 5318 cum
3017 5279 3275 5333 corpore;
3297 5264 3380 5320 vel
3412 5278 3567 5317 unum
3593 5256 3737 5313 bestiis

2238 5345 2284 5369 nl
2335 5332 2642 5369 hnminihuc
2671 5334 2956 5369 πρωί-διιφίλνῖ
3004 5334 3180 5369 Innnm
3205 5354 3217 5366 .
3249 5336 3340 5369 cm.
3372 5333 3510 5369 nnnd
3538 5339 3642 5369 nnm
3663 5325 3737 5369 afl-

582 5325 885 5407 τωχςορυξ;
964 5401 998 5407 Α
1056 5388 1110 5407 η,
1273 5389 1321 5407 η
1408 5390 1452 5407 η
1510 5392 1543 5407 ν
1706 5394 1732 5407 η
2009 5396 2020 5407 ι
2238 5345 2291 5385 et
2335 5325 2644 5407 hominibus
2671 5325 2959 5407 praeparari
3004 5325 3217 5407 locum:
3248 5325 3340 5389 sed
3372 5333 3510 5403 quod
3535 5339 3642 5407 ante
3662 5325 3737 5379 ad-

656 5387 766 5473 (ρ8)
810 5387 931 5473 ζῶν
953 5388 1242 5473 πρᾴξεωξι.
1273 5389 1380 5473 Μεζ
1408 5390 1602 5473 Medic.
1618 5434 1633 5456 ,
1661 5394 1773 5473 τῶν
1800 5396 2136 5473 πραγμάτων

2238 5410 2458 5456 ventum
2493 5387 2693 5473 Christi
2736 5387 2917 5457 omnia
2958 5387 3259 5459 adiitiferos’
3289 5387 3491 5473 pariter
3517 5401 3734 5473 duceren-

582 5456 948 5541 qyc'izo._l).qc.
971 5456 1003 5523 ;’
1018 5471 1083 5539 et_
1096 5462 1173 5541 sic
1197 5461 1502 5541 legendum,
1524 5456 2064 5541 vcl,_évavttoeﬁimv.

2240 5481 2345 5525 tur.
2380 5472 2532 5536 Quod
2564 5488 2628 5527 ne
2656 5456 3031 5539 pulemusrdici
3057 5456 3223 5528 etiam
3242 5456 3315 5527 de
3340 5456 3537 5534 anima,
3562 5466 3732 5522 intulit:

653 5525 763 5597 (99)
790 5528 978 5610 Οςξνδὲνο
1005 5525 1305 5598 μᾶλλονῷ
1345 5531 1438 5610 ξπ*
1468 5533 1833 5610 ἀνθρώπους.
1866 5525 1977 5610 Net:
2002 5554 2138 5590 mor-

2243 5525 2433 5596 Omni‘a
2476 5525 2621 5610 facta.
2641 5525 2848 5595 srmttde
2875 5525 3034 5605 terra,
3065 5557 3113 5597 et
3149 5552 3460 5597 reuertentur
3480 5525 3535 5593 δή
3558 5548 3732 5610 terrain.

582 5604 684 5647 tem
725 5604 902 5684 magis
937 5604 987 5651 in
1015 5611 1225 5684 'ctetcrtz
1278 5604 1555 5684 αιιίηιςζὶα,
1600 5622 1756 5675 quant
1805 5608 1857 5659 in
1903 5608 2133 5684 homines
2240 5610 2314 5665 Dc
2346 5604 2485 5668 ten-ti
2512 5623 2682 5666 autem
2715 5612 2846 5665 nihil
2877 5614 2976 5667 nisi
3006 5604 3191 5684 Corpus
3224 5614 3417 5683 factum
3439 5619 3529 5665 est.
3555 5608 3680 5661 ιῑιιι..

580 5667 834 5732 grauari.
861 5665 973 5721 Hoc
996 5669 1155 5738 dicit,
1198 5672 1374 5743 inquit
1409 5665 1767 5746 Hieronymus
1792 5715 1806 5742 ,
1851 5693 1957 5732 non
1989 5680 2132 5748 quod
