4028 6214
255 306 357 361 997
1300 302 1781 358 METAPHRASIS
1818 302 1884 358 IN
1926 302 2458 357 ECCLESIASTEN.
3396 305 3500 359 998

254 420 382 491 περί
414 437 472 473 τε
504 419 614 473 τῶν
641 418 994 489 ἀνθρωπίνων
1024 418 1231 490 ψυχῶν,
1255 423 1302 472 εί
1330 422 1729 490 ἀναπτήσονται
1752 421 1821 491 (1]

1931 429 2110 474 autem
2164 422 2345 475 omnia
2396 422 2524 492 ipsis
2562 422 2750 477 eodem
2793 422 2955 478 modo
3000 424 3351 495 contingere;
3409 425 3502 480 20.

250 513 385 574 ἄνω,
416 512 507 564 καὶ
532 512 660 582 περὶ
686 511 795 563 τῶν
823 511 1022 565 λοιπῶν
1050 510 1115 574 ἃς
1144 512 1212 565 τὰ
1242 512 1409 580 ἄλογα
1435 514 1755 583 κέκτηνται,
1783 513 1821 565 εἰ

1928 512 2037 567 Nec
2071 523 2301 568 mortem
2337 515 2510 585 magis
2548 516 2601 569 in
2634 524 2825 570 caetera
2853 518 3106 572 animalia
3131 536 3293 588 quam
3326 519 3379 573 in
3412 520 3510 574 ho-

252 605 403 657 κάτω
426 603 866 674 διαρῤυήσονται.
918 604 1027 655 Καὶ
1058 603 1086 655 ὅ
1118 620 1207 672 μοι
1237 603 1412 655 ἐδόκει
1456 603 1618 674 μηδὲν
1647 603 1821 673 ἕτεροιΙ

1930 604 2105 657 mines
2139 606 2397 673 grassari.
2457 606 2548 659 21.
2585 602 2853 660 Omnibus
2881 607 3024 660 enim
3054 610 3314 677 aequalem
3346 610 3507 677 spiri-

252 695 519 765 ὑπάρχειν
568 693 805 761 ἀγαθὸν,
847 695 893 746 εί
945 693 1020 763 μὴ
1066 695 1243 763 τρυφὴ
1285 694 1519 747 καὶτῶν
1552 695 1821 764 παρόντωι

1931 702 2044 748 tum
2077 709 2234 761 esse,
2276 711 2375 749 nec
2402 697 2698 765 quidquam
2744 699 2969 752 omnino
2992 702 3224 769 amplius
3257 702 3506 757 homines

250 786 468 856 χρῆσις.
514 787 588 838 Οὐ
638 785 746 855 γὰρ
787 781 925 838 εἶναι
970 784 1130 838 πάλιν
1163 785 1384 856 ᾠήθην.
1419 786 1511 837 ἐπὶ
1551 785 1648 855 τὴν
1690 785 1826 838 ἀπό-

247 877 439 930 λαυσιν
467 877 670 931 τούτων
701 877 873 930 ἐλθεῖν
905 876 1126 930 δυνατὸν
1147 918 1161 943 ,
1197 876 1341 942 ἅπαξ
1373 875 1644 948 ἀνθρώπῳ
1669 875 1821 929 θανά-

1935 876 2003 930 ab
2028 877 2213 931 eadem
2242 886 2386 931 terra
2414 882 2933 947 coagmentationem
2958 882 3228 948 habentia,
3261 895 3421 953 atque
3450 885 3507 939 in

247 985 345 1021 του
375 968 722 1039 γευσαμένῳ.

1935 967 2180 1022 eamdem
2233 977 2435 1023 terram
2481 970 2779 1039 dilapsura.
2849 974 3121 1026 Incertum
3169 974 3315 1028 enim
3362 990 3506 1041 esse,

247 1068 370 1114 tum
401 1061 470 1115 de
501 1060 759 1115 humanis
799 1060 1104 1127 animabus,
1134 1076 1203 1115 an
1247 1074 1463 1115 sursum
1495 1059 1858 1114 convolaturae
1900 1059 2039 1125 sint;
2077 1069 2189 1114 tum
2218 1060 2284 1115 de
2329 1061 2553 1130 reliquis
2589 1079 2724 1132 quas
2752 1064 3006 1119 animalia
3035 1068 3243 1123 ratione
3265 1071 3504 1124 carentia

249 1164 600 1224 acceperunt,
622 1170 690 1208 an
712 1155 967 1210 deorsum
992 1154 1296 1210 dillluxuraa
1323 1155 1464 1219 sint;
1497 1154 1587 1207 22.
1615 1154 1693 1207 Ac
1718 1155 1850 1207 mihi
1882 1154 2088 1209 nullum
2146 1150 2292 1209 aliud
2358 1156 2557 1210 bonum
2602 1172 2722 1211 esse
2760 1158 3062 1224 videbatur,
3102 1179 3266 1231 quam
3300 1165 3508 1222 delicia!

244 1257 302 1302 et
332 1249 680 1318 priesentium
710 1249 1122 1304 commodorum
1144 1264 1299 1305 usus.
1344 1248 1528 1319 Neque
1583 1250 1726 1303 enim
1763 1248 1877 1302 fieri
1922 1263 2082 1317 posse
2127 1249 2335 1318 putavi,
2381 1258 2435 1303 ut
2466 1250 2756 1320 quisquam
2803 1268 2992 1308 rursus
3023 1256 3090 1310 ad
3126 1257 3505 1327 percipiendas

1935 783 2169 851 habere;
2206 785 2299 839 sed
2325 795 2544 851 cuneta,
2580 796 2641 840 ut
2667 803 2775 840 uno
2806 790 2970 842 verbo
2997 792 3195 855 dicam,
3220 808 3359 846 vana
3385 808 3508 848 esse
3602 859 3604 861 ν

249 1342 556 1411 voluptates
586 1344 843 1411 accedat,
899 1353 1251 1415 posteaquam
1287 1353 1516 1400 mortem
1546 1345 1712 1402 semel
1739 1343 2057 1415 degustarit.

850 1439 1101 1494 ΚΕΦΑΛ.
1140 1440 1213 1494 Δ’.

331 1524 466 1578 Ἀπὸ
487 1525 547 1579 δὲ
573 1525 777 1580 τούτων
812 1527 1038 1581 ἀπασῶν
1070 1529 1307 1600 ἐμαυτὸν
1338 1530 1669 1602 ἐπιστρέψας
1714 1530 1821 1585 τῶν

242 1617 470 1671 ἐννοιῶν
512 1618 933 1690 κατεσκεψάμην
976 1620 1068 1673 καὶ
1100 1621 1454 1694 ἀπεστράφην
1494 1624 1667 1677 πάντα
1705 1621 1818 1693 εἴδη

247 1710 625 1779 συκοφαντιῶν
673 1711 743 1764 τά
790 1712 848 1764 ὲν
884 1712 1192 1785 ἀνθρώποις
1236 1714 1591 1785 πλαζόμενοι,
1643 1714 1702 1780 ἐξ
1747 1708 1822 1768 ὧν

2516 1439 2742 1495 CAPUT
2816 1440 2901 1495 IV.

1998 1528 2050 1582 1.
2077 1528 2158 1583 Ab
2178 1529 2244 1585 iis
2261 1530 2515 1586 omnibus
2532 1533 2952 1602 cogitationibus
2969 1535 3214 1591 animum
3237 1554 3503 1597 revocans

1927 1620 2287 1688 consider-avi,
2318 1632 2482 1693 atque
2511 1635 2792 1681 aversatus
2822 1642 2943 1680 sum
2979 1630 3159 1683 omnia
3193 1633 3503 1701 sycophan-

1928 1714 2125 1767 tiarum
2156 1728 2352 1783 genera
2380 1714 2522 1770 inter
2554 1716 2803 1773 homines
2832 1721 3102 1787 errantia,
3131 1724 3330 1790 quibus
3360 1740 3500 1779 non-

242 1809 393 1866 τινες
431 1803 531 1873 μὲν
563 1804 904 1876 ἀδικούμενοι
936 1806 1227 1877 δακρύουσι
1272 1807 1366 1861 καὶ
1402 1808 1696 1880 θρηνοῦσι,
1735 1806 1821 1879 βίᾳ

1927 1804 2059 1858 nulli
2079 1804 2264 1874 inique
2289 1805 2645 1861 circumventi
2666 1825 2729 1863 ac
2746 1825 2843 1878 per
2869 1811 2977 1865 vim
2995 1812 3209 1882 dejecti,
3230 1814 3501 1887 lacrymas

245 1896 715 1967 καταϐεϐλημένοι
745 1897 855 1950 τῶν
890 1899 1276 1969 ὲπαμυνόντων
1309 1900 1385 1967 (2)
1409 1941 1424 1965 ,
1468 1901 1501 1972 ἦ
1550 1902 1687 1966 ὅλως
1718 1920 1823 1955 πα-

246 1987 712 2059 ραμυθησαμένων
740 1989 936 2053 αὐτοὺς
964 1990 1150 2061 πάσης
1184 1989 1520 2058 πανταχόθεν
1567 1990 1826 2061 κατεχού-

248 2096 351 2149 σης
383 2080 644 2153 ἀπορίας·
680 2083 727 2133 oi
758 2081 815 2134 δὲ
844 2082 1139 2153 χειροδίκαι
1181 2084 1261 2146 είς
1289 2082 1420 2152 ὕψος
1459 2082 1730 2155 αἴρονται,
1765 2083 1823 2149 ὲξ

242 2168 308 2226 οῦ
338 2172 431 2225 καὶ
463 2173 769 2229 πεσοῦνται.
795 2175 914 2229 Τῶν
936 2174 991 2228 δὲ
1011 2175 1209 2229 ἀδίκων
1240 2176 1333 2229 καὶ
1362 2175 1627 2248 θρασέων,
1645 2177 1692 2229 oi
1726 2175 1824 2246 μὲν

247 2265 633 2328 ἀποθανόντες,
682 2267 902 2336 ἄμεινον
943 2267 1094 2338 παρά
1136 2268 1261 2331 τοὺς
1304 2267 1462 2338 μέχρι
1494 2266 1588 2320 νῦν
1621 2264 1827 2331 ζῶντας

247 2352 514 2425 ἔπραξαν.
532 2352 802 2424 Αίρετώτε
812 2371 901 2425 ρος
919 2354 976 2407 δὲ
995 2353 1199 2408 τούτων
1224 2354 1567 2425 ἀμφοτέρων,
1593 2353 1621 2404 ό
1643 2354 1825 2424 ὅμοιος

245 2449 434 2511 αὐτοῖς
476 2447 750 2518 ἐσόμενος,
798 2446 1021 2516 μηδέπω
1050 2446 1106 2499 δὲ
1140 2446 1214 2517 (5)
1265 2444 1521 2513 γεγονὼς,
1564 2446 1645 2498 ὅτι
1674 2444 1826 2498 οῦπω

247 2540 350 2609 τῆς
378 2538 518 2592 κατά
538 2536 853 2609 ἀνθρώπους
880 2538 1055 2608 ἥψατο
1087 2538 1367 2609 πονηρίας.
1396 2538 1628 2610 Φανερδν
1654 2537 1710 2590 δέ
1736 2554 1824 2608 μοι

246 2632 465 2700 ἐγένετο
512 2631 607 2683 καὶ
655 2630 849 2693 ὁπόσος
895 2629 1051 2701 ἀνδρὶ
1094 2629 1285 2698 φθόνος
1329 2629 1477 2701 παρά
1521 2630 1628 2683 τῶν
1657 2629 1825 2692 πέλας

245 2720 461 2781 ἕπεται,
506 2717 719 2791 οἶστρος
764 2719 1022 2791 ὑπάρχων
1067 2719 1300 2791 πονηροῦ
1342 2721 1649 2790 πνεύματος
1681 2737 1695 2751 ·
1731 2722 1825 2773 καὶ¹

244 2811 336 2863 ὅτι
364 2813 390 2863 ό
419 2809 809 2880 ὑποδεξάμενός
835 2828 895 2863 τε
922 2808 1103 2869 αὐτὸν,
1134 2811 1229 2863 καὶ
1249 2811 1408 2863 οἱονεὶ
1439 2810 1825 2883 προστερνισά-

253 2919 439 2974 μενος,
472 2903 619 2956 οὐδὲν
659 2905 844 2975 ἕτερον
884 2904 1014 2974 ἔχει,
1058 2902 1091 2974 ἢ
1134 2902 1196 2956 τὸ
1220 2902 1471 2955 διεσθίειν
1503 2903 1600 2974 τὴν
1631 2901 1823 2956 ἑαυτοῦ

244 2993 449 3064 ψυχὴν,
485 2997 574 3047 καὶ
605 2995 873 3067 διαπρίειν
895 3013 955 3048 τε
982 2996 1074 3048 καὶ
1093 2995 1335 3066 δαπανᾷν
1362 2994 1497 3065 μετά
1522 2994 1617 3047 τοῦ
1648 2994 1825 3065 σώμα-

242 3104 337 3149 τος
391 3086 582 3140 ἑαυτοῦ
636 3088 812 3160 λύπην
864 3088 1314 3160 ἀπαραμύθητον,
1368 3088 1467 3160 τὴν
1511 3088 1619 3179 τῶν
1650 3088 1823 3143 ἀλλων
1851 3122 1892 3179 C

246 3181 554 3251 εὐπραγίαν
590 3180 871 3253 τιθέμενον
896 3181 989 3252 (4).
1026 3181 1236 3234 ’Ἐλοιτο
1264 3182 1307 3234 δ’
1333 3182 1397 3236 ἄν
1424 3200 1507 3245 τις
1527 3177 1585 3235 εὖ
1610 3182 1820 3253 φρονῶν

248 3273 482 3345 θατέραν
528 3273 807 3345 ἐμπλῆσαι
856 3272 965 3325 τῶν
1014 3274 1233 3345 χειρῶν,
1286 3276 1383 3328 σὺν
1434 3273 1681 3347 ῥᾳστώνῃ
1727 3277 1820 3332 καὶ

246 3367 536 3437 πραότητι,
578 3368 719 3439 ἥπερ
758 3366 1073 3439 ἀμφοτέρας
1120 3366 1217 3419 σὺν
1252 3365 1452 3437 μόχθῳ,
1484 3366 1578 3420 καὶ
1603 3367 1817 3439 δολεροῦ

245 3456 555 3528 πνεύματος
585 3458 906 3529 πανουργίᾳ.
951 3458 1105 3510 Ἔστι
1136 3456 1193 3509 δέ
1222 3474 1275 3510 τι
1306 3458 1399 3510 καὶ
1430 3457 1614 3529 ἕτερον
1634 3498 1648 3522 ,
1683 3459 1819 3528 ὅπερ

244 3546 365 3601 οἶδα
421 3548 712 3619 συμϐαῖνον
764 3549 916 3620 παρὰ
962 3548 1025 3602 τὸ
1075 3548 1370 3620 προσῆκον,
1423 3548 1612 3619 ἀνδρὸς
1657 3549 1819 3603 ἔνεκα

244 3637 619 3707 προαιρέσεως
638 3638 737 3690 οὐκ
759 3636 987 3707 ἀγαθῆς.
1017 3640 1113 3700 Ὃς
1139 3636 1514 3708 μεμονωμένος
1535 3637 1815 3702 πάντοθεν,

244 3728 343 3779 καὶ
375 3725 499 3779 οὕτε
528 3726 751 3797 ἀδελφὸν
778 3728 935 3798 ἔχων,
962 3725 1084 3781 οὔτε
1108 3727 1242 3792 υίδν,
1266 3729 1506 3799 κτήμασι
1531 3729 1587 3781 δὲ
1608 3728 1818 3794 πολλοῖς

245 3818 662 3889 εὐθηνούμενος,
710 3814 982 3891 ἀπληστίᾳ
1021 3818 1217 3883 συζῶν,
1252 3820 1575 3891 χρηστότητι
1630 3820 1817 3874 ἑαυτὸν

244 3910 360 3975 ο·.ᾌθ’
393 3910 528 3973 ὅλως
556 3910 731 3963 ὁτιοῦν
771 3910 1045 3965 ἐπιδοῦναι
1076 3910 1239 3966 θέλει.
1285 3912 1479 3975 Ἡδέως
1509 3906 1602 3965 οῦν
1628 3910 1693 3965 ἂν
1719 3912 1817 3966 αύ-

244 4003 341 4054 τὸν
385 4002 630 4073 ἐροίμην,
675 4003 796 4055 ὅτου
842 4002 999 4074 χάριν
1031 4005 1059 4056 ό
1090 4003 1328 4067 τοιοῦτος
1373 4002 1590 4074 μοχθεῖ,
1624 4002 1685 4056 τὸ
1721 4005 1817 4075 μὲν

246 4092 449 4160 ἀγαθόν
478 4111 529 4146 τι
562 4093 754 4165 δρᾶσαι
811 4095 1188 4166 προτροπάδην
1211 4094 1446 4165 φεύγων,
1468 4095 1737 4160 ποικίλαις
1761 4096 1818 4149 δὲ

245 4183 343 4236 τοῦ
374 4185 815 4255 χρηματίσασθαί
864 4186 1025 4239 ποθεν
1076 4186 1388 4257 ἐπιθυμίαις
1426 4186 1813 4259 διασπώμενος.

248 4274 433 4345 Πολλῷ
456 4276 511 4327 δὲ
533 4276 719 4329 τούτου
745 4275 981 4346 βελτίους
1006 4277 1053 4328 οἳ
1074 4278 1355 4331 κοινωνίαν
1383 4278 1497 4348 ἅμα
1517 4277 1632 4348 βίου
1653 4278 1820 4330 ἐστεί-

244 4369 428 4431 λαντο,
444 4369 502 4434 ἐξ
515 4364 581 4439 ἦς
600 4371 891 4439 καρποῖντο
905 4368 968 4421 ἂν
983 4368 1048 4420 τὰ
1065 4367 1314 4438 βέλτιστα
1330 4367 1452 4440 (4“);
1476 4368 1579 4421 Δύο
1592 4368 1699 4441 γὰρ
1726 4371 1818 4423 ἀν-

1927 1892 2158 1948 fnndunt
2210 1902 2373 1964 atque
2437 1896 2841 1967 ingemiscunt;
2899 1902 3137 1972 undique
3184 1904 3253 1958 ab
3306 1906 3502 1962 amicis

1924 1999 2149 2053 prorsus
2198 1985 2419 2055 inopes,
2470 1989 2563 2058 qui
2611 2004 2799 2045 eorum
2824 2007 3044 2047 causam
3093 2004 3372 2061 tueantur,
3405 2008 3502 2051 aut

1925 2084 2071 2131 certe
2097 2075 2327 2131 afﬂictos
2351 2079 2723 2135 consolentur.
2755 2082 2824 2136 At
2845 2098 2975 2138 vero
3002 2083 3219 2140 violenti
3250 2087 3502 2143 homines

1921 2167 2118 2237 jusque
2141 2168 2195 2222 in
2222 2168 2473 2224 manibus
2496 2171 2773 2238 habentes,
2794 2174 2845 2227 in
2870 2175 3101 2231 sublime
3124 2180 3412 2243 vehuntur,
3429 2181 3502 2235 ob

1925 2275 2158 2330 eamque
2188 2277 2408 2317 causam
2445 2274 2719 2319 corruerit.
2758 2265 2813 2320 2.
2851 2265 3141 2323 Enimvero
3173 2288 3235 2325 ex
3269 2288 3500 2328 consce-

1928 2348 2115 2404 leratis
2142 2359 2195 2404 et
2223 2352 2540 2417 audacibus,
2584 2353 2621 2407 ii
2664 2354 2758 2423 qui
2798 2370 2862 2408 ex
2896 2356 2999 2411 hac
3029 2359 3134 2413 vita
3170 2360 3499 2431 migrarunt,

1926 2443 2148 2497 meliore
2178 2445 2489 2501 conditione
2529 2457 2684 2511 sunt,
2728 2464 2893 2519 quam
2942 2452 3035 2519 qui
3074 2455 3369 2507 etiamnum
3414 2455 3499 2508 vir

1926 2539 2080 2585 vunt.
2124 2532 2176 2586 5.
2210 2530 2466 2603 Utrisque
2498 2547 2679 2591 autem
2722 2537 3121 2606 prreferendus,
3166 2544 3259 2612 qui
3302 2545 3499 2600 similis

1925 2637 2115 2677 eorum
2140 2622 2359 2681 futurus
2389 2636 2490 2692 est,
2526 2643 2623 2682 nec
2652 2638 2867 2684 creat-us
2893 2632 3069 2686 adhuc
3095 2642 3211 2700 est;
3236 2636 3496 2704 quoniam

1925 2711 2208 2768 hominum
2247 2716 2647 2785 improbitatem
2679 2722 2921 2774 nondum
2960 2723 3154 2794 attigit.
3194 2726 3250 2779 4.
3280 2725 3501 2796 Perspi-

1926 2817 2086 2857 cuum
2117 2806 2250 2859 mihi
2272 2823 2489 2876 quoque
2517 2807 2719 2863 factum
2753 2820 2856 2875 est,
2889 2824 3088 2881 quanta
3120 2817 3496 2885 proximorum

1927 2895 2132 2950 invidia
2167 2898 2397 2966 probum
2429 2900 2605 2954 virum
2649 2914 2928 2972 sequatur,
2962 2915 3187 2960 (nstrum
3227 2908 3498 2963 exsistens

1927 2986 2126 3058 impuri
2146 2990 2389 3059 spiritus.
2435 2993 2489 3046 5.
2516 2992 2780 3063 Quodque
2810 2996 2857 3051 is
2882 2998 2971 3066 qui
3006 2998 3144 3053 hanc
3169 3001 3496 3069 susceperit.

1927 3097 1991 3136 ac
2018 3083 2166 3137 velut
2189 3092 2404 3153 pectore
2426 3087 2743 3154 complexus
2767 3089 2948 3152 fuerit,
2981 3091 3114 3144 nihil
3139 3092 3281 3146 aliud
3309 3094 3491 3160 habet,

1926 3190 2089 3244 quam
2121 3175 2266 3244 quod
2304 3176 2542 3231 animam
2584 3194 2736 3232 suam
2762 3192 2913 3235 exest
2934 3190 2986 3235 et
3015 3182 3271 3249 dissecat,
3305 3185 3495 3240 simul.

1926 3280 2032 3334 que
2055 3282 2177 3319 cum
2205 3282 2433 3337 corpore
2455 3269 2725 3337 absumit;
2745 3287 3032 3327 mmrorem
3059 3276 3494 3344 acerbissimum,

1926 3372 2027 3411 nec
2049 3358 2243 3412 solatio
2274 3359 2381 3412 ullo
2412 3360 2783 3430 mitigabilem,
2816 3363 3047 3417 aliorum
3079 3368 3490 3435 prosperitatem

1924 3447 2262 3505 existimans.
2295 3449 2347 3504 6.
2370 3449 2533 3521 Atqui
2568 3436 2885 3523 praeoptarit
2918 3456 2999 3509 vir
3030 3458 3247 3526 sapiens
3280 3468 3334 3512 et
3369 3476 3492 3514 cor-

1925 3540 2105 3606 datus,
2134 3543 2356 3596 alteram
2383 3559 2607 3598 manum
2630 3562 2753 3599 cum
2778 3545 3035 3602 facilitate
3063 3558 3117 3602 et
3149 3550 3366 3604 levitate
3394 3552 3494 3605 im-

1925 3630 2103 3699 plere;
2141 3647 2304 3700 quam
2336 3642 2626 3703 utramque
2654 3650 2774 3688 cum
2810 3653 3050 3693 aerumna
3080 3648 3132 3694 et
3160 3640 3492 3696 fraudulenti

1926 3720 2152 3789 spiritus
2190 3722 2482 3777 calliditate
2524 3732 2577 3776 et
2618 3728 2877 3780 versutia.
2923 3727 2974 3782 7.
3005 3727 3101 3783 Est
3141 3738 3195 3783 et
3231 3732 3487 3799 quiddam

1926 3812 2091 3876 aliud,
2128 3812 2271 3882 quod
2304 3823 2495 3881 printer
2527 3814 2611 3869 fas
2633 3823 2688 3869 et
2713 3832 2929 3886 aequum
2954 3818 3157 3875 homini
3188 3822 3258 3876 ob
3285 3822 3492 3891 impro-

1925 3904 2048 3958 bam
2082 3905 2411 3959 voluntatem
2458 3907 2769 3977 contingere
2813 3909 2947 3965 seio.
3005 3910 3060 3964 8.
3105 3909 3208 3977 Qui
3250 3914 3491 3983 undique

1926 3996 2075 4050 solus
2100 3996 2339 4052 relictus.
2381 4013 2479 4051 nec
2501 3997 2722 4053 fratrem
2747 4014 2845 4054 nec
2869 4000 3037 4053 lilium
3070 4002 3291 4065 habens,
3318 4003 3488 4059 facul-

1926 4088 2130 4142 tatibus
2153 4096 2209 4142 et
2233 4088 2405 4158 copiis
2443 4090 2687 4157 afﬂuens,
2730 4091 3037 4161 inexplebili
3076 4093 3369 4161 cupiditate
3397 4110 3490 4149 ar-

1924 4180 2034 4246 det,
2081 4197 2180 4236 nec
2232 4182 2602 4238 beneﬁcentiae
2655 4195 2817 4254 atque
2866 4185 3186 4240 humanitati
3221 4203 3277 4240 se
3306 4188 3485 4256 ipsum

1926 4274 2037 4328 ullo
2073 4275 2234 4329 modo
2276 4276 2485 4331 tradere
2524 4277 2689 4346 cupit.
2726 4277 2802 4330 Ex
2832 4292 2897 4332 eo
2924 4278 3085 4347 igitur
3120 4278 3312 4332 lubens
3338 4296 3486 4348 quae-

1926 4366 2165 4433 siverim,
2207 4384 2372 4438 quam
2420 4369 2491 4423 ob
2536 4384 2757 4424 causam
2801 4370 3075 4425 laboribus
3115 4386 3173 4424 se
3212 4373 3484 4437 conficiat,

246 4462 390 4531 δρῶν
419 4464 531 4524 τοῖς
555 4462 737 4524 αὐτοῖς
765 4461 1083 4532 πράγμασιν
1112 4461 1285 4532 ὀρθῶς
1314 4462 1740 4533 προσκειμένων,
1769 4464 1816 4515 εί

1924 4456 2051 4511 boni
2096 4458 2314 4527 quidem
2372 4460 2575 4528 aliquid
2630 4459 2808 4514 facere
2854 4476 3199 4529 summopere
3246 4461 3483 4531 fugiens,

247 4556 344 4607 καὶ
382 4553 595 4625 θατέρῳ
639 4555 744 4607 τινὶ
787 4555 1067 4625 προσπέσῃ
1112 4570 1190 4606 τι⁸
1231 4553 1366 4607 ἀλλά
1397 4555 1501 4625 μὴν
1532 4556 1591 4608 ού
1618 4554 1817 4626 μικρὰν

246 4646 565 4716 ἐπικουρίαν
605 4646 737 4717 ἔχει,
775 4647 866 4699 τὸν
908 4646 1056 4716 αὐτῷ
1090 4646 1337 4700 συνόντα.
1367 4647 1611 4719 Μεγίστη
1642 4647 1697 4700 δὲ
1726 4648 1818 4701 καὶ

248 4737 505 4809 συμφορά
536 4738 804 4809 ἀνθρώπῳ
829 4736 1247 4809 δυσπραγοῦντι,
1292 4739 1383 4791 καὶ
1418 4740 1451 4810 ἡ
1492 4738 1693 4809 ἐρημία
1723 4739 1817 4792 τοῦ

247 4832 711 4903 ἀνακτησομένου.
744 4833 806 4885 Ui
843 4832 887 4885 δ’
917 4828 983 4885 αὖ
1014 4832 1328 4902 όμοδίαιτοι,
1356 4832 1449 4884 καὶ
1482 4831 1574 4903 τὴν
1612 4833 1818 4904 εὐπρα-

245 4924 375 4992 γίαν
410 4924 593 4987 αὐτοῖς
630 4923 1030 4986 ἐδιπλασίασαν,
1077 4924 1171 4976 καὶ
1216 4923 1554 4994 πραγμάτων
1588 4924 1819 4995 ἀϐουλή-

246 5032 356 5068 των
393 5016 635 5085 χειμῶνα
674 5015 1167 5087 παρεμυθήσαντο*
1213 5014 1352 5067 ὥστε
1382 5015 1474 5068 καὶ
1508 5015 1819 5086 μεθημέραν

246 5110 314 5175 τῇ
348 5108 434 5158 ἐπ’
463 5105 709 5178 ἀλλήλοις
730 5105 1141 5176 λαμπρύνεσθαι
1170 5105 1469 5178 παρρησίᾳ,
1494 5107 1587 5159 καὶ
1606 5105 1819 5176 νύκτωρ

321 5263 398 5332 (l)
471 5260 952 5334 Ἀναπτήσονται.
996 5260 1223 5317 Codices
1278 5263 1411 5334 regii
1458 5272 1512 5317 et
1566 5261 1815 5330 Thnan.,

245 5333 661 5403 ἀναστήσονται.
694 5332 820 5386 Duc.

318 5404 397 5486 (2)
427 5401 546 5486 ,Βίᾳ
568 5401 1066 5486 καταϐερϐνίῃμέξνοι
1090 5401 1663 5486 τῶζέπαμιλνόνῃτωκ.
1687 5401 1820 5486 Post

248 5473 596 5543 participium
623 5473 1086 5543 καταϐεϐλημένοι
1115 5474 1430 5527 collocanda
1459 5482 1541 5526 est
1585 5474 1813 5542 virgula,

252 5555 311 5598 ut
346 5546 617 5615 genitivus
662 5559 898 5613 sequens
932 5544 1565 5615 ἐπαμυνόντωντρςεῃιιι·
1602 5557 1631 5595 a
1660 5546 1814 5615 geni-

252 5612 371 5670 tivo
388 5615 621 5684 ἀπορίας
642 5652 657 5677 ,
694 5612 801 5667 nun
835 5622 1013 5684 autem
1046 5628 1083 5684 aq
1105 5614 1286 5684 dativo
1317 5612 1431 5683 βίᾳῖ
1455 5612 1640 5684 Neque
1664 5613 1812 5666 enim

254 5687 307 5737 vi
338 5682 629 5754 dejiciinur
665 5684 733 5737 ab
774 5684 840 5737 iis
868 5682 970 5754 qni
998 5682 1155 5754 nobis
1187 5682 1512 5736 succurrunt
1538 5701 1551 5737 :
1581 5683 1810 5754 ἐπαμυ-

255 5752 482 5811 νόντὼν
506 5763 683 5810 autem
699 5754 818 5808 ἀντὶ
836 5754 927 5807 τοῦ
949 5752 1275 5821 ἐπαμύνειν
1290 5754 1650 5821 ὀφειλόντων
1662 5753 1805 5808 acci-

1923 4550 2314 4619 multiplicihus
2349 4560 2528 4606 autem
2567 4562 2807 4621 quaestus
2849 4552 3097 4607 alicunde
3128 4553 3357 4607 faciendi
3382 4570 3482 4608 cu-

1919 4641 2234 4709 piditatibus
2273 4643 2585 4697 distractus.
2634 4644 2687 4697 9.
2740 4642 2954 4708 Quanto
2996 4643 3209 4698 tandem
3238 4646 3340 4699 hoc
3370 4660 3484 4699 me-

1920 4731 2104 4799 liores,
2130 4732 2222 4801 qui
2246 4733 2371 4787 vitae
2392 4733 2703 4788 societatem
2734 4734 2988 4799 inierunt,
3019 4747 3083 4787 ex
3114 4750 3221 4802 qua
3250 4734 3482 4802 optimos

1919 4824 2128 4881 fructus
2177 4826 2465 4896 decerpere
2501 4827 2738 4896 queant?
2769 4826 2855 4880 10.
2894 4826 3115 4881 Duobus
3173 4826 3315 4879 enim
3348 4827 3482 4881 viris

1918 4919 2081 4974 rebus
2130 4918 2321 4975 iisdem
2373 4927 2519 4973 recte
2564 4919 3023 4982 incumbentibus,
3069 4919 3281 4972 etiamsi
3326 4919 3481 4972 alteri

1919 5011 2195 5081 quidpiam
2239 5011 2452 5067 adversi
2484 5013 2713 5076 accidat,
2748 5021 2929 5066 tamen
2960 5012 3101 5065 haud
3150 5012 3263 5065 leve
3296 5010 3476 5065 subsi-

1918 5103 2069 5159 dium
2113 5104 2166 5158 in
2211 5105 2380 5160 sodali
2417 5114 2472 5160 et
2509 5104 2881 5160 contubernali
2913 5119 3013 5158 suo
3037 5103 3271 5172 positum
3297 5101 3479 5156 habet.

1918 5277 2064 5332 pere,
2092 5272 2149 5317 ut
2174 5261 2493 5332 Wolfangus
2522 5261 2686 5326 facit,
2729 5260 2892 5314 nimis
2921 5258 3217 5313 violentum
3243 5255 3376 5313 mihi
3398 5255 3474 5311 vi~

1918 5336 2094 5387 detur.
2134 5335 2283 5387 BILI..

1988 5404 2062 5471 (5)
2102 5402 2355 5471 Μηδέπω
2386 5401 2471 5455 δέ.
2505 5400 2694 5457 Billius
2722 5417 2788 5456 ex
2829 5399 2951 5455 cod.
2998 5396 3213 5463 Medic.,
3250 5396 3345 5451 καὶ
3374 5411 3464 5469 μη-

1915 5472 2060 5526 δέπω
2087 5473 2341 5541 γεγονώς.
2369 5472 2500 5526 Duc.

1988 5544 2061 5612 (4)
2099 5536 2439 5611 Τίθέμενον.
2481 5542 2611 5595 Cod.
2648 5539 2863 5602 Medic.,
2888 5537 3168 5612 τιθέμενος
3220 5536 3295 5593 In.

1988 5609 2087 5681 (4⁸)
2117 5612 2194 5666 Ex
2230 5609 2354 5666 nota
2396 5613 2775 5681 interrogativa
2803 5610 3088 5681 conjicere
3122 5609 3265 5681 licet,
3295 5609 3453 5676 legent

1915 5679 2042 5735 dum
2073 5679 2246 5753 πόσῳ,
2292 5684 2429 5753 loco,
2464 5680 2687 5753 song,
2712 5680 2815 5733 nisi
2862 5679 3342 5749 interrogationem
3380 5690 3467 5732 ex-

1916 5755 2132 5811 clulore
2165 5750 2336 5820 magis
2366 5752 2594 5818 placeat.
2618 5750 2782 5805 Eutr.
