4028 6214
536 311 645 371 999

1676 302 1733 357 S.
1777 298 2107 357 GREGORll
2147 295 2653 387 TIIAUMATURGI

3657 291 3804 348 1000

537 426 875 484 Gravissima
896 432 1076 480 autem
1107 431 1192 479 est
1217 422 1504 478 calamitas
1529 421 1739 476 homini
1759 420 1984 475 adversa
2008 417 2120 472 for-

2233 415 2541 486 pat6p6‘c'qzt
2572 410 2933 483 σεμνύνεσθαι
2958 405 3056 479 (5).
3118 407 3176 461 '0
3210 406 3268 461 δὲ
3297 405 3409 477 βίον
3439 403 3805 476 ἀκοινώνητον

542 534 671 578 tuna
714 518 910 582 utenti,
956 532 1144 573 carere
1189 520 1367 572 amico
1408 516 1502 586 qui
1544 516 1814 585 jacentem
1856 513 2115 580 luctuque

540 612 800 668 afﬂictum
828 609 1031 665 excitet
1060 624 1123 663 ac
1154 616 1380 663 recreet.
1419 608 1604 675 Atqui
1638 601 1981 659 contubernii
2019 615 2116 654 ne—

540 704 872 761 cessitudine
894 702 1069 772 juncti
1103 708 1251 765 sunt,
1289 708 1345 753 et
1374 697 1619 768 prosperi
1652 708 1942 751 successus
1964 692 2120 745 volu-

542 804 746 867 ptatem
780 795 883 849 sibi
915 793 1146 847 invicem
1195 791 1601 860 conduplicant,
1627 798 1682 843 et
1715 801 1898 842 rerum
1928 793 2121 854 praeter

540 889 877 942 voluntatem
897 884 1179 939 fluentium
1201 891 1576 952 tempestatem
1596 880 1836 935 leniunt:
1863 878 1950 931 Η.
1969 876 2121 930 Adeo

542 989 604 1034 ut
639 987 692 1033 et
721 979 813 1032 diu
865 985 1054 1030 mutua
1100 975 1348 1028 libertate
1397 974 1798 1044 splendescant,
1850 979 1903 1023 et
1952 975 2119 1021 noctu

541 1071 829 1126 honestate
860 1064 932 1123 ac
973 1067 1237 1137 gravitate
1273 1064 1531 1134 fulgeant.
1565 1062 1652 1116 12.
1683 1059 1886 1116 Contra
1917 1060 2013 1129 qui
2042 1057 2123 1111 vi-

540 1172 653 1217 tam
700 1163 767 1215 ab
812 1159 962 1213 omni
1007 1157 1287 1212 hominum
1343 1155 1603 1210 societate
1632 1161 1897 1208 semotam
1950 1150 2119 1214 ducit,

546 1255 869 1311 horrendam
892 1251 1183 1323 quamdam
1214 1250 1377 1303 vitam
1401 1247 1658 1310 traducit,
1684 1260 1793 1300 non
1816 1243 2123 1312 intelligens

544 1364 668 1403 eum
699 1357 901 1400 temere
929 1359 993 1398 ac
1016 1343 1322 1413 periculose
1349 1341 1452 1396 sibi
1477 1338 1783 1397 consulere.
1802 1335 1896 1406 qui
1921 1334 2123 1389 multos

549 1439 804 1495 homines
836 1444 1025 1491 mutuo
1057 1434 1309 1506 przesidio
1330 1434 1726 1500 circumseptos
1752 1430 1978 1483 adortus
2007 1424 2125 1479 fue-

546 1535 651 1597 rit:
713 1545 777 1584 ac
827 1536 1082 1599 praeterea
1143 1526 1324 1580 funem
1372 1524 1566 1593 triplici
1618 1536 1758 1576 nexu
1809 1526 2122 1574 contextum

550 1620 977 1691 haudquaquam
1004 1615 1162 1671 facile
1192 1615 1449 1687 perfringi
1480 1613 1675 1669 solere.
1735 1610 1821 1663 l3.
1850 1607 1964 1679 Ego
1994 1619 2124 1661 vero

544 1714 804 1784 juvenem
839 1725 1153 1781 pauperem,
1195 1709 1358 1762 modo
1395 1704 1681 1775 prudentia
1714 1710 1991 1762 ornatum,
2020 1714 2120 1752 an-

2218 508 2414 573 ἕλκων,
2437 504 2678 578 φρικώδη
2701 504 2822 559 τινὰ
2847 502 3027 573 ἑαυτῷ
3049 499 3283 569 διεξάγει
3306 499 3473 570 ζωὴν,
3498 497 3601 551 οὐκ
3626 495 3805 568 ᾐσθηο

2223 601 2401 671 μένος,
2440 599 2516 663 ὡς
2544 601 2592 652 εἰ
2617 598 2713 652 καὶ
2749 595 2987 650 ὲπίθοιτό
3021 611 3106 657 τις
3132 592 3440 665 ἀνθρώποις
3478 606 3807 661 συμπεφρα-

2217 690 2462 760 γμένοις,
2498 687 2744 760 θρασέως
2788 686 2883 739 καὶ
2926 686 3028 739 οὐκ
3065 682 3321 753 ἀσφαλῶς
3360 679 3670 751 βουλεύεται
3701 680 3805 750 (ὓ),

2222 783 2317 836 καὶ
2340 782 2423 835 ὅτι
2453 780 2577 833 οὐδὲ
2625 781 2833 849 σχοῖνος
2878 777 3081 848 τριπλῇ
3128 775 3326 847 ῥᾳδίως
3353 771 3807 844 ἀπορῤἡγνυσθαι

2222 875 2481 943 πέφυκεν.
2528 870 2669 940 Ἐγὼ
2698 870 2757 924 δὲ
2782 869 2858 941 (7)
2891 869 3172 941 προκρίνω
3203 867 3322 920 νέον
3352 865 3560 935 πένητα
3594 862 3809 934 σώφρο-

2221 981 2307 1027 να,
2340 964 2596 1034 γέροντος
2626 960 2887 1031 βασιλέως
2917 960 3170 1030 ἄφρονος,
3202 951 3246 1025 ᾦ
3272 956 3524 1026 ἐνθύμιον
3551 954 3613 1008 οὺ
3642 954 3809 1024 γεγέ-

2222 1071 2401 1126 νηται,
2425 1053 2504 1116 ὡς
2530 1052 2750 1105 δυνατόν
2779 1052 2916 1113 ἔστι,
2942 1049 3050 1102 τῶν
3082 1048 3180 1120 μὲν
3210 1050 3275 1102 ἐκ
3300 1047 3397 1100 τοῦ
3428 1044 3808 1118 δεσμωτηρίου

2221 1144 2345 1198 τινὰ
2368 1146 2447 1207 είς
2475 1144 2536 1196 τὸ
2569 1140 2883 1213 βασιλεῦσαι
2910 1139 3265 1210 καταστῆναι,
3298 1137 3461 1191 αὑτὸν
3493 1137 3550 1189 δὲ
3569 1137 3670 1207 τῆς
3692 1136 3810 1190 ἀδί-

2224 1253 2320 1291 κου
2345 1234 2680 1297 δυναστείας,
2710 1233 2933 1295 δικαίως
2965 1230 3189 1297 ὕστερον
3217 1230 3490 1282 ἐκπεσεῖν.
3512 1226 3809 1297 Συμὸαίνει

2223 1327 2332 1399 γὰρ
2364 1329 2489 1390 τοὺς
2519 1325 2624 1379 ὑπὸ
2654 1323 2732 1395 τῷ
2761 1324 2867 1394 νέῳ
2903 1323 3020 1394 μὲν,
3056 1321 3286 1392 ἔμφρονι
3322 1320 3380 1373 δὲ
3415 1319 3807 1390 πεισομένους,

2224 1418 2463 1481 ἀλύπους
2497 1414 2636 1470 εἶναι
2669 1417 2797 1479 τοὺς
2833 1417 2947 1468 ὅσοι
2990 1413 3411 1486 προγενέστεροι
3434 1409 3530 1483 (8).
3581 1412 3645 1463 Οἱ
3697 1408 3810 1480 γὰρ

2229 1511 2523 1583 μετέπειτα
2549 1508 2851 1579 γενόμενοι,
2881 1506 2969 1560 διὰ
2997 1505 3058 1559 τὸ
3087 1505 3275 1576 ἐτέρου
3296 1504 3610 1574 ἀπειράτως
3637 1501 3807 1571 ἔχειν,

2224 1603 2346 1657 οὐδὲ
2385 1601 2574 1655 τοῦτον
2618 1602 2855 1653 ἐπαινεῖν
2904 1597 3196 1661 δύνανται,
3235 1594 3493 1667 ἀγόμενοί
3523 1611 3585 1647 τε
3615 1592 3809 1666 γνώμῃ

2228 1694 2514 1763 ἀλογίστῳ,
2545 1692 2638 1746 καὶ
2658 1693 2802 1763 ὁρμῇ
2838 1689 3147 1761 πνεύματος
3166 1690 3432 1743 ἐναντίου.
3485 1688 3809 1760 Ἐκκλησία.

548 1780 753 1876 tepono
781 1802 898 1858 seni
947 1800 1059 1871 regi
1110 1799 1333 1862 stolido,
1362 1798 1450 1852 cui
1487 1796 1539 1849 in
1574 1802 1809 1848 mentem
1839 1805 1946 1845 non
1981 1788 2127 1842 venit

2233 1785 2335 1849 ζων
2355 1784 2411 1839 δὲ
2441 1785 2547 1856 πρὸ
2584 1782 2875 1854 ὀφθαλμῶν
2907 1781 2997 1853 ἔχε
3030 1782 3119 1835 τόν
3140 1784 3187 1835 τ’
3238 1781 3431 1835 ἑαυτοῦ
3477 1781 3591 1851 βίον
3634 1780 3810 1852 ὀρθῶς

548 1900 668 1954 fieri
707 1910 886 1967 posse,
924 1893 1015 1949 Η.
1052 1901 1109 1946 ιιι
1138 1890 1406 1959 quispiam
1434 1903 1501 1965 cit
1534 1900 1756 1940 carcete
1785 1892 1949 1952 atque
1969 1895 2122 1950 erga~

550 1992 696 2049 stulo
727 1990 795 2044 ad
819 1987 969 2058 regni
992 1984 1357 2056 gubernacula
1382 1981 1776 2044 constituatur;
1803 1979 1917 2047 ipse
1944 1983 2126 2029 autem

550 2092 741 2153 postea
778 2080 968 2147 iniquo
995 2076 1299 2147 principatu
1332 2075 1479 2144 juste
1504 2071 1845 2127 exturbetur.
1867 2068 1953 2122 15.
1978 2064 2129 2120 Non-

2230 1876 2666 1949 διαπορεύεσθαι,
2689 1876 2784 1929 καὶ
2808 1876 2947 1947 ὑπὲρ
2967 1874 3074 1928 τῶν
3093 1874 3341 1945 ἀφρόνων
3362 1872 3640 1944 εὔχεσθαι,
3663 1873 3808 1934 ὅπως

2186 1988 2197 2001 ι
2234 1970 2545 2022 ἐπίσταιντο
2586 1967 2801 2021 σύνεσιν
2842 1966 3121 2030 λαϐόντες,
3170 1965 3435 2019 ἐκκλίνειν
3483 1963 3582 2035 τὴν
3611 1962 3807 2036 πρᾶξιν

2234 2062 2341 2115 τῶν
2375 2059 2644 2133 πονηρῶν.

549 2191 829 2246 nunquam
860 2174 1003 2229 enim
1034 2173 1233 2237 erenit,
1267 2180 1324 2224 ut
1354 2170 1447 2240 qui
1477 2168 1662 2237 juveni
1710 2163 1955 2235 quidem,
2006 2172 2264 2216 caeterum
2322 2158 2564 2223 cordate,
2626 2156 2879 2219 subsunt,
2915 2153 3175 2211 maestitia
3209 2161 3423 2220 vacent,
3470 2153 3664 2208 saltem
3697 2165 3809 2205 ma-

547 2244 699 2341 jores
740 2276 890 2321 natu.
921 2264 1054 2319 Nam
1104 2267 1195 2335 qui
1241 2273 1424 2333 postea
1473 2262 1526 2316 in
1570 2262 1743 2315 lucem
1782 2257 2118 2328 prodierunt,
2156 2251 2415 2323 quoniam
2463 2249 2690 2305 alterius
2724 2249 3026 2320 periculum
3057 2264 3167 2339 non
3220 2246 3489 2314 fecerunt,
3545 2259 3614 2299 ne
3668 2244 3811 2299 hunc

554 2330 772 2433 quidem
824 2360 1046 2416 laudare
1094 2330 1341 2429 possunt.
1402 2356 1491 2412 16.
1551 2354 1781 2409 Abducti
1838 2351 2089 2406 videlicet
2149 2348 2459 2403 inconsulto
2518 2345 2788 2409 consilio,
2864 2330 3270 2414 adversariique
3323 2343 3548 2413 spiritus
3606 2341 3810 2409 impetu

556 2458 860 2530 praecipites
914 2456 1042 2512 acti.
1108 2456 1195 2512 l7.
1246 2454 1508 2523 Quisquis
1556 2462 1737 2506 autem
1788 2448 2133 2505 Ecclesiasten
2157 2458 2384 2500 munere
2427 2442 2692 2512 iungeris,
2738 2441 2868 2496 illud
2911 2442 2982 2496 ob
3020 2441 3206 2496 oculos
3248 2440 3465 2504 habeto,
3526 2447 3589 2493 ut
3638 2447 3697 2494 et
3726 2452 3813 2492 re-

503 2575 523 2605 ι
554 2564 704 2609 ctum
730 2554 854 2608 vitae
884 2552 985 2607 iter
1017 2550 1222 2615 teneas,
1256 2559 1310 2606 et
1335 2564 1434 2617 pro
1456 2547 1634 2603 stultis
1660 2545 1915 2617 preceris,
1939 2550 2000 2597 ut
2030 2549 2251 2611 accepta
2273 2536 2558 2609 prudentia
2585 2536 2852 2590 malorum
2884 2536 3126 2589 actiones
3159 2533 3329 2588 vitare
3359 2532 3557 2588 sciant.

1176 2639 1405 2696 CAPUT
1442 2639 1507 2695 ν.

625 2738 680 2794 1.
722 2735 932 2807 Lingua
986 2748 1149 2805 parce
1195 2734 1295 2799 uti,
1321 2733 1679 2803 prteclarum;
1734 2737 1899 2801 atque
1932 2727 1999 2784 ad
2040 2728 2125 2783 lo-

558 2829 761 2901 quendi
787 2827 1050 2889 studium,
1082 2827 1404 2896 gravitatem
1439 2824 1917 2894 constantiamque
1949 2822 2131 2877 cordis

560 2921 842 2975 adhibere.
876 2916 994 2971 Non
1024 2918 1167 2971 enim
1203 2932 1303 2972 nos
1327 2903 1635 2972 inconsulto
1666 2916 1921 2987 loquendi
1951 2915 2132 2969 studio

557 3010 730 3066 teneri
786 3019 1040 3078 oportet,‘
1077 3023 1249 3077 caque
1296 3024 1417 3077 qua:
1479 3008 1535 3062 in
1596 3017 1833 3062 mentem
1881 3006 2129 3069 veniunt,

2839 2626 3069 2681 ΚΕΦΑΛ
3119 2625 3196 2679 Ε¹.

2300 2720 2559 2793 Γλώσσης
2584 2721 2642 2775 δὲ
2670 2719 2946 2789 φείδεσθαι
2973 2718 3153 2781 καλὸν,
3189 2718 3283 2771 καὶ
3313 2716 3653 2792 εύσταθούσῃ
3682 2719 3812 2791 χρῆο

2234 2812 2356 2867 σθαι
2387 2812 2584 2886 καρδίᾳ
2613 2813 2670 2864 ὲν
2696 2814 2762 2882 τῇ
2795 2810 2924 2883 περὶ
2952 2808 3143 2878 λόγους
3173 2808 3398 2880 σπουδῇ.
3443 2810 3518 2863 Οὐ
3559 2810 3673 2882 γάρ
3708 2812 3810 2882 χρὴ

2235 2904 2535 2973 ἀλογίστως
2564 2902 2741 2957 αὐτῶν
2775 2903 2988 2973 ἔχοντα,
3032 2904 3133 2956 κᾶν
3162 2898 3370 2967 ἄθῡπα,
3411 2903 3444 2975 ἢ
3472 2902 3541 2956 τὰ
3569 2905 3666 2957 ἐπὶ
3692 2903 3810 2957 νοῦν

2236 2996 2476 3061 ἐλθόντα,
2503 2996 2676 3049 ταῦτα
2713 2996 2998 3067 προΐεσθαι
3029 2994 3117 3047 διὰ
3145 2995 3243 3065 τῆς
3269 2995 3449 3066 φωνῆς
3472 3012 3485 3025 ·
3517 2996 3635 3049 ἀλλ’
3664 2996 3814 3051 ἐνθυ-

558 3103 813 3175 quamvis
852 3102 1108 3159 absurda.
1158 3099 1400 3168 proferre
1439 3111 1601 3168 atque
1638 3100 1915 3163 emittere;
1942 3113 2127 3152 verum

2242 3087 2566 3158 μουμένους,
2608 3087 2689 3140 ὃτι
2737 3088 2784 3138 εί
2824 3086 2918 3139 καὶ
2966 3086 3099 3139 πολὺ
3144 3087 3529 3156 ἁφεστήκαμεν
3558 3084 3809 3159 ούρανοῦ,

558 3195 692 3250 illud
720 3193 983 3264 cogitare,
1024 3191 1167 3260 quod
1200 3191 1323 3244 licet
1364 3205 1560 3259 magno
1594 3190 1877 3243 intervallo
1916 3205 1944 3243 a
1991 3190 2130 3244 coelo

556 3287 845 3347 distemus,
890 3292 1097 3337 certum
1149 3290 1233 3335 est
1277 3291 1457 3335 tamen
1509 3296 1787 3335 sermones
1841 3289 2057 3334 nostros
2098 3298 2129 3335 a

558 3377 670 3431 Deo
709 3375 993 3441 exaudiri;
1043 3383 1204 3444 atque
1241 3375 1372 3428 utile
1400 3382 1485 3428 est
1524 3372 1735 3443 lapsum
1769 3373 1824 3426 in
1856 3373 2131 3442 loquendo

559 3483 772 3523 cavere.
799 3467 853 3522 2.
881 3466 1346 3533 Quemadmodum
1374 3466 1516 3520 enim
1545 3466 1725 3520 varias
1752 3465 1949 3519 anima:
1969 3481 2130 3521 curas

559 3561 841 3630 multiplex
902 3559 1297 3614 insomniorum
1352 3559 1561 3629 species
1620 3558 2003 3629 subsequitur,
2064 3558 2129 3612 ad

556 3655 812 3709 eumdem
863 3666 1083 3722 quoque
1132 3652 1351 3706 modum
1400 3651 1579 3706 stultis
1623 3651 1802 3705 verbis
1850 3651 2131 3721 nugacitas

558 3747 848 3816 c0ujuncta
873 3756 974 3800 est.
1001 3746 1054 3799 '5.
1084 3744 1413 3799 Pollicitatio
1435 3759 1599 3814 porro
1630 3752 1755 3798 voto
1780 3742 1945 3809 facta,
1970 3745 2129 3798 ﬁnem

560 3856 657 3912 per
693 3856 833 3909 opus
869 3839 1117 3909 accipiat.
1156 3837 1249 3892 Est
1291 3837 1394 3892 hoc
1421 3838 1712 3891 stultorum
1743 3838 2043 3906 proprium.
2073 3845 2133 3889 ut

563 3933 814 4003 rcjectitii
865 3932 993 3987 sint.
1047 3931 1118 3985 At
1170 3938 1228 3984 tu
1276 3929 1532 3999 promissi
1574 3930 1856 3984 veritatem
1903 3940 2127 3999 praesta,

634 4063 859 4135 (ἢκ-Καὶ
917 4064 1148 4135 Υὺκτωρ
1199 4063 1537 4135 σεμνότητιΔ
1566 4064 2003 4135 σεμνύνεσθαι.
2051 4061 2128 4117 Ex

561 4132 898 4189 ms.'l\lcdic.
931 4133 1118 4186 Billius
1159 4132 1410 4186 emendat
1456 4132 1551 4185 καὶ
1601 4133 1814 4203 νύκτωρ
1842 4134 2130 4203 σεμνότητι

562 4203 969 4275 φαιδρύνεσθαι.
1024 4202 1092 4255 Et
1140 4212 1294 4255 noctu
1343 4203 1609 4256 honestate
1647 4212 1697 4255 et
1736 4203 2131 4326 gravitateJul-

563 4285 741 4326 aeaut.
778 4272 887 4326 Nec
928 4276 1084 4326 longe
1125 4273 1411 4326 discedunt
1450 4273 1540 4326 alii
1568 4274 1907 4326 internretes.
1940 4272 2001 4326 Ei
2043 4288 2126 4326 em

563 4272 741 4344 geant.
778 4272 887 4326 Nec
928 4276 1084 4340 longe
1125 4273 1411 4344 discedunt
1450 4273 1907 4344 aliiinterpretes.
1940 4272 2126 4327 Eidem

563 4340 781 4398 lectioni
827 4346 969 4396 favet
1009 4352 1064 4394 et
1102 4344 1269 4396 codex
1300 4340 1580 4411 Vaquerii.
1606 4343 1673 4394 At
1708 4340 2132 4398 Basiliensiedi-

566 4415 696 4470 tioni
754 4413 965 4484 νύκτωρ
1015 4413 1331 4484 φαιδρότητι
1379 4430 1533 4484 σεμν.
1571 4412 1934 4484 suffragantur
1968 4414 2126 4469 codd.

562 4500 675 4553 reg.
706 4493 758 4536 et
785 4482 997 4535 'l‘tiuan.
1030 4482 1160 4535 Duc.

634 4550 711 4622 (6)
754 4554 1123 4605 Βουλεύεται.
1160 4552 1457 4606 Admonuit
1482 4550 1671 4608 Billius
1702 4553 1754 4605 in
1788 4557 1910 4607 cod.
1934 4552 2126 4608 Medic.

563 4624 665 4690 legi
705 4622 1087 4690 βουλεύσεται,
1124 4638 1285 4690 quam
1320 4633 1497 4677 tamen
1525 4624 1809 4678 lectionem
1841 4625 2001 4679 obelo
2033 4640 2131 4678 no-

567 4693 717 4764 tavit,
752 4709 850 4746 tn-c
878 4693 930 4745 in
976 4693 1419 4764 interpretatione
1458 4708 1564 4764 sua
1602 4703 1686 4749 est
1714 4695 2039 4764 amplexus:
2075 4704 2132 4749 at

564 4762 712 4816 illaut
745 4772 921 4815 tuetttr
946 4764 1113 4816 codex
1153 4761 1425 4830 Vaquerii.
1456 4762 1529 4816 lu.

638 4832 731 4903 (η
769 4831 907 4901 Ἐγὼ
933 4832 1020 4894 δὲ,
1051 4850 1102 4886 κ.
1136 4849 1185 4884 τ.
1211 4831 1258 4883 λ.
1291 4831 1443 4886 Hunc
1474 4834 1652 4887 locum
1685 4834 1763 4888 sic
1786 4849 1816 4887 a
1845 4832 1902 4887 S.
1935 4833 2133 4903 Grego-

564 4903 648 4956 rio
691 4901 1098 4974 Thauntaturgo
1133 4903 1458 4974 explicatum
1492 4905 1622 4957 citat
1671 4904 1726 4957 S.
1768 4901 2131 4974 Hieronymus

568 4974 621 5026 in
654 4988 754 5027 suo
778 4972 1162 5026 Commentario
1190 4973 1245 5024 in
1276 4970 1646 5027 Ecclesiasten.
1685 4974 1911 5028 Voss.—-
1927 4970 2127 5028 Locum

567 5041 1045 5114 Hieronytniauum
1077 5043 1362 5114 retulimus
1393 5043 1533 5096 inter
1565 5042 1803 5098 Veterum
1829 5046 2132 5097 testimonia

568 5115 635 5168 de
661 5112 848 5167 nostro
870 5112 1152 5181 Gregorio.

641 5185 715 5255 (8)
758 5188 927 5255 Ὅσοι
986 5180 1455 5255 προγενέστεροι.
1537 5180 1852 5255 Subodoror
1929 5182 2131 5255 aliquid

570 5252 759 5309 deesse
783 5257 832 5308 in
859 5253 1047 5308 Graeco
1084 5271 1097 5306 :
1134 5268 1309 5319 neque
1355 5253 1501 5307 enim
1542 5253 1627 5306 his
1669 5252 1848 5305 verbis
1896 5252 2132 5319 perfecta

570 5336 653 5379 est
681 5327 966 5380 sententia.
1002 5323 1363 5392 Hieronymus
1407 5324 1551 5392 hunc
1589 5323 1766 5376 locum
1818 5333 2032 5376 vertens
2077 5323 2131 5376 in

571 5396 963 5448 commentario
988 5410 1147 5465 quem
1171 5393 1389 5465 scripsit
1414 5392 1465 5444 iit
1488 5391 1872 5465 Ecclesiasten,
1899 5392 1965 5445 ad
1990 5393 2134 5447 hunc

573 5467 791 5518 modum
833 5460 1110 5520 transtulit
1141 5481 1155 5517 :
1186 5460 1483 5517 Ita‘tamen
1520 5474 1575 5517 ut
1606 5463 1700 5516 sub
1728 5478 1846 5516 sene
1880 5478 1994 5532 rege
2021 5479 2135 5516 uer-

573 5537 677 5587 sati
706 5538 829 5588 sint.
871 5535 1049 5601 Quare
1096 5542 1189 5588 aut
1236 5534 1291 5587 in
1335 5535 1610 5588 meliorem
1649 5534 1888 5588 codicem
1922 5533 2131 5598 incidit,

574 5613 669 5675 aut
695 5605 763 5658 ad
795 5607 1116 5673 explendam
1166 5606 1486 5675 sententiam
1530 5606 1775 5675 quaedam
1815 5604 1883 5658 de
1911 5618 2009 5658 suo
2038 5604 2134 5659 ad-

571 5671 698 5726 dere
731 5689 837 5726 non
868 5671 1155 5728 dubitavit.
1199 5674 1345 5729 BILL.

642 5745 717 5814 (9)
754 5743 1108 5813 Παντοδαπῇ
1140 5748 1460 5813 φαντασίᾳ.
1487 5744 1896 5803 Emendandum
1929 5759 1996 5799 ex
2024 5742 2133 5799 Bil-

2235 3177 2523 3247 γινώσκειν
2542 3176 2670 3249 χρὴ,
2709 3178 2788 3230 ὃτι
2812 3177 2899 3229 ἐπ’
2928 3177 3151 3248 ἐπηκόῳ
3179 3176 3521 3248 φθεγγόμεθα
3541 3176 3705 3243 Θεοῦ,
3724 3177 3813 3232 καὶ

2235 3269 2349 3322 ἐστι
2370 3269 2642 3330 λυσιτελὲς
2672 3268 2851 3322 λαλεῖν
2880 3267 3296 3340 ἀπεριπτώτως.
3327 3269 3538 3340 Ὥσπερ
3566 3270 3622 3323 δὲ
3657 3287 3814 3341 φρον-

2234 3361 2345 3414 τίσι
2371 3360 2548 3431 ψυχῆς
2570 3360 2839 3424 ποικίλαις
2864 3360 3168 3432 παρέπεται
3192 3360 3483 3433 ὀνειράτων
3502 3363 3813 3434 παντοδαπτά

2238 3452 2510 3524 φαντασίᾳ
2541 3452 2614 3522 (9)
2638 3469 2651 3482 '
2685 3450 2829 3505 οὕτω
2857 3453 2952 3505 καὶ
2989 3452 3268 3526 ἀφροσύνῃ
3299 3452 3536 3525 φλυαρία
3566 3454 3811 3519 συνέζευ·

2236 3561 2382 3597 κται.
2433 3543 2765 3613 Ἐπαγγελία
2792 3543 2851 3596 δὲ
2879 3543 2946 3598 δι’
2980 3545 3146 3615 εὐχῆς
3173 3544 3453 3616 γινομένη,
3502 3546 3658 3609 τέλος
3682 3546 3814 3618 λαμ-

2236 3637 2448 3691 ϐανέτω
2475 3637 2541 3689 δι’
2572 3636 2753 3709 ἔργου.
2796 3637 3070 3708 Ἀφρόνων
3095 3636 3151 3689 δὲ
3186 3636 3337 3700 ἴδιον,
3380 3636 3440 3690 τὸ
3474 3637 3814 3710 ἀποὸλήτους

2236 3728 2407 3784 εἶναι’
2446 3730 2510 3783 σὺ
2541 3729 2597 3782 δὲ
2632 3728 2837 3801 ἀληθὴς
2868 3729 2989 3793 ἔσο,
3042 3728 3323 3797 γινώσκων
3349 3729 3424 3793 ὡς
3452 3730 3636 3801 πολλῷ
3662 3733 3816 3801 ἄμει-

2235 3839 2325 3875 νον
2359 3821 2431 3894 μὴ
2463 3821 2717 3887 εὔξασθαί
2761 3837 2850 3888 σε,
2903 3820 3038 3892 μηδὲ
3080 3820 3412 3891 ὑποσχέσθαι
3452 3824 3507 3875 τὶ
3532 3823 3809 3896 δρᾶσαι,ῆ

2235 3913 2551 3986 εὐξάμενον,
2585 3911 2705 3968 εἶτα
2732 3912 3078 3985 παραλιπεῖν.
3110 3915 3205 3967 Δεῖ
3223 3914 3280 3967 δὲ
3308 3915 3577 3980 παντοίως
3595 3916 3814 3988 φεύγειν

2236 4065 2309 4120 lio
2335 4075 2389 4121 et
2418 4064 2611 4120 Medic.
2648 4065 2824 4131 libro,
2871 4065 3125 4119 παντοδατ

3232 4067 3521 4137 φαντασία.
3575 4067 3813 4126 Joannes

2237 4137 2541 4191 monachus
2588 4134 3131 4206 ((Ecolampadius):

3215 4139 3451 4191 ariarum
3483 4140 3682 4194 anima.-
3721 4158 3811 4194 cu-

2238 4222 2420 4279 rarum
2444 4210 2657 4279 assae/aa
2687 4206 3195 4279 sunt_ntultiformes
3225 4209 3611 4262 insomniorum
3640 4212 3813 4279 phan-

2238 4278 2406 4350 tasire.
2446 4276 2721 4350 Musculus
2756 4294 2768 4329 :
2817 4273 3010 4350 Varias
3035 4279 3201 4350 animi
3231 4294 3384 4350 curas
3415 4280 3586 4332 omnis
3609 4273 3811 4350 generis

2235 4347 2562 4400 somniorum
2601 4346 2882 4418 phantasia
2912 4347 3212 4418 comitatur.
3252 4346 3367 4418 Hoc
3403 4357 3487 4404 est
3518 4346 3671 4418 quod
3705 4354 3813 4405 ele~

2239 4417 2386 4497 ganti
2421 4431 2578 4497 versu
2625 4416 2895 4497 (inpressit
2943 4416 3236 4487 Gregorius
3270 4416 3649 4475 Nazianzenus
3681 4422 3813 4493 Περὶ

2167 4477 2209 4532 ι)
2238 4477 2346 4538 ⁸ξῶν
2374 4484 2495 4540 καθ’
2528 4477 2736 4539 ἑαυτὸν·

2270 4557 2588 4628 φροντίσιν
2616 4555 3028 4628 ήματίαιςφγὰρ
3052 4557 3245 4625 duclla
3264 4555 3549 4628 φάσματα
3564 4562 3810 4627 νυκτός.

2330 4629 2410 4681 isa
2437 4629 2626 4679 etenim
2649 4642 2803 4679 curas
2826 4626 3059 4694 referunt
3092 4639 3346 4680 nocturna
3369 4626 3613 4683 diurnas.

2239 4697 2345 4751 Sed
2378 4697 2604 4768 alteram
2643 4705 2851 4765 partem
2900 4699 3064 4764 hujus
3092 4702 3378 4768 commatis
3415 4696 3812 4768 Thaumatnrgi

2239 4768 2418 4835 aptius
2440 4767 2673 4820 fortasse
2697 4767 2946 4820 vertisset
2973 4769 3324 4821 doctissimus
3346 4767 3557 4829 Bilbus,
3585 4775 3658 4821 ad
3675 4766 3812 4822 eum-

2236 4838 2352 4890 dem
2371 4853 2572 4907 quoque
2589 4836 2799 4908 modum
2822 4836 3066 4908 stultitim
3082 4838 3375 4906 loquacitas
3390 4848 3467 4890 est
3489 4842 3779 4908 conjuncta
3793 4855 3813 4892 :

2236 4922 2346 4971 quo
2369 4918 2523 4976 pacto
2547 4907 2710 4976 etiam
2743 4907 2835 4960 alii
2865 4909 2973 4976 duo
3002 4908 3323 4975 interpretes
3354 4909 3499 4964 [nunc
3529 4909 3715 4964 locum
3740 4912 3815 4963 in.

2239 4974 2578 5048 tellekerunt.
2620 4974 2858 5031 Joannes
2888 4974 3025 5048 :__Ita
3059 4987 3107 5029 et
3146 4974 3516 5048 imprudentia.-
3558 4992 3813 5048 perpetua

2245 5063 2412 5100 comes
2443 5054 2521 5100 est
2548 5046 2863 5115 loquacitas.
2896 5045 3173 5101 Musculus
3199 5045 3333 5102 :‘Ita
3361 5058 3411 5101 et
3438 5045 3687 5103 stultitia:
3713 5067 3812 5103 uu-

2239 5118 2441 5185 gacitas
2475 5115 2728 5169 adliceret.
2760 5115 3070 5171 Salomonis
3102 5126 3280 5172 textus
3299 5118 3376 5173 sic
3403 5121 3562 5173 habet
3589 5122 3641 5173 in
3670 5120 3814 5175 Grie-

2239 5187 2518 5260 εἰει-Καὶ
2558 5186 2706 5260 φωνὴ
2746 5185 2979 5260 ἀφρονος
3019 5188 3076 5239 ἐν
3122 5187 3315 5260 πλήθει
3358 5188 3552 5260 λόγων·
3607 5188 3679 5242 Ει
3718 5204 3813 5243 vos

2237 5256 2392 5308 stulti
2418 5257 2473 5308 in
2506 5256 2842 5309 multitudine
2863 5272 3179 5311 sermonum.
3215 5256 3462 5314 Incertus
3499 5273 3695 5314 auctor
3732 5278 3813 5314 sic

2238 5328 2461 5400 exponit
2489 5326 2541 5378 itt
2574 5325 2776 5400 Catena
2808 5326 2987 5400 Regite
3019 5328 3358 5400 bibliotheca:
3386 5348 3400 5385 :
3434 5330 3648 5400 Ὥσπερ
3676 5332 3728 5383 ot
3759 5331 3817 5383 ὲν

2237 5394 2421 5480 ἡμέρᾳ
2465 5395 2861 5480 πειραζόμενοι.
2884 5394 2978 5476 καὶ
2997 5397 3083 5480 ..δι’
3113 5400 3394 5480 ἐνυπνίων.
3420 5394 3813 5480 ταιράτςὲρνται·

2237 5466 2502 5542 οὕτωλκαὶ
2529 5466 2770 5542 ὁάφρων
2803 5466 3079 5542 αὑτούνδιὰ
3114 5470 3211 5542 τῆς
3242 5466 3566 5539 πολυλογίας
3597 5471 3819 5542 ἐλέγχε-

2238 5551 2349 5612 ται.
2382 5535 2833 5612 Quemadmodum
2862 5540 2951 5608 qui
2973 5535 3202 5612 interdiu
3228 5535 3515 5605 tentantur,
3538 5535 3820 5612 etiam'jier

2240 5606 2501 5682 insomnia
2532 5606 2909 5682 perturbantur
2925 5624 2953 5682 _:
2983 5610 3061 5662 ita
3110 5626 3313 5682 quoque
3355 5612 3553 5667 stultus
3592 5628 3696 5668 sua
3724 5606 3819 5669 ’ζο-

2239 5678 2501 5747 quacitate
2535 5677 2889 5748 redarguitur.
2923 5678 3053 5734 Duc.
