4028 6214
560 301 702 356 1005

1793 302 2115 362 GREGORH
2154 301 2659 361 THAUMATURGI

3633 294 3774 351 1001

538 421 614 477 ’2.
659 418 795 476 Cum
842 420 1098 477 nimirum
1147 419 1289 477 Deus
1322 423 1557 494 cuipiam
1608 426 1789 482 omnia
1840 441 1963 498 quae
2009 426 2101 496 ipsi

2215 424 2523 497 καταθύμια
2571 422 2750 480 αὐτῶν
2805 422 3016 479 ἅπαντα
3063 422 3464 497 ὲπιχορηγήσας
3486 460 3500 484 ,
3557 418 3779 491 μηδενος

559 512 711 566 cordi
742 521 919 579 erant,
953 511 1170 567 abunde
1191 512 1634 583 suppeditaverit,
1686 531 1784 573 nec
1807 517 1914 571 ulla
1936 516 2114 571 omni-

558 619 631 657 no
661 618 722 658 re
749 619 817 658 ex
842 603 1098 658 omnibus
1145 620 1266 675 qua:
1291 606 1531 661 animum
1563 607 1855 677 cupiditate
1885 616 2113 675 tentant,

555 709 680 750 eum
716 696 1056 766 spoliaverit;
1107 713 1215 752 non
1248 698 1442 769 opibus
1480 705 1533 754 et
1574 698 1952 764 facultatibus,
2004 715 2113 755 non

556 787 728 858 gloria
761 797 815 842 et
845 788 1153 858 splendore,
1186 805 1294 845 non
1315 791 1536 861 reliquis
1558 792 1678 846 aliis
1697 791 1969 859 omnibus,
1994 807 2116 862 qua:

555 881 814 938 mortales
844 884 909 937 ad
944 893 1219 955 stuporem
1264 900 1438 955 usque
1479 884 1817 940 admirantur
1849 903 1863 940 :
1897 885 1986 940 ille
2018 900 2116 940 au-

555 980 663 1026 tem
707 974 961 1031 omnibus
1010 976 1176 1032 rebus
1218 975 1602 1032 circumﬂuens
1648 976 1826 1047 (quasi
1873 976 1975 1031 hac
2007 990 2113 1030 una

555 1066 864 1122 calamitate
920 1067 1181 1125 divinitus
1228 1068 1433 1125 inﬂicta
1495 1069 1786 1139 implicitus
1842 1076 2111 1136 teneatur,

551 1157 699 1227 quod
731 1173 917 1213 earnm
947 1158 1126 1214 fructu
1156 1160 1383 1230 careat),
1421 1160 1510 1215 alii
1543 1175 1640 1215 sua
1667 1167 1943 1226 asservat,
1991 1160 2115 1215 inu-

553 1248 665 1304 tilis
696 1250 982 1321 prolapsus
1009 1260 1063 1307 et
1088 1251 1192 1307 sibi
1225 1261 1280 1308 et
1303 1253 1586 1322 proximis.
1627 1254 1681 1307 '5.
1718 1250 1834 1308 Hoc
1861 1269 1994 1309 sane
2025 1267 2115 1307 ar-

554 1350 869 1412 gumentum
921 1359 1176 1414 magnum
1203 1386 1218 1411 ,
1272 1346 1596 1416 signumque
1640 1345 1985 1416 perspicuum
2016 1360 2112 1400 ex-

553 1442 737 1489 trema:
783 1435 1065 1505 cujusdam
1115 1436 1481 1507 improbitatis
1526 1452 1647 1493 esse
1693 1452 1910 1493 censeo.
1968 1436 2111 1504 Quin

550 1527 701 1581 illum
727 1544 947 1599 quoque
971 1530 1269 1599 hominem,
1306 1531 1400 1601 qui
1430 1530 1785 1601 plurimorum
1816 1531 2109 1586 liberorum

548 1630 699 1687 pater
732 1622 851 1678 sine
898 1623 1003 1678 ulla
1050 1622 1351 1680 oﬂ'eusione
1394 1624 1743 1689 nominatus,
1792 1624 2012 1694 vitaque
2054 1624 2111 1680 in

548 1713 778 1786 longum
797 1716 1081 1786 producta,
1108 1716 1439 1788 benignitate
1467 1724 1646 1771 tamen
1674 1732 1738 1772 ac
1758 1716 1967 1772 deliciis
1993 1716 2111 1770 ani-

2215 517 2520 572 οὑτινοσοῦν
2573 517 2680 571 τῶν
2724 519 2801 583 είς
2842 518 3134 591 ἐπιθυμίαν
3164 516 3423 571 ἐλθόντων
3454 514 3613 568 αὑτὸν
3640 512 3779 585 ἀφέ-

2215 611 2401 682 ληται,
2442 608 2514 681 μὴ
2550 611 2881 680 περιουσίας,
2919 610 2992 682 μὴ
3041 607 3372 675 πολυδοξίας,
3410 606 3483 679 μὴ
3525 605 3633 659 τῶν
3670 604 3782 658 λοι-

2216 702 2333 756 πῶν
2379 702 2507 775 περ).
2552 702 2651 755 ὅσα
2683 702 2955 775 ἄνθρωποι
2988 701 3292 776 ὲπτόηνται’
3323 703 3352 755 ὁ
3380 699 3437 755 δὲ
3476 701 3588 764 τοῖς
3611 700 3781 752 πᾶσιν

2214 791 2625 864 εύθηνούμενος,
2678 792 2866 865 ῶσπερ
2911 792 3084 864 τούτῳ
3130 794 3275 865 μόνῳ
3328 791 3571 863 θεηλὰτῳ
3621 788 3780 859 κακῷ

2215 884 2595 957 συνεχόμενος,
2639 885 2717 958 τῷ
2769 886 2843 958 μὴ
2881 884 3199 952 ἀπολαύειν,
3245 882 3446 957 ἑταίρῳ
3483 881 3562 954 τῷ
3610 878 3781 936 αὐτοῦ

2212 976 2562 1049 ταμιεύσεται
2598 977 2742 1049 (12),
2771 977 2950 1031 πεσὼν
2990 976 3235 1050 ἄκαρπος
3281 976 3375 1030 καὶ
3426 973 3636 1045 ἐαυτῷ,
3680 973 3780 1028 καὶ

2213 1072 2323 1133 τοῖς
2369 1067 2612 1139 πλησίον.
2668 1069 2837 1123 Τοῦτο
2895 1069 3037 1139 μέγα
3084 1070 3378 1142 τεκμήριον
3418 1068 3511 1121 καὶ
3558 1066 3780 1137 ἔλεγχον

2216 1162 2485 1232 περιφανῆ
2551 1162 2988 1234 ὑπερϐαλλούσης
3044 1162 3153 1231 ἐγὼ
3208 1161 3422 1232 τίθεμαι
3477 1160 3775 1232 πονηρίας’

2212 1251 2382 1323 ἄνδρα
2422 1269 2480 1306 τε
2531 1253 2755 1318 ἐκεῖνον,
2808 1253 2866 1316 ὃς
2914 1254 3177 1310 πλείστων
3224 1254 3404 1327 πατὴρ
3456 1252 3781 1325 ὀνομασθεὶς

2211 1345 2414 1398 τέκνων
2428 1344 2647 1411 ἀσινῶς,
2683 1346 2830 1417 βιοὺς
2860 1348 2915 1401 δὲ
2932 1349 3123 1419 χρόνον
3145 1348 3371 1419 μακρὸν,
3402 1348 3500 1402 οὐκ
3530 1345 3781 1418 ἐπλήσθη

2211 1433 2572 1505 χρηστότητος
2602 1433 2698 1506 τὴν
2726 1435 2903 1507 ψυχὴν
2937 1438 3028 1490 ἐπὶ
3073 1436 3350 1501 τοσοῦτον,
3387 1437 3610 1492 θάνατον
3637 1436 3780 1510 (12⁸)

2211 1526 2405 1596 πεῖραν
2434 1526 2494 1578 ού
2527 1526 2704 1580 λαϐών
2726 1544 2740 1559 ο
2776 1527 2961 1583 τοῦτον
2994 1528 3187 1599 ἔγωγε,
3218 1528 3339 1582 οὔτε
3372 1529 3468 1601 τῆς
3508 1529 3779 1584 πολυπαι-

2208 1614 2345 1680 δίας,
2388 1615 2512 1671 οὔτε
2544 1618 2643 1688 τῆς
2674 1619 3043 1692 πολυημερίας
3075 1620 3374 1692 ζηλώσαιμ⁹
3401 1620 3486 1674 ἄν·
3523 1621 3617 1675 καὶ
3642 1639 3780 1693 προ-

2210 1707 2380 1778 κρίνω
2430 1707 2487 1761 δὲ
2525 1707 2690 1762 αὐτοῦ
2735 1709 2911 1782 ἄωρον
2967 1710 3202 1783 γαστρὸς
3244 1710 3499 1782 μητρῴας
3543 1712 3780 1765 ἐκπεσὸν

544 1821 694 1861 mum
728 1816 878 1861 tanto
914 1817 1152 1877 tempore
1184 1822 1290 1862 non
1321 1807 1637 1878 expleverit,
1667 1807 1860 1863 mortis
1890 1807 2101 1861 interim

2210 1801 2462 1873 ἔμϐρυον.
2521 1802 2727 1857 Ἐκεῖνο
2776 1803 2883 1875 γὰρ
2931 1803 3118 1875 ὥσπερ
3146 1799 3274 1875 ἦλθε
3316 1804 3578 1875 ματαίως,
3602 1804 3779 1869 οὕτως

543 1899 789 1969 periculo
839 1899 1261 1971 haudquaquam
1307 1898 1483 1967 facto;
1535 1901 1682 1958 hunc
1721 1899 1972 1971 equidem
2009 1914 2110 1955 nec

544 2004 848 2045 numerosae
894 1989 1062 2060 prolis
1088 2029 1103 2055 ,
1156 2005 1257 2045 nec
1306 1991 1681 2048 diuturnitatis
1722 1992 1848 2048 vita:
1888 1990 2109 2046 nomine

544 2082 762 2136 beatum
799 2081 1047 2137 duxerim
1079 2099 1093 2135 :
1125 2081 1235 2136 imo
1260 2096 1388 2137 vero
1413 2081 1580 2138 fetum
1603 2099 1634 2137 e
1654 2092 1901 2139 materno
1920 2090 2109 2138 ventre

542 2182 865 2242 pramature
911 2173 1285 2239 excidentem,
1340 2183 1504 2244 atque
1575 2174 1768 2230 abortu
1837 2181 2105 2246 egestum,

543 2265 644 2334 ipsi
678 2265 1071 2336 praeferendum
1097 2273 1246 2335 puto.
1304 2266 1358 2320 4.
1388 2265 1480 2322 llle
1515 2267 1661 2322 enim
1683 2305 1698 2330 ,
1739 2275 1801 2321 ut
1828 2264 2104 2323 incassum

541 2357 709 2424 venit,
764 2357 836 2413 ita
865 2356 1175 2413 clanculum
1202 2357 1364 2414 etiam
1391 2366 1445 2413 et
1474 2372 1598 2413 cum
1634 2358 1905 2414 oblivione
1928 2359 2107 2414 disce-

539 2447 651 2515 dit,
707 2449 764 2504 5.
804 2464 910 2506 non
939 2450 1240 2520 degustatis
1268 2450 1432 2521 hujus
1462 2451 1584 2506 vita:
1619 2450 1779 2505 malis
1800 2491 1816 2517 ,
1867 2466 1969 2506 nec
1992 2451 2106 2506 sole

535 2551 844 2612 prospecto.
909 2541 1064 2608 Quod
1110 2541 1326 2612 quidem
1372 2541 1542 2597 levius
1586 2551 1701 2608 est,
1734 2556 1908 2612 quam
1959 2541 2103 2612 quod

537 2647 797 2702 perverso
830 2632 907 2688 illi
932 2643 985 2688 et
1016 2633 1301 2704 proﬂigato
1326 2633 1531 2687 homini
1576 2632 1800 2699 accidit;
1854 2633 1948 2704 qui
1981 2633 2106 2689 licet

536 2724 596 2778 in
629 2724 775 2779 mille
808 2738 982 2779 annos
1011 2725 1177 2779 vitam
1207 2738 1363 2780 suam
1394 2723 1739 2795 pr0pagarit,
1769 2723 1892 2778 vitas
1925 2730 2102 2777 tamen

533 2817 821 2872 commoda
845 2831 951 2872 non
976 2817 1216 2887 agnovit.
1258 2813 1556 2886 Utriusque
1577 2830 1742 2885 porro
1764 2815 1906 2881 linis,
1930 2799 2099 2870 mors.

541 2912 595 2968 7.
630 2913 898 2968 Caeterum
932 2913 1021 2968 hic
1045 2913 1280 2967 maxime
1308 2912 1512 2967 stultus
1535 2911 1910 2976 convincitur,
1956 2910 2103 2981 quod

536 3000 686 3061 nulla
736 3005 1031 3075 cupiditate
1078 3006 1307 3060 satietur
1336 3013 1389 3058 et
1418 3006 1700 3074 expleatur
1731 3023 1744 3059 :
1780 3005 1833 3059 8.
1866 3004 1935 3057 At
1971 3019 2115 3074 pru:

532 3099 668 3154 deus
697 3108 749 3153 et
781 3099 1092 3153 moderatus
1126 3098 1211 3152 his
1239 3097 1522 3152 aﬂ‘ectibus
1560 3097 1786 3151 minime
1809 3095 2097 3150 retinetur.
2126 3121 2170 3182 ο

532 3188 670 3245 Fere
695 3190 753 3244 ﬁt
791 3200 971 3245 autem
995 3229 1011 3254 ,
1065 3198 1125 3244 ut
1155 3189 1280 3244 vitae
1308 3189 1575 3244 rectitudo
1603 3198 1657 3243 et
1687 3188 1969 3259 integritas
1997 3189 2096 3242 ho-

532 3281 734 3336 minem
786 3282 853 3335 ad
896 3289 1265 3351 paupertatem
1292 3279 1474 3336 ducat.
1534 3280 1589 3334 9.
1630 3277 1826 3335 Multos
1862 3295 1990 3335 vero
2028 3281 2095 3336 de

2210 1894 2393 1949 ἄπεισι
2422 1895 2515 1949 καὶ
2542 1895 2813 1969 λαθραίως
2839 1898 2897 1949 ἐν
2924 1897 3217 1969 ἀμνηστίᾳ,
3244 1898 3340 1969 οὐχ
3368 1896 3643 1968 ἁψάμενον
3672 1916 3778 1951 κα-

2210 1988 2339 2052 κῶν,
2372 1989 2489 2043 οὐδὲ
2520 1989 2859 2061 προσϐλέψαν
2884 1988 3036 2060 ἡλίῳ.
3072 1989 3242 2043 Τοῦτο
3265 1989 3608 2060 κουφότερον,
3631 1990 3777 2062 ἥπερ

2206 2078 2285 2151 τῷ
2316 2080 2553 2153 πονηρῷ,
2583 2081 2683 2135 κᾶν
2724 2080 2913 2152 χιλίοις
2946 2080 3089 2135 ἔτεσι
3119 2081 3218 2152 τὴν
3247 2079 3437 2135 ἑαυτοῦ
3477 2080 3622 2153 ζωὴν
3646 2083 3779 2135 ἀνα-

2211 2175 2607 2247 μετρησαμένῳ
2638 2173 2944 2246 ἀγαθότητα
2993 2173 3067 2246 μὴ
3116 2173 3320 2245 ἐπιγνῷ
3353 2173 3482 2245 (15).
3518 2173 3683 2237 Τέλος
3717 2174 3776 2226 es

2208 2266 2408 2335 ἀμφοῖν
2441 2265 2685 2329 θάνατος.
2729 2266 3111 2336 Ἐλεγχομένου
3149 2265 3407 2338 ἄφρονος,
3438 2264 3674 2336 μάλιστα
3696 2264 3777 2335 τῷ

2208 2357 2520 2431 πλησμονὴν
2590 2358 2856 2429 μηδεμιᾶς
2902 2357 3200 2429 λαμϐάνειν
3264 2356 3574 2430 ἐπιθυμίας.
3633 2359 3774 2414 Ὀδδ

2208 2451 2459 2523 σώφρων,
2511 2450 2721 2515 τούτοις
2770 2451 2870 2505 οὐκ
2911 2450 3180 2523 ἐνίσχεται
3228 2454 3340 2514 τοῖς
3389 2450 3637 2505 πάθεσιν.
3682 2451 3775 2515 Ὠς

2205 2545 2250 2599 δ’
2284 2545 2376 2598 ἐπὶ
2406 2544 2466 2597 τὸ
2509 2543 2758 2598 πλεῖστον
2789 2543 3018 2616 εὐθύτης
3065 2544 3212 2616 ζωῆς
3251 2543 3533 2617 ἄνθρωπον
3571 2548 3638 2617 τῇ
3672 2564 3774 2600 πε-

2204 2638 2293 2711 νίᾳ
2321 2638 2520 2709 ὁδηγεῖ.
2564 2636 2835 2709 Ἐξίστησι
2876 2636 2932 2690 δὲ
2976 2635 3201 2701 πολλοὺς
3243 2637 3532 2709 ὀφθαλμῶν
3576 2638 3774 2710 λίχνων

2205 2731 2468 2801 θεάματα,
2501 2730 2599 2802 τὴν
2627 2728 2802 2801 ψυχὴν
2830 2728 3172 2803 ἐρεθίζοντα,
3202 2730 3290 2784 ἐπ’
3315 2730 3572 2802 ἀνόνητον
3601 2748 3772 2784 σπου-

2203 2821 2299 2895 δὴν
2337 2821 2583 2888 ἕλκοντα,
2618 2821 2707 2875 διὰ
2730 2822 2828 2892 τῆς
2858 2819 2947 2874 τοῦ
2985 2820 3213 2892 ὀφθῆναι
3256 2823 3418 2893 κενῆς
3452 2822 3772 2895 ἐπιθυμίας.

2203 2913 2283 2966 Τὰ
2312 2913 2411 2985 μέν
2442 2930 2524 2966 τοι
2558 2912 2652 2967 νῦν
2683 2912 3055 2984 γεγεννημένα
3095 2911 3193 2985 ἢδη
3227 2912 3512 2982 ἔγνωσται·
3542 2916 3640 2968 καὶ
3673 2932 3775 2969 σα-

2203 3003 2301 3075 φὲς
2344 3003 2621 3074 τυγχάνει,
2668 3003 2743 3067 ὡς
2782 3006 2895 3067 τοῖς
2935 3004 3073 3075 ὑπὲρ
3112 3004 3272 3058 αὐτὸν
3311 3003 3597 3078 ἄνθρωπος
3626 3008 3776 3060 ἀντι-

2202 3094 2491 3149 τάσσεσθαι
2515 3097 2614 3165 ούχ
2644 3088 2755 3158 οἷός
2784 3111 2863 3146 τε.
2889 3094 3149 3166 Φλυαρίαι
3172 3113 3235 3164 γε
3267 3095 3372 3167 μὴν
3394 3095 3534 3150 κατὰ
3561 3096 3776 3169 ἀνθρὼ-

2201 3204 2335 3250 πους
2366 3185 2705 3257 στρέφονται,
2736 3185 2835 3256 τὴν
2863 3184 2969 3238 τῶν
2997 3186 3290 3257 χρωμένων
3319 3186 3502 3241 ἄνοιαν
3534 3187 3775 3255 ἐπαυξὰ-

2200 3296 2404 3334 νουσαι.

520 3375 731 3431 λωοηιίε
779 3376 945 3447 gradu
980 3375 1242 3446 dejiciunt
1279 3375 1586 3446 procacium
1616 3375 1897 3430 oculorum
1930 3386 2205 3446 aspectus,
2260 3375 2498 3431 animam
2558 3372 2866 3440 incitantes,
2919 3390 2983 3431 ac
3032 3391 3128 3445 per
3184 3376 3397 3432 inanem
3429 3377 3776 3433 videndtcu-

530 3469 808 3540 piditatem
863 3471 929 3527 ad
978 3471 1166 3526 inutile
1228 3467 1467 3527 studium
1533 3475 1927 3541 pertrahentes.
2000 3470 2086 3526 10.
2152 3468 2441 3524 Enimvero
2504 3483 2567 3522 ea
2614 3482 2736 3537 qum
2782 3482 2929 3523 nunc
2979 3466 3120 3523 facta
3174 3478 3335 3536 sunt,
3388 3469 3503 3539 jam
3548 3470 3773 3540 cognita

531 3570 1190 3640 sunt:perspicuumque
1250 3577 1354 3635 est,
1402 3568 1679 3623 hominem
1746 3567 1814 3623 iis
1870 3582 1993 3638 quae
2049 3583 2210 3636 supra
2270 3582 2329 3620 se
2388 3573 2550 3630 sunt,
2594 3563 2851 3619 reluctari
2894 3572 3057 3635 atque
3087 3564 3355 3624 obsistere
3414 3579 3525 3620 non
3583 3580 3769 3636 posse.

526 3662 618 3715 11.
638 3660 904 3718 Caeterum
940 3677 1099 3734 nugae
1130 3671 1185 3717 et
1206 3662 1419 3732 ineptiae
1439 3661 1580 3717 inter
1602 3660 1848 3717 homines
1877 3668 2183 3724 versantur,
2235 3673 2426 3712 eorum
2458 3655 2551 3727 qui
2581 3656 2647 3711 iis
2678 3663 2906 3711 utuntur
2926 3656 3216 3711 amentiam
3242 3665 3524 3728 augentes.

1099 3754 1327 3811 CAPUT
1408 3753 1514 3809 Vll.

600 3850 652 3907 1.
692 3847 825 3904 Nam
860 3865 984 3905 cum
1019 3849 1191 3903 nihilo
1221 3849 1480 3920 majorem
1514 3848 1799 3906 utilitatem
1832 3849 1880 3905 is
1915 3847 2091 3919 perci-

526 3940 679 4010 piat,
730 3941 823 4011 qui
872 3956 935 3995 ea
978 3957 1101 4011 quae
1135 3956 1203 3995 ex
1245 3941 1413 3995 animi
1447 3940 1716 3996 sententia
1743 3941 1846 3997 sibi
1891 3941 1946 3995 in
1983 3940 2092 3995 vita

525 4039 785 4087 eventura
840 4042 1005 4098 sunt,
1072 4041 1356 4101 perspecta
1423 4030 1645 4086 haberet
1701 4031 1992 4103 (ﬁngamus
2037 4031 2093 4085 id

525 4122 728 4192 enim);
758 4130 936 4176 tamen
965 4121 1067 4176 hoc
1091 4136 1307 4191 quoque
1327 4119 1611 4174 hominum
1634 4120 1926 4175 curiositas
1947 4134 2095 4174 com-

2796 3751 3043 3806 ΚΕΦᾹΔ.
3082 3752 3160 3812 2⁸.

2265 3844 2543 3919 Μηδαμῶς
2565 3842 2673 3915 γὰρ
2698 3841 2857 3896 πλέον
2871 3859 2922 3896 τι
2952 3841 3328 3913 ὠφελουμένου
3354 3841 3446 3897 τοῦ
3469 3842 3772 3912 γινώσκον-

2192 3954 2283 4001 τος
2315 3938 2382 3991 τὰ
2409 3935 2557 4006 αύτῷ
2591 3933 2974 4006 συμϐησόμενα
2998 3934 3148 4006 παρὰ
3177 3934 3267 3988 τὸν
3295 3932 3403 4003 βίον
3424 3934 3764 4007 καταθύμια⁸

2202 4029 2383 4101 θῶμεν
2415 4029 2520 4102 γὰρ
2552 4026 2710 4080 τοῦτο
2751 4026 2894 4096 (14)·
2927 4026 3074 4097 ὅμως
3105 4025 3161 4079 δι
3194 4026 3288 4079 καὶ
3321 4026 3428 4080 τῶν
3457 4014 3765 4098 ἀνθρώπων

2193 4122 2480 4195 περιεργίᾳ
2504 4120 2870 4191 ἐπιτεχνᾶται,
2894 4118 2970 4184 ὡς
2995 4119 3089 4173 καὶ
3111 4119 3179 4174 τὰ
3202 4120 3339 4191 μετὰ
3367 4119 3593 4176 θάνατόν
3618 4140 3764 4189 τινος

527 4210 836 4268 miniscitur
858 4256 872 4279 ,
922 4222 981 4267 ut
1007 4227 1069 4267 ea
1098 4211 1262 4266 etiam
1297 4226 1419 4281 qua:
1447 4219 1572 4282 post
1602 4220 1829 4267 mortem
1861 4209 2092 4281 alicujus

2202 4214 2420 4268 ἑκάστου
2473 4213 2734 4283 ἐσόμενα,
2787 4210 3259 4285 πολυπραγμονεῖν
3315 4228 3376 4264 τε
3433 4212 3528 4265 καὶ
3583 4212 3766 4266 δοκεῖν

523 4300 706 4358 futura
736 4311 894 4368 sunt,
924 4302 1084 4357 anxie
1117 4302 1393 4372 inquirere
1417 4317 1482 4356 ac
1511 4301 1651 4357 scire
1679 4301 1983 4357 videantur.
2030 4300 2084 4355 2.

523 4397 694 4453 Porro
721 4396 864 4451 fama
890 4398 1028 4451 bona
1066 4395 1286 4449 suavior
1310 4403 1394 4449 est
1414 4394 1609 4448 animae
1633 4394 1677 4459 ⁸,
1710 4409 1872 4464 quam
1903 4394 2083 4450 oleum

522 4490 770 4561 corpori;
800 4496 853 4543 et
877 4488 997 4543 vita;
1021 4486 1220 4550 exitus,
1244 4486 1438 4579 ηιθιίοξ
1460 4486 1740 4541 nativitate
1768 4504 1781 4539 :
1826 4486 1879 4541 5.
1907 4486 2083 4555 Atque

521 4581 818 4652 optabilius
852 4588 906 4634 et
938 4577 1296 4649 praestabilius
1333 4577 1519 4648 lugere
1550 4594 1711 4648 quam
1760 4579 2081 4642 comessari,

520 4688 587 4729 ac
620 4671 978 4728 maerentibus
1023 4670 1215 4726 adesse
1246 4685 1408 4740 quam
1439 4670 1687 4725 ebrietati
1717 4671 2081 4726 studentibus.

523 4764 614 4821 Sic
634 4765 779 4820 enim
808 4778 866 4819 se
894 4780 981 4819 res
1006 4763 1186 4830 habet,
1208 4764 1352 4832 quod
1374 4764 1419 4818 si
1443 4764 1565 4834 quis
1597 4763 1742 4819 hunc
1768 4764 1891 4819 vita:
1919 4764 2082 4820 ﬁnem

519 4867 712 4912 nactus
742 4855 923 4919 fuerit,
957 4854 1024 4909 de
1057 4855 1140 4909 his
1171 4870 1294 4924 qua:
1323 4854 1468 4910 circa
1496 4870 1555 4911 se
1580 4865 1728 4923 sunt,
1762 4871 1861 4911 nec
1888 4856 2082 4910 timore

520 4964 620 5005 nec
649 4948 1013 5005 sollicitudine
1040 4944 1324 5001 aﬂiciatur.
1366 4948 1419 5001 4.
1454 4945 1737 5003 Consimili
1768 4947 1930 5002 modo
1957 4963 2083 5016 pru-

516 5044 651 5097 dens
682 5040 760 5096 ira
788 5040 920 5096 risui
952 5037 1287 5110 praeferenda
1332 5047 1448 5105 est;
1500 5053 1688 5093 severa
1717 5039 1864 5094 enim
1896 5039 2078 5093 vultus

515 5133 854 5196 habitudine,
897 5132 1076 5186 anima
1102 5129 1169 5185 ad
1197 5141 1402 5184 rectum
1431 5129 1829 5201 honestumque
1854 5146 2076 5201 compo-

516 5228 684 5282 nitur.
750 5226 804 5281 5.
840 5224 919 5280 Ac
962 5224 1263 5294 sapientum
1316 5220 1533 5293 quidem
1595 5223 1790 5276 anima:
1856 5222 2077 5279 tristitia

583 5338 608 5373 ⁸
642 5337 801 5394 Prov.
832 5352 969 5401 χιιι,
1004 5336 1055 5391 1.

584 5459 695 5536 (12)
734 5455 1343 5536 Ταμιεύσεταικϐορᾱ.
1374 5452 1566 5536 Medic.
1614 5462 1671 5536 et
1711 5450 1948 5536 Tlman.,
1982 5470 2079 5536 τα-

519 5523 780 5601 μιεύεται.
807 5523 1353 5597 Βυοῶυε.-Ιλθςὶἒεο
1378 5526 1587 5579 videtur
1613 5524 1878 5593 interpres
1907 5523 2078 5596 ἑτέρῳ

519 5601 584 5649 τὰ
611 5600 775 5649 αὐταῦ
808 5597 1149 5649 ταμιεύεται.
1180 5597 1340 5649 Enn‘.
1369 5594 1612 5649 ΡΔΠιοι..

515 5597 584 5655 τὰ
611 5600 775 5654 αὐτοῦ
808 5597 1149 5668 ταμιεύεται.
1180 5597 1340 5651 Enn.
1369 5597 1612 5651 Ριιτκοι..

589 5670 905 5749 (1ἓςλζσως
933 5669 1204 5749 θανάτου..
1421 5737 1433 5749 _
1595 5735 1621 5747 ﬂ
1676 5735 1731 5749 Ν

584 5735 714 5815 (15)
739 5737 1291 5808 Ἀναμετρησαμένφ
1408 5735 1647 5808 ἐπιγνῷ.
1676 5735 1865 5795 Billius
1891 5737 2075 5795 admo-

2194 4307 2407 4362 εἰδέναι.
2442 4306 2642 4376 Μνήμη
2674 4304 2731 4357 δὲ
2763 4302 2941 4376 ἀγαθὴ
2969 4304 3113 4375 ψυχῇ
3146 4303 3579 4376 προσηνεστέρα,
3614 4305 3765 4377 ἥπερ

2194 4398 2402 4470 σώματι
2432 4398 2626 4452 ἐλαιονο
2661 4398 2753 4452 καὶ
2800 4397 2915 4469 βίου
2965 4396 3159 4464 ἔξοδος,
3193 4397 3428 4468 ἀμείνων
3466 4395 3761 4465 γενέσεωςο

2190 4491 2283 4543 καὶ
2314 4486 2672 4561 αἱρετώτερον
2700 4486 2934 4551 πενθεῖν,
2964 4487 2998 4559 ἢ
3042 4485 3336 4558 κωμάζειν,
3371 4486 3464 4540 καὶ
3510 4485 3570 4540 τὸ
3610 4505 3761 4559 παρ-

2188 4585 2325 4636 εῖναι
2358 4584 2469 4647 τοῖς
2511 4581 2887 4652 λυπουμένοις,
2922 4579 2956 4652 ἢ
2989 4582 3099 4643 τοῖς
3134 4578 3570 4651 μεθυσκομένοις.
3599 4581 3762 4634 Ἐστι

2188 4676 2296 4748 γὰρ
2321 4676 2482 4741 οὕτω,
2513 4674 2744 4730 λαϐόντα
2775 4673 2899 4729 τινὰ
2936 4672 3031 4728 τοῦ
3067 4672 3181 4743 βίου
3226 4674 3374 4738 τέλος
3409 4673 3481 4746 μὴ
3526 4673 3764 4748 εὐλαϐηο

2190 4766 2344 4839 θῆναι
2377 4769 2503 4840 περὶ
2534 4767 2641 4822 τῶν
2684 4769 2820 4840 ἀμφ’
2852 4767 3028 4821 αὐτόν.
3076 4767 3311 4831 Γέλωτος
3354 4767 3410 4820 δὲ
3442 4766 3618 4838 θυμὸς
3660 4766 3763 4838 έμ-

2188 4876 2337 4933 φρων
2387 4861 2801 4933 προτιμότερος·
2835 4860 3079 4930 αύστηρᾷ
3128 4859 3235 4932 γὰρ
3274 4858 3509 4913 διαθέσει
3543 4859 3762 4932 προσώ-

2187 4967 2323 5014 που,
2366 4951 2723 5022 κατορθοῦται
2765 4949 2935 5022 ψυχή.
2964 4950 3028 5002 Αἱ
3063 4951 3160 5021 μὲν
3205 4951 3383 5004 τοίνυν
3419 4949 3527 5003 τῶν
3561 4951 3759 5021 σοφῶν

2185 5041 2375 5111 ψυχαὶ,
2423 5041 2872 5113 σκυθρωπάζουσι
2916 5044 3008 5096 καὶ
3041 5041 3432 5107 συστέλλονται,
3458 5043 3514 5096 αί
3558 5043 3615 5097 δὲ
3644 5043 3761 5097 τῶν

2185 5134 2432 5206 ἀφρόνων
2492 5134 2844 5207 ἐπαιρόμεναι
2900 5134 3219 5205 διαχέονται.
3295 5133 3435 5187 Πολὺ
3486 5133 3544 5186 δέ
3605 5135 3763 5190 ἐστιν

2185 5226 2559 5298 εύκταιότερον
2604 5225 2891 5298 ἐπίπληξιν
2924 5223 3088 5295 σοφοῦ
3118 5224 3234 5288 ἐνὸς
3264 5224 3537 5299 δέξασθαι,
3568 5225 3602 5297 ἢ
3628 5225 3761 5280 ὅλου

2185 5463 2277 5511 net
2302 5456 2385 5530 vel
2412 5456 2922 5530 ἀναμετρῃσάμενος
2940 5458 3247 5529 legendum,
3272 5457 3527 5530 vel,_quod
3552 5458 3764 5517 melius

2183 5528 2434 5597 quadrat,
2469 5528 2786 5598 ἐπιγνῶναι,
2814 5539 2874 5584 ιιι
2920 5528 3125 5585 ἰηίιηε.
3175 5530 3325 5585 card.
3373 5528 3600 5583 Lotltar.
3644 5531 3765 5589 Alii

2187 5606 2369 5652 tamen
2405 5599 2563 5669 codd.
2597 5599 2870 5669 vulgatam
2899 5599 3184 5669 lectionem
3226 5609 3467 5654 tuentur.
3503 5598 3636 5654 Duc.

2252 5669 2365 5740 (1-1)
2395 5668 2596 5739 Θῶμεν
2620 5668 2730 5740 γὰρ
2757 5669 2953 5725 τοῦτο.
2981 5668 3143 5726 Deest
3162 5670 3270 5743 γάρ
3298 5671 3351 5725 in
3373 5670 3507 5775 cod.
3533 5669 3756 5793 biivilii.
