  <div class='ocr_page' id='page_1' title='image "/cluster/home/n/w/nwhite01/storage/ocr_20150623/10/hvd.32044073501330/522.png"; bbox 0 0 3934 6198; ppageno 0'>
   <div class='ocr_carea' id='block_1_1' title="bbox 173 366 317 421">
    <p class='ocr_par' dir='ltr' id='par_1_1' title="bbox 173 366 317 421">
     <span class='ocr_line' id='line_1_1' title="bbox 173 366 317 421; baseline 0 0"><span class='ocrx_word' id='word_1_1' title='bbox 173 366 317 421; x_wconf 79' lang='grc' dir='ltr'><strong>1οὒ5</strong></span> 
     </span>
    </p>
   </div>
   <div class='ocr_carea' id='block_1_2' title="bbox 1237 353 2394 415">
    <p class='ocr_par' dir='ltr' id='par_1_2' title="bbox 1237 353 2394 415">
     <span class='ocr_line' id='line_1_2' title="bbox 1237 353 2394 415; baseline -0.001 -2"><span class='ocrx_word' id='word_1_2' title='bbox 1237 355 1722 415; x_wconf 66' lang='grc' dir='ltr'><strong>ΜΕΤΑΡΗΒᾸΞΙΞ</strong></span> <span class='ocrx_word' id='word_1_3' title='bbox 1758 353 1827 410; x_wconf 84' lang='grc' dir='ltr'><strong>ΙΝ</strong></span> <span class='ocrx_word' id='word_1_4' title='bbox 1867 353 2394 412; x_wconf 77' lang='lat' dir='ltr'><strong>ECCLESIASTEN.</strong></span> 
     </span>
    </p>
   </div>
   <div class='ocr_carea' id='block_1_3' title="bbox 3283 359 3423 413">
    <p class='ocr_par' dir='ltr' id='par_1_3' title="bbox 3283 359 3423 413">
     <span class='ocr_line' id='line_1_3' title="bbox 3283 359 3423 413; baseline 0.007 -1"><span class='ocrx_word' id='word_1_5' title='bbox 3283 359 3423 413; x_wconf 72' lang='lat'><strong>£006</strong></span> 
     </span>
    </p>
   </div>
   <div class='ocr_carea' id='block_1_4' title="bbox 169 472 1762 556">
    <p class='ocr_par' dir='ltr' id='par_1_4' title="bbox 169 477 1754 556">
     <span class='ocr_line' id='line_1_4' title="bbox 169 477 1754 556; baseline -0.005 -19"><span class='ocrx_word' id='word_1_6' title='bbox 169 482 339 556; x_wconf 82' lang='grc' dir='ltr'>χοροῦ</span> <span class='ocrx_word' id='word_1_7' title='bbox 378 479 679 552; x_wconf 86' lang='grc' dir='ltr'>ἀνθρώπων</span> <span class='ocrx_word' id='word_1_8' title='bbox 707 478 924 548; x_wconf 85' lang='grc' dir='ltr'>φαύλων</span> <span class='ocrx_word' id='word_1_9' title='bbox 959 478 1051 532; x_wconf 72' lang='grc' dir='ltr'>καὶ</span> <span class='ocrx_word' id='word_1_10' title='bbox 1088 477 1359 551; x_wconf 74' lang='grc' dir='ltr'><strong>δυστήνων</strong></span> <span class='ocrx_word' id='word_1_11' title='bbox 1399 479 1630 550; x_wconf 81' lang='grc' dir='ltr'>ᾀδόντων</span> <span class='ocrx_word' id='word_1_12' title='bbox 1663 492 1754 543; x_wconf 85' lang='grc' dir='ltr'>γε-</span> 
     </span>
    </p>
   </div>
   <div class='ocr_carea' id='block_1_5' title="bbox 1868 472 3422 556">
    <p class='ocr_par' dir='ltr' id='par_1_5' title="bbox 1868 472 3422 541">
     <span class='ocr_line' id='line_1_5' title="bbox 1868 472 3422 541; baseline 0.007 -16"><span class='ocrx_word' id='word_1_13' title='bbox 1868 472 2284 537; x_wconf 83' lang='lat' dir='ltr'><strong>:ontrahuntur;</strong></span> <span class='ocrx_word' id='word_1_14' title='bbox 2321 472 2608 526; x_wconf 89' lang='lat' dir='ltr'><strong>stultorum</strong></span> <span class='ocrx_word' id='word_1_15' title='bbox 2638 481 2817 527; x_wconf 89' lang='lat' dir='ltr'><strong>autem</strong></span> <span class='ocrx_word' id='word_1_16' title='bbox 2848 475 3062 541; x_wconf 59' lang='lat' dir='ltr'><strong>animat,</strong></span> <span class='ocrx_word' id='word_1_17' title='bbox 3096 473 3275 532; x_wconf 53' lang='lat' dir='ltr'><strong>laetitia</strong></span> <span class='ocrx_word' id='word_1_18' title='bbox 3309 479 3422 536; x_wconf 66' lang='grc' dir='ltr'>σειν</span> 
     </span>
    </p>
   </div>
   <div class='ocr_carea' id='block_1_6' title="bbox 173 557 1752 646">
    <p class='ocr_par' dir='ltr' id='par_1_6' title="bbox 173 557 1752 646">
     <span class='ocr_line' id='line_1_6' title="bbox 173 557 1752 646; baseline -0.005 -18"><span class='ocrx_word' id='word_1_19' title='bbox 173 575 364 628; x_wconf 80' lang='grc' dir='ltr'>νέσθαι</span> <span class='ocrx_word' id='word_1_20' title='bbox 415 575 705 646; x_wconf 74' lang='grc' dir='ltr'>ἀκροατήν.</span> <span class='ocrx_word' id='word_1_21' title='bbox 758 568 878 624; x_wconf 86' lang='grc' dir='ltr'>Τῶν</span> <span class='ocrx_word' id='word_1_22' title='bbox 923 571 1032 643; x_wconf 89' lang='grc' dir='ltr'><strong>γάρ</strong></span> <span class='ocrx_word' id='word_1_23' title='bbox 1068 557 1330 643; x_wconf 29' lang='grc' dir='ltr'>’ἀφρόνων</span> <span class='ocrx_word' id='word_1_24' title='bbox 1381 570 1678 642; x_wconf 82' lang='grc' dir='ltr'>ἀνθρώπων</span> <span class='ocrx_word' id='word_1_25' title='bbox 1723 570 1752 620; x_wconf 83' lang='grc' dir='ltr'>ὁ</span> 
     </span>
    </p>
   </div>
   <div class='ocr_carea' id='block_1_7' title="bbox 172 660 1754 734">
    <p class='ocr_par' dir='ltr' id='par_1_7' title="bbox 172 660 1754 734">
     <span class='ocr_line' id='line_1_7' title="bbox 172 660 1754 734; baseline -0.005 -15"><span class='ocrx_word' id='word_1_26' title='bbox 172 667 372 734; x_wconf 81' lang='grc' dir='ltr'><strong>γέλως,</strong></span> <span class='ocrx_word' id='word_1_27' title='bbox 407 663 656 718; x_wconf 86' lang='grc' dir='ltr'>ἀκανθῶν</span> <span class='ocrx_word' id='word_1_28' title='bbox 691 661 900 715; x_wconf 78' lang='grc' dir='ltr'>πολλῶν</span> <span class='ocrx_word' id='word_1_29' title='bbox 925 660 1108 733; x_wconf 87' lang='grc' dir='ltr'>λάϐρῳ</span> <span class='ocrx_word' id='word_1_30' title='bbox 1139 663 1272 734; x_wconf 78' lang='grc' dir='ltr'>πυρὶ</span> <span class='ocrx_word' id='word_1_31' title='bbox 1311 662 1611 732; x_wconf 79' lang='grc' dir='ltr'><strong>καιομένων</strong></span> <span class='ocrx_word' id='word_1_32' title='bbox 1638 660 1754 731; x_wconf 68' lang='grc' dir='ltr'>ἤχῳ</span> 
     </span>
    </p>
   </div>
   <div class='ocr_carea' id='block_1_8' title="bbox 176 754 1754 831">
    <p class='ocr_par' dir='ltr' id='par_1_8' title="bbox 176 754 1754 831">
     <span class='ocr_line' id='line_1_8' title="bbox 176 754 1754 831; baseline -0.006 -17"><span class='ocrx_word' id='word_1_33' title='bbox 176 761 518 831; x_wconf 73' lang='grc' dir='ltr'><strong>προσέοικεν.</strong></span> <span class='ocrx_word' id='word_1_34' title='bbox 566 756 780 810; x_wconf 82' lang='grc' dir='ltr'>Ἀθλιον</span> <span class='ocrx_word' id='word_1_35' title='bbox 812 757 866 809; x_wconf 86' lang='grc' dir='ltr'><strong>δέ</strong></span> <span class='ocrx_word' id='word_1_36' title='bbox 897 758 988 810; x_wconf 74' lang='grc' dir='ltr'><strong>καὶ</strong></span> <span class='ocrx_word' id='word_1_37' title='bbox 1015 756 1191 818; x_wconf 90' lang='grc' dir='ltr'>τοῦτο,</span> <span class='ocrx_word' id='word_1_38' title='bbox 1217 756 1386 809; x_wconf 90' lang='grc' dir='ltr'>κακόν</span> <span class='ocrx_word' id='word_1_39' title='bbox 1417 772 1480 824; x_wconf 89' lang='grc' dir='ltr'><strong>γε</strong></span> <span class='ocrx_word' id='word_1_40' title='bbox 1520 755 1624 825; x_wconf 77' lang='grc' dir='ltr'>μὴν</span> <span class='ocrx_word' id='word_1_41' title='bbox 1660 754 1754 823; x_wconf 83' lang='grc' dir='ltr'><strong>μὲ-</strong></span> 
     </span>
    </p>
   </div>
   <div class='ocr_carea' id='block_1_9' title="bbox 174 842 1755 920">
    <p class='ocr_par' dir='ltr' id='par_1_9' title="bbox 174 842 1755 920">
     <span class='ocr_line' id='line_1_9' title="bbox 174 842 1755 920; baseline -0.004 -17"><span class='ocrx_word' id='word_1_42' title='bbox 174 867 368 918; x_wconf 87' lang='grc' dir='ltr'>γιστον</span> <span class='ocrx_word' id='word_1_43' title='bbox 403 851 436 920; x_wconf 74' lang='grc' dir='ltr'><strong>ἡ</strong></span> <span class='ocrx_word' id='word_1_44' title='bbox 475 845 835 916; x_wconf 80' lang='grc' dir='ltr'>συκοφαντίαο</span> <span class='ocrx_word' id='word_1_45' title='bbox 872 845 1008 916; x_wconf 78' lang='grc' dir='ltr'>αῦτη</span> <span class='ocrx_word' id='word_1_46' title='bbox 1050 845 1157 916; x_wconf 74' lang='grc' dir='ltr'><strong>γὰρ</strong></span> <span class='ocrx_word' id='word_1_47' title='bbox 1202 845 1378 914; x_wconf 82' lang='grc' dir='ltr'>σοφῶν</span> <span class='ocrx_word' id='word_1_48' title='bbox 1421 842 1755 897; x_wconf 86' lang='grc' dir='ltr'>ἐπιϐουλεύει</span> 
     </span>
    </p>
   </div>
   <div class='ocr_carea' id='block_1_10' title="bbox 174 936 1758 1013">
    <p class='ocr_par' dir='ltr' id='par_1_10' title="bbox 174 936 1758 1013">
     <span class='ocr_line' id='line_1_10' title="bbox 174 936 1758 1013; baseline -0.004 -18"><span class='ocrx_word' id='word_1_49' title='bbox 174 944 402 1013; x_wconf 74' lang='grc' dir='ltr'>ψυχαῖς,</span> <span class='ocrx_word' id='word_1_50' title='bbox 444 941 536 994; x_wconf 71' lang='grc' dir='ltr'>καὶ</span> <span class='ocrx_word' id='word_1_51' title='bbox 577 942 843 1010; x_wconf 85' lang='grc' dir='ltr'>ἐπιχειρεῖ</span> <span class='ocrx_word' id='word_1_52' title='bbox 881 937 1211 1009; x_wconf 71' lang='grc' dir='ltr'>διαφθείρειν</span> <span class='ocrx_word' id='word_1_53' title='bbox 1245 939 1342 1008; x_wconf 71' lang='grc' dir='ltr'>τὴν</span> <span class='ocrx_word' id='word_1_54' title='bbox 1380 936 1633 1006; x_wconf 77' lang='grc' dir='ltr'>γενναίαν</span> <span class='ocrx_word' id='word_1_55' title='bbox 1673 937 1758 988; x_wconf 83' lang='grc' dir='ltr'><strong>ἕν-</strong></span> 
     </span>
    </p>
   </div>
   <div class='ocr_carea' id='block_1_11' title="bbox 179 1028 1754 1101">
    <p class='ocr_par' dir='ltr' id='par_1_11' title="bbox 179 1028 1754 1101">
     <span class='ocr_line' id='line_1_11' title="bbox 179 1028 1754 1101; baseline -0.004 -14"><span class='ocrx_word' id='word_1_56' title='bbox 179 1052 377 1088; x_wconf 87' lang='grc' dir='ltr'>στασιν</span> <span class='ocrx_word' id='word_1_57' title='bbox 408 1033 514 1086; x_wconf 92' lang='grc' dir='ltr'><strong>τῶν</strong></span> <span class='ocrx_word' id='word_1_58' title='bbox 563 1031 800 1101; x_wconf 78' lang='grc' dir='ltr'><strong>ἀγαθῶν.</strong></span> <span class='ocrx_word' id='word_1_59' title='bbox 836 1031 1023 1099; x_wconf 87' lang='grc' dir='ltr'>Λόγων</span> <span class='ocrx_word' id='word_1_60' title='bbox 1056 1029 1110 1082; x_wconf 86' lang='grc' dir='ltr'><strong>δέ</strong></span> <span class='ocrx_word' id='word_1_61' title='bbox 1151 1029 1260 1100; x_wconf 77' lang='grc'>(15)</span> <span class='ocrx_word' id='word_1_62' title='bbox 1294 1029 1391 1082; x_wconf 82' lang='grc' dir='ltr'>οὑκ</span> <span class='ocrx_word' id='word_1_63' title='bbox 1433 1028 1754 1100; x_wconf 87' lang='grc' dir='ltr'>ἀρχόμενον,</span> 
     </span>
    </p>
   </div>
   <div class='ocr_carea' id='block_1_12' title="bbox 176 1120 1757 1195">
    <p class='ocr_par' dir='ltr' id='par_1_12' title="bbox 176 1120 1757 1195">
     <span class='ocr_line' id='line_1_12' title="bbox 176 1120 1757 1195; baseline -0.005 -15"><span class='ocrx_word' id='word_1_64' title='bbox 176 1127 321 1181; x_wconf 81' lang='grc' dir='ltr'><strong>ἀλλά</strong></span> <span class='ocrx_word' id='word_1_65' title='bbox 367 1126 666 1195; x_wconf 86' lang='grc' dir='ltr'>παυόμενον</span> <span class='ocrx_word' id='word_1_66' title='bbox 705 1125 943 1177; x_wconf 80' lang='grc' dir='ltr'>ἐπαινεῖν</span> <span class='ocrx_word' id='word_1_67' title='bbox 988 1123 1284 1193; x_wconf 79' lang='grc' dir='ltr'>προσήκει,</span> <span class='ocrx_word' id='word_1_68' title='bbox 1323 1121 1416 1175; x_wconf 60' lang='grc' dir='ltr'><strong>καὶ⁵</strong></span> <span class='ocrx_word' id='word_1_69' title='bbox 1448 1120 1507 1173; x_wconf 82' lang='grc' dir='ltr'>τὸ</span> <span class='ocrx_word' id='word_1_70' title='bbox 1539 1120 1757 1191; x_wconf 88' lang='grc' dir='ltr'>μέτριον</span> 
     </span>
    </p>
   </div>
   <div class='ocr_carea' id='block_1_13' title="bbox 174 1213 1758 1292">
    <p class='ocr_par' dir='ltr' id='par_1_13' title="bbox 174 1213 1758 1292">
     <span class='ocr_line' id='line_1_13' title="bbox 174 1213 1758 1292; baseline -0.006 -17"><span class='ocrx_word' id='word_1_71' title='bbox 174 1218 315 1292; x_wconf 76' lang='grc' dir='ltr'>ἦθος</span> <span class='ocrx_word' id='word_1_72' title='bbox 367 1217 744 1288; x_wconf 87' lang='grc' dir='ltr'>ἀποδέχεσθαι,</span> <span class='ocrx_word' id='word_1_73' title='bbox 798 1217 890 1269; x_wconf 71' lang='grc' dir='ltr'><strong>καὶ</strong></span> <span class='ocrx_word' id='word_1_74' title='bbox 927 1215 1000 1286; x_wconf 83' lang='grc' dir='ltr'>μὴ</span> <span class='ocrx_word' id='word_1_75' title='bbox 1048 1217 1108 1268; x_wconf 81' lang='grc' dir='ltr'>τὸ</span> <span class='ocrx_word' id='word_1_76' title='bbox 1156 1213 1618 1286; x_wconf 76' lang='grc' dir='ltr'>μετεωριζόμενον</span> <span class='ocrx_word' id='word_1_77' title='bbox 1665 1213 1758 1266; x_wconf 78' lang='grc' dir='ltr'><strong>καὶ</strong></span> 
     </span>
    </p>
   </div>
   <div class='ocr_carea' id='block_1_14' title="bbox 175 1305 1756 1382">
    <p class='ocr_par' dir='ltr' id='par_1_14' title="bbox 175 1305 1756 1382">
     <span class='ocr_line' id='line_1_14' title="bbox 175 1305 1756 1382; baseline -0.006 -16"><span class='ocrx_word' id='word_1_78' title='bbox 175 1312 585 1382; x_wconf 83' lang='grc' dir='ltr'>τετυφωμένον.</span> <span class='ocrx_word' id='word_1_79' title='bbox 619 1309 762 1362; x_wconf 85' lang='grc' dir='ltr'>Πάνυ</span> <span class='ocrx_word' id='word_1_80' title='bbox 796 1309 853 1361; x_wconf 84' lang='grc' dir='ltr'><strong>δέ</strong></span> <span class='ocrx_word' id='word_1_81' title='bbox 883 1308 984 1379; x_wconf 80' lang='grc' dir='ltr'>χρὴ</span> <span class='ocrx_word' id='word_1_82' title='bbox 1019 1306 1192 1378; x_wconf 87' lang='grc' dir='ltr'>θυμοῦ</span> <span class='ocrx_word' id='word_1_83' title='bbox 1238 1305 1530 1376; x_wconf 86' lang='grc' dir='ltr'>φείδεσθαι,</span> <span class='ocrx_word' id='word_1_84' title='bbox 1556 1306 1650 1360; x_wconf 77' lang='grc' dir='ltr'>καὶ</span> <span class='ocrx_word' id='word_1_85' title='bbox 1682 1305 1756 1375; x_wconf 78' lang='grc' dir='ltr'>μή</span> 
     </span>
    </p>
   </div>
   <div class='ocr_carea' id='block_1_15' title="bbox 177 1393 1758 1474">
    <p class='ocr_par' dir='ltr' id='par_1_15' title="bbox 177 1393 1758 1474">
     <span class='ocr_line' id='line_1_15' title="bbox 177 1393 1758 1474; baseline -0.006 -15"><span class='ocrx_word' id='word_1_86' title='bbox 177 1409 263 1469; x_wconf 85' lang='grc' dir='ltr'><strong>είς</strong></span> <span class='ocrx_word' id='word_1_87' title='bbox 311 1405 482 1474; x_wconf 77' lang='grc' dir='ltr'>ὀργὴν</span> <span class='ocrx_word' id='word_1_88' title='bbox 532 1401 833 1474; x_wconf 82' lang='grc' dir='ltr'>προχείρως</span> <span class='ocrx_word' id='word_1_89' title='bbox 875 1397 1295 1470; x_wconf 71' lang='grc' dir='ltr'>καταφέρεσθαι,</span> <span class='ocrx_word' id='word_1_90' title='bbox 1345 1393 1484 1472; x_wconf 75' lang='grc' dir='ltr'>ᾗτινι</span> <span class='ocrx_word' id='word_1_91' title='bbox 1529 1397 1758 1468; x_wconf 81' lang='grc' dir='ltr'>ἄφρονες</span> 
     </span>
    </p>
   </div>
   <div class='ocr_carea' id='block_1_16' title="bbox 175 1491 1760 1564">
    <p class='ocr_par' dir='ltr' id='par_1_16' title="bbox 175 1491 1760 1564">
     <span class='ocr_line' id='line_1_16' title="bbox 175 1491 1760 1564; baseline -0.003 -16"><span class='ocrx_word' id='word_1_92' title='bbox 175 1494 540 1548; x_wconf 74' lang='grc' dir='ltr'>δουλεύουσιν.</span> <span class='ocrx_word' id='word_1_93' title='bbox 589 1491 982 1564; x_wconf 80' lang='grc' dir='ltr'>Ἀμαρτάνουσι</span> <span class='ocrx_word' id='word_1_94' title='bbox 1014 1492 1070 1544; x_wconf 88' lang='grc' dir='ltr'><strong>δέ</strong></span> <span class='ocrx_word' id='word_1_95' title='bbox 1112 1491 1160 1542; x_wconf 90' lang='grc' dir='ltr'>οἱ</span> <span class='ocrx_word' id='word_1_96' title='bbox 1207 1491 1452 1558; x_wconf 84' lang='grc' dir='ltr'>λέγοντες</span> <span class='ocrx_word' id='word_1_97' title='bbox 1484 1494 1596 1553; x_wconf 89' lang='grc' dir='ltr'>τοῖς</span> <span class='ocrx_word' id='word_1_98' title='bbox 1629 1508 1760 1561; x_wconf 85' lang='grc' dir='ltr'>προ-</span> 
     </span>
    </p>
   </div>
   <div class='ocr_carea' id='block_1_17' title="bbox 177 1581 1759 1656">
    <p class='ocr_par' dir='ltr' id='par_1_17' title="bbox 177 1581 1759 1656">
     <span class='ocr_line' id='line_1_17' title="bbox 177 1581 1759 1656; baseline -0.001 -20"><span class='ocrx_word' id='word_1_99' title='bbox 177 1585 366 1656; x_wconf 87' lang='grc' dir='ltr'>τέροις</span> <span class='ocrx_word' id='word_1_100' title='bbox 407 1583 663 1652; x_wconf 87' lang='grc' dir='ltr'>ἀμείνονα</span> <span class='ocrx_word' id='word_1_101' title='bbox 697 1581 938 1634; x_wconf 76' lang='grc' dir='ltr'>δεδόσθαι</span> <span class='ocrx_word' id='word_1_102' title='bbox 984 1581 1126 1651; x_wconf 84' lang='grc' dir='ltr'>βίον,</span> <span class='ocrx_word' id='word_1_103' title='bbox 1162 1581 1256 1634; x_wconf 78' lang='grc' dir='ltr'>καὶ</span> <span class='ocrx_word' id='word_1_104' title='bbox 1287 1582 1347 1634; x_wconf 85' lang='grc' dir='ltr'><strong>ού</strong></span> <span class='ocrx_word' id='word_1_105' title='bbox 1385 1583 1649 1646; x_wconf 80' lang='grc' dir='ltr'>συνιᾶσιν,</span> <span class='ocrx_word' id='word_1_106' title='bbox 1677 1584 1759 1636; x_wconf 81' lang='grc' dir='ltr'>ὅτι</span> 
     </span>
    </p>
   </div>
   <div class='ocr_carea' id='block_1_18' title="bbox 182 1673 1761 1748">
    <p class='ocr_par' dir='ltr' id='par_1_18' title="bbox 182 1673 1761 1748">
     <span class='ocr_line' id='line_1_18' title="bbox 182 1673 1761 1748; baseline -0.002 -18"><span class='ocrx_word' id='word_1_107' title='bbox 182 1676 450 1748; x_wconf 82' lang='grc' dir='ltr'>πάμπολυ</span> <span class='ocrx_word' id='word_1_108' title='bbox 480 1675 726 1746; x_wconf 73' lang='grc' dir='ltr'>διαφέρει</span> <span class='ocrx_word' id='word_1_109' title='bbox 752 1675 910 1744; x_wconf 81' lang='grc' dir='ltr'>σοφία</span> <span class='ocrx_word' id='word_1_110' title='bbox 964 1675 1062 1744; x_wconf 84' lang='grc' dir='ltr'>τῆς</span> <span class='ocrx_word' id='word_1_111' title='bbox 1088 1673 1195 1726; x_wconf 87' lang='grc' dir='ltr'><strong>τῶν</strong></span> <span class='ocrx_word' id='word_1_112' title='bbox 1216 1675 1510 1745; x_wconf 85' lang='grc' dir='ltr'>χρημάτων</span> <span class='ocrx_word' id='word_1_113' title='bbox 1541 1691 1761 1746; x_wconf 87' lang='grc' dir='ltr'>περιου-</span> 
     </span>
    </p>
   </div>
   <div class='ocr_carea' id='block_1_19' title="bbox 180 1765 1761 1839">
    <p class='ocr_par' dir='ltr' id='par_1_19' title="bbox 180 1765 1761 1839">
     <span class='ocr_line' id='line_1_19' title="bbox 180 1765 1761 1839; baseline 0.001 -20"><span class='ocrx_word' id='word_1_114' title='bbox 180 1768 344 1831; x_wconf 87' lang='grc' dir='ltr'>σίας·</span> <span class='ocrx_word' id='word_1_115' title='bbox 377 1766 468 1820; x_wconf 76' lang='grc' dir='ltr'>καὶ</span> <span class='ocrx_word' id='word_1_116' title='bbox 509 1765 757 1818; x_wconf 86' lang='grc' dir='ltr'>τοσοῦτόν</span> <span class='ocrx_word' id='word_1_117' title='bbox 793 1767 906 1819; x_wconf 81' lang='grc' dir='ltr'>ἐστι</span> <span class='ocrx_word' id='word_1_118' title='bbox 949 1767 1298 1838; x_wconf 86' lang='grc' dir='ltr'>φανερωτέρα</span> <span class='ocrx_word' id='word_1_119' title='bbox 1331 1767 1474 1836; x_wconf 85' lang='grc'>(16),</span> <span class='ocrx_word' id='word_1_120' title='bbox 1510 1768 1632 1820; x_wconf 82' lang='grc' dir='ltr'>ὅσον</span> <span class='ocrx_word' id='word_1_121' title='bbox 1665 1767 1761 1839; x_wconf 80' lang='grc' dir='ltr'><strong>ἆρ-</strong></span> 
     </span>
    </p>
   </div>
   <div class='ocr_carea' id='block_1_20' title="bbox 180 1857 1761 1931">
    <p class='ocr_par' dir='ltr' id='par_1_20' title="bbox 180 1857 1761 1931">
     <span class='ocr_line' id='line_1_20' title="bbox 180 1857 1761 1931; baseline 0.001 -21"><span class='ocrx_word' id='word_1_122' title='bbox 180 1875 356 1929; x_wconf 82' lang='grc' dir='ltr'>γυρος</span> <span class='ocrx_word' id='word_1_123' title='bbox 383 1857 760 1930; x_wconf 78' lang='grc' dir='ltr'>λαμπρότερος</span> <span class='ocrx_word' id='word_1_124' title='bbox 792 1858 1036 1926; x_wconf 85' lang='grc' dir='ltr'>φαίνεται</span> <span class='ocrx_word' id='word_1_125' title='bbox 1070 1858 1167 1928; x_wconf 76' lang='grc' dir='ltr'>τῆς</span> <span class='ocrx_word' id='word_1_126' title='bbox 1201 1858 1391 1910; x_wconf 88' lang='grc' dir='ltr'>ἐαυτοῦ</span> <span class='ocrx_word' id='word_1_127' title='bbox 1429 1861 1604 1924; x_wconf 83' lang='grc' dir='ltr'>σκιᾶς.</span> <span class='ocrx_word' id='word_1_128' title='bbox 1641 1860 1761 1931; x_wconf 84' lang='grc' dir='ltr'><strong>Ζωὴ</strong></span> 
     </span>
    </p>
   </div>
   <div class='ocr_carea' id='block_1_21' title="bbox 179 1948 1760 2021">
    <p class='ocr_par' dir='ltr' id='par_1_21' title="bbox 179 1948 1760 2021">
     <span class='ocr_line' id='line_1_21' title="bbox 179 1948 1760 2021; baseline 0.001 -18"><span class='ocrx_word' id='word_1_129' title='bbox 179 1950 296 2021; x_wconf 72' lang='grc' dir='ltr'><strong>γὰρ</strong></span> <span class='ocrx_word' id='word_1_130' title='bbox 339 1949 657 2021; x_wconf 84' lang='grc' dir='ltr'>ἀνθρώπου,</span> <span class='ocrx_word' id='word_1_131' title='bbox 700 1950 798 2002; x_wconf 82' lang='grc' dir='ltr'><strong>ούκ</strong></span> <span class='ocrx_word' id='word_1_132' title='bbox 836 1948 892 2014; x_wconf 78' lang='grc' dir='ltr'>ἐξ</span> <span class='ocrx_word' id='word_1_133' title='bbox 933 1951 1197 2020; x_wconf 80' lang='grc' dir='ltr'>ἐπικήρου</span> <span class='ocrx_word' id='word_1_134' title='bbox 1233 1949 1462 2002; x_wconf 82' lang='grc' dir='ltr'>πλούτου</span> <span class='ocrx_word' id='word_1_135' title='bbox 1497 1952 1760 2021; x_wconf 80' lang='grc' dir='ltr'>κτήσεως,</span> 
     </span>
    </p>
   </div>
   <div class='ocr_carea' id='block_1_22' title="bbox 184 2039 1761 2113">
    <p class='ocr_par' dir='ltr' id='par_1_22' title="bbox 184 2039 1761 2113">
     <span class='ocr_line' id='line_1_22' title="bbox 184 2039 1761 2113; baseline 0.001 -18"><span class='ocrx_word' id='word_1_136' title='bbox 184 2042 305 2095; x_wconf 82' lang='grc' dir='ltr'>ἀλλ’</span> <span class='ocrx_word' id='word_1_137' title='bbox 345 2044 408 2094; x_wconf 88' lang='grc' dir='ltr'><strong>ἐκ</strong></span> <span class='ocrx_word' id='word_1_138' title='bbox 451 2039 638 2109; x_wconf 88' lang='grc' dir='ltr'>σοφίας</span> <span class='ocrx_word' id='word_1_139' title='bbox 681 2040 1035 2112; x_wconf 82' lang='grc' dir='ltr'>περιγίνεται.</span> <span class='ocrx_word' id='word_1_140' title='bbox 1084 2041 1178 2104; x_wconf 86' lang='grc' dir='ltr'>Τίς</span> <span class='ocrx_word' id='word_1_141' title='bbox 1225 2042 1282 2094; x_wconf 82' lang='grc' dir='ltr'>δὲ</span> <span class='ocrx_word' id='word_1_142' title='bbox 1316 2042 1409 2095; x_wconf 81' lang='grc' dir='ltr'>καὶ</span> <span class='ocrx_word' id='word_1_143' title='bbox 1449 2042 1761 2113; x_wconf 84' lang='grc' dir='ltr'>δυνήσεται,</span> 
     </span>
    </p>
   </div>
   <div class='ocr_carea' id='block_1_23' title="bbox 184 2132 1764 2206">
    <p class='ocr_par' dir='ltr' id='par_1_23' title="bbox 184 2132 1764 2206">
     <span class='ocr_line' id='line_1_23' title="bbox 184 2132 1764 2206; baseline 0.002 -20"><span class='ocrx_word' id='word_1_144' title='bbox 184 2134 311 2186; x_wconf 84' lang='grc' dir='ltr'>είπέ</span> <span class='ocrx_word' id='word_1_145' title='bbox 347 2151 456 2204; x_wconf 90' lang='grc' dir='ltr'>μοι,</span> <span class='ocrx_word' id='word_1_146' title='bbox 489 2134 585 2204; x_wconf 79' lang='grc' dir='ltr'>τὴν</span> <span class='ocrx_word' id='word_1_147' title='bbox 616 2134 882 2205; x_wconf 81' lang='grc' dir='ltr'>τοσαύτην</span> <span class='ocrx_word' id='word_1_148' title='bbox 915 2133 1008 2187; x_wconf 81' lang='grc' dir='ltr'>καὶ</span> <span class='ocrx_word' id='word_1_149' title='bbox 1040 2132 1180 2186; x_wconf 69' lang='grc' dir='ltr'>οὕτω</span> <span class='ocrx_word' id='word_1_150' title='bbox 1211 2135 1449 2206; x_wconf 78' lang='grc' dir='ltr'>χρηστὴν</span> <span class='ocrx_word' id='word_1_151' title='bbox 1490 2135 1583 2188; x_wconf 88' lang='grc' dir='ltr'><strong>τοῦ</strong></span> <span class='ocrx_word' id='word_1_152' title='bbox 1630 2136 1764 2189; x_wconf 82' lang='grc' dir='ltr'>Θεοῦ</span> 
     </span>
    </p>
   </div>
   <div class='ocr_carea' id='block_1_24' title="bbox 187 2226 1766 2297">
    <p class='ocr_par' dir='ltr' id='par_1_24' title="bbox 187 2226 1766 2297">
     <span class='ocr_line' id='line_1_24' title="bbox 187 2226 1766 2297; baseline 0.001 -18"><span class='ocrx_word' id='word_1_153' title='bbox 187 2227 448 2296; x_wconf 85' lang='grc' dir='ltr'>πρόνοιαν</span> <span class='ocrx_word' id='word_1_154' title='bbox 511 2226 781 2290; x_wconf 83' lang='grc' dir='ltr'>ἐξειπεῖν;</span> <span class='ocrx_word' id='word_1_155' title='bbox 843 2227 875 2297; x_wconf 83' lang='grc' dir='ltr'>ἢ</span> <span class='ocrx_word' id='word_1_156' title='bbox 931 2226 1014 2290; x_wconf 88' lang='grc' dir='ltr'><strong>τίς</strong></span> <span class='ocrx_word' id='word_1_157' title='bbox 1067 2226 1500 2280; x_wconf 78' lang='grc' dir='ltr'>ἀνακαλέσασθαι</span> <span class='ocrx_word' id='word_1_158' title='bbox 1557 2227 1625 2281; x_wconf 83' lang='grc' dir='ltr'>τὰ</span> <span class='ocrx_word' id='word_1_159' title='bbox 1680 2227 1766 2282; x_wconf 86' lang='grc' dir='ltr'>δο-</span> 
     </span>
    </p>
   </div>
   <div class='ocr_carea' id='block_1_25' title="bbox 186 2316 1766 2389">
    <p class='ocr_par' dir='ltr' id='par_1_25' title="bbox 186 2316 1766 2389">
     <span class='ocr_line' id='line_1_25' title="bbox 186 2316 1766 2389; baseline 0.001 -19"><span class='ocrx_word' id='word_1_160' title='bbox 186 2316 390 2370; x_wconf 85' lang='grc' dir='ltr'>κοῦντα</span> <span class='ocrx_word' id='word_1_161' title='bbox 438 2318 854 2389; x_wconf 80' lang='grc' dir='ltr'>παρημελῆσθαι</span> <span class='ocrx_word' id='word_1_162' title='bbox 905 2317 1008 2372; x_wconf 79' lang='grc' dir='ltr'><strong>ὑπὸ</strong></span> <span class='ocrx_word' id='word_1_163' title='bbox 1050 2317 1182 2371; x_wconf 84' lang='grc' dir='ltr'>Θεοῦ</span> <span class='ocrx_word' id='word_1_164' title='bbox 1215 2317 1468 2382; x_wconf 88' lang='grc' dir='ltr'>δικαίως;</span> <span class='ocrx_word' id='word_1_165' title='bbox 1505 2319 1766 2388; x_wconf 89' lang='grc' dir='ltr'>Πράττων</span> 
     </span>
    </p>
   </div>
   <div class='ocr_carea' id='block_1_26' title="bbox 186 2407 1767 2481">
    <p class='ocr_par' dir='ltr' id='par_1_26' title="bbox 186 2407 1767 2481">
     <span class='ocr_line' id='line_1_26' title="bbox 186 2407 1767 2481; baseline 0.001 -20"><span class='ocrx_word' id='word_1_166' title='bbox 186 2407 244 2461; x_wconf 81' lang='grc' dir='ltr'>δὲ</span> <span class='ocrx_word' id='word_1_167' title='bbox 272 2408 372 2460; x_wconf 83' lang='grc' dir='ltr'><strong>ούκ</strong></span> <span class='ocrx_word' id='word_1_168' title='bbox 408 2407 578 2478; x_wconf 78' lang='grc' dir='ltr'>ὀρθῶς</span> <span class='ocrx_word' id='word_1_169' title='bbox 605 2409 867 2481; x_wconf 89' lang='grc' dir='ltr'>πρότερον</span> <span class='ocrx_word' id='word_1_170' title='bbox 896 2407 1069 2477; x_wconf 75' lang='grc' dir='ltr'>ἔγωγε</span> <span class='ocrx_word' id='word_1_171' title='bbox 1095 2410 1396 2480; x_wconf 82' lang='grc' dir='ltr'>κατενόησα</span> <span class='ocrx_word' id='word_1_172' title='bbox 1420 2409 1487 2462; x_wconf 74' lang='grc' dir='ltr'><strong>τά</strong></span> <span class='ocrx_word' id='word_1_173' title='bbox 1519 2409 1767 2480; x_wconf 88' lang='grc' dir='ltr'>σύμπαν-</span> 
     </span>
    </p>
   </div>
   <div class='ocr_carea' id='block_1_27' title="bbox 189 2498 1764 2574">
    <p class='ocr_par' dir='ltr' id='par_1_27' title="bbox 189 2498 1764 2574">
     <span class='ocr_line' id='line_1_27' title="bbox 189 2498 1764 2574; baseline 0.003 -25"><span class='ocrx_word' id='word_1_174' title='bbox 189 2513 278 2559; x_wconf 86' lang='grc' dir='ltr'><strong>τα,</strong></span> <span class='ocrx_word' id='word_1_175' title='bbox 314 2498 410 2550; x_wconf 74' lang='grc' dir='ltr'>καὶ</span> <span class='ocrx_word' id='word_1_176' title='bbox 432 2499 636 2551; x_wconf 87' lang='grc' dir='ltr'>δίκαιον</span> <span class='ocrx_word' id='word_1_177' title='bbox 670 2499 970 2570; x_wconf 76' lang='grc' dir='ltr'>ἐμμένοντα</span> <span class='ocrx_word' id='word_1_178' title='bbox 1002 2503 1066 2571; x_wconf 81' lang='grc' dir='ltr'>τῇ</span> <span class='ocrx_word' id='word_1_179' title='bbox 1110 2499 1442 2574; x_wconf 83' lang='grc' dir='ltr'>δικαιοσύνῃ,</span> <span class='ocrx_word' id='word_1_180' title='bbox 1474 2502 1566 2554; x_wconf 61' lang='grc' dir='ltr'><strong>καὶ¹</strong></span> <span class='ocrx_word' id='word_1_181' title='bbox 1602 2501 1764 2573; x_wconf 87' lang='grc' dir='ltr'>μέχρι</span> 
     </span>
    </p>
   </div>
   <div class='ocr_carea' id='block_1_28' title="bbox 188 2585 1764 2663">
    <p class='ocr_par' dir='ltr' id='par_1_28' title="bbox 188 2585 1764 2663">
     <span class='ocr_line' id='line_1_28' title="bbox 188 2585 1764 2663; baseline 0.003 -23"><span class='ocrx_word' id='word_1_182' title='bbox 188 2585 425 2642; x_wconf 86' lang='grc' dir='ltr'>θανάτου</span> <span class='ocrx_word' id='word_1_183' title='bbox 459 2589 533 2660; x_wconf 80' lang='grc' dir='ltr'>μὴ</span> <span class='ocrx_word' id='word_1_184' title='bbox 563 2589 932 2661; x_wconf 77' lang='grc' dir='ltr'>ἐξιστάμενον,</span> <span class='ocrx_word' id='word_1_185' title='bbox 967 2591 1099 2644; x_wconf 86' lang='grc' dir='ltr'><strong>ἀλλά</strong></span> <span class='ocrx_word' id='word_1_186' title='bbox 1133 2591 1226 2644; x_wconf 82' lang='grc' dir='ltr'>καὶ</span> <span class='ocrx_word' id='word_1_187' title='bbox 1255 2591 1320 2645; x_wconf 80' lang='grc' dir='ltr'><strong>δι’</strong></span> <span class='ocrx_word' id='word_1_188' title='bbox 1353 2592 1520 2663; x_wconf 80' lang='grc' dir='ltr'>αὐτὴν</span> <span class='ocrx_word' id='word_1_189' title='bbox 1547 2593 1764 2647; x_wconf 89' lang='grc' dir='ltr'>ἐπιϐου-</span> 
     </span>
    </p>
   </div>
   <div class='ocr_carea' id='block_1_29' title="bbox 188 2680 1763 2755">
    <p class='ocr_par' dir='ltr' id='par_1_29' title="bbox 188 2680 1763 2755">
     <span class='ocr_line' id='line_1_29' title="bbox 188 2680 1763 2755; baseline 0.003 -22"><span class='ocrx_word' id='word_1_190' title='bbox 188 2680 515 2750; x_wconf 84' lang='grc' dir='ltr'>λευόμενον,</span> <span class='ocrx_word' id='word_1_191' title='bbox 558 2682 647 2735; x_wconf 79' lang='grc' dir='ltr'><strong>καὶ</strong></span> <span class='ocrx_word' id='word_1_192' title='bbox 698 2683 867 2753; x_wconf 80' lang='grc' dir='ltr'>ἀσεϐῆ</span> <span class='ocrx_word' id='word_1_193' title='bbox 918 2683 1422 2754; x_wconf 83' lang='grc' dir='ltr'>συναποθνήσκοντα</span> <span class='ocrx_word' id='word_1_194' title='bbox 1464 2687 1528 2755; x_wconf 81' lang='grc' dir='ltr'>τῇ</span> <span class='ocrx_word' id='word_1_195' title='bbox 1572 2684 1763 2738; x_wconf 83' lang='grc' dir='ltr'>ἐαυτοῦ</span> 
     </span>
    </p>
   </div>
   <div class='ocr_carea' id='block_1_30' title="bbox 193 2766 1764 2842">
    <p class='ocr_par' dir='ltr' id='par_1_30' title="bbox 193 2766 1764 2842">
     <span class='ocr_line' id='line_1_30' title="bbox 193 2766 1764 2842; baseline 0.001 -20"><span class='ocrx_word' id='word_1_196' title='bbox 193 2771 384 2840; x_wconf 76' lang='grc' dir='ltr'>κακίᾳ.</span> <span class='ocrx_word' id='word_1_197' title='bbox 410 2771 530 2842; x_wconf 72' lang='grc' dir='ltr'><strong>Χρὴ</strong></span> <span class='ocrx_word' id='word_1_198' title='bbox 559 2771 615 2823; x_wconf 87' lang='grc' dir='ltr'><strong>δέ</strong></span> <span class='ocrx_word' id='word_1_199' title='bbox 646 2770 850 2824; x_wconf 89' lang='grc' dir='ltr'>δίκαιον</span> <span class='ocrx_word' id='word_1_200' title='bbox 880 2773 1007 2826; x_wconf 79' lang='grc' dir='ltr'>ὄντα</span> <span class='ocrx_word' id='word_1_201' title='bbox 1064 2771 1137 2842; x_wconf 82' lang='grc' dir='ltr'>μὴ</span> <span class='ocrx_word' id='word_1_202' title='bbox 1178 2770 1317 2824; x_wconf 77' lang='grc' dir='ltr'>πάνυ</span> <span class='ocrx_word' id='word_1_203' title='bbox 1361 2770 1594 2825; x_wconf 90' lang='grc' dir='ltr'>τοιοῦτον</span> <span class='ocrx_word' id='word_1_204' title='bbox 1627 2766 1764 2826; x_wconf 75' lang='grc' dir='ltr'>εἶναι</span> 
     </span>
    </p>
   </div>
   <div class='ocr_carea' id='block_1_31' title="bbox 190 2859 1763 2934">
    <p class='ocr_par' dir='ltr' id='par_1_31' title="bbox 190 2859 1763 2934">
     <span class='ocr_line' id='line_1_31' title="bbox 190 2859 1763 2934; baseline 0.001 -22"><span class='ocrx_word' id='word_1_205' title='bbox 190 2859 391 2921; x_wconf 85' lang='grc' dir='ltr'>δοκεῖν,</span> <span class='ocrx_word' id='word_1_206' title='bbox 426 2860 559 2930; x_wconf 80' lang='grc' dir='ltr'><strong>μηδέ</strong></span> <span class='ocrx_word' id='word_1_207' title='bbox 591 2860 729 2929; x_wconf 82' lang='grc' dir='ltr'>ἄγαν</span> <span class='ocrx_word' id='word_1_208' title='bbox 761 2861 920 2930; x_wconf 81' lang='grc' dir='ltr'>σοφὸν</span> <span class='ocrx_word' id='word_1_209' title='bbox 954 2862 1047 2914; x_wconf 77' lang='grc' dir='ltr'>καὶ</span> <span class='ocrx_word' id='word_1_210' title='bbox 1098 2861 1472 2932; x_wconf 80' lang='grc' dir='ltr'>ὑπερμέτρως’</span> <span class='ocrx_word' id='word_1_211' title='bbox 1508 2863 1655 2924; x_wconf 84' lang='grc' dir='ltr'>ὅπως</span> <span class='ocrx_word' id='word_1_212' title='bbox 1691 2863 1763 2934; x_wconf 80' lang='grc' dir='ltr'>μή</span> 
     </span>
    </p>
   </div>
   <div class='ocr_carea' id='block_1_32' title="bbox 190 2950 1763 3024">
    <p class='ocr_par' dir='ltr' id='par_1_32' title="bbox 190 2950 1763 3024">
     <span class='ocr_line' id='line_1_32' title="bbox 190 2950 1763 3024; baseline 0.004 -22"><span class='ocrx_word' id='word_1_213' title='bbox 190 2965 244 3002; x_wconf 87' lang='grc' dir='ltr'><strong>τι</strong></span> <span class='ocrx_word' id='word_1_214' title='bbox 285 2950 542 3013; x_wconf 80' lang='grc' dir='ltr'>πταίσας,</span> <span class='ocrx_word' id='word_1_215' title='bbox 577 2950 1006 3005; x_wconf 81' lang='grc' dir='ltr'>πολλαπλασίονα</span> <span class='ocrx_word' id='word_1_216' title='bbox 1065 2954 1375 3024; x_wconf 83' lang='grc' dir='ltr'>ἁμαρτήσῃ.</span> <span class='ocrx_word' id='word_1_217' title='bbox 1417 2954 1526 3006; x_wconf 75' lang='grc' dir='ltr'><strong>Καὶ</strong></span> <span class='ocrx_word' id='word_1_218' title='bbox 1558 2954 1631 3024; x_wconf 85' lang='grc' dir='ltr'>μὴ</span> <span class='ocrx_word' id='word_1_219' title='bbox 1667 2954 1763 3008; x_wconf 78' lang='grc' dir='ltr'>ἔσο</span> 
     </span>
    </p>
   </div>
   <div class='ocr_carea' id='block_1_33' title="bbox 188 3039 1766 3120">
    <p class='ocr_par' dir='ltr' id='par_1_33' title="bbox 188 3039 1766 3120">
     <span class='ocr_line' id='line_1_33' title="bbox 188 3039 1766 3120; baseline 0.004 -28"><span class='ocrx_word' id='word_1_220' title='bbox 188 3039 464 3110; x_wconf 72' lang='grc' dir='ltr'>τολμηρὸς</span> <span class='ocrx_word' id='word_1_221' title='bbox 517 3042 609 3093; x_wconf 73' lang='grc' dir='ltr'>καὶ</span> <span class='ocrx_word' id='word_1_222' title='bbox 662 3042 966 3114; x_wconf 78' lang='grc' dir='ltr'>προπετὴς,</span> <span class='ocrx_word' id='word_1_223' title='bbox 1024 3045 1095 3114; x_wconf 83' lang='grc' dir='ltr'>μή</span> <span class='ocrx_word' id='word_1_224' title='bbox 1153 3061 1210 3096; x_wconf 88' lang='grc' dir='ltr'><strong>σε</strong></span> <span class='ocrx_word' id='word_1_225' title='bbox 1265 3045 1490 3107; x_wconf 87' lang='grc' dir='ltr'>θάνατος</span> <span class='ocrx_word' id='word_1_226' title='bbox 1544 3046 1766 3120; x_wconf 78' lang='grc' dir='ltr'>ἁρπάσῃ</span> 
     </span>
    </p>
   </div>
   <div class='ocr_carea' id='block_1_34' title="bbox 1857 562 3422 639">
    <p class='ocr_par' dir='ltr' id='par_1_34' title="bbox 1857 562 3422 639">
     <span class='ocr_line' id='line_1_34' title="bbox 1857 562 3422 639; baseline 0.007 -24"><span class='ocrx_word' id='word_1_227' title='bbox 1857 572 1922 615; x_wconf 66' lang='lat' dir='ltr'><strong>tre</strong></span> <span class='ocrx_word' id='word_1_228' title='bbox 1951 562 2349 616; x_wconf 75' lang='lat' dir='ltr'><strong>dill‘unduntur.</strong></span> <span class='ocrx_word' id='word_1_229' title='bbox 2416 562 2465 616; x_wconf 88' lang='lat'><strong>6.</strong></span> <span class='ocrx_word' id='word_1_230' title='bbox 2499 562 2664 632; x_wconf 83' lang='lat' dir='ltr'><strong>Atqui</strong></span> <span class='ocrx_word' id='word_1_231' title='bbox 2694 565 2865 619; x_wconf 91' lang='lat' dir='ltr'><strong>multo</strong></span> <span class='ocrx_word' id='word_1_232' title='bbox 2893 569 3067 639; x_wconf 81' lang='lat' dir='ltr'><strong>magis</strong></span> <span class='ocrx_word' id='word_1_233' title='bbox 3099 571 3422 639; x_wconf 72' lang='lat' dir='ltr'><strong>optandum,</strong></span> 
     </span>
    </p>
   </div>
   <div class='ocr_carea' id='block_1_35' title="bbox 1857 654 3423 731">
    <p class='ocr_par' dir='ltr' id='par_1_35' title="bbox 1857 654 3423 731">
     <span class='ocr_line' id='line_1_35' title="bbox 1857 654 3423 731; baseline 0.008 -24"><span class='ocrx_word' id='word_1_234' title='bbox 1857 654 2116 723; x_wconf 93' lang='lat' dir='ltr'><strong>sapientis</strong></span> <span class='ocrx_word' id='word_1_235' title='bbox 2152 656 2314 710; x_wconf 91' lang='lat' dir='ltr'><strong>unius</strong></span> <span class='ocrx_word' id='word_1_236' title='bbox 2337 655 2774 725; x_wconf 83' lang='lat' dir='ltr'><strong>objurgationem</strong></span> <span class='ocrx_word' id='word_1_237' title='bbox 2806 658 3089 727; x_wconf 83' lang='lat' dir='ltr'><strong>excipere,</strong></span> <span class='ocrx_word' id='word_1_238' title='bbox 3141 677 3302 731; x_wconf 88' lang='lat' dir='ltr'><strong>quam</strong></span> <span class='ocrx_word' id='word_1_239' title='bbox 3338 671 3423 718; x_wconf 84' lang='lat' dir='ltr'><strong>to-</strong></span> 
     </span>
    </p>
   </div>
   <div class='ocr_carea' id='block_1_36' title="bbox 1833 747 3422 817">
    <p class='ocr_par' dir='ltr' id='par_1_36' title="bbox 1833 747 3422 817">
     <span class='ocr_line' id='line_1_36' title="bbox 1833 747 3422 817; baseline 0.007 -17"><span class='ocrx_word' id='word_1_240' title='bbox 1833 751 1966 800; x_wconf 83' lang='lat' dir='ltr'><strong>-tius</strong></span> <span class='ocrx_word' id='word_1_241' title='bbox 2013 747 2165 802; x_wconf 89' lang='lat' dir='ltr'><strong>chori</strong></span> <span class='ocrx_word' id='word_1_242' title='bbox 2220 747 2591 817; x_wconf 90' lang='lat' dir='ltr'><strong>improborum</strong></span> <span class='ocrx_word' id='word_1_243' title='bbox 2647 758 2702 804; x_wconf 93' lang='lat' dir='ltr'><strong>et</strong></span> <span class='ocrx_word' id='word_1_244' title='bbox 2754 751 3080 805; x_wconf 89' lang='lat' dir='ltr'><strong>miserorum</strong></span> <span class='ocrx_word' id='word_1_245' title='bbox 3140 754 3422 812; x_wconf 86' lang='lat' dir='ltr'><strong>hominum</strong></span> 
     </span>
    </p>
   </div>
   <div class='ocr_carea' id='block_1_37' title="bbox 1857 839 3424 902">
    <p class='ocr_par' dir='ltr' id='par_1_37' title="bbox 1857 839 3424 902">
     <span class='ocr_line' id='line_1_37' title="bbox 1857 839 3424 902; baseline 0.005 -9"><span class='ocrx_word' id='word_1_246' title='bbox 1857 839 2190 894; x_wconf 85' lang='lat' dir='ltr'><strong>cantantium</strong></span> <span class='ocrx_word' id='word_1_247' title='bbox 2231 841 2532 895; x_wconf 82' lang='lat' dir='ltr'><strong>auditorem</strong></span> <span class='ocrx_word' id='word_1_248' title='bbox 2565 841 2703 895; x_wconf 86' lang='lat' dir='ltr'><strong>ﬁeri.</strong></span> <span class='ocrx_word' id='word_1_249' title='bbox 2766 842 2817 896; x_wconf 89' lang='lat'><strong>7.</strong></span> <span class='ocrx_word' id='word_1_250' title='bbox 2853 843 3186 899; x_wconf 86' lang='lat' dir='ltr'><strong>Stolidorum</strong></span> <span class='ocrx_word' id='word_1_251' title='bbox 3224 850 3424 902; x_wconf 85' lang='lat' dir='ltr'><strong>etenim</strong></span> 
     </span>
    </p>
   </div>
   <div class='ocr_carea' id='block_1_38' title="bbox 1858 937 3423 1006">
    <p class='ocr_par' dir='ltr' id='par_1_38' title="bbox 1858 937 3423 1006">
     <span class='ocr_line' id='line_1_38' title="bbox 1858 937 3423 1006; baseline 0.003 -15"><span class='ocrx_word' id='word_1_252' title='bbox 1858 937 2141 992; x_wconf 86' lang='lat' dir='ltr'><strong>hominum</strong></span> <span class='ocrx_word' id='word_1_253' title='bbox 2189 937 2375 1000; x_wconf 87' lang='lat' dir='ltr'><strong>risus,</strong></span> <span class='ocrx_word' id='word_1_254' title='bbox 2433 938 2714 1006; x_wconf 85' lang='lat' dir='ltr'><strong>spinarum</strong></span> <span class='ocrx_word' id='word_1_255' title='bbox 2769 938 3065 992; x_wconf 90' lang='lat' dir='ltr'><strong>multarum</strong></span> <span class='ocrx_word' id='word_1_256' title='bbox 3122 941 3423 996; x_wconf 71' lang='lat' dir='ltr'><strong>vehementi</strong></span> 
     </span>
    </p>
   </div>
   <div class='ocr_carea' id='block_1_39' title="bbox 1858 1029 3427 1100">
    <p class='ocr_par' dir='ltr' id='par_1_39' title="bbox 1858 1029 3427 1100">
     <span class='ocr_line' id='line_1_39' title="bbox 1858 1029 3427 1100; baseline 0.001 -15"><span class='ocrx_word' id='word_1_257' title='bbox 1858 1031 1981 1100; x_wconf 81' lang='lat' dir='ltr'><strong>igne</strong></span> <span class='ocrx_word' id='word_1_258' title='bbox 2008 1031 2315 1085; x_wconf 86' lang='lat' dir='ltr'><strong>ardentium</strong></span> <span class='ocrx_word' id='word_1_259' title='bbox 2357 1029 2557 1084; x_wconf 92' lang='lat' dir='ltr'><strong>sonitui</strong></span> <span class='ocrx_word' id='word_1_260' title='bbox 2606 1030 2747 1083; x_wconf 89' lang='lat' dir='ltr'><strong>haud</strong></span> <span class='ocrx_word' id='word_1_261' title='bbox 2776 1031 3044 1086; x_wconf 89' lang='lat' dir='ltr'><strong>absimilis</strong></span> <span class='ocrx_word' id='word_1_262' title='bbox 3077 1041 3178 1088; x_wconf 86' lang='lat' dir='ltr'><strong>est.</strong></span> <span class='ocrx_word' id='word_1_263' title='bbox 3239 1033 3292 1087; x_wconf 91' lang='lat'><strong>8.</strong></span> <span class='ocrx_word' id='word_1_264' title='bbox 3324 1035 3427 1088; x_wconf 84' lang='lat' dir='ltr'><strong>Sed</strong></span> 
     </span>
    </p>
   </div>
   <div class='ocr_carea' id='block_1_40' title="bbox 1858 1121 3429 1192">
    <p class='ocr_par' dir='ltr' id='par_1_40' title="bbox 1858 1121 3429 1192">
     <span class='ocr_line' id='line_1_40' title="bbox 1858 1121 3429 1192; baseline 0.003 -17"><span class='ocrx_word' id='word_1_265' title='bbox 1858 1121 2100 1192; x_wconf 84' lang='lat' dir='ltr'><strong>profecto</strong></span> <span class='ocrx_word' id='word_1_266' title='bbox 2144 1121 2527 1192; x_wconf 79' lang='lat' dir='ltr'><strong>gravissimum</strong></span> <span class='ocrx_word' id='word_1_267' title='bbox 2584 1121 2785 1175; x_wconf 83' lang='lat' dir='ltr'><strong>malum</strong></span> <span class='ocrx_word' id='word_1_268' title='bbox 2833 1130 2916 1177; x_wconf 92' lang='lat' dir='ltr'><strong>est</strong></span> <span class='ocrx_word' id='word_1_269' title='bbox 2967 1123 3237 1177; x_wconf 84' lang='lat' dir='ltr'><strong>calumnia</strong></span> <span class='ocrx_word' id='word_1_270' title='bbox 3271 1142 3283 1178; x_wconf 93' lang='lat'>:</span> <span class='ocrx_word' id='word_1_271' title='bbox 3314 1124 3429 1180; x_wconf 77' lang='lat' dir='ltr'><strong>hzec</strong></span> 
     </span>
    </p>
   </div>
   <div class='ocr_carea' id='block_1_41' title="bbox 1861 1213 3430 1285">
    <p class='ocr_par' dir='ltr' id='par_1_41' title="bbox 1861 1213 3430 1285">
     <span class='ocr_line' id='line_1_41' title="bbox 1861 1213 3430 1285; baseline -0.001 -15"><span class='ocrx_word' id='word_1_272' title='bbox 1861 1215 2006 1270; x_wconf 87' lang='lat' dir='ltr'><strong>enim</strong></span> <span class='ocrx_word' id='word_1_273' title='bbox 2038 1215 2344 1285; x_wconf 89' lang='lat' dir='ltr'><strong>sapientum</strong></span> <span class='ocrx_word' id='word_1_274' title='bbox 2381 1214 2670 1268; x_wconf 89' lang='lat' dir='ltr'><strong>animabus</strong></span> <span class='ocrx_word' id='word_1_275' title='bbox 2699 1213 2926 1269; x_wconf 88' lang='lat' dir='ltr'><strong>insidias</strong></span> <span class='ocrx_word' id='word_1_276' title='bbox 2952 1215 3147 1280; x_wconf 84' lang='lat' dir='ltr'><strong>struit,</strong></span> <span class='ocrx_word' id='word_1_277' title='bbox 3180 1230 3244 1270; x_wconf 88' lang='lat' dir='ltr'><strong>ac</strong></span> <span class='ocrx_word' id='word_1_278' title='bbox 3269 1230 3430 1284; x_wconf 70' lang='lat' dir='ltr'><strong>gone-</strong></span> 
     </span>
    </p>
   </div>
   <div class='ocr_carea' id='block_1_42' title="bbox 1857 1304 3430 1360">
    <p class='ocr_par' dir='ltr' id='par_1_42' title="bbox 1857 1304 3430 1360">
     <span class='ocr_line' id='line_1_42' title="bbox 1857 1304 3430 1360; baseline 0.001 -1"><span class='ocrx_word' id='word_1_279' title='bbox 1857 1321 2042 1359; x_wconf 81' lang='lat' dir='ltr'><strong>rosam</strong></span> <span class='ocrx_word' id='word_1_280' title='bbox 2095 1305 2362 1359; x_wconf 88' lang='lat' dir='ltr'><strong>bonorum</strong></span> <span class='ocrx_word' id='word_1_281' title='bbox 2411 1304 2648 1357; x_wconf 88' lang='lat' dir='ltr'><strong>virorum</strong></span> <span class='ocrx_word' id='word_1_282' title='bbox 2701 1305 3063 1357; x_wconf 85' lang='lat' dir='ltr'><strong>constantiam</strong></span> <span class='ocrx_word' id='word_1_283' title='bbox 3105 1304 3430 1360; x_wconf 82' lang='lat' dir='ltr'><strong>labefactare</strong></span> 
     </span>
    </p>
   </div>
   <div class='ocr_carea' id='block_1_43' title="bbox 1860 1395 3432 1452">
    <p class='ocr_par' dir='ltr' id='par_1_43' title="bbox 1860 1395 3432 1452">
     <span class='ocr_line' id='line_1_43' title="bbox 1860 1395 3432 1452; baseline -0.001 -1"><span class='ocrx_word' id='word_1_284' title='bbox 1860 1398 2102 1451; x_wconf 81' lang='lat' dir='ltr'><strong>molitur.</strong></span> <span class='ocrx_word' id='word_1_285' title='bbox 2140 1397 2192 1450; x_wconf 86' lang='lat'><strong>9.</strong></span> <span class='ocrx_word' id='word_1_286' title='bbox 2227 1395 2399 1449; x_wconf 87' lang='lat' dir='ltr'><strong>Porro</strong></span> <span class='ocrx_word' id='word_1_287' title='bbox 2426 1404 2606 1450; x_wconf 88' lang='lat' dir='ltr'><strong>autem</strong></span> <span class='ocrx_word' id='word_1_288' title='bbox 2633 1395 2779 1449; x_wconf 86' lang='lat' dir='ltr'><strong>hunc</strong></span> <span class='ocrx_word' id='word_1_289' title='bbox 2804 1395 3056 1450; x_wconf 91' lang='lat' dir='ltr'><strong>laudihus</strong></span> <span class='ocrx_word' id='word_1_290' title='bbox 3079 1395 3271 1450; x_wconf 79' lang='lat' dir='ltr'><strong>eﬂ&#39;erre</strong></span> <span class='ocrx_word' id='word_1_291' title='bbox 3297 1412 3432 1452; x_wconf 76' lang='lat' dir='ltr'><strong>con-</strong></span> 
     </span>
    </p>
   </div>
   <div class='ocr_carea' id='block_1_44' title="bbox 1861 1487 3428 1558">
    <p class='ocr_par' dir='ltr' id='par_1_44' title="bbox 1861 1487 3428 1558">
     <span class='ocr_line' id='line_1_44' title="bbox 1861 1487 3428 1558; baseline 0 -15"><span class='ocrx_word' id='word_1_292' title='bbox 1861 1489 2068 1551; x_wconf 80' lang='lat' dir='ltr'><strong>venit...</strong></span> <span class='ocrx_word' id='word_1_293' title='bbox 2093 1503 2199 1542; x_wconf 89' lang='lat' dir='ltr'><strong>non</strong></span> <span class='ocrx_word' id='word_1_294' title='bbox 2241 1489 2333 1558; x_wconf 86' lang='lat' dir='ltr'><strong>qui</strong></span> <span class='ocrx_word' id='word_1_295' title='bbox 2379 1488 2593 1541; x_wconf 90' lang='lat' dir='ltr'><strong>initium</strong></span> <span class='ocrx_word' id='word_1_296' title='bbox 2617 1530 2630 1551; x_wconf 94' lang='lat'><strong>,</strong></span> <span class='ocrx_word' id='word_1_297' title='bbox 2669 1487 2760 1541; x_wconf 90' lang='lat' dir='ltr'><strong>sed</strong></span> <span class='ocrx_word' id='word_1_298' title='bbox 2797 1487 2887 1557; x_wconf 85' lang='lat' dir='ltr'><strong>qui</strong></span> <span class='ocrx_word' id='word_1_299' title='bbox 2916 1487 3127 1542; x_wconf 87' lang='lat' dir='ltr'><strong>dicemli</strong></span> <span class='ocrx_word' id='word_1_300' title='bbox 3159 1489 3320 1543; x_wconf 79' lang='lat' dir='ltr'><strong>linem</strong></span> <span class='ocrx_word' id='word_1_301' title='bbox 3349 1490 3428 1543; x_wconf 80' lang='lat' dir='ltr'><strong>fa-</strong></span> 
     </span>
    </p>
   </div>
   <div class='ocr_carea' id='block_1_45' title="bbox 1861 1579 3428 1648">
    <p class='ocr_par' dir='ltr' id='par_1_45' title="bbox 1861 1579 3428 1648">
     <span class='ocr_line' id='line_1_45' title="bbox 1861 1579 3428 1648; baseline -0.001 -13"><span class='ocrx_word' id='word_1_302' title='bbox 1861 1581 1954 1635; x_wconf 88' lang='lat' dir='ltr'><strong>cit.</strong></span> <span class='ocrx_word' id='word_1_303' title='bbox 2015 1580 2222 1634; x_wconf 77' lang='lat' dir='ltr'><strong>Morum</strong></span> <span class='ocrx_word' id='word_1_304' title='bbox 2254 1579 2398 1633; x_wconf 90' lang='lat' dir='ltr'><strong>enim</strong></span> <span class='ocrx_word' id='word_1_305' title='bbox 2428 1579 2732 1633; x_wconf 87' lang='lat' dir='ltr'><strong>moderatio</strong></span> <span class='ocrx_word' id='word_1_306' title='bbox 2764 1579 3016 1633; x_wconf 88' lang='lat' dir='ltr'><strong>laudibus</strong></span> <span class='ocrx_word' id='word_1_307' title='bbox 3061 1581 3428 1648; x_wconf 75' lang='lat' dir='ltr'><strong>complecten-</strong></span> 
     </span>
    </p>
   </div>
   <div class='ocr_carea' id='block_1_46' title="bbox 1863 1671 3426 1742">
    <p class='ocr_par' dir='ltr' id='par_1_46' title="bbox 1863 1671 3426 1742">
     <span class='ocr_line' id='line_1_46' title="bbox 1863 1671 3426 1742; baseline -0.002 -14"><span class='ocrx_word' id='word_1_308' title='bbox 1863 1675 1954 1740; x_wconf 92' lang='lat' dir='ltr'><strong>da,</strong></span> <span class='ocrx_word' id='word_1_309' title='bbox 1984 1691 2092 1729; x_wconf 91' lang='lat' dir='ltr'><strong>non</strong></span> <span class='ocrx_word' id='word_1_310' title='bbox 2124 1675 2286 1728; x_wconf 89' lang='lat' dir='ltr'><strong>elatio</strong></span> <span class='ocrx_word' id='word_1_311' title='bbox 2321 1681 2371 1727; x_wconf 92' lang='lat' dir='ltr'><strong>et</strong></span> <span class='ocrx_word' id='word_1_312' title='bbox 2402 1673 2730 1742; x_wconf 81' lang='lat' dir='ltr'><strong>arrogantia.</strong></span> <span class='ocrx_word' id='word_1_313' title='bbox 2776 1673 2861 1725; x_wconf 88' lang='grc'>10.</span> <span class='ocrx_word' id='word_1_314' title='bbox 2896 1671 3120 1741; x_wconf 86' lang='lat' dir='ltr'><strong>Insuper</strong></span> <span class='ocrx_word' id='word_1_315' title='bbox 3143 1673 3308 1727; x_wconf 89' lang='lat' dir='ltr'><strong>animi</strong></span> <span class='ocrx_word' id='word_1_316' title='bbox 3336 1671 3426 1726; x_wconf 60' lang='lat' dir='ltr'><strong>[th</strong></span> 
     </span>
    </p>
   </div>
   <div class='ocr_carea' id='block_1_47' title="bbox 1862 1764 3432 1822">
    <p class='ocr_par' dir='ltr' id='par_1_47' title="bbox 1862 1764 3432 1822">
     <span class='ocr_line' id='line_1_47' title="bbox 1862 1764 3432 1822; baseline -0.001 -1"><span class='ocrx_word' id='word_1_317' title='bbox 1862 1783 2040 1822; x_wconf 87' lang='lat' dir='ltr'><strong>rorem</strong></span> <span class='ocrx_word' id='word_1_318' title='bbox 2093 1781 2309 1822; x_wconf 92' lang='lat' dir='ltr'><strong>summo</strong></span> <span class='ocrx_word' id='word_1_319' title='bbox 2356 1766 2538 1821; x_wconf 72' lang='grc'>81111110</span> <span class='ocrx_word' id='word_1_320' title='bbox 2582 1764 2796 1820; x_wconf 82' lang='lat' dir='ltr'><strong>frenare</strong></span> <span class='ocrx_word' id='word_1_321' title='bbox 2838 1774 2889 1819; x_wconf 75' lang='grc' dir='ltr'><strong>οι</strong></span> <span class='ocrx_word' id='word_1_322' title='bbox 2934 1780 3182 1819; x_wconf 74' lang='lat' dir='ltr'><strong>coercere</strong></span> <span class='ocrx_word' id='word_1_323' title='bbox 3208 1781 3432 1820; x_wconf 64' lang='lat' dir='ltr'><strong>DPCCSSB</strong></span> 
     </span>
    </p>
   </div>
   <div class='ocr_carea' id='block_1_48' title="bbox 1864 1857 3429 1930">
    <p class='ocr_par' dir='ltr' id='par_1_48' title="bbox 1864 1857 3429 1930">
     <span class='ocr_line' id='line_1_48' title="bbox 1864 1857 3429 1930; baseline -0.003 -14"><span class='ocrx_word' id='word_1_324' title='bbox 1864 1868 1966 1925; x_wconf 88' lang='lat' dir='ltr'><strong>est,</strong></span> <span class='ocrx_word' id='word_1_325' title='bbox 1998 1876 2097 1915; x_wconf 90' lang='lat' dir='ltr'><strong>nec</strong></span> <span class='ocrx_word' id='word_1_326' title='bbox 2128 1867 2375 1930; x_wconf 87' lang='lat' dir='ltr'><strong>prompte</strong></span> <span class='ocrx_word' id='word_1_327' title='bbox 2406 1868 2460 1913; x_wconf 88' lang='lat' dir='ltr'><strong>et</strong></span> <span class='ocrx_word' id='word_1_328' title='bbox 2489 1867 2690 1912; x_wconf 86' lang='lat' dir='ltr'><strong>temere</strong></span> <span class='ocrx_word' id='word_1_329' title='bbox 2714 1858 2766 1911; x_wconf 93' lang='lat' dir='ltr'><strong>in</strong></span> <span class='ocrx_word' id='word_1_330' title='bbox 2793 1857 2928 1912; x_wconf 89' lang='lat' dir='ltr'><strong>iram</strong></span> <span class='ocrx_word' id='word_1_331' title='bbox 2963 1873 3141 1920; x_wconf 88' lang='lat' dir='ltr'><strong>ruere,</strong></span> <span class='ocrx_word' id='word_1_332' title='bbox 3172 1858 3260 1911; x_wconf 89' lang='lat' dir='ltr'><strong>cui</strong></span> <span class='ocrx_word' id='word_1_333' title='bbox 3281 1858 3429 1912; x_wconf 88' lang='lat' dir='ltr'><strong>stulti</strong></span> 
     </span>
    </p>
   </div>
   <div class='ocr_carea' id='block_1_49' title="bbox 1865 1949 3428 2018">
    <p class='ocr_par' dir='ltr' id='par_1_49' title="bbox 1865 1949 3428 2018">
     <span class='ocr_line' id='line_1_49' title="bbox 1865 1949 3428 2018; baseline -0.003 -11"><span class='ocrx_word' id='word_1_334' title='bbox 1865 1953 2126 2008; x_wconf 87' lang='lat' dir='ltr'><strong>serviunt.</strong></span> <span class='ocrx_word' id='word_1_335' title='bbox 2185 1952 2272 2005; x_wconf 90' lang='grc'><strong>11.</strong></span> <span class='ocrx_word' id='word_1_336' title='bbox 2322 1949 2519 2004; x_wconf 82' lang='lat' dir='ltr'><strong>Errant</strong></span> <span class='ocrx_word' id='word_1_337' title='bbox 2553 1959 2771 2014; x_wconf 91' lang='lat' dir='ltr'><strong>autem,</strong></span> <span class='ocrx_word' id='word_1_338' title='bbox 2815 1949 2908 2018; x_wconf 92' lang='lat' dir='ltr'><strong>qui</strong></span> <span class='ocrx_word' id='word_1_339' title='bbox 2952 1949 3228 2002; x_wconf 83' lang='lat' dir='ltr'><strong>meliorem</strong></span> <span class='ocrx_word' id='word_1_340' title='bbox 3264 1949 3428 2003; x_wconf 83' lang='lat' dir='ltr'><strong>vitam</strong></span> 
     </span>
    </p>
   </div>
   <div class='ocr_carea' id='block_1_50' title="bbox 1866 2038 3430 2113">
    <p class='ocr_par' dir='ltr' id='par_1_50' title="bbox 1866 2038 3430 2113">
     <span class='ocr_line' id='line_1_50' title="bbox 1866 2038 3430 2113; baseline -0.003 -16"><span class='ocrx_word' id='word_1_341' title='bbox 1866 2043 2169 2113; x_wconf 80' lang='lat' dir='ltr'><strong>majoribus</strong></span> <span class='ocrx_word' id='word_1_342' title='bbox 2204 2041 2406 2095; x_wconf 86' lang='lat' dir='ltr'><strong>nostris</strong></span> <span class='ocrx_word' id='word_1_343' title='bbox 2428 2040 2608 2093; x_wconf 86' lang='lat' dir='ltr'><strong>datam</strong></span> <span class='ocrx_word' id='word_1_344' title='bbox 2642 2055 2762 2094; x_wconf 85' lang='lat' dir='ltr'><strong>esse</strong></span> <span class='ocrx_word' id='word_1_345' title='bbox 2791 2038 3059 2092; x_wconf 82' lang='lat' dir='ltr'><strong>aﬂirmant</strong></span> <span class='ocrx_word' id='word_1_346' title='bbox 3090 2058 3101 2092; x_wconf 95' lang='lat'>:</span> <span class='ocrx_word' id='word_1_347' title='bbox 3142 2055 3241 2095; x_wconf 85' lang='lat' dir='ltr'><strong>nec</strong></span> <span class='ocrx_word' id='word_1_348' title='bbox 3273 2041 3430 2094; x_wconf 83' lang='lat' dir='ltr'><strong>intel-</strong></span> 
     </span>
    </p>
   </div>
   <div class='ocr_carea' id='block_1_51' title="bbox 1863 2132 3430 2205">
    <p class='ocr_par' dir='ltr' id='par_1_51' title="bbox 1863 2132 3430 2205">
     <span class='ocr_line' id='line_1_51' title="bbox 1863 2132 3430 2205; baseline -0.003 -15"><span class='ocrx_word' id='word_1_349' title='bbox 1863 2137 2058 2205; x_wconf 83' lang='lat' dir='ltr'><strong>ligunt,</strong></span> <span class='ocrx_word' id='word_1_350' title='bbox 2088 2133 2404 2200; x_wconf 82' lang='lat' dir='ltr'><strong>sapientiam</strong></span> <span class='ocrx_word' id='word_1_351' title='bbox 2436 2147 2598 2202; x_wconf 92' lang='lat' dir='ltr'><strong>opum</strong></span> <span class='ocrx_word' id='word_1_352' title='bbox 2626 2133 2778 2201; x_wconf 84' lang='lat' dir='ltr'><strong>copia</strong></span> <span class='ocrx_word' id='word_1_353' title='bbox 2816 2132 2973 2201; x_wconf 85' lang='lat' dir='ltr'><strong>longe</strong></span> <span class='ocrx_word' id='word_1_354' title='bbox 3000 2133 3430 2199; x_wconf 73' lang='lat' dir='ltr'><strong>prmstantiorem</strong></span> 
     </span>
    </p>
   </div>
   <div class='ocr_carea' id='block_1_52' title="bbox 1863 2223 3434 2294">
    <p class='ocr_par' dir='ltr' id='par_1_52' title="bbox 1863 2223 3434 2294">
     <span class='ocr_line' id='line_1_52' title="bbox 1863 2223 3434 2294; baseline -0.002 -13"><span class='ocrx_word' id='word_1_355' title='bbox 1863 2242 2018 2292; x_wconf 87' lang='lat' dir='ltr'><strong>esse;</strong></span> <span class='ocrx_word' id='word_1_356' title='bbox 2075 2226 2162 2281; x_wconf 74' lang='grc'><strong>12.</strong></span> <span class='ocrx_word' id='word_1_357' title='bbox 2230 2231 2491 2292; x_wconf 88' lang='lat' dir='ltr'><strong>tantoque</strong></span> <span class='ocrx_word' id='word_1_358' title='bbox 2533 2223 2855 2285; x_wconf 86' lang='lat' dir='ltr'><strong>clariorem,</strong></span> <span class='ocrx_word' id='word_1_359' title='bbox 2909 2231 3114 2291; x_wconf 89' lang='lat' dir='ltr'><strong>quanto</strong></span> <span class='ocrx_word' id='word_1_360' title='bbox 3147 2233 3434 2294; x_wconf 79' lang='lat' dir='ltr'><strong>argentum</strong></span> 
     </span>
    </p>
   </div>
   <div class='ocr_carea' id='block_1_53' title="bbox 1866 2311 3434 2384">
    <p class='ocr_par' dir='ltr' id='par_1_53' title="bbox 1866 2311 3434 2384">
     <span class='ocr_line' id='line_1_53' title="bbox 1866 2311 3434 2384; baseline -0.003 -12"><span class='ocrx_word' id='word_1_361' title='bbox 1866 2317 2056 2372; x_wconf 89' lang='lat' dir='ltr'><strong>umbra</strong></span> <span class='ocrx_word' id='word_1_362' title='bbox 2085 2331 2182 2371; x_wconf 91' lang='lat' dir='ltr'><strong>sua</strong></span> <span class='ocrx_word' id='word_1_363' title='bbox 2214 2313 2554 2384; x_wconf 81' lang='lat' dir='ltr'><strong>splendidius</strong></span> <span class='ocrx_word' id='word_1_364' title='bbox 2586 2321 2828 2383; x_wconf 87' lang='lat' dir='ltr'><strong>apparet.</strong></span> <span class='ocrx_word' id='word_1_365' title='bbox 2887 2314 2970 2368; x_wconf 80' lang='grc'>15.</span> <span class='ocrx_word' id='word_1_366' title='bbox 3005 2311 3124 2368; x_wconf 80' lang='lat' dir='ltr'><strong>Vita</strong></span> <span class='ocrx_word' id='word_1_367' title='bbox 3157 2315 3302 2367; x_wconf 84' lang='lat' dir='ltr'><strong>enim</strong></span> <span class='ocrx_word' id='word_1_368' title='bbox 3335 2314 3434 2368; x_wconf 82' lang='lat' dir='ltr'><strong>ho-</strong></span> 
     </span>
    </p>
   </div>
   <div class='ocr_carea' id='block_1_54' title="bbox 1866 2403 3432 2476">
    <p class='ocr_par' dir='ltr' id='par_1_54' title="bbox 1866 2403 3432 2476">
     <span class='ocr_line' id='line_1_54' title="bbox 1866 2403 3432 2476; baseline -0.003 -13"><span class='ocrx_word' id='word_1_369' title='bbox 1866 2409 2059 2474; x_wconf 88' lang='lat' dir='ltr'><strong>minis,</strong></span> <span class='ocrx_word' id='word_1_370' title='bbox 2115 2422 2220 2462; x_wconf 91' lang='lat' dir='ltr'><strong>non</strong></span> <span class='ocrx_word' id='word_1_371' title='bbox 2252 2421 2316 2460; x_wconf 85' lang='lat' dir='ltr'><strong>ex</strong></span> <span class='ocrx_word' id='word_1_372' title='bbox 2345 2405 2673 2461; x_wconf 90' lang='lat' dir='ltr'><strong>caducarum</strong></span> <span class='ocrx_word' id='word_1_373' title='bbox 2711 2414 2762 2460; x_wconf 92' lang='lat' dir='ltr'><strong>et</strong></span> <span class='ocrx_word' id='word_1_374' title='bbox 2802 2403 3074 2475; x_wconf 77' lang='lat' dir='ltr'><strong>fragilium</strong></span> <span class='ocrx_word' id='word_1_375' title='bbox 3119 2423 3282 2476; x_wconf 87' lang='lat' dir='ltr'><strong>opum</strong></span> <span class='ocrx_word' id='word_1_376' title='bbox 3317 2409 3432 2462; x_wconf 81' lang='lat' dir='ltr'><strong>col-</strong></span> 
     </span>
    </p>
   </div>
   <div class='ocr_carea' id='block_1_55' title="bbox 1865 2497 3435 2569">
    <p class='ocr_par' dir='ltr' id='par_1_55' title="bbox 1865 2497 3435 2569">
     <span class='ocr_line' id='line_1_55' title="bbox 1865 2497 3435 2569; baseline -0.001 -14"><span class='ocrx_word' id='word_1_377' title='bbox 1865 2501 2098 2557; x_wconf 83' lang='lat' dir='ltr'><strong>lectione</strong></span> <span class='ocrx_word' id='word_1_378' title='bbox 2145 2508 2198 2554; x_wconf 91' lang='lat' dir='ltr'><strong>et</strong></span> <span class='ocrx_word' id='word_1_379' title='bbox 2223 2497 2588 2569; x_wconf 88' lang='lat' dir='ltr'><strong>possessione,</strong></span> <span class='ocrx_word' id='word_1_380' title='bbox 2628 2513 2812 2551; x_wconf 89' lang='lat' dir='ltr'><strong>verum</strong></span> <span class='ocrx_word' id='word_1_381' title='bbox 2844 2513 2909 2552; x_wconf 84' lang='lat' dir='ltr'><strong>ex</strong></span> <span class='ocrx_word' id='word_1_382' title='bbox 2936 2498 3202 2567; x_wconf 88' lang='lat' dir='ltr'><strong>sapientia</strong></span> <span class='ocrx_word' id='word_1_383' title='bbox 3230 2514 3435 2569; x_wconf 88' lang='lat' dir='ltr'><strong>prove-</strong></span> 
     </span>
    </p>
   </div>
   <div class='ocr_carea' id='block_1_56' title="bbox 1865 2590 3433 2659">
    <p class='ocr_par' dir='ltr' id='par_1_56' title="bbox 1865 2590 3433 2659">
     <span class='ocr_line' id='line_1_56' title="bbox 1865 2590 3433 2659; baseline -0.004 -11"><span class='ocrx_word' id='word_1_384' title='bbox 1865 2594 1965 2648; x_wconf 91' lang='lat' dir='ltr'><strong>nit.</strong></span> <span class='ocrx_word' id='word_1_385' title='bbox 2033 2593 2120 2646; x_wconf 77' lang='lat' dir='ltr'><strong>M.</strong></span> <span class='ocrx_word' id='word_1_386' title='bbox 2149 2591 2282 2658; x_wconf 86' lang='lat' dir='ltr'><strong>Quis</strong></span> <span class='ocrx_word' id='word_1_387' title='bbox 2317 2590 2486 2654; x_wconf 92' lang='lat' dir='ltr'><strong>enim,</strong></span> <span class='ocrx_word' id='word_1_388' title='bbox 2536 2603 2632 2644; x_wconf 92' lang='lat' dir='ltr'><strong>oro</strong></span> <span class='ocrx_word' id='word_1_389' title='bbox 2668 2597 2740 2654; x_wconf 91' lang='lat' dir='ltr'><strong>te,</strong></span> <span class='ocrx_word' id='word_1_390' title='bbox 2790 2597 3248 2659; x_wconf 79' lang='lat' dir='ltr'><strong>tantamtamque</strong></span> <span class='ocrx_word' id='word_1_391' title='bbox 3279 2590 3433 2644; x_wconf 87' lang='lat' dir='ltr'><strong>beni-</strong></span> 
     </span>
    </p>
   </div>
   <div class='ocr_carea' id='block_1_57' title="bbox 1866 2675 3436 2753">
    <p class='ocr_par' dir='ltr' id='par_1_57' title="bbox 1866 2675 3436 2753">
     <span class='ocr_line' id='line_1_57' title="bbox 1866 2675 3436 2753; baseline -0.002 -17"><span class='ocrx_word' id='word_1_392' title='bbox 1866 2697 2026 2753; x_wconf 82' lang='lat' dir='ltr'><strong>gnam</strong></span> <span class='ocrx_word' id='word_1_393' title='bbox 2079 2675 2172 2736; x_wconf 85' lang='lat' dir='ltr'><strong>Dei</strong></span> <span class='ocrx_word' id='word_1_394' title='bbox 2227 2679 2618 2750; x_wconf 74' lang='lat' dir='ltr'><strong>providentiam</strong></span> <span class='ocrx_word' id='word_1_395' title='bbox 2676 2679 2854 2734; x_wconf 86' lang='lat' dir='ltr'><strong>verbis</strong></span> <span class='ocrx_word' id='word_1_396' title='bbox 2904 2681 3162 2750; x_wconf 89' lang='lat' dir='ltr'><strong>consequi</strong></span> <span class='ocrx_word' id='word_1_397' title='bbox 3194 2681 3436 2751; x_wconf 85' lang='lat' dir='ltr'><strong>poterit?</strong></span> 
     </span>
    </p>
   </div>
   <div class='ocr_carea' id='block_1_58' title="bbox 1868 2771 3434 2846">
    <p class='ocr_par' dir='ltr' id='par_1_58' title="bbox 1868 2771 3434 2846">
     <span class='ocr_line' id='line_1_58' title="bbox 1868 2771 3434 2846; baseline -0.004 -14"><span class='ocrx_word' id='word_1_398' title='bbox 1868 2779 1958 2832; x_wconf 82' lang='grc'><strong>15.</strong></span> <span class='ocrx_word' id='word_1_399' title='bbox 2014 2778 2122 2831; x_wconf 82' lang='lat' dir='ltr'><strong>Aut</strong></span> <span class='ocrx_word' id='word_1_400' title='bbox 2165 2777 2288 2846; x_wconf 89' lang='lat' dir='ltr'><strong>quis</strong></span> <span class='ocrx_word' id='word_1_401' title='bbox 2329 2792 2391 2830; x_wconf 83' lang='lat' dir='ltr'><strong>ea</strong></span> <span class='ocrx_word' id='word_1_402' title='bbox 2437 2792 2559 2846; x_wconf 61' lang='lat' dir='ltr'><strong>qua:</strong></span> <span class='ocrx_word' id='word_1_403' title='bbox 2601 2790 2815 2831; x_wconf 86' lang='lat' dir='ltr'><strong>summa</strong></span> <span class='ocrx_word' id='word_1_404' title='bbox 2865 2790 2988 2829; x_wconf 91' lang='lat' dir='ltr'><strong>cum</strong></span> <span class='ocrx_word' id='word_1_405' title='bbox 3025 2775 3234 2828; x_wconf 89' lang='lat' dir='ltr'><strong>ratione</strong></span> <span class='ocrx_word' id='word_1_406' title='bbox 3263 2789 3291 2827; x_wconf 88' lang='lat' dir='ltr'><strong>a</strong></span> <span class='ocrx_word' id='word_1_407' title='bbox 3323 2771 3434 2826; x_wconf 88' lang='lat' dir='ltr'><strong>Deo</strong></span> 
     </span>
    </p>
   </div>
   <div class='ocr_carea' id='block_1_59' title="bbox 1868 2865 3431 2942">
    <p class='ocr_par' dir='ltr' id='par_1_59' title="bbox 1868 2865 3431 2942">
     <span class='ocr_line' id='line_1_59' title="bbox 1868 2865 3431 2942; baseline -0.005 -16"><span class='ocrx_word' id='word_1_408' title='bbox 1868 2871 2112 2942; x_wconf 81' lang='lat' dir='ltr'><strong>neglecta</strong></span> <span class='ocrx_word' id='word_1_409' title='bbox 2159 2885 2280 2925; x_wconf 91' lang='lat' dir='ltr'><strong>esse</strong></span> <span class='ocrx_word' id='word_1_410' title='bbox 2329 2868 2612 2930; x_wconf 86' lang='lat' dir='ltr'><strong>videntur,</strong></span> <span class='ocrx_word' id='word_1_411' title='bbox 2664 2867 2952 2923; x_wconf 78' lang='lat' dir='ltr'><strong>revocare?</strong></span> <span class='ocrx_word' id='word_1_412' title='bbox 3006 2865 3092 2920; x_wconf 87' lang='grc'><strong>16.</strong></span> <span class='ocrx_word' id='word_1_413' title='bbox 3125 2865 3238 2936; x_wconf 80' lang='lat' dir='ltr'><strong>Ego</strong></span> <span class='ocrx_word' id='word_1_414' title='bbox 3281 2881 3431 2929; x_wconf 89' lang='lat' dir='ltr'><strong>vero,</strong></span> 
     </span>
    </p>
   </div>
   <div class='ocr_carea' id='block_1_60' title="bbox 1867 2958 3426 3030">
    <p class='ocr_par' dir='ltr' id='par_1_60' title="bbox 1867 2958 3426 3030">
     <span class='ocr_line' id='line_1_60' title="bbox 1867 2958 3426 3030; baseline -0.004 -12"><span class='ocrx_word' id='word_1_415' title='bbox 1867 2964 2051 3018; x_wconf 89' lang='lat' dir='ltr'><strong>minus</strong></span> <span class='ocrx_word' id='word_1_416' title='bbox 2079 2970 2224 3016; x_wconf 90' lang='lat' dir='ltr'><strong>recte</strong></span> <span class='ocrx_word' id='word_1_417' title='bbox 2263 2961 2315 3014; x_wconf 91' lang='lat' dir='ltr'><strong>id</strong></span> <span class='ocrx_word' id='word_1_418' title='bbox 2344 2961 2561 3030; x_wconf 88' lang='lat' dir='ltr'><strong>quidem</strong></span> <span class='ocrx_word' id='word_1_419' title='bbox 2593 2960 2796 3014; x_wconf 78' lang='lat' dir='ltr'><strong>faciens</strong></span> <span class='ocrx_word' id='word_1_420' title='bbox 2817 3001 2831 3024; x_wconf 97' lang='lat'><strong>,</strong></span> <span class='ocrx_word' id='word_1_421' title='bbox 2860 2959 3038 3014; x_wconf 88' lang='lat' dir='ltr'><strong>omnia</strong></span> <span class='ocrx_word' id='word_1_422' title='bbox 3065 2958 3426 3022; x_wconf 85' lang='lat' dir='ltr'><strong>consideravi,</strong></span> 
     </span>
    </p>
   </div>
   <div class='ocr_carea' id='block_1_61' title="bbox 1865 3049 3435 3124">
    <p class='ocr_par' dir='ltr' id='par_1_61' title="bbox 1865 3049 3435 3124">
     <span class='ocr_line' id='line_1_61' title="bbox 1865 3049 3435 3124; baseline -0.004 -14"><span class='ocrx_word' id='word_1_423' title='bbox 1865 3065 1918 3110; x_wconf 92' lang='lat' dir='ltr'><strong>et</strong></span> <span class='ocrx_word' id='word_1_424' title='bbox 1940 3055 2144 3124; x_wconf 84' lang='lat' dir='ltr'><strong>justum</strong></span> <span class='ocrx_word' id='word_1_425' title='bbox 2181 3055 2233 3108; x_wconf 91' lang='lat' dir='ltr'><strong>in</strong></span> <span class='ocrx_word' id='word_1_426' title='bbox 2256 3053 2466 3123; x_wconf 76' lang='lat' dir='ltr'><strong>iustitia</strong></span> <span class='ocrx_word' id='word_1_427' title='bbox 2489 3060 2807 3108; x_wconf 81' lang='lat' dir='ltr'><strong>constanter</strong></span> <span class='ocrx_word' id='word_1_428' title='bbox 2833 3059 3182 3120; x_wconf 53' lang='lat' dir='ltr'><strong>perstantem,</strong></span> <span class='ocrx_word' id='word_1_429' title='bbox 3237 3065 3336 3105; x_wconf 90' lang='lat' dir='ltr'><strong>nec</strong></span> <span class='ocrx_word' id='word_1_430' title='bbox 3365 3049 3435 3104; x_wconf 86' lang='lat' dir='ltr'><strong>ab</strong></span> 
     </span>
    </p>
   </div>
   <div class='ocr_carea' id='block_1_62' title="bbox 190 3131 1762 3216">
    <p class='ocr_par' dir='ltr' id='par_1_62' title="bbox 190 3131 1762 3204">
     <span class='ocr_line' id='line_1_62' title="bbox 190 3131 1762 3204; baseline 0.003 -20"><span class='ocrx_word' id='word_1_431' title='bbox 190 3131 445 3202; x_wconf 79' lang='grc' dir='ltr'>ἄκαιρος.</span> <span class='ocrx_word' id='word_1_432' title='bbox 474 3133 744 3201; x_wconf 85' lang='grc' dir='ltr'>Μέγιστον</span> <span class='ocrx_word' id='word_1_433' title='bbox 776 3133 830 3186; x_wconf 88' lang='grc' dir='ltr'><strong>δέ</strong></span> <span class='ocrx_word' id='word_1_434' title='bbox 854 3133 1053 3202; x_wconf 78' lang='grc' dir='ltr'>ἀγαθὸν</span> <span class='ocrx_word' id='word_1_435' title='bbox 1085 3133 1570 3204; x_wconf 88' lang='grc' dir='ltr'>ἀντιλαμϐάνεσθαι</span> <span class='ocrx_word' id='word_1_436' title='bbox 1608 3135 1762 3197; x_wconf 83' lang='grc' dir='ltr'>Θεοῦ,</span> 
     </span>
    </p>
   </div>
   <div class='ocr_carea' id='block_1_63' title="bbox 1868 3131 3434 3216">
    <p class='ocr_par' dir='ltr' id='par_1_63' title="bbox 1873 3144 3434 3216">
     <span class='ocr_line' id='line_1_63' title="bbox 1873 3144 3434 3216; baseline -0.004 -14"><span class='ocrx_word' id='word_1_437' title='bbox 1873 3165 1934 3202; x_wconf 84' lang='lat' dir='ltr'><strong>ea</strong></span> <span class='ocrx_word' id='word_1_438' title='bbox 1981 3163 2076 3216; x_wconf 88' lang='lat' dir='ltr'><strong>per</strong></span> <span class='ocrx_word' id='word_1_439' title='bbox 2117 3162 2334 3201; x_wconf 91' lang='lat' dir='ltr'><strong>omnem</strong></span> <span class='ocrx_word' id='word_1_440' title='bbox 2393 3147 2514 3200; x_wconf 66' lang='lat' dir='ltr'><strong>vitae</strong></span> <span class='ocrx_word' id='word_1_441' title='bbox 2561 3160 2780 3198; x_wconf 83' lang='lat' dir='ltr'><strong>cursum</strong></span> <span class='ocrx_word' id='word_1_442' title='bbox 2831 3144 3254 3206; x_wconf 85' lang='lat' dir='ltr'><strong>desciscentem,</strong></span> <span class='ocrx_word' id='word_1_443' title='bbox 3323 3144 3434 3197; x_wconf 89' lang='lat' dir='ltr'><strong>imo</strong></span> 
     </span>
    </p>
   </div>
   <div class='ocr_carea' id='block_1_64' title="bbox 191 3222 1768 3297">
    <p class='ocr_par' dir='ltr' id='par_1_64' title="bbox 191 3222 1768 3297">
     <span class='ocr_line' id='line_1_64' title="bbox 191 3222 1768 3297; baseline 0.003 -23"><span class='ocrx_word' id='word_1_444' title='bbox 191 3223 286 3274; x_wconf 75' lang='grc' dir='ltr'>καὶ</span> <span class='ocrx_word' id='word_1_445' title='bbox 346 3223 404 3274; x_wconf 91' lang='grc' dir='ltr'><strong>ἐν</strong></span> <span class='ocrx_word' id='word_1_446' title='bbox 457 3222 631 3294; x_wconf 84' lang='grc' dir='ltr'>τούτῳ</span> <span class='ocrx_word' id='word_1_447' title='bbox 683 3222 810 3275; x_wconf 76' lang='grc' dir='ltr'>ὄντα</span> <span class='ocrx_word' id='word_1_448' title='bbox 871 3223 1032 3294; x_wconf 77' lang='grc' dir='ltr'>μηδὲν</span> <span class='ocrx_word' id='word_1_449' title='bbox 1087 3223 1435 3295; x_wconf 84' lang='grc' dir='ltr'>ἁμαρτάνειν.</span> <span class='ocrx_word' id='word_1_450' title='bbox 1483 3225 1602 3277; x_wconf 84' lang='grc' dir='ltr'>Τῶν</span> <span class='ocrx_word' id='word_1_451' title='bbox 1661 3225 1768 3297; x_wconf 77' lang='grc' dir='ltr'>γὰρ</span> 
     </span>
    </p>
   </div>
   <div class='ocr_carea' id='block_1_65' title="bbox 193 3313 1769 3387">
    <p class='ocr_par' dir='ltr' id='par_1_65' title="bbox 193 3313 1769 3387">
     <span class='ocr_line' id='line_1_65' title="bbox 193 3313 1769 3387; baseline 0.003 -21"><span class='ocrx_word' id='word_1_452' title='bbox 193 3314 475 3384; x_wconf 82' lang='grc' dir='ltr'>ἀμιάντων</span> <span class='ocrx_word' id='word_1_453' title='bbox 504 3315 646 3384; x_wconf 74' lang='grc' dir='ltr'>χειρὶ</span> <span class='ocrx_word' id='word_1_454' title='bbox 672 3314 885 3384; x_wconf 85' lang='grc' dir='ltr'>ἀνάγνῳ</span> <span class='ocrx_word' id='word_1_455' title='bbox 915 3313 1124 3382; x_wconf 78' lang='grc' dir='ltr'>ψαύειν,</span> <span class='ocrx_word' id='word_1_456' title='bbox 1163 3315 1420 3387; x_wconf 88' lang='grc' dir='ltr'>μυσαρόν.</span> <span class='ocrx_word' id='word_1_457' title='bbox 1465 3315 1521 3367; x_wconf 86' lang='lat'><strong>&#39;0</strong></span> <span class='ocrx_word' id='word_1_458' title='bbox 1546 3315 1601 3368; x_wconf 84' lang='grc' dir='ltr'>δὲ</span> <span class='ocrx_word' id='word_1_459' title='bbox 1633 3317 1769 3386; x_wconf 82' lang='grc' dir='ltr'><strong>μετά</strong></span> 
     </span>
    </p>
   </div>
   <div class='ocr_carea' id='block_1_66' title="bbox 193 3405 1764 3476">
    <p class='ocr_par' dir='ltr' id='par_1_66' title="bbox 193 3405 1764 3476">
     <span class='ocr_line' id='line_1_66' title="bbox 193 3405 1764 3476; baseline 0.001 -18"><span class='ocrx_word' id='word_1_460' title='bbox 193 3406 365 3474; x_wconf 85' lang='grc' dir='ltr'>φόϐου</span> <span class='ocrx_word' id='word_1_461' title='bbox 416 3405 550 3458; x_wconf 86' lang='grc' dir='ltr'>Θεοῦ</span> <span class='ocrx_word' id='word_1_462' title='bbox 610 3406 847 3459; x_wconf 81' lang='grc' dir='ltr'>ὑπείκων</span> <span class='ocrx_word' id='word_1_463' title='bbox 898 3405 1110 3459; x_wconf 73' lang='grc' dir='ltr'>ἅπαντα</span> <span class='ocrx_word' id='word_1_464' title='bbox 1161 3405 1436 3476; x_wconf 74' lang='grc' dir='ltr'>διαφεύγει</span> <span class='ocrx_word' id='word_1_465' title='bbox 1491 3408 1764 3461; x_wconf 87' lang='grc' dir='ltr'>τάναντία.</span> 
     </span>
    </p>
   </div>
   <div class='ocr_carea' id='block_1_67' title="bbox 195 3495 1770 3568">
    <p class='ocr_par' dir='ltr' id='par_1_67' title="bbox 195 3495 1770 3568">
     <span class='ocr_line' id='line_1_67' title="bbox 195 3495 1770 3568; baseline 0.004 -21"><span class='ocrx_word' id='word_1_466' title='bbox 195 3497 366 3564; x_wconf 83' lang='grc' dir='ltr'>Σοφία</span> <span class='ocrx_word' id='word_1_467' title='bbox 408 3496 465 3548; x_wconf 84' lang='grc' dir='ltr'>δὲ</span> <span class='ocrx_word' id='word_1_468' title='bbox 518 3495 783 3566; x_wconf 82' lang='grc' dir='ltr'>βοηθείας,</span> <span class='ocrx_word' id='word_1_469' title='bbox 826 3497 1046 3566; x_wconf 78' lang='grc' dir='ltr'>στίφους</span> <span class='ocrx_word' id='word_1_470' title='bbox 1087 3496 1292 3568; x_wconf 88' lang='grc' dir='ltr'>ἀνδρῶν</span> <span class='ocrx_word' id='word_1_471' title='bbox 1333 3499 1442 3551; x_wconf 91' lang='grc' dir='ltr'><strong>τῶν</strong></span> <span class='ocrx_word' id='word_1_472' title='bbox 1472 3499 1770 3553; x_wconf 79' lang='grc' dir='ltr'>δυνατωτά-</span> 
     </span>
    </p>
   </div>
   <div class='ocr_carea' id='block_1_68' title="bbox 191 3587 1768 3660">
    <p class='ocr_par' dir='ltr' id='par_1_68' title="bbox 191 3587 1768 3660">
     <span class='ocr_line' id='line_1_68' title="bbox 191 3587 1768 3660; baseline 0.004 -22"><span class='ocrx_word' id='word_1_473' title='bbox 191 3602 304 3638; x_wconf 88' lang='grc' dir='ltr'><strong>των</strong></span> <span class='ocrx_word' id='word_1_474' title='bbox 351 3587 409 3640; x_wconf 83' lang='grc' dir='ltr'>ὲν</span> <span class='ocrx_word' id='word_1_475' title='bbox 458 3587 608 3639; x_wconf 86' lang='grc' dir='ltr'>πόλει</span> <span class='ocrx_word' id='word_1_476' title='bbox 656 3587 873 3658; x_wconf 75' lang='grc' dir='ltr'>μείζονα</span> <span class='ocrx_word' id='word_1_477' title='bbox 921 3587 1225 3660; x_wconf 81' lang='grc' dir='ltr'>δύναται,ἢ</span> <span class='ocrx_word' id='word_1_478' title='bbox 1272 3590 1364 3643; x_wconf 71' lang='grc' dir='ltr'>καὶ</span> <span class='ocrx_word' id='word_1_479' title='bbox 1410 3591 1768 3659; x_wconf 82' lang='grc' dir='ltr'>συγγινώσκει</span> 
     </span>
    </p>
   </div>
   <div class='ocr_carea' id='block_1_69' title="bbox 192 3677 1764 3754">
    <p class='ocr_par' dir='ltr' id='par_1_69' title="bbox 192 3677 1764 3754">
     <span class='ocr_line' id='line_1_69' title="bbox 192 3677 1764 3754; baseline 0.004 -24"><span class='ocrx_word' id='word_1_480' title='bbox 192 3677 422 3742; x_wconf 79' lang='grc' dir='ltr'>δικαίως</span> <span class='ocrx_word' id='word_1_481' title='bbox 491 3678 748 3743; x_wconf 85' lang='grc' dir='ltr'>πολλάκις</span> <span class='ocrx_word' id='word_1_482' title='bbox 817 3679 922 3733; x_wconf 91' lang='grc' dir='ltr'><strong>τῶν</strong></span> <span class='ocrx_word' id='word_1_483' title='bbox 992 3681 1219 3734; x_wconf 86' lang='grc' dir='ltr'>δεόντων</span> <span class='ocrx_word' id='word_1_484' title='bbox 1281 3683 1764 3754; x_wconf 84' lang='grc' dir='ltr'>ἀποτυγχάνουσιν.</span> 
     </span>
    </p>
   </div>
   <div class='ocr_carea' id='block_1_70' title="bbox 198 3767 1765 3844">
    <p class='ocr_par' dir='ltr' id='par_1_70' title="bbox 198 3767 1765 3844">
     <span class='ocr_line' id='line_1_70' title="bbox 198 3767 1765 3844; baseline 0.003 -21"><span class='ocrx_word' id='word_1_485' title='bbox 198 3772 535 3834; x_wconf 80' lang='grc' dir='ltr'>’Δπταιστος</span> <span class='ocrx_word' id='word_1_486' title='bbox 565 3771 673 3842; x_wconf 88' lang='grc' dir='ltr'><strong>γάρ</strong></span> <span class='ocrx_word' id='word_1_487' title='bbox 715 3772 865 3825; x_wconf 86' lang='grc' dir='ltr'>ἐστιν</span> <span class='ocrx_word' id='word_1_488' title='bbox 907 3773 1026 3825; x_wconf 81' lang='grc' dir='ltr'><strong>ούδέ</strong></span> <span class='ocrx_word' id='word_1_489' title='bbox 1069 3767 1168 3836; x_wconf 78' lang='grc' dir='ltr'>εἷς.</span> <span class='ocrx_word' id='word_1_490' title='bbox 1220 3773 1454 3826; x_wconf 87' lang='grc' dir='ltr'>Ἀσεϐῶν</span> <span class='ocrx_word' id='word_1_491' title='bbox 1485 3774 1539 3826; x_wconf 86' lang='grc' dir='ltr'><strong>δέ</strong></span> <span class='ocrx_word' id='word_1_492' title='bbox 1571 3774 1765 3844; x_wconf 85' lang='grc' dir='ltr'>λόγοις,</span> 
     </span>
    </p>
   </div>
   <div class='ocr_carea' id='block_1_71' title="bbox 194 3861 1770 3935">
    <p class='ocr_par' dir='ltr' id='par_1_71' title="bbox 194 3861 1770 3935">
     <span class='ocr_line' id='line_1_71' title="bbox 194 3861 1770 3935; baseline 0.004 -22"><span class='ocrx_word' id='word_1_493' title='bbox 194 3861 307 3914; x_wconf 71' lang='grc' dir='ltr'>οὐδ’</span> <span class='ocrx_word' id='word_1_494' title='bbox 337 3861 583 3914; x_wconf 76' lang='grc' dir='ltr'>ὁπωσοῦν</span> <span class='ocrx_word' id='word_1_495' title='bbox 629 3879 680 3915; x_wconf 92' lang='grc' dir='ltr'><strong>τι</strong></span> <span class='ocrx_word' id='word_1_496' title='bbox 724 3864 828 3935; x_wconf 82' lang='grc' dir='ltr'>χρὴ</span> <span class='ocrx_word' id='word_1_497' title='bbox 877 3864 1174 3934; x_wconf 81' lang='grc' dir='ltr'>προσιέναι,</span> <span class='ocrx_word' id='word_1_498' title='bbox 1205 3865 1350 3928; x_wconf 84' lang='grc' dir='ltr'>ὅπως</span> <span class='ocrx_word' id='word_1_499' title='bbox 1386 3864 1459 3935; x_wconf 81' lang='grc' dir='ltr'>μὴ</span> <span class='ocrx_word' id='word_1_500' title='bbox 1490 3865 1596 3918; x_wconf 88' lang='grc' dir='ltr'><strong>τῶν</strong></span> <span class='ocrx_word' id='word_1_501' title='bbox 1630 3867 1770 3920; x_wconf 82' lang='grc' dir='ltr'><strong>κατά</strong></span> 
     </span>
    </p>
   </div>
   <div class='ocr_carea' id='block_1_72' title="bbox 197 3957 1770 4032">
    <p class='ocr_par' dir='ltr' id='par_1_72' title="bbox 197 3957 1770 4032">
     <span class='ocr_line' id='line_1_72' title="bbox 197 3957 1770 4032; baseline 0 -23"><span class='ocrx_word' id='word_1_502' title='bbox 197 3957 292 4010; x_wconf 86' lang='grc' dir='ltr'><strong>σοῦ</strong></span> <span class='ocrx_word' id='word_1_503' title='bbox 330 3957 504 4025; x_wconf 83' lang='grc' dir='ltr'>λόγων</span> <span class='ocrx_word' id='word_1_504' title='bbox 542 3957 805 4028; x_wconf 69' lang='grc' dir='ltr'>αὐτήκοος</span> <span class='ocrx_word' id='word_1_505' title='bbox 833 3960 1136 4030; x_wconf 85' lang='grc' dir='ltr'>γενόμενος,</span> <span class='ocrx_word' id='word_1_506' title='bbox 1170 3959 1355 4031; x_wconf 82' lang='grc' dir='ltr'>ὥσπερ</span> <span class='ocrx_word' id='word_1_507' title='bbox 1382 3959 1566 4013; x_wconf 88' lang='grc' dir='ltr'>δούλου</span> <span class='ocrx_word' id='word_1_508' title='bbox 1607 3978 1770 4032; x_wconf 81' lang='grc' dir='ltr'>πονη-</span> 
     </span>
    </p>
   </div>
   <div class='ocr_carea' id='block_1_73' title="bbox 200 4047 1768 4124">
    <p class='ocr_par' dir='ltr' id='par_1_73' title="bbox 200 4047 1768 4124">
     <span class='ocr_line' id='line_1_73' title="bbox 200 4047 1768 4124; baseline 0.003 -23"><span class='ocrx_word' id='word_1_509' title='bbox 200 4048 293 4120; x_wconf 88' lang='grc' dir='ltr'><strong>ροῦ</strong></span> <span class='ocrx_word' id='word_1_510' title='bbox 325 4047 611 4120; x_wconf 73' lang='grc' dir='ltr'>φλυαρίαςο</span> <span class='ocrx_word' id='word_1_511' title='bbox 657 4049 846 4103; x_wconf 79' lang='grc' dir='ltr'>ἔπειτα</span> <span class='ocrx_word' id='word_1_512' title='bbox 885 4050 1099 4122; x_wconf 79' lang='grc' dir='ltr'>δηχθεὶς</span> <span class='ocrx_word' id='word_1_513' title='bbox 1126 4052 1222 4122; x_wconf 84' lang='grc' dir='ltr'>τὴν</span> <span class='ocrx_word' id='word_1_514' title='bbox 1252 4052 1498 4124; x_wconf 85' lang='grc' dir='ltr'>καρδίαν,</span> <span class='ocrx_word' id='word_1_515' title='bbox 1545 4051 1768 4124; x_wconf 79' lang='grc' dir='ltr'>ὕστερον</span> 
     </span>
    </p>
   </div>
   <div class='ocr_carea' id='block_1_74' title="bbox 196 4138 1766 4215">
    <p class='ocr_par' dir='ltr' id='par_1_74' title="bbox 196 4138 1766 4215">
     <span class='ocr_line' id='line_1_74' title="bbox 196 4138 1766 4215; baseline 0.005 -25"><span class='ocrx_word' id='word_1_516' title='bbox 196 4139 254 4190; x_wconf 83' lang='grc' dir='ltr'><strong>ἐν</strong></span> <span class='ocrx_word' id='word_1_517' title='bbox 287 4138 507 4202; x_wconf 85' lang='grc' dir='ltr'>πολλαῖς</span> <span class='ocrx_word' id='word_1_518' title='bbox 539 4138 798 4210; x_wconf 81' lang='grc' dir='ltr'>πράξεσιν</span> <span class='ocrx_word' id='word_1_519' title='bbox 824 4143 902 4205; x_wconf 83' lang='grc' dir='ltr'>εἰς</span> <span class='ocrx_word' id='word_1_520' title='bbox 933 4142 993 4194; x_wconf 84' lang='grc' dir='ltr'>τὸ</span> <span class='ocrx_word' id='word_1_521' title='bbox 1018 4144 1547 4215; x_wconf 85' lang='grc' dir='ltr'>ἀντικαταράσασθαι</span> <span class='ocrx_word' id='word_1_522' title='bbox 1576 4147 1672 4200; x_wconf 74' lang='grc' dir='ltr'>καὶ</span> <span class='ocrx_word' id='word_1_523' title='bbox 1704 4147 1766 4198; x_wconf 78' lang='grc' dir='ltr'><strong>συ</strong></span> 
     </span>
    </p>
   </div>
   <div class='ocr_carea' id='block_1_75' title="bbox 195 4229 1770 4306">
    <p class='ocr_par' dir='ltr' id='par_1_75' title="bbox 195 4229 1770 4306">
     <span class='ocr_line' id='line_1_75' title="bbox 195 4229 1770 4306; baseline 0.006 -25"><span class='ocrx_word' id='word_1_524' title='bbox 195 4229 500 4300; x_wconf 79' lang='grc' dir='ltr'>ὲκτραπῇς.</span> <span class='ocrx_word' id='word_1_525' title='bbox 543 4231 754 4298; x_wconf 86' lang='grc' dir='ltr'>Ἐγνων</span> <span class='ocrx_word' id='word_1_526' title='bbox 786 4232 841 4284; x_wconf 82' lang='grc' dir='ltr'>δὲ</span> <span class='ocrx_word' id='word_1_527' title='bbox 880 4232 1049 4286; x_wconf 88' lang='grc' dir='ltr'>ταῦτα</span> <span class='ocrx_word' id='word_1_528' title='bbox 1080 4233 1188 4303; x_wconf 86' lang='grc' dir='ltr'>ἐγὼ</span> <span class='ocrx_word' id='word_1_529' title='bbox 1218 4236 1451 4300; x_wconf 71' lang='grc' dir='ltr'>ἅπαντα,</span> <span class='ocrx_word' id='word_1_530' title='bbox 1486 4237 1673 4306; x_wconf 85' lang='grc' dir='ltr'>σοφίαν</span> <span class='ocrx_word' id='word_1_531' title='bbox 1706 4239 1770 4290; x_wconf 87' lang='grc' dir='ltr'><strong>ἐκ</strong></span> 
     </span>
    </p>
   </div>
   <div class='ocr_carea' id='block_1_76' title="bbox 197 4319 1767 4395">
    <p class='ocr_par' dir='ltr' id='par_1_76' title="bbox 197 4319 1767 4395">
     <span class='ocr_line' id='line_1_76' title="bbox 197 4319 1767 4395; baseline 0.006 -22"><span class='ocrx_word' id='word_1_532' title='bbox 197 4319 331 4373; x_wconf 88' lang='grc' dir='ltr'>Θεοῦ</span> <span class='ocrx_word' id='word_1_533' title='bbox 378 4320 578 4384; x_wconf 88' lang='grc' dir='ltr'>λαϐὼν,</span> <span class='ocrx_word' id='word_1_534' title='bbox 616 4323 681 4393; x_wconf 87' lang='grc' dir='ltr'>ἢν</span> <span class='ocrx_word' id='word_1_535' title='bbox 725 4323 949 4395; x_wconf 76' lang='grc' dir='ltr'>ὕστερον</span> <span class='ocrx_word' id='word_1_536' title='bbox 980 4325 1263 4380; x_wconf 87' lang='grc' dir='ltr'>ἀποϐαλὼν</span> <span class='ocrx_word' id='word_1_537' title='bbox 1284 4367 1297 4389; x_wconf 96' lang='grc'><strong>,</strong></span> <span class='ocrx_word' id='word_1_538' title='bbox 1333 4328 1516 4381; x_wconf 79' lang='grc' dir='ltr'>οὐκέτι</span> <span class='ocrx_word' id='word_1_539' title='bbox 1567 4323 1677 4391; x_wconf 77' lang='grc' dir='ltr'>οἷός</span> <span class='ocrx_word' id='word_1_540' title='bbox 1710 4347 1767 4382; x_wconf 88' lang='grc' dir='ltr'><strong>τε</strong></span> 
     </span>
    </p>
   </div>
   <div class='ocr_carea' id='block_1_77' title="bbox 197 4410 1768 4491">
    <p class='ocr_par' dir='ltr' id='par_1_77' title="bbox 197 4410 1768 4491">
     <span class='ocr_line' id='line_1_77' title="bbox 197 4410 1768 4491; baseline 0.004 -24"><span class='ocrx_word' id='word_1_541' title='bbox 197 4413 345 4482; x_wconf 68' lang='grc' dir='ltr'>ἢμην</span> <span class='ocrx_word' id='word_1_542' title='bbox 375 4413 560 4481; x_wconf 83' lang='grc' dir='ltr'>ὅμοιος</span> <span class='ocrx_word' id='word_1_543' title='bbox 604 4410 760 4469; x_wconf 78' lang='grc' dir='ltr'>εἶναι.</span> <span class='ocrx_word' id='word_1_544' title='bbox 793 4416 1000 4484; x_wconf 84' lang='grc' dir='ltr'>Ἔφυγε</span> <span class='ocrx_word' id='word_1_545' title='bbox 1043 4417 1148 4489; x_wconf 82' lang='grc' dir='ltr'><strong>γάρ</strong></span> <span class='ocrx_word' id='word_1_546' title='bbox 1196 4421 1288 4472; x_wconf 85' lang='grc' dir='ltr'><strong>ἀπ’</strong></span> <span class='ocrx_word' id='word_1_547' title='bbox 1335 4421 1465 4491; x_wconf 86' lang='grc' dir='ltr'>ἐμοῦ</span> <span class='ocrx_word' id='word_1_548' title='bbox 1502 4421 1660 4490; x_wconf 85' lang='grc' dir='ltr'>σοφία</span> <span class='ocrx_word' id='word_1_549' title='bbox 1689 4423 1768 4486; x_wconf 86' lang='grc' dir='ltr'><strong>είς</strong></span> 
     </span>
    </p>
   </div>
   <div class='ocr_carea' id='block_1_78' title="bbox 1869 3234 3434 3309">
    <p class='ocr_par' dir='ltr' id='par_1_78' title="bbox 1869 3234 3434 3309">
     <span class='ocr_line' id='line_1_78' title="bbox 1869 3234 3434 3309; baseline -0.004 -15"><span class='ocrx_word' id='word_1_550' title='bbox 1869 3240 2033 3294; x_wconf 92' lang='lat' dir='ltr'><strong>etiam</strong></span> <span class='ocrx_word' id='word_1_551' title='bbox 2089 3247 2306 3309; x_wconf 89' lang='lat' dir='ltr'><strong>propter</strong></span> <span class='ocrx_word' id='word_1_552' title='bbox 2351 3251 2470 3291; x_wconf 86' lang='lat' dir='ltr'><strong>eam</strong></span> <span class='ocrx_word' id='word_1_553' title='bbox 2517 3235 2728 3289; x_wconf 87' lang='lat' dir='ltr'><strong>insidiis</strong></span> <span class='ocrx_word' id='word_1_554' title='bbox 2762 3235 2985 3304; x_wconf 90' lang='lat' dir='ltr'><strong>petitum</strong></span> <span class='ocrx_word' id='word_1_555' title='bbox 3035 3242 3136 3288; x_wconf 90' lang='lat' dir='ltr'><strong>:ct</strong></span> <span class='ocrx_word' id='word_1_556' title='bbox 3169 3234 3434 3301; x_wconf 89' lang='lat' dir='ltr'><strong>injustum</strong></span> 
     </span>
    </p>
   </div>
   <div class='ocr_carea' id='block_1_79' title="bbox 1871 3325 3436 3399">
    <p class='ocr_par' dir='ltr' id='par_1_79' title="bbox 1871 3325 3436 3399">
     <span class='ocr_line' id='line_1_79' title="bbox 1871 3325 3436 3399; baseline -0.003 -14"><span class='ocrx_word' id='word_1_557' title='bbox 1871 3331 2033 3386; x_wconf 91' lang='lat' dir='ltr'><strong>simul</strong></span> <span class='ocrx_word' id='word_1_558' title='bbox 2080 3347 2200 3385; x_wconf 93' lang='lat' dir='ltr'><strong>cum</strong></span> <span class='ocrx_word' id='word_1_559' title='bbox 2250 3330 2596 3399; x_wconf 84' lang='lat' dir='ltr'><strong>improbitate</strong></span> <span class='ocrx_word' id='word_1_560' title='bbox 2647 3343 2743 3382; x_wconf 90' lang='lat' dir='ltr'><strong>sua</strong></span> <span class='ocrx_word' id='word_1_561' title='bbox 2773 3329 3116 3382; x_wconf 88' lang='lat' dir='ltr'><strong>morientem.</strong></span> <span class='ocrx_word' id='word_1_562' title='bbox 3178 3327 3262 3380; x_wconf 87' lang='grc'><strong>17.</strong></span> <span class='ocrx_word' id='word_1_563' title='bbox 3300 3325 3436 3380; x_wconf 87' lang='lat' dir='ltr'><strong>lllud</strong></span> 
     </span>
    </p>
   </div>
   <div class='ocr_carea' id='block_1_80' title="bbox 1870 3419 3437 3492">
    <p class='ocr_par' dir='ltr' id='par_1_80' title="bbox 1870 3419 3437 3492">
     <span class='ocr_line' id='line_1_80' title="bbox 1870 3419 3437 3492; baseline -0.004 -13"><span class='ocrx_word' id='word_1_564' title='bbox 1870 3437 2048 3479; x_wconf 87' lang='lat' dir='ltr'><strong>autem</strong></span> <span class='ocrx_word' id='word_1_565' title='bbox 2081 3423 2284 3478; x_wconf 91' lang='lat' dir='ltr'><strong>homini</strong></span> <span class='ocrx_word' id='word_1_566' title='bbox 2312 3423 2517 3492; x_wconf 87' lang='lat' dir='ltr'><strong>justitia</strong></span> <span class='ocrx_word' id='word_1_567' title='bbox 2547 3423 2770 3491; x_wconf 63' lang='lat' dir='ltr'><strong>praedito</strong></span> <span class='ocrx_word' id='word_1_568' title='bbox 2800 3419 3086 3476; x_wconf 90' lang='lat' dir='ltr'><strong>videndum</strong></span> <span class='ocrx_word' id='word_1_569' title='bbox 3117 3429 3220 3483; x_wconf 89' lang='lat' dir='ltr'><strong>est,</strong></span> <span class='ocrx_word' id='word_1_570' title='bbox 3245 3436 3311 3473; x_wconf 90' lang='lat' dir='ltr'><strong>ne</strong></span> <span class='ocrx_word' id='word_1_571' title='bbox 3339 3420 3437 3473; x_wconf 83' lang='lat' dir='ltr'><strong>ad-</strong></span> 
     </span>
    </p>
   </div>
   <div class='ocr_carea' id='block_1_81' title="bbox 1869 3511 3433 3582">
    <p class='ocr_par' dir='ltr' id='par_1_81' title="bbox 1869 3511 3433 3582">
     <span class='ocr_line' id='line_1_81' title="bbox 1869 3511 3433 3582; baseline -0.004 -10"><span class='ocrx_word' id='word_1_572' title='bbox 1869 3518 2092 3572; x_wconf 89' lang='lat' dir='ltr'><strong>modum</strong></span> <span class='ocrx_word' id='word_1_573' title='bbox 2136 3516 2260 3570; x_wconf 78' lang='lat' dir='ltr'><strong>talis</strong></span> <span class='ocrx_word' id='word_1_574' title='bbox 2300 3529 2419 3569; x_wconf 91' lang='lat' dir='ltr'><strong>esse</strong></span> <span class='ocrx_word' id='word_1_575' title='bbox 2451 3513 2720 3575; x_wconf 83' lang='lat' dir='ltr'><strong>videatur,</strong></span> <span class='ocrx_word' id='word_1_576' title='bbox 2769 3527 2868 3567; x_wconf 91' lang='lat' dir='ltr'><strong>nec</strong></span> <span class='ocrx_word' id='word_1_577' title='bbox 2899 3528 3062 3582; x_wconf 86' lang='lat' dir='ltr'><strong>supra</strong></span> <span class='ocrx_word' id='word_1_578' title='bbox 3093 3511 3313 3566; x_wconf 90' lang='lat' dir='ltr'><strong>modum</strong></span> <span class='ocrx_word' id='word_1_579' title='bbox 3342 3527 3433 3566; x_wconf 85' lang='lat' dir='ltr'><strong>sa-</strong></span> 
     </span>
    </p>
   </div>
   <div class='ocr_carea' id='block_1_82' title="bbox 1869 3603 3437 3678">
    <p class='ocr_par' dir='ltr' id='par_1_82' title="bbox 1869 3603 3437 3678">
     <span class='ocr_line' id='line_1_82' title="bbox 1869 3603 3437 3678; baseline -0.003 -17"><span class='ocrx_word' id='word_1_580' title='bbox 1869 3611 2059 3678; x_wconf 86' lang='lat' dir='ltr'><strong>piens;</strong></span> <span class='ocrx_word' id='word_1_581' title='bbox 2115 3623 2179 3661; x_wconf 92' lang='lat' dir='ltr'><strong>ne</strong></span> <span class='ocrx_word' id='word_1_582' title='bbox 2216 3605 2261 3660; x_wconf 91' lang='lat' dir='ltr'><strong>si</strong></span> <span class='ocrx_word' id='word_1_583' title='bbox 2303 3620 2411 3674; x_wconf 91' lang='lat' dir='ltr'><strong>qua</strong></span> <span class='ocrx_word' id='word_1_584' title='bbox 2448 3605 2499 3658; x_wconf 93' lang='lat' dir='ltr'><strong>in</strong></span> <span class='ocrx_word' id='word_1_585' title='bbox 2532 3620 2590 3657; x_wconf 89' lang='lat' dir='ltr'><strong>re</strong></span> <span class='ocrx_word' id='word_1_586' title='bbox 2615 3603 2931 3666; x_wconf 76' lang='lat' dir='ltr'><strong>offenderit,</strong></span> <span class='ocrx_word' id='word_1_587' title='bbox 2981 3605 3166 3657; x_wconf 89' lang='lat' dir='ltr'><strong>multis</strong></span> <span class='ocrx_word' id='word_1_588' title='bbox 3192 3603 3437 3671; x_wconf 85' lang='lat' dir='ltr'><strong>partibus</strong></span> 
     </span>
    </p>
   </div>
   <div class='ocr_carea' id='block_1_83' title="bbox 1869 3692 3437 3765">
    <p class='ocr_par' dir='ltr' id='par_1_83' title="bbox 1869 3692 3437 3765">
     <span class='ocr_line' id='line_1_83' title="bbox 1869 3692 3437 3765; baseline -0.003 -14"><span class='ocrx_word' id='word_1_589' title='bbox 1869 3696 2143 3765; x_wconf 85' lang='lat' dir='ltr'><strong>copiosius</strong></span> <span class='ocrx_word' id='word_1_590' title='bbox 2173 3702 2378 3761; x_wconf 90' lang='lat' dir='ltr'><strong>peccet.</strong></span> <span class='ocrx_word' id='word_1_591' title='bbox 2431 3692 2517 3746; x_wconf 90' lang='grc'><strong>18.</strong></span> <span class='ocrx_word' id='word_1_592' title='bbox 2551 3692 2682 3746; x_wconf 85' lang='lat' dir='ltr'><strong>illud</strong></span> <span class='ocrx_word' id='word_1_593' title='bbox 2707 3692 2868 3746; x_wconf 89' lang='lat' dir='ltr'><strong>etiam</strong></span> <span class='ocrx_word' id='word_1_594' title='bbox 2899 3692 2993 3745; x_wconf 88' lang='lat' dir='ltr'><strong>tibi</strong></span> <span class='ocrx_word' id='word_1_595' title='bbox 3019 3693 3339 3754; x_wconf 85' lang='lat' dir='ltr'><strong>cavendum,</strong></span> <span class='ocrx_word' id='word_1_596' title='bbox 3369 3708 3437 3746; x_wconf 86' lang='lat' dir='ltr'><strong>ne</strong></span> 
     </span>
    </p>
   </div>
   <div class='ocr_carea' id='block_1_84' title="bbox 1869 3784 3436 3853">
    <p class='ocr_par' dir='ltr' id='par_1_84' title="bbox 1869 3784 3436 3853">
     <span class='ocr_line' id='line_1_84' title="bbox 1869 3784 3436 3853; baseline -0.001 -12"><span class='ocrx_word' id='word_1_597' title='bbox 1869 3787 2046 3841; x_wconf 77' lang='lat' dir='ltr'><strong>audax</strong></span> <span class='ocrx_word' id='word_1_598' title='bbox 2075 3794 2128 3838; x_wconf 89' lang='lat' dir='ltr'><strong>et</strong></span> <span class='ocrx_word' id='word_1_599' title='bbox 2153 3785 2473 3839; x_wconf 89' lang='lat' dir='ltr'><strong>temerarius</strong></span> <span class='ocrx_word' id='word_1_600' title='bbox 2505 3784 2615 3850; x_wconf 87' lang='lat' dir='ltr'><strong>sis;</strong></span> <span class='ocrx_word' id='word_1_601' title='bbox 2651 3799 2718 3837; x_wconf 91' lang='lat' dir='ltr'><strong>ne</strong></span> <span class='ocrx_word' id='word_1_602' title='bbox 2750 3784 2950 3852; x_wconf 87' lang='lat' dir='ltr'><strong>alioqui</strong></span> <span class='ocrx_word' id='word_1_603' title='bbox 2981 3792 3030 3836; x_wconf 90' lang='lat' dir='ltr'><strong>te</strong></span> <span class='ocrx_word' id='word_1_604' title='bbox 3059 3784 3436 3853; x_wconf 88' lang='lat' dir='ltr'><strong>intempestiva</strong></span> 
     </span>
    </p>
   </div>
   <div class='ocr_carea' id='block_1_85' title="bbox 1867 3875 3436 3949">
    <p class='ocr_par' dir='ltr' id='par_1_85' title="bbox 1867 3875 3436 3949">
     <span class='ocr_line' id='line_1_85' title="bbox 1867 3875 3436 3949; baseline -0.003 -15"><span class='ocrx_word' id='word_1_605' title='bbox 1867 3889 1920 3934; x_wconf 91' lang='lat' dir='ltr'><strong>et</strong></span> <span class='ocrx_word' id='word_1_606' title='bbox 1947 3888 2271 3949; x_wconf 71' lang='lat' dir='ltr'><strong>prmmntura</strong></span> <span class='ocrx_word' id='word_1_607' title='bbox 2324 3891 2470 3931; x_wconf 90' lang='lat' dir='ltr'><strong>mors</strong></span> <span class='ocrx_word' id='word_1_608' title='bbox 2497 3876 2748 3945; x_wconf 87' lang='lat' dir='ltr'><strong>abripiat.</strong></span> <span class='ocrx_word' id='word_1_609' title='bbox 2813 3876 2897 3930; x_wconf 83' lang='lat' dir='ltr'><strong>l9.</strong></span> <span class='ocrx_word' id='word_1_610' title='bbox 2928 3875 3220 3930; x_wconf 73' lang='lat' dir='ltr'><strong>Maximum</strong></span> <span class='ocrx_word' id='word_1_611' title='bbox 3253 3885 3436 3930; x_wconf 86' lang='lat' dir='ltr'><strong>autem</strong></span> 
     </span>
    </p>
   </div>
   <div class='ocr_carea' id='block_1_86' title="bbox 1870 3967 3436 4038">
    <p class='ocr_par' dir='ltr' id='par_1_86' title="bbox 1870 3967 3436 4038">
     <span class='ocr_line' id='line_1_86' title="bbox 1870 3967 3436 4038; baseline -0.002 -14"><span class='ocrx_word' id='word_1_612' title='bbox 1870 3971 2098 4035; x_wconf 89' lang='lat' dir='ltr'><strong>bonum,</strong></span> <span class='ocrx_word' id='word_1_613' title='bbox 2129 3969 2296 4023; x_wconf 87' lang='lat' dir='ltr'><strong>Deum</strong></span> <span class='ocrx_word' id='word_1_614' title='bbox 2327 3968 2611 4038; x_wconf 85' lang='lat' dir='ltr'><strong>complecti</strong></span> <span class='ocrx_word' id='word_1_615' title='bbox 2641 3976 2691 4022; x_wconf 89' lang='lat' dir='ltr'><strong>et</strong></span> <span class='ocrx_word' id='word_1_616' title='bbox 2719 3967 3156 4037; x_wconf 88' lang='lat' dir='ltr'><strong>apprehendere;</strong></span> <span class='ocrx_word' id='word_1_617' title='bbox 3189 3976 3350 4037; x_wconf 89' lang='lat' dir='ltr'><strong>atque</strong></span> <span class='ocrx_word' id='word_1_618' title='bbox 3380 3968 3436 4021; x_wconf 90' lang='lat' dir='ltr'><strong>in</strong></span> 
     </span>
    </p>
   </div>
   <div class='ocr_carea' id='block_1_87' title="bbox 1868 4057 3437 4127">
    <p class='ocr_par' dir='ltr' id='par_1_87' title="bbox 1868 4057 3437 4127">
     <span class='ocr_line' id='line_1_87' title="bbox 1868 4057 3437 4127; baseline -0.002 -12"><span class='ocrx_word' id='word_1_619' title='bbox 1868 4075 1934 4115; x_wconf 89' lang='lat' dir='ltr'><strong>eo</strong></span> <span class='ocrx_word' id='word_1_620' title='bbox 1965 4069 2297 4122; x_wconf 88' lang='lat' dir='ltr'><strong>manentem,</strong></span> <span class='ocrx_word' id='word_1_621' title='bbox 2331 4059 2398 4112; x_wconf 87' lang='lat' dir='ltr'><strong>ab</strong></span> <span class='ocrx_word' id='word_1_622' title='bbox 2433 4058 2583 4112; x_wconf 91' lang='lat' dir='ltr'><strong>omni</strong></span> <span class='ocrx_word' id='word_1_623' title='bbox 2613 4065 2836 4127; x_wconf 90' lang='lat' dir='ltr'><strong>peccato</strong></span> <span class='ocrx_word' id='word_1_624' title='bbox 2865 4057 3157 4111; x_wconf 88' lang='lat' dir='ltr'><strong>abstinere.</strong></span> <span class='ocrx_word' id='word_1_625' title='bbox 3195 4058 3302 4111; x_wconf 81' lang='lat' dir='ltr'><strong>Res</strong></span> <span class='ocrx_word' id='word_1_626' title='bbox 3324 4071 3437 4112; x_wconf 80' lang='lat' dir='ltr'><strong>ete-</strong></span> 
     </span>
    </p>
   </div>
   <div class='ocr_carea' id='block_1_88' title="bbox 1868 4149 3433 4218">
    <p class='ocr_par' dir='ltr' id='par_1_88' title="bbox 1868 4149 3433 4218">
     <span class='ocr_line' id='line_1_88' title="bbox 1868 4149 3433 4218; baseline -0.001 -14"><span class='ocrx_word' id='word_1_627' title='bbox 1868 4151 1979 4205; x_wconf 91' lang='lat' dir='ltr'><strong>nim</strong></span> <span class='ocrx_word' id='word_1_628' title='bbox 2012 4150 2238 4204; x_wconf 63' lang='lat' dir='ltr'><strong>macula:</strong></span> <span class='ocrx_word' id='word_1_629' title='bbox 2267 4149 2446 4204; x_wconf 91' lang='lat' dir='ltr'><strong>omnis</strong></span> <span class='ocrx_word' id='word_1_630' title='bbox 2473 4159 2719 4218; x_wconf 76' lang='lat' dir='ltr'><strong>expertes</strong></span> <span class='ocrx_word' id='word_1_631' title='bbox 2753 4149 2965 4218; x_wconf 89' lang='lat' dir='ltr'><strong>impura</strong></span> <span class='ocrx_word' id='word_1_632' title='bbox 3014 4164 3179 4202; x_wconf 88' lang='lat' dir='ltr'><strong>manu</strong></span> <span class='ocrx_word' id='word_1_633' title='bbox 3214 4157 3433 4203; x_wconf 86' lang='lat' dir='ltr'><strong>contre-</strong></span> 
     </span>
    </p>
   </div>
   <div class='ocr_carea' id='block_1_89' title="bbox 1870 4234 3435 4301">
    <p class='ocr_par' dir='ltr' id='par_1_89' title="bbox 1870 4234 3435 4301">
     <span class='ocr_line' id='line_1_89' title="bbox 1870 4234 3435 4301; baseline -0.001 -11"><span class='ocrx_word' id='word_1_634' title='bbox 1870 4247 2040 4301; x_wconf 90' lang='lat' dir='ltr'><strong>ctare,</strong></span> <span class='ocrx_word' id='word_1_635' title='bbox 2070 4235 2338 4290; x_wconf 81' lang='lat' dir='ltr'><strong>nefarium</strong></span> <span class='ocrx_word' id='word_1_636' title='bbox 2367 4245 2419 4290; x_wconf 94' lang='lat' dir='ltr'><strong>et</strong></span> <span class='ocrx_word' id='word_1_637' title='bbox 2445 4236 2777 4290; x_wconf 87' lang='lat' dir='ltr'><strong>exsecrabile</strong></span> <span class='ocrx_word' id='word_1_638' title='bbox 2805 4243 2907 4290; x_wconf 89' lang='lat' dir='ltr'><strong>est.</strong></span> <span class='ocrx_word' id='word_1_639' title='bbox 2963 4234 3067 4300; x_wconf 87' lang='lat' dir='ltr'><strong>Qui</strong></span> <span class='ocrx_word' id='word_1_640' title='bbox 3098 4243 3277 4289; x_wconf 89' lang='lat' dir='ltr'><strong>autem</strong></span> <span class='ocrx_word' id='word_1_641' title='bbox 3307 4251 3435 4290; x_wconf 91' lang='lat' dir='ltr'><strong>cum</strong></span> 
     </span>
    </p>
   </div>
   <div class='ocr_carea' id='block_1_90' title="bbox 1871 4326 3437 4396">
    <p class='ocr_par' dir='ltr' id='par_1_90' title="bbox 1871 4326 3437 4396">
     <span class='ocr_line' id='line_1_90' title="bbox 1871 4326 3437 4396; baseline 0.001 -16"><span class='ocrx_word' id='word_1_642' title='bbox 1871 4327 1963 4382; x_wconf 91' lang='lat' dir='ltr'><strong>Dei</strong></span> <span class='ocrx_word' id='word_1_643' title='bbox 2005 4329 2196 4382; x_wconf 91' lang='lat' dir='ltr'><strong>timore</strong></span> <span class='ocrx_word' id='word_1_644' title='bbox 2240 4327 2401 4390; x_wconf 87' lang='lat' dir='ltr'><strong>cedit,</strong></span> <span class='ocrx_word' id='word_1_645' title='bbox 2441 4343 2606 4396; x_wconf 81' lang='lat' dir='ltr'><strong>seque</strong></span> <span class='ocrx_word' id='word_1_646' title='bbox 2641 4326 2932 4385; x_wconf 84' lang='lat' dir='ltr'><strong>submittit.</strong></span> <span class='ocrx_word' id='word_1_647' title='bbox 2985 4326 3211 4380; x_wconf 84' lang='lat' dir='ltr'><strong>adversa</strong></span> <span class='ocrx_word' id='word_1_648' title='bbox 3251 4327 3437 4382; x_wconf 84' lang='lat' dir='ltr'><strong>omnia</strong></span> 
     </span>
    </p>
   </div>
   <div class='ocr_carea' id='block_1_91' title="bbox 1871 4419 3433 4491">
    <p class='ocr_par' dir='ltr' id='par_1_91' title="bbox 1871 4419 3433 4491">
     <span class='ocr_line' id='line_1_91' title="bbox 1871 4419 3433 4491; baseline -0.001 -17"><span class='ocrx_word' id='word_1_649' title='bbox 1871 4419 2078 4491; x_wconf 68' lang='lat' dir='ltr'><strong>effugit.</strong></span> <span class='ocrx_word' id='word_1_650' title='bbox 2117 4421 2208 4475; x_wconf 68' lang='grc' dir='ltr'>(ὲο.</span> <span class='ocrx_word' id='word_1_651' title='bbox 2241 4419 2517 4490; x_wconf 88' lang='lat' dir='ltr'><strong>Sapientia</strong></span> <span class='ocrx_word' id='word_1_652' title='bbox 2543 4420 2730 4472; x_wconf 74' lang='lat' dir='ltr'><strong>auxilii</strong></span> <span class='ocrx_word' id='word_1_653' title='bbox 2761 4420 2812 4472; x_wconf 93' lang='lat' dir='ltr'><strong>in</strong></span> <span class='ocrx_word' id='word_1_654' title='bbox 2837 4419 3053 4473; x_wconf 85' lang='lat' dir='ltr'><strong>civitate</strong></span> <span class='ocrx_word' id='word_1_655' title='bbox 3079 4420 3201 4490; x_wconf 86' lang='lat' dir='ltr'><strong>plus</strong></span> <span class='ocrx_word' id='word_1_656' title='bbox 3234 4429 3433 4489; x_wconf 90' lang='lat' dir='ltr'><strong>potest,</strong></span> 
     </span>
    </p>
   </div>
   <div class='ocr_carea' id='block_1_92' title="bbox 200 4491 1762 4583">
    <p class='ocr_par' dir='ltr' id='par_1_92' title="bbox 200 4502 1762 4583">
     <span class='ocr_line' id='line_1_92' title="bbox 200 4502 1762 4583; baseline 0.008 -30"><span class='ocrx_word' id='word_1_657' title='bbox 200 4502 375 4570; x_wconf 75' lang='grc' dir='ltr'>μῆκος</span> <span class='ocrx_word' id='word_1_658' title='bbox 423 4503 667 4574; x_wconf 81' lang='grc' dir='ltr'>ἄπειρον,</span> <span class='ocrx_word' id='word_1_659' title='bbox 721 4506 814 4557; x_wconf 73' lang='grc' dir='ltr'>καὶ</span> <span class='ocrx_word' id='word_1_660' title='bbox 858 4507 938 4569; x_wconf 91' lang='grc' dir='ltr'><strong>είς</strong></span> <span class='ocrx_word' id='word_1_661' title='bbox 979 4506 1140 4576; x_wconf 86' lang='grc' dir='ltr'>βάθος</span> <span class='ocrx_word' id='word_1_662' title='bbox 1185 4509 1522 4581; x_wconf 82' lang='grc' dir='ltr'>ἀμέτρητον,</span> <span class='ocrx_word' id='word_1_663' title='bbox 1569 4513 1643 4576; x_wconf 83' lang='grc' dir='ltr'>ὡς</span> <span class='ocrx_word' id='word_1_664' title='bbox 1692 4512 1762 4583; x_wconf 87' lang='grc' dir='ltr'>μὴ</span> 
     </span>
    </p>
   </div>
   <div class='ocr_carea' id='block_1_93' title="bbox 1868 4491 3434 4583">
    <p class='ocr_par' dir='ltr' id='par_1_93' title="bbox 1870 4511 3434 4583">
     <span class='ocr_line' id='line_1_93' title="bbox 1870 4511 3434 4583; baseline 0.001 -18"><span class='ocrx_word' id='word_1_665' title='bbox 1870 4529 2033 4583; x_wconf 92' lang='lat' dir='ltr'><strong>quam</strong></span> <span class='ocrx_word' id='word_1_666' title='bbox 2061 4513 2558 4582; x_wconf 88' lang='lat' dir='ltr'><strong>potentissimorum</strong></span> <span class='ocrx_word' id='word_1_667' title='bbox 2590 4511 2871 4564; x_wconf 90' lang='lat' dir='ltr'><strong>hominum</strong></span> <span class='ocrx_word' id='word_1_668' title='bbox 2897 4512 3077 4578; x_wconf 85' lang='lat' dir='ltr'><strong>acies;</strong></span> <span class='ocrx_word' id='word_1_669' title='bbox 3121 4528 3242 4581; x_wconf 78' lang='lat' dir='ltr'><strong>qua:</strong></span> <span class='ocrx_word' id='word_1_670' title='bbox 3269 4513 3434 4567; x_wconf 89' lang='lat' dir='ltr'><strong>etiam</strong></span> 
     </span>
    </p>
   </div>
   <div class='ocr_carea' id='block_1_94' title="bbox 198 4589 1763 4675">
    <p class='ocr_par' dir='ltr' id='par_1_94' title="bbox 198 4589 1763 4675">
     <span class='ocr_line' id='line_1_94' title="bbox 198 4589 1763 4675; baseline 0.009 -31"><span class='ocrx_word' id='word_1_671' title='bbox 198 4589 333 4646; x_wconf 77' lang='grc' dir='ltr'>εἶναι</span> <span class='ocrx_word' id='word_1_672' title='bbox 365 4595 537 4664; x_wconf 77' lang='grc' dir='ltr'>αὐτῆς</span> <span class='ocrx_word' id='word_1_673' title='bbox 565 4595 819 4651; x_wconf 82' lang='grc' dir='ltr'>λαϐέσθαι</span> <span class='ocrx_word' id='word_1_674' title='bbox 851 4601 1064 4670; x_wconf 79' lang='grc' dir='ltr'>μηκέτι.</span> <span class='ocrx_word' id='word_1_675' title='bbox 1099 4601 1259 4654; x_wconf 83' lang='grc' dir='ltr'>Ὥστε</span> <span class='ocrx_word' id='word_1_676' title='bbox 1295 4602 1516 4675; x_wconf 77' lang='grc' dir='ltr'>ὕστερον</span> <span class='ocrx_word' id='word_1_677' title='bbox 1548 4605 1641 4657; x_wconf 70' lang='grc' dir='ltr'>καὶ</span> <span class='ocrx_word' id='word_1_678' title='bbox 1671 4605 1763 4658; x_wconf 86' lang='grc' dir='ltr'><strong>τοῦ</strong></span> 
     </span>
    </p>
   </div>
   <div class='ocr_carea' id='block_1_95' title="bbox 198 4683 1764 4766">
    <p class='ocr_par' dir='ltr' id='par_1_95' title="bbox 198 4683 1764 4766">
     <span class='ocr_line' id='line_1_95' title="bbox 198 4683 1764 4766; baseline 0.009 -30"><span class='ocrx_word' id='word_1_679' title='bbox 198 4683 474 4755; x_wconf 79' lang='grc' dir='ltr'>ἐπιζητεῖν</span> <span class='ocrx_word' id='word_1_680' title='bbox 510 4688 698 4759; x_wconf 75' lang='grc' dir='ltr'>αὐτὴν,</span> <span class='ocrx_word' id='word_1_681' title='bbox 741 4689 941 4742; x_wconf 86' lang='grc' dir='ltr'>τέλειον</span> <span class='ocrx_word' id='word_1_682' title='bbox 970 4691 1079 4763; x_wconf 82' lang='grc'>(17)</span> <span class='ocrx_word' id='word_1_683' title='bbox 1124 4693 1460 4766; x_wconf 84' lang='grc' dir='ltr'>ἀπεσχόμην·</span> <span class='ocrx_word' id='word_1_684' title='bbox 1511 4696 1604 4749; x_wconf 79' lang='grc' dir='ltr'>καὶ</span> <span class='ocrx_word' id='word_1_685' title='bbox 1643 4696 1764 4750; x_wconf 76' lang='grc' dir='ltr'>οὔτε</span> 
     </span>
    </p>
   </div>
   <div class='ocr_carea' id='block_1_96' title="bbox 196 4776 1766 4851">
    <p class='ocr_par' dir='ltr' id='par_1_96' title="bbox 196 4776 1766 4851">
     <span class='ocr_line' id='line_1_96' title="bbox 196 4776 1766 4851; baseline 0.008 -24"><span class='ocrx_word' id='word_1_686' title='bbox 196 4776 576 4851; x_wconf 83' lang='grc' dir='ltr'>ἐνεθυμούμην</span> <span class='ocrx_word' id='word_1_687' title='bbox 629 4780 707 4832; x_wconf 77' lang='grc' dir='ltr'>ἔτι</span> <span class='ocrx_word' id='word_1_688' title='bbox 757 4781 848 4834; x_wconf 87' lang='grc' dir='ltr'><strong>τοῦ</strong></span> <span class='ocrx_word' id='word_1_689' title='bbox 905 4785 1185 4836; x_wconf 85' lang='grc' dir='ltr'>κατανοεῖν</span> <span class='ocrx_word' id='word_1_690' title='bbox 1242 4783 1340 4848; x_wconf 87' lang='grc' dir='ltr'><strong>τάς</strong></span> <span class='ocrx_word' id='word_1_691' title='bbox 1396 4784 1504 4837; x_wconf 88' lang='grc' dir='ltr'><strong>τῶν</strong></span> <span class='ocrx_word' id='word_1_692' title='bbox 1557 4786 1766 4841; x_wconf 88' lang='grc' dir='ltr'>ἀσεϐῶν</span> 
     </span>
    </p>
   </div>
   <div class='ocr_carea' id='block_1_97' title="bbox 197 4869 1762 4949">
    <p class='ocr_par' dir='ltr' id='par_1_97' title="bbox 197 4869 1762 4949">
     <span class='ocr_line' id='line_1_97' title="bbox 197 4869 1762 4949; baseline 0.008 -30"><span class='ocrx_word' id='word_1_693' title='bbox 197 4869 509 4942; x_wconf 80' lang='grc' dir='ltr'>ἀφροσύνας</span> <span class='ocrx_word' id='word_1_694' title='bbox 542 4873 635 4924; x_wconf 74' lang='grc' dir='ltr'>καὶ</span> <span class='ocrx_word' id='word_1_695' title='bbox 688 4871 881 4943; x_wconf 77' lang='grc' dir='ltr'>βουλὰς</span> <span class='ocrx_word' id='word_1_696' title='bbox 936 4876 1199 4945; x_wconf 82' lang='grc' dir='ltr'>ματαίας,</span> <span class='ocrx_word' id='word_1_697' title='bbox 1245 4878 1337 4929; x_wconf 73' lang='grc' dir='ltr'>καὶ</span> <span class='ocrx_word' id='word_1_698' title='bbox 1375 4876 1602 4930; x_wconf 88' lang='grc' dir='ltr'>ἀλύοντα</span> <span class='ocrx_word' id='word_1_699' title='bbox 1632 4878 1762 4949; x_wconf 83' lang='grc' dir='ltr'>βίον.</span> 
     </span>
    </p>
   </div>
   <div class='ocr_carea' id='block_1_98' title="bbox 195 4958 1767 5040">
    <p class='ocr_par' dir='ltr' id='par_1_98' title="bbox 195 4958 1767 5040">
     <span class='ocr_line' id='line_1_98' title="bbox 195 4958 1767 5040; baseline 0.008 -30"><span class='ocrx_word' id='word_1_700' title='bbox 195 4958 354 5012; x_wconf 75' lang='grc' dir='ltr'>Οὕτω</span> <span class='ocrx_word' id='word_1_701' title='bbox 397 4960 453 5013; x_wconf 89' lang='grc' dir='ltr'><strong>δέ</strong></span> <span class='ocrx_word' id='word_1_702' title='bbox 486 4961 846 5032; x_wconf 85' lang='grc' dir='ltr'>διακείμενος,</span> <span class='ocrx_word' id='word_1_703' title='bbox 891 4969 970 5029; x_wconf 85' lang='grc' dir='ltr'><strong>είς</strong></span> <span class='ocrx_word' id='word_1_704' title='bbox 1015 4966 1152 5019; x_wconf 83' lang='grc' dir='ltr'><strong>αύτά</strong></span> <span class='ocrx_word' id='word_1_705' title='bbox 1196 4967 1479 5040; x_wconf 87' lang='grc' dir='ltr'>διηνέχθην</span> <span class='ocrx_word' id='word_1_706' title='bbox 1510 4969 1640 5040; x_wconf 91' lang='grc'>(18),</span> <span class='ocrx_word' id='word_1_707' title='bbox 1673 4971 1767 5023; x_wconf 69' lang='grc' dir='ltr'>καὶ</span> 
     </span>
    </p>
   </div>
   <div class='ocr_carea' id='block_1_99' title="bbox 193 5049 1764 5128">
    <p class='ocr_par' dir='ltr' id='par_1_99' title="bbox 193 5049 1764 5128">
     <span class='ocr_line' id='line_1_99' title="bbox 193 5049 1764 5128; baseline 0.008 -28"><span class='ocrx_word' id='word_1_708' title='bbox 193 5049 462 5121; x_wconf 80' lang='grc' dir='ltr'>ἐπιθυμίᾳ</span> <span class='ocrx_word' id='word_1_709' title='bbox 490 5054 767 5124; x_wconf 72' lang='grc' dir='ltr'>συσχεθεὶς</span> <span class='ocrx_word' id='word_1_710' title='bbox 796 5054 1170 5128; x_wconf 83' lang='grc' dir='ltr'>θανατηφόρῳ,</span> <span class='ocrx_word' id='word_1_711' title='bbox 1193 5056 1362 5124; x_wconf 84' lang='grc' dir='ltr'>ἔγνων</span> <span class='ocrx_word' id='word_1_712' title='bbox 1391 5057 1486 5128; x_wconf 76' lang='grc' dir='ltr'>τὴν</span> <span class='ocrx_word' id='word_1_713' title='bbox 1511 5061 1764 5126; x_wconf 85' lang='grc' dir='ltr'>γυναῖκα,</span> 
     </span>
    </p>
   </div>
   <div class='ocr_carea' id='block_1_100' title="bbox 192 5136 1763 5219">
    <p class='ocr_par' dir='ltr' id='par_1_100' title="bbox 192 5136 1763 5219">
     <span class='ocr_line' id='line_1_100' title="bbox 192 5136 1763 5219; baseline 0.01 -31"><span class='ocrx_word' id='word_1_714' title='bbox 192 5136 297 5206; x_wconf 82' lang='grc' dir='ltr'>γῆν</span> <span class='ocrx_word' id='word_1_715' title='bbox 324 5156 448 5192; x_wconf 87' lang='grc' dir='ltr'>τινα</span> <span class='ocrx_word' id='word_1_716' title='bbox 483 5141 613 5211; x_wconf 86' lang='grc'>(19),</span> <span class='ocrx_word' id='word_1_717' title='bbox 651 5143 684 5213; x_wconf 78' lang='grc' dir='ltr'>ἢ</span> <span class='ocrx_word' id='word_1_718' title='bbox 728 5145 780 5196; x_wconf 75' lang='grc' dir='ltr'>εἴ</span> <span class='ocrx_word' id='word_1_719' title='bbox 804 5161 855 5198; x_wconf 88' lang='grc' dir='ltr'><strong>τι</strong></span> <span class='ocrx_word' id='word_1_720' title='bbox 895 5145 1079 5216; x_wconf 70' lang='grc' dir='ltr'>ἕτερον</span> <span class='ocrx_word' id='word_1_721' title='bbox 1111 5145 1346 5199; x_wconf 88' lang='grc' dir='ltr'>τοιοῦτον</span> <span class='ocrx_word' id='word_1_722' title='bbox 1394 5147 1763 5219; x_wconf 83' lang='grc' dir='ltr'>ὑπάρχουσαν.</span> 
     </span>
    </p>
   </div>
   <div class='ocr_carea' id='block_1_101' title="bbox 1872 4600 3436 4674">
    <p class='ocr_par' dir='ltr' id='par_1_101' title="bbox 1872 4600 3436 4674">
     <span class='ocr_line' id='line_1_101' title="bbox 1872 4600 3436 4674; baseline -0.001 -17"><span class='ocrx_word' id='word_1_723' title='bbox 1872 4604 2192 4674; x_wconf 86' lang='lat' dir='ltr'><strong>plerumque</strong></span> <span class='ocrx_word' id='word_1_724' title='bbox 2227 4603 2314 4668; x_wconf 90' lang='lat' dir='ltr'><strong>iis,</strong></span> <span class='ocrx_word' id='word_1_725' title='bbox 2343 4602 2435 4670; x_wconf 91' lang='lat' dir='ltr'><strong>qui</strong></span> <span class='ocrx_word' id='word_1_726' title='bbox 2467 4601 2534 4655; x_wconf 89' lang='lat' dir='ltr'><strong>ab</strong></span> <span class='ocrx_word' id='word_1_727' title='bbox 2561 4600 2736 4654; x_wconf 81' lang='lat' dir='ltr'><strong>oiiicio</strong></span> <span class='ocrx_word' id='word_1_728' title='bbox 2759 4602 3098 4664; x_wconf 86' lang='lat' dir='ltr'><strong>aberrarunt,</strong></span> <span class='ocrx_word' id='word_1_729' title='bbox 3119 4601 3436 4671; x_wconf 72' lang='lat' dir='ltr'><strong>justeigno-</strong></span> 
     </span>
    </p>
   </div>
   <div class='ocr_carea' id='block_1_102' title="bbox 1873 4691 3436 4762">
    <p class='ocr_par' dir='ltr' id='par_1_102' title="bbox 1873 4691 3436 4762">
     <span class='ocr_line' id='line_1_102' title="bbox 1873 4691 3436 4762; baseline -0.001 -12"><span class='ocrx_word' id='word_1_730' title='bbox 1873 4696 1994 4750; x_wconf 88' lang='lat' dir='ltr'><strong>scit.</strong></span> <span class='ocrx_word' id='word_1_731' title='bbox 2057 4694 2146 4746; x_wconf 63' lang='lat' dir='ltr'><strong>il.</strong></span> <span class='ocrx_word' id='word_1_732' title='bbox 2174 4691 2344 4748; x_wconf 83' lang='lat' dir='ltr'><strong>Nemo</strong></span> <span class='ocrx_word' id='word_1_733' title='bbox 2387 4693 2533 4746; x_wconf 90' lang='lat' dir='ltr'><strong>enim</strong></span> <span class='ocrx_word' id='word_1_734' title='bbox 2563 4702 2679 4757; x_wconf 87' lang='lat' dir='ltr'><strong>est,</strong></span> <span class='ocrx_word' id='word_1_735' title='bbox 2723 4693 2815 4762; x_wconf 93' lang='lat' dir='ltr'><strong>qui</strong></span> <span class='ocrx_word' id='word_1_736' title='bbox 2853 4709 2962 4747; x_wconf 91' lang='lat' dir='ltr'><strong>non</strong></span> <span class='ocrx_word' id='word_1_737' title='bbox 2995 4694 3262 4749; x_wconf 89' lang='lat' dir='ltr'><strong>interdum</strong></span> <span class='ocrx_word' id='word_1_738' title='bbox 3289 4695 3436 4749; x_wconf 86' lang='lat' dir='ltr'><strong>laba-</strong></span> 
     </span>
    </p>
   </div>
   <div class='ocr_carea' id='block_1_103' title="bbox 1873 4783 3436 4854">
    <p class='ocr_par' dir='ltr' id='par_1_103' title="bbox 1873 4783 3436 4854">
     <span class='ocr_line' id='line_1_103' title="bbox 1873 4783 3436 4854; baseline -0.001 -13"><span class='ocrx_word' id='word_1_739' title='bbox 1873 4797 1960 4842; x_wconf 91' lang='lat' dir='ltr'><strong>tur</strong></span> <span class='ocrx_word' id='word_1_740' title='bbox 1981 4788 2024 4840; x_wconf 86' lang='lat'><strong>&#39;.</strong></span> <span class='ocrx_word' id='word_1_741' title='bbox 2084 4787 2173 4839; x_wconf 71' lang='lat'><strong>2’2.</strong></span> <span class='ocrx_word' id='word_1_742' title='bbox 2213 4783 2308 4839; x_wconf 82' lang='lat' dir='ltr'><strong>Est</strong></span> <span class='ocrx_word' id='word_1_743' title='bbox 2350 4795 2530 4840; x_wconf 88' lang='lat' dir='ltr'><strong>autem</strong></span> <span class='ocrx_word' id='word_1_744' title='bbox 2556 4785 2651 4840; x_wconf 91' lang='lat' dir='ltr'><strong>tibi</strong></span> <span class='ocrx_word' id='word_1_745' title='bbox 2680 4786 3070 4854; x_wconf 84' lang='lat' dir='ltr'><strong>providendum</strong></span> <span class='ocrx_word' id='word_1_746' title='bbox 3096 4827 3110 4851; x_wconf 94' lang='lat'><strong>,</strong></span> <span class='ocrx_word' id='word_1_747' title='bbox 3148 4802 3215 4840; x_wconf 91' lang='lat' dir='ltr'><strong>ne</strong></span> <span class='ocrx_word' id='word_1_748' title='bbox 3241 4788 3306 4840; x_wconf 91' lang='lat' dir='ltr'><strong>ad</strong></span> <span class='ocrx_word' id='word_1_749' title='bbox 3333 4789 3436 4840; x_wconf 89' lang='lat' dir='ltr'><strong>im-</strong></span> 
     </span>
    </p>
   </div>
   <div class='ocr_carea' id='block_1_104' title="bbox 1872 4877 3432 4948">
    <p class='ocr_par' dir='ltr' id='par_1_104' title="bbox 1872 4877 3432 4948">
     <span class='ocr_line' id='line_1_104' title="bbox 1872 4877 3432 4948; baseline -0.001 -15"><span class='ocrx_word' id='word_1_750' title='bbox 1872 4881 2088 4948; x_wconf 90' lang='lat' dir='ltr'><strong>piorum</strong></span> <span class='ocrx_word' id='word_1_751' title='bbox 2120 4893 2400 4932; x_wconf 91' lang='lat' dir='ltr'><strong>sermones</strong></span> <span class='ocrx_word' id='word_1_752' title='bbox 2425 4878 2534 4932; x_wconf 89' lang='lat' dir='ltr'><strong>ullo</strong></span> <span class='ocrx_word' id='word_1_753' title='bbox 2566 4878 2728 4932; x_wconf 86' lang='lat' dir='ltr'><strong>modo</strong></span> <span class='ocrx_word' id='word_1_754' title='bbox 2757 4877 3015 4942; x_wconf 91' lang='lat' dir='ltr'><strong>accedas;</strong></span> <span class='ocrx_word' id='word_1_755' title='bbox 3054 4892 3121 4931; x_wconf 92' lang='lat' dir='ltr'><strong>ne</strong></span> <span class='ocrx_word' id='word_1_756' title='bbox 3152 4879 3432 4932; x_wconf 81' lang='lat' dir='ltr'><strong>maledicta</strong></span> 
     </span>
    </p>
   </div>
   <div class='ocr_carea' id='block_1_105' title="bbox 1874 4968 3436 5040">
    <p class='ocr_par' dir='ltr' id='par_1_105' title="bbox 1874 4968 3436 5040">
     <span class='ocr_line' id='line_1_105' title="bbox 1874 4968 3436 5040; baseline 0 -16"><span class='ocrx_word' id='word_1_757' title='bbox 1874 4972 1928 5024; x_wconf 91' lang='lat' dir='ltr'><strong>in</strong></span> <span class='ocrx_word' id='word_1_758' title='bbox 1973 4979 2023 5024; x_wconf 89' lang='lat' dir='ltr'><strong>te</strong></span> <span class='ocrx_word' id='word_1_759' title='bbox 2050 4969 2196 5040; x_wconf 85' lang='lat' dir='ltr'><strong>jacta</strong></span> <span class='ocrx_word' id='word_1_760' title='bbox 2239 4971 2458 5023; x_wconf 90' lang='lat' dir='ltr'><strong>tuismet</strong></span> <span class='ocrx_word' id='word_1_761' title='bbox 2486 4968 2710 5022; x_wconf 87' lang='lat' dir='ltr'><strong>auribus</strong></span> <span class='ocrx_word' id='word_1_762' title='bbox 2745 4969 3036 5031; x_wconf 86' lang='lat' dir='ltr'><strong>hauriens,</strong></span> <span class='ocrx_word' id='word_1_763' title='bbox 3078 4970 3436 5037; x_wconf 82' lang='lat' dir='ltr'><strong>quemadmo-</strong></span> 
     </span>
    </p>
   </div>
   <div class='ocr_carea' id='block_1_106' title="bbox 1874 5058 3431 5130">
    <p class='ocr_par' dir='ltr' id='par_1_106' title="bbox 1874 5058 3431 5130">
     <span class='ocr_line' id='line_1_106' title="bbox 1874 5058 3431 5130; baseline -0.003 -15"><span class='ocrx_word' id='word_1_764' title='bbox 1874 5061 2001 5115; x_wconf 90' lang='lat' dir='ltr'><strong>dum</strong></span> <span class='ocrx_word' id='word_1_765' title='bbox 2037 5060 2266 5130; x_wconf 89' lang='lat' dir='ltr'><strong>improbi</strong></span> <span class='ocrx_word' id='word_1_766' title='bbox 2297 5059 2439 5113; x_wconf 86' lang='lat' dir='ltr'><strong>servi</strong></span> <span class='ocrx_word' id='word_1_767' title='bbox 2473 5058 2893 5128; x_wconf 88' lang='lat' dir='ltr'><strong>loquacitatem;</strong></span> <span class='ocrx_word' id='word_1_768' title='bbox 2952 5058 3042 5111; x_wconf 77' lang='lat'><strong>‘23.</strong></span> <span class='ocrx_word' id='word_1_769' title='bbox 3089 5067 3249 5127; x_wconf 88' lang='lat' dir='ltr'><strong>atque</strong></span> <span class='ocrx_word' id='word_1_770' title='bbox 3278 5073 3344 5111; x_wconf 81' lang='lat' dir='ltr'><strong>ex</strong></span> <span class='ocrx_word' id='word_1_771' title='bbox 3371 5075 3431 5111; x_wconf 81' lang='lat' dir='ltr'><strong>ea</strong></span> 
     </span>
    </p>
   </div>
   <div class='ocr_carea' id='block_1_107' title="bbox 1878 5146 3435 5216">
    <p class='ocr_par' dir='ltr' id='par_1_107' title="bbox 1878 5146 3435 5216">
     <span class='ocr_line' id='line_1_107' title="bbox 1878 5146 3435 5216; baseline -0.001 -14"><span class='ocrx_word' id='word_1_772' title='bbox 1878 5165 1937 5203; x_wconf 81' lang='lat' dir='ltr'><strong>re</strong></span> <span class='ocrx_word' id='word_1_773' title='bbox 1975 5149 2158 5202; x_wconf 89' lang='lat' dir='ltr'><strong>animo</strong></span> <span class='ocrx_word' id='word_1_774' title='bbox 2186 5162 2528 5203; x_wconf 86' lang='lat' dir='ltr'><strong>commorsus</strong></span> <span class='ocrx_word' id='word_1_775' title='bbox 2549 5186 2564 5212; x_wconf 94' lang='lat'><strong>,</strong></span> <span class='ocrx_word' id='word_1_776' title='bbox 2615 5147 2668 5200; x_wconf 91' lang='lat' dir='ltr'><strong>in</strong></span> <span class='ocrx_word' id='word_1_777' title='bbox 2701 5146 2888 5200; x_wconf 89' lang='lat' dir='ltr'><strong>multis</strong></span> <span class='ocrx_word' id='word_1_778' title='bbox 2919 5154 3104 5216; x_wconf 87' lang='lat' dir='ltr'><strong>postea</strong></span> <span class='ocrx_word' id='word_1_779' title='bbox 3129 5146 3435 5200; x_wconf 88' lang='lat' dir='ltr'><strong>actionibus</strong></span> 
     </span>
    </p>
   </div>
   <div class='ocr_carea' id='block_1_108' title="bbox 271 5231 2174 5310">
    <p class='ocr_par' dir='ltr' id='par_1_108' title="bbox 271 5231 2174 5310">
     <span class='ocr_line' id='line_1_108' title="bbox 271 5231 2174 5310; baseline 0.007 -26"><span class='ocrx_word' id='word_1_780' title='bbox 271 5233 294 5264; x_wconf 82' lang='lat'><strong>&#39;</strong></span> <span class='ocrx_word' id='word_1_781' title='bbox 327 5231 395 5286; x_wconf 91' lang='lat' dir='ltr'><strong>lll</strong></span> <span class='ocrx_word' id='word_1_782' title='bbox 423 5233 555 5304; x_wconf 74' lang='lat' dir='ltr'><strong>Reg.</strong></span> <span class='ocrx_word' id='word_1_783' title='bbox 587 5253 708 5302; x_wconf 87' lang='lat' dir='ltr'><strong>vm,</strong></span> <span class='ocrx_word' id='word_1_784' title='bbox 741 5238 843 5304; x_wconf 62' lang='lat'><strong>46;</strong></span> <span class='ocrx_word' id='word_1_785' title='bbox 879 5238 922 5292; x_wconf 91' lang='lat' dir='ltr'><strong>ll</strong></span> <span class='ocrx_word' id='word_1_786' title='bbox 954 5240 1128 5294; x_wconf 82' lang='lat' dir='ltr'><strong>Paral.</strong></span> <span class='ocrx_word' id='word_1_787' title='bbox 1158 5258 1231 5306; x_wconf 77' lang='lat' dir='ltr'><strong>vr,</strong></span> <span class='ocrx_word' id='word_1_788' title='bbox 1263 5241 1364 5307; x_wconf 79' lang='lat'><strong>56;</strong></span> <span class='ocrx_word' id='word_1_789' title='bbox 1400 5240 1561 5297; x_wconf 86' lang='lat' dir='ltr'><strong>Prov.</strong></span> <span class='ocrx_word' id='word_1_790' title='bbox 1591 5259 1682 5309; x_wconf 79' lang='lat' dir='ltr'><strong>xx,</strong></span> <span class='ocrx_word' id='word_1_791' title='bbox 1716 5244 1783 5310; x_wconf 88' lang='lat'><strong>9;</strong></span> <span class='ocrx_word' id='word_1_792' title='bbox 1816 5242 2021 5298; x_wconf 84' lang='lat' dir='ltr'><strong>lJoan.</strong></span> <span class='ocrx_word' id='word_1_793' title='bbox 2048 5260 2085 5299; x_wconf 87' lang='grc' dir='ltr'><strong>ι.</strong></span> <span class='ocrx_word' id='word_1_794' title='bbox 2119 5243 2174 5298; x_wconf 87' lang='grc'>8.</span> 
     </span>
    </p>
   </div>
   <div class='ocr_carea' id='block_1_109' title="bbox 263 5349 1756 5427">
    <p class='ocr_par' dir='ltr' id='par_1_109' title="bbox 263 5349 1756 5427">
     <span class='ocr_line' id='line_1_109' title="bbox 263 5349 1756 5427; baseline 0.004 -25"><span class='ocrx_word' id='word_1_795' title='bbox 263 5349 382 5427; x_wconf 33' lang='grc'>(1-5)</span> <span class='ocrx_word' id='word_1_796' title='bbox 418 5353 621 5427; x_wconf 56' lang='grc' dir='ltr'>Λόγων</span> <span class='ocrx_word' id='word_1_797' title='bbox 762 5351 950 5427; x_wconf 75' lang='lat' dir='ltr'><strong>Medic.</strong></span> <span class='ocrx_word' id='word_1_798' title='bbox 981 5355 1127 5414; x_wconf 80' lang='lat' dir='ltr'><strong>cod.,</strong></span> <span class='ocrx_word' id='word_1_799' title='bbox 1157 5355 1314 5423; x_wconf 87' lang='grc' dir='ltr'>λόγον</span> <span class='ocrx_word' id='word_1_800' title='bbox 1339 5355 1414 5408; x_wconf 83' lang='grc' dir='ltr'><strong>δέ.</strong></span> <span class='ocrx_word' id='word_1_801' title='bbox 1441 5357 1614 5427; x_wconf 85' lang='lat' dir='ltr'><strong>Atque</strong></span> <span class='ocrx_word' id='word_1_802' title='bbox 1653 5357 1756 5409; x_wconf 91' lang='lat' dir='ltr'><strong>hoc</strong></span> 
     </span>
    </p>
   </div>
   <div class='ocr_carea' id='block_1_110' title="bbox 193 5422 1756 5480">
    <p class='ocr_par' dir='ltr' id='par_1_110' title="bbox 193 5422 1756 5480">
     <span class='ocr_line' id='line_1_110' title="bbox 193 5422 1756 5480; baseline 0.004 -8"><span class='ocrx_word' id='word_1_803' title='bbox 193 5422 363 5472; x_wconf 89' lang='lat' dir='ltr'><strong>modo</strong></span> <span class='ocrx_word' id='word_1_804' title='bbox 408 5423 752 5475; x_wconf 82' lang='lat' dir='ltr'><strong>scribendum</strong></span> <span class='ocrx_word' id='word_1_805' title='bbox 798 5425 1138 5478; x_wconf 76' lang='lat' dir='ltr'><strong>existimasse</strong></span> <span class='ocrx_word' id='word_1_806' title='bbox 1181 5422 1431 5480; x_wconf 87' lang='lat' dir='ltr'><strong>videntur</strong></span> <span class='ocrx_word' id='word_1_807' title='bbox 1469 5422 1558 5480; x_wconf 72' lang='lat' dir='ltr'><strong>alii</strong></span> <span class='ocrx_word' id='word_1_808' title='bbox 1587 5428 1756 5479; x_wconf 90' lang='lat' dir='ltr'><strong>inter-</strong></span> 
     </span>
    </p>
   </div>
   <div class='ocr_carea' id='block_1_111' title="bbox 194 5489 1758 5566">
    <p class='ocr_par' dir='ltr' id='par_1_111' title="bbox 194 5489 1758 5566">
     <span class='ocr_line' id='line_1_111' title="bbox 194 5489 1758 5566; baseline 0.004 -25"><span class='ocrx_word' id='word_1_809' title='bbox 194 5499 398 5566; x_wconf 69' lang='lat' dir='ltr'><strong>pretes.</strong></span> <span class='ocrx_word' id='word_1_810' title='bbox 422 5489 659 5544; x_wconf 70' lang='lat' dir='ltr'><strong>Ioannes</strong></span> <span class='ocrx_word' id='word_1_811' title='bbox 695 5510 707 5544; x_wconf 92' lang='lat'><strong>:</strong></span> <span class='ocrx_word' id='word_1_812' title='bbox 735 5491 945 5566; x_wconf 77' lang='lat' dir='ltr'><strong>Sermo,</strong></span> <span class='ocrx_word' id='word_1_813' title='bbox 976 5510 1075 5546; x_wconf 83' lang='lat' dir='ltr'><strong>non</strong></span> <span class='ocrx_word' id='word_1_814' title='bbox 1123 5495 1178 5546; x_wconf 83' lang='lat' dir='ltr'><strong>in</strong></span> <span class='ocrx_word' id='word_1_815' title='bbox 1215 5497 1494 5566; x_wconf 79' lang='lat' dir='ltr'><strong>principio,</strong></span> <span class='ocrx_word' id='word_1_816' title='bbox 1525 5497 1612 5550; x_wconf 81' lang='lat' dir='ltr'><strong>sed</strong></span> <span class='ocrx_word' id='word_1_817' title='bbox 1642 5512 1758 5566; x_wconf 69' lang='lat' dir='ltr'><strong>cum</strong></span> 
     </span>
    </p>
   </div>
   <div class='ocr_carea' id='block_1_112' title="bbox 193 5562 1760 5628">
    <p class='ocr_par' dir='ltr' id='par_1_112' title="bbox 193 5562 1760 5628">
     <span class='ocr_line' id='line_1_112' title="bbox 193 5562 1760 5628; baseline 0.003 -17"><span class='ocrx_word' id='word_1_818' title='bbox 193 5562 262 5611; x_wconf 76' lang='lat' dir='ltr'><strong>ad</strong></span> <span class='ocrx_word' id='word_1_819' title='bbox 295 5563 494 5614; x_wconf 75' lang='lat' dir='ltr'><strong>calcem</strong></span> <span class='ocrx_word' id='word_1_820' title='bbox 518 5564 821 5628; x_wconf 65' lang='lat' dir='ltr'><strong>pervenerit,</strong></span> <span class='ocrx_word' id='word_1_821' title='bbox 850 5564 1149 5617; x_wconf 78' lang='lat' dir='ltr'><strong>laudandus</strong></span> <span class='ocrx_word' id='word_1_822' title='bbox 1175 5575 1270 5618; x_wconf 79' lang='lat' dir='ltr'><strong>est.</strong></span> <span class='ocrx_word' id='word_1_823' title='bbox 1300 5566 1346 5618; x_wconf 84' lang='grc' dir='ltr'>Μ</span> <span class='ocrx_word' id='word_1_824' title='bbox 1357 5562 1575 5620; x_wconf 81' lang='lat' dir='ltr'><strong>useulus</strong></span> <span class='ocrx_word' id='word_1_825' title='bbox 1601 5583 1611 5616; x_wconf 92' lang='lat'>:</span> <span class='ocrx_word' id='word_1_826' title='bbox 1640 5564 1760 5618; x_wconf 75' lang='lat' dir='ltr'><strong>Scr-</strong></span> 
     </span>
    </p>
   </div>
   <div class='ocr_carea' id='block_1_113' title="bbox 193 5631 1758 5752">
    <p class='ocr_par' dir='ltr' id='par_1_113' title="bbox 193 5631 1758 5752">
     <span class='ocr_line' id='line_1_113' title="bbox 193 5631 1758 5752; baseline 0.004 -72"><span class='ocrx_word' id='word_1_827' title='bbox 193 5631 665 5752; x_wconf 62' lang='lat' dir='ltr'><strong>mlmeleaudare</strong></span> <span class='ocrx_word' id='word_1_828' title='bbox 706 5635 971 5700; x_wconf 79' lang='lat' dir='ltr'><strong>convenit,</strong></span> <span class='ocrx_word' id='word_1_829' title='bbox 1018 5650 1122 5687; x_wconf 83' lang='lat' dir='ltr'><strong>non</strong></span> <span class='ocrx_word' id='word_1_830' title='bbox 1173 5637 1229 5687; x_wconf 82' lang='lat' dir='ltr'><strong>in</strong></span> <span class='ocrx_word' id='word_1_831' title='bbox 1277 5637 1520 5702; x_wconf 74' lang='lat' dir='ltr'><strong>exordio,</strong></span> <span class='ocrx_word' id='word_1_832' title='bbox 1569 5637 1657 5691; x_wconf 77' lang='lat' dir='ltr'><strong>sed</strong></span> <span class='ocrx_word' id='word_1_833' title='bbox 1705 5636 1758 5687; x_wconf 79' lang='lat' dir='ltr'><strong>in</strong></span> 
     </span>
     <span class='ocr_line' id='line_1_114' title="bbox 193 5713 521 5752; baseline 0 0"><span class='ocrx_word' id='word_1_834' title='bbox 193 5713 356 5752; x_wconf 63' lang='lat' dir='ltr'><strong>tace.</strong></span> <span class='ocrx_word' id='word_1_835' title='bbox 438 5716 521 5752; x_wconf 82' lang='lat' dir='ltr'><strong>uc.</strong></span> 
     </span>
    </p>
   </div>
   <div class='ocr_carea' id='block_1_114' title="bbox 189 5713 521 5755">
    <p class='ocr_par' dir='ltr' id='par_1_114' title="bbox 189 5713 521 5755">
     <span class='ocr_line' id='line_1_115' title="bbox 189 5713 521 5755; baseline 0.003 -3"><span class='ocrx_word' id='word_1_836' title='bbox 189 5713 356 5755; x_wconf 78' lang='lat' dir='ltr'><strong>calce.</strong></span> <span class='ocrx_word' id='word_1_837' title='bbox 390 5713 521 5755; x_wconf 77' lang='lat' dir='ltr'><strong>UUC.</strong></span> 
     </span>
    </p>
   </div>
   <div class='ocr_carea' id='block_1_115' title="bbox 263 5769 1756 5841">
    <p class='ocr_par' dir='ltr' id='par_1_115' title="bbox 263 5769 1756 5841">
     <span class='ocr_line' id='line_1_116' title="bbox 263 5769 1756 5841; baseline 0.003 -18"><span class='ocrx_word' id='word_1_838' title='bbox 263 5770 380 5841; x_wconf 83' lang='grc'>(16)</span> <span class='ocrx_word' id='word_1_839' title='bbox 415 5769 810 5840; x_wconf 74' lang='grc' dir='ltr'>Φανερωτέρα.</span> <span class='ocrx_word' id='word_1_840' title='bbox 860 5771 934 5828; x_wconf 85' lang='lat' dir='ltr'><strong>lta</strong></span> <span class='ocrx_word' id='word_1_841' title='bbox 983 5789 1117 5830; x_wconf 86' lang='lat' dir='ltr'><strong>sane</strong></span> <span class='ocrx_word' id='word_1_842' title='bbox 1161 5776 1282 5831; x_wconf 90' lang='lat' dir='ltr'><strong>cod.</strong></span> <span class='ocrx_word' id='word_1_843' title='bbox 1336 5776 1485 5833; x_wconf 84' lang='lat' dir='ltr'><strong>card.</strong></span> <span class='ocrx_word' id='word_1_844' title='bbox 1535 5775 1756 5830; x_wconf 81' lang='lat' dir='ltr'><strong>Lotltar.</strong></span> 
     </span>
    </p>
   </div>
   <div class='ocr_carea' id='block_1_116' title="bbox 1869 5347 3435 5426">
    <p class='ocr_par' dir='ltr' id='par_1_116' title="bbox 1869 5347 3435 5426">
     <span class='ocr_line' id='line_1_117' title="bbox 1869 5347 3435 5426; baseline -0.004 -18"><span class='ocrx_word' id='word_1_845' title='bbox 1869 5356 1972 5409; x_wconf 91' lang='lat' dir='ltr'><strong>Sed</strong></span> <span class='ocrx_word' id='word_1_846' title='bbox 2007 5347 2214 5426; x_wconf 9' lang='lat' dir='ltr'><strong>Billiusr</strong></span> <span class='ocrx_word' id='word_1_847' title='bbox 2243 5355 2534 5410; x_wconf 85' lang='lat' dir='ltr'><strong>adnotarat</strong></span> <span class='ocrx_word' id='word_1_848' title='bbox 2577 5356 2630 5409; x_wconf 92' lang='lat' dir='ltr'><strong>in</strong></span> <span class='ocrx_word' id='word_1_849' title='bbox 2663 5352 2906 5426; x_wconf 70' lang='lat' dir='ltr'><strong>margine</strong></span> <span class='ocrx_word' id='word_1_850' title='bbox 2950 5351 3073 5406; x_wconf 90' lang='lat' dir='ltr'><strong>libri</strong></span> <span class='ocrx_word' id='word_1_851' title='bbox 3110 5353 3218 5420; x_wconf 91' lang='lat' dir='ltr'><strong>sui,</strong></span> <span class='ocrx_word' id='word_1_852' title='bbox 3250 5354 3435 5425; x_wconf 82' lang='lat' dir='ltr'><strong>legen.</strong></span> 
     </span>
    </p>
   </div>
   <div class='ocr_carea' id='block_1_117' title="bbox 1868 5425 2419 5498">
    <p class='ocr_par' dir='ltr' id='par_1_117' title="bbox 1868 5425 2419 5498">
     <span class='ocr_line' id='line_1_118' title="bbox 1868 5425 2419 5498; baseline 0 -19"><span class='ocrx_word' id='word_1_853' title='bbox 1868 5428 1937 5479; x_wconf 89' lang='lat' dir='ltr'><strong>du</strong></span> <span class='ocrx_word' id='word_1_854' title='bbox 1947 5425 2314 5498; x_wconf 18' lang='grc' dir='ltr'>ιηᾷφανοτέρα.</span> <span class='ocrx_word' id='word_1_855' title='bbox 2343 5426 2419 5498; x_wconf 68' lang='lat' dir='ltr'><strong>In.</strong></span> 
     </span>
    </p>
   </div>
   <div class='ocr_carea' id='block_1_118' title="bbox 1939 5491 3378 5562">
    <p class='ocr_par' dir='ltr' id='par_1_118' title="bbox 1939 5491 3378 5562">
     <span class='ocr_line' id='line_1_119' title="bbox 1939 5491 3378 5562; baseline 0.001 -14"><span class='ocrx_word' id='word_1_856' title='bbox 1939 5491 2050 5562; x_wconf 74' lang='lat' dir='ltr'><strong>(l7)</strong></span> <span class='ocrx_word' id='word_1_857' title='bbox 2088 5491 2335 5550; x_wconf 78' lang='grc' dir='ltr'>Τέλεὶον.</span> <span class='ocrx_word' id='word_1_858' title='bbox 2368 5495 2536 5550; x_wconf 84' lang='lat' dir='ltr'><strong>Codd.</strong></span> <span class='ocrx_word' id='word_1_859' title='bbox 2573 5511 2683 5559; x_wconf 70' lang='lat' dir='ltr'><strong>reg.</strong></span> <span class='ocrx_word' id='word_1_860' title='bbox 2719 5505 2770 5549; x_wconf 88' lang='lat' dir='ltr'><strong>et</strong></span> <span class='ocrx_word' id='word_1_861' title='bbox 2805 5491 3042 5556; x_wconf 77' lang='lat' dir='ltr'><strong>&#39;l‘huzm.,</strong></span> <span class='ocrx_word' id='word_1_862' title='bbox 3072 5493 3272 5548; x_wconf 83' lang='grc' dir='ltr'>τέλεον.</span> <span class='ocrx_word' id='word_1_863' title='bbox 3305 5495 3378 5549; x_wconf 84' lang='lat' dir='ltr'><strong>In.</strong></span> 
     </span>
    </p>
   </div>
   <div class='ocr_carea' id='block_1_119' title="bbox 1939 5565 3434 5636">
    <p class='ocr_par' dir='ltr' id='par_1_119' title="bbox 1939 5565 3434 5636">
     <span class='ocr_line' id='line_1_120' title="bbox 1939 5565 3434 5636; baseline 0.002 -18"><span class='ocrx_word' id='word_1_864' title='bbox 1939 5565 2050 5635; x_wconf 88' lang='grc'>(18)</span> <span class='ocrx_word' id='word_1_865' title='bbox 2081 5567 2428 5634; x_wconf 77' lang='grc' dir='ltr'>Διηνέχθην.</span> <span class='ocrx_word' id='word_1_866' title='bbox 2473 5565 2591 5636; x_wconf 59' lang='lat' dir='ltr'><strong>Ms.</strong></span> <span class='ocrx_word' id='word_1_867' title='bbox 2621 5565 2784 5636; x_wconf 61' lang='lat' dir='ltr'><strong>Hert,</strong></span> <span class='ocrx_word' id='word_1_868' title='bbox 2829 5565 3107 5636; x_wconf 85' lang='grc' dir='ltr'>δηνέχθην.</span> <span class='ocrx_word' id='word_1_869' title='bbox 3163 5565 3227 5619; x_wconf 83' lang='grc' dir='ltr'><strong>Ει</strong></span> <span class='ocrx_word' id='word_1_870' title='bbox 3273 5570 3434 5636; x_wconf 88' lang='lat' dir='ltr'><strong>paulo</strong></span> 
     </span>
    </p>
   </div>
   <div class='ocr_carea' id='block_1_120' title="bbox 1867 5635 2767 5706">
    <p class='ocr_par' dir='ltr' id='par_1_120' title="bbox 1867 5635 2767 5706">
     <span class='ocr_line' id='line_1_121' title="bbox 1867 5635 2767 5706; baseline -0.001 -17"><span class='ocrx_word' id='word_1_871' title='bbox 1867 5644 2006 5706; x_wconf 83' lang='lat' dir='ltr'><strong>post.</strong></span> <span class='ocrx_word' id='word_1_872' title='bbox 2039 5639 2192 5706; x_wconf 88' lang='grc' dir='ltr'>χεῖρα</span> <span class='ocrx_word' id='word_1_873' title='bbox 2218 5637 2274 5688; x_wconf 82' lang='grc' dir='ltr'>δὲ</span> <span class='ocrx_word' id='word_1_874' title='bbox 2297 5638 2437 5706; x_wconf 72' lang='grc' dir='ltr'>χειρὶ</span> <span class='ocrx_word' id='word_1_875' title='bbox 2471 5635 2767 5706; x_wconf 56' lang='grc' dir='ltr'>συνάψασα.</span> 
     </span>
    </p>
   </div>
   <div class='ocr_carea' id='block_1_121' title="bbox 1941 5705 3437 5774">
    <p class='ocr_par' dir='ltr' id='par_1_121' title="bbox 1941 5705 3437 5774">
     <span class='ocr_line' id='line_1_122' title="bbox 1941 5705 3437 5774; baseline 0.001 -16"><span class='ocrx_word' id='word_1_876' title='bbox 1941 5706 2050 5772; x_wconf 88' lang='grc'>(19)</span> <span class='ocrx_word' id='word_1_877' title='bbox 2084 5705 2205 5770; x_wconf 72' lang='grc' dir='ltr'><strong>Τὴν</strong></span> <span class='ocrx_word' id='word_1_878' title='bbox 2248 5705 2519 5774; x_wconf 62' lang='grc' dir='ltr'>γυναῖκα,</span> <span class='ocrx_word' id='word_1_879' title='bbox 2555 5705 2669 5773; x_wconf 74' lang='grc' dir='ltr'><strong>γῆν</strong></span> <span class='ocrx_word' id='word_1_880' title='bbox 2718 5723 2870 5759; x_wconf 75' lang='grc' dir='ltr'>τινα.</span> <span class='ocrx_word' id='word_1_881' title='bbox 2906 5705 3106 5762; x_wconf 89' lang='lat' dir='ltr'><strong>Locum</strong></span> <span class='ocrx_word' id='word_1_882' title='bbox 3146 5722 3268 5761; x_wconf 86' lang='lat' dir='ltr'><strong>esse</strong></span> <span class='ocrx_word' id='word_1_883' title='bbox 3314 5724 3437 5762; x_wconf 84' lang='lat' dir='ltr'><strong>cor-</strong></span> 
     </span>
    </p>
   </div>
   <div class='ocr_carea' id='block_1_122' title="bbox 1869 5777 3431 5846">
    <p class='ocr_par' dir='ltr' id='par_1_122' title="bbox 1869 5777 3431 5846">
     <span class='ocr_line' id='line_1_123' title="bbox 1869 5777 3431 5846; baseline 0 -15"><span class='ocrx_word' id='word_1_884' title='bbox 1869 5786 2088 5846; x_wconf 88' lang='lat' dir='ltr'><strong>ruptum</strong></span> <span class='ocrx_word' id='word_1_885' title='bbox 2138 5778 2265 5832; x_wconf 88' lang='lat' dir='ltr'><strong>olim</strong></span> <span class='ocrx_word' id='word_1_886' title='bbox 2321 5777 2623 5845; x_wconf 83' lang='lat' dir='ltr'><strong>pervidcrat</strong></span> <span class='ocrx_word' id='word_1_887' title='bbox 2673 5777 2973 5835; x_wconf 87' lang='lat' dir='ltr'><strong>Cotelerius</strong></span> <span class='ocrx_word' id='word_1_888' title='bbox 3025 5778 3094 5832; x_wconf 89' lang='lat' dir='ltr'><strong>ad</strong></span> <span class='ocrx_word' id='word_1_889' title='bbox 3140 5778 3431 5833; x_wconf 68' lang='lat' dir='ltr'><strong>Constituit.</strong></span> 
     </span>
    </p>
   </div>
  </div>
