4028 6214
476 352 498 406 1
508 351 611 406 007

1593 351 1651 406 s.
1692 338 2020 407 esset)an
2062 350 2572 408 ‘l‘HAUMA’It‘RGl

3576 357 3698 411 I003

473 470 539 524 ad
568 469 856 537 regerenda
905 470 1144 525 convicia
1195 470 1309 539 ipse
1338 485 1556 540 quoque
1585 471 1894 527 abducaris.
1950 470 2026 524 24η

2144 470 2355 542 Καρδία
2396 471 2492 541 μὲν
2534 471 2640 542 γάρ
2683 471 2850 542 αὐτῆς
2896 471 3181 542 σαγηνεύει
3221 473 3346 535 τοὺς
3394 472 3700 544 παριόντας,

471 561 596 617 Hau:
620 562 802 617 omnia
832 578 934 633 ego
969 564 1179 623 noram.
1213 563 1536 631 sapientiam
1565 578 1594 617 a
1626 561 1737 618 Deo
1768 577 2036 617 conseeu~

472 665 560 709 tua
586 672 599 708 :
628 669 735 723 qua
769 654 962 709 deinde
1002 654 1227 718 amissa,
1278 652 1368 707 25.
1401 650 1515 721 jam
1567 654 1670 708 mei
1700 652 1892 707 similis
1914 666 2037 706 esse

469 746 783 815 nequibam.
842 744 932 799 26.
963 742 1240 814 Sapientia
1291 743 1436 798 enim
1480 759 1511 798 a
1554 759 1642 799 me
1681 744 1735 798 in
1768 742 2031 797 infinitam

470 836 863 909 longitudinem
889 835 1044 906 fugit,
1068 845 1122 890 et
1148 835 1203 889 in
1230 835 1547 890 immensam
1576 834 2034 906 profunditatem:

469 940 529 985 ut
568 929 703 984 mihi
740 944 859 983 eam
897 929 1138 997 arripere
1178 929 1319 982 ultra
1348 942 1457 981 non
1484 927 1691 982 liceret.
1751 925 1931 992 Quare
1968 924 2037 979 ab

468 1036 532 1077 ea
574 1035 792 1091 quoque
843 1020 1165 1090 inquirenda
1216 1019 1442 1074 omnino
1476 1016 1714 1074 abstinui
1758 1036 1771 1071 :
1814 1018 2037 1086 jamque

470 1127 573 1167 nec
609 1110 664 1166 in
696 1112 879 1166 animo
902 1112 1165 1168 habebam
1211 1110 1500 1181 impiorum
1530 1109 1797 1164 amentias
1820 1117 1875 1162 et
1900 1121 2036 1161 vana

470 1203 731 1267 consilia,
782 1203 1058 1272 vitamque
1099 1202 1297 1257 misere
1342 1202 1610 1271 palantem
1662 1202 2031 1258 considerare.

467 1293 557 1348 27.
590 1292 682 1348 Sic
706 1300 885 1347 autem
915 1295 1098 1347 animo
1122 1295 1451 1349 constitutus
1473 1333 1487 1357 ,
1521 1294 1573 1347 in
1603 1294 1715 1348 haec
1744 1293 2033 1348 devolutus

468 1400 588 1439 sum
633 1404 646 1440 :
687 1400 753 1439 ac
778 1383 1057 1440 mortifera
1104 1386 1398 1455 cupiditate
1424 1395 1725 1454 correptus,
1754 1384 2035 1438 mulierem

467 1475 732 1545 cognovi,
772 1475 875 1530 hoc
921 1485 1024 1539 est,
1067 1484 1266 1530 terram
1312 1477 1638 1545 quamdam,
1690 1482 1785 1527 aut
1826 1472 1872 1527 si
1909 1471 2037 1542 quid

2135 563 2278 634 χειρὶ
2328 562 2383 615 δὲ
2430 565 2584 632 χεῖρα
2620 564 2899 634 συνάψασα
2942 564 3127 635 μόνον,
3164 564 3383 636 κατέχει
3432 565 3465 636 ἢ
3502 567 3550 619 εί
3596 565 3701 635 (20)

2134 651 2352 720 δεσμοῖς
2399 651 2794 722 περιϐάλλουσα
2835 647 3006 706 εἷλκε.
3037 655 3211 718 Μόνος
3238 655 3282 707 δ’
3308 655 3374 709 ἂν
3403 655 3498 709 ἀπ’
3531 656 3699 727 αὐτῆς

2139 741 2413 813 ρυσθείης,
2444 741 2533 795 τὸν
2576 742 2709 797 Θεὸν
2736 744 2861 798 ἵλεω
2910 746 3002 799 καὶ
3046 746 3287 818 ὲπόπτην
3330 747 3594 820 ὲσχηκὼςο
3628 747 3701 812 ὡς

2136 834 2165 887 ὃ
2198 850 2262 902 γε
2292 834 2536 905 ἁμαρτίᾳ
2554 833 2946 905 δεδουλωμένος
2970 836 3068 890 οὐκ
3092 837 3157 891 ἂν
3186 837 3433 907 ἐκφύγοι.
3459 840 3700 910 Ζητήσας

2137 923 2181 976 δ’
2212 921 2320 991 ἐγὼ
2354 923 2441 976 διὰ
2473 924 2661 977 πασῶν
2687 925 2959 993 γυναικῶν
3000 927 3346 1000 σωφροσύνην
3385 929 3589 995 αὒτῶνν
3619 926 3703 983 εἶδ’

2143 1030 2235 1082 ρον
2274 1016 2332 1067 ὲν
2362 1014 2605 1086 οὐδεμιᾷ.
2638 1017 2747 1069 Καὶ
2784 1017 2949 1089 ἄνδρα
2978 1019 3077 1089 μέν
3106 1037 3190 1083 τις
3232 1020 3292 1071 ὲν
3332 1019 3524 1090 χιλίοις
3550 1021 3699 1091 γνοίη

2136 1104 2206 1158 ἂν
2254 1104 2525 1177 σώφρονα,
2575 1109 2806 1174 γυναῖκα
2852 1107 2909 1160 δὲ
2953 1108 3034 1162 οὔ.
3081 1108 3397 1180 Κατενόησα
3426 1110 3483 1163 δὲ
3530 1112 3699 1164 ἐκεῖνο

2139 1193 2391 1265 μάλιστα,
2430 1195 2513 1247 δτι
2548 1194 2821 1267 ἄνθρωποι
2853 1198 2956 1250 ὑπὸ
3002 1198 3136 1252 Θεοῦ
3169 1198 3331 1253 ἁπλοῖ
3357 1203 3475 1265 ταῖς
3503 1200 3697 1270 ψυχαῖς

2134 1286 2408 1357 γενόμενοι
2441 1286 2572 1357 (2i),
2608 1289 2819 1352 ἑαυτοῖς
2851 1289 3185 1343 ἐπισπῶνται
3210 1291 3500 1361 λογισμοὺς
3528 1292 3698 1344 ποικί-

2134 1379 2256 1444 λους
2301 1381 2393 1434 καὶ
2446 1378 2701 1450 ζητήσεις
2745 1382 3107 1453 ἀπεράντους,
3157 1384 3250 1437 καὶ
3291 1385 3480 1453 σοφίαν
3521 1383 3698 1457 ζητεῖν

2135 1470 2608 1544 προσποιούμενοι,
2645 1473 2775 1544 περὶ
2811 1476 3050 1545 ῥημάτια
3074 1477 3506 1549 κατατρίϐονται.

467 1567 610 1627 aliud
636 1575 721 1622 est
746 1567 1079 1637 bujusmodi.
1128 1566 1234 1621 Cor
1265 1566 1464 1621 etenim
1500 1566 1619 1637 ejus
1669 1573 2110 1635 pertranseuntes
2164 1564 2363 1629 irretit;
2411 1580 2474 1618 ac
2517 1568 2561 1618 si
2619 1565 2701 1619 vel
2749 1580 2969 1620 manum
3021 1576 3226 1621 tantum
3281 1569 3465 1623 manui
3495 1584 3693 1624 conne-

466 1660 665 1724 xuerit,
703 1674 810 1713 non
842 1661 1025 1715 minus
1057 1659 1241 1715 stricte
1283 1661 1497 1723 retinet,
1535 1675 1700 1729 quam
1746 1659 1793 1715 si
1834 1655 2068 1711 vinculis
2098 1655 2424 1709 constrictos
2463 1655 2715 1710 traheret.
2777 1655 2888 1712 Nec
2933 1674 3060 1713 vero
3103 1659 3172 1713 ab
3196 1675 3255 1713 ea
3287 1660 3443 1715 aliter
3481 1661 3693 1715 liberari

465 1770 653 1824 queas,
687 1771 849 1824 quam
877 1747 1043 1810 Deum
1069 1756 1363 1826 propitimn
1394 1772 1457 1811 ac
1487 1756 1718 1827 benigno
1769 1754 1929 1809 oculo
1988 1754 2284 1806 intuentem
2331 1761 2522 1807 nactus
2583 1773 2597 1807 :
2652 1769 2778 1807 nam
2822 1756 2915 1824 qui
2981 1756 3183 1825 percati
3212 1756 3472 1812 servitute
3501 1759 3695 1827 premi-

468 1858 589 1917 tur,
635 1851 1052 1921 haudquaquam
1101 1851 1369 1922 effugerit.
1409 1847 1498 1907 28.
1553 1850 1726 1907 Porro
1774 1865 1896 1905 cum
1936 1863 2033 1919 per
2084 1862 2269 1901 omnes
2323 1846 2575 1901 mulieres
2629 1848 2944 1917 pudicitiam
2991 1865 3176 1904 earum
3209 1852 3610 1919 quiesivissem,
3643 1852 3697 1905 in

467 1944 615 1998 nulla
680 1944 878 2013 reperi.
918 1944 1010 1999 29.
1041 1944 1119 1999 Ac
1179 1945 1355 1998 virum
1416 1945 1632 2015 quidem
1682 1943 1940 2015 pudicitia
2000 1953 2273 2003 ornatum,
2319 1939 2460 1994 inter
2502 1941 2647 1994 mille
2704 1940 2931 1997 fortasse
2977 1944 3358 2011 perspexeris;
3417 1945 3693 1998 mulierem

468 2046 650 2089 autem
683 2034 924 2089 minime.
993 2034 1254 2090 30.1llud
1314 2053 1442 2093 vero
1500 2037 1736 2092 maxime
1780 2033 2173 2097 animadverti,
2215 2033 2356 2101 quod
2405 2031 2652 2087 homines
2700 2035 2899 2090 animis
2945 2035 3219 2103 simplices
3261 2051 3289 2089 a
3337 2035 3446 2090 Deo
3501 2040 3688 2098 creati,

461 2127 641 2180 varias
667 2124 1021 2194 cogitationes
1053 2126 1391 2197 rationisque
1451 2129 1731 2183 discursus
1778 2126 1884 2182 sibi
1930 2126 2065 2194 ipsis
2097 2124 2373 2177 attrahunt
2428 2131 2591 2193 atque
2646 2123 2882 2180 infinitas
2918 2124 3279 2194 quazstiones;
3315 2125 3697 2195 sapientiaeque

464 2213 867 2285 inquisitionem
897 2216 1229 2286 profitentes,
1252 2220 1395 2275 circa
1420 2221 1778 2277 dictionculas
1804 2229 2014 2290 tempus
2043 2224 2240 2271 terunt.

1032 2312 1259 2370 CAPUT
1335 2316 1470 2373 Vlll.

535 2404 811 2477 Sapientia
851 2414 1072 2471 autem,
1141 2421 1267 2463 cum
1320 2409 1375 2463 in
1425 2410 1645 2465 homine
1692 2411 2025 2480 exploratur,

462 2498 639 2567 ipsum
666 2513 881 2567 quoque
914 2496 1117 2553 domini
1147 2500 1353 2554 vultum
1405 2502 1686 2570 splendore
1711 2501 2029 2573 perfundere

464 2589 706 2644 cernitur
740 2608 754 2644 :
786 2590 1237 2659 quemadmodum
1272 2602 1463 2647 contra
1483 2632 1499 2657 ,
1544 2594 1877 2664 impudentia
1903 2609 2026 2648 eum

464 2680 519 2734 in
550 2696 659 2751 quo
686 2680 1023 2735 domicilium
1057 2682 1253 2746 habet,
1297 2684 1476 2737 statim
1511 2694 1568 2738 ut
1597 2686 1748 2740 visus
1774 2695 1876 2749 est,
1905 2686 2030 2740 odio

464 2772 687 2842 dignum
716 2786 837 2826 esse
860 2772 1125 2842 coarguit.
1164 2773 1217 2826 2.
1254 2771 1416 2843 Regis
1435 2774 1778 2829 sermonibus
1801 2773 2029 2845 diligen-

463 2872 545 2917 ter
574 2862 852 2917 advertere
872 2863 1141 2927 convenit,
1177 2878 1240 2917 ac
1265 2863 1644 2933 jusjurandum
1680 2865 1828 2918 omni
1859 2864 2028 2919 ratio-

463 2969 532 3008 ne
577 2953 782 3023 fugere,
831 2953 994 3021 idque
1030 2958 1349 3022 praesertim,
1392 2956 1535 3026 quod
1589 2956 1641 3008 in
1686 2954 1780 3009 Dei
1831 2971 2026 3009 nomen

462 3041 785 3109 concipitur.
824 3040 876 3094 5.
912 3040 1129 3094 Interim
1155 3051 1334 3096 tamen
1362 3057 1574 3112 equum
1605 3043 1768 3099 fuerit
1792 3044 2028 3101 sermoni

465 3133 610 3187 malo
660 3133 970 3198 imminere;
1026 3148 1210 3186 verum
1254 3149 1478 3199 cavere,
1529 3151 1596 3190 ne
1639 3137 2027 3206 blasphemiam

461 3227 627 3282 ullam
667 3226 722 3279 in
778 3223 1069 3279 Dominum
1118 3227 1478 3281 elinndamus.
1541 3225 1657 3282 Non
1699 3231 1842 3283 enim
1871 3230 1937 3284 de
1964 3244 2029 3284 eo

461 3332 677 3387 poenam
708 3316 946 3385 aliquam
986 3317 1258 3388 intligente
1302 3319 1457 3388 queri
1490 3318 1708 3387 licebit;
1738 3334 1836 3374 nec
1868 3321 2029 3377 unius

461 3408 607 3462 illius
656 3407 866 3461 Domini
898 3419 950 3463 et
978 3409 1119 3479 regis
1149 3409 1359 3479 placitis
1404 3410 1684 3466 obsistere.
1750 3411 1804 3467 4.
1837 3411 2029 3469 Melius

461 3508 643 3554 autem
692 3508 746 3553 et
779 3499 1173 3557 conducibilius
1222 3502 1417 3569 fuerit,
1465 3504 1824 3566 sacrosanctis
1876 3521 2029 3560 mau-

461 3591 603 3646 datis
653 3591 1119 3661 acquieseentem,
1166 3592 1236 3648 ab
1266 3594 1525 3663 improbis
1572 3596 1912 3651 sermonibus
1944 3613 2027 3650 re-

464 3684 688 3738 tnoveri.
747 3684 799 3737 5.
846 3682 1115 3740 Cordatus
1164 3686 1308 3739 enim
1354 3686 1438 3739 vir
1480 3688 1854 3756 tempestivum
1891 3687 2022 3742 illud

458 3775 723 3846 judicium
755 3776 963 3846 justum
996 3775 1111 3831 fore
1140 3777 1243 3832 scit
1273 3785 1433 3847 atque
1474 3779 1783 3849 praenoscit.
1822 3778 2023 3835 Omnes

461 3869 606 3922 enim
635 3869 757 3922 vitae
793 3869 1043 3922 humanae
1071 3882 1159 3921 res
1186 3882 1474 3936 supernam
1515 3883 1730 3938 poenam
1758 3877 1977 3924 manent
2004 3868 2039 3922 τ

459 3965 512 4020 6.
552 3959 752 4015 Verum
796 3961 1076 4029 improbus
1118 3960 1259 4014 haud
1305 3955 1594 4015 admodum
1625 3961 1765 4016 scire
1789 3961 2019 4027 videtur,

460 4053 603 4124 quod
635 4067 758 4107 cum
793 4052 961 4105 multa
995 4066 1154 4119 super
1185 4066 1244 4105 se
1268 4050 1362 4104 Dei
1395 4051 1727 4120 providentia
1762 4054 1851 4117 sit,
1889 4054 2023 4109 nihil

462 4158 686 4214 prorsus
723 4144 776 4197 in
804 4152 1078 4213 posterum
1108 4141 1314 4195 latebit.
1358 4141 1412 4197 7.
1446 4140 1561 4197 Non
1582 4144 1725 4197 enim
1756 4145 1875 4207 scit,
1903 4160 2024 4213 quae

461 4244 646 4304 postea
670 4233 848 4288 futura
878 4244 1025 4289 sunt.
1065 4233 1249 4303 Neque
1270 4233 1556 4303 quisquam
1580 4242 1683 4297 est,
1707 4233 1798 4303 qui
1819 4233 2021 4303 aliquid

2716 2312 2959 2367 ΚΕΦΑΛ.
3003 2314 3082 2367 Η’.

2198 2401 2363 2471 Σοφία
2396 2401 2450 2455 δὲ
2493 2403 2549 2454 ὲν
2565 2401 2833 2474 ἀνθρώπῳ
2868 2403 3253 2476 ἐξεταζομένη,
3284 2405 3377 2459 καὶ
3403 2404 3491 2458 διὰ
3528 2422 3697 2477 προσ-

2127 2491 2277 2547 ώπου
2327 2494 2578 2564 φαίνεται
2621 2496 2922 2565 φωτίζουσα
2976 2497 3065 2550 τὸν
3107 2498 3440 2569 κεκτημένον
3465 2515 3477 2527 ·
3509 2497 3699 2571 ὥσπερ

2126 2581 2220 2637 οὖν
2259 2585 2531 2649 ἀναίδεια,
2581 2586 2772 2657 μίσους
2816 2588 2976 2652 εὐθὺς
3016 2589 3247 2658 ὀφθέντα
3296 2591 3444 2655 ἄξιον
3489 2593 3697 2645 ἐκεῖνον

2127 2674 2335 2746 ἐλέγχει
2355 2715 2370 2739 ,
2401 2670 2555 2749 ᾧπερ
2582 2675 2841 2748 ὲνῴκησε.
2876 2679 3021 2733 Πάνυ
3050 2679 3105 2733 δὲ
3140 2681 3243 2753 χρὴ
3278 2682 3551 2753 ἐπιμελῶς
3582 2687 3695 2747 τοῖς

2128 2764 2221 2819 τοῦ
2257 2766 2516 2837 βασιλέως
2556 2768 2841 2840 προσέχειν
2873 2768 3047 2839 λόγοις
3070 2810 3084 2834 ,
3113 2772 3273 2843 ὅρκον
3302 2772 3359 2825 δὲ
3398 2776 3463 2827 ὲκ
3494 2776 3696 2837 παν-εὶς

2126 2859 2327 2934 τρόπου
2361 2859 2597 2929 φεύγειν,
2649 2860 2879 2931 μάλιστα
2925 2861 3016 2915 τὸν
3048 2863 3124 2926 εἰς
3157 2861 3290 2916 Θεοῦ
3331 2863 3501 2935 ὄνομα
3550 2867 3698 2934 γινό-

2132 2966 2306 3020 μενον.
2349 2951 2692 3020 Ἐφίστασθαι
2719 2951 2774 3005 δὲ
2802 2952 2948 3023 ὅμως
2973 2955 3236 3026 προσήκει
3261 2954 3402 3026 λόγῳ
3438 2958 3692 3029 πονηρῷ·

2128 3040 2263 3095 ἀλλὰ
2313 3042 2675 3109 φυλάσσεσθαι
2739 3043 2952 3098 ἃπασαν
3001 3046 3099 3117 τὴν
3145 3048 3223 3110 είς
3266 3047 3357 3100 τὸν
3416 3050 3696 3121 Δεσπότην

2131 3132 2493 3204 βλασφημίαν.
2542 3134 2616 3187 Οὐ
2662 3133 2769 3205 γὰρ
2820 3134 2884 3206 δὴ
2934 3137 3228 3203 ὲπάγοντὸς
3274 3155 3325 3192 τι
3382 3140 3697 3210 μέμφεσθαι

2131 3223 2395 3295 ὑπάρξει,
2442 3224 2560 3277 οὐδὲ
2601 3224 2902 3294 ἀντιλέγειν
2944 3231 3054 3291 τοῖς
3084 3228 3177 3281 τοῦ
3225 3231 3384 3300 μόνου
3433 3231 3695 3286 δυνάστου

2129 3316 2222 3368 καὶ
2254 3315 2516 3385 βασιλέως
2551 3316 2799 3387 δόγμασι.
2834 3318 3048 3373 Βέλτιον
3077 3320 3154 3382 δὲ,
3188 3321 3280 3374 καὶ
3323 3321 3696 3377 λυσιτελέστε-

2132 3421 2223 3476 ρον
2262 3405 2565 3477 ἐμμένοντα
2603 3408 2722 3469 ταῖς
2752 3408 2924 3477 ίεραῖς
2951 3409 3190 3473 ἐντολαῖς
3210 3450 3225 3474 ,
3258 3411 3430 3480 λόγων
3459 3411 3568 3465 τῶν
3599 3431 3698 3466 πο-

2127 3497 2303 3569 νηρῶν
2328 3497 2483 3559 ἐκτὸς
2512 3497 2857 3553 καθεστάναι,
2893 3501 3060 3569 Σοφὸς
3088 3501 3195 3573 γὰρ
3218 3501 3352 3574 ἀνὴρ
3404 3504 3697 3559 ἐπίσταται

2128 3590 2221 3643 καὶ
2255 3589 2614 3662 προγινώσκει
2645 3593 2743 3665 τὴν
2790 3596 2869 3657 είς
2915 3594 3103 3664 καιρὸν
3143 3593 3350 3667 κρίσιν,
3389 3597 3468 3649 ὅτι
3512 3598 3698 3651 δικαία

2126 3682 2298 3735 ἔσται.
2346 3682 2531 3738 Πάντα
2574 3684 2684 3754 γὰρ
2727 3685 2795 3739 τὰ
2857 3688 2914 3739 ὲν
2962 3685 3039 3756 τῷ
3086 3686 3185 3758 βίῳ
3237 3687 3343 3741 τῶν
3391 3689 3696 3760 ἀνθρώπων

2128 3774 2427 3845 πράγματα
2497 3776 2778 3847 περιμένει
2818 3778 2916 3848 τὴν
2946 3777 3149 3831 ἄνωθεν
3190 3779 3439 3832 κόλασινο
3492 3781 3637 3852 πλὴν
3667 3782 3698 3834 ὃ

2127 3884 2190 3935 γε
2232 3866 2500 3939 πονηρὸς,
2543 3869 2604 3921 ού
2644 3869 2764 3923 λίαν
2804 3869 3089 3938 γινώσκειν
3131 3871 3335 3936 ἔοικεν,
3369 3873 3449 3926 ὅτι
3492 3874 3695 3946 πολλῆς

2128 3959 2215 4010 ἐπ’
2246 3957 2393 4029 αὐτῷ
2423 3957 2587 4029 οὔσης
2614 3960 2866 4029 προνοίας
2885 3962 3083 4025 ,οὐδὲν
3119 3963 3296 4015 ὁτιοῦν
3325 3965 3403 4027 εἰς
3438 3964 3498 4017 τὸ
3532 3967 3695 4035 μετέ⁸

2127 4066 2286 4103 πειτα
2317 4050 2563 4121 λήσεται.
2598 4051 2672 4104 Οὐ
2702 4050 2808 4123 γὰρ
2847 4047 2953 4105 οἶδε
2992 4051 3056 4106 τὰ
3104 4053 3352 4107 ὲπιὸντα·
3399 4054 3551 4109 οὐδὲν
3584 4056 3694 4128 γὰρ

2126 4141 2306 4195 αὐτῶν
2357 4144 2476 4194 κατ’
2518 4139 2673 4205 ἀξίαν
2716 4159 2800 4206 τις
2849 4143 3161 4211 ἀναγγεῖλαι
3223 4146 3547 4216 δυνήσεται·
3610 4150 3692 4202 ὅτι

2124 4231 2221 4302 οὐχ
2251 4231 2422 4296 οὕτως
2449 4249 2532 4296 τις
2561 4233 2777 4304 ἰσχυρὸς
2798 4235 3045 4305 ὑπάρξει,
3070 4236 3144 4300 ὡς
3171 4236 3261 4288 τὸν
3289 4238 3693 4309 ἀφαιρούμενον

461 4342 646 4382 eorum
697 4341 793 4396 pro
822 4327 1083 4396 dignitate
1112 4340 1385 4395 exponere
1422 4333 1586 4395 queat
1616 4343 1629 4379 :
1665 4324 1719 4379 8.
1759 4329 2019 4397 quoniam

2127 4324 2219 4395 τὴν
2239 4324 2413 4397 ψυχὴν
2439 4326 2601 4380 αὐτοῦ
2629 4326 2852 4395 ἄγγελον
2886 4327 3122 4382 κωλῦσαι
3152 4329 3429 4392 δύνασθαι,
3452 4332 3576 4384 οὐδέ
3606 4350 3692 4395 τις

462 4437 621 4477 nemo
655 4422 819 4476 tantis
847 4421 1054 4474 viribus
1087 4418 1302 4475 futurus
1342 4428 1445 4485 est,
1493 4432 1553 4476 ut
1580 4423 1849 4490 angelum,
1899 4421 2020 4474 aui-

461 4528 605 4567 mam
637 4512 808 4579 ipsius
830 4519 1260 4580 extorquentem,
1286 4526 1471 4566 arcere
1497 4526 1562 4565 ac
1586 4510 1869 4580 prohibere
1898 4525 2022 4579 pos-

461 4605 565 4670 sit;
595 4618 694 4657 nec
722 4617 810 4656 ars
838 4603 1062 4656 omnino
1085 4602 1195 4656 ulla
1226 4612 1279 4657 et
1311 4602 1510 4656 astutia
1544 4602 1869 4665 invenietur,
1901 4617 2021 4672 qua:

461 4695 652 4751 mortis
678 4704 891 4764 tempus
916 4695 1159 4764 repellat,
1186 4706 1250 4749 ac
1282 4694 1429 4748 velut
1460 4694 1772 4763 exceptione
1801 4694 2021 4748 submo-

460 4795 582 4842 veat
611 4803 624 4841 :
656 4801 845 4840 verum
874 4787 1329 4855 quemadmodum
1362 4786 1414 4839 in
1446 4784 1622 4840 medio
1660 4785 1795 4840 hsllo
1823 4786 2016 4853 captis,

459 4879 585 4947 fuga
634 4880 812 4933 omnis
860 4878 1097 4947 undique
1148 4879 1407 4947 praeclusa
1450 4880 1805 4949 perspicitur,
1859 4889 2019 4947 atque

459 4970 636 5025 omnis
660 4970 898 5025 hominis
946 4969 1192 5036 impietas
1219 4968 1379 5022 simul
1415 4969 1569 5038 perit.
1643 4970 1694 5023 9.
1733 4968 2019 5023 Enimvero

459 5141 683 5211 apostol.
717 5139 812 5195 lib.
840 5155 879 5200 ι,
911 5155 1027 5208 cap.
1062 5138 1116 5213 8,
1150 5139 1240 5213 qui
1272 5148 1551 5210 propterea
1575 5143 1854 5213 legendum
1887 5160 2019 5198 con-

460 5209 707 5268 tendebat
743 5213 980 5281 σαγήνην
1006 5211 1148 5282 τινά.
1177 5209 1278 5264 Sed
1316 5212 1486 5282 magis
1521 5209 1692 5282 placet
1717 5218 2019 5269 emendatio

459 5283 697 5355 Dengelii
748 5280 971 5355 legentis
1015 5281 1195 5351 πάγην
1229 5280 1472 5355 τινάέλὶιι
1503 5280 2031 5355 uotis‘aduGregorii

458 5350 747 5427 :l‘haumat.
806 5350 1093 5427 Panegyr"
1145 5350 1265 5427 pag.
1301 5351 1458 5427 A174;
1486 5369 1609 5406 nam
1648 5352 1786 5427 LXX
1828 5350 2017 5427 hocin

456 5422 581 5475 loco
620 5423 824 5493 habent
860 5421 1137 5493 θηρευμα,
1172 5422 1253 5475 vel
1296 5420 1611 5493 θηρεύματα
1650 5423 1802 5491 juxta
1838 5420 2021 5481 exent-

458 5493 578 5561 plar
603 5492 1049 5561 Alexandrinum.

533 5559 644 5631 (29)
674 5563 736 5613 Ἡ
765 5563 816 5631 εί
936 5561 1167 5629 κατέχει
1194 5559 1231 5628 ἣ
1261 5563 1332 5613 εὶ.
1360 5559 1588 5615 Locutio
1619 5564 1903 5631 peculiaris
1929 5580 2021 5620 no-

458 5629 556 5682 stri
585 5627 852 5695 Gregorii,
882 5633 973 5698 qui
1020 5627 1137 5684 eam
1182 5627 1344 5683 etiam
1392 5627 1639 5686 adhibuit
1668 5634 1806 5688 infra
1832 5637 1885 5689 in
1915 5653 2014 5690 suo

459 5699 723 5765 l‘anegyr.
760 5699 826 5770 (id
875 5700 1112 5767 0rigeu.,
1143 5717 1258 5768 cap.
1286 5702 1318 5753 6
1362 5710 1479 5768 post
1512 5704 1780 5770 medium;
1816 5711 1902 5759 uhi
1936 5708 2016 5761 sic

458 5770 687 5838 iegimus
721 5784 734 5818 :
769 5769 836 5816 "ll
867 5772 910 5819 εἰ
949 5771 1041 5821 καί
1078 5770 1224 5840 παρὰ
1261 5772 1464 5835 πάντας
1497 5774 1623 5838 ἴσως
1652 5775 1774 5839 τοὺς
1806 5776 1897 5830 νῦν
1923 5779 2014 5830 άν-

2119 4413 2253 4478 ὅλως
2283 4415 2500 4486 μέθοδος
2539 4418 2785 4489 εὑρεθείη
2826 4418 2892 4472 ἂν
2933 4419 3024 4473 τοῦ
3059 4421 3519 4495 παραγράψασθαί
3570 4442 3690 4488 πως

2120 4509 2210 4561 τὸν
2232 4508 2420 4579 καιρὸν
2439 4508 2535 4579 τῆς
2554 4509 2825 4581 τελευτῆςο
2850 4511 2962 4564 ἀλλ’
2989 4511 3174 4584 ὥσπερ
3201 4513 3258 4564 ὲν
3291 4512 3506 4584 πολέμῳ
3536 4515 3689 4586 μέσῳ

2119 4595 2420 4667 ληφθέντα,
2460 4597 2673 4665 ἄφυκτα
2715 4600 3046 4670 πανταχόθεν
3088 4602 3233 4655 ἔστιν
3266 4604 3427 4674 ὁρᾷν,
3463 4607 3691 4660 ἀσέϐεια

2118 4686 2173 4739 δὲ
2215 4688 2358 4739 πᾶσα
2397 4686 2681 4758 ἀνθρώπου
2722 4689 3109 4754 συνεξόλλυται.
3142 4693 3249 4745 Καὶ
3297 4693 3690 4767 ἐκπέπληγμαι

2118 4776 2193 4838 δὲ,
2229 4777 2374 4829 ὁπότ’
2404 4777 2468 4831 ἂν
2497 4778 2670 4831 ἀπίδω
2715 4773 2801 4832 οἶα
2828 4782 2920 4833 καὶ
2965 4781 3066 4833 ὅσα
3097 4784 3175 4842 είς
3207 4782 3410 4854 βλάϐην
3441 4779 3551 4838 τῶν

2120 4864 2216 4926 λας
2259 4865 2532 4935 ἄνθρωποι
2572 4868 3064 4940 ἐπιτετηδεύκασιν.
3112 4871 3433 4943 Ἐπίσταμαι
3465 4874 3522 4927 δὲ
3552 4894 3692 4947 προ-

2122 4958 2597 5030 αναρπαζομένους
2625 4960 2832 5014 ἐνθένδε
2864 4964 2987 5025 τοὺς
3010 4963 3225 5027 ἀσεϐεῖς
3246 4964 3339 5018 καὶ
3368 4969 3688 5037 γινομένους

2121 5153 2370 5225 θρώπους
2395 5157 2541 5229 αὐτῷ
2578 5158 3091 5235 μόνιειμὲδωρήσατο,
3117 5181 3169 5217 κ.
3199 5181 3249 5217 τ.
3288 5162 3335 5216 λ.
3373 5164 3551 5233 Adjioi
3583 5168 3693 5223 hoc

2121 5236 2303 5301 potest
2322 5232 2652 5301 argumentis
2685 5232 2822 5292 illis,
2862 5232 3058 5301 qulbus
3088 5236 3365 5300 probatur,
3410 5232 3515 5289 non
3552 5239 3696 5291 aite-

2124 5297 2236 5370 tjns
2266 5295 2506 5370 Gregorii
2528 5316 2651 5353 esse
2682 5302 2817 5355 hanc
2842 5295 3202 5370 Metaphrosin
3228 5304 3282 5355 in
3307 5295 3690 5360 Ecclesiumeu.

2122 5365 2399 5434 Bengelius
2429 5367 2546 5424 loco
2582 5372 2741 5423 modo
2770 5365 3003 5425 laudato.

2193 5435 2304 5513 (2.1)
2352 5437 2670 5513 ’Ἄνθρωποι
2712 5440 2830 5492 ὑπὸ
2878 5442 3023 5496 Θεοῦ
3067 5443 3256 5498 ἁπλοῖ
3287 5442 3417 5509 ταῖς
3456 5446 3697 5513 ψυχαῖς

2119 5506 2460 5580 γενόμενοι.Δ
2511 5507 2626 5580 line
2674 5513 2906 5578 pertinet
2950 5517 3093 5580 qnml
3140 5515 3299 5570 habet
3350 5506 3490 5568 nio-5
3541 5506 3693 5570 idern

2121 5576 2414 5653 (ξιϊςοιίίιιδ
2450 5576 2791 5653 iu_Pane:qyr_.
2818 5583 2887 5653 ad
2922 5576 3161 5653 Origen"
3210 5598 3330 5653 cap.
3360 5583 3390 5636 7
3424 5586 3529 5638 sub
3560 5586 3691 5649 ίὶιι..

2120 5645 2181 5766 ῗὸ
2195 5647 2401 5773 ιμιῖρὶῗξν
2430 5647 2585 5773 gito
2618 5645 2829 5704 καῖὀύκ
2855 5645 3157 5721 ἀναγκαῖον
3176 5645 3417 5727 μάθημα.
3440 5645 3693 5728 Bengct.,

2145 5754 2158 5766 .
2195 5732 2244 5769 c.
2280 5732 2402 5788 pag.
2436 5732 2554 5774 ιδδ.
