3934 6198
246 248 384 303 1009

1295 254 1786 311 ΜετΑΡιιιιΑειδ
1821 254 1889 311 IN
1930 253 2465 311 ECCLESIASTEN.

3343 258 3485 312 lOlO

246 363 310 415 ἐκ
342 361 557 427 ποδῶν,
603 363 716 416 ἀνθ’
763 356 838 418 ὧν
872 366 1097 430 ἑαυτοὺς
1138 370 1453 439 ματαιότητι
1497 368 1816 428 δεδώκεσαν.

1921 370 2134 441 ῆῑιοιίεε
2160 371 2497 439 contemplor
2539 386 2659 441 qua:
2685 382 2738 426 et
2766 380 2968 440 quanta
2992 373 3251 427 mortales
3279 372 3331 426 in
3358 388 3487 442 pro-

259 454 477 527 Ἐπειδὴ
503 457 611 527 γὰρ
640 457 741 511 οὐκ
765 459 847 526 ἐφ’
874 459 1129 512 ἁπάντων
1163 460 1480 533 μετέρχεται
1507 463 1541 532 ὴ
1569 462 1661 515 τοῦ
1685 460 1817 516 Θεοῦ

250 548 477 619 πρόνοια
524 548 692 614 ὀξέως
738 552 828 606 διὰ
871 552 968 623 τὴν
1038 553 1236 625 πολλὴν
1283 554 1645 619 ἀνεξικακίαν,
1700 554 1819 608 ούδέ

249 641 563 713 παραυτίκα
584 647 904 715 τιμωρεῖται
926 646 1019 698 ἐπὶ
1046 650 1165 710 ταῖς
1194 647 1296 718 πλη
1308 648 1609 717 μμελείαις,
1632 646 1818 700 τούτου

247 734 411 805 χάριν
457 734 628 788 οτεται
669 735 780 788 δεῖν
820 738 850 790 ό
890 738 1123 809 πονηρὸς
1168 738 1306 809 ἀνὴρ
1353 737 1686 810 ἁμαρτάνειν
1730 738 1820 790 ἐπὶ

247 824 436 878 πλεῖον
455 868 471 891 ,
502 826 579 889 ὡς
605 825 784 891 ἀθῶος
830 827 1151 894 ἀπαλλάξων
1175 846 1188 859 ⁸
1219 830 1281 882 ού
1320 830 1519 891 συνιεὶς
1541 868 1557 889 ,
1603 829 1686 882 ὅτι
1727 830 1821 881 καὶ

248 918 394 987 μετά
418 918 707 988 πάμπολυν
734 920 923 991 χρόνον
955 920 1219 991 ἀδικήσας
1246 922 1307 975 ού
1341 921 1592 991 λήσεται·
1620 920 1820 990 ἀγαθόν

245 1025 309 1076 γε
349 1009 457 1079 μὴν
484 1009 773 1080 μέγιστον,
812 1011 1152 1066 εὐλαϐεῖσθαι
1195 1011 1354 1065 Θεόν*
1412 1009 1581 1083 οὗπερ
1622 1012 1822 1082 ἀσεϐὴς

248 1100 537 1165 ἐκπεσὼν,
570 1103 632 1154 ού
677 1102 842 1155 πολὺν
883 1104 1070 1174 χρόνον
1108 1108 1174 1175 τῇ
1211 1104 1404 1158 ἐαυτοῦ
1438 1104 1619 1175 μωρίᾳ
1650 1121 1820 1158 κατα-

248 1192 533 1262 χρήσεται.
553 1194 809 1264 Χειρίστη
833 1195 889 1248 δὲ
913 1195 1005 1248 καὶ
1034 1194 1336 1266 ὲψευσμένη
1358 1195 1484 1260 δόξα
1506 1194 1822 1267 ἀνθρώπους

248 1284 572 1354 ἐπινέμεται
601 1285 890 1352 πολλάκις,
924 1288 1050 1356 περί
1096 1304 1155 1340 τε
1192 1288 1417 1342 δικαίων
1461 1289 1553 1341 καὶ
1601 1288 1818 1343 ἀδίκων.

260 1374 733 1446 Ὕπολαμδάνουσι
775 1376 884 1449 γὰρ
926 1379 1053 1449 περὶ
1096 1380 1369 1451 ἑκατέρων
1399 1380 1685 1432 τάναντία·
1728 1379 1823 1433 καὶ

248 1466 460 1532 δίκαιός
491 1484 553 1536 γε
579 1468 666 1531 τὶς
692 1467 786 1532 ὣν,
811 1470 873 1523 ού
901 1470 1139 1534 τοιοῦτος
1167 1470 1343 1537 ἔδοξεο
1381 1472 1476 1526 καὶ
1506 1471 1664 1525 πάλιν
1697 1473 1822 1526 ἀσε-

253 1557 391 1630 ΰὴς,
434 1559 658 1631 ἔμφρων
690 1560 966 1633 ἐνομίσθη.
999 1562 1212 1635 Ταύτην
1242 1564 1416 1633 ἔγωγε
1473 1565 1572 1634 τὴν
1616 1563 1824 1635 πλάνην

252 1650 497 1721 χαλεπὴν
533 1654 590 1703 ἐν
620 1655 733 1715 τοῖς
765 1650 997 1722 μάλιστα
1026 1654 1263 1725 τίθεμαι.
1299 1655 1489 1721 Ἔδοξα
1517 1655 1574 1708 δέ
1600 1671 1728 1710 ποτε
1759 1654 1820 1708 τὸ

252 1713 510 1811 μέγιστον
539 1743 645 1798 τῶν
692 1713 909 1813 ἀγαθῶν
953 1713 1160 1817 βρῶσιν.
1190 1743 1330 1800 εἶναι
1376 1713 1469 1801 καὶ
1498 1747 1654 1800 πόσιν
1675 1763 1687 1776 ·
1720 1746 1819 1800 κά·
1853 1713 1894 1771 Β

249 1836 882 1924 κείνονκθεοφιλέστατον
906 1876 921 1901 ,
966 1838 1025 1901 ὃς
1054 1838 1119 1891 ἂν
1146 1836 1348 1893 τούτων
1379 1837 1639 1911 ἀπολαύῃ,
1668 1837 1818 1909 παρά

248 1927 345 1980 τὸν
371 1923 486 1998 βίον
515 1928 626 1999 (22)
651 1970 667 1995 ,
694 1928 770 1993 ὡς
798 1923 907 1983 οἷόν
938 1946 997 1983 τε
1051 1930 1283 2000 μάλιστα
1300 1946 1314 1960 ⁸
1351 1930 1444 1983 καὶ
1470 1928 1817 2001 παραμυθίαν

249 2020 354 2090 τῆς
381 2019 527 2091 ζωῆς
551 2063 565 2085 ,
599 2022 699 2093 τὴν
724 2021 976 2093 τοιαύτην
1003 2022 1263 2094 εὐθυμίαν
1302 2023 1470 2094 μόνην
1500 2021 1813 2092 ἡγησάμηνο

250 2113 346 2165 καὶ
364 2114 542 2167 τοίνυν
564 2117 850 2185 προσεῖχον
873 2114 1048 2168 οὐδενὶ
1069 2114 1257 2184 ἑτέρῳ,
1279 2115 1311 2184 ἢ
1336 2115 1402 2184 τῇ
1422 2115 1598 2185 οἰήσει
1624 2112 1817 2184 ταύτῃ,

249 2204 328 2268 ὡς
358 2207 497 2276 μήτε
522 2206 731 2280 νύκτωρ
758 2208 893 2278 μήτε
925 2207 1239 2279 μεθημεραν
1257 2206 1531 2271 ἁπάντων,
1558 2194 1657 2259 ὅσα
1687 2205 1818 2277 πρὸς

248 2297 463 2367 τρυφὴν
478 2297 784 2369 ἀνθρώποις
806 2299 1057 2371 εὕρηται,
1076 2299 1312 2370 ἐμαυτὸν
1342 2298 1591 2366 ἀπάγειν.
1611 2298 1819 2360 Ἔγνων

1922 463 2192 516 ximorum
2237 462 2532 532 perniciem
2560 462 2804 518 studiose
2829 465 3168 533 cogitarunt,
3216 472 3359 518 totus
3384 465 3483 517 ob—

1920 563 2194 622 stupesco.
2226 553 2312 607 10.
2339 552 2471 609 Illud
2499 554 2716 623 quidem
2749 563 3085 622 compertum
3117 555 3310 621 habeo,
3336 554 3487 622 prius

1918 660 2138 715 quoque
2162 661 2231 700 ex
2264 646 2365 700 hac
2388 645 2497 699 vita
2529 645 2702 715 abripi
2728 644 2922 713 impios
2954 660 3017 700 ac
3050 646 3117 699 de
3149 646 3324 700 medio
3348 645 3484 712 tolli,

1918 749 1984 789 eo
2016 735 2163 805 quod
2198 736 2422 790 vanitati
2447 750 2506 791 se
2534 736 2679 807 ipsos
2712 736 3052 791 dediderunt.
3093 737 3177 789 ll.
3215 735 3486 801 Quoniam

1917 826 2063 881 enim
2098 825 2191 882 Dei
2220 828 2555 897 providentia
2608 837 2824 898 propter
2872 843 3141 883 summam
3170 826 3488 896 aequanimin

1921 929 2082 977 tatem
2111 932 2162 977 et
2190 924 2557 990 clementiam,
2606 924 3029 995 haudquaquam
3072 936 3263 976 omnes
3302 918 3491 975 confe-

1921 1014 2045 1068 stim
2080 1015 2469 1085 persequitur:
2500 1030 2599 1071 nec
2637 1017 2812 1071 malus
2862 1016 3044 1069 statim
3093 1023 3212 1084 post
3252 1012 3490 1067 admissa

1920 1104 2121 1174 ﬂagitia
2178 1106 2356 1175 poenis
2408 1104 2666 1174 alIicitur;
2728 1106 2815 1161 l2.
2859 1104 2940 1161 Ob
2984 1120 3102 1159 eam
3134 1118 3354 1159 causam
3386 1101 3490 1157 sibi

1920 1196 2005 1252 fas
2030 1212 2153 1252 esse
2180 1206 2335 1267 putat
2362 1198 2445 1253 vir
2472 1200 2736 1253 scelestus
2790 1197 2990 1252 diutius
3036 1211 3254 1266 peccare
3275 1237 3291 1261 ,
3331 1195 3491 1264 quasi

1922 1290 2179 1346 innoxius
2201 1290 2546 1347 discessurus
2570 1309 2583 1344 :
2617 1290 2745 1345 illud
2770 1288 3014 1343 videlicet
3035 1304 3141 1343 non
3166 1287 3489 1356 intelligens,

1920 1382 2063 1451 quod
2110 1380 2274 1435 etiam
2309 1389 2431 1449 post
2481 1380 2701 1449 longum
2732 1394 2763 1433 a
2790 1387 3096 1449 perpetrato
3124 1378 3326 1432 scelere
3355 1386 3493 1431 tem-

1921 1489 2047 1544 pus,
2093 1471 2187 1527 Dei
2235 1471 2521 1527 scientiam
2570 1486 2678 1525 non
2726 1470 2962 1541 effugiet.
3012 1470 3148 1525 lllud
3197 1483 3322 1522 vero
3356 1483 3492 1537 praae

1921 1560 2317 1621 stantissimum
2341 1559 2568 1619 bonum,
2589 1560 2680 1629 pio
2704 1556 2793 1613 Dei
2820 1560 3012 1614 timore
3034 1558 3312 1628 praeditum
3336 1571 3457 1611 esse
3472 1595 3488 1623 ,

1923 1654 2010 1709 l3.
2071 1670 2102 1710 a
2138 1667 2248 1723 quo
2277 1667 2398 1709 cum
2425 1651 2625 1720 impius
2650 1650 2928 1714 exciderit,
2965 1648 3109 1705 haud
3142 1649 3234 1703 diu
3263 1648 3490 1703 stultitia

1923 1762 2022 1802 sua
2075 1745 2345 1803 abutetur.
2402 1742 2491 1797 14.
2524 1740 2765 1798 Pessima
2813 1751 2992 1797 autem
3039 1750 3093 1796 et
3141 1740 3275 1795 falsa
3306 1741 3491 1810 opinio

1923 1851 2016 1907 per
2043 1834 2292 1890 homines
2335 1832 2655 1903 plerumque
2700 1843 2976 1902 grassatur
2999 1870 3015 1896 ,
3062 1840 3173 1885 tum
3204 1833 3271 1885 de
3304 1832 3489 1901 justis,

1924 1935 2038 1982 ttun
2069 1927 2137 1982 de
2163 1924 2439 2001 sceleratis
2473 1942 2487 1978 :
2515 1927 2580 1979 de
2604 1924 2847 1993 utrisque
2888 1922 3034 1977 enim
3081 1924 3349 1978 contraria
3376 1923 3492 1976 exi-

1922 2019 2167 2075 stimant.
2199 2015 2337 2071 Nam
2370 2025 2423 2070 et
2452 2015 2546 2086 qui
2571 2015 2783 2086 justitia
2815 2015 3068 2085 praeditus
3096 2022 3198 2076 est,
3229 2030 3336 2069 non
3371 2014 3493 2069 talis

1924 2109 2144 2166 habitus
2166 2117 2281 2175 est;
2316 2117 2370 2164 et
2396 2123 2587 2163 rursus
2634 2109 2853 2178 impius,
2899 2106 3106 2162 eordati
3151 2106 3251 2161 viri
3281 2106 3492 2176 opinio-

1922 2217 2047 2257 nem
2079 2200 2202 2256 tulit
2233 2218 2246 2254 :
2283 2215 2442 2269 quem
2467 2200 2686 2271 quidem
2716 2215 2954 2254 errorem
2986 2199 3039 2254 in
3062 2199 3251 2269 primis
3275 2213 3491 2269 gravem

1923 2309 2046 2350 esse
2080 2300 2282 2349 statuo.
2321 2293 2406 2351 15.
2440 2290 2751 2363 Quinetiam
2772 2290 3067 2362 aliquando
3094 2304 3365 2344 summum
3398 2290 3491 2343 bo-

247 2405 310 2442 τε
340 2389 624 2453 τοσοῦτον,
655 2392 735 2444 ὅτι
763 2392 820 2444 ἐν
850 2391 1075 2454 ἐκείνοις
1129 2391 1213 2455 τὶς
1257 2389 1541 2461 ἐμφύρων,
1576 2385 1818 2457 ούδαμῶς

1926 2400 2057 2440 num
2104 2385 2158 2443 in
2188 2386 2311 2444 cibo
2339 2396 2394 2443 et
2424 2399 2551 2459 potu
2575 2389 2743 2445 situm
2765 2403 2889 2445 esse
2935 2380 3207 2457 judicavi;
3258 2395 3491 2455 eumque

247 2480 570 2551 δυνήσεται,
607 2483 727 2538 ούόὲ
768 2483 937 2537 πολλά
979 2483 1273 2555 μοχθήσας,
1317 2483 1492 2553 εὑρεῖν
1559 2479 1621 2533 τὸ
1650 2479 1818 2541 ὅντως

1927 2476 2039 2534 Deo
2068 2479 2476 2547 charissimum,
2516 2482 2608 2551 qui
2657 2489 2772 2535 toto
2801 2480 2923 2536 vitae
2967 2480 3142 2550 spatio
3175 2480 3280 2543 his,
3326 2494 3488 2548 quam

249 2573 478 2641 ἀγαθόν.
1926 2570 2159 2625 maxime
2182 2571 2297 2626 lieri
2321 2581 2518 2641 potest,
2547 2571 2817 2628 frueretur
2848 2591 2861 2628 :
2896 2571 2981 2627 16.
3020 2581 3183 2642 atque
3206 2572 3490 2641 hujusmo—

246 2665 305 2722 di
356 2665 720 2729 hilaritatem,
776 2667 998 2722 unicum
1046 2667 1172 2723 vita:
1226 2665 1475 2721 solatium
1530 2663 1823 2719 arbitratus
1883 2676 2027 2717 sum.
2088 2662 2167 2716 Ac
2207 2662 2432 2732 proinde
2475 2662 2530 2718 in
2571 2663 2772 2718 nullam
2807 2663 2969 2718 aliam
3027 2678 3176 2728 rem,
3208 2678 3369 2732 quam
3434 2664 3486 2716 iu

251 2753 399 2809 hanc
425 2756 733 2825 opinionem
764 2758 1162 2822 incumbebant,
1199 2767 1257 2812 ut
1311 2771 1411 2812 nec
1435 2765 1596 2810 noctu
1631 2768 1729 2807 nec
1765 2752 1998 2807 interdiu
2051 2752 2344 2822 quidquam
2406 2768 2593 2811 eorum
2618 2794 2633 2819 ,
2663 2768 2785 2824 quae
2848 2755 2916 2809 ad
2963 2753 3185 2809 delicias
3226 2769 3257 2808 a
3289 2763 3488 2809 morta-

255 2846 313 2899 li.
337 2864 401 2901 us
427 2848 646 2903 inventa
673 2858 818 2913 sunt,
845 2849 975 2903 mihi
1007 2849 1405 2912 interdicerem,
1441 2846 1507 2902 ab
1545 2858 1720 2913 eoque
1746 2858 1833 2898 me
1863 2842 2209 2897 abducerem.
2261 2843 2348 2898 l7.
2412 2843 2679 2900 Caeterum
2731 2846 2836 2901 hoc
2867 2845 3131 2916 cognovi,
3162 2846 3304 2915 quod
3335 2846 3486 2915 quis-

251 2939 387 3010 quis
434 2954 494 2995 se
536 2940 623 2995 his
668 2944 829 2995 rebus
871 2939 1271 3010 inquinaret-it,
1328 2940 1477 2995 nullo
1521 2932 1819 3007 quamlibet
1841 2932 2002 3002 longo
2041 2930 2246 2998 labore,
2276 2949 2462 2988 verum
2488 2934 2691 2988 bonum
2728 2950 2965 3004 unquam
2993 2937 3241 3006 reperiet.

856 3034 1076 3088 ΚΕΦΛΛ
1089 3073 1102 3086 .
1139 3032 1219 3089 9.

328 3125 510 3196 ’ῼμην
558 3124 667 3197 γάρ
706 3125 947 3191 ἅπαντας
982 3128 1105 3181 τότε
1143 3126 1252 3180 τῶν
1290 3126 1467 3181 αὐτῶν
1506 3124 1822 3198 ἀνθρώπους

250 3215 553 3287 ἡξιῶσθαγ
598 3220 692 3272 καὶ
738 3220 793 3272 εί
834 3220 895 3273 τέ
943 3236 1026 3283 τις
1076 3219 1273 3289 σοφὸς,
1329 3219 1673 3290 δικαιοσύνης
1723 3220 1820 3289 μὲν

252 3309 600 3381 ἐπεμελήθη,
628 3309 838 3364 ἀδικίαν
870 3310 927 3365 δὲ
963 3308 1267 3382 ἐξετράπη,
1308 3311 1402 3365 καὶ
1431 3310 1820 3383 ἔχθρανεφυγε

256 3404 398 3474 πρὸς
425 3404 668 3467 ἅπαντας
699 3402 870 3469 δεξιὸς
899 3402 972 3457 ὢν
990 3443 1007 3468 ,
1046 3405 1183 3477 ὅπερ
1213 3404 1360 3457 ἐστὶν
1403 3403 1630 3476 ἀρεστὸν
1668 3404 1817 3475 Θεῷ,

252 3488 414 3559 οὗτος
461 3499 836 3567 ματαιοπονείν
870 3496 1137 3566 ἐφαίνετο.
1172 3496 1335 3559 Τέλος
1366 3496 1424 3549 δὲ
1463 3496 1520 3549 ἒν
1548 3496 1720 3551 ἐδόκει
1745 3497 1827 3550 δια

255 3587 415 3641 καίου
446 3604 505 3641 τε
531 3587 623 3642 καὶ
650 3586 877 3652 ἀσεϐοῦς
894 3627 907 3651 ,
934 3586 1137 3657 ἀγαθοῦ
1159 3605 1219 3641 τε
1246 3589 1339 3642 καί
1359 3587 1549 3652 κακοῦ,
1580 3587 1819 3660 καθαροῦ

253 3699 318 3736 τε
349 3683 446 3736 καὶ
484 3682 830 3754 ἀκαθάρτου,
863 3685 958 3737 καὶ
1001 3682 1133 3737 Θεὸν
1180 3683 1531 3754 ίλασκομένου
1576 3684 1669 3739 καὶ
1724 3687 1815 3755 μή.

258 3774 389 3828 Ὅτε
416 3773 526 3845 γὰρ
556 3774 738 3838 ἄδικος
769 3776 862 3828 καὶ
885 3777 913 3829 ὁ
937 3775 1137 3844 ἀγαθὸς
1161 3813 1177 3839 ,
1219 3776 1308 3829 ὅτε
1357 3774 1641 3846 ἐπίορκος,
1672 3777 1764 3829 καὶ
1791 3776 1820 3830 ό

254 3862 440 3917 τέλεον
469 3864 631 3935 ὅρκον
656 3863 1050 3935 ἐκτρεπόμενος
1067 3907 1082 3931 ,
1104 3867 1184 3929 είς
1210 3865 1374 3918 ταύτὸ
1403 3864 1553 3928 τέλος
1583 3865 1820 3920 ἐλαύνειν

253 3954 544 4026 ἠλπίζετο,
579 3955 916 4024 κατάγνωσις
950 3956 1011 4010 τέ
1056 3974 1139 4021 τις
1185 3955 1365 4010 ὕπεισι
1406 3955 1500 4010 τοῦ
1540 3959 1620 4023 είς
1661 3959 1820 4029 ὃμοια

252 4047 512 4118 τελευτᾷν
540 4046 800 4111 ἅπαντας.
819 4046 1071 4101 Γινώσκω
1089 4048 1146 4102 δὲ
1174 4048 1268 4101 νῦν
1290 4049 1365 4113 ὡς
1384 4050 1630 4122 ἀφρόνων
1649 4050 1821 4105 ταῦτα

252 4138 648 4210 ἐνθυμήματα,
679 4140 773 4192 καὶ
820 4138 1013 4193 πλάναι
1059 4141 1153 4193 καὶ
1199 4141 1480 4207 ἐξαπάται.
1514 4144 1622 4196 Καὶ
1651 4143 1820 4197 πολλά

252 4230 534 4300 λέγουσιν,
562 4231 638 4295 ὡς
661 4234 690 4284 ὁ
724 4230 1008 4285 ἀποθανὼν
1040 4232 1241 4303 οἴχεται
1267 4234 1447 4288 τέλεον
1472 4253 1485 4265 ο
1514 4236 1607 4290 καὶ
1635 4253 1821 4309 προτι-

2511 3023 2737 3080 CAPUT
2772 3025 2860 3079 IX.

1994 3136 2045 3189 Ι.
2083 3134 2221 3190 Tum
2266 3137 2411 3190 enim
2458 3136 2708 3192 homines
2746 3152 2936 3192 omnes
2979 3137 3171 3201 iisdem
3215 3138 3377 3192 rebus
3403 3137 3489 3192 di-

1919 3240 2056 3295 gnos
2090 3225 2303 3280 habitos
2326 3241 2445 3281 esse
2473 3227 2752 3295 putabam.
2803 3229 2885 3281 Ae
2919 3228 2964 3283 si
3003 3230 3128 3299 quis
3153 3229 3490 3299 sapiens'ju-

1918 3314 2125 3371 stitiam
2165 3315 2406 3371 studiose
2466 3317 2725 3372 coluisset
2774 3325 2941 3388 atque
2984 3319 3055 3374 ab
3092 3319 3358 3389 injustitia
3405 3335 3491 3375 re-

1919 3409 2193 3472 cessisset,
2224 3408 2503 3477 animique
2521 3410 2840 3466 dexteritate
2869 3420 2923 3466 et
2952 3410 3213 3467 facilitate
3244 3414 3488 3468 omnium

1921 3500 2103 3554 odium
2129 3497 2353 3569 fugisset
2384 3501 2548 3571 (quod
2584 3501 2800 3571 quidem
2838 3502 2949 3557 Deo
2979 3514 3193 3573 gratum
3215 3504 3361 3575 est);
3401 3506 3490 3561 hic

1922 3591 2055 3645 mihi
2105 3590 2320 3646 inanem
2356 3591 2598 3647 laborem
2640 3594 2920 3664 suscipere
2963 3597 3263 3651 videbatur.
3302 3599 3356 3651 2.
3387 3597 3492 3652 De-

1922 3682 2087 3750 nique
2108 3696 2281 3736 unum
2318 3682 2674 3753 eumdemque
2694 3682 2853 3739 linem
2880 3700 3000 3740 esse
3026 3685 3330 3742 arbitrabar
3352 3688 3489 3756 justi

1919 3782 1974 3827 et
2002 3773 2212 3842 injusti,
2240 3773 2370 3828 boni
2393 3783 2448 3828 et
2469 3775 2618 3840 mali,
2650 3776 2771 3845 puri
2800 3789 2854 3831 et
2879 3776 3113 3846 impuri,
3149 3778 3259 3835 Deo
3284 3782 3492 3849 supplic

1919 3866 2095 3921 cuntis
2125 3866 2458 3935 minimeque
2511 3868 2890 3937 supplicantis.
2947 3870 3000 3925 ὃ.
3027 3869 3162 3924 Nam
3192 3887 3316 3927 cum
3344 3872 3490 3943 inju-

1919 3985 2039 4033 stus
2066 3987 2122 4033 et
2146 3977 2371 4048 probus,
2404 3979 2675 4050 pejerator
2701 3988 2756 4035 et
2776 3980 3160 4051 jusjurandum
3202 3998 3362 4039 omne
3397 3983 3486 4039 fu-

1919 4070 2070 4140 giens
2092 4109 2107 4134 ,
2159 4070 2226 4124 ad
2270 4072 2521 4126 eumdem
2570 4072 2727 4126 linem
2758 4087 2852 4141 spe
2878 4082 3041 4142 atque
3084 4074 3336 4143 opinione
3366 4092 3487 4135 mea

1918 4161 2344 4228 contenderent;
2400 4162 2617 4218 subibat
2663 4165 2885 4219 sinistra
2930 4167 3176 4235 quaedam
3208 4169 3483 4236 cogitatio,

1918 4268 2110 4309 omnes
2155 4254 2210 4308 in
2259 4255 2446 4310 eadem
2494 4256 2766 4311 desinere.
2807 4256 2961 4312 Nunc
2990 4274 3116 4313 vero
3146 4269 3483 4328 perspectum

255 4323 459 4394 μητέον
508 4323 601 4377 τὸν
652 4323 832 4387 ζῶντα
867 4324 960 4377 τοῦ
1001 4324 1352 4395 τεθνηκότος,
1395 4326 1494 4382 κᾶν
1537 4329 1596 4382 ἐν
1641 4330 1816 4401 σκότῳ

1921 4344 2095 4398 habeo
2114 4383 2131 4409 ,
2165 4344 2453 4400 stultorum
2485 4360 2606 4400 esse
2631 4345 2728 4399 has
2759 4348 3111 4417 cogitationes
3132 4323 3159 4412 ,-
3180 4361 3244 4401 ac
3270 4323 3488 4401 frandes

249 4415 507 4484 κείμενος
524 4411 580 4487 ᾖ,
608 4414 708 4468 κᾶν
737 4415 893 4478 κυνὸς
917 4416 1134 4487 τρόπον,
1156 4418 1246 4471 τὸν
1268 4419 1379 4489 βίον
1406 4419 1814 4493 διαπορεύηται,

1921 4443 1973 4489 et
2012 4435 2363 4505 imposturas.
2416 4437 2472 4490 4.
2504 4436 2582 4490 Ac
2608 4437 2793 4493 multis
2829 4411 3005 4492 verbis
3029 4438 3158 4492 illud
3207 4439 3481 4504 occinunt,

250 4505 410 4578 παρά
439 4506 529 4560 τὸν
564 4507 752 4561 λέοντα
793 4507 884 4561 τὸν
914 4509 1228 4573 τεθνηκότα.
1260 4512 1322 4564 Ol
1354 4511 1453 4582 μὲν
1480 4511 1588 4584 γὰρ
1616 4513 1816 4579 ζῶντες

1921 4540 2043 4581 eum
2070 4527 2161 4595 qui
2192 4539 2421 4581 mortem
2467 4526 2622 4591 obiit,
2676 4529 2889 4597 penitus
2918 4528 3168 4594 interire;
3210 4544 3275 4584 ac
3301 4530 3484 4596 viven-

248 4596 413 4649 τοῦτο
430 4598 559 4666 γοῦν
586 4598 920 4665 ἐπίστανται,
946 4599 1028 4653 ὃτι
1055 4600 1392 4672 τεθνήξονται
1412 4619 1424 4633 ·
1451 4605 1501 4655 οἱ
1538 4603 1595 4657 δὲ
1632 4609 1815 4679 νεκροὶ

1921 4626 2026 4672 tem
2070 4628 2288 4673 mortuo
2329 4618 2722 4688 praeferendum
2768 4636 2929 4685 esse,
2982 4622 3198 4677 etiamsi
3249 4622 3483 4677 tenebris

252 4687 366 4742 οὐδ’
406 4688 583 4742 ὁτιοῦν
627 4689 1001 4758 γινώσκουσιν.
1044 4691 1293 4762 Ἀμοιὸαλ⁸
1336 4693 1393 4746 δέ
1428 4694 1640 4760 οὐδενὸς
1682 4698 1815 4771 πρό-

1921 4710 2129 4766 obsitus
2168 4710 2378 4780 jaceat,
2426 4713 2638 4767 etiamsi
2673 4712 2872 4767 canino
2901 4727 3054 4767 more
3082 4714 3203 4767 vitte
3244 4713 3345 4767 iter
3372 4724 3484 4767 tra-

257 4798 469 4835 κεινται
500 4780 637 4852 μετά
660 4782 720 4834 τὸ
744 4782 1133 4855 ἀποπληρῶσαι
1153 4784 1213 4837 τὸ
1241 4783 1436 4855 χρεών.
1463 4786 1533 4839 Ἦ
1561 4804 1620 4840 τε
1648 4787 1818 4862 ἔχθρα

1921 4800 2116 4866 ducat,
2163 4817 2326 4870 supra
2357 4801 2565 4856 leonem
2597 4814 2895 4857 martuum.
2942 4801 2994 4855 5.
3028 4803 3238 4857 Etenim
3267 4819 3361 4858 eos
3387 4803 3482 4872 qui

255 4874 352 4928 καὶ
400 4876 435 4943 ἠ
489 4874 638 4943 φιλία
682 4877 715 4947 ἡ
760 4876 896 4946 πρὸς
934 4878 1059 4940 τοὺς
1095 4876 1442 4946 τεθνηκότας,
1486 4880 1637 4945 τέλος
1685 4881 1817 4953 ἔχει.

1921 4893 2025 4947 vita
2055 4880 2329 4959 fruuntur,
2362 4892 2465 4947 hoc
2485 4894 2675 4949 saltem
2700 4895 2861 4958 scire,
2882 4897 3025 4963 quod
3056 4894 3306 4948 morituri
3333 4896 3440 4949 sint
3466 4914 3479 4949 :

262 4965 518 5019 Ἐκείνων
551 4965 680 5038 γὰρ,
711 4967 819 5019 εἴτε
851 4965 1009 5037 ζῆλος
1028 5006 1043 5031 ,
1074 4967 1318 5033 ἐξέλιπεν
1339 4988 1352 5001 ο
1377 4970 1487 5025 εἴτε
1515 4973 1646 5044 βίος,
1674 4977 1817 5047 ἠφά-

1921 4999 2010 5041 eos
2037 4995 2216 5040 autem
2251 4984 2346 5054 qui
2377 4984 2487 5039 vita
2533 4984 2708 5041 functi
2753 4996 2913 5052 sunt,
2960 4986 3096 5040 nihil
3135 5000 3361 5056 prorsus
3390 5003 3483 5041 co-

249 5073 449 5110 νισται.
490 5058 723 5111 Μέτεστι
754 5057 810 5112 δέ
847 5058 1059 5123 οὐδενὸς
1096 5059 1175 5131 τῷ
1204 5060 1350 5127 ἅπαξ
1382 5063 1630 5120 ἐντεῦθεν
1664 5068 1821 5122 ἀπελ-

250 5149 420 5204 θόντι.
457 5149 643 5205 Ταῦτα
688 5153 720 5223 η
771 5151 945 5224 πλάνη
983 5153 1253 5224 ἐπᾴδουσα
1297 5154 1406 5222 ἔτι,
1460 5159 1554 5214 καὶ
1595 5161 1817 5216 τοιαῦτα

252 5241 628 5312 συμϐουλεύει·
659 5243 724 5296 Τί
760 5238 1085 5316 πράττεις,ὧ
1116 5238 1301 5311 οὗτος,
1349 5250 1444 5303 καὶ
1471 5251 1533 5304 ού
1556 5255 1768 5326 τρυφᾷς
1790 5295 1805 5318 ,

247 5332 372 5386 οὐδὲ
400 5334 611 5404 ὲμφορῇ
637 5335 735 5404 μὲν
762 5334 1068 5406 ἐδεσμάτων
1096 5337 1376 5403 παντοίων,
1392 5339 1536 5395 οἴνου
1566 5343 1623 5397 δὲ
1652 5346 1811 5415 ὑπερ-

249 5423 623 5495 εμπίπλασαι;
651 5426 763 5480 Ούκ
787 5427 1016 5500 αἰσθάνῃ
1033 5470 1048 5493 ,
1070 5428 1146 5493 ὡς
1168 5431 1231 5484 ὲκ
1257 5430 1390 5485 Θεοῦ
1418 5437 1581 5488 ταυτὶ
1605 5436 1810 5491 δέδοται

249 5515 391 5588 πρὸς
440 5516 734 5571 ἀπόλαυσιν
778 5518 1213 5589 ἀνεπικώλυτον;
1259 5523 1557 5595 Περιϐαλοῦ
1612 5528 1811 5599 ἐσθῆτα

1912 5092 2193 5149 gnoscere.
2253 5075 2481 5133 Praemia
2514 5094 2679 5145 porro
2710 5094 3007 5149 poenasque
3035 5079 3211 5132 nullas
3243 5087 3363 5147 post
3386 5094 3480 5133 ex-

1912 5171 2113 5241 pletum
2147 5169 2268 5226 vitae
2297 5186 2517 5226 cursum
2544 5171 2792 5242 proponi.
2859 5170 2913 5226 6.
2945 5169 3141 5226 Odium
3177 5171 3396 5240 insuper
3427 5184 3479 5224 et

1914 5262 2340 5318 benevolentiam
2379 5279 2504 5335 erga
2546 5280 2640 5319 eos
2665 5265 2757 5334 qui
2784 5265 2948 5319 vitam
2978 5280 3101 5319 cum
3133 5274 3304 5319 morte
3328 5279 3478 5319 cont-

1915 5362 2214 5420 mutarunt,
2247 5356 2407 5413 finem
2438 5356 2656 5410 habere.
2691 5354 2892 5410 Eorum
2911 5357 3054 5410 enim
3081 5366 3194 5411 tum
3221 5357 3477 5412 invidiam

1918 5453 2081 5511 atque
2123 5444 2519 5498 aemulationem
2544 5442 2836 5508 deiecisse,
2888 5453 2999 5500 tum
3029 5448 3192 5502 vitam
3220 5449 3479 5513 Obscura-

1918 5540 2026 5587 tam
2078 5541 2239 5602 atque
2289 5533 2610 5589 exstinctam
2647 5548 2787 5589 esse.
2842 5530 3125 5613 Postremo
3153 5536 3357 5592 nullius
3399 5534 3477 5592 rei

321 5678 437 5751 (29)
494 5676 662 5745 Παρὰ
703 5675 807 5730 τὸν
839 5679 1002 5743 βίον.
1048 5679 1180 5737 Cod.
1235 5680 1422 5739 Medic.
1448 5726 1462 5751 ,
1497 5687 1643 5758 παρά
1675 5688 1765 5741 τὸν
1809 5691 1818 5741 l

1921 5691 2003 5745 τοῦ
2026 5690 2156 5763 βίον.
2189 5690 2315 5745 Duc.
