4028 6214
365 275 369 279 ’
438 273 568 328 1011

1539 268 1598 325 S.
1638 266 1967 327 GREGORII
2007 266 2517 326 THAUMATURGI

3542 264 3682 320 1012

433 400 559 441 eum
590 383 906 455 participem
941 399 1082 448 esse,
1132 383 1226 453 qui
1255 383 1423 439 semel
1449 396 1513 437 ex
1538 383 1643 439 hac
1670 384 1779 438 vita
1807 384 2010 455 migra-

2111 381 2399 436 νεόπλυτον
2417 424 2433 449 ,
2466 383 2559 436 καὶ
2598 380 2756 453 μύρῳ
2782 380 2883 452 τὴν
2915 378 3158 453 κεφαλὴν
3188 379 3553 453 χρισάμενος,
3580 382 3684 454 δρα

431 476 523 531 rit.
561 474 687 531 Haec
711 490 867 531 error
897 476 1173 541 accinens,
1221 474 1535 544 hujusmodi
1583 489 1802 545 quoque
1826 475 2008 531 consi-

430 569 565 622 lium
612 568 842 638 porrigit
869 586 883 622 :
934 567 985 622 7.
1015 566 1162 622 Heus
1186 576 1244 622 tu
1270 568 1401 637 quid
1445 566 1602 633 facis,
1635 582 1699 622 ac
1728 583 1836 621 nnn
1869 566 2006 621 deli-

433 661 534 716 ciis
564 660 849 729 indulges,
896 674 996 715 nec
1023 658 1202 713 omnis
1237 660 1451 729 generis
1488 658 1683 714 eduliis
1710 657 2011 728 ingurgita-

433 752 513 807 ris
534 790 550 816 ,
595 751 832 820 vinoque
863 758 915 805 te
942 750 1233 805 immodice
1270 750 1495 820 exples?
1528 751 1722 804 Annon
1753 749 2009 821 intelligis

433 842 530 897 tibi
561 841 676 896 hac
705 840 890 895 divino
922 855 1150 895 munere
1179 839 1426 906 concedi,
1463 849 1523 893 ut
1564 839 1790 895 arbitrio
1823 850 1915 895 tuo
1946 855 2011 896 ac

430 934 548 988 sine
575 932 966 1003 impedimento
987 931 1230 988 fruaris?
1258 931 1311 986 8.
1340 930 1484 997 Quin
1504 940 1562 986 tu
1588 941 1793 987 vestem
1818 947 2010 988 recens

431 1026 683 1080 sordibus
716 1025 986 1081 detersam
1016 1024 1232 1089 induis,
1283 1024 1567 1094 capiteque
1596 1024 1891 1095 unguentis
1915 1024 2011 1079 de-

431 1118 625 1182 libuto,
686 1118 740 1173 9.
794 1120 933 1174 hanc
960 1126 1123 1186 atque
1164 1118 1311 1172 illam
1356 1118 1639 1171 mulierem
1664 1116 1845 1172 cernis
1867 1157 1883 1182 ,
1914 1131 2011 1170 va—

430 1225 669 1279 namque
718 1210 887 1264 vitam
923 1225 1063 1264 vane
1106 1210 1396 1281 transigis‘!
1448 1208 1595 1265 Nihil
1637 1210 1783 1265 enim
1815 1220 2010 1281 praeter

429 1302 549 1357 haec
576 1303 673 1358 tibi
701 1302 974 1373 reliquum
996 1311 1114 1368 est,
1161 1316 1264 1356 nec
1308 1302 1363 1355 in
1412 1301 1516 1356 bac
1547 1300 1695 1365 vita,
1748 1316 1848 1356 nec
1888 1309 2008 1370 post

430 1404 684 1451 mortem.
724 1394 811 1450 10,
840 1394 1029 1449 Facito
1052 1395 1251 1464 igitur,
1284 1409 1408 1463 quae
1435 1402 1639 1449 temere
1661 1401 1717 1448 et
1744 1392 1886 1447 ultro
1916 1407 2013 1449 oc-

433 1496 683 1543 currunt.
744 1484 929 1557 Neque
954 1485 1101 1541 enim
1133 1484 1403 1540 rationem
1426 1484 1624 1539 horum
1657 1486 1948 1555 quisquam
1979 1500 2010 1539 a

435 1587 489 1633 te
513 1580 691 1650 exiget
719 1597 733 1632 :
770 1593 872 1633 nec
900 1578 1180 1633 hominum
1205 1577 1346 1631 facta
1368 1617 1383 1642 ,
1428 1577 1536 1633 nisi
1563 1577 1704 1648 apud
1738 1576 2007 1643 homines,

2108 472 2209 543 τὴν
2239 474 2477 540 γυναῖκα
2508 471 2710 543 ταύτην
2730 512 2745 536 ,
2790 471 3050 542 κάκείνην
3088 470 3144 524 δέ
3180 471 3423 543 ματαίως
3459 470 3553 525 τὸν
3582 472 3687 542 μάς

2108 583 2256 622 ταιον
2279 563 2515 637 πάρελθε
2555 563 2694 634 βίον;
2725 562 3121 635 (8ἱο.)Ἒτερον
3145 563 3255 633 γὰρ
3281 562 3433 617 οὐδὲν
3465 562 3685 616 ὑπολείσ-

2110 658 2271 713 πεταί
2297 676 2378 712 σοι
2401 655 2555 729 παρὰ
2566 655 2755 719 ταῦτα,
2772 657 2871 709 οὐκ
2896 654 3081 708 ἐνθάδε
3105 695 3120 720 ,
3141 654 3262 709 οὐδὲ
3276 656 3416 725 μετὰ
3430 653 3680 709 θάνατον.

2122 749 2283 804 Ἀλλὰ
2317 750 2522 821 πράττε
2563 748 2632 801 τὰ
2670 747 3063 819 προστυχόντα.
3101 745 3241 801 Οὔτε
3273 747 3382 821 γὰρ
3427 746 3685 818 λογισμὸν

2112 841 2172 895 σέ
2202 859 2288 904 τις
2333 840 2542 894 τούτων
2582 840 2936 912 εἰσπράξεται
2958 855 2973 870 ⁸
3008 837 3121 892 οὗθ’
3163 838 3303 904 ὅλως
3357 839 3686 909 γινώσκεται

2109 935 2269 998 ἐκτὸς
2308 933 2609 1005 ἀνθρώπων
2638 932 2709 986 τὰ
2748 933 2840 986 ὑπ’
2873 931 3172 1004 ἀνθρώπων
3200 932 3481 1005 γινόμενα.
3519 932 3687 1004 ᾍδης

2108 1027 2185 1094 δὲ,
2231 1028 2260 1080 ὅ
2314 1027 2368 1080 τί
2407 1044 2537 1080 ποτε
2581 1026 2674 1080 καὶ
2712 1025 2893 1090 ἔστιν,
2929 1026 3009 1089 είς
3035 1025 3093 1079 ὃν
3123 1025 3342 1079 ἀπιέναι
3379 1025 3685 1097 λεγόμεθα,

2112 1118 2304 1189 σοφίας
2335 1120 2429 1173 καὶ
2475 1118 2779 1191 αἰσθήσεως
2807 1120 3044 1190 ἀμοιρεῖ.
3094 1116 3280 1172 Ταῦτα
3337 1119 3437 1190 μὲν
3481 1120 3532 1179 οἱ
3582 1118 3690 1190 μά-

2108 1228 2272 1266 ταιοι.
2317 1210 2456 1281 Ἐγὼ
2492 1211 2549 1265 δὲ
2595 1206 2655 1265 εὖ
2694 1206 2839 1274 οἶδα,
2882 1210 2957 1274 t'o;
2997 1209 3120 1263 οὔτε
3163 1212 3214 1263 οί
3245 1210 3564 1280 κουφότατοι
3601 1210 3690 1263 δο-

2110 1303 2332 1368 κοῦντες
2367 1304 2460 1359 τὸν
2501 1304 2673 1375 μέγαν
2710 1303 2908 1377 δρόμον
2952 1305 3157 1357 ἐκεῖνον
3204 1303 3493 1357 ἀνύσουσιν
3515 1343 3531 1368 ,
3560 1301 3688 1356 οὔτε

2110 1399 2159 1450 οί
2194 1397 2406 1451 δυνατοὶ
2454 1399 2548 1452 καὶ
2576 1397 2796 1467 φοϐεροὶ
2833 1396 2985 1469 παρὰ
3020 1395 3328 1468 ἀνθρώποις
3362 1396 3690 1467 δεδοξασμέ-

2109 1507 2190 1544 νοι
2210 1530 2224 1555 ,
2265 1490 2357 1543 τὸν
2387 1489 2615 1560 φοϐερὸν
2647 1490 2881 1561 πόλεμον
2910 1490 3245 1561 νικήσουσιν.
3280 1490 3419 1543 Ἀλλ’
3467 1490 3588 1544 οὐδὲ
3627 1492 3689 1545 ἐν

2111 1582 2310 1654 ἐδωδῆς
2356 1580 2549 1654 πλήθει
2592 1582 2851 1655 φρόνησις
2878 1581 3265 1655 δοκιμάζεται,
3297 1584 3419 1637 οὐδὲ
3468 1582 3688 1648 σύνεσις

429 1670 545 1725 ullo
576 1670 741 1726 modo
770 1678 1199 1741 cognoscuntur.
1253 1666 1429 1725 Orcus
1458 1676 1663 1734 autem,
1698 1669 2010 1741 quicunque

2113 1672 2325 1745 πλούτῳ
2371 1677 2646 1729 κοινωνεῖν
2688 1673 2898 1729 εἴωθεν.
2955 1674 3091 1729 Οὐδὲ
3125 1674 3406 1748 συγχαίρω
3432 1677 3546 1738 τοῖς
3575 1676 3691 1728 οίο-

433 1760 652 1816 tandem
680 1762 768 1816 ille
795 1736 879 1817 est
898 1802 913 1827 ,
966 1761 1033 1815 ad
1059 1774 1219 1831 quem
1248 1760 1400 1814 abire
1425 1760 1691 1826 dicimur,
1714 1736 2010 1828 sapientiae

2115 1736 2309 1840 μένοις·
2344 1766 2590 1831 ἅπαντας
2636 1766 2745 1822 τῶν
2792 1767 2995 1839 ὁμοίων
3047 1736 3353 1835 negabam:
3420 1736 3571 1821 Πάνυ
3629 1766 3692 1824 δέ

430 1863 485 1909 et
521 1869 719 1908 sensus
749 1861 834 1908 est
868 1867 1084 1922 expers.
1124 1852 1303 1921 Atque
1348 1850 1464 1906 haec
1489 1851 1617 1906 vani
1647 1850 1897 1906 homines
1929 1851 2012 1905 lo-

430 1954 693 2016 quuntur.
755 1947 843 2000 11.
876 1944 989 2016 Ego
1014 1959 1143 1998 vero
1171 1953 1377 1999 certum
1415 1942 1618 2011 habeo,
1664 1958 1766 1999 nec
1790 1959 1887 1999 eos
1915 1943 2009 2014 qui

369 2088 371 2090 .
431 2038 632 2106 pedum
678 2036 895 2091 levitate
929 2044 1187 2105 praestare
1233 2036 1512 2102 videntur,
1542 2050 1799 2105 magnum
1855 2035 2007 2089 illum

430 2144 654 2185 cursum
685 2138 1037 2198 peracturos;
1083 2144 1183 2184 nec
1211 2142 1308 2184 eos
1344 2128 1436 2198 qui
1468 2136 1716 2198 potentes
1741 2135 1795 2182 et
1820 2124 2010 2181 formi-

430 2219 640 2275 dabiles
676 2217 818 2288 apud
852 2219 1103 2275 homines
1154 2219 1325 2274 habiti
1358 2218 1590 2286 fuerint,
1632 2218 1835 2274 bellum
1876 2217 2008 2272 illud

433 2310 776 2366 formidabile
822 2309 1189 2367 confecturos.
1234 2309 1345 2367 Nec
1373 2326 1501 2366 vero
1531 2310 1819 2381 prudentia
1850 2308 1906 2363 in
1933 2310 2011 2363 ci-

433 2403 628 2459 borum
685 2403 841 2473 copia
873 2404 1221 2474 exploratur,
1270 2417 1372 2457 nec
1406 2403 1677 2474 sagacitas
1709 2398 2007 2473 quidquam

431 2507 721 2549 commune
769 2495 970 2550 habere
1016 2509 1141 2549 cum
1194 2494 1389 2564 opibus
1422 2493 1722 2549 consuevit.
1782 2491 1870 2547 12.
1900 2489 2011 2547 Nec

432 2587 502 2640 iis
533 2585 918 2655 gratulandum
948 2598 1100 2657 puto,
1131 2587 1227 2658 qui
1261 2601 1451 2641 omnes
1484 2586 1553 2642 ad
1573 2585 1761 2642 eadem
1788 2600 2012 2656 perven-

431 2689 584 2733 turos
609 2694 730 2735 esse
756 2680 1112 2735 arbitrantur.
1174 2678 1337 2735 Gravi
1361 2679 1508 2735 enim
1538 2693 1734 2749 sopore
1761 2677 2009 2749 oppressi

432 2771 569 2826 mihi
593 2771 870 2837 videntur,
902 2773 995 2850 qui
1023 2787 1108 2828 res
1143 2771 1456 2843 hujusmodi
1489 2772 1760 2842 cogitant;
1793 2785 1894 2826 nec
1925 2784 2011 2829 sc-

431 2880 557 2918 cum
589 2872 840 2934 reputant
876 2863 1027 2931 fore,
1078 2874 1137 2920 ut
1169 2865 1401 2935 piscium
1434 2864 1609 2920 instar
1636 2872 1798 2935 atque
1825 2863 2006 2919 avium

2112 1856 2406 1912 ὑπνώττειν
2434 1858 2675 1911 ἐοίκασιν
2707 1860 2756 1911 οί
2785 1856 2854 1910 τὰ
2879 1858 3103 1912 τοιαῦτα
3134 1857 3559 1930 ἐνθυμούμενοι,
3592 1859 3690 1912 καὶ

2113 1951 2187 2023 μὴ
2218 1949 2587 2021 λογιζόμενοι,
2616 1949 2691 2014 ὡς
2714 1949 2869 2021 δίκην
2899 1948 3098 2021 ίχθύων
3142 1951 3237 2004 καὶ
3268 1950 3472 2022 ὀρνέων
3518 1950 3691 2022 ἀνάρ-

2110 2059 2306 2096 παστοι
2332 2043 2634 2113 γινόμενοι,
2665 2043 2722 2095 ἐν
2753 2045 2945 2107 κακοῖς
2976 2041 3463 2114 κατατριϐήσονται
3487 2083 3502 2103 .
3533 2043 3692 2112 ἄφνω

2108 2135 2208 2205 τῆς
2236 2133 2392 2200 ἀξίας
2423 2134 2678 2205 λαχόντες
2706 2135 3006 2206 ἐπιτιμίας.
3044 2136 3185 2206 Ἐγὼ
3215 2136 3271 2190 δὲ
3304 2136 3501 2205 σοφίαν
3541 2135 3692 2190 οὕτω

2108 2244 2160 2281 τι
2196 2228 2338 2299 μέγα
2379 2228 2614 2301 ἠγοῦμαι
2638 2270 2653 2290 ,
2682 2227 2758 2292 ὡς
2784 2229 2877 2281 καὶ
2920 2229 3073 2283 πόλιν
3113 2229 3315 2302 μικρὰν
3363 2231 3454 2284 ὑπ’
3489 2229 3691 2298 ὀλίγων

2112 2315 2209 2385 μὲν
2234 2314 2583 2385 οίκουμένην,
2610 2314 2716 2368 ὑπὸ
2741 2315 2799 2368 δέ
2827 2315 3066 2386 μεγάλου
3096 2316 3562 2388 πολιορκουμένην
3595 2317 3694 2388 βα-

2111 2403 2299 2466 σιλέως
2353 2405 2526 2474 χειρὶ,
2565 2402 2764 2476 πολλὴν
2795 2404 2888 2459 καί⁵
2923 2405 3168 2477 μεγάλην
3198 2405 3476 2478 ἠγοῦμαι,
3508 2408 3556 2460 εἰ
3592 2409 3692 2463 καὶ

2109 2495 2203 2548 ἕνα
2248 2495 2410 2561 σοφὸν
2439 2492 2605 2565 ἄνδρα
2650 2492 2873 2566 πολίτην
2904 2493 3017 2565 ἔχοι
3050 2494 3278 2567 πένητα.
3324 2495 3553 2550 Δύναιτο
3579 2497 3691 2565 γὰρ

2108 2587 2174 2642 ἂν
2202 2580 2359 2651 οὗτος
2403 2587 2496 2640 καὶ
2525 2587 2591 2639 ἐκ
2616 2585 2726 2640 τῶν
2758 2586 3053 2659 πολεμίων,
3089 2587 3185 2640 καὶ
3210 2588 3275 2640 ἐκ
3304 2586 3413 2641 τῶν
3442 2605 3694 2659 χαρακω-

2112 2679 2298 2752 μάτων
2339 2678 2436 2752 τὴν
2478 2678 2674 2733 ἐαυτοῦ
2712 2678 2974 2733 διασῶσαι
3025 2677 3201 2734 πόλιν.
3244 2681 3355 2734 Καὶ
3394 2680 3545 2734 ἄλλοι
3590 2680 3692 2751 μὲν

2108 2774 2200 2828 τὸν
2226 2773 2388 2844 σοφὸν
2414 2775 2616 2827 ἐκεῖνον
2641 2772 2702 2826 οὐ
2738 2770 3061 2842 γινώσκουσι
3107 2772 3314 2845 πένητα
3330 2790 3345 2803 ⁸
3380 2771 3492 2842 ἐγὼ
3511 2772 3568 2827 δὲ
3594 2774 3692 2828 καὶ

2110 2866 2250 2920 πάνυ
2282 2865 2559 2937 προκρίνω
2584 2865 2683 2936 τὴν
2726 2864 2782 2917 ἐν
2827 2864 2992 2937 σοφίᾳ
3030 2865 3182 2934 ίσχὺν
3222 2853 3424 2936 ταύτης
3449 2866 3550 2937 τῆς
3589 2866 3691 2936 δη-

432 2956 663 3026 abrepti,
696 2958 748 3012 in
780 2958 939 3013 malis
972 2966 1275 3021 versentur,
1311 2972 1373 3011 ac
1401 2957 1584 3013 subito
1610 2972 1711 3026 pro
1739 2956 2008 3011 scelerum

2113 2954 2322 3029 μώδους
2382 2955 2681 3027 δυνάμεως.
2743 2954 2880 3009 Ἀλλ’
2952 2954 3136 3010 ἐνθάδε
3205 2957 3303 3028 μὲν
3360 2956 3689 3028 ἀτιμάζεται

432 3052 631 3105 merito
675 3066 866 3121 pinnas
912 3050 1083 3104 luant.
1145 3050 1231 3104 15.
1269 3049 1339 3103 At
1362 3049 1643 3103 enimvero
1684 3047 2004 3118 sapientiam

2113 3049 2274 3118 σοφία
2325 3047 2486 3120 πενίᾳ
2564 3046 2923 3101 συνοικοῦσα·
2982 3048 3377 3121 ἀκουσθήσεται
3421 3049 3479 3103 δὲ
3528 3050 3691 3121 μετέ-

434 3146 568 3201 tanti
595 3144 740 3201 facio
770 3154 934 3215 atque
954 3142 1185 3211 aestimo,
1216 3152 1275 3198 ut
1294 3157 1519 3212 parvam
1542 3141 1706 3197 etiam
1735 3141 2007 3197 civitatem

2114 3155 2276 3192 πειτα
2308 3136 2703 3210 ὁπερφωνοῦσα
2729 3136 2995 3200 δυνάστας
3037 3138 3132 3191 καὶ
3177 3138 3475 3209 τυράννους
3501 3138 3691 3193 κακῶν

434 3255 463 3293 a
493 3238 682 3309 paucis
720 3237 1016 3292 habitatam
1035 3277 1051 3303 ,
1081 3244 1246 3305 atque
1270 3235 1407 3290 adeo
1434 3249 1466 3289 a
1488 3248 1687 3304 magno
1730 3247 1855 3304 rege
1882 3247 2008 3289 cum

2113 3231 2490 3305 ὀρεγομένους.
2547 3229 2718 3299 Σοφία
2761 3229 2871 3302 γὰρ
2902 3230 2997 3284 καὶ
3042 3229 3259 3301 σιδήρου
3303 3224 3686 3303 δυνατωτέρα·

434 3337 676 3390 exercitu
703 3334 1148 3397 circumsessam,
1180 3345 1431 3401 magnam
1460 3338 1514 3385 et
1538 3327 1875 3397 frequentem
1897 3325 2010 3381 exi-

2125 3323 2427 3396 ⁹Δφροσύνη
2455 3340 2515 3376 τε
2547 3321 2664 3385 ἐνὸς
2710 3321 2923 3386 πολλοῖς
2961 3320 3202 3375 κίνδυνον
3248 3321 3564 3393 ἐργάζεται,
3586 3322 3691 3378 κᾶν

434 3422 687 3486 stimem,
724 3422 771 3476 si
814 3420 898 3475 vel
942 3432 1231 3491 pauperem
1270 3432 1437 3474 unum
1488 3415 1784 3487 sapientem
1833 3415 2009 3471 virum

2117 3415 2328 3479 πολλοῖς
2356 3414 2467 3488 (25)
2501 3414 2909 3486 καταφρόνητος
3645 3428 3656 3437 ‘

434 3511 606 3566 civem
634 3510 848 3565 habeat.
892 3509 980 3563 14.
1014 3506 1113 3562 Hic
1138 3507 1304 3575 enim,
1331 3517 1447 3562 tum
1513 3506 1583 3561 ah
1629 3506 1868 3562 hostium
1924 3506 2160 3577 impetu,
2207 3512 2323 3560 tum
2356 3521 2387 3561 a
2435 3506 3030 3565 circumvallationibus
3080 3517 3134 3565 et
3193 3508 3695 3581 oppugnationibus

435 3604 707 3659 civitatem
756 3618 913 3659 suam
957 3601 1279 3657 incolumem
1333 3599 1474 3654 tueri
1520 3598 1737 3668 poterit.
1805 3598 1894 3653 15.
1945 3596 2012 3653 Ει
2042 3597 2291 3668 quamvis
2338 3597 2429 3653 alii
2457 3613 2750 3670 pauperem
2792 3599 2945 3655 illum
3000 3601 3301 3670 sapientem
3373 3617 3483 3657 non
3513 3617 3685 3672 agnos

435 3713 590 3759 scant
619 3721 631 3757 :
669 3700 759 3756 16.
800 3716 901 3771 ego
924 3709 1100 3754 tamen
1128 3698 1405 3768 sapientia:
1428 3696 1593 3763 vires,
1640 3695 1889 3766 populari
1943 3695 2070 3750 huic
2113 3695 2368 3766 potentia:
2418 3695 2577 3766 longe
2600 3704 2893 3766 antepono.
2959 3692 3158 3750 Verum
3186 3695 3275 3751 hic
3298 3695 3519 3766 quidem
3545 3696 3695 3766 jacet

435 3807 489 3852 et
522 3795 894 3853 contemnitur
918 3793 1204 3864 sapientia,
1236 3807 1356 3861 quae
1381 3806 1507 3847 cum
1562 3797 1880 3860 paupertate
1931 3788 2222 3859 conjuncta
2273 3798 2358 3845 est
2413 3807 2427 3844 :
2480 3788 2568 3843 17.
2609 3796 2866 3844 caeterum
2919 3797 3105 3859 postea
3133 3788 3407 3855 audietur,
3435 3788 3689 3843 altiorem

433 3904 623 3946 vocem
652 3890 852 3955 edens,
879 3902 1041 3957 quam
1071 3884 1344 3955 principes
1377 3892 1432 3937 et
1467 3882 1712 3954 tyranni,
1766 3883 2034 3938 malorum
2086 3882 2384 3953 cupiditate
2437 3881 2751 3954 ﬂagrantes.
2813 3881 3088 3954 Sapientia
3136 3884 3283 3937 enim
3329 3881 3474 3938 ferro
3521 3885 3689 3939 etiam

436 3980 559 4056 ipso
589 3984 785 4038 fortior
813 3990 898 4038 est
937 4000 952 4036 :
1006 3980 1092 4036 18.
1131 3979 1370 4035 Stultitia
1393 3988 1575 4035 autem
1608 3980 1793 4045 unius,
1849 3979 2037 4036 multis
2091 3978 2395 4050 periculum
2445 3979 2709 4048 accersit;
2755 3978 2968 4035 etiamsi
2995 3979 3179 4034 multis
3202 3978 3334 4037 levis
3359 3989 3415 4037 et
3443 3990 3691 4037 contem-

438 4077 642 4149 ptibilis
679 4078 770 4132 sit.

1066 4163 1295 4220 CAPUT
1344 4162 1411 4218 X.

512 4263 567 4318 1.
596 4259 732 4317 Nam
765 4275 967 4315 musca:
999 4259 1053 4313 in
1080 4265 1414 4329 unguentum
1460 4256 1729 4327 prolapsa:
1760 4264 1815 4311 et
1843 4255 2012 4311 sulfu-

2725 4162 2974 4216 ΚΕΦΑΛ.
3010 4164 3067 4218 l'.

2188 4256 2298 4309 Καὶ
2324 4252 2434 4327 γὰρ
2466 4256 2619 4325 μυῖαι
2648 4252 2986 4325 ἐμπεσοῦσαι
3026 4254 3182 4326 μύρῳ
3201 4294 3215 4316 ,
3259 4254 3351 4309 καὶ
3395 4256 3694 4311 ἐναποπνι-

438 4364 592 4421 catae,
620 4355 935 4410 indecorum
965 4349 1148 4407 suavis
1181 4349 1327 4404 illius
1373 4348 1603 4419 liquoris
1634 4355 1920 4417 aspectum
1958 4355 2010 4401 et

2115 4350 2314 4417 γεῖσαι,
2338 4347 2620 4418 ἀσχήμονα
2649 4345 2743 4400 τοῦ
2774 4347 2928 4418 ἡδέος
2971 4347 3177 4401 ἐκείνου
3223 4348 3550 4422 χρίσματος,
3588 4352 3691 4421 τήν

439 4450 752 4506 unctionem
814 4446 1075 4502 reddunt:
1121 4443 1399 4514 sapientia:
1444 4451 1625 4496 autem
1669 4449 1724 4496 et
1773 4439 2015 4496 stultitia:

439 4540 603 4596 simul
625 4538 959 4601 meminisse,
993 4536 1127 4590 nihil
1155 4536 1424 4591 convenit.
1463 4535 1518 4590 2.
1562 4532 1791 4604 Sapiens
1817 4534 2015 4605 quippe

438 4637 508 4691 ad
546 4650 636 4692 res
666 4632 892 4688 dextras
920 4643 973 4686 et
994 4631 1253 4685 honestas
1282 4628 1385 4684 sibi
1412 4628 1515 4699 ipsi
1539 4627 1650 4683 dux
1670 4635 1780 4682 est:
1816 4627 2014 4683 stultus

439 4736 621 4783 autem
651 4725 719 4781 ad
747 4725 911 4780 laevas
949 4719 1267 4793 propendet,
1285 4734 1385 4774 nec
1413 4733 1652 4789 unquam
1682 4716 1749 4772 ad
1775 4732 1861 4772 res
1878 4731 2015 4787 pra:-

511 4926 624 4997 (25)
654 4920 1080 4997 Κᾷνῌπολλοῗς.
1118 4920 1208 4975 Sic
1229 4918 1839 4997 BodleianusAnglic'us
1877 4912 2015 4973 iiber

439 5008 494 5051 et
519 4988 641 5052 cod.
674 4994 866 5049 Medic.
894 4999 963 5047 At
985 5007 1118 5046 mss.
1145 5006 1257 5057 reg.
1282 4991 1433 5044 card.
1455 4988 2012 5053 Lothar.'etTliuan.,

441 5066 545 5122 κᾶν
579 5065 736 5120 πολύ.
766 5063 978 5118 Rursus
1014 5061 1156 5115 idem
1194 5062 1362 5115 codex
1394 5058 1587 5114 Medic.
1612 5075 1709 5130 pro
1737 5058 2013 5128 καταφρό-

439 5155 598 5208 νητος
622 5131 1125 5208 scriptum_exltibet
1145 5126 1693 5208 ερκαταφρόνητοςῇ.
1724 5130 1803 5182 Ita
1828 5126 2015 5208 postea

442 5200 562 5275 cap.
617 5200 834 5270 xn,'5,
877 5204 1062 5273 ὥσπερ
1100 5200 1498 5274 μελαίνηςκαὶ
1541 5200 2013 5271 εὐκαταφρονήτου

443 5278 801 5350 καππάρεως.
834 5275 967 5350 Dug.

515 5339 888 5416 (‘24)'Xplmr.
917 5344 1090 5400 Prava
1140 5342 1300 5416 lectio
1340 5356 1561 5411 pravam
1601 5339 1808 5416 peperit
1836 5339 2012 5396 (Eco-

440 5412 1089 5493 lampadiiversionemi
1128 5413 1325 5493 Musca}
1367 5420 1475 5466 tam
1528 5412 2011 5493 ungiionemnqunm

440 5481 693 5555 unguenti
726 5487 917 5555 faciem
964 5487 1187 5540 reddunt
1226 5484 1533 5555 deformem.
1591 5481 1777 5555 Neque
1822 5481 2013 5537 Billius

441 5553 599 5611 aliter
630 5553 1019 5625 interpretatus
1059 5565 1172 5619 est,
1203 5554 1348 5626 quod
1398 5569 1506 5608 non
1541 5553 2014 5608 animadvertisset

443 5627 498 5678 in
525 5626 711 5681 codice
739 5624 934 5682 Medic.
973 5624 1237 5696 scripturn
1255 5624 1449 5696 χρῆσιν
1468 5664 1483 5687 ,
1517 5640 1706 5686 usum;
1728 5639 1836 5696 quo
1854 5633 2014 5696 pacto

441 5698 846 5753 emendandum
875 5693 1097 5754 censuit
1110 5693 1385 5753 Masculus
1404 5710 1528 5752 cum
1549 5696 1712 5751 dixit:
1750 5693 2010 5766 Unguenti

2112 4455 2174 4492 τε
2202 4438 2345 4508 ὅφιν,
2380 4438 2474 4491 καὶ
2504 4437 2601 4508 τὴν
2632 4437 2810 4509 χρίσιν
2855 4435 2968 4508 (24)
2999 4437 3319 4510 ἐργάζονται
3339 4454 3355 4468 ο
3410 4439 3603 4508 σοφίας
3631 4438 3692 4492 δέ

2112 4528 2205 4585 καὶ
2237 4528 2547 4602 ἀφροσύνης
2566 4528 2716 4582 οὐδὲν
2738 4530 2795 4583 ἐν
2826 4528 3007 4601 ταυτῷ
3037 4528 3347 4600 μεμνῆσθαι
3388 4531 3684 4602 προσῆκον.

2124 4622 2182 4675 '0
2219 4620 2318 4692 μέν
2362 4637 2427 4690 γε
2481 4619 2642 4690 σοφὸς
2676 4620 2863 4675 ἐαυτὸν
2896 4621 2987 4674 ἐπὶ
3010 4619 3159 4686 δεξιὰ
3191 4620 3300 4676 τῶν
3346 4624 3689 4694 πραγμάτων

2111 4712 2299 4786 ὁδηγεῖ
2321 4730 2334 4744 ·
2371 4713 2560 4786 ἄφρων
2581 4713 2637 4766 δὲ
2659 4714 2739 4777 είς
2757 4711 3020 4786 ἀριστερὰ
3044 4712 3157 4785 (25)
3174 4713 3556 4780 ἀπονενευκεν,
3579 4715 3689 4768 οὐδ’

2110 4914 2261 4968 illius
2273 4924 2320 4968 et
2334 4914 2553 4983 speciem
2572 4923 2621 4967 et
2641 4924 2794 4969 usum
2809 4917 3110 4983 deturpant.
3126 4912 3327 4968 Catena
3350 4913 3537 4969 Graeca
3557 4930 3688 4977 ms.,

2112 4986 2208 5065 καὶ
2232 4982 3014 5065 γὰρνμυῖαι-ἐνᾳ-ποπνιγεῖσαιι
3036 4982 3210 5065 μύρῳ,
3244 4984 3515 5065 amp—.3»
3555 4986 3694 5065 αὐτᾷ

2114 5053 2468 5128 ἐργάζονταιο
2494 5055 2600 5110 τῶν
2636 5053 3025 5128 Ἰουδαίωνᾼκαὶ
3039 5053 3328 5128 αἱρετικῶν
3354 5053 3404 5109 οἱ
3440 5055 3692 5128 λογισμοὶ

2114 5074 2468 5128 εργαςονται-
2494 5074 2600 5110 των
2640 5074 2902 5108 ἰουοαιων
2930 5074 3025 5108 και
3039 5074 3328 5125 αιρετικων
3354 5074 3404 5109 οι
3440 5074 3596 5125 Αογισ
3674 5074 3692 5107 ι

2113 5126 2474 5197 ἐμπίπτοντες
2500 5128 2565 5196 τῇ
2599 5123 2706 5197 τῶν
2742 5124 2972 5197 Γραφῶν
3012 5125 3229 5197 εὐωδίᾳ,
3264 5125 3491 5190 ἑαυτούς
3507 5145 3567 5180 τε
3593 5074 3693 5181 8':-

2113 5196 2352 5269 νατοῦσι,
2388 5197 2480 5269 καὶ
2514 5196 2717 5269 σαπρὸν
2760 5196 3237 5269 παρασκευάζουσι
3273 5198 3383 5269 τοῖς
3431 5197 3692 5267 πειθομέ-

2113 5284 2225 5342 νοις
2242 5266 2314 5342 Δτὸ
2340 5267 2534 5342 μύρον.
2574 5266 2719 5342 Nam
2760 5282 2953 5321 muscae
2993 5268 3270 5342 miracula
3307 5267 3362 5320 in
3397 5266 3691 5342 unguento,

2114 5337 2301 5391 inutile
2330 5337 2501 5407 ipsum
2526 5337 2787 5407 reddunt:
2819 5353 3003 5392 sensus
3030 5337 3343 5392 Judazorum
3383 5347 3434 5391 et
3473 5337 3692 5393 lucreti-

2114 5424 2296 5463 corum
2324 5405 2378 5463 in
2415 5407 2605 5463 bonam
2644 5405 2933 5477 Scriptura:
2969 5408 3330 5479 fragrantiam
3374 5410 3690 5474 incidentes,

2112 5488 2160 5533 et
2190 5479 2908 5549 seipsosmorteialﬁciunt,
2954 5488 3004 5532 et
3048 5489 3368 5549 unguentum
3410 5481 3693 5547 putridum

2113 5549 2354 5619 efﬁciunt
2387 5548 2516 5612 illis,
2548 5548 2637 5615 qui
2664 5550 2900 5619 obsecuti
2923 5550 2999 5603 eis
3025 5548 3349 5619 fuerintaln.

2187 5619 2298 5695 (Ξᾷ)
2326 5623 2429 5695 Εἰς
2454 5618 2754 5695 ᾀριστερᾴ.
2794 5618 2963 5676 Codd.
3004 5618 3118 5694 reg.
3152 5628 3208 5679 et
3238 5618 3431 5692 Savil.,
3462 5621 3543 5685 είς
3575 5621 3695 5695 ἀρι-

2115 5691 2334 5761 στεράν,
2362 5692 2429 5744 ad
2458 5690 2663 5745 laevam.
2697 5691 2772 5746 ln.
