3934 6198
195 256 319 315 1013

185 378 325 433 εστιν
344 374 436 428 ὅτε
465 371 644 427 καλῶν
666 369 844 442 ὁδηγῷ
865 369 1202 442 πραγμάτων
1240 369 1516 440 ἀφροσύνῃ
1560 369 1754 440 χρήσε-
1781 373 1825 428 Α

181 485 287 523 ται.
319 465 540 520 Μάταια
567 463 624 516 δὲ
650 461 814 515 αὑτοῦ
848 461 938 514 καὶ
983 459 1049 514 τὰ
1079 459 1437 530 ἐνθυμήματα
1459 496 1476 523 ,
1513 456 1748 530 ἀφροσύ-

181 577 275 630 νης
307 553 789 626 ἀναπεπλησμένα.
834 552 895 605 Εἰ
942 551 998 605 δὲ
1026 552 1119 605 καὶ
1150 550 1367 622 πνεῦμά
1408 552 1488 603 σοί
1520 567 1668 614 ποτε,
1702 544 1748 604 ὧ

180 652 353 722 φίλος,
381 648 639 719 πολέμιον
671 644 989 718 προσπέσοι,
1026 643 1239 714 ἕνστηθι
1273 643 1629 715 ἐρρωμένως,
1660 661 1748 712 γι-

179 742 406 796 νώσκων
432 741 509 816 ῶς
532 740 624 793 καὶ
657 737 868 792 πολλῶν
916 736 1327 808 ἁμαρτημάτων
1368 735 1567 806 πλῆθος
1619 735 1764 808 Θεὸς,

181 834 470 889 ἱλάσασθαι
501 833 738 886 δύναται.
765 830 1039 903 Τυράννου
1067 829 1122 883 δὲ
1143 830 1278 900 ἔργα
1301 827 1494 892 ταῦτα,
1530 827 1624 881 καὶ
1647 844 1750 881 πακ

178 927 306 999 τρὸς
335 927 518 997 πάσης
550 925 830 997 πονηρίαςο
865 922 954 976 τὸν
981 923 1076 994 μὲν
1105 921 1312 994 ἄφρονα
1338 922 1418 984 είς
1446 920 1578 989 ὕψος
1604 920 1751 991 αἴρε-

178 1019 342 1082 σθαι,
384 1019 477 1072 τὸν
518 1017 771 1071 πλούσιον
812 1015 868 1068 δὲ
908 1015 1162 1086 φρονήσει
1201 1011 1616 1068 ταπεινοῦσθαιο
1657 1012 1750 1066 καὶ

175 1110 399 1173 δούλους
433 1111 528 1180 μὲν
561 1107 841 1182 ἁμαρτιῶν
877 1108 968 1160 ἐπὶ
995 1107 1159 1159 ἵππον
1175 1105 1523 1176 φερομένους,
1555 1102 1751 1173 ἄνδρας

174 1202 232 1255 δὲ
270 1202 452 1272 ἱεροὺς
483 1200 793 1270 βαδίζοντας
826 1199 1035 1270 ἀτίμως
1065 1199 1315 1271 ὁρᾶσθαι,
1353 1197 1460 1251 τῶν
1500 1195 1751 1268 πονηρῶν

175 1294 588 1365 γαυρουμένων.
619 1294 681 1346 Εἰ
708 1293 764 1346 δέ
794 1309 878 1356 τις
915 1291 1084 1363 ἑτέρῳ
1129 1291 1464 1344 ἐπιϐουλεύει
1485 1333 1498 1354 ,
1530 1289 1751 1360 λέληθεν

176 1387 345 1440 αὑτὸν
359 1387 435 1450 ὼς
460 1386 632 1458 ἐαυτῷ
664 1384 865 1457 πρώτῳ
902 1387 994 1438 καὶ
1025 1385 1171 1456 μόνῳ
1203 1383 1414 1455 ἔνεδρον
1443 1383 1747 1455 ἐργάζεται.

185 1476 246 1531 ⁸0
267 1478 328 1531 δὲ
363 1477 638 1548 καθαιρῶν
653 1477 810 1531 ἄλλου
827 1477 1145 1544 ἀσφάλειαν,
1181 1479 1551 1548 περιπεσεῖται
1579 1476 1756 1545 ὄφεως

173 1569 437 1641 δήγματι.
465 1568 622 1623 Ἀλλά
655 1570 728 1641 μὴ
761 1568 872 1641 [ῖσ.
909 1568 1038 1640 μὴν]
1078 1571 1105 1622 6
1145 1568 1321 1633 λίθους
1355 1568 1750 1641 ἐξαιρούμενος,

176 1662 398 1716 ὑποίσει
412 1663 570 1716 πόνον
589 1663 648 1715 οὑ
665 1661 884 1734 μικρόν⁶
903 1660 1037 1715 ἀλλά
1052 1663 1144 1715 καὶ
1160 1661 1353 1732 σχίζων
1365 1661 1514 1727 ξύλα,
1533 1663 1589 1714 ἐν
1607 1658 1752 1730 αὑτῷ

174 1752 256 1823 τῷ
281 1752 470 1822 οἰκείῳ
483 1751 630 1823 ὅπλῳ
660 1751 752 1805 τὸν
777 1752 1018 1807 κίνδυνον
1038 1753 1192 1806 οῖσει.
1226 1752 1350 1804 Ἐἀν
1380 1752 1437 1805 δὲ
1458 1751 1635 1823 συμϐῇ
1653 1750 1748 1804 τοῦ
1782 1736 1825 1790 Β

177 1841 402 1895 στελεοῦ
426 1841 536 1912 (‘26)
552 1841 643 1895 τὸν
671 1840 901 1896 πέλεκυν
929 1841 1252 1913 ἐκπηδῆσαι,
1277 1840 1703 1912 θορυϐηθήσεται
1722 1842 1750 1894 6

173 1934 355 1988 ταῦτα
383 1932 764 2006 ἐργαζόμενος,
797 1933 897 1988 οὑκ
922 1934 1007 1986 ἐπ’
1032 1931 1219 2004 ἀγαθῷ
1249 1931 1593 2003 συγκομίζων
1614 1973 1628 1997 ,
1657 1933 1750 1986 καὶ

175 2029 433 2095 truting
465 2029 626 2092 αὑτὸς
655 2027 752 2100 τὴν
771 2027 962 2082 ἑαυτοῦ
995 2027 1176 2081 ἄδικον
1224 2028 1315 2081 καὶ
1346 2027 1629 2098 ὠκύμορον
1660 2027 1750 2080 δύ-

176 2140 363 2192 ναμιν.
397 2123 612 2190 Ὄφεως
636 2121 692 2174 δὲ
717 2121 898 2192 δῆγμα
928 2120 1178 2192 λαθραῖον
1203 2138 1216 2150 ·
1243 2119 1394 2173 οὑδέν
1424 2119 1747 2191 παραμυθή-

179 2232 368 2269 σονται
393 2216 445 2268 οἱ
478 2215 766 2287 ἐπᾴδοντες
787 2231 800 2244 ·
829 2213 1043 2284 μάταιοι
1079 2212 1187 2283 γάρ
1211 2215 1363 2267 εἰσιν.
1425 2211 1560 2265 Ἀλλ’
1590 2213 1618 2264 6
1653 2211 1749 2282 μὲν

178 2307 387 2377 ἀγαθὸς
411 2308 550 2380 ἀνὴρ
579 2307 758 2376 ἀγαθά
789 2309 1076 2379 ἐργάζεται
1097 2305 1244 2377 αὑτῷ
1271 2324 1329 2359 τε
1350 2306 1442 2360 καὶ
1473 2309 1584 2369 τοῖς
1617 2305 1751 2375 πλη-

183 2401 336 2454 σίον·
372 2403 403 2454 6
443 2401 500 2455 δὲ
540 2401 728 2474 ἄφρων
773 2403 852 2464 είς
894 2399 1113 2471 ὄλεθρον
1159 2401 1475 2470 ἐμπεσεῖται
1518 2398 1607 2452 διὰ
1650 2399 1750 2468 τῆς

182 2493 349 2548 αὑτοῦ
378 2494 659 2566 φλυαρίας.
699 2495 808 2548 Καὶ
836 2492 981 2557 ἅπαξ
1005 2491 1220 2556 ἀνοίξας
1250 2493 1310 2545 τὸ
1344 2492 1516 2563 στόμα
1535 2531 1549 2555 ,
1589 2492 1750 2564 ἄρχε-

182 2606 273 2642 ται
298 2589 569 2660 ἀφρόνως,
599 2590 692 2642 καὶ
729 2589 957 2644 παύεται
977 2588 1204 2659 ταχέως,
1233 2585 1320 2640 διὰ
1349 2584 1548 2648 παντὸς
1591 2584 1752 2637 ἐνδει-

183 2682 452 2753 κνύμενος
471 2682 567 2754 τὴν
597 2682 787 2736 ἑαυτοῦ
823 2682 1023 2737 ἄνοιαν.
1078 2680 1368 2753 Ἀνθρώπῳ
1399 2679 1454 2732 δὲ
1495 2677 1750 2732 ἀδύνατόν

181 2793 235 2829 τι
273 2775 501 2844 γνῶναι,
537 2776 628 2828 καὶ
654 2776 803 2848 παρὰ
820 2775 1102 2848 ἀνθρώπου
1135 2773 1322 2846 μαθεῖν
1341 2772 1408 2825 τὰ
1430 2772 1524 2825 ἀπ’
1555 2769 1748 2842 ἀρχῆς,

182 2867 216 2938 ἢ
242 2868 313 2921 τὰ
342 2868 582 2922 ἐπιόντα.
618 2869 713 2932 Τίς
740 2868 849 2940 γὰρ
874 2867 1024 2922 ἔσται
1055 2869 1083 2921 6
1115 2867 1400 2938 μηνύσων;
1436 2861 1750 2934 Ἀνθρωπος

181 2960 239 3014 δὲ
276 2960 340 3024 ὃς
367 2961 470 3014 οὑκ
487 2958 623 3015 οἶδεν
649 2962 729 3024 είς
753 2961 850 3031 τὴν
872 2959 1076 3032 ἀγαθὴν
1098 2957 1426 3030 πορευθῆναι
1454 2954 1630 3017 πόλιν,
1660 2953 1753 3007 κά-

183 3069 359 3106 κωσιν
409 3053 699 3124 ὑπομένει,
749 3055 860 3116 τοῖς
896 3070 957 3106 τε
988 3051 1313 3123 ὀφθαλμοῖς,
1345 3050 1437 3103 καὶ⁹
1476 3047 1552 3118 τῷ
1591 3044 1752 3100 παντὶ

184 3143 488 3215 προσώπῳ.
540 3145 697 3197 Πόλει
737 3145 795 3198 δὲ
837 3145 1022 3217 ἐκείνῃ
1063 3143 1206 3197 κακά
1250 3140 1517 3214 προλέγω,
1543 3135 1610 3210 ἧς
1636 3139 1664 3191 ὅ
1690 3154 1750 3190 τε

187 3236 446 3308 βασιλεὺς
472 3237 609 3301 νέος,
647 3237 740 3290 καὶ
765 3238 815 3290 οἱ
832 3237 1088 3309 ἄρχοντες
1107 3235 1528 3306 γαστρίμαργοι.
1562 3233 1753 3284 Μακα-

191 3329 325 3399 Ρίζω
356 3329 412 3382 δὲ
431 3331 533 3400 γῆν
564 3329 660 3399 τὴν
691 3327 898 3401 ἀγαθὴν
924 3368 938 3392 ,
971 3324 1039 3401 ἦς
1079 3326 1398 3398 βασιλεύειὸ
1428 3324 1522 3378 τοῦ
1552 3322 1755 3376 ἐλευθέ-

191 3437 284 3490 ρου
321 3421 465 3484 υίός·
512 3419 638 3474 ἔνθα
666 3421 933 3493 εὐκαίρως
969 3419 1364 3474 ἀπολαύσουσιν
1403 3415 1620 3486 ἀγαθῶν
1645 3455 1660 3479 ,
1703 3414 1751 3467 οί

188 3514 373 3566 ἐκεῖσε
416 3513 602 3586 ἄρχειν
645 3514 952 3586 ἠξιωμένοι.
1005 3513 1260 3584 ὐκνηρὸς
1313 3511 1370 3566 δὲ
1427 3511 1519 3564 καὶ
1565 3509 1752 3581 ἀργὸς,

187 3605 340 3658 οἶκον
383 3605 661 3659 ἐλαττοῦσι
705 3607 992 3676 χλευασταὶ
1036 3605 1346 3676 γενόμενοι·
1399 3603 1490 3656 καὶ
1537 3603 1616 3664 εἰς
1657 3599 1754 3671 τὴν

190 3697 398 3752 ἑαυτῶν
431 3696 778 3769 λαιμαργίαν,
807 3701 919 3762 τοῖς
951 3699 1083 3751 πᾶσι
1114 3692 1552 3766 καταχρώμενοι,
1585 3693 1755 3761 ἀργυ-

191 3789 296 3859 ρίῳ
370 3787 676 3860 ἀγώγιμοι,
739 3789 899 3843 ἕνεκα
962 3789 1140 3856 ὀλίγου
1219 3787 1522 3856 τιμήματος
1581 3782 1757 3836 πάντα

190 3879 435 3950 αἰσχρῶς
465 3881 557 3933 καὶ
586 3879 1142 3951 ταπεινῶςπράσσειν
1175 3876 1549 3947 ὑπομένοντες.
1593 3873 1756 3926 Βασι-

189 3971 274 4024 λεῖ
296 3971 376 4035 δὲ,
403 3973 495 4025 καὶ
516 3973 788 4044 ἄρχουσιν,
810 3972 842 4044 ἦ
866 3972 1148 4034 δυνάσταις
1162 3967 1451 4023 ὑπακούειν
1473 3966 1754 4036 προσήκει,

193 4064 286 4117 καὶ
313 4064 414 4116 οὑκ
438 4063 855 4134 ἀπεχθάνεσθαι,
889 4063 994 4117 οὐδ’
1016 4063 1152 4126 ὅλως
1192 4059 1431 4132 λυπηρόν
1463 4075 1515 4111 τι
1546 4057 1625 4119 εἰς
1663 4056 1759 4108 αὖ·

190 4158 318 4219 τοὺς
353 4156 503 4227 ῥῆμα
528 4157 905 4229 ἀπορρίπτειν.
939 4156 1067 4220 Δέος
1098 4154 1226 4226 γάρ,
1261 4155 1333 4225 μὴ
1365 4152 1425 4206 τὸ
1451 4150 1542 4206 καὶ
1574 4149 1636 4202 τὸ
1658 4165 1757 4202 κα-

190 4248 435 4319 ταμόνας
457 4249 762 4320 εἰρημένον,
793 4252 871 4313 είς
898 4249 1128 4320 φανερόν
1167 4264 1284 4310 πως
1330 4245 1475 4317 ἔλθῃ.
1517 4242 1606 4313 Τῷ
1652 4239 1759 4312 γάρ

195 4343 343 4414 μόνῳ
379 4343 472 4395 καὶ
500 4341 736 4412 πλουσίῳ
760 4343 852 4394 καὶ
885 4341 1102 4413 μεγάλῳ
1134 4340 1338 4412 βασιλεῖ
1371 4335 1587 4406 ἄγγελοι
1621 4333 1759 4398 ὀξεῖς

1250 247 1729 306 METAPHRASIS
1776 246 1844 302 IN
1884 240 2412 303 ECCLESIASTENt

3250 233 3408 293 ,ιοει

1854 365 2029 421 claras
2053 363 2190 420 duce
2223 363 2450 418 stultitia
2481 367 2676 416 utetur.
2720 359 2772 414 3.
2800 359 2940 426 Quin
2979 357 3150 427 ipsius
3190 370 3406 425 quoque

1851 457 2205 527 cogitationes
2235 470 2388 510 vana:
2424 461 2572 517 sunt,
2602 451 2830 508 stultitia
2873 452 3117 522 oppletae.
3160 449 3212 504 4.
3249 447 3406 514 Quod

1853 549 1896 604 si
1928 557 1997 614 te,
2029 564 2063 602 ο
2099 548 2292 613 amice,
2331 548 2552 618 spiritus
2589 544 2803 600 hostilis
2847 543 3136 612 aliquando
3185 543 3407 596 adortus

1851 639 2035 705 fuerit,
2073 639 2195 694 forti
2230 638 2412 693 animo
2439 637 2633 692 resiste
2653 677 2667 697 ,
2697 635 2872 690 sciens
2913 632 3079 688 Deum
3110 633 3192 687 vel
3223 632 3409 700 ingen-

1851 741 1960 788 tem
1991 743 2331 803 peccatorum
2371 728 2768 784 multitudinem
2795 725 3126 796 benignitate
3156 738 3252 777 sua
3272 737 3408 776 eou-

1853 826 2058 881 donare
2089 837 2266 888 posse.
2311 822 2360 876 5.
2399 820 2634 892 Tyranni
2681 827 2858 872 autem
2913 816 3188 886 patrisque
3230 813 3408 868 omnis

1854 915 2091 978 malitiae,
2123 913 2238 967 haec
2267 925 2432 980 opera
2471 906 2781 963 fuerint:6.
2828 906 3049 960 stultum
3097 901 3311 970 quidem
3351 900 3407 953 in

1854 1005 2085 1062 sublime
2107 1003 2275 1057 attolli
2297 1019 2312 1068 ;
2336 1001 2633 1071 prudentia:
2654 1006 2836 1052 autem
2869 995 3060 1065 opibus
3081 992 3404 1053 alllncntem,

1853 1099 2112 1171 deprimi:
2169 1097 2219 1152 7.
2282 1106 2338 1150 et
2374 1106 2720 1167 peccatorum
2753 1091 2969 1162 quidem
3002 1105 3221 1155 servos,
3255 1087 3409 1157 equis

1854 1202 2073 1256 vectos;
2125 1197 2502 1246 sacrosanctos
2541 1200 2667 1240 vero
2713 1183 2992 1248 homines,
3041 1181 3266 1252 pedibus
3310 1180 3410 1233 iter

1855 1285 2174 1340 inhonorate
2208 1281 2464 1338 facientes
2489 1279 2749 1348 conspici,
2791 1275 3051 1346 improbis
3089 1270 3410 1328 exsultanti-

1855 1377 1978 1432 bus.
2019 1375 2072 1430 8.
2111 1373 2265 1441 Quod
2299 1374 2344 1428 si
2376 1373 2499 1442 quis
2537 1371 2687 1424 alteri
2728 1369 2950 1422 insidias
2981 1366 3268 1428 moliatur,
3305 1363 3411 1416 im-

1855 1467 2093 1539 prudens
2125 1467 2228 1522 sibi
2264 1465 2362 1535 ipsi
2397 1465 2576 1534 primo
2606 1471 2659 1517 et
2680 1461 2779 1517 soli
2820 1459 3045 1514 insidias
3088 1456 3267 1511 struit.
3309 1453 3411 1520 Qui

1857 1571 2037 1617 autem
2077 1559 2297 1615 alterius
2351 1557 2693 1613 securitatem
2750 1553 2959 1616 evertit,
3023 1550 3078 1604 in
3145 1547 3410 1616 serpentis

1858 1670 2098 1710 morsum
2144 1653 2470 1723 prolabctur.
2512 1651 2565 1705 9.
2601 1648 2739 1716 Quin
2780 1648 2825 1702 is
2869 1646 3028 1701 etiam
3077 1643 3169 1713 qui
3207 1639 3412 1709 lapides

1853 1749 2104 1814 extrahit,
2161 1748 2400 1802 laborem
2455 1745 2597 1799 haud
2658 1757 2880 1812 parvum
2925 1737 3180 1802 sull‘eret;
3215 1745 3269 1789 et
3316 1732 3410 1803 qui

1854 1841 1997 1913 ligna
2033 1840 2363 1904 conseint‘lit,
2400 1837 2453 1892 in
2487 1836 2683 1893 suimet
2720 1833 2886 1887 armis
2925 1828 3221 1900 periculum
3254 1825 3406 1882 feret.

1854 1933 1941 1988 10.
1977 1931 2133 2000 Quod
2186 1931 2232 1986 si
2273 1928 2410 1984 forte
2457 1925 2663 1981 securis
2717 1939 2747 1978 e
2797 1920 3080 1976 manubrio
3128 1917 3410 1980 exsilierit,

1854 2021 2263 2081 conturbabitur
2299 2019 2389 2089 qui
2429 2017 2554 2071 huic
2599 2014 2746 2085 operi
2805 2010 3085 2076 incumbit,
3133 2007 3412 2076 haudqua-

1854 2131 2016 2188 quam
2053 2115 2228 2169 fauste
2250 2119 2618 2180 compurtans,
2653 2119 2889 2175 suasque
2919 2101 3147 2172 injustas
3171 2107 3223 2153 et
3262 2097 3411 2152 brevi

1855 2210 2124 2281 perituras
2144 2207 2286 2261 vires
2317 2204 2422 2274 ipsi
2455 2203 2749 2272 adaugens.
2795 2198 2881 2252 11.
2910 2195 3005 2250 Est
3038 2209 3166 2248 vero
3195 2206 3412 2246 morsus

1855 2303 2120 2372 serpentis
2171 2298 2405 2354 furtivus
2459 2311 2522 2351 ac
2555 2291 2960 2349 clandestinus:
2991 2297 3043 2343 et
3071 2286 3205 2341 nihil
3232 2283 3411 2339 solatii

1854 2389 2079 2444 aﬂ‘crent
2107 2389 2503 2450 incantatores;
2524 2384 2646 2437 vani
2667 2381 2810 2436 enim
2835 2389 2977 2435 sunt.
3013 2376 3100 2431 12.
3125 2374 3412 2429 Enimvero

1855 2481 2030 2536 bonus
2070 2478 2167 2541 vir,
2205 2487 2318 2533 tum
2359 2476 2482 2538 sibi,
2516 2484 2628 2528 tum
2660 2470 2922 2542 proximis
2953 2469 3094 2523 bona
3123 2471 3406 2535 operatur:

1858 2575 1942 2629 15.
1984 2573 2202 2634 Contra,
2231 2570 2427 2626 stultus
2460 2569 2636 2636 inepta
2675 2579 2773 2619 sua
2796 2560 3120 2631 loquacitate
3152 2558 3205 2610 in
3229 2553 3412 2625 perni-

1856 2667 1991 2721 ciem
2025 2672 2163 2719 ruet.
2208 2662 2292 2716 M.
2333 2661 2468 2716 Cum
2508 2656 2672 2714 semel
2703 2670 2763 2709 os
2801 2652 3090 2723 aperuerit,
3119 2649 3280 2704 stulte
3318 2663 3413 2702 or-

1855 2758 2022 2820 ditur,
2068 2767 2120 2811 et
2167 2754 2346 2809 statim
2380 2749 2591 2807 dicendi
2650 2748 2809 2801 ﬁnem
2852 2743 3002 2808 facit,
3062 2740 3410 2796 stoliditatem

1856 2866 2010 2908 suam
2049 2848 2226 2904 ubivis
2250 2845 2559 2901 ostendens.
2589 2840 2728 2896 Fieri
2754 2846 2933 2893 autem
2960 2835 3180 2890 minime
3213 2840 3408 2903 potest,

1856 2954 1917 3000 ut
1939 2944 2104 2998 homo
2138 2956 2199 2995 ea
2239 2953 2360 3009 qua:
2396 2953 2427 2991 a
2458 2933 2718 3005 principio
2749 2930 2969 2986 fuerunt
2998 2935 3090 2982 aut
3113 2935 3296 2996 postea
3325 2923 3410 2978 fu-

1857 3047 1978 3116 tura
2029 3041 2176 3097 sunt,
2233 3037 2520 3100 cognoscat
2567 3035 2619 3080 et
2665 3025 2733 3079 ab
2775 3023 2990 3076 homine
3038 3021 3229 3074 discat.
3277 3016 3411 3082 Quls

1854 3110 1996 3184 enim
2041 3127 2173 3189 erit,
2209 3123 2302 3193 qui
2352 3118 2594 3192 aperiat?
2633 3117 2719 3171 15.
2763 3113 2957 3178 Homo,
3004 3111 3095 3182 qui
3127 3110 3180 3164 in
3213 3110 3409 3164 bonam

1855 3221 2122 3278 civitatem
2168 3213 2438 3288 proﬁcisci
2483 3210 2692 3274 nescit,
2738 3216 2788 3262 et
2824 3205 2998 3262 oculis
3025 3212 3078 3258 et
3119 3212 3230 3257 toto
3257 3200 3407 3254 vultu

1854 3315 2161 3370 aﬂlictatur.
2203 3310 2288 3364 16.
2321 3306 2456 3362 Huic
2485 3311 2665 3359 autem
2694 3298 2896 3356 civitati
2920 3297 3061 3351 mala
3085 3293 3410 3366 praenuntio,

1855 3405 2086 3476 cujus‘et
2126 3418 2222 3458 rex
2253 3399 2568 3454 adolescens
2595 3403 2695 3457 est,
2727 3401 2780 3446 et
2804 3389 3072 3461 principes
3108 3386 3410 3441 helluones.

1859 3497 1948 3554 17.
1974 3497 2209 3556 Contra,
2263 3492 2459 3546 bonam
2497 3487 2639 3541 illam
2681 3493 2875 3539 terram
2908 3481 3118 3535 beatam
3153 3477 3413 3548 praedico,

1857 3592 2013 3662 cujus
2047 3589 2311 3658 ingenuus
2351 3583 2434 3636 vir
2473 3594 2698 3650 regnum
2744 3584 2917 3631 tenet:
2975 3573 3064 3627 ubi
3095 3571 3416 3641 tempestive

1856 3683 2016 3740 bonis
2058 3679 2333 3742 fruuntur,
2356 3675 2448 3744 qui
2474 3672 2583 3727 illic
2611 3668 2946 3741 praefecturis
2980 3674 3034 3722 et
3060 3664 3413 3735 dignitatibus

1857 3774 2032 3832 ornati
2076 3781 2223 3827 sunt.
2266 3768 2355 3823 18.
2392 3766 2462 3820 At
2497 3764 2646 3835 piger
2676 3771 2728 3817 et
2771 3762 2998 3831 ignavus
3042 3757 3263 3811 domum
3309 3754 3414 3809 mi-

1857 3873 2052 3930 nuunt,
2074 3863 2342 3918 derisores
2380 3866 2435 3913 et
2461 3870 2662 3910 scurra:
2692 3851 2851 3906 facti:
2900 3849 2986 3904 19.
3031 3857 3194 3918 atque
3236 3846 3301 3901 ad
3331 3845 3414 3899 in-

1859 3956 2091 4030 gluviem
2137 3967 2292 4009 suam
2341 3949 2504 4004 rebus
2535 3944 2790 3999 omnibus
2839 3941 3140 4000 abutentes,
3186 3942 3413 4006 argento

1859 4029 2130 4110 ductiles,
2191 4042 2371 4114 exigui
2421 4038 2576 4110 pretii
2615 4051 2779 4091 causa
2836 4034 3064 4104 turpiter
3108 4039 3162 4086 et
3209 4029 3416 4099 abjeete

1860 4138 2073 4212 quidvis
2101 4136 2277 4192 facere
2307 4133 2655 4189 sustinentes.
2690 4128 2780 4182 20.
2814 4125 2947 4196 Regi
2974 4135 3151 4179 autem
3196 4131 3248 4176 et
3279 4135 3416 4190 prae-

1862 4231 2018 4287 fectis
2050 4238 2140 4284 aut
2171 4225 2487 4297 proceribus
2525 4220 2832 4276 audientem
2880 4232 3000 4273 esse
3043 4213 3313 4277 convenit,
3353 4227 3418 4266 ac

1862 4340 1968 4378 non
2001 4322 2132 4392 ipsis
2161 4320 2212 4372 in
2248 4317 2508 4373 ollensam
2539 4313 2740 4377 venire,
2777 4325 2874 4364 nec
2912 4308 3199 4362 molestum
3245 4304 3416 4359 ullum

191 4435 286 4486 καὶ
326 4434 620 4507 ὑπόπτεροι
670 4434 885 4488 ἅπαντα
933 4432 1324 4504 διακομίζουσι,
1389 4425 1754 4498 πνευματικὴν

1864 4415 2087 4472 verbum
2114 4412 2167 4466 in
2200 4425 2293 4465 eos
2318 4408 2598 4480 projicere.
2623 4403 2929 4460 Periculum
2963 4400 3108 4454 enim
3136 4406 3240 4463 est,
3262 4410 3330 4450 ne
3364 4396 3416 4449 id

190 4527 327 4598 ὁμοῦ
359 4527 454 4580 καὶ
473 4526 693 4597 λογικὴν
717 4525 995 4588 τελοῦντες
1026 4527 1135 4596 ὑπη
1146 4525 1344 4596 ρεσίαν.

1861 4508 2025 4564 etiam
2050 4502 2194 4574 quod
2225 4500 2433 4557 occulte
2451 4513 2512 4553 ac
2532 4497 2752 4552 remotis
2774 4492 2992 4549 arbitris
3012 4491 3212 4546 dictum
3233 4485 3412 4546 fuerit.

191 4621 245 4676 in
268 4622 444 4676 lucem
477 4620 614 4677 forte
631 4623 830 4677 veniat.
855 4621 1066 4676 Etenim
1090 4581 1190 4675 sbli
1223 4631 1275 4675 et
1297 4619 1448 4673 diviti
1483 4625 1536 4671 et
1557 4627 1751 4684 magno
1776 4605 1885 4677 regi
1925 4599 2099 4657 nuntii
2147 4597 2348 4654 celeres
2381 4603 2437 4649 et
2499 4591 2717 4661 pennati
2750 4588 2934 4644 omnia
2971 4584 3269 4658 perferunt,
3307 4581 3415 4651 spi-

190 4717 338 4772 ritali
373 4716 536 4771 simul
567 4725 621 4772 et
657 4715 910 4770 rationali
941 4713 1247 4768 ministerio
1279 4712 1582 4782 fungentes.

440 4868 454 4881 ,
785 4811 1035 4864 amas.
1067 4809 1167 4861 lA'.

262 4905 555 4959 Κοινωνεῖν
578 4920 641 4972 γε
676 4902 780 4974 μὴν
804 4903 966 4972 ἄρτου
988 4900 1200 4955 καὶτῶν
1217 4897 1545 4966 ἀναγκαίων,
1566 4897 1601 4951 ἃ
1624 4893 1758 4967 πρδς

189 4998 284 5050 τὸν
331 4995 444 5066 βίον
481 4994 804 5067 ἀνθρώποις,
851 4993 1074 5048 δίκαιον.
1108 4993 1170 5045 Ei
1198 4991 1304 5063 γὰρ
1325 4991 1418 5044 καὶ
1451 4989 1757 5061 παραυτίκα

189 5089 303 5142 τισὶ
329 5086 499 5152 δόξεις
526 5085 835 5148 ἀπολλύναι,
865 5084 1052 5156 ὥσπερ
1091 5083 1240 5136 ὕδατι
1271 5083 1362 5135 τὸν
1391 5081 1553 5153 ἄρτον
1586 5097 1760 5152 παρα-

187 5179 368 5241 διδοὺς
394 5219 409 5243 ,
435 5178 549 5232 ἀλλ’
575 5173 668 5231 οῦν
690 5177 968 5248 προϊόντος
995 5174 1087 5228 τοῦ
1117 5176 1331 5247 χρόνου,
1366 5174 1465 5228 οὑκ
1505 5171 1758 5242 ἀνόνητός

193 5291 279 5328 σοι
311 5276 554 5344 φανεῖται
579 5276 614 5346 ἡ
643 5272 1035 5344 φιλανθρωπία.
1077 5272 1228 5325 Δίδου
1267 5271 1323 5324 δὲ
1361 5269 1592 5340 ἀφειδῶς
1621 5315 1632 5333 ,
1667 5267 1760 5320 καὶ

197 5365 390 5438 μέριζε
429 5366 497 5420 τὰ
543 5365 738 5420 σαυτοῦ
791 5366 1065 5419 πλείοσιν·
1115 5364 1175 5416 οὐ
1218 5362 1326 5435 γάρ
1376 5361 1663 5415 ἐπίστασαι
1707 5357 1760 5410 τί

196 5474 328 5510 ποτε
358 5457 638 5528 ήέπιοῦσα
675 5457 926 5528 ἐποίησεν
957 5456 1158 5526 ἡμέρα.
1206 5455 1510 5524 Κατέχουσι
1546 5453 1603 5507 δὲ
1641 5449 1762 5503 οὑδὲ

196 5549 414 5620 νεφέλαι
437 5548 529 5605 τὸν
556 5550 766 5604 ἑαυτῶν
797 5549 960 5603 πολὺν
991 5548 1162 5610 ὑετὸν,
1180 5546 1313 5601 ἀλλὰ
1339 5547 1428 5600 τὸν
1450 5547 1650 5618 ὄμϐρον
1671 5547 1762 5600 ἐπὶ

268 5707 382 5780 (26)
423 5710 696 5767 Στελεοῦ.
727 5709 894 5768 Codd.
919 5725 1030 5782 reg.
1058 5706 1340 5772 etMedic.,
1365 5704 1662 5778 στελέχους.
1683 5707 1810 5764 Duc.

2459 4777 2684 4836 CAPUT
2724 4776 2813 4831 XI.

1936 4883 1986 4937 1.
2027 4879 2239 4936 Justum
2277 4883 2362 4930 est
2395 4881 2574 4928 autem
2607 4870 2784 4941 egenti
2809 4882 3024 4938 panem,
3054 4873 3108 4920 et
3126 4880 3188 4920 ea
3209 4876 3331 4931 qua:
3350 4859 3418 4914 ad

1862 4974 2026 5028 vitam
2063 4967 2315 5024 tuendam
2344 4962 2646 5019 necessaria
2675 4971 2824 5026 sunt,
2851 4956 3135 5029 impertiri.
3162 4951 3420 5020 Quamvis

1858 5066 2002 5121 enim
2024 5062 2075 5116 id
2094 5060 2275 5116 statim
2293 5056 2593 5128 perdidisse
2608 5053 2932 5124 quibusdam
2955 5047 3208 5107 videaris,
3232 5059 3422 5114 quem-

1858 5154 2152 5212 admodum
2183 5151 2229 5207 si
2262 5165 2455 5221 panem
2500 5149 2554 5201 in
2602 5159 2799 5216 aquam
2838 5140 3204 5210 conjecisses;
3242 5145 3420 5189 tamen

1861 5262 2152 5320 progressu
2207 5241 2468 5312 temporis
2522 5250 2863 5308 nequaquam
2903 5228 3274 5299 infrugil‘eratn
3324 5225 3422 5280 tibi

1863 5319 2032 5396 fuisse
2063 5336 2471 5393 beneﬁcentiam
2504 5329 2824 5400 comperies.
2859 5326 2914 5380 Ω.
2941 5319 3098 5390 ’ρυὶη
3131 5319 3424 5376 liberaliter
3456 5374 3467 5387 ,

1865 5444 2080 5502 quoque
2110 5427 2358 5498 elargire,
2389 5424 2740 5495 pluribusque
2765 5430 2888 5473 tuas
2905 5416 3184 5470 facultates
3211 5411 3421 5466 divide:

1869 5541 1978 5582 non
2007 5523 2149 5580 enim
2173 5521 2271 5578 tibi
2296 5527 2484 5575 notum
2515 5525 2618 5581 est,
2649 5512 2779 5584 quid
2813 5510 3027 5566 tandem
3058 5515 3276 5578 postera
3309 5503 3424 5560 dies
