4028 6214
543 286 683 343 1015

1698 276 1757 333 S.
1800 273 2124 333 GREGORII
2163 270 2672 330 THAUMATURGI

3624 260 3760 318 ιυιθ

537 402 761 460 efficiet.
798 399 851 454 3.
886 396 1021 453 Nam
1058 409 1233 467 neque
1258 393 1432 450 nubes
1476 391 1752 464 c0piosam
1787 406 1941 447 suam
1973 393 2097 461 plu-

2202 391 2297 461 γῆν
2322 388 2513 457 ἀφιᾶσι
2535 405 2549 418 ο
2583 388 2678 443 καὶ
2696 384 2818 440 οὐδὲ
2841 384 3059 456 δένδρον
3081 382 3161 445 εἰς
3189 380 3279 434 ἀεὶ
3314 378 3546 450 ἕστηκεν
3568 414 3584 440 ,
3629 374 3762 429 ἀλλά

536 497 680 564 viam
712 493 965 557 retinent,
996 490 1090 547 sed
1123 489 1349 544 imbrem
1378 488 1433 542 in
1467 496 1665 541 terram
1703 486 1969 542 fundunt:
1999 502 2097 542 nec

542 589 707 643 arbor
738 585 998 657 perpetuo
1035 591 1176 646 stat,
1209 596 1398 635 verum
1444 580 1606 635 etiam
1652 579 1992 641 sihomines
2049 579 2096 633 ei

539 678 901 749 pepercerim,
920 692 951 731 a
972 684 1129 731 vento
1151 682 1298 730 certe
1325 672 1674 727 convelletur.
1705 672 1758 726 4.
1781 670 1898 725 Jam
1919 670 2097 735 multi,

541 787 661 842 qua:
693 786 723 825 a
762 769 900 825 ccelo
925 776 1183 822 eventura
1216 764 1358 828 sint,
1397 765 1647 833 praescire
1679 763 1953 832 gestiunt;
1999 778 2099 817 nec

542 862 715 929 deest,
750 861 917 932 quiin
948 859 1119 914 nubes
1153 858 1372 911 intuens
1400 866 1729 925 ventumque
1755 863 2096 925 exspectans,

542 971 571 1008 a
608 967 781 1008 messe
805 959 897 1005 aut
920 949 1271 1021 ventilationc
1298 946 1649 1012 abstinuerit,
1693 962 1751 1000 re
1782 945 1929 999 inani
1965 960 2098 999 con-

542 1046 675 1099 fisus
719 1052 771 1098 ct
803 1057 1137 1113 persuasus;
1188 1040 1241 1096 5.
1287 1056 1387 1097 nec
1432 1054 1622 1094 eorum
1669 1052 1790 1107 quae
1840 1037 2100 1092 divinitus

542 1136 722 1191 futura
753 1125 900 1200 sunt,
930 1134 1225 1204 quidquam
1253 1146 1621 1202 cognoscens;
1644 1129 2098 1198 quemadmodum

544 1242 643 1282 nec
672 1226 800 1297 quid
835 1224 1030 1279 mulier
1059 1238 1343 1294 praegnans
1366 1222 1604 1292 paritura
1635 1220 1723 1275 sit.
1765 1221 1819 1273 6.
1852 1218 1988 1273 Cum
2011 1235 2103 1273 au-

542 1328 653 1373 tem
698 1324 990 1373 sementem
1026 1316 1343 1385 tempestive
1374 1313 1566 1368 feceris
1591 1353 1605 1380 ,
1654 1311 1863 1367 fructus
1910 1311 2102 1381 collige

543 1417 706 1478 atque
744 1416 1020 1477 comporta
1042 1448 1056 1474 ,
1089 1422 1212 1461 cum
1245 1406 1406 1475 hujus
1438 1404 1514 1459 rei
1539 1416 1751 1473 tempus
1783 1402 2098 1457 advenerit:

544 1500 808 1553 incertum
847 1506 931 1552 est
973 1497 1116 1551 enim
1201 1510 1469 1566 quaenam,
1486 1511 1553 1550 ex
1602 1495 1687 1551 his
1729 1510 1849 1566 quae
1893 1494 2100 1549 consita

545 1591 693 1655 Sunt,
727 1588 948 1643 meliora
986 1588 1166 1643 futura
1190 1588 1319 1643 sint.
1350 1584 1569 1641 Utinam
1603 1585 1786 1640 omnia
1817 1585 1951 1640 bene
1979 1599 2104 1639 suc-

547 1682 756 1737 cedant.
791 1682 844 1735 7.
878 1681 943 1736 At
979 1681 1256 1737 enimvero
1286 1696 1410 1736 cum
1439 1678 1712 1749 quispiam
1740 1677 1922 1732 animo
1948 1691 2103 1747 repu-

2198 478 2303 534 κάν
2327 479 2520 552 ἄνδρες
2542 479 2707 533 αὑτοῦ
2737 477 3031 548 φείσωνται
3054 514 3070 540 ,
3095 473 3280 544 ἀνέμῳ
3305 472 3436 542 ¹γοῦν
3450 470 3764 541 ἀνατραπῆ-

2200 588 2368 624 σεται.
2418 569 2608 624 Πολλοὶ
2642 568 2701 621 δὲ
2740 566 3016 639 βούλονται
3059 564 3154 618 καὶ
3188 562 3255 617 τά
3302 564 3367 616 ὲκ
3393 560 3488 615 τοῦ
3534 555 3761 630 ούρανοῦ

2198 661 2431 732 ἐσόμενα
2469 658 2878 732 προγινώσκειν,
2914 654 3006 709 καί
3027 671 3111 719 τις
3134 653 3213 719 εἴς
3261 669 3322 707 τε
3354 650 3580 720 νεφέλας
3628 649 3760 716 ἀφο-

2200 751 2330 823 ρῶν,
2359 751 2452 804 καὶ
2476 749 2777 821 περιμένων
2796 748 3013 817 ἄνεμον,
3041 746 3249 816 ἀμήτου
3274 742 3308 814 ἢ
3340 738 3603 812 λικμητοῦ
3631 738 3763 792 ἀπέ-

2200 859 2379 912 σχετο,
2398 843 2490 894 ἐπὶ
2514 840 2702 913 μηδενὶ
2718 837 3101 908 πεπεισμένος,
3127 835 3260 907 μηδέ
3281 833 3563 904 γινώσκων
3583 829 3762 885 τιτῶν

2199 934 2265 986 ἐκ
2298 933 2432 987 Θεοῦ
2472 933 2744 1003 ἐσομένων
2766 948 2780 961 ι
2825 929 3014 1001 ὥσπερ
3039 927 3159 982 οὐδὲ
3206 922 3317 981 οἷον
3346 928 3379 998 ἡ
3423 921 3763 995 κυοφοροῦσα

2198 1024 2432 1091 τέξεται.
2463 1025 2698 1098 Σπείρας
2718 1022 2774 1076 δὲ
2808 1024 2865 1075 ἐν
2891 1020 3065 1093 καιρῷ
3086 1060 3101 1085 ,
3137 1018 3428 1089 συγκόμιζε
3467 1015 3591 1078 τοὺς
3626 1030 3762 1084 καρ-

2200 1119 2358 1181 ποὺς,
2385 1118 2533 1171 ὁπότ’
2574 1116 2640 1171 ἂν
2682 1114 2872 1168 τούτου
2904 1113 3099 1184 »καιρὸς
3146 1112 3340 1181 ἐνστῇθ
3383 1109 3574 1180 ἄδηλον
3623 1109 3760 1178 γὰρ,

2199 1209 2356 1261 ὁποῖα
2386 1207 2564 1260 αὐτῶν
2611 1205 2763 1259 ἐσται
2792 1204 2999 1275 ἀμείνω
3036 1202 3145 1255 τῶν
3172 1201 3431 1270 φυέντων.
3461 1198 3679 1251 Γένοιτο
3706 1197 3761 1249 δὲ

2200 1304 2415 1359 ἅπαντα
2440 1304 2521 1365 είς
2547 1298 2762 1369 ἀγαθόν.
2792 1295 3148 1367 Λογιζόμενος
3169 1296 3227 1348 δέ
3247 1311 3350 1358 τις,
3373 1294 3447 1356 ὡς
3474 1290 3638 1353 καλὸς
3667 1290 3761 1360 μὲν

2200 1395 2229 1447 ό
2261 1394 2429 1464 ἥλιος,
2453 1390 2583 1463 ἡδὺς
2598 1390 2654 1443 δὲ
2680 1384 2835 1452 οὗτος
2865 1391 2894 1442 ό
2933 1387 3065 1459 βίος,
3106 1385 3309 1456 ἀγαθὸν
3336 1384 3394 1437 δὲ
3432 1384 3527 1438 καὶ
3574 1383 3635 1435 τὸ
3668 1398 3762 1434 πο-

2200 1484 2475 1556 λυχρόνιον
2498 1481 2749 1552 γενέσθαι
2771 1479 3057 1542 διαπαντὸς
3079 1477 3498 1549 εὐφραινόμενον
3520 1513 3537 1538 ,
3574 1473 3668 1527 καὶ
3688 1473 3760 1535 ῶς

2203 1575 2428 1648 φοϐερὸν
2451 1577 2480 1629 ὁ
2506 1573 2752 1637 θάνατος,
2772 1572 2864 1626 καὶ
2891 1571 3059 1624 ἀΐδιον
3083 1570 3269 1629 κακὸν,
3300 1569 3392 1622 καὶ
3411 1569 3490 1630 είς
3517 1566 3579 1619 τὸ
3600 1565 3760 1636 μηδὲν

2200 1667 2369 1734 ἄγων,
2402 1664 2570 1719 οἴεται
2595 1664 2811 1735 χρῆναι,
2847 1662 3059 1716 πάντων
3084 1662 3181 1731 μὲν
3196 1658 3482 1715 ἀπολαύειν
3496 1657 3605 1711 τῶν
3624 1673 3764 1727 παρ-

545 1781 642 1838 tat,
677 1773 818 1844 quod
858 1782 909 1827 et
938 1774 1020 1827 sol
1051 1772 1291 1842 pulcher,
1327 1783 1381 1827 et
1411 1771 1595 1826 suavis
1618 1770 1731 1824 haec
1762 1770 1890 1832 vita,
1922 1778 1974 1824 et
2008 1770 2102 1823 bo-

2204 1759 2368 1812 όντων
2423 1757 2516 1811 καὶ
2565 1755 2862 1809 δοκούντων
2932 1754 3122 1826 ἡδέων.
3172 1750 3533 1823 Συμὸουλεύει
3571 1749 3630 1803 δὲ
3672 1749 3763 1802 καὶ

546 1883 675 1923 num
741 1864 900 1935 longa
963 1873 1212 1933 tempora
1274 1864 1332 1917 in
1398 1862 1669 1933 perpetuis
1742 1861 2105 1931 voluptatibus

546 1962 799 2033 explere;
831 1961 883 2017 8.
927 1969 983 2017 et
1011 1976 1098 2016 res
1129 1959 1398 2013 horrenda
1428 1971 1591 2017 mors,
1620 1954 1933 2024 malumque
1965 1970 2105 2009 sem-

546 2055 840 2125 piternum,
870 2060 1031 2121 atque
1065 2050 1120 2104 in
1150 2050 1378 2103 nihilum
1402 2048 1637 2103 ducens:
1673 2044 1977 2101 faciendum
2001 2044 2104 2099 sibi

545 2152 747 2207 censet,
776 2150 835 2196 ut
867 2143 1227 2212 praesentibus
1253 2142 1377 2196 vitae
1404 2137 1729 2201 commodis,
1762 2137 2104 2207 speciemque

540 2232 894 2302 iucunditatis
924 2232 1247 2287 habentibus
1276 2229 1605 2301 perfruatur.
1644 2229 1699 2284 9.
1736 2229 1912 2297 Atque
1938 2230 2100 2282 etiam

542 2324 767 2394 juvenes
797 2324 1071 2389 admonet,
1106 2330 1165 2377 ut
1196 2322 1367 2377 aetatis
1392 2321 1523 2375 ﬂore
1547 2322 1858 2384 abutantur,
1891 2317 2103 2371 animas

546 2428 676 2468 suas
702 2414 754 2467 in
779 2428 993 2467 omnem
1020 2413 1349 2482 voluptatem
1381 2412 1648 2473 laxantes,
1688 2406 2104 2479 cupiditatibus-

546 2518 654 2573 que
679 2503 1083 2573 obsequantur;
1109 2514 1161 2558 et
1182 2518 1302 2573 qua:
1323 2502 1454 2572 ipsis
1483 2502 1597 2556 visa
1633 2500 1853 2565 fuerint,
1869 2499 2099 2565 faciant;

545 2607 599 2649 et
621 2610 742 2665 quae
784 2596 1195 2651 oblectationem
1238 2594 1500 2657 afferunt,
1558 2600 1830 2664 spectent;
1886 2600 1939 2645 et
1981 2604 2103 2659 quae

546 2685 705 2739 aliter
734 2700 792 2742 se
826 2686 1044 2752 habent,
1078 2692 1419 2740 aversantur.
1459 2681 1540 2736 Ad
1573 2696 1733 2752 quem
1764 2680 1871 2735 hoc
1889 2686 2100 2732 tantum

2201 1854 2315 1914 τοῖς
2347 1850 2505 1915 νέοις,
2536 1852 2602 1921 τῇ
2625 1847 2829 1901 έαυτῶν
2859 1845 2977 1918 ὥρᾳ
3008 1844 3378 1916 καταχρῆσθαι
3420 1843 3648 1905 ἀνέντας
3667 1841 3761 1904 τάς

2203 1940 2409 1995 ἑαυτῶν
2428 1938 2602 2010 ψυχὰς
2629 1941 2709 2002 είς
2738 1940 2916 1992 πᾶσαν
2944 1938 3157 2010 ἡδονὴν,
3196 1937 3289 1991 καὶ
3315 1933 3636 2007 χαρίζεσθαι
3669 1935 3762 2003 μὲν

2202 2032 2547 2103 ἐπιθυμίαις,
2592 2031 2850 2101 πράττειν
2895 2029 2954 2083 δὲ
2996 2028 3066 2083 τὰ
3112 2029 3296 2091 αὐτοῖς
3338 2025 3622 2088 δοκοῦντα,
3674 2022 3764 2078 καὶ

2205 2125 2417 2196 βλέπειν
2448 2123 2514 2176 τὰ
2540 2122 2825 2193 τέρποντα,
2847 2122 2940 2174 καὶ
2956 2120 3384 2193 ἀποστρέφεσθαι
3408 2119 3476 2172 τὰ
3502 2118 3576 2189 μὴ
3598 2117 3764 2179 οὕτως

2206 2217 2415 2288 ἔχοντα.
2462 2216 2606 2288 Πρὸς
2638 2214 2697 2269 δν
2730 2215 2979 2269 τοσοῦτον
3020 2213 3190 2280 λέξω·
3234 2214 3352 2266 Ὅτι
3390 2211 3725 2283 ἀνοηταίνεις
3747 2247 3763 2271 ,

2204 2303 2249 2362 ῶ
2296 2303 2484 2372 οὗτος,
2529 2307 2603 2379 μὴ
2650 2305 2960 2379 προσδοκῶν
2987 2304 3084 2376 τὴν
3111 2303 3195 2373 ἐφ’
3237 2303 3407 2358 άπασι
3456 2301 3668 2362 τούτοις
3705 2301 3767 2352 ἐκ

2204 2402 2337 2456 Θεοῦ
2375 2402 2553 2472 κρίσιν
2581 2396 2864 2469 ἐσομένην.
2889 2395 3128 2468 Πονηρὸν
3159 2395 3216 2449 δὲ
3244 2393 3451 2447 ἀσωτία
3490 2391 3584 2444 καὶ
3611 2390 3766 2443 ἀσέλο

2204 2512 2348 2564 γεια,
2388 2493 2483 2547 καὶ
2508 2490 2727 2563 ῥυπαρά
2745 2489 3008 2560 σωμάτων
3022 2487 3304 2559 ἡμετέρων
3321 2485 3477 2557 ’ύὸρις
3504 2482 3626 2537 όλέθ
3636 2498 3763 2553 ριος.

2204 2588 2433 2658 Νεότητι
2469 2584 2567 2657 μὲν
2593 2585 2701 2656 γὰρ
2733 2582 2885 2639 ἄνοια
2919 2581 3221 2654 παρέπεται
3241 2596 3254 2610 ο
3283 2580 3438 2634 ἄνοια
3462 2577 3520 2630 δὲ
3547 2577 3671 2645 ἄγει
3693 2575 3765 2636 εἰς

2205 2678 2324 2733 ὅ).εο
2332 2695 2445 2751 ρον.

546 2773 807 2830 dixerim:
842 2774 927 2828 10.
954 2773 1152 2829 Parum
1187 2786 1333 2828 sana:
1375 2772 1570 2827 mentis
1601 2786 1683 2837 es.
1712 2785 1746 2825 o
1777 2769 1963 2836 homo,
1996 2768 2089 2839 qui
2127 2767 2223 2824 Dei
2265 2768 2527 2839 judicium
2599 2770 2713 2821 haec
2774 2763 2957 2820 omnia
2998 2762 3394 2819 vindicaturum
3436 2776 3545 2817 non
3577 2771 3767 2826 exspes

546 2878 683 2925 etas.
714 2867 815 2923 Sed
855 2876 908 2921 et
935 2866 1195 2936 ﬂagitiosa
1256 2874 1341 2919 est
1389 2862 1735 2927 comessatio,
1779 2870 1835 2916 et
1875 2861 2062 2925 libido,
2108 2868 2163 2914 et
2194 2861 2406 2929 impura
2437 2865 2727 2928 corpOrum
2762 2862 3075 2910 nostrorum
3128 2852 3453 2909 contumelia
3488 2850 3764 2921 pestilens.

545 2963 849 3023 Iuventutis
872 2962 1016 3018 enim
1041 2960 1242 3016 assecla
1265 2968 1349 3014 est
1376 2958 1641 3013 stultitia:
1668 2955 1894 3012 stultitia
1915 2962 2093 3011 autem
2111 2953 2177 3010 ad
2215 2953 2443 3010 exitium
2476 2952 2648 3009 ducit.

1137 3045 1365 3103 CAPUT
1414 3045 1528 3101 XII.

2796 3042 3043 3097 ΚΕΦΑΛ.
3075 3041 3144 3095 ΙΒ
3162 3079 3177 3094 .

619 3146 672 3200 1.
712 3143 901 3215 Operae
926 3143 1155 3212 pretium
1184 3152 1364 3195 autem
1392 3149 1493 3206 est,
1524 3141 1651 3195 dum
1680 3139 1908 3208 juvenili
1929 3139 2102 3195 adhuc

2276 3130 2395 3204 Χρὴ
2422 3131 2478 3185 δέ
2516 3131 2594 3185 ἔτι
2625 3131 2742 3185 νέον
2774 3131 2901 3185 ὄντα
2931 3132 3210 3200 φοϐεῖσθαι
3235 3129 3387 3193 Θεὸν,
3422 3130 3551 3201 πρὶν
3589 3129 3623 3202 ἢ
3652 3130 3769 3183 ἐαυ-

550 3246 704 3292 aetate
731 3235 921 3297 ﬂores,
962 3232 1055 3285 Dei
1096 3232 1289 3285 timore
1318 3231 1475 3294 allici,
1504 3230 1825 3299 priusquam
1862 3230 2020 3285 malis
2054 3239 2107 3285 te

549 3330 725 3400 ipsum
780 3324 979 3390 tradas,
1028 3322 1341 3391 priusquam
1372 3321 1551 3376 veniat
1586 3320 1702 3374 dies
1744 3319 1959 3375 Domini
1990 3335 2109 3377 ma-

550 3434 689 3491 gnus
719 3426 774 3471 et
802 3412 1138 3481 horrendus;
1185 3413 1241 3469 3.
1289 3429 1411 3469 cum
1441 3412 1552 3482 jam
1590 3427 1691 3467 nec
1729 3412 1813 3468 sol
1850 3412 2106 3479 splendo-

549 3511 663 3567 rem
694 3511 834 3573 edet,
863 3523 961 3561 nec
1006 3506 1156 3569 luna,
1196 3520 1297 3560 nec
1332 3506 1541 3575 reliqua
1578 3505 1789 3559 sidera:
1818 3506 1872 3561 '5.
1914 3521 2104 3560 verum

551 3606 799 3671 Supernae
835 3607 1059 3653 virtutes
1088 3596 1144 3652 in
1170 3598 1261 3653 illa
1289 3612 1469 3652 rerum
1512 3598 1755 3652 omnium
1786 3605 2107 3667 tempestate

549 3699 713 3758 atque
756 3688 988 3744 tumultu
1018 3688 1381 3743 movebuntur
1402 3729 1418 3756 ,
1474 3689 1577 3743 hoc
1606 3698 1709 3753 est,
1752 3689 1925 3759 angeli
1956 3690 2106 3745 orbis

552 3782 838 3847 custodes;
875 3779 931 3835 4.
969 3790 1027 3834 ut
1054 3791 1104 3835 et
1156 3779 1259 3836 viri
1304 3789 1659 3850 praepotentes
1696 3781 2105 3850 conquiescant,

550 3883 606 3929 et
647 3874 898 3929 mulieres
919 3873 1176 3943 operandi
1209 3874 1369 3927 ﬁnem
1393 3870 1618 3939 faciant,
1660 3871 1714 3926 5.
1755 3872 1808 3927 in
1844 3872 2105 3929 obscuras

549 3975 605 4023 et
639 3966 962 4036 caligmosas
986 3965 1181 4021 aedium
1212 3977 1392 4033 partes
1424 3963 1726 4035 fugientes,
1760 3963 1946 4032 januis
1981 3979 2102 4018 om-

550 4058 712 4113 nibus
739 4057 970 4112 clausis:
1017 4073 1082 4112 ac
1128 4058 1322 4112 mulier
1361 4058 1607 4128 quaedam
1632 4098 1648 4123 ,
1693 4059 1851 4114 mola:
1882 4075 2101 4129 operam

549 4149 681 4203 dare
710 4148 779 4203 ob
806 4161 1007 4203 metum
1039 4148 1292 4203 desinens
1312 4189 1328 4214 ,
1383 4150 1604 4219 perexili
1631 4164 1783 4213 voce,
1825 4150 1996 4205 instar
2023 4160 2104 4205 te-

547 4241 828 4296 nuissimae
877 4240 1122 4304 aviculae,
1164 4248 1380 4307 utetur;
1428 4252 1591 4312 atque
1649 4257 1840 4298 omnes
1882 4240 2104 4298 nefaria

547 4332 804 4387 mulieres
834 4333 887 4385 in
926 4340 1124 4386 terram
1156 4341 1449 4399 corruent,
1482 4341 1538 4388 et
1578 4333 1771 4395 urbes,
1821 4343 1875 4388 et
1914 4348 2102 4388 earum

547 4423 898 4493 magistratus
924 4423 1187 4479 immanes
1210 4432 1262 4479 et
1293 4424 1629 4492 sanguinarii
1651 4439 1945 4493 supernum
1974 4441 2103 4496 sup.

546 4515 769 4585 plicium
835 4525 1247 4583 exspectantes,
1300 4517 1582 4585 ingruente
1644 4516 1998 4571 acerbissimo
2050 4525 2104 4572 et

547 4613 773 4661 cruento
805 4614 1063 4674 tempore,
1103 4607 1261 4677 quasi
1307 4607 1535 4662 ﬂorente
1571 4609 1888 4679 amygdala,
1924 4609 2101 4664 conti-

545 4697 779 4768 nuisque
793 4697 971 4766 poenis
1000 4698 1459 4765 incumbentibus,
1482 4700 1627 4754 velut
1649 4716 1941 4756 numeroso
1970 4717 2103 4771 quo-

544 4789 668 4845 dam
712 4789 1014 4843 volantium
1057 4790 1390 4844 locustarum
1437 4791 1682 4861 agmine,
1720 4808 1784 4847 ac
1808 4792 1873 4848 de
1924 4793 2102 4849 medio

545 4879 731 4950 ejectis
753 4890 803 4933 et
834 4878 1062 4934 sublatis
1089 4877 1371 4950 ﬂagitiosis
1405 4882 1737 4947 hominibus,
1770 4883 1917 4938 haud
1946 4899 2102 4939 secus

546 4985 611 5026 ac
628 4969 779 5040 nigra
809 4969 1042 5039 quadam
1057 4969 1369 5038 despicabili
1387 4970 1692 5040 eapparide.
1707 4971 1761 5026 6.
1779 4972 1857 5027 Ac
1874 4973 1955 5026 vir
1976 4974 2101 5041 qui-

544 5062 667 5118 dem
700 5063 971 5132 probitate
992 5061 1261 5126 clarus,in
1289 5060 1511 5117 domum
1539 5079 1693 5118 suam
1716 5065 2098 5134 sempiternam

543 5154 700 5213 laetus
719 5154 1131 5226 proficiscetur:
1169 5154 1401 5224 improbi
1424 5164 1603 5210 autem
1628 5170 1727 5211 sua
1746 5155 1928 5211 omina
1949 5155 2103 5225 plan-

616 5330 730 5402 (27)
762 5329 1256 5402 Καθέξείπυζῃγή.
1294 5329 1371 5385 Ita
1393 5339 1704 5387 constanter
1721 5332 1890 5387 codex
1906 5331 2096 5390 Medic.

545 5411 602 5474 et
629 5400 720 5455 alii
757 5417 889 5457 mss.
922 5403 1063 5474 libri.
1099 5400 1207 5457 Nec
1243 5401 1343 5474 fuit
1387 5417 1585 5474 causa,
1614 5418 1718 5474 cur
1747 5402 2102 5474 UEcolampa-

544 5471 670 5527 dies
692 5481 942 5542 verteret,
978 5471 1199 5540 Magnus
1234 5473 1371 5526 enim
1409 5472 1557 5541 fans:
1582 5473 1754 5542 magis
1794 5474 1937 5528 enim
1968 5471 2102 5529 con-

545 5542 697 5594 venit
726 5541 839 5595 ha‘c
863 5542 1139 5613 praedictio
1166 5557 1376 5609 magna:
1395 5543 1560 5613 plagae
1580 5557 1702 5613 cum
1724 5543 1806 5597 his
1829 5558 1949 5613 quae
1974 5560 2105 5613 pra:-

549 5612 1006 5687 ccsserunt._1:plv
1034 5611 1207 5687 ἐλθεῖν
1229 5614 1328 5685 τὴν
1359 5613 1452 5687 τοῦ
1472 5612 1606 5687 Θεοῦ
1633 5611 1871 5687 μεγάλην
1892 5611 2104 5687 ἡμέραν

547 5677 645 5735 καὶ
675 5676 941 5750 φοϐεράν,
976 5676 1296 5751 ρνὲιιεᾳῖιιιηί
1308 5684 1477 5738 veniat
1510 5676 1856 5739 άὲεεόόηιὶήὶ
1886 5676 2104 5757 magna:

2136 4472 2177 4526 Ι)

2204 3223 2294 3275 τὸν
2318 3221 2645 3295 παραδοῦναι
2672 3226 2886 3289 κακοῖς,
2923 3224 3052 3295 πρὶν
3078 3222 3250 3276 ἐλθεῖν
3270 3222 3368 3293 τὴν
3392 3220 3488 3274 τοῦ
3510 3220 3646 3274 Θεοῦ
3678 3238 3768 3291 με·

2204 3315 2598 3387 γάληνήμέραν
2630 3315 2722 3368 καὶ
2748 3314 2984 3387 φοϐερὰν
3007 3358 3021 3382 ,
3057 3315 3216 3370 ὁπότε
3249 3314 3396 3385 ἣλιος
3447 3313 3551 3385 μὲν
3585 3315 3767 3368 οὐκέτι

2204 3408 2424 3479 λάμψει,
2451 3408 2569 3462 οὐδὲ
2605 3408 2819 3480 σελήνη,
2847 3408 2966 3461 οὐδὲ
2988 3410 3035 3462 οἱ
3063 3407 3239 3461 λοιποὶ
3268 3406 3513 3477 ἀστέρες,
3546 3407 3769 3479 κινηθή-

2207 3518 2389 3555 σονται
2415 3502 2471 3554 δὲ
2496 3503 2551 3554 αἱ
2580 3502 2873 3574 ὑπέρτεραι
2899 3501 3156 3573 δυνάμεις
3174 3540 3189 3565 ,
3222 3502 3278 3579 ἐν
3310 3501 3504 3571 ἐκείνῳ
3539 3500 3621 3571 τῷ
3665 3502 3768 3553 τῶν

2203 3593 2336 3648 ὅλων
2370 3592 2594 3665 χειμῶνι
2617 3595 2709 3647 καὶ
2732 3594 2974 3667 ταράχῳ,
3005 3595 3054 3647 οἱ
3083 3592 3494 3664 κοσμοφύλακες
3524 3592 3765 3661 ἄγγελον

2202 3685 2275 3747 ὡς
2301 3685 2607 3740 παύσασθαι
2658 3688 2755 3757 μὲν
2788 3686 2983 3757 ἄνδρας
3021 3685 3283 3748 δυνάστας
3306 3724 3322 3747 ,
3366 3685 3680 3738 παύσασθαι
3715 3685 3769 3737 δὲ

2203 3775 2296 3829 καὶ
2338 3780 2595 3846 γυναῖκας
2631 3778 3000 3851 ἐργαζομένας
3023 3817 3037 3839 ,
3067 3775 3371 3847 φευγούσας
3418 3778 3496 3839 εἰς
3542 3776 3613 3829 τὰ
3648 3794 3770 3829 σκο-

2202 3868 2350 3923 τεινά
2373 3869 2482 3924 τῶν
2511 3869 2844 3941 οἰκημάτων,
2868 3867 3264 3938 κεκλεισμένων
3286 3866 3506 3921 ἁπασῶν
3534 3867 3645 3921 τῶν
3681 3867 3773 3920 θυ-

2204 3961 2345 4033 ρῶν’
2386 3963 2480 4016 καί
2519 3980 2603 4026 τις
2632 3962 2770 4033 γυνὴ
2804 3960 2898 4015 τοῦ
2956 3960 3172 4031 ἀλήθειν
3213 3960 3557 4031 άποσχομένη
3581 3960 3673 4013 διὰ
3714 3959 3773 4013 τὸ

2199 4053 2336 4118 δέος,
2388 4055 2667 4128 ίσχνοτάτῃ
2710 4057 2860 4125 φωνῇ
2906 4054 3163 4125 χρήσεται
3222 4054 3407 4123 ὥσπερ
3441 4051 3772 4105 λεπτότατον

2200 4146 2412 4218 ὄρνεον
2448 4147 2652 4200 ἅπασαι
2678 4145 2732 4199 δέ
2754 4146 2972 4214 ἄναγνοι
2998 4148 3251 4215 γυναῖκες
3294 4147 3373 4209 είς
3406 4144 3511 4215 γῆν
3545 4144 3774 4198 πεσοῦν-

2199 4258 2308 4307 ται,
2336 4242 2430 4297 καὶ
2455 4242 2636 4305 πόλεις
2662 4242 2755 4296 καὶ
2781 4243 2837 4294 αἱ
2859 4240 3061 4294 τούτων
3093 4239 3258 4312 ἀρχαὶ
3285 4241 3340 4293 αἱ
3369 4237 3664 4311 μιαιφόνοι,
3685 4255 3775 4291 πε·

2204 4334 2516 4405 ριμένουσαι
2560 4333 2658 4405 τὴν
2701 4332 2905 4387 ἄνωθεν
2943 4331 3158 4387 κόλασιν
3181 4372 3196 4397 ,
3234 4331 3517 4395 ἐνστάντος
3573 4330 3771 4403 καιροῦ

2204 4426 2527 4498 πικροτάτου
2549 4425 2641 4479 καὶ
2656 4425 3009 4497 αἱματώδους,
3027 4425 3177 4479 ὥσπε
3183 4442 3215 4495 ρ
3235 4424 3517 4488 ἀνθοῦντος
3531 4425 3775 4495 ἀμυγδά-

2206 4518 2298 4571 λου
2313 4520 2407 4572 καὶ
2438 4518 2674 4589 συνεχῶν
2692 4518 3052 4589 ἐπικειμένων
3084 4517 3376 4582 κολάσεων,
3408 4515 3599 4588 ὥσπερ
3630 4516 3773 4588 πλή-

2208 4606 2331 4672 θους
2359 4608 2735 4679 ἐφιπταμένων
2757 4607 3011 4679 ἀκρίδων,
3034 4608 3126 4661 καὶ
3145 4606 3382 4661 ἐκποδῶν
3397 4607 3773 4679 ῥιπτουμένων

2205 4700 2312 4754 τῶν
2345 4701 2692 4773 παρανόμων,
2725 4699 2911 4771 ὥσπερ
2944 4700 3200 4771 μελαίνης
3232 4700 3326 4753 καὶ
3358 4698 3771 4769 εὐκαταφρονή-

2206 4809 2299 4845 του
2328 4792 2678 4863 καππάρεως.
2706 4794 2814 4846 Καὶ
2834 4794 2862 4845 ὁ
2895 4792 2992 4864 μὲν
3020 4791 3222 4860 ἀγαθὸς
3246 4791 3382 4862 ἀνὴρ
3410 4792 3504 4867 θείς
3547 4790 3774 4843 αἰώνιον

2204 4879 2349 4937 οἷκον
2373 4885 2463 4939 τὸν
2486 4882 2678 4939 ἐαυτοῦ
2706 4885 2911 4957 χαίρων
2936 4883 3258 4957 πορεύσεται
3282 4900 3294 4913 ·
3324 4883 3373 4936 οἱ
3389 4881 3446 4936 δέ
3464 4899 3528 4952 γε
3551 4881 3768 4951 φαῦλοι,
3825 4898 3831 4902 '

2206 4975 2381 5028 πάντα
2418 4974 2485 5030 τὰ
2521 4976 2700 5030 αὐτῶν
2738 4976 3073 5047 ἐμπλήσουσι
3114 4974 3473 5044 κοπτόμενοι,
3517 4972 3613 5026 καὶ
3645 4972 3772 5027 οὗτε

2204 5067 2461 5140 ἀργύριον
2500 5067 3098 5141 ἀπο-τεθησαυρισμένον
3119 5106 3133 5131 ,
3158 5065 3280 5121 οὔτε
3303 5065 3524 5138 χρυσίον
3548 5064 3770 5135 δόκιμον

2206 5159 2478 5229 ἐπωφελές
2492 5159 2591 5214 ἔτι.
2609 5160 2831 5234 Μεγάλη
2850 5159 2958 5233 γὰρ
2980 5158 3191 5237 ἃπαντα
3200 5157 3413 5223 καθέξει
3433 5155 3617 5229 πληγὴ
3634 5156 3770 5229 (27),

2196 5344 2244 5390 et
2272 5334 2595 5398 horrendus;
2638 5343 2691 5387 et
2734 5332 3360 5404 ιύτευειπεριμένουσαι
3412 5328 3509 5404 τὴν
3558 5327 3771 5404 ἀνωθεν

2198 5404 2415 5458 κόλασιν
2443 5405 2723 5467 ἐνστάντος
2772 5402 2964 5473 καιροῦ
3014 5398 3337 5473 πικροτάτου
3387 5398 3771 5473 καὶᾼαὶματώ-

2196 5474 2358 5537 δους,
2411 5490 2691 5543 supernum
2723 5471 3039 5542 supplicium
3085 5471 3438 5540 eirspectantes
3487 5471 3771 5543 ingruente

2201 5540 2532 5599 acerrtmo'et
2562 5540 3056 5610 cruento’tempore.
3089 5545 3273 5612 Itaque
3299 5543 3411 5597 haec
3424 5557 3497 5612 _eo
3530 5540 3768 5594 consilio

2200 5616 2485 5679 dicuntur,
2533 5615 2675 5685 quod
2727 5615 3016 5685 exponitur
3060 5610 3363 5685 initiatena
3409 5610 3762 5685 (ἥρωι-υσεδ

2201 5674 2567 5758 Μετανόησον”
2595 5686 2723 5756 πρὶν
2778 5674 3078 5756 παρελθεῖν.
3100 5684 3188 5739 τὸν
3223 5683 3335 5756 βίον
3355 5720 3372 5749 ,
3411 5683 3470 5735 ἐν
3501 5674 3547 5752 ᾧ
3574 5678 3637 5734 τὸ
3663 5678 3764 5752 τῆς
