4028 6214
318 326 457 386 1017

1350 336 1832 395 METAPHRASIS
1863 336 1928 395 ΙΝ
1968 334 2501 397 ECCLESIASTEN.

3391 336 3529 397 l0l8

318 454 415 508 καὶ
443 452 634 523 μέχρις
665 452 852 524 ὑδρίας
880 452 1121 525 ἑστώσης
1139 452 1275 523 πρός
1298 471 1404 509 τινι
1421 455 1617 528 κρήνῃ,
1648 455 1742 509 καὶ
1761 474 1881 528 τρο-

1983 456 2157 511 ctibus
2196 455 2523 527 implebunt;
2572 467 2675 509 nec
2703 452 2816 523 jam
2857 464 3137 522 argentum
3180 455 3522 509 reconditum

319 545 413 618 χοῦ
445 547 734 616 ὀχήματος,
762 545 820 598 ὃν
847 545 913 600 ἂν
933 545 1069 617 τύχῃ
1102 545 1512 615 καταλελεῖφθαι
1556 548 1613 601 ἐν
1641 547 1717 617 τῷ
1759 566 1874 601 κοι-

326 637 526 708 λώματι
549 636 659 706 (28)
696 636 1067 708 παυσαμένης,
1102 636 1293 707 χρόνον
1318 652 1377 690 τε
1403 637 1751 709 περιδρομῆς,
1784 637 1878 692 καὶ

318 728 416 798 τῆς
436 728 502 782 δι’
533 726 721 791 ὕδατος
752 725 895 799 ζωῆς
919 726 1344 799 παροδεύσαντος
1381 725 1475 781 τοῦ
1520 728 1875 800 λουτροφόρου

318 817 511 880 αἰῶνος
534 815 664 887 (99).
712 815 831 868 Ἀνθ
841 813 1033 887 ρώπων
1057 815 1113 867 δὲ
1136 816 1225 868 ἐπὶ
1250 817 1353 887 γῆς
1372 817 1636 886 κειμένων
1660 818 1754 887 μία
1776 835 1878 871 σω-

317 906 502 977 τηρία,
538 908 585 959 εί
615 906 885 974 ὲπιγνοίεν
907 905 1085 960 αὐτῶν
1109 907 1164 959 αἱ
1202 905 1391 976 ψυχαὶ,
1422 908 1515 959 καὶ
1547 907 1681 977 πρὸς
1718 908 1876 961 αὐτὸν

318 999 609 1052 άναπταϊεν
638 997 727 1068 ὑφ’
751 990 811 1050 οὗ
842 997 935 1049 καὶ
954 997 1318 1069 γεγέννηνται.
1349 997 1505 1065 Λέγω
1524 998 1701 1051 τοίνυν
1727 995 1878 1062 αὖθις

317 1089 354 1143 ἀ
384 1089 478 1142 καὶ
517 1088 778 1160 πρότερον
826 1090 1048 1161 εἴρηκα,
1092 1088 1231 1142 πάνυ
1286 1090 1527 1159 ματαίως
1562 1089 1878 1160 ἀνθρώπους

318 1180 637 1245 διακεῖσθαι,
667 1182 759 1234 καὶ
794 1182 928 1253 μήτε
956 1180 1254 1252 ὑπερϐολὴν
1279 1180 1414 1245 ὅλως
1448 1181 1748 1252 ἐνδέχεσθαι
1772 1183 1878 1236 τῶν

318 1271 711 1341 ἐπινοουμένων
740 1269 1075 1341 πραγμάτων
1105 1267 1200 1340 τὴν
1246 1268 1596 1341 ματαιότητα.
1624 1270 1878 1340 Περιττὸς

317 1360 376 1415 δὲ
406 1379 496 1432 μοι
521 1363 549 1414 ὁ
577 1362 817 1432 κάματος
851 1360 1258 1431 ἐκκλησιάζοντι
1276 1361 1471 1431 σοφῶς,
1507 1363 1587 1415 ὅτι
1610 1361 1877 1415 διδάσκειν

319 1452 609 1527 ἐπιχειρῶν
644 1453 733 1507 τὸν
773 1452 898 1507 λαὸν
939 1452 1125 1507 τοῦτον
1170 1452 1464 1517 ἀδιδάκτως
1512 1454 1605 1507 καὶ
1646 1455 1878 1519 ἀνιάτως

319 1543 529 1615 ἔχοντα.
557 1546 649 1596 Δεῖ
669 1544 725 1597 δὲ
746 1544 932 1614 ἀνδρὸς
954 1544 1221 1612 γενναίου,
1255 1543 1390 1614 πρὸς
1420 1546 1480 1599 τὸ
1512 1548 1748 1600 συνιέναι
1793 1546 1878 1601 λό⁴

317 1646 448 1706 γους
476 1637 663 1707 σοφίας
693 1636 1000 1707 δυνηθῆναι.
1048 1635 1187 1705 Ἐγὼ
1213 1636 1271 1691 δὲ
1298 1638 1399 1707 ἤδη
1442 1637 1751 1709 πρεσϐύτης
1781 1637 1875 1703 ὣν,

317 1730 415 1784 καὶ
470 1729 675 1801 μακρὸν
731 1728 846 1797 βίου
886 1728 1106 1783 διελθὼν
1164 1729 1383 1800 χρόνον,
1432 1728 1633 1800 ἔκαμον
1694 1732 1775 1794 είς
1817 1731 1878 1785 τὸ

317 1822 566 1891 ἀνευρεῖν
604 1819 673 1874 τὰ
704 1818 782 1890 τῷ
819 1819 937 1890 Θεῷ
987 1819 1192 1891 ἀρεστά
1233 1819 1324 1873 διά
1357 1819 1465 1872 τῶν
1488 1822 1589 1892 τῆς
1623 1820 1879 1891 ἀληθείας

320 1911 650 1983 μυστηρίων.
699 1911 1024 1982 Ἐπίσταμαι
1055 1929 1113 1964 τε
1145 1912 1219 1974 ὠς
1246 1911 1514 1984 ἐπεγείρει
1548 1911 1757 1982 ψυχάς,
1784 1914 1877 1966 καὶ

314 1998 496 2052 νύττει
534 2000 629 2069 οὐχ
672 1995 833 2072 ἦττον
887 1998 956 2053 τά
983 1999 1089 2053 τῶν
1110 2000 1288 2071 σοφῶν
1328 2001 1753 2073 παραγγέλματα
1781 2043 1796 2067 ,
1843 2003 1875 2076 ἢ

314 2090 607 2146 διατίθεται
636 2091 861 2163 σώματα
893 2093 1002 2165 (50)
1032 2093 1353 2167 βουκέντρῳ,
1381 2094 1413 2167 ἦ
1440 2095 1551 2166 ἥλῳ
1580 2096 1879 2166 ἐμπερονη-

318 2180 477 2239 Θὲντα
503 2183 634 2253 (51).
673 2182 910 2237 Δώσουσι
933 2184 988 2237 δέ
1033 2202 1176 2249 τινες
1226 2185 1292 2239 τὰ
1336 2186 1472 2255 σοφὰ
1514 2187 1696 2239 ἐκεῖνα
1734 2186 1875 2240 διδά-

316 2286 524 2338 γματα,
558 2273 688 2341 παρ’
719 2272 837 2336 ἐνὸς
855 2271 1060 2341 ἀγαθοῦ
1087 2273 1340 2340 λαϐόντες
1380 2275 1636 2347 ποιμένος
1679 2276 1773 2330 καὶ
1798 2277 1877 2330 δι-

315 2361 603 2431 δασκάλου,
636 2362 822 2436 ὥσπερ
849 2365 907 2430 ἐξ
953 2365 1068 2428 ἑνὸς
1117 2366 1379 2437 στόματος
1428 2368 1660 2431 ἅπαντες
1698 2368 1879 2431 αὐτοῖς

319 2453 623 2525 συμφώνως
645 2455 1018 2528 δαψιλέστερον
1046 2456 1114 2510 τά
1143 2457 1489 2511 πιστευθέντα
1514 2457 1871 2528 διηγούμενοι.

317 2546 503 2616 Λόγων
526 2547 583 2601 δὲ
616 2547 821 2603 πολλῶν
839 2549 986 2602 οὐδὲν
1014 2548 1202 2618 ὄφελος
1222 2566 1235 2579 ο
1257 2549 1375 2602 οὐδέ
1405 2566 1485 2601 σοι
1507 2548 1875 2620 συμϐουλεύω,

317 2633 364 2692 ὦ
378 2639 548 2708 ﬁxo“
564 2640 794 2711 ἀνόνητα
822 2641 1193 2714 καταγράφειν
1212 2642 1279 2694 τὰ
1302 2641 1430 2713 περὶ
1444 2642 1579 2712 (δι’)
1596 2641 1654 2695 τὸ
1672 2642 1879 2712 προσῆ-

319 2746 443 2805 κον,
453 2733 510 2785 ἐν
529 2726 609 2795 οἷς
618 2731 708 2785 τοῦ
722 2735 947 2804 κάμνειν
959 2736 1078 2808 εἰκῆ
1093 2738 1239 2789 ἐστὶν
1260 2736 1409 2790 οὐδὲν
1425 2736 1601 2790 πλέον.
1621 2736 1779 2789 Ἀλλά
1791 2753 1878 2806 μοι

320 2820 503 2877 λοιπὸν
534 2825 779 2895 ὲπιλόγου
810 2828 986 2899 δεήσει
1014 2828 1214 2882 τοιοῦδέ
1243 2826 1405 2896 τινος,
1429 2830 1510 2883 ὅτι
1529 2845 1543 2859 ο
1570 2824 1640 2881 Ὦ
1671 2827 1878 2901 ἀνθρω-

324 2933 439 2981 ποι,
472 2917 578 2971 ἰδοὺ
601 2919 889 2991 διαρρήδην
925 2921 1052 2991 ὑμῖν
1078 2921 1171 2974 καὶ
1194 2921 1469 2992 συντόμως
1505 2918 1877 2991 προαγορεύω,

320 3008 600 3078 φοϐεῖσθαι
629 3010 725 3081 μὲν
752 3011 883 3064 Θεὸν
905 3013 994 3065 τὸν
1018 3013 1229 3066 πάντων
1250 3012 1510 3082 δεσπότην
1535 3029 1592 3065 τε
1617 3011 1751 3082 ὁμοῦ
1783 3012 1879 3065 καὶ

318 3100 600 3172 ὲπόπτην,
639 3104 824 3173 τηρεῖν
869 3102 924 3155 δὲ
967 3103 1129 3156 αύτοῦ
1178 3104 1271 3157 καὶ
1309 3102 1376 3155 τὰ
1412 3102 1875 3189 παραγγέλματω

1977 563 2076 603 nec
2103 564 2297 604 aurum
2325 549 2554 619 probum
2586 544 2835 600 utilitatis
2882 543 3177 614 quidquam
3220 544 3530 599 habiturum

1977 648 2078 695 est.
2104 638 2294 709 Magna
2315 639 2477 693 etiam
2505 638 2657 708 plaga
2681 633 2861 690 omnia
2883 635 3187 704 occupabit,
3206 636 3273 692 ad
3292 636 3532 707 hydriam

1976 732 2136 786 etiam
2168 747 2337 800 usque
2369 730 2437 784 ad
2469 729 2671 784 fontem
2716 727 2948 797 aliquem
2987 735 3239 791 stantem,
3280 735 3334 781 et
3356 736 3533 781 rotam

1975 821 2206 877 vehiculi
2235 836 2396 890 quam
2429 821 2481 874 in
2514 820 2766 875 cisterna
2793 818 3127 874 concavitate
3145 818 3385 872 relictam
3415 832 3537 873 esse

1975 913 2297 985 contigerit:
2330 912 2380 966 7.
2422 912 2525 967 hoc
2554 911 2808 965 nimirum
2841 910 3171 964 ablutionem
3203 908 3406 963 ferente
3437 925 3538 964 sa:-

1976 1007 2119 1072 culo,
2135 1015 2189 1061 et
2212 1003 2712 1060 circumvolutionis
2739 1010 2794 1057 et
2816 1002 2936 1072 ejus
2956 1003 3077 1055 vita:
3091 1016 3212 1071 quze
3228 1016 3320 1070 per
3340 1015 3537 1069 aquam

1977 1106 2341 1167 comparatur,
2371 1105 2583 1164 tempus
2606 1102 3007 1163 praatergresso.
3028 1091 3349 1146 llominibus
3374 1106 3538 1160 porro

1976 1189 2030 1244 in
2064 1198 2209 1244 terra
2244 1187 2554 1257 iacentibus
2589 1186 2703 1240 hate
2756 1200 2862 1238 una
2908 1182 3099 1238 salutis
3148 1182 3287 1237 ratio
3329 1192 3445 1243 est,
3479 1192 3540 1237 ut

1975 1295 2165 1334 eorum
2197 1279 2390 1333 animat
2418 1292 2541 1332 eum
2575 1285 2900 1347 agnoscant,
2937 1284 3119 1342 atque,
3154 1274 3219 1328 ad
3250 1289 3372 1327 eum
3407 1289 3539 1329 con-

1976 1366 2157 1426 volent
2184 1386 2214 1425 a
2241 1386 2350 1440 quo
2382 1379 2576 1425 creata:
2600 1377 2745 1423 sunt.
2782 1367 2835 1422 8.
2864 1366 3132 1436 ltaque,ut
3157 1382 3219 1421 ea
3248 1382 3368 1435 qnte
3387 1366 3539 1435 prius

1976 1462 2087 1516 dixi
2136 1469 2394 1531 repetam,
2434 1459 2722 1514 admodum
2747 1472 2883 1512 vane
2906 1459 3161 1512 mortales
3184 1441 3357 1513 alTecti
3388 1470 3534 1520 sunt,

1977 1561 2231 1621 tantaque
2261 1559 2340 1605 est
2369 1563 2701 1617 rerum,qu:e
2735 1548 2802 1601 ab
2844 1548 2949 1601 illis
3003 1549 3411 1618 excogitantur,
3443 1564 3541 1602 va-

1978 1644 2141 1711 nitas,
2186 1653 2243 1697 ut
2288 1642 2355 1697 ad
2402 1657 2589 1696 earum
2643 1639 2932 1694 vanitatem
2965 1640 3233 1695 accedere
3273 1640 3409 1695 nihil
3427 1656 3540 1695 om-

1982 1732 2113 1787 nino
2148 1733 2338 1802 possit.
2378 1730 2433 1785 9.
2464 1731 2542 1785 Ae
2581 1731 2715 1784 mihi
2746 1746 2962 1800 quoque
2988 1730 3165 1786 inanis
3199 1739 3250 1785 et
3283 1747 3540 1800 superva-

1913 1816 1951 1873 B
1980 1837 2179 1877 canens
2203 1822 2357 1877 labor
2376 1822 2694 1893 suscipitur.
2718 1822 2987 1892 sapienter
3008 1829 3063 1875 et
3093 1820 3302 1875 erudite
3319 1823 3538 1878 concio-

1981 1916 2167 1969 nanti:
2197 1915 2393 1985 quippe
2437 1916 2527 1984 qui
2557 1915 2811 1985 populum
2849 1914 2995 1968 hunc
3010 1914 3205 1968 docere
3238 1916 3538 1984 aggrediar,

1983 2007 2055 2061 ita
2081 2006 2279 2061 misere
2326 2006 2639 2076 perditeque
2682 2004 2932 2059 aﬂ‘ectum
2958 2046 2971 2066 ,
3012 2012 3070 2057 ut
3097 2020 3199 2057 nec
3235 2003 3537 2058 doctrinam

1982 2113 2083 2153 nec
2110 2098 2447 2153 curationem
2472 2098 2744 2152 admittat.
2775 2096 2923 2166 Opus
2945 2104 3030 2151 est
3057 2107 3235 2151 autem
3268 2096 3384 2149 viro
3412 2094 3540 2149 l‘orti

1981 2200 2036 2244 et
2062 2204 2322 2261 generoso
2343 2231 2356 2254 ,
2389 2190 2455 2244 ad
2494 2190 2599 2243 hoc
2630 2198 2685 2242 ut
2706 2188 2987 2257 sapientia:
3019 2203 3300 2243 sermones
3330 2188 3544 2241 intelle-

1983 2290 2071 2337 ctu
2097 2281 2314 2350 assequi
2338 2288 2520 2349 queat.
2564 2277 2651 2332 l0.
2689 2277 2800 2350 Ego
2824 2293 2954 2333 vero
2999 2278 3110 2348 jam
3143 2279 3361 2345 grandis
3388 2289 3540 2342 natu,

1984 2374 2314 2442 longumque
2334 2372 2457 2425 vitae
2482 2371 2717 2440 spatium
2746 2386 3022 2435 emensus,
3056 2371 3110 2424 in
3136 2371 3231 2436 iis,
3269 2386 3389 2440 qua:
3432 2369 3542 2422 Deo

1985 2473 2137 2535 grata
2169 2474 2222 2518 et
2253 2472 2471 2532 accepta
2500 2471 2647 2525 sunt,
2679 2478 2775 2531 per
2800 2461 3041 2516 veritatis
3068 2461 3322 2532 mysteria
3355 2461 3541 2529 exqui-

1982 2555 2187 2620 rendis,
2216 2556 2459 2610 animum
2493 2553 2802 2621 defatigavi.
2857 2553 2943 2608 11.
2976 2552 3110 2607 illud
3141 2561 3318 2606 autem
3352 2552 3543 2620 explo-

1983 2658 2159 2703 ratum
2178 2646 2596 2711 habeo,animos
2626 2661 2734 2701 non
2761 2644 2944 2701 minus
2960 2643 3303 2699 exstimulari
3335 2644 3544 2713 sapien-

1983 2747 2098 2792 tum
2133 2737 2435 2807 praeceptis,
2469 2752 2631 2807 quam
2676 2737 2853 2790 solent
2884 2749 3138 2804 corpora,
3183 2733 3403 2789 stimulo
3448 2743 3543 2788 aut

1984 2830 2138 2885 clavo
2162 2828 2373 2885 conﬁxa
2396 2839 2451 2884 et
2478 2827 2769 2898 perforata.
2821 2826 3079 2882 Nonnulli
3109 2838 3291 2882 autem
3326 2826 3543 2897 sapien-

1983 2920 2197 2976 tissima
2220 2920 2312 2975 illa
2343 2921 2666 2977 documenta
2696 2936 2726 2974 a
2766 2920 2910 2974 bono
2938 2934 3049 2973 uno
3089 2928 3306 2987 pastore
3333 2928 3386 2972 et
3425 2933 3541 2971 ma-

1984 3012 2155 3083 gistro
2170 3020 2408 3082 accepta,
2432 3012 2587 3082 quasi
2609 3029 2675 3067 ex
2697 3029 2805 3067 uno
2827 3027 2922 3067 ore
2939 3025 3129 3065 omnes
3152 3017 3313 3080 atque
3330 3010 3470 3063 inter
3487 3023 3545 3062 se

1985 3103 2282 3160 concordes
2310 3105 2549 3170 dabunt;
2584 3104 2846 3159 creditam
2876 3103 2978 3158 sibi
3015 3102 3316 3157 doctrinam
3355 3099 3545 3169 copio-

318 3193 600 3249 πείθεσθαι
629 3195 706 3259 δὲ,
728 3195 902 3249 πάντα
921 3196 1039 3249 τινὰ
1069 3196 1361 3266 μετέπειτα
1391 3197 1483 3249 καὶ
1506 3183 1878 3268 κριθῆσεσθαι,

1984 3196 2100 3252 sius
2123 3205 2179 3251 et
2200 3196 2445 3252 ornatius
2468 3204 2816 3266 exponentes.
2848 3195 2936 3249 12.
2963 3193 3228 3248 Caeterum
3256 3192 3543 3248 verborum

317 3285 413 3339 καὶ
440 3286 560 3339 κατ’
580 3286 734 3352 ἀξίαν
758 3287 1122 3360 ἀπολήψεσθαι
1143 3288 1371 3342 ἕκαστον
1387 3288 1493 3341 τῶν
1522 3288 1685 3342 αὑτοῦ
1708 3288 1882 3360 ἔργων

315 3375 417 3446 τὴν
448 3376 679 3449 ἀμοιϐὴν
708 3377 924 3446 ἀγαθῶν
954 3394 1013 3430 τε
1038 3378 1172 3449 ὁμοῦ
1204 3379 1299 3434 καὶ
1321 3379 1557 3448 φαύλων.

1989 3289 2286 3344 multorum
2332 3289 2481 3344 nulla
2527 3298 2612 3344 est
2640 3289 2882 3343 utilitas:
2919 3302 3018 3342 nec
3048 3287 3179 3353 tibi,
3228 3284 3307 3340 vir
3351 3284 3544 3351 amice,

1988 3390 2180 3434 auctor
2224 3379 2396 3446 fuero,
2441 3387 2501 3434 ut
2549 3395 2614 3434 ea
2658 3395 2779 3449 quae
2824 3379 3005 3433 minus
3047 3378 3329 3442 convenit,
3382 3376 3547 3429 inuti-

318 3474 359 3530 li
383 3484 554 3539 opera
580 3473 914 3537 conscribas,
936 3487 1000 3526 ex
1026 3473 1221 3542 quibus
1255 3482 1446 3543 praeter
1476 3474 1690 3529 inanem
1730 3474 1967 3529 laborem
1999 3476 2134 3529 nihil
2166 3475 2433 3530 commodi
2459 3475 2807 3545 percipiatur.
2845 3474 2934 3528 15.
2966 3472 3253 3542 Reliquum
3296 3471 3407 3541 jam
3441 3479 3545 3535 est,

316 3572 380 3618 ut
411 3564 725 3633 huiusmodi
755 3566 987 3635 quodam
1034 3567 1246 3637 epilogo
1280 3576 1401 3621 utar
1425 3583 1440 3620 :
1474 3566 1519 3622 Ο
1547 3566 1817 3632 homines,
1846 3582 1912 3620 en
1941 3566 2095 3621 vobis
2134 3576 2315 3636 aperte
2338 3567 2677 3635 breviterque
2721 3565 3002 3631 denuntio,
3028 3574 3087 3619 ut
3107 3564 3275 3618 Deum
3301 3564 3544 3619 omnium

317 3655 610 3711 Dominum
637 3667 692 3712 et
729 3659 1086 3727 inspectorem
1132 3659 1368 3729 timeatis
1387 3659 1615 3728 ejusque
1642 3667 1905 3728 praecepta
1957 3658 2212 3722 servetis;
2253 3658 2340 3712 14.
2389 3656 2651 3726 vobisque
2698 3656 3091 3727 persuadeatis,
3137 3657 3321 3711 omnia
3354 3666 3542 3726 postea

316 3746 583 3816 judicium
639 3749 921 3817 subitura,
962 3758 1126 3819 atque
1164 3765 1606 3822 unumquemque
1650 3765 1873 3821 operum
1907 3765 2133 3806 suorum
2164 3759 2271 3803 tam
2318 3749 2583 3803 bonorum
2613 3763 2773 3818 quam
2816 3748 3082 3803 malorum
3113 3749 3411 3804 mercedem
3441 3762 3541 3817 pro

321 3844 531 3900 meritis
551 3852 920 3914 accepturum.

321 4000 681 4074 φιλαργυρίας
703 4002 930 4074 σχοινίον
955 4041 969 4065 ,
999 4000 1059 4054 τὸ
1089 4000 1288 4074 πάσαις
1319 4001 1615 4074 ἁμαρτίαις
1659 3999 1887 4053 καταδε-

321 4070 949 4142 σμεῦονζΡαεηὶιιιηιὶαιη
980 4088 1091 4141 age,
1111 4070 1415 4141 priusquam
1439 4070 1546 4125 cita
1587 4081 1886 4139 praetereat,

321 4141 494 4211 inqua
522 4141 785 4211 funiculus
818 4151 892 4195 est
932 4143 1190 4203 avaritiae,
1243 4142 1332 4211 qui
1376 4143 1601 4210 peccatis
1647 4142 1883 4193 omnibus

320 4210 625 4280 obstringit.
675 4210 798 4265 Hzrc
831 4212 997 4281 igitur
1028 4221 1110 4266 est
1141 4210 1293 4281 plaga
1325 4228 1446 4276 quae
1492 4212 1800 4281 occupabit,
1831 4219 1885 4263 et

319 4284 518 4336 animae
548 4297 578 4335 a
605 4296 831 4350 corpre
862 4280 1158 4350 dissolutio
1191 4280 1571 4350 subseqnetnr,
1605 4296 1765 4350 quam
1789 4280 1887 4350 hy-

319 4352 455 4405 driae
484 4348 722 4420 rotaeque
752 4349 1054 4406 confractio
1078 4352 1342 4421 designat.
1374 4348 1511 4406 Duc.
1539 4348 1880 4421 —i§a6é§et.

319 4421 536 4490 insigne
566 4419 811 4492 verbum,
840 4437 948 4492 quo
985 4422 1144 4475 etiam
1174 4419 1343 4476 utitur
1368 4422 1505 4475 infra
1539 4421 1595 4473 S.
1636 4419 1793 4473 Pater
1831 4420 1882 4472 in

1993 4007 2042 4053 et
2073 3997 2182 4051 dies
2210 3996 2631 4050 cunctabundum
2668 4002 3143 4064 prwtercurrentes.
3194 3992 3327 4047 Cum
3364 4002 3543 4064 autem

1992 4070 2153 4122 vertit
2180 4067 2389 4127 Billius,
2417 4082 2571 4136 quant
2604 4062 2921 4118 inﬁcistcrnae
2948 4064 3270 4136 concacitate
3310 4062 3545 4136 relictam

1992 4153 2102 4193 esse
2130 4131 2437 4207 contigerit,
2457 4136 2671 4207 videtur
2691 4135 2965 4207 emendari
2997 4131 3547 4207 voluisscdeiauevﬁg

2028 4224 2088 4261 ro
2140 4203 2509 4278 παυσαμένης.
2555 4204 2649 4261 Est
2697 4207 2838 4259 enim
2884 4206 3031 4258 lacus
3072 4206 3157 4257 vel
3207 4205 3438 4278 cisterna
3461 4203 3547 4278 δε-

2021 4224 2088 4261 ro
2140 4223 2420 4278 παυσαμεν
2462 4223 2509 4268 ς.
2555 4223 2649 4261 ιιει
2697 4223 2838 4259 enim
2884 4223 3031 4258 lacus
3072 4223 3157 4257 vet
3207 4223 3438 4259 CIStcrua
3461 4223 3544 4256 οε-

2021 4279 2226 4349 αμενή,
2252 4279 2397 4349 unde
2424 4223 2716 4349 Eregorins
2746 4286 2928 4349 noster
2963 4289 3126 4342 supra
3156 4290 3274 4343 cap.
3296 4274 3374 4349 2,
3408 4271 3436 4342 §
3490 4273 3544 4337 6,

1988 4342 2274 4418 δεξαμεναὶ
2302 4347 2437 4418 πρὸς
2469 4342 2732 4416 ὑποδοχάς
2768 4344 2974 4418 ὑδάτων
2998 4342 3542 4418 Δκατεσκευάσθησαν.

1991 4413 2357 4472 Daci—Hunc"
2381 4419 2555 4486 ipsum
2591 4413 2784 4477 loeum,
2806 4416 2942 4467 haud
2965 4414 3116 4486 aliter
3138 4430 3202 4469 ac
3215 4413 3549 4486 Ductens.tli-

321 4470 540 4546 ὲὶὶὸσᾶἇ
1521 4470 1885 4561 circuit—inerit,
1918 4470 1962 4525 D
1992 4470 2215 4561 stingnit
2243 4470 2545 4561 Bengelius,
2631 4502 2703 4551 c.,
2725 4470 3104 4561 232,1egitque
3136 4484 3339 4561 χρόνων
3367 4499 3426 4536 τε
3438 4498 3547 4561 pro

317 4564 443 4625 ταῖς
467 4559 787 4631 φαντασίαις
817 4559 1210 4633 κατεχομένων.
1258 4559 1356 4617 Hic
1397 4577 1525 4633 vero
1558 4559 1687 4633 illud
1731 4575 1893 4633 usur-

320 4644 415 4754 ραι
464 4629 655 4703 magna
699 4629 1032 4700 notabiliq'ue'
1078 4649 1200 4687 cum
1243 4631 1509 4702 emphasi,
1566 4630 1655 4684 ubi
1697 4629 1892 4682 miram

344 4716 467 4754 tanc
532 4703 872 4754 Ecclesiastm
904 4703 1320 4754 descriptionem
1368 4717 1474 4754 non
1529 4702 1595 4754 ad
1644 4708 1892 4753 senectu-

344 4716 467 4756 tanc
531 4702 872 4758 Ecclesiastze
904 4703 1320 4771 descriptionem
1368 4717 1474 4755 non
1529 4702 1595 4771 ad
1644 4708 1893 4771 senectu-

323 4782 455 4835 tem,
480 4774 572 4827 sed
625 4773 691 4827 ad
725 4766 1247 4827 consummationem
1294 4771 1476 4827 saeculi
1505 4770 1686 4823 refert.
1712 4766 1894 4839 llesy~

321 4843 482 4897 chius
506 4858 522 4895 :
554 4842 894 4913 Κατέχεσθαι
911 4858 924 4871 ·
954 4841 1346 4913 θεοφορεῖσθαι.
1373 4842 1522 4913 Adde
1540 4839 1683 4895 Guil.
1709 4835 1890 4913 Bullini

320 4906 737 4982 commentario?
762 4913 958 4982 lingth
986 4906 1201 4966 Gra'cre.
1234 4912 1475 4980 Bengel.,
1501 4910 1537 4962 l.
1573 4927 1648 4982 ο..
1686 4925 1737 4979 p.

395 4981 509 5053 (‘28)
550 4983 646 5035 Ἐν
668 4983 747 5049 τῷ
779 4980 1114 5053 κοὶτιώματι.
1137 4982 1447 5036 Maluissem
1469 4989 1529 5034 ut
1557 4980 1893 5053 animadVer-

321 5050 849 5108 tisSet'doctissimus
875 5050 1065 5107 Billius
1094 5053 1518 5114 distinctionem,
1549 5067 1670 5120 quae
1700 5050 1754 5103 in
1781 5064 1886 5120 ms.

322 5122 517 5176 Medic.
549 5123 797 5177 subditur
827 5130 946 5192 post
980 5138 1164 5177 vocem
1189 5120 1519 5191 κοιλώματι,
1558 5119 1885 5192 noemodo:

320 5193 381 5244 ὲν
394 5191 671 5279 ‘16:).XOt2fi)
671 5188 842 5279 han;
855 5208 1035 5279 riuo-ca
1044 5188 1431 5279 pév'ngxpdvtov
1450 5208 1507 5244 τε
1527 5188 1888 5279 ίπεριδρρμῆς,

320 5264 418 5316 καὶ
446 5260 547 5331 τῆς
576 5262 639 5315 δι’
669 5260 856 5327 ὓδατος
876 5260 1019 5332 ζωῆς
1044 5260 1490 5333 παροδεύσαντος.
1526 5260 1697 5326 Quam
1726 5260 1888 5313 etiam

320 5333 667 5404 ὐποστιγμήν
708 5335 781 5404 ita
822 5332 1215 5404 subjiciendam
1253 5334 1345 5386 alii
1394 5332 1502 5386 duo
1571 5332 1890 5404 interpretes

321 5401 691 5473 agnoverunt.
732 5403 1007 5457 Joannes:
1036 5401 1190 5473 _Cum
1228 5404 1392 5472 igitur
1444 5401 1667 5454 cessabit
1703 5416 1887 5451 cursus

324 5471 637 5542 temporum.
678 5472 984 5528 Masculus:
1016 5471 1263 5542 Cessante
1302 5484 1411 5526 tum
1460 5481 1747 5542 temporum
1781 5484 1889 5542 εει-τ

321 5538 491 5598 cuitu.
529 5552 580 5596 et
618 5544 808 5597 seculo
851 5543 1048 5612 elapso.
1085 5541 1272 5596 Solent
1301 5545 1445 5596 enim
1480 5538 1665 5612 Patres
1709 5538 1887 5612 Graeci

320 5614 505 5667 dicere
525 5622 580 5667 et
605 5628 777 5669 annos
807 5622 858 5666 et
883 5609 1123 5683 tempora
1149 5628 1390 5671 currere.
1428 5621 1486 5683 ut
1525 5610 1773 5683 Basilius
1791 5609 1889 5683 ho-

323 5683 441 5737 ωλι.
480 5684 571 5754 Ἔν
596 5683 740 5754 λιμῴ
757 5699 771 5713 ⁸
814 5683 923 5735 Ῥεῖ
945 5685 974 5735 ό
994 5678 1195 5754 ’χρόνος
1218 5683 1311 5735 καὶ
1328 5682 1637 5754 ἐπείγονται
1663 5680 1720 5733 αἱ
1751 5678 1888 5748 ἡμέ-

324 5767 416 5827 ραι
441 5753 533 5808 τὸν
554 5750 783 5826 ὀκνηρὸν
813 5750 1272 5825 παρατρέχουσαι.
1318 5750 1466 5806 Fluit
1495 5751 1632 5805 enim
1662 5759 1882 5818 tempus,

1992 4553 2181 4630 χρόνον
2210 4575 2290 4621 τε,
2319 4553 2462 4627 quod
2507 4557 2708 4630 habent
2744 4556 2903 4630 editi;
2935 4553 3004 4630 ab
3028 4553 3402 4630 ipso-fortasse
3434 4553 3545 4607 Du-

1991 4625 2102 4682 cieo
2122 4625 2370 4682 edoctus:
2392 4642 2500 4697 quo
2525 4625 3023 4697 nimirum,inquit,
3049 4625 3351 4697 obscuritas
3382 4639 3545 4694 quam

1990 4699 2262 4753 recentior
2291 4694 2453 4751 etiam
2480 4696 2741 4765 interpres
2767 4694 3017 4765 offundit,
3054 4696 3196 4765 ultro
3231 4704 3423 4750 cesset.

2059 4766 2169 4838 (29)
2203 4767 2310 4821 Τοῦ
2340 4764 2747 4835 λουτροφόρου
2776 4764 3008 4838 alterae.
3045 4764 3137 4838 Sic
3170 4768 3273 4838 hoc
3303 4774 3546 4819 nostrum

1989 4835 2245 4891 saeculum
2283 4847 2475 4902 vocat;
2523 4839 2663 4907 quod
2685 4837 2924 4907 quandiu
2961 4837 3015 4890 in
3046 4837 3147 4890 hac
3179 4835 3292 4889 vita
3324 4850 3546 4907 sumus,

1989 4907 2134 4961 nulla
2161 4917 2243 4962 est
2270 4917 2377 4962 tam
2411 4903 2555 4962 larda
2586 4903 2786 4976 peccati
2825 4905 2992 4970 labes,
3024 4921 3143 4975 quae
3164 4921 3287 4959 eum
3324 4903 3416 4976 Dei
3447 4918 3549 4976 ope

1988 4987 2042 5031 et
2067 4978 2436 5033 misericordia
2465 4972 2673 5046 deter-gi
2712 4987 2875 5044 atque
2904 4972 3055 5031 ablui
3080 4991 3185 5029 non
3217 4975 3420 5046 possit.
3447 4972 3547 5026 Vel

1987 5049 2152 5102 etiam
2194 5048 2426 5103 fortasse
2484 5044 3043 5119 λουτροφόρονλνοοειι
3090 5046 3204 5119 hoc
3264 5044 3544 5110 saeculum,

1988 5128 2206 5190 propter
2242 5119 2454 5190 mystici
2484 5112 3059 5190 lavacriﬁblutionent.
3083 5112 3233 5167 BILL.

2056 5182 2167 5257 (30)
2196 5182 2461 5258 Σώλιατα.
2487 5188 2622 5242 Cod.
2644 5187 2872 5258 Medic”
2904 5185 3243 5258 edomuerat.
3269 5182 3404 5240 Duc.

2059 5252 2171 5327 (5i)
2208 5252 2362 5322 Ἥξῑῳ
2389 5256 2887 5327 ἐμπερονηθέντα.
2920 5252 3281 5327 ιΧΧ,ἘοοΙο.
3327 5271 3427 5318 xu,
3459 5252 3546 5317 Η,

1985 5325 2200 5400 ὡςνῆλοι
2234 5325 2646 5399 πεφυτευμένοι,
2679 5329 2832 5400 quasi
2859 5327 2992 5400 claui
3015 5326 3281 5400 plantati:
3314 5339 3412 5394 pro
3436 5338 3549 5400 quo

1988 5401 2080 5453 alii
2106 5392 2239 5453 'libri
2272 5392 2903 5470 Ιιέϋεηίπεπυρςύμένοι,
2943 5392 3117 5470 igniti.
3162 5392 3355 5470 Vulg.',
3395 5394 3547 5470 quasi

1988 5469 2120 5521 clavi
2149 5471 2205 5522 in
2246 5468 2412 5522 altum
2451 5464 2788 5533 deﬁxifQute
2817 5464 2995 5520 omnia
3036 5464 3428 5533 Metaphrastes
3462 5466 3548 5518 hic

1987 5547 2174 5592 noster
2204 5538 2438 5594 clariora
2483 5541 2563 5593 sic
2591 5537 2856 5592 reddidit:
2909 5534 3180 5590 Suscitant
3224 5537 3430 5588 animos
3455 5552 3548 5588 θα-

1986 5609 2216 5676 pieutum
2246 5613 2539 5677 prwcep‘ta;
2563 5617 2612 5661 et
2640 5614 2873 5675 pungunt
2887 5622 2990 5677 non
3010 5607 3211 5667 ntinus,
3243 5622 3402 5677 quam
3422 5605 3542 5674 afﬁ-

1987 5674 2197 5748 ciantur
2223 5674 2462 5748 corpora,
2487 5674 2701 5731 stimulo
2722 5685 2814 5728 aut
2849 5675 2993 5731 clavo
3025 5674 3265 5746 trajecta.
3296 5674 3455 5733 Voss.

2058 5747 2195 5818 (δι’)
2234 5747 2385 5817 Legit
2405 5747 2668 5820 interpres
2700 5747 2868 5815 παρά.
