4028 6214
220 282 345 337 1021

1463 281 1797 341 EPISTULA
1836 280 2199 339 CANONICA.

3321 284 3341 337 l
3352 284 3456 338 οει

223 418 241 451 ι
284 399 557 451 κοινωνεῖν
586 397 693 451 τῶν
721 396 910 468 εὐχῶν.
977 398 1040 451 Ei
1082 397 1264 468 μέντοι
1304 398 1389 462 τὶς
1415 401 1473 452 ὲν
1509 400 1654 472 ἄκρᾳ
1687 417 1791 453 σω·

1903 419 1918 449 ι
1957 415 2173 454 summa
2200 399 2533 454 continentia
2563 399 2779 464 vixerit,
2808 408 2862 454 et
2889 416 3075 469 puram
3101 400 3169 455 ab
3200 402 3457 471 omnique

224 513 243 545 ι
286 492 527 565 φροσύνῃ
556 491 789 563 ζήσασα,
826 492 920 545 καὶ
948 491 1185 564 καθαρὸν
1214 494 1308 547 καὶ
1336 493 1439 557 ἔξω
1466 494 1643 565 πάσης
1666 496 1790 547 ύπο-

218 604 235 634 ι
278 583 423 646 νοίας
455 582 864 653 ὲπιδεδειγμένη
903 582 1016 652 βίον
1040 583 1131 635 τὸν
1159 583 1454 655 πρότερον,
1500 582 1595 636 νῦν
1639 600 1791 654 περι-

219 694 238 727 ι
286 676 568 728 πέπτωκεν
592 676 654 727 ὲκ
683 673 800 744 βίας
826 674 919 727 καὶ
954 675 1199 745 ἀνάγκης
1231 674 1383 747 ὕϐρει
1407 714 1421 738 ,
1450 675 1642 745 ἔχομεν
1689 692 1791 726 πα-

217 786 237 819 ι
287 767 549 838 ράδειγμα
577 765 637 818 τὸ
670 768 727 819 ὲν
756 765 833 836 τῷ
866 767 1294 836 Δευτερονομίῳ
1333 767 1393 819 τὸ
1429 767 1518 819 ἐπὶ
1564 768 1627 836 τῇ
1663 767 1788 819 νεά-

218 878 239 911 e
283 859 404 923 νιδι,
430 860 495 929 ἣν
518 861 574 911 ὲν
605 858 682 929 τῷ
706 858 869 929 πεδίῳ
894 852 1049 930 εὗρεν
1081 859 1381 931 ἄνθρωπος,
1408 860 1503 913 καὶ
1530 858 1791 929 βιασάμε-

218 972 238 1003 ι
282 970 370 1016 νος
395 951 594 1021 αὐτὴν.
636 950 899 1022 ἐκοιμήθη
936 951 1051 1022 μετ’
1088 953 1289 1022 αὐτῆς
1350 951 1427 1020 Τῇ
1457 951 1680 1005 νεάνιδι
1720 954 1790 1005 οὐ

220 1063 238 1093 ι
286 1041 588 1108 ποιήσετε,
645 1043 842 1113 φησιν,
891 1042 1102 1096 οὐδέν·
1142 1045 1253 1096 οὐκ
1282 1042 1414 1096 ἐστι
1455 1041 1528 1110 τῇ
1568 1040 1791 1095 νεάνιδι

219 1155 239 1186 ι
280 1134 591 1204 ἁμάρτημα
615 1133 870 1189 θανάτου
890 1152 902 1164 ·
930 1134 1017 1187 ὅτι
1054 1135 1153 1201 ὡς,
1207 1134 1263 1188 εἴ
1290 1152 1380 1200 τις
1410 1133 1647 1202 ἀναστῇ
1684 1132 1789 1185 ἅν-

218 1246 239 1279 e
285 1230 513 1296 θρωπος
533 1226 632 1279 ἐπὶ
657 1227 762 1279 τὸν
782 1227 1047 1294 πλησίον
1072 1227 1256 1279 αὑτοῦ
1278 1267 1292 1290 ,
1337 1225 1435 1278 καὶ
1474 1222 1789 1292 θανατώσῃ

220 1338 242 1371 ι
286 1319 472 1372 αὑτοῦ
528 1318 642 1385 τὴν
688 1317 937 1386 ψυχὴν,
982 1318 1135 1389 οὕτω
1182 1317 1246 1370 τό
1294 1315 1531 1386 πρᾶγμα
1580 1316 1786 1370 τοῦτο’

222 1431 242 1462 ι
284 1412 537 1479 ἐϐόησεν
564 1412 601 1479 ή
626 1408 846 1476 νεᾶνις,
879 1410 973 1463 καί
1008 1414 1040 1463 ό
1064 1408 1308 1478 βοηθῶν
1358 1411 1468 1463 οὐκ
1503 1406 1583 1481 ἦν
1615 1407 1787 1478 αὐτῇ.

224 1500 410 1555 Ταῦτα
436 1502 614 1571 μέντοι
646 1504 883 1559 τοιαῦτα.
902 1524 918 1554 ι

291 1597 487 1650 ΒΑΛΣ.
535 1596 858 1669 Ἐρωτηθεὶς
901 1598 929 1650 ὁ
972 1596 1128 1664 ἅγιος
1186 1598 1314 1667 περὶ
1356 1591 1447 1649 τοῦ
1500 1594 1552 1648 τί
1590 1592 1791 1663 ὀφείλει

218 1688 465 1759 γίνεσθαι
504 1690 583 1751 είς
621 1689 747 1752 τοὺς
783 1688 1140 1758 Χριστιανοὺς
1173 1687 1297 1751 τοὺς
1331 1685 1791 1759 αίχμαλωτισθέν-

225 1800 326 1845 τας
359 1780 507 1852 παρὰ
539 1780 847 1854 βαρϐάρων,
875 1781 968 1833 καὶ
998 1780 1268 1849 φαγόντας
1296 1778 1364 1832 τὰ
1404 1778 1555 1850 παρὰ
1590 1777 1793 1831 τούτων

221 1875 407 1933 αὐτοῖς
456 1872 866 1943 παρατιθέμενα
922 1872 1268 1925 εἰδωλόθυτα*
1319 1870 1691 1941 ἀπελογήσατο
1719 1869 1794 1933 ὡς

218 1966 287 2020 τὰ
337 1963 599 2037 βρώματα
636 1964 807 2018 ταῦτα
853 1965 910 2017 οὐ
968 1964 1140 2037 βαρεῖ,
1172 1964 1429 2031 uva-1106,
1465 1964 1525 2018 ού
1575 1962 1794 2035 βαρεῖαν

221 2059 442 2130 ἐμποιεῖ
478 2057 710 2129 βλάϐην·
746 2059 839 2110 καὶ¹
871 2058 1065 2129 μᾶλλον
1094 2059 1174 2111 ὃτι
1200 2052 1279 2121 εἷς
1306 2058 1462 2126 λόγος
1487 2058 1636 2130 παρὰ
1668 2059 1798 2112 πάν-

214 2169 348 2215 των,
378 2152 546 2222 ήγουν
574 2152 660 2205 ὅτι
690 2151 887 2214 πάντες
920 2150 1137 2219 λέγουσι
1175 2150 1247 2221 μὴ
1297 2150 1451 2204 θῦσαι
1498 2154 1609 2215 τοῖς
1641 2151 1796 2204 είδώο

219 2243 331 2307 λοις
381 2244 509 2307 τοὺς
557 2242 625 2296 τὰ
673 2243 916 2315 ἡμέτερα
972 2241 1414 2314 καταδραμόντας
1470 2243 1792 2316 βαρϐάρους.

223 2336 466 2407 Παράγει
514 2335 570 2388 δὲ
605 2336 696 2388 καὶ
729 2336 793 2387 ὲκ
833 2332 925 2387 τοῦ
972 2334 1291 2386 Ἀποστόλου
1327 2335 1570 2405 χρήσεις,
1602 2335 1695 2389 καὶ
1730 2337 1793 2387 ὲκ

221 2428 313 2481 τοῦ
347 2427 676 2495 Εύαγγελίου
695 2445 707 2457 ·
742 2430 806 2480 ἐκ
840 2427 936 2499 μὲν
964 2427 1056 2480 τοῦ
1096 2427 1413 2480 Ἀποστόλου
1442 2428 1520 2491 τὸ,
1542 2431 1617 2481 Τά
1640 2428 1798 2496 βρώ-

220 2538 376 2591 ματα
394 2519 468 2589 τῇ
494 2520 690 2587 κοιλίᾳ
718 2519 815 2574 καί
846 2522 882 2588 ἠ
908 2520 1105 2573 κοιλία
1134 2519 1258 2585 τοῖς
1276 2518 1589 2588 βρώμασιν
1614 2537 1627 2549 ·
1664 2523 1697 2573 ό
1731 2520 1799 2573 δὲ

226 2613 369 2679 Θεὸς
393 2612 491 2666 καί
508 2613 734 2680 ταύτην
758 2612 855 2665 καὶ
888 2611 1073 2665 ταῦτα
1105 2610 1562 2679 καταργήσει.“0
1578 2610 1642 2682 δὴ
1664 2613 1799 2665 ἀπο-

226 2706 471 2759 στολικδν
518 2707 714 2775 χωρίον
748 2704 876 2775 περὶ
911 2704 1224 2774 πλησμονῆς
1259 2704 1404 2772 λέγει
1458 2704 1551 2757 καὶ
1579 2721 1801 2775 γαστρι-

232 2798 501 2870 μαργίας·
528 2800 620 2852 καὶ
648 2797 907 2869 βρώματα
941 2798 1058 2867 μὲν,
1087 2796 1155 2850 τὰ
1176 2796 1406 2868 περιττὰ
1432 2796 1682 2868 ὀνομάζει
1708 2797 1802 2850 κα)⁵

227 2892 330 2963 τήν
356 2892 567 2963 τρυφήν
585 2908 599 2923 ·
626 2891 828 2945 κοιλίαν
853 2892 908 2943 δὲ
934 2890 1029 2961 τὴν
1056 2890 1515 2961 γαστριμαργίαν,
1544 2890 1655 2943 ἀλλ’
1681 2889 1801 2960 οὐχὶ

226 2982 325 3054 τὴν
349 2983 607 3055 γαστέρα.
641 2982 740 3037 Διὰ
770 2983 826 3037 δὲ
857 2982 1061 3035 τούτων
1101 2984 1129 3034 ό
1174 2982 1491 3045 ’Λπόστολος
1518 2981 1684 3050 λέγει,
1721 2981 1801 3033 ὅτι

228 3078 262 3148 ή
309 3075 586 3148 άδηφαγία
627 3076 722 3129 καὶ
768 3077 803 3146 ή
852 3073 1028 3146 τρυφὴ
1060 3076 1123 3145 τῇ
1152 3075 1561 3146 γαστριμαργίᾳ
1590 3075 1797 3144 ἀνήκει,
1828 3100 1868 3155 c

230 3168 345 3221 ἀλλ’
370 3169 432 3221 οὐ
479 3168 613 3239 πρὸς
647 3167 777 3221 Θεὸν
820 3168 1003 3238 φέρει·
1037 3167 1130 3219 καὶ
1160 3169 1226 3237 τῇ
1260 3168 1435 3237 τρυφῇ
1478 3166 1539 3218 τὸ
1581 3166 1679 3235 τῆς
1709 3182 1803 3233 γα-

232 3258 591 3330 στριμαργίας
632 3258 801 3321 πάθος
833 3257 1126 3327 ᾠκείωται,
1164 3257 1255 3310 καὶ
1307 3255 1533 3327 θάτερον
1589 3254 1801 3327 θατέρῳ

229 3349 484 3403 δουλεύει.
503 3351 560 3404 Ὀ
590 3350 647 3403 δὲ
678 3350 809 3411 Θεὸς
853 3348 1107 3421 ἄπρακτα
1139 3348 1233 3401 καὶ
1265 3348 1407 3419 ἀργὰ
1439 3348 1651 3419 ποιήσει
1682 3346 1806 3399 ταύ-

230 3458 321 3506 τα,
352 3441 492 3495 ὥστε
530 3441 604 3513 μὴ
638 3441 697 3507 ἐξ
738 3442 914 3496 αὐτῶν
951 3457 1101 3504 τινας
1136 3440 1482 3510 βλάπτεσθαι.
1503 3441 1594 3492 Ἐκ
1625 3439 1679 3492 δὲ
1712 3439 1802 3492 τοῦ

234 3533 565 3603 Εύαγγελίου
618 3535 884 3605 ἐχρήσατο
934 3536 1046 3599 τοῖς
1093 3532 1185 3585 τοῦ
1228 3533 1555 3601 Εὑαγγελίου
1598 3534 1805 3605 ῥήμασι

233 3628 345 3690 τοῖς
396 3624 664 3695 λέγουσιν,
699 3627 801 3690 ὅτι,
842 3627 923 3679 Οὐ
972 3624 1039 3677 τὸ
1081 3625 1581 3693 εἰσπορευόμενον
1619 3625 1813 3679 κοινοῖ

233 3717 338 3771 τὸν
367 3718 698 3786 ἄνθρωπον.
728 3716 859 3772 Εἶτα
890 3718 983 3772 καὶ
1010 3718 1136 3790 περὶ
1157 3718 1428 3786 γυναικῶν
1449 3715 1806 3787 αἰχμαλώτων

232 3804 321 3873 αἷς
375 3812 424 3863 οἱ
482 3812 744 3883 βάρϐαροι
800 3811 1240 3882 συνεφθάρησαν·
1279 3810 1372 3863 καί
1410 3827 1592 3881 φησιν,
1625 3810 1726 3873 ὅτι,
1759 3811 1807 3863 εἰ

236 3902 337 3975 μὲν
358 3905 386 3956 ό
414 3903 603 3976 πρώην
635 3905 811 3957 αὐτῶν
829 3904 940 3975 βίος
966 3905 1406 3975 κατεγνωσμένος
1427 3900 1515 3975 ἦν,
1537 3904 1809 3967 ὑπόπτους

231 3996 401 4059 αὑτὰς
453 4000 596 4050 ποιεῖ
644 3999 676 4068 ή
735 3997 965 4069 πορνική
1009 3998 1119 4063 ἕξις
1152 3999 1246 4051 καὶ
1286 4000 1345 4051 ὲν
1396 3997 1475 4067 τῷ
1506 3995 1682 4067 καιρῷ
1712 3996 1810 4066 τῆς

237 4087 629 4157 αἰχμαλωσίας.
683 4088 793 4141 Καὶ
838 4088 925 4141 διὰ
966 4089 1123 4143 τοῦτο
1164 4088 1467 4161 προχείρως
1511 4088 1700 4150 αὑταῖς
1745 4086 1806 4138 ού

239 4177 591 4249 συνεύχεσθαι
618 4179 715 4245 δεῖ,
740 4180 874 4233 ἀλλὰ
908 4180 1044 4252 μετὰ
1071 4181 1129 4234 τὸ
1154 4181 1435 4235 δουλεῦσαι
1461 4180 1659 4252 δηλαδὴ
1688 4183 1809 4233 επι-

238 4271 619 4342 τιμίοιςσἝξις
647 4272 704 4325 δέ
735 4274 879 4325 ἐστιν
984 4273 1165 4344 μακρὰ
1195 4272 1452 4344 συνήθεια
1478 4274 1571 4326 καὶ
1596 4272 1669 4343 τῷ
1694 4271 1811 4342 χρό-

238 4381 313 4434 νῳ
347 4363 700 4431 παγιωθεῖσα,
736 4366 855 4435 ἥτις
888 4366 981 4418 καὶ
1015 4366 1170 4434 φύσει
1203 4366 1545 4437 προσέοικεν·
1580 4364 1719 4418 ὥστε
1752 4366 1807 4418 αἱ

1897 509 1914 541 ι
1951 490 2263 560 suspicione
2322 490 2554 544 alienam
2616 488 2853 555 priorem
2905 490 3070 543 vitam
3137 491 3456 558 ostenderit,

1897 602 1914 633 ι
1955 598 2100 637 nunc
2123 583 2173 636 vi
2196 591 2249 637 et
2281 582 2601 637 necessitate
2620 581 2685 635 ad
2718 582 2976 650 probrum
3009 584 3460 639 contumeliamve

1897 694 1914 727 ι
1955 675 2104 744 lapsa
2136 674 2240 739 sit;
2266 675 2526 729 habemus
2575 674 2887 742 exemplum
2928 675 3073 743 quod
3101 684 3182 729 est
3229 676 3283 728 in
3322 673 3462 729 Deu-

1896 785 1914 818 ι
1958 766 2283 832 teronomio,
2314 766 2381 819 de
2405 764 2827 829 adolescentula,
2860 780 3023 833 quam
3049 766 3213 819 homo
3244 764 3298 817 in
3329 780 3460 834 agro

1898 877 1915 910 ι
1954 858 2178 923 invenit,
2229 868 2281 912 et
2312 873 2376 912 ea
2414 858 2467 911 vi
2509 872 2823 926 compressa
2864 872 2989 911 cum
3037 857 3152 925 ipsa
3199 856 3457 910 dormiit:

1897 971 1914 1003 ι
1955 951 2387 1015 ΑάοιεεεεηιιιΙιε,
2432 951 2627 1019 inquit,
2651 950 2781 1003 nihil
2809 949 3038 1018 facietis.
3066 965 3165 1001 non
3186 958 3261 1002 est
3282 948 3462 1002 adole-

1898 1063 1916 1096 ι
1958 1044 2204 1099 scentqu
2224 1053 2492 1112 peccatum
2524 1044 2744 1097 mortis:
2792 1043 2916 1112 quia
2947 1042 3384 1111 quemadmodum
3416 1044 3462 1095 si

1898 1155 1915 1189 ι
1954 1138 2068 1206 quis
2092 1138 2242 1189 homo
2275 1136 2520 1189 adversus
2554 1137 2850 1204 proximum
2897 1152 3048 1187 suum
3092 1137 3461 1203 insui-rexerit,

1897 1248 1915 1279 ι
1950 1240 1996 1283 ει
2030 1229 2194 1297 ipsius
2237 1229 2468 1281 animam
2510 1238 2673 1281 morte
2701 1228 2956 1295 a/fecerit,
2987 1228 3064 1281 sic
3096 1228 3205 1282 Itan:
3248 1245 3327 1281 res
3350 1240 3465 1293 est;

1896 1338 1915 1371 ι
1955 1320 2345 1374 adolescentulo
2375 1320 2689 1374 exclamavit
2714 1362 2729 1387 ,
2753 1330 2803 1373 et
2832 1337 2935 1387 non
2964 1332 3079 1374 erat
3107 1323 3196 1391 qui
3228 1323 3276 1375 ei
3317 1336 3465 1390 opem

1898 1431 1917 1465 ι
1955 1414 2113 1483 {erret
2144 1414 2185 1466 ⁸.
2217 1411 2341 1469 Haec
2364 1414 2581 1485 quidem
2612 1422 2759 1469 certe
2789 1414 2862 1468 ita
2896 1429 2953 1469 se
2978 1414 3201 1469 habent.
3240 1434 3259 1465 ›

1962 1597 2119 1653 ΒΑιε.
2163 1596 2395 1653 Sanctus
2438 1597 2803 1669 interrogatus
2852 1597 2983 1667 quid
3040 1606 3288 1667 oporteat
3342 1596 3457 1651 ﬁeri

1893 1691 2233 1754 Christianis,
2265 1691 2358 1759 qui
2404 1706 2433 1745 a
2461 1691 2707 1745 barbaris
2738 1690 2875 1760 capti
2922 1698 3069 1753 sunt,
3101 1699 3155 1743 et
3179 1704 3299 1759 quae
3330 1689 3464 1759 ipsis

1894 1784 1961 1839 ab
1984 1785 2062 1839 eis
2087 1784 2493 1853 apponebantur
2518 1783 2810 1854 idolothytn
2831 1782 3213 1847 comederunt;
3240 1796 3464 1850 respon-

1894 1877 1973 1932 dit
1998 1896 2010 1931 :
2039 1876 2101 1930 Hi
2134 1876 2236 1931 cibi
2268 1891 2375 1929 non
2399 1886 2642 1946 gravant,
2678 1875 2731 1928 id
2760 1885 2860 1937 est,
2886 1890 2992 1927 non
3017 1888 3176 1943 grave
3202 1872 3461 1927 damnum

1894 1970 2159 2035 afferunt;
2191 1976 2245 2023 et
2266 1969 2497 2021 maxime
2521 1967 2662 2035 quod
2685 1981 2826 2020 unus
2856 1974 2937 2020 est
2967 1979 3147 2019 sermo
3178 1964 3318 2032 apud
3345 1979 3465 2017 om-

1894 2078 2009 2127 nes,
2044 2063 2157 2118 sive
2188 2060 2330 2131 quod
2356 2076 2545 2115 omnes
2567 2059 2771 2123 dicunt,
2809 2058 2967 2113 idolis
2996 2073 3101 2111 non
3130 2056 3467 2112 sacrificasse

1894 2156 2178 2219 barbaros,
2206 2155 2299 2225 qui
2327 2155 2379 2208 in
2410 2162 2593 2208 nostra
2622 2152 2965 2207 incursiones
3007 2152 3203 2206 fecere.
3237 2150 3468 2205 Adducit

1895 2256 2073 2300 autem
2122 2255 2175 2300 et
2224 2261 2291 2299 ex
2325 2245 2586 2315 Apostolo
2617 2252 2669 2298 et
2698 2261 2764 2299 ex
2799 2244 3096 2314 Evangelio
3147 2244 3462 2299 sententias.

1896 2336 1974 2391 Ex
2003 2336 2266 2405 Apostolo
2298 2336 2515 2405 quidem
2552 2354 2566 2389 :
2598 2334 2748 2389 Escte
2791 2335 2976 2398 ventri,
3005 2344 3055 2387 et
3090 2343 3265 2388 venter
3298 2334 3466 2396 escis;

1897 2425 2037 2479 Deus
2065 2433 2238 2478 autent
2279 2433 2327 2477 et
2368 2441 2483 2478 eum
2512 2434 2560 2477 et
2585 2424 2678 2477 has
2709 2424 2959 2477 destruet.
3002 2424 3104 2489 Qui
3135 2424 3350 2493 quidem
3382 2423 3468 2476 lo-

1898 2532 1997 2572 cus
2044 2516 2373 2586 apostolicus
2412 2515 2652 2584 loquitur
2686 2516 2752 2570 de
2784 2514 3076 2583 repletione
3106 2524 3159 2568 et
3184 2514 3420 2585 ingluvie
3452 2532 3466 2568 :

1896 2618 1950 2663 et
1972 2623 2126 2663 escas
2153 2607 2366 2677 quidem
2393 2607 2637 2661 nominat
2655 2621 2717 2658 ea
2748 2620 2867 2674 quae
2891 2612 3019 2660 sunt
3044 2619 3466 2673 supervacanea,

1900 2716 1963 2755 ac
1985 2700 2238 2765 delicias;
2269 2707 2509 2753 ventrem
2544 2708 2745 2763 autem,
2782 2696 3133 2750 voracitatem
3163 2696 3317 2760 dixit,
3355 2712 3464 2749 non

1899 2808 2027 2847 vero
2063 2790 2443 2847 ventriculum.
2474 2789 2578 2844 Per
2620 2791 2733 2844 haec
2763 2800 2941 2843 autem
2989 2789 3122 2844 dicit
3160 2788 3468 2858 Apostolus,

1899 2878 2041 2947 quod
2065 2881 2393 2933 exsaturatio
2424 2886 2476 2931 et
2502 2877 2660 2931 luxus
2686 2877 2752 2931 ad
2788 2876 3077 2945 ingluviem
3104 2878 3469 2947 pertinet,sed

1900 2988 2074 3040 neque
2103 2971 2171 3025 ad
2213 2970 2379 3025 Deum
2410 2970 2627 3025 deducit
2658 2989 2670 3023 :
2712 2970 2860 3023 luxui
2893 2980 3072 3024 autem
3107 2970 3357 3039 ingluviei
3389 2970 3469 3022 vi.

1901 3062 2037 3117 tium
2090 3061 2354 3117 familiare
2406 3062 2668 3123 redditur,
2708 3069 2762 3113 ct
2814 3061 3041 3114 alterum
3089 3061 3240 3115 alteri
3286 3060 3469 3115 servit.

1903 3153 2046 3208 Deus
2079 3166 2259 3208 autem
2295 3169 2358 3207 ea
2383 3155 2556 3208 otiosa
2588 3161 2642 3206 et
2669 3150 2964 3206 inefﬁcacia
3000 3152 3211 3217 elliciet,
3238 3162 3297 3207 ut
3339 3153 3473 3205 nulli

1904 3245 1971 3299 ab
2000 3245 2079 3299 eis
2109 3245 2391 3299 laedantur.
2431 3243 2509 3298 Ex
2538 3244 2826 3314 Evangelio
2858 3254 3041 3298 autem
3078 3262 3211 3300 usus
3243 3255 3328 3300 est
3355 3262 3477 3301 ver-

1904 3336 1989 3391 bis
2022 3335 2293 3406 Evangelii
2322 3352 2443 3407 qua:
2471 3336 2660 3391 dicunt
2693 3353 2707 3391 :
2737 3335 2889 3401 Quod
2934 3337 3100 3391 intrat
3128 3354 3219 3406 per
3248 3353 3326 3402 os,
3372 3354 3477 3391 non

1902 3430 2207 3499 coinquinat
2231 3430 2511 3483 hominem.
2540 3428 2739 3483 Deinde
2767 3430 2833 3484 de
2865 3430 3090 3498 captivis
3113 3446 3326 3499 quoque
3357 3447 3476 3485 mu-

1906 3523 2149 3587 lieribus,
2184 3523 2383 3592 quibus
2416 3522 2629 3576 barbari
2656 3534 2904 3593 stuprum
2937 3522 3234 3577 intulerunt
3262 3539 3278 3576 :
3309 3533 3360 3577 et
3388 3524 3474 3578 di-

1905 3615 2001 3679 cit,
2041 3614 2185 3683 quod
2231 3613 2274 3667 si
2333 3614 2503 3682 prima
2534 3614 2748 3683 quidem
2784 3630 2970 3668 eorum
3013 3614 3121 3667 vita
3162 3623 3304 3667 esset
3339 3628 3469 3666 con-

1906 3706 2177 3770 demnata,
2224 3715 2506 3773 suspectas
2562 3721 2658 3761 eas
2706 3705 2835 3761 facit
2888 3705 3213 3758 fornicarius
3261 3704 3478 3758 habitus

1905 3798 2068 3853 etiam
2096 3807 2336 3865 tempore
2367 3796 2711 3864 captivitatis.
2750 3797 2813 3850 Et
2837 3806 3121 3866 propterea
3164 3810 3270 3848 non
3313 3810 3478 3864 opor-

1908 3899 1984 3945 tet
2018 3888 2172 3943 facile
2203 3903 2325 3943 cum
2357 3888 2437 3943 eis
2468 3904 2645 3951 orare,
2679 3889 2770 3943 sed
2812 3900 3097 3958 postquam
3126 3887 3302 3956 poenis
3335 3887 3478 3941 vide-

1910 3984 2034 4037 licet
2062 3981 2333 4051 impositis
2368 3998 2426 4035 se
2472 3981 2875 4036 submisissent.
2910 3980 3005 4035 Est
3044 3994 3223 4035 autem
3257 3980 3476 4036 habitus

1908 4073 2066 4143 longa
2100 4071 2457 4137 consuetudo,
2496 4086 2617 4140 qum
2643 4080 2883 4141 tempore
2915 4086 3130 4141 quoque
3159 4070 3477 4125 confirmata

1909 4174 2025 4227 est,
2087 4178 2210 4232 qua:
2263 4161 2330 4216 ad
2388 4173 2638 4216 naturam
2692 4163 2853 4217 etiam
2910 4162 3263 4217 similitudine
3314 4178 3477 4231 quam

1911 4254 2156 4323 proxime
2181 4252 2602 4319 accedit.Quare
2628 4269 2747 4323 qua:
2777 4255 2910 4309 tales
2937 4271 3044 4309 non
3068 4264 3213 4319 sunt,
3245 4255 3478 4320 violatae,

1913 4362 2021 4400 non
2054 4356 2366 4415 peccarunt.
2407 4345 2665 4415 Exemplo
2712 4357 2893 4402 autem
2928 4364 3060 4402 usus
3093 4356 3178 4402 est
3210 4347 3323 4418 lege
3360 4364 3481 4417 qua:

240 4458 315 4528 μὴ
370 4456 611 4510 τοιαῦται
674 4458 772 4527 οὐχ
814 4457 1058 4528 ἥμαρτον
1107 4435 1426 4528 βιασθεῖσαι.
1478 4458 1587 4511 Καὶ
1638 4473 1803 4527 παρα·

1918 4436 1970 4490 in
2008 4435 2422 4491 Deuteronontio
2453 4436 2698 4503 habetur,
2731 4438 2797 4491 de
2835 4438 3044 4508 virgine
3076 4438 3165 4493 cui
3196 4437 3251 4492 in
3292 4439 3480 4494 solitu-

236 4551 489 4621 δείγματι
521 4550 785 4621 κέχρηται
827 4552 893 4621 τῇ
938 4552 995 4603 ὲν
1024 4549 1101 4615 τῷ
1128 4550 1525 4622 Δευτερονομίῳ
1553 4549 1812 4619 θεσμοθε-

237 4646 331 4718 dig.
363 4648 429 4716 τῇ
460 4645 589 4715 περὶ
622 4644 720 4713 τῆς
754 4642 1099 4712 ὑϐρισθείσης
1132 4642 1398 4713 παρθένου
1432 4641 1571 4694 κατὰ
1606 4640 1725 4710 βίαν
1754 4642 1811 4693 ὲν

238 4739 464 4810 ἐρημίᾳ..
495 4738 604 4790 Καὶ
652 4736 719 4789 τὰ
764 4736 862 4807 μὲν
911 4736 1004 4789 τοῦ
1052 4737 1271 4799 κανόνος
1303 4737 1360 4787 ἐν
1391 4733 1811 4796 τούτοις.Ἐοικε

234 4830 293 4883 δὲ
316 4832 345 4882 ό
372 4829 525 4898 ἆγιος
552 4828 661 4883 ἀπὸ
692 4827 784 4881 τοῦ
810 4829 982 4881 εἰπεῖν
1013 4828 1085 4897 μὴ
1111 4825 1408 4894 ἐπάγεσθαι
1437 4825 1655 4896 βαρεῖαν
1686 4824 1812 4894 βλά-

238 4923 341 4994 ϐην
374 4924 483 4986 τοῖς
524 4920 755 4989 φαγοῦσι
788 4920 854 4974 τὰ
886 4918 1205 4972 εἰδωλόθυτα
1246 4917 1653 4988 παρατιθέμενα
1680 4915 1810 4968 ⁴τού--

237 5033 355 5078 τοις
382 5014 532 5084 παρὰ
556 5012 661 5065 τῶν
698 5012 1005 5085 βαρϐάρων,
1041 5012 1134 5064 καὶ
1156 5012 1262 5065 ἀπὸ
1290 5012 1383 5064 τοῦ
1412 5011 1586 5079 λέγειν
1614 5015 1719 5081 πλη
1730 5027 1814 5081 ρο-

237 5105 526 5177 φορεῖσθαι
556 5104 760 5168 πάντας
797 5103 870 5174 μὴ
902 5103 1152 5171 γενέσθαι
1185 5104 1307 5167 τοὺς
1339 5102 1646 5175 βαρϐάρους
1674 5103 1818 5155 εἰδω-

235 5198 488 5261 λοθύτας,
534 5198 626 5249 καὶ
668 5196 777 5250 ἀπὸ
820 5195 913 5248 τού
955 5194 1257 5267 χρήσασθαι
1298 5197 1407 5259 τοῖς
1446 5194 1818 5257 ἀποστολικοῖς

237 5292 451 5363 ῥήμασι
498 5291 610 5352 τοῖς
652 5286 1049 5359 διαλεγομένοις
1085 5288 1212 5356 περὶ
1244 5286 1454 5358 τρυφῆς
1494 5287 1586 5340 καὶ
1614 5285 1818 5357 ἀδηφα-

239 5384 393 5450 γίας,
428 5382 692 5442 ὡσαύτως
724 5381 817 5434 καὶ
859 5384 972 5444 τοῖς
1016 5379 1385 5448 εύαγγελικοίς
1412 5379 1480 5433 τὰ
1521 5378 1657 5432 αὐτὰ
1701 5378 1816 5431 δια-

234 5473 599 5544 λαμϐάνουσι,
632 5472 704 5542 μὴ
751 5471 929 5542 ἁπλῆν
971 5472 1192 5543 ποιῆσαι
1220 5473 1317 5541 τὴν
1346 5471 1652 5543 ἀπόκρισιν,
1685 5469 1819 5524 ἀλλὰ

233 5564 623 5637 διαιρουμένην
653 5564 732 5627 είς
759 5564 1029 5631 φαγόντας
1072 5561 1394 5617 εἰδωλόθυτα
1438 5561 1578 5615 κατὰ
1608 5560 1819 5634 τρυφὴν

308 5723 331 5754 ⁸
365 5722 522 5783 Deut.
574 5736 708 5787 mi,
745 5719 849 5787 26,
888 5718 979 5775 27.

1914 4528 2041 4583 dine
2068 4544 2163 4598 per
2196 4530 2304 4582 vim
2338 4529 2596 4597 probrum
2630 4528 2836 4582 illatum
2869 4539 2971 4585 est.
3017 4529 3083 4584 Et
3110 4546 3232 4600 qua:
3263 4531 3480 4599 quidem

1913 4620 1980 4674 ad
2010 4634 2273 4674 canonem
2307 4628 2554 4689 spectant
2582 4619 2634 4671 in
2667 4619 2751 4675 his
2783 4621 3109 4675 consistunt.
3139 4620 3360 4676 Videtur
3389 4638 3485 4675 au-

1913 4722 2017 4767 tem
2052 4722 2273 4767 sanctus
2320 4727 2388 4767 ex
2435 4728 2501 4766 eo
2551 4711 2697 4782 quod
2740 4713 2895 4777 dixit,
2927 4729 3034 4768 non
3086 4712 3272 4769 inferri
3324 4731 3483 4783 grave

1913 4805 2169 4859 damnum
2222 4805 2289 4859 iis
2339 4806 2431 4873 qui
2460 4806 2758 4877 idolothyte
2792 4807 3163 4872 comederunt,
3193 4808 3274 4863 eis
3302 4824 3331 4861 a
3360 4808 3483 4861 bar-

1916 4896 2062 4951 baris
2092 4897 2358 4966 apposita,
2391 4907 2445 4951 et
2488 4914 2555 4953 ex
2602 4913 2667 4952 eo
2717 4899 2861 4969 quod
2917 4899 3067 4965 dicit,
3101 4916 3292 4954 omnes
3328 4900 3483 4969 plene

1916 4997 2253 5058 compertum
2288 4988 2507 5053 habere,
2533 4989 2793 5044 barbaros
2818 4990 2976 5044 idolis
2999 5005 3103 5043 non
3126 4990 3481 5056 sacrificasse,

1915 5091 1968 5134 et
1999 5096 2064 5135 ex
2097 5096 2162 5135 eo
2195 5080 2338 5149 quod
2375 5081 2541 5134 utitur
2567 5081 2725 5135 dictis
2758 5082 3069 5151 apostolicis
3104 5097 3225 5151 qua:
3252 5083 3319 5137 de
3351 5084 3482 5137 luxu

1917 5181 1971 5227 et
2003 5172 2236 5242 ingluvie
2264 5173 2557 5237 disserunt,
2597 5172 2845 5226 similiter
2891 5182 2944 5227 et
2993 5173 3337 5241 evangelicis,
3363 5190 3487 5243 quae

1917 5265 2105 5319 eadem
2156 5273 2407 5328 tractant,
2449 5280 2557 5318 non
2603 5264 2794 5319 fecisse
2841 5264 3138 5334 simplicem
3171 5266 3484 5334 responsio—

1922 5372 2069 5420 nem,
2101 5355 2193 5409 sed
2227 5371 2347 5425 quae
2376 5356 2637 5410 dividitur
2683 5356 2735 5409 in
2785 5370 2878 5410 eos
2930 5356 3019 5424 qui
3067 5354 3358 5428 idolothyta
3393 5372 3487 5426 per

1919 5446 2140 5501 delicias
2167 5462 2263 5500 sua
2293 5457 2484 5517 sponte
2510 5447 2891 5511 comederunt;
2915 5446 2966 5499 in
2992 5462 3084 5500 eos
3105 5446 3198 5517 qui
3230 5449 3280 5501 vi
3305 5466 3335 5503 a
3364 5450 3488 5503 bar-

1919 5537 2070 5594 baris
2103 5539 2275 5593 coacti
2305 5537 2686 5605 comederunt;
2716 5537 2767 5591 in
2794 5552 2887 5592 cos
2912 5538 3003 5608 qui
3033 5550 3247 5609 pmpter
3284 5550 3488 5596 natura:

2230 5812 2287 5826 ..π
