4028 6214
587 307 727 364 1οἳἱὸ

1690 304 1748 362 s.
1791 283 2117 361 cnecoan
2156 300 2660 359 rnannuunct

3657 300 3780 355 πει

588 425 961 480 necessitatem
991 439 1085 480 eas
1123 436 1278 478 escas
1323 420 1584 486 fecerunt,
1619 430 1673 476 et
1712 422 1768 476 in
1811 437 1908 476 eos
1952 423 2045 489 qui
2075 421 2132 474 ad

2243 419 2438 482 ἑκοντὶ,
2467 420 2544 480 εἰς
2576 419 2698 481 τοὺς
2740 415 2876 468 κατὰ
2919 412 3036 484 βίαν
3065 413 3172 467 τῶν
3212 412 3494 484 βαρϐάρων
3533 413 3784 481 φαγόντας

585 517 698 572 haec
735 517 786 568 vi
818 515 1082 584 compulsi
1105 523 1231 570 sunt
1257 531 1287 568 a
1321 513 1585 571 barbaris.
1614 517 1705 584 qui
1738 513 1894 568 idolis
1925 529 2030 568 non
2052 529 2140 568 sa-

581 606 917 662 criﬁcarunt.
946 606 1118 671 Unde,
1149 615 1208 660 ut
1235 605 1366 660 mihi
1393 607 1622 673 videtur,
1656 606 1836 661 nullus
1858 620 2043 662 eorum
2071 605 2140 660 ab

579 699 727 752 oinni
789 701 942 769 culpa
1004 700 1261 754 immunis
1321 700 1443 754 erit.
1475 698 1577 765 Qui
1626 715 1686 753 ea
1739 699 1882 752 enim
1928 707 2138 768 propter

581 789 768 843 luxum
820 800 874 844 et
922 791 1144 846 delicias
1184 793 1558 855 comederunt,
1614 791 1909 860 majoribus
1964 790 2138 858 pomis

579 881 962 947 subjicicntur;
991 883 1082 950 qui
1111 895 1330 952 propter
1361 885 1755 944 necessitatem,
1793 891 1847 938 et
1889 884 2137 953 corporis

577 971 993 1038 nutrimentum,
1026 982 1079 1026 et
1112 982 1169 1025 ut
1197 973 1289 1042 qui
1335 989 1442 1027 non
1489 974 1700 1042 possint
1727 975 1884 1028 aliter
1916 974 2134 1036 nutriri,

577 1062 759 1116 minus
789 1063 1098 1130 punientur.
1135 1062 1348 1132 Reliqui
1379 1078 1595 1132 quoque
1621 1073 1839 1133 propter
1868 1079 2021 1118 esum
2049 1079 2138 1118 ex-

577 1157 894 1210 secrabilem
928 1157 1108 1211 mitius
1135 1158 1445 1226 punientur,
1479 1173 1544 1210 eo
1571 1158 1714 1226 quod
1748 1165 1972 1212 sanctus
2001 1171 2139 1226 quo-

575 1261 682 1313 que
707 1247 835 1302 dicit
868 1265 974 1302 non
1007 1264 1166 1318 grave
1201 1263 1321 1303 esse
1368 1247 1659 1318 idolothyta
1689 1249 1989 1311 comedere,
2016 1262 2137 1318 quas

576 1338 646 1390 ab
701 1339 768 1392 iis
819 1349 1164 1409 apponuntur
1213 1341 1306 1409 qui
1356 1340 1513 1394 idolis
1561 1356 1664 1393 non
1713 1339 2131 1395 sacriﬁcarunt:

575 1444 682 1482 non
722 1439 801 1484 est
834 1441 1010 1485 tamen
1047 1432 1115 1484 ab
1151 1432 1296 1486 omni
1327 1433 1538 1502 penitus
1565 1431 1980 1500 reprehensione
2008 1431 2138 1486 alic-

575 1536 727 1576 num.
775 1521 1186 1591 lnterrogaverit
1215 1535 1390 1580 autem
1421 1526 1687 1595 quispiam
1723 1544 1736 1579 :
1763 1523 1898 1578 Cum
1931 1542 2020 1580 Iuv
2045 1541 2135 1580 ca-

574 1630 684 1668 non
717 1616 859 1670 beati
884 1616 1029 1672 Petri
1061 1619 1450 1689 archiepiscopi
1479 1621 1825 1674 Alexandrini
1852 1629 1905 1674 et
1933 1627 2134 1688 marty-

573 1707 652 1763 ris
679 1711 968 1775 contineat,
1002 1728 1096 1766 eos
1125 1713 1219 1782 qui
1264 1715 1317 1768 vi
1365 1715 1641 1785 tyrannica
1675 1715 1938 1782 compulsi
1967 1714 2134 1768 idolo-

572 1804 724 1874 thyta
753 1805 1106 1858 comederunt
1151 1813 1206 1859 et
1253 1806 1436 1860 itidem
1471 1806 1868 1869 sacriﬁcarunt,
1899 1820 2004 1859 non
2035 1819 2135 1873 pu—

574 1897 701 1958 niri,
731 1896 823 1949 sed
855 1896 1033 1963 potius
1061 1911 1182 1950 esse
1210 1898 1371 1952 etiam
1404 1897 1456 1952 in
1485 1898 1651 1960 clero,
1683 1898 1726 1951 si
1768 1896 1877 1951 sint
1914 1895 2130 1958 clerici;

573 1989 847 2056 quomodo
892 1990 1133 2044 decernit
1174 2005 1410 2060 praesens
1463 1990 1578 2042 haec
1623 1988 1870 2057 epistola,
1895 2003 1990 2043 eos
2040 1987 2134 2058 qui

574 2075 870 2148 idolothyta
900 2080 1268 2144 comederunt,
1299 2096 1400 2132 non
1427 2082 1652 2150 graviter
1675 2080 1795 2132 laedi
1825 2095 1841 2132 :
1874 2088 1932 2132 ut
1963 2094 2028 2133 cx
2067 2093 2134 2132 eo

575 2178 860 2235 appareat,
894 2169 1039 2237 ipsos
1079 2169 1408 2224 mediocriter
1441 2172 1596 2224 laedi?
1630 2170 1857 2224 Solutio.
1905 2169 2134 2224 Sanctus

571 2271 777 2330 martyr
825 2260 1036 2328 Petrus,
1073 2263 1124 2316 iu
1157 2279 1244 2316 xw
1285 2279 1386 2318 suo
1430 2278 1657 2328 canone,
1695 2264 1857 2316 etiam
1907 2263 1960 2316 in
2016 2262 2133 2330 ipso

570 2349 971 2405 immolatorum
1004 2369 1097 2407 esu
1133 2354 1360 2407 athletas
1403 2364 1666 2424 martyres
1693 2352 1858 2407 fuisse
1895 2362 1947 2406 et
1980 2353 2131 2406 testi-

571 2442 814 2494 monium
845 2443 1136 2511 praebuisse
1170 2445 1430 2512 perhibet.
1461 2445 1596 2498 Dicit
1622 2445 1765 2498 enim
1799 2445 1942 2512 quod
1967 2444 2128 2499 etiam

571 2531 958 2587 ferramentum
999 2534 1051 2588 in
1083 2551 1144 2589 os
1177 2535 1416 2604 ipsorum
1450 2535 1700 2605 injectum
1728 2544 1832 2597 est,
1858 2543 1912 2588 et
1937 2549 2132 2589 manus

571 2639 758 2679 eorum
785 2635 919 2680 usta:
957 2635 1104 2692 sunt,
1133 2638 1204 2694 ct,
1236 2639 1293 2681 ut
1325 2629 1490 2684 semel
1516 2630 1715 2693 dicam,
1743 2628 1806 2682 ad
1842 2627 2132 2682 immolatis

567 2721 892 2773 vescendum
922 2720 1070 2772 nullo
1103 2722 1262 2774 modo
1287 2731 1704 2787 consenserunt,
1737 2736 1835 2776 nec
1872 2721 2033 2776 etiam
2061 2721 2130 2774 ad

570 2809 731 2865 idolis
761 2814 1197 2869 sacriﬁcandum.
1227 2815 1469 2869 Praesens
1498 2823 1675 2868 autem
1722 2813 1982 2869 canonica
2016 2814 2128 2882 epi-

571 2903 708 2957 stola
741 2914 935 2960 tractat
967 2906 1021 2959 in
1057 2907 1342 2975 principio,
1371 2907 1612 2976 captivos
1641 2907 1858 2974 quidem
1887 2907 2128 2975 apposita

570 2993 673 3046 sibi
706 2995 999 3064 idolothyta
1027 2996 1078 3047 vi
1106 2995 1427 3058 comedisse,
1464 2997 1555 3050 sed
1587 3011 1694 3047 non
1722 2995 1883 3048 etiam
1911 3010 1976 3049 eo
2007 2995 2128 3062 ipso

570 3091 810 3150 tempore
847 3099 956 3152 quo
983 3087 1352 3148 comedebant,
1384 3087 1662 3156 tyrannica
1701 3085 1953 3139 violentia
1977 3100 2123 3139 com-
2157 3113 2200 3169 ο

571 3175 754 3243 pulsos
787 3175 985 3240 fuisse;
1013 3187 1064 3230 et
1110 3179 1228 3231 ideo
1259 3179 1372 3230 vult
1413 3194 1526 3243 eos,
1555 3188 1613 3232 ut
1659 3180 1750 3246 qui
1798 3180 2020 3232 omnino
2049 3190 2131 3252 ty-

568 3283 864 3322 rannorum
919 3271 1182 3325 voluntati
1231 3270 1528 3334 cesserint,
1594 3271 1870 3325 moderate
1926 3273 2126 3341 puniri.

572 3358 835 3414 Existimo
883 3371 1060 3416 autem
1113 3378 1232 3434 ego,
1262 3364 1405 3433 quod
1452 3363 1909 3432 quemadmodum
1961 3365 2129 3420 idolo-

572 3454 719 3524 thyta
749 3455 1046 3517 comedere,
1076 3471 1108 3510 a
1139 3456 1386 3511 barbaris
1434 3456 1525 3525 qui
1573 3471 1681 3508 non
1733 3457 2128 3521 sacrilicarunt,

567 3547 930 3615 compulsum,
967 3563 1073 3602 non
1111 3559 1194 3603 est
1244 3549 1312 3604 ab
1359 3549 1506 3604 omni
1541 3549 1952 3619 reprehensione
1999 3548 2130 3603 libe-

570 3654 725 3704 rum;
759 3639 832 3694 ila
863 3655 961 3694 nec
981 3641 1322 3697 barbaricum
1352 3649 1597 3710 stuprum
1627 3642 1675 3695 vi
1705 3655 2016 3711 perpessum
2048 3654 2131 3695 cs-

568 3745 629 3784 se
662 3749 675 3785 :
706 3746 831 3785 nam
878 3732 980 3788 hoc
1031 3749 1246 3804 quoque
1293 3735 1502 3789 modice
1545 3734 1813 3804 punietur.
1848 3732 1960 3788 Etsi
1984 3733 2128 3787 enim

569 3821 655 3876 lex
681 3823 852 3880 civilis
887 3825 1014 3880 dicit
1041 3826 1094 3878 in
1123 3826 1215 3880 lib.
1248 3841 1336 3891 Lx,
1366 3828 1448 3880 tit.
1477 3826 1566 3892 38,
1585 3841 1634 3882 c.
1667 3827 1754 3891 η,
1789 3827 2024 3881 themate
2050 3827 2084 3880 6
2113 3844 2127 3880 :

570 3911 743 3967 Etiam
779 3929 841 3969 ea
868 3932 989 3986 qum
1021 3918 1090 3970 ab
1121 3918 1368 3973 hostibus
1391 3926 1474 3972 est
1505 3918 1827 3984 adulterata,
1859 3935 1923 3974 ac
1950 3935 2130 3974 rever-

569 4019 650 4069 sa,
680 4021 708 4058 a
735 4007 848 4060 viro
875 4009 1002 4076 (non
1029 4011 1127 4062 rite
1151 4009 1290 4078 viro)
1317 4020 1622 4075 accusatur,
1645 4011 1745 4065 nisi
1774 4011 1878 4065 hoc
1899 4012 1948 4064 vi
1971 4026 2129 4080 passa

567 4105 674 4159 est,
723 4107 776 4151 et
808 4099 910 4154 hoc
939 4100 1099 4154 modo
1141 4101 1188 4153 ei
1227 4102 1313 4154 cui
1345 4101 1428 4156 vis
1471 4102 1632 4155 allata
1679 4111 1781 4167 est,
1810 4103 2128 4172 ignoscitur,

569 4201 670 4242 nec
697 4187 747 4241 id
775 4197 829 4242 et
860 4190 1263 4244 matrimonium
1287 4191 1493 4244 dirimit
1524 4209 1536 4244 :
1563 4193 1654 4244 sed
1687 4192 1768 4245 lex
1800 4192 2131 4247 ecclesiasti-

565 4291 652 4343 ca,
678 4292 798 4332 eam
827 4294 948 4348 qua:
976 4281 1198 4334 omnino
1223 4295 1253 4334 a
1281 4279 1513 4334 barbaro
1542 4280 1746 4349 polluta
1773 4290 1878 4347 est,
1906 4281 2010 4335 nisi
2038 4298 2130 4350 per

565 4385 782 4438 pinnam
831 4386 963 4440 pura
1013 4372 1102 4436 sit,
1131 4387 1239 4427 non
1276 4372 1433 4427 sinet.
1465 4371 1603 4442 Lege
1634 4379 1687 4426 et
1718 4386 1810 4426 cm
1863 4372 2127 4426 novellam

2238 511 2430 574 ταῦτα,
2451 512 2528 572 εἰς
2554 511 2676 572 τοὺς
2709 509 2775 561 δι’
2801 507 3041 576 ἀνάγκην
3059 505 3159 575 τῆς
3184 505 3394 573 φύσεως
3430 504 3622 575 βρῶμα
3643 522 3784 576 ποιη-

2240 600 2506 670 σαμένους
2535 599 2691 663 αὐτὰ,
2719 599 2812 653 καὶ
2845 600 2924 661 εἰς
2963 598 3090 661 τοὺς
3123 595 3436 666 βιασθέντας
3469 597 3602 667 πρὸς
3646 598 3788 650 τοῦτο

2238 692 2389 763 παρὰ
2426 691 2731 763 βαρϐάρων,
2762 692 2834 762 μὴ
2881 689 3180 742 τεθυκότων
3226 691 3338 752 τοῖς
3381 687 3788 751 εἰδώλοις.”Οθεν

2220 785 2350 848 οιαὶ,
2371 783 2446 847 ὡς
2479 784 2600 854 ἐμοὶ
2627 784 2789 841 δοκεῖ.
2818 781 2934 835 ούδέ
2968 775 3046 844 εἷς
3083 782 3148 832 ἐκ
3187 779 3389 833 τούτων
3419 782 3787 849 ἀνεπιτίμητος

2237 875 2411 930 ἔσται.
2452 877 2513 928 Οί
2551 875 2660 945 γὰρ
2698 874 2785 927 διὰ
2815 872 3020 945 τρυφὴν
3055 873 3315 942 φαγόντες
3350 871 3521 924 ταῦτα
3564 871 3788 941 μείζοσιν

2237 967 2529 1036 ἐπιτιμίοις
2561 965 3048 1036 ύποϐληθήσονται·
3084 968 3132 1017 οἱ
3167 965 3231 1017 δι’
3271 966 3515 1034 ἀνάγκην
3549 962 3640 1016 καὶ
3669 965 3790 1016 ἁπο-

2236 1058 2438 1130 τροφὴν
2469 1057 2561 1110 τοῦ
2591 1058 2857 1128 σώματος,
2879 1057 2952 1119 ὡς
2979 1056 3052 1127 μὴ
3087 1056 3296 1126 ἔχοντες
3324 1055 3495 1118 ἄλλως
3526 1055 3644 1115 πῶς
3667 1056 3792 1108 ἀπο-

2236 1151 2527 1221 τραφῆναι,
2562 1152 2794 1221 ἡττόνως
2822 1149 3262 1221 κολασθήσονται.
3294 1150 3401 1202 Καὶ
3432 1151 3481 1201 οἰ
3513 1149 3684 1202 λοιποὶ
3710 1148 3793 1202 διὰ

2236 1243 2335 1313 τὴν
2376 1243 2741 1315 μιαροφαγίαν
2788 1241 3145 1316 μετριώτερον
3185 1242 3684 1314 ἐπιτιμηθήσονται,
3715 1243 3791 1296 ὅτι

2238 1339 2333 1389 καὶ
2369 1338 2398 1388 ό
2428 1337 2578 1405 άγιος
2607 1337 2665 1390 οὗ
2699 1336 2833 1407 βαρύ
2862 1353 3022 1408 φησιν
3049 1332 3189 1389 εἶναι
3219 1336 3280 1388 τὸ
3309 1338 3498 1404 φαγεῖν
3531 1336 3793 1389 εἰδωλόθυ-

2237 1446 2304 1480 τα
2338 1429 2487 1499 παρὰ
2519 1428 2624 1481 τῶν
2653 1430 2726 1500 μὴ
2751 1429 3025 1490 θυσάντων
3048 1432 3158 1492 τοῖς
3181 1429 3415 1493 εἰδώλοις
3445 1429 3794 1500 παρατιθέμε-

2235 1538 2322 1585 να,
2352 1521 2412 1573 οὐ
2441 1521 2544 1592 μὴν
2574 1521 2666 1576 καὶ
2692 1521 2863 1592 πάντη
2891 1521 3309 1594 ἁκατέγκλητον.
3328 1523 3618 1593 Ἑρωτήσει
3636 1523 3690 1575 δέ
3713 1539 3792 1584 τις

2235 1615 2331 1680 ὡς,
2363 1615 2454 1668 τοῦ
2491 1615 2550 1668 ιδ’
2584 1616 2803 1679 κανόνος
2826 1616 2920 1672 τοῦ
2945 1615 3211 1686 μακαρίου
3233 1614 3438 1684 Πέτρου
3463 1615 3794 1685 ἁρχιεπισκό-

2237 1725 2339 1760 που
2377 1707 2774 1779 Ἀλεξανδρείας
2793 1708 2885 1760 καὶ
2913 1707 3186 1778 μάρτυρος
3209 1705 3658 1776 διαλαμϐάνοντος
3679 1707 3793 1768 τοὺς

2237 1799 2376 1852 κατὰ
2436 1799 2554 1869 βίαν
2605 1799 2929 1871 τυραννικὴν
2984 1799 3255 1868 φαγόντας
3315 1797 3655 1860 εἰδωλόθυτα,
3708 1799 3794 1848 καὶ

2234 1892 2658 1962 τοιουτοτρόπως
2685 1891 2970 1954 θύσαντας,
2996 1891 3068 1963 μὴ
3095 1889 3467 1961 ἐπιτιμᾶσθαι,
3503 1889 3638 1942 ἀλλὰ
3673 1889 3798 1958 μᾶλ-

2236 1982 2326 2036 λον
2363 1983 2456 2037 καὶ⁹
2493 1983 2552 2035 ἐν
2581 1981 2658 2053 τῷ
2683 1982 2866 2053 κλήρῳ
2895 1979 3052 2044 εἶναι,
3096 1981 3384 2052 κληρικοὺς
3408 1980 3585 2043 ὄντας,
3618 1981 3732 2041 πῶς
3761 1983 3792 2049 ἡ

2234 2073 2481 2146 παροῦσα
2521 2073 2773 2144 ἐπιστολὴ
2801 2073 3089 2145 διορίζεται
3129 2073 3253 2136 τοὺς
3289 2073 3558 2141 φαγόντας
3589 2073 3794 2125 εἰδωλό-

2236 2167 2369 2220 θυτα
2386 2167 2472 2236 μὴ
2497 2168 2732 2236 ,ϐαρέως
2767 2166 3117 2237 βλάπτεσθαι,
3143 2166 3217 2230 ὼς
3244 2166 3306 2217 ἐκ
3333 2165 3518 2218 τούτου
3549 2167 3795 2234 ἐκφαίνε-

2234 2258 2356 2311 σθαι
2381 2258 2704 2327 βλάπτεσθαι
2737 2258 2928 2322 αὐτοὺς
2947 2259 3225 2326 μετρίως;
3258 2257 3442 2320 Λύσις.
3463 2257 3517 2309 ὐ
3546 2258 3796 2328 Ξερομάρ-

2235 2368 2331 2414 τυς
2365 2351 2568 2422 Πέτρος
2602 2352 2658 2402 ἐν
2687 2351 2764 2420 τῷ
2793 2351 2850 2403 ιδ’
2879 2351 3063 2404 κανόνι
3101 2350 3265 2404 αὐτοῦ
3297 2351 3386 2403 καὶ
3425 2350 3551 2420 περὶ
3585 2351 3715 2402 αὐτὸ
3741 2350 3797 2402 τὸ

2233 2446 2423 2510 φαγεῖν
2453 2444 2518 2496 τά
2548 2444 2864 2497 εἰδωλόθυτα
2897 2442 3239 2514 μαρτυρῆσαι
3273 2443 3397 2506 τοὺς
3422 2441 3661 2512 ἀθλητάς
3683 2444 3796 2496 δια-

2233 2536 2514 2606 λαμϐάνει.
2544 2537 2680 2607 Φησί
2712 2539 2838 2607 γὰρ,
2873 2537 2952 2589 ὅτι
2984 2537 3075 2588 καὶ
3102 2537 3260 2605 χάνος
3286 2535 3542 2604 ἐνεϐλήθη
3572 2536 3651 2605 τῷ
3685 2536 3799 2587 στό-

2238 2646 2365 2698 ματι
2404 2629 2577 2682 αὐτῶν
2622 2631 2713 2683 καὶ
2745 2631 2803 2682 αἰ
2845 2632 3022 2700 χεῖρες
3067 2628 3270 2682 τούτων
3310 2628 3676 2698 κατεκάησαν,
3709 2629 3798 2680 καὶ

2231 2719 2415 2784 ἁπλῶς
2445 2721 2550 2774 οὐδ’
2574 2721 2712 2786 ὅλως
2741 2721 3017 2774 συνέθεντο
3050 2722 3128 2783 εἰς
3163 2720 3224 2774 τὸ
3259 2719 3579 2773 εἰδωλόθυτα
3605 2722 3797 2788 φαγεῖν

2231 2812 2263 2883 ἢ
2289 2813 2367 2876 εἰς
2398 2813 2458 2865 τὸ
2490 2812 2650 2866 θῦσαι
2679 2817 2789 2876 τοῖς
2823 2811 3076 2875 εἰδώλοις.
3095 2813 3158 2865 Ἠ
3186 2813 3241 2866 δὲ
3273 2812 3515 2883 παροῦσα
3541 2812 3796 2882 κανονικὴ

2231 2905 2481 2975 ἐπιστολὴ
2507 2906 2856 2976 διαλαμϐάνει
2886 2904 3025 2958 κατὰ
3050 2904 3148 2967 τὰς
3167 2904 3360 2976 ἀρχὰς,
3384 2904 3522 2958 κατὰ
3553 2904 3676 2973 βίαν
3705 2906 3798 2973 μὲν

2231 2999 2422 3064 φαγεῖν
2453 2997 2578 3060 τοὺς
2599 2995 2970 3067 αἰχμαλώτους
2995 2995 3063 3049 τά
3096 2997 3497 3068 παρατιθέμενα
3520 2997 3704 3058 αὐτοῖς
3727 2998 3801 3048 εἰ·

2231 3087 2518 3151 δωλόθυτα,
2551 3087 2611 3139 ού
2644 3088 2748 3158 μὴν
2779 3087 2870 3140 καὶ
2899 3089 3019 3140 κατ’
3051 3087 3184 3140 αὐτὸ
3212 3087 3271 3141 τὸ
3309 3089 3498 3156 φαγεῖν
3535 3104 3801 3158 τυραννηο

2237 3177 2415 3248 θῆναι,
2443 3179 2536 3232 καὶ
2566 3178 2653 3231 διὰ
2679 3178 2834 3231 τοῦτο
2865 3178 3007 3232 θέλει
3031 3184 3108 3244 ὡς
3131 3179 3265 3242 ὅλως
3301 3178 3686 3248 ὑποκύψαντας
3725 3181 3802 3249 τῷ

2234 3269 2496 3341 θελήματι
2544 3269 2636 3323 τοῦ
2683 3270 2964 3342 τυράννου,
2999 3272 3232 3343 μετρίως
3260 3271 3663 3343 τιμωρηθῆναι.
3697 3272 3800 3324 Νο-

2237 3363 2377 3432 μίζω
2405 3363 2460 3414 δέ
2489 3361 2619 3430 ἐγὼ,
2651 3364 2754 3424 ὅτι,
2783 3361 2970 3433 ὥσπερ
2999 3364 3100 3418 οὐκ
3125 3364 3240 3416 ἐστι
3270 3365 3441 3434 πάντη
3468 3364 3800 3434 ἀνεπιτίμη-

2233 3474 2323 3508 τον
2369 3456 2431 3509 τδ
2471 3459 2664 3526 φαγεῖν
2695 3455 3016 3510 εἰδωλόθυτα
3058 3456 3202 3510 κατὰ
3245 3456 3362 3525 βίαν
3399 3457 3692 3527 βαρϐάρων
3727 3456 3802 3525 μὴ

2233 3545 2621 3611 ὲπιθυσάντων,
2650 3546 2821 3611 οὓτως
2845 3547 2963 3601 οὐδὲ
2996 3548 3055 3600 τὸ
3088 3547 3386 3616 ὑποστῆναι
3431 3547 3637 3618 φθοράν
3671 3547 3794 3617 βαρ-

2236 3639 2467 3710 ϐαρικὴν
2491 3639 2628 3694 κατὰ
2655 3640 2798 3709 βίαν·
2831 3640 2924 3692 καὶ
2950 3641 3105 3692 τοῦτο
3135 3640 3241 3711 γὰρ
3281 3639 3512 3710 μετρίως
3543 3641 3804 3710 ἐπιτιμη-

2232 3729 2474 3801 θήσεται.
2526 3732 2644 3785 Κᾶν
2688 3732 2796 3803 γάρ
2850 3733 2943 3785 καί
2983 3734 3011 3785 ό
3045 3732 3317 3796 πολιτικὸς
3357 3732 3515 3803 νόμος
3549 3734 3720 3803 φησὶν
3748 3737 3805 3786 ἐν

2235 3820 2420 3894 βιϐλίῳ
2469 3823 2508 3887 ξ’
2537 3823 2712 3875 τίτλου
2760 3822 2839 3894 λη’
2869 3823 3059 3892 κεφαλ.
3098 3824 3159 3897 ιβ’
3185 3824 3378 3895 θέματι
3421 3825 3593 3895 ἕκτῳ·
3632 3827 3803 3896 Rati)

2232 3914 2380 3986 παρά
2423 3919 2533 3978 τοῖς
2581 3914 2853 3985 πολεμίοις
2897 3914 3238 3985 μοιχευθεῖσα
3277 3915 3368 3968 καὶ
3414 3916 3805 3987 ὑποστρέψασα

2232 4010 2613 4079 κατηγορεῖται
2645 4005 2793 4076 παρὰ
2820 4005 2914 4058 τοῦ
2945 4007 3155 4077 ἀνδρὸς,
3184 4008 3243 4060 ού
3269 4007 3458 4076 δικαίῳ
3495 4007 3713 4079 ἀνδρὸς,
3755 4011 3805 4062 εἰ

2234 4099 2309 4169 μὴ
2343 4099 2430 4169 βίᾳ
2466 4098 2624 4152 τοῦτο
2668 4098 2922 4163 πέπονθε,
2949 4098 3043 4151 καὶ
3085 4099 3505 4169 τοιουτοτρότως
3532 4101 3805 4169 συγγινώ-

2233 4209 2350 4245 σκει
2382 4193 2480 4261 τὴν
2508 4190 2837 4261 βιασθεῖσαν,
2868 4193 2962 4245 καὶ
2997 4191 3088 4244 τὸν
3127 4192 3302 4262 γάμον
3333 4192 3392 4246 οὑ
3420 4193 3657 4264 διασπᾷο
3687 4193 3802 4247 ἀλλ’

2228 4285 2257 4335 ό
2288 4282 2732 4352 ἐκκλησιαστικὺς
2760 4285 2920 4354 νόμος
2963 4283 3060 4353 τὴν
3107 4283 3242 4347 ὅλως
3269 4285 3372 4337 ὑπὸ
3398 4283 3679 4357 βαρϐάρου
3713 4303 3804 4356 μο-

2229 4373 2505 4429 λυνθεῖσαν
2539 4375 2612 4447 μὴ
2636 4377 2987 4449 ωθαριεῦσαι
3013 4376 3077 4430 δι’
3107 4377 3376 4447 ἐπιτιμίου
3401 4379 3500 4430 οὐκ
3528 4378 3797 4443 ἀνέξεται.

565 4461 908 4530 imperatoris
937 4463 1142 4517 domini
1172 4463 1368 4519 Leonis
1402 4464 1692 4534 Sapientis,
1739 4479 1861 4534 qua:
1913 4465 2026 4519 haec
2069 4466 2124 4518 in

2239 4467 2527 4536 Ἀνάγνωθι
2558 4469 2651 4521 καὶ
2682 4468 2778 4539 τὴν
2811 4475 2891 4540 ργ¹
2923 4465 3120 4540 νεαρὰν
3149 4469 3242 4523 τοῦ
3295 4469 3554 4539 βασιλέως
3600 4471 3798 4542 κυρίου

566 4553 674 4608 ﬁne
725 4555 1072 4623 prosequitur
1115 4573 1129 4610 :
1165 4555 1323 4612 Nullo
1378 4571 1509 4626 ergo
1555 4557 1718 4610 modo
1761 4557 2120 4621 decernimus,

564 4659 688 4699 eum
719 4644 808 4714 qui
839 4647 1200 4715 captivitatem
1233 4663 1340 4703 non
1367 4659 1620 4717 expertus
1649 4648 1865 4713 mansit,
1893 4649 1958 4702 ad
1987 4648 2124 4702 alte-

565 4737 682 4792 rius
729 4737 1168 4806 conjunctionem
1197 4741 1401 4805 venire,
1426 4751 1480 4795 et
1525 4749 1738 4795 caetera.
1773 4739 1896 4795 lizec
1945 4752 2122 4794 autem

565 4829 774 4883 novella
799 4830 938 4885 tollit
964 4829 1255 4885 Justiniani
1283 4847 1428 4887 cxvn
1456 4832 1744 4900 novellam,
1771 4849 1891 4902 qua:
1920 4833 2022 4887 sita
2045 4841 2127 4886 cst

561 4921 617 4976 in
664 4922 800 4976 libro
831 4938 1022 4988 xxvm,
1073 4924 1156 4978 tit.
1188 4923 1238 4989 7,
1275 4933 1329 4978 et
1372 4924 1523 4989 dicit,
1568 4940 1959 4994 nonnunquam
1990 4924 2122 4978 solvi

562 5014 968 5070 matrimonium
1015 5033 1028 5068 :
1073 5030 1259 5069 verum
1309 5015 1423 5069 haec
1466 5016 1674 5069 novella
1723 5016 1900 5069 locum
1948 5015 2124 5080 habet,

561 5108 780 5178 quando
810 5109 1018 5176 captiva
1048 5122 1076 5160 a
1107 5107 1353 5161 barbaris
1381 5121 1489 5160 non
1521 5116 1604 5162 est
1638 5107 1860 5176 polluta.
1903 5107 1959 5161 Si
1995 5107 2126 5176 quid

561 5209 741 5254 autem
775 5199 1039 5268 ejusmodi
1068 5198 1268 5253 factum
1292 5198 1382 5265 sit,
1402 5199 1580 5254 locum
1603 5199 1824 5265 habent,
1851 5217 1972 5270 qua:
1999 5211 2127 5255 sunt

562 5291 618 5345 in
649 5293 794 5347 dicto
821 5292 995 5362 capite
1023 5308 1090 5345 Lx
1120 5292 1267 5346 libri.

631 5475 832 5535 Zoasu.
873 5478 1009 5532 Cum
1041 5479 1092 5532 in
1127 5477 1400 5534 Romanas
1426 5479 1671 5547 regiones
1697 5478 1912 5536 barbari
1939 5480 2129 5535 irruis—

567 5581 706 5634 sent,
750 5587 950 5639 rasque
982 5571 1210 5628 fuissent
1238 5573 1573 5642 depopulati,
1608 5574 1700 5643 qui
1749 5575 1816 5628 ab
1861 5575 1994 5644 ipsis
2038 5589 2130 5627 ca-

567 5663 695 5732 ptivi
741 5674 868 5716 sunt
916 5663 1068 5736 (acti,
1096 5665 1409 5736 idolothyta,
1441 5668 1526 5720 vel
1553 5667 1689 5721 alios
1733 5681 1950 5736 quoque
1981 5666 2130 5720 cibos

567 5751 762 5807 vetitos
790 5755 1164 5823 degustarunt.
1199 5757 1272 5812 De
1314 5759 1380 5813 iis
1424 5759 1605 5829 itaque
1653 5768 1868 5831 rogatus
1906 5758 2003 5813 fuit
2053 5760 2130 5811 vir

2225 4560 2449 4623 Λέοντος
2492 4560 2584 4612 τοῦ
2618 4560 2815 4630 Σοφοῦ,
2858 4561 3119 4630 λέγουσαν
3157 4564 3284 4633 περί
3310 4563 3370 4616 τὸ
3400 4563 3553 4627 τέλος
3587 4565 3795 4617 ταῦτα’

2225 4650 2486 4722 Οὐδαμῶς
2512 4647 2605 4705 οὖν
2637 4651 2962 4724 θεσπίζομεν
2995 4653 3075 4706 ἐτι
3103 4654 3239 4725 πρὸς
3261 4655 3550 4723 συνάφειαν
3579 4657 3791 4726 ἐτέρου,

2224 4743 2314 4795 τὸν
2368 4743 2659 4814 ἀπείρατον
2709 4745 3050 4816 μεμενηκότα
3084 4745 3180 4813 τῆς
3218 4744 3586 4815 αἰχμαλωσίας
3639 4747 3794 4816 ἔρχε-

2227 4835 2372 4901 σθαι,
2403 4837 2496 4890 καὶ
2525 4836 2593 4890 τὰ
2638 4836 2782 4906 ἑξῆς.
2803 4838 3038 4907 Ἀναιρεῖ
3071 4835 3127 4888 δέ
3174 4837 3206 4906 ή
3245 4835 3464 4909 τοιαύτη
3497 4838 3666 4909 νεαρὰ
3690 4838 3792 4906 τὴν

2238 4927 2655 4994 ἰοιιστινιάνειον
2683 4927 2782 4997 ριξ¹
2805 4926 3002 4998 νεαρὰν
3025 4925 3122 4996 τὴν
3153 4927 3412 4996 κειμένην
3437 4929 3494 4980 ἐν
3517 4927 3678 4997 βίϐλῳ
3704 4931 3790 4994 κη’

2224 5017 2400 5071 τίτλου
2431 5016 2474 5082 ζ’
2499 5019 2590 5072 καί
2619 5018 2913 5087 λέγουσαν,
2953 5020 3141 5076 Ἔστιν
3156 5023 3244 5076 ὅτε
3259 5022 3478 5078 λύεσθαι
3502 5019 3590 5072 τὸν
3617 5017 3793 5071 τοιοῦ-

2224 5127 2314 5162 τον
2346 5109 2520 5180 γάμον
2544 5127 2557 5139 ο
2601 5110 2738 5180 πλὴν
2774 5111 2807 5181 ἡ
2840 5115 3059 5182 τοιαύτη
3091 5110 3256 5181 νεαρὰ
3283 5109 3466 5182 χώραν
3497 5112 3627 5182 ἔχει,
3664 5111 3794 5171 ὅταν

2227 5204 2259 5272 ἡ
2291 5202 2783 5273 αἱχμαλωτισθεῖσα
2807 5205 2906 5257 οὐκ
2929 5203 3157 5274 ἐμιάνθη
3183 5204 3333 5275 παρὰ
3350 5204 3454 5256 τῶν
3481 5205 3794 5276 βαρϐάρων.

2228 5293 2480 5346 Τοιούτου
2505 5293 2559 5346 δέ
2591 5310 2732 5357 τινος
2777 5294 3076 5362 γεγονότος,
3106 5292 3287 5365 χώραν
3319 5294 3497 5365 ἔχουσι
3527 5296 3594 5348 τὰ
3630 5299 3688 5348 ἑν
3722 5293 3802 5364 τῷ

2229 5382 2446 5456 ῥηθέντι
2475 5382 2749 5454 κεφαλαίῳ
2779 5383 2872 5436 τοῦ
2901 5383 2944 5450 ξ’
2971 5383 3192 5452 βιϐλίου.

2300 5475 2537 5530 ΖΩΝΑΡ.
2601 5476 2894 5548 Βαρϐάρων
2934 5477 3266 5532 ἐπελθόντων
3310 5478 3514 5550 χώραις
3555 5480 3812 5550 Ῥωμαῖ-

2231 5572 2370 5630 καίς,
2394 5569 2486 5619 καὶ
2512 5567 2852 5637 ληῖσαμένων
2883 5569 3071 5632 αὐτὰς,
3093 5571 3142 5621 οἰ
3170 5571 3296 5641 παρ’
3319 5571 3496 5623 αὐτῶν
3527 5570 3817 5641 αἰχμαλω-

2229 5659 2496 5721 τισθέντες
2524 5659 2810 5726 ἐγεύσαντο
2849 5658 3226 5721 εἰδωλοθύτων,
3258 5660 3290 5730 ἧ
3321 5661 3412 5713 καὶ
3441 5660 3615 5714 ἄλλων
3650 5665 3819 5732 ἁπη-

2233 5754 2569 5825 γορευμένων
2611 5753 2926 5824 βρωμάτων.
2947 5755 3224 5826 Ἡρωτήοη
3277 5751 3367 5808 οὖν
3419 5758 3543 5828 περὶ
3588 5756 3822 5809 τούτων
