3934 6198
186 370 323 424 1093

1427 366 1760 423 EPISTOLA
1795 368 2160 425 CANONlCA.

3258 374 3399 428 1026

177 492 205 543 6
229 492 410 558 ἅγιος,
439 486 532 541 καί
563 504 744 558 πων,
779 486 860 538 ὅτι
895 487 941 539 εί
972 483 1169 555 ἔφαγον
1218 486 1267 537 οι
1307 485 1638 555 αἰχμάλωτοι
1678 486 1743 538 τά

1850 496 2084 552 sanctus,
2116 488 2298 555 aitque
2320 487 2365 541 si
2398 495 2518 557 qua:
2544 501 2575 540 a
2608 486 2842 543 dominis
2868 489 3002 558 ipsis
3022 487 3265 558 apposita
3291 488 3405 542 fue-
3460 474 3463 477 ’

178 582 330 654 παρὰ
364 582 474 633 τῶν
508 579 1031 650 αἰχμαλωτησάντων
1082 579 1275 643 αὐτοὺς
1319 576 1741 649 παρατιθέμενα,

178 677 336 729 τοῦτο
364 676 427 727 οὐ
464 674 633 744 βαρεῖ,
664 672 785 725 ἀντὶ
807 671 922 735 τοῦ,
948 671 1007 723 οὐ
1040 670 1259 742 βαρεῖαν
1284 672 1498 739 ἐμποιεῖ
1521 668 1739 740 βλάϐην·

184 772 271 823 καὶ
318 768 516 839 μᾶλλον
560 768 641 819 ὅτι
688 760 768 828 εἷς
816 764 969 833 λόγος
1012 763 1161 834 παρὰ
1192 764 1427 825 πάντων,
1454 764 1617 835 ἤγουν
1661 764 1744 815 ὅτι

181 864 382 924 πάντες
407 860 467 912 τὸ
491 858 620 912 αὐτὸ
651 858 917 926 λέγουσιν,
939 858 1020 910 ὅτι
1048 858 1096 909 oi
1116 856 1185 910 τὰ
1212 858 1451 927 ἡμέτερα
1482 855 1746 927 καταδρα-

183 952 376 1021 μόντες
408 948 671 1021 βάρϐαροι
695 947 931 1009 εἰδώλοις
961 947 1060 999 οὐκ
1082 946 1296 1005 ἔθυσαν,
1326 944 1465 997 ὥστε
1506 944 1625 998 οὐδὲ
1666 947 1742 998 εί-

177 1044 449 1096 δωλόθυτα
482 1040 679 1109 ἔφαγον
720 1040 768 1092 οἱ
811 1038 1159 1109 αἰχμάλωτοι.
1202 1038 1441 1108 Παράγει
1469 1037 1524 1089 δὲ
1556 1036 1648 1088 καὶ
1677 1038 1740 1089 ἐκ

176 1134 269 1187 τοῦ
310 1134 634 1186 Ἀποστόλου
664 1134 885 1203 χρήσεις
926 1132 1019 1185 καὶ
1063 1132 1126 1184 ἐκ
1165 1130 1257 1182 τοῦ
1290 1129 1644 1197 Εὑαγγελίου·
1678 1131 1740 1182 ὲκ

181 1229 278 1297 μὲν
298 1228 395 1279 τοῦ
442 1226 755 1279 Ἀποστόλου
783 1224 864 1287 τὸ,
889 1224 961 1278 Tr't
974 1223 1251 1291 ,βρώματα
1296 1220 1371 1289 τῇ
1401 1222 1612 1287 κοιλίᾳ,
1644 1220 1737 1273 καὶ

176 1322 214 1386 ἡ
256 1320 459 1372 κοιλία
502 1317 623 1383 τοῖς
660 1316 963 1385 βρώμασι·
998 1316 1089 1368 καὶ
1116 1313 1183 1366 τὰ
1215 1313 1434 1384 έξῆς.“0
1462 1313 1517 1366 δὲ
1547 1313 1741 1384 χωρίον

178 1411 307 1480 περὶ
341 1408 654 1479 πλησμονῆς
682 1407 826 1475 λέγει
865 1408 958 1459 καὶ
979 1408 1433 1478 γαστριμαργίας.
1466 1409 1574 1460 Καὶ

181 1520 328 1571 ματα
355 1501 452 1570 μὲν
476 1500 544 1552 τὰ
572 1501 796 1571 περιττά
828 1499 1078 1569 ὀνομάζει
1113 1502 1204 1552 καὶ
1234 1501 1331 1569 τὴν
1358 1503 1565 1572 τρυφήν
1586 1518 1599 1531 ·
1628 1519 1741 1553 κοι-

177 1594 299 1645 λίαν
340 1593 396 1645 δὲ
430 1593 527 1663 τὴν
556 1594 1013 1664 γαστριμαργίαν,
1046 1592 1158 1646 ἀλλ’
1196 1592 1315 1662 οὐχὶ
1353 1594 1451 1663 τὴν
1481 1593 1737 1665 γαστέρα.

178 1686 274 1738 Διά
292 1686 350 1737 δὲ
369 1684 570 1737 τούτων
591 1686 618 1737 6
633 1685 947 1749 Ἀπόστολος
986 1685 1131 1754 λέγει
1152 1727 1166 1751 ,
1192 1686 1273 1738 ὅτι
1292 1688 1325 1756 ἡ
1353 1685 1623 1756 ἁδηφαγία
1649 1685 1742 1737 καὶ

176 1779 208 1846 ἡ
244 1778 426 1847 τρυφὴ
459 1780 523 1847 τῇ
554 1777 959 1847 γαστριμαργίᾳ
984 1779 1192 1847 ἀνήκει,
1218 1776 1330 1830 ἀλλ’
1356 1777 1415 1829 οὑ
1447 1776 1580 1847 πρὸς
1612 1777 1741 1829 Θεὸν

1846 587 1966 632 rant
2011 578 2205 647 captivi
2250 580 2617 642 comederunt,
2664 581 2715 633 id
2754 596 2858 635 non
2903 596 3147 651 gravare,
3186 581 3288 636 hoc
3321 589 3405 634 est

1843 685 2004 740 grave
2030 671 2284 725 damnum
2310 672 2532 725 minime
2556 672 2781 737 aﬂ'erre;
2814 673 3109 742 prazscrtim
3127 673 3268 743 quod
3294 688 3401 727 una

1843 762 1983 830 apud
2012 777 2199 818 omnes
2228 773 2308 818 est
2340 764 2504 825 fama.
2551 765 2665 819 sive
2712 767 2853 834 quod
2888 778 3077 820 omnes
3111 768 3251 820 idem
3297 767 3400 821 hoc

1842 851 2127 917 aﬂirmant,
2160 853 2420 908 barbaros
2448 855 2538 924 qui
2569 865 2783 910 nostras
2807 856 3052 925 regiones
3084 857 3402 912 incursioni-

1840 942 1943 997 bus
1992 952 2291 1007 vastarunt.
2343 960 2682 1015 nequaquam
2736 946 2894 1001 idolis
2941 947 3298 1015 sacrilicasse,
3342 958 3400 1004 ut

1842 1036 2066 1104 proinde
2108 1051 2283 1105 neque
2326 1037 2520 1103 captivi
2551 1038 2847 1109 idolothyta
2887 1040 3237 1096 comederint.
3269 1040 3401 1095 Pro-

1840 1124 1944 1178 fert
1995 1138 2123 1179 vero
2165 1140 2287 1178 cum
2321 1141 2385 1179 ex
2423 1127 2697 1197 Apostolo,
2728 1137 2838 1181 tum
2887 1143 2953 1182 ex
3002 1128 3289 1199 Evangelio
3319 1132 3403 1184 dc-

1840 1225 2086 1285 prompta
2129 1218 2367 1273 oracula.
2404 1219 2480 1273 Ex
2512 1222 2766 1290 Apostolo
2815 1222 3029 1290 quidem
3078 1222 3228 1287 illud,
3260 1222 3397 1277 Esca

1840 1310 2023 1373 ventri,
2051 1320 2098 1363 et
2144 1320 2316 1363 venter
2359 1314 2514 1377 escis;
2541 1322 2594 1367 et
2622 1328 2741 1382 qua:
2784 1323 3100 1383 sequuntur.
3136 1314 3235 1380 Qui
3267 1330 3398 1371 sane

1839 1400 1995 1454 locus
2031 1402 2095 1455 de
2127 1402 2357 1472 ingluvie
2385 1419 2449 1458 ac
2486 1405 2809 1458 helluatione
2834 1415 2915 1459 est
2938 1408 3299 1474 accipiendus.
3322 1408 3398 1461 Ac

1842 1506 1981 1545 escae
2012 1494 2227 1562 quidem
2277 1494 2513 1586 nomine,
2546 1512 2997 1565 supervacaneam
3029 1498 3134 1551 cibi
3167 1500 3399 1567 copiam,

1844 1586 2139 1655 luxumque
2195 1587 2441 1657 intelligit
2472 1607 2484 1641 :
2518 1604 2611 1656 per
2654 1601 2891 1643 ventrem
2924 1601 3099 1644 autem
3134 1592 3395 1645 vo:~acita-

1843 1686 1973 1740 tem,
2003 1692 2109 1731 non
2139 1678 2313 1746 ipsum
2346 1680 2723 1733 ventriculum.
2754 1679 2956 1736 [ndicat
2986 1683 3148 1751 igitur
3177 1683 3261 1737 his
3285 1700 3400 1737 ver-

1844 1767 1928 1822 bis
1972 1767 2277 1836 Apostolus,
2316 1771 2538 1825 nimiam
2592 1772 2697 1826 cibi
2744 1775 2953 1841 copiam
3002 1784 3054 1828 et
3106 1775 3289 1828 luxum
3333 1777 3399 1829 ad

175 1870 357 1940 φέρει,
405 1870 494 1921 καὶ
542 1872 607 1940 τῇ
653 1874 830 1942 τρυφῇ
878 1869 939 1923 τὸ
982 1872 1080 1941 τῆς
1110 1869 1543 1941 γαστριμαργίας
1579 1869 1745 1933 πάθος

1850 1858 2230 1914 hclluationem
2256 1863 2563 1930 perducere,
2581 1879 2686 1918 non
2712 1866 2775 1918 ad
2802 1864 2965 1919 Deum
2996 1866 3168 1931 ferre;
3196 1869 3405 1921 luxum-

176 1960 470 2029 ᾆλκείωται,
502 1962 592 2013 καὶ
639 1960 861 2033 θάτερον
894 1962 1104 2033 θατέρῳ
1135 1962 1399 2014 δουλεύει·
1446 1963 1474 2014 6
1521 1961 1575 2014 δὲ
1614 1962 1744 2025 Θεὸς

176 2053 437 2119 ἄπρακτα
472 2052 564 2103 καὶ
589 2053 731 2122 ἀργὰ
761 2055 973 2124 ποιήσει
1005 2053 1191 2117 ταῦτα,
1219 2054 1357 2107 ὥστε
1386 2054 1458 2125 μὴ
1482 2054 1538 2121 ἐξ
1568 2055 1743 2129 αὐτῶν

178 2143 337 2205 τινας
371 2142 913 2211 βλάπτεσθαι.Ἐοικε
945 2146 1002 2198 δὲ
1034 2149 1061 2199 6
1090 2147 1241 2214 ἆγιος
1269 2140 1419 2209 οὗτος
1446 2146 1745 2218 χρήσασθαι

176 2236 291 2296 τοῖς
338 2235 708 2299 ἀποπολικοῖς
760 2238 991 2308 ῥήμασιν
1023 2238 1248 2291 ἐνταῦθα
1270 2279 1282 2301 ,
1316 2238 1543 2300 δεικνὺς,
1570 2240 1649 2291 ὃτι
1680 2239 1746 2291 τὰ

178 2327 322 2378 κατὰ
349 2327 557 2397 τρυφὴν
589 2330 680 2381 καὶ
723 2328 1029 2398 ἀδηφαγίαν
1057 2330 1314 2398 γινόμενα
1349 2329 1742 2400 διαϐέϐληνται,

184 2417 276 2467 καὶ
314 2418 601 2485 ἐπιτιμίων
639 2419 773 2469 εἰσιν
796 2416 938 2481 ἄξια,
968 2417 1027 2471 οὐ
1050 2418 1118 2469 τὰ
1144 2418 1209 2470 δι’
1234 2418 1476 2489 ἀνάγκην
1506 2420 1599 2472 καὶ
1629 2419 1745 2489 βίαν

182 2509 532 2578 σωματικήψ
586 2507 725 2561 ὥστε
780 2508 878 2561 κᾶν
928 2509 1126 2576 ἔφαγον
1170 2511 1217 2561 οἱ
1264 2510 1591 2579 αἰχμάλωτοί
1628 2528 1746 2563 τινα

183 2599 448 2674 βρώματα
469 2599 576 2652 τῶν
604 2601 1081 2671 ἀπηγορευμένων,
1107 2602 1279 2655 δοῦλοι
1310 2603 1480 2667 ὄντες,
1522 2603 1589 2656 δι’
1613 2604 1743 2656 ἀπο-

184 2693 304 2761 ρίαν
336 2690 527 2761 ἑτέρας
559 2691 783 2762 τροφῆς,
814 2690 911 2761 τῆς
955 2692 1164 2760 φύσεως
1207 2694 1475 2764 τραφῆναι
1505 2692 1748 2764 βιαζομέ-

180 2801 297 2853 νης,
331 2785 395 2836 οὐ
446 2784 581 2854 βαρὺ
626 2784 802 2845 τοῦτο,
835 2784 910 2847 ὠς
944 2786 1037 2837 καὶ
1081 2786 1379 2856 ἁμάρτημα
1410 2785 1740 2857 λογισθῆναι.

192 2876 290 2927 Ἐκ
315 2875 374 2927 δὲ
398 2874 491 2927 τοῦ
526 2876 852 2943 Εὐαγγελίου
876 2878 1139 2948 ἐχρήσατο
1164 2880 1272 2940 τοῖς
1298 2877 1387 2929 τοῦ
1415 2877 1615 2949 Κυρίου
1652 2880 1746 2950 ρή-

182 2984 318 3036 μασι
348 2971 459 3030 τοῖς
489 2968 755 3036 λέγουσιν,
787 2970 888 3031 ὃτι,
928 2972 1009 3023 Οὐ
1033 2968 1097 3023 τὸ
1120 2973 1612 3039 εἰσπορευόμενον
1636 2989 1748 3025 κοι-

175 3061 274 3113 νοῖ
300 3060 410 3113 τὸν
432 3060 740 3129 ἄνθρωπον
758 3080 770 3091 ο
798 3063 891 3114 καὶ
916 3062 1084 3115 ταῦτα
1108 3062 1161 3115 δὲ
1189 3064 1322 3135 πρὸς
1336 3064 1433 3135 τὴν
1454 3064 1745 3136 εἰρημένην

175 3153 448 3205 τείνουσιν
491 3153 713 3207 ἔννοιαν.
764 3153 893 3207 Εἶτα
946 3154 1039 3207 καὶ
1090 3156 1216 3226 περὶ
1262 3156 1532 3222 γυναικῶν
1584 3174 1745 3229 φησιν

1848 1968 1952 2021 que
1983 1953 2299 2023 plerumque
2328 1956 2515 2009 vitium
2551 1957 2892 2013 helluationis
2928 1960 3297 2029 consequitur,
3326 1962 3404 2013 al-

1849 2055 2131 2116 terumque
2165 2047 2316 2101 alteri
2348 2048 2611 2113 deservit;
2644 2049 2786 2104 Deus
2822 2060 2999 2105 autem
3033 2053 3181 2106 irrita
3212 2055 3323 2108 hmc
3352 2064 3405 2109 ct.

1849 2151 2003 2191 cassa
2032 2138 2237 2203 reddet,
2272 2148 2331 2192 ut
2356 2139 2492 2193 nihil
2525 2154 2587 2193 ex
2624 2141 2755 2209 ipsis
2781 2141 2962 2196 damni
2993 2144 3245 2213 cuiquam
3273 2162 3404 2200 con-

1851 2228 2273 2299 tingat.Videtur
2298 2246 2460 2299 porro
2491 2232 2578 2287 hic
2604 2241 2824 2287 sanctus
2846 2234 2949 2289 hoc
2979 2235 3097 2290 loco
3125 2252 3255 2292 usus
3281 2254 3406 2308 apo-

1851 2322 2056 2377 stolicis
2090 2322 2290 2386 verbis,
2322 2332 2383 2377 ut
2423 2325 2816 2381 demonstraret
2843 2342 2964 2396 quae
2996 2328 3066 2381 ob
3102 2330 3285 2383 luxum
3342 2346 3404 2385 ac

1850 2415 2165 2469 edacitatem
2199 2414 2354 2479 fiunt,
2384 2417 2635 2472 damnata
2666 2433 2785 2473 esse
2830 2433 2893 2473 ac
2940 2420 3112 2488 poenis
3145 2421 3401 2485 obnoxia,

1852 2521 1957 2559 non
1990 2506 2112 2559 item
2147 2523 2208 2561 ea
2238 2524 2357 2577 quae
2380 2509 2430 2561 vi
2465 2524 2528 2561 ac
2558 2508 2877 2563 necessitate
2908 2511 3150 2579 corporis
3179 2524 3405 2581 cogente

1851 2594 2229 2650 admittuntur.
2259 2596 2491 2651 Proinde
2533 2597 2743 2652 etiamsi
2789 2599 2940 2653 cibos
2966 2600 3177 2668 aliquos
3206 2602 3411 2654 vetitos

1850 2684 2045 2753 captivi
2096 2687 2446 2747 comederint,
2480 2702 2602 2740 cum
2649 2688 2788 2742 servi
2837 2698 3035 2751 essent,
3068 2690 3139 2743 ob
3182 2692 3402 2746 alterius

1851 2777 2088 2831 alimenti
2122 2779 2379 2847 inopiam,
2411 2779 2590 2833 cibum
2636 2780 2942 2834 necessario
2970 2782 3215 2849 exigente
3248 2794 3407 2836 natu-

1852 2882 1945 2932 ra;
1970 2881 2076 2920 non
2110 2877 2192 2922 est
2220 2868 2322 2921 hoc
2345 2882 2585 2937 eousque
2615 2884 2795 2937 grave,
2830 2878 2890 2923 ut
2923 2879 2978 2923 et
3010 2871 3253 2926 criminis
3286 2873 3404 2926 loco

1850 2960 2098 3014 ducatur.
2135 2961 2213 3014 Ex
2241 2959 2532 3032 Evangelio
2560 2971 2738 3015 autem
2780 2977 2914 3016 usus
2943 2970 3025 3016 est
3060 2963 3163 3017 illis
3191 2962 3402 3017 Dmuini

1852 3052 2076 3107 verbis:
2120 3050 2242 3106 Non
2284 3054 2420 3123 quod
2448 3054 2610 3108 intrat
2651 3070 2744 3123 per
2788 3070 2866 3118 os,
2896 3056 3197 3125 coinquinat
3239 3056 3403 3108 homi-

1852 3158 2008 3208 nem;
2053 3153 2104 3197 et
2130 3145 2195 3197 ad
2221 3146 2467 3199 eamdem
2512 3147 2627 3200 haec
2667 3163 2883 3217 qunque
2912 3149 3232 3203 sententiam
3276 3150 3410 3204 rele—

174 3244 541 3313 αξχμαλὼτων
565 3241 651 3307 αἷς
680 3247 726 3297 οἱ
769 3244 1030 3317 βάρϐαροι
1070 3246 1495 3318 συνεφθάρησαν.
1528 3249 1635 3301 Καὶ
1662 3249 1741 3300 δί-

1850 3245 2056 3290 runtur.
2100 3236 2234 3291 Hinc
2263 3239 2329 3292 de
2377 3239 2692 3293 mulieribus
2724 3256 2937 3309 quoque
2962 3242 3187 3310 captivis
3229 3259 3348 3312 quae
3375 3259 3406 3297 a

176 3336 311 3387 δωσι
347 3335 587 3406 γνώμην,
617 3338 717 3400 ὅτι,
747 3340 793 3390 εί
823 3338 918 3407 μὲν
948 3339 976 3389 6
1012 3337 1199 3408 πρώην
1228 3338 1402 3391 αὐτῶν
1442 3338 1553 3408 βίος
1582 3358 1742 3392 κατε-

178 3424 492 3493 γνωσμένος
522 3419 608 3494 ἦν,
638 3426 907 3489 ὑπόπτους
934 3426 1102 3489 αὑτὰς
1137 3430 1277 3478 ποιεῖ
1304 3430 1336 3497 ή
1363 3428 1589 3499 πορνικὴ
1612 3429 1743 3493 ἕξις,

181 3519 275 3570 καὶ
320 3519 379 3569 ὲν
424 3516 499 3587 τῷ
538 3515 712 3590 καιρῷ
756 3517 853 3586 τῆς
884 3517 1291 3588 αἰχμαλωσίας·
1342 3520 1432 3571 καὶ
1476 3519 1561 3571 διὰ
1592 3520 1746 3573 τοῦτο

181 3610 487 3680 προχείρως
529 3610 718 3672 αὑταῖς
749 3609 807 3661 οὐ
848 3609 1195 3679 συνεύχεσθαι
1223 3610 1320 3669 δεῖ,
1348 3610 1479 3662 ἀλλὰ
1515 3610 1648 3681 μετὰ
1686 3611 1745 3663 τὸ

181 3702 463 3754 δουλεῦσαι
508 3702 705 3772 δηλαδὴ
740 3702 1211 3772 ὲπιτιμῐοις.”Εξις
1245 3700 1287 3753 δ’
1318 3702 1481 3765 ἐστὶν,
1514 3704 1546 3772 ἡ
1576 3704 1747 3772 χρονί-

186 3812 325 3847 σασα
359 3794 635 3864 συνήθεια,
677 3794 768 3847 καὶ
798 3793 875 3864 τῷ
902 3794 1077 3864 χρόνῳ
1108 3793 1463 3861 παγιωθείσα,
1506 3795 1625 3863 ἥτις
1654 3795 1747 3846 καὶ

183 3887 345 3955 φύσει
376 3887 709 3958 προσέοικεν,
739 3885 875 3939 ὥστε
912 3888 964 3939 αἱ
995 3886 1099 3956 μὴν
1122 3885 1362 3939 τοιαῦται
1385 3887 1480 3955 οὐχ
1505 3887 1746 3957 ἥμαρτον

185 3976 505 4045 βιασθεῖσαι.
539 3978 600 4029 Ei
628 3976 683 4029 δὲ
714 3979 741 4029 6
771 3976 1027 4047 πρότερος
1059 3976 1236 4029 αὐτῶν
1267 3976 1377 4046 βίος
1407 3975 1631 4048 σώφρων
1657 3978 1748 4029 καὶ

184 4048 570 4138 ἀνεπίληπτος,
596 4067 940 4122 δουλωθεῖσαι
985 4070 1040 4122 δὲ
1083 4070 1176 4122 καὶ
1215 4068 1301 4121 διὰ
1345 4070 1439 4139 τῆς
1474 4069 1748 4139 αἰχμαλω-

185 4162 329 4223 σίας,
373 4161 437 4212 ἐκ
472 4160 588 4228 βίας
620 4160 917 4229 ὑπέμειναν
960 4161 1057 4231 τὴν
1101 4160 1209 4213 τῶν
1256 4160 1541 4230 βαρὸάρων
1572 4159 1745 4231 ὓϐριν,

184 4251 506 4320 ἀνέγκλητοι
538 4253 661 4303 είσι.
713 4252 821 4303 Καὶ
872 4251 1272 4322 παραδείγματι
1305 4252 1564 4321 κέχρηται
1595 4254 1659 4321 τῇ
1691 4255 1747 4304 ὲν

184 4342 263 4411 τῷ
292 4343 688 4413 Δευτερονομίῳ
715 4342 1038 4415 θεσμοθεσίς(⁴
1059 4346 1124 4415 τῇ
1154 4344 1278 4416 περὶ
1310 4344 1406 4414 τῆς
1441 4342 1749 4412 βιασθείσης

189 4434 481 4503 παρθένου,
512 4434 577 4503 ἢν
602 4435 658 4485 ἐν
683 4434 886 4504 ἐρημία
912 4435 939 4485 6
961 4432 1284 4503 βιασάμενος
1313 4432 1547 4502 ἔφθειρε,
1573 4431 1751 4500 λεγού-

189 4549 257 4604 σῃ
283 4550 294 4561 ·
330 4535 444 4585 Οὐκ
475 4532 622 4584 ἔσται
653 4535 718 4603 τῇ
754 4533 949 4586 νεάνιδι
983 4533 1281 4603 ἁμάρτημα
1313 4531 1560 4583 θανάτου.

189 4638 297 4691 tur,
330 4628 397 4681 de
430 4628 635 4695 virgine
694 4628 802 4682 vim
861 4643 1039 4698 passa,
1090 4644 1249 4697 quam
1305 4628 1357 4681 in
1408 4629 1695 4683 solitudine
1732 4626 2001 4697 quispiam
2056 4626 2279 4681 violavit
2329 4644 2341 4679 :

189 4734 470 4793 peccatum
495 4724 709 4777 mortis.

797 4814 1033 4868 ΚΑΝΩΝ
1076 4814 1150 4867 B'.

263 4929 282 4960 ι
323 4909 537 4980 Δεινὴὴ
572 4908 849 4968 πλεονεξία
874 4948 887 4970 ,
920 4909 1013 4961 καὶ
1058 4908 1156 4959 οὐκ
1205 4907 1317 4959 ἔστι
1357 4907 1423 4958 δι’
1470 4908 1753 4977 ἐπιστολῆς
1786 4907 1828 4959 D

197 5024 211 5051 σ
258 5004 390 5073 μιᾶς
419 5001 755 5073 παραθέσθαι
792 5000 857 5053 τὰ
888 5000 1004 5053 θεῖα
1030 5001 1357 5070 γράμματα,
1392 5001 1447 5051 ὲν
1489 4996 1568 5064 οἷς
1594 5001 1653 5053 οὑ
1691 5002 1749 5054 τὸ

195 5114 212 5143 ι
249 5094 528 5164 λῃστευειν
556 5094 711 5164 μόνον
739 5093 959 5162 φρικτὸν
982 5091 1071 5143 καὶ
1099 5091 1358 5161 φρικῶδες
1393 5092 1749 5160 καταγγέλλε-

196 5209 210 5235 ι
254 5205 385 5249 ται,
428 5186 560 5239 ἀλλὰ
600 5185 823 5238 καθόλου
861 5184 919 5236 τὸ
960 5183 1295 5235 πλεονεκτεῖν
1328 5183 1419 5235 καὶ
1460 5184 1749 5253 ἀλλοτρίων

195 5302 211 5329 ι
250 5279 584 5348 ἐφάπτεσθαι
629 5280 719 5330 ἐπὶ
762 5275 1196 5347 αἰσχροκερδείαο
1242 5276 1335 5328 καὶ
1382 5277 1485 5338 πᾶς
1516 5275 1751 5340 τοιοῦτος

195 5394 213 5422 ι
252 5372 587 5441 ὲκκήρυκτος
622 5369 942 5438 Ἐκκλησίας
990 5367 1139 5421 Θεοῦ.
1171 5368 1242 5419 Τὸ
1272 5367 1324 5419 δὲ
1360 5368 1415 5419 ὲν
1446 5367 1617 5438 καιρῷ
1654 5368 1751 5437 τῆς

196 5483 213 5512 ι
254 5461 622 5531 καταδρομῆς,
648 5462 703 5513 ὲν
743 5460 973 5531 τοσαύτῃ
995 5462 1203 5530 οἰμωγῇ
1225 5459 1314 5511 καὶ
1342 5459 1606 5523 τοσούτοις
1622 5458 1753 5530 θρή-

196 5576 213 5605 ι
255 5572 366 5617 νοις
386 5553 648 5623 τολμῆσαί
681 5571 829 5616 τινας
852 5554 940 5604 τὸν
967 5552 1151 5622 καιρὸν
1196 5551 1282 5603 τὸν
1331 5553 1492 5604 πᾶσιν
1537 5550 1753 5621 ὄλεθρον

199 5666 217 5697 ι
256 5646 486 5716 φέροντα
507 5646 721 5715 νομίσαι
750 5648 957 5707 ἑαυτοῖς
985 5644 1170 5714 καιρὸν
1204 5640 1335 5696 εἶναι
1364 5642 1583 5712 κέρδους
1601 5683 1613 5705 ,
1661 5644 1752 5694 ἀν-

200 5758 218 5791 ι
257 5738 491 5808 θρώπων
514 5740 656 5791 ἐστὶν
675 5738 883 5791 ἀσεϐῶν
907 5738 999 5790 καὶ
1024 5736 1326 5804 θεοστυγῶν
1346 5778 1358 5797 ,
1381 5738 1495 5789 οὐδὲ
1526 5736 1753 5806 ὑπερϐο-

202 5849 223 5882 ι
260 5830 356 5894 λὴν
402 5832 625 5893 ἀτοπίας
670 5831 915 5899 ἐχόντων.
951 5810 1119 5883 ’⁸0Οεῦ¹
1132 5829 1271 5892 ἔδοξε
1319 5830 1439 5891 τοὺς
1483 5827 1751 5890 τοιούτους

1850 3328 2098 3384 barbaris
2128 3341 2394 3400 corrupta:
2424 3341 2568 3395 sunt,
2598 3333 2846 3400 disserit;
2879 3344 3038 3403 atque
3068 3334 3137 3388 ita
3166 3350 3409 3405 pronun—

1849 3422 1946 3475 tiat
1982 3440 1995 3475 :
2030 3422 2074 3476 si
2105 3422 2321 3492 quidem
2349 3424 2561 3478 illarum
2598 3435 2836 3481 anteacta
2868 3428 2972 3482 vita
3013 3429 3263 3485 damnata
3294 3432 3409 3488 fue-

1849 3523 1954 3578 rat,
1991 3528 2085 3568 eas
2112 3515 2273 3567 etiam
2309 3518 2636 3584 captivitatis
2667 3528 2907 3587 tempore
2950 3520 3270 3577 fornicarius
3318 3524 3411 3579 ba-

1850 3605 1998 3661 bitus
2026 3615 2308 3675 suspectas
2340 3607 2488 3668 facit,
2525 3610 2855 3679 proindeque
2898 3612 3037 3666 haud
3087 3613 3243 3668 facile
3278 3617 3409 3684 ipsis

1852 3698 1903 3752 in
1932 3701 2240 3767 precatione
2271 3702 2673 3755 communicare
2717 3714 2948 3771 oportet,
2977 3706 3078 3758 nisi
3125 3707 3300 3760 debita
3330 3709 3409 3760 vi-

1849 3790 2042 3845 delicet
2089 3792 2414 3860 pmnitentite
2461 3802 2698 3861 tempora
2733 3794 3084 3863 expleverint.
3117 3795 3211 3851 Est
3250 3814 3410 3868 porro

1851 3883 2087 3946 habitus,
2119 3884 2373 3937 diuturna
2404 3900 2468 3938 ac
2499 3893 2735 3953 tempore
2762 3886 3076 3941 confirmata
3119 3899 3410 3943 consuetu-

1851 3976 1940 4041 do,
1972 3991 2092 4045 quae
2122 3985 2331 4031 naturae
2375 3977 2567 4031 similis
2600 3986 2705 4041 est,
2742 3987 2799 4031 ut
2833 3988 3112 4050 propterea
3142 3981 3408 4050 ejusmodi

1852 4067 2107 4121 mulieres
2138 4082 2481 4138 nequaquam
2506 4068 2555 4121 vi
2590 4080 2806 4125 coactas
2832 4086 3083 4139 peccasse
3108 4074 3407 4142 putandum

1853 4160 1941 4216 sit.
1973 4160 2127 4227 Quod
2159 4160 2202 4215 si
2231 4162 2463 4230 priorem
2493 4161 2659 4214 vitam
2693 4173 2839 4217 caste
2883 4179 2946 4218 ac
2975 4165 3108 4219 citra
3156 4166 3409 4221 offensio-

1851 4267 1976 4306 nem
2016 4261 2260 4323 egerunt,
2291 4261 2401 4306 tum
2434 4253 2678 4307 abducta:
2713 4254 2764 4307 in
2793 4256 3103 4310 servitutem
3138 4257 3208 4310 ob
3240 4259 3409 4326 capti-

1852 4343 2091 4408 vitatem,
2125 4360 2187 4399 ex
2215 4346 2466 4400 violentia
2498 4346 2851 4400 barbarorum
2884 4348 3264 4402 contumeliam
3294 4365 3411 4418 pas-

1854 4450 1927 4489 sae
1952 4445 2095 4497 sunt,
2132 4437 2400 4491 immunes
2432 4448 2557 4491 sunt
2588 4454 2616 4491 a
2652 4439 2805 4506 culpa
2836 4457 2849 4492 :
2878 4440 3287 4509 exemplumque
3313 4441 3407 4494 ad-

1855 4529 2022 4593 hibet,
2051 4530 2209 4597 quod-
2231 4530 2284 4582 in
2314 4528 2713 4583 Deuteronomii
2743 4531 3219 4586 constitutionibus
3246 4531 3411 4585 refer-

2391 4625 2508 4680 Non
2570 4628 2693 4691 erit,
2754 4626 2947 4696 inquit,
3005 4628 3411 4683 adolescentultc

2399 4812 2627 4867 CANON
2664 4813 2727 4867 ll.

1938 4924 1957 4956 ‹
2002 4904 2191 4959 Gravis
2224 4914 2304 4959 est
2349 4906 2572 4959 avaritia
2599 4945 2615 4969 ,
2665 4922 2762 4960 nec
2793 4915 3021 4974 possunt
3053 4922 3157 4959 una
3185 4907 3410 4975 epistola

1859 5015 1877 5047 ι
1924 4999 2150 5067 proponi
2182 4998 2493 5068 Scriptum,
2531 4999 2583 5051 in
2614 5000 2812 5067 quibus
2842 5015 2946 5052 non
2980 5000 3152 5052 solum
3185 5002 3411 5067 praedari

1860 5108 1877 5139 ι
1929 5089 2237 5161 fugiendum
2269 5091 2704 5160 horrendumque
2731 5089 3054 5158 prmdicatur
3074 5131 3090 5155 ,
3124 5089 3217 5145 sed
3259 5091 3411 5159 plura

1860 5202 1877 5233 ‹
1924 5184 2083 5237 etiam
2125 5184 2531 5251 concupiscere,
2582 5192 2634 5237 et
2676 5182 2852 5235 aliena
2883 5190 3097 5249 prept-cr
3143 5194 3294 5249 turpe
3333 5182 3414 5234 lu-

1861 5293 1879 5325 ι
1927 5292 2079 5331 crum
2105 5277 2399 5344 attingere:
2438 5286 2488 5330 et
2512 5276 2816 5344 quicunque
2842 5287 2923 5327 est
2944 5274 3229 5340 ejusmodi,
3265 5274 3309 5328 is
3332 5285 3413 5328 est

1866 5386 1883 5418 ι
1930 5383 1959 5420 a
1996 5367 2086 5421 Dei
2127 5367 2365 5423 Ecclesia
2397 5368 2696 5421 abdicatus.
2736 5365 2792 5419 ln
2825 5376 3062 5435 tempore
3106 5374 3282 5418 autem
3331 5365 3415 5417 in-

1865 5477 1882 5509 ι
1930 5459 2228 5525 cursionis,
2263 5460 2316 5513 in
2344 5469 2490 5512 tanto
2526 5460 2669 5513 luctu
2702 5459 2970 5525 tantisque
2990 5455 3221 5518 ﬂetibus.
3251 5471 3413 5510 ausos

1865 5569 1882 5601 ι
1928 5565 2046 5604 esse
2086 5551 2295 5619 aliquos
2328 5559 2534 5618 tempus
2564 5549 2705 5617 quod
2746 5547 2996 5601 omnibus
3028 5546 3254 5599 exitium
3284 5546 3411 5600 alle-

1865 5661 1882 5694 ι
1924 5642 2108 5705 rebat,
2139 5642 2447 5695 existimare
2469 5654 2589 5694 esse
2622 5639 2721 5692 sibi
2754 5639 2886 5694 lucri
2918 5646 3126 5709 tempus
3153 5680 3165 5703 ,
3212 5648 3291 5691 est
3320 5638 3415 5690 ho-

1865 5753 1883 5785 ι
1929 5734 2132 5787 minum
2177 5734 2463 5801 impiorum
2496 5741 2548 5785 et
2581 5729 2691 5785 Deo
2738 5730 3063 5793 invisorum,
3096 5738 3147 5784 et
3181 5744 3413 5796 quorum

1868 5846 1884 5877 ι
1927 5825 2254 5895 improbitati
2280 5824 2411 5877 nihil
2435 5832 2609 5893 potest
2634 5823 2815 5892 adjici.
2843 5821 2993 5878 Unde
3020 5837 3207 5877 omnes
3238 5820 3413 5874 istius-
