4028 6214
531 329 669 389 ΙΟΞῚ

1655 335 1714 390 S.
1755 332 2085 392 GREGORII
2121 333 2629 392 THAUMATURGI

3628 335 3776 390 1023

531 465 550 498 ι
597 447 740 502 modi
777 446 1026 502 abdicare
1051 446 1224 503 visum
1252 457 1354 510 est.
1383 463 1448 503 ne
1480 447 1618 503 torte
1641 449 1694 502 in
1723 460 1894 503 totum
1919 463 2090 517 popu-

2201 465 2220 499 ι
2257 449 2572 522 ἐκκηρύξαι,
2607 450 2813 520 μήποτε
2845 451 2929 518 ἐφ’
2956 449 3076 502 ὅλον
3106 446 3235 521 ἔλθῃ
3262 448 3352 502 τὸν
3381 447 3509 505 λαδν
3549 453 3581 523 ὴ
3626 452 3774 525 ὀργὴ

532 557 549 588 ι
598 540 706 592 lum
737 538 816 592 ira
849 537 1047 602 veniat,
1075 547 1129 592 et
1159 540 1211 592 in
1241 554 1335 593 eos
1367 539 1599 606 primum
1626 539 1718 607 qui
1749 547 2005 607 praesunt,
2041 546 2094 590 et

530 651 549 682 ι
599 648 702 685 non
736 631 1035 700 inquirunt.
1070 629 1270 685 Vereor
1299 632 1465 696 enim,
1500 640 1558 684 ut
1591 630 1666 685 ait
1694 629 1994 700 Scriptura,
2027 645 2094 683 ne

529 742 548 774 ι
597 723 795 791 impius
843 723 1050 791 justum
1094 739 1199 776 una
1239 739 1421 778 secum
1466 723 1654 792 perdat
1693 724 1736 776 ’.
1787 721 2093 775 Fornicatio

529 833 547 865 ι
594 814 759 875 enim,
797 814 1002 882 inquit,
1045 826 1091 868 et
1127 815 1386 879 avaritia,
1433 831 1523 883 per
1550 829 1666 884 qua!
1704 815 1838 868 venit
1883 815 1967 866 ira
2002 812 2095 866 Dei

529 927 546 955 ι
598 909 652 960 in
696 907 835 977 ﬁlios
871 905 1230 958 inobedientia:
1257 917 1273 958 :
1299 920 1363 957 ne
1403 907 1519 959 sitis
1551 923 1672 976 ergo
1715 921 1894 959 eorum
1925 907 2093 974 parti-

531 1017 550 1048 ι
592 999 747 1067 cipes.
778 995 976 1048 Fuistis
1006 999 1143 1048 enim
1167 996 1452 1066 aliquando
1475 995 1730 1050 tenebrw:
1764 1012 1897 1048 nunc
1919 1005 2093 1048 autem

529 1108 549 1140 ς
597 1090 690 1142 lux
739 1089 794 1141 in
843 1087 1084 1140 Domino.
1131 1086 1194 1141 Ut
1229 1087 1331 1156 lilii
1375 1086 1507 1140 lucis
1557 1087 1820 1141 ambulate
1869 1088 2094 1158 (fructus

531 1201 550 1232 ι
595 1181 733 1236 enim
783 1180 912 1233 lucis
944 1189 1018 1232 est
1052 1179 1106 1232 in
1138 1180 1278 1232 omni
1301 1179 1852 1247 bonitate,etjustitia,
1884 1191 1932 1233 et
1962 1181 2095 1232 veri-

529 1292 549 1326 t
596 1274 760 1341 tate),
810 1274 1084 1341 probantes
1128 1269 1265 1340 quod
1317 1272 1384 1325 sit
1441 1269 1547 1324 Deo
1595 1282 1898 1340 acceptum:
1944 1280 1993 1325 et
2033 1289 2095 1325 ne

533 1381 550 1413 ι
593 1364 972 1415 communicato
999 1361 1327 1430 infrugt'frris
1354 1360 1594 1429 operibus
1621 1361 1968 1428 tenebrarum,
2004 1361 2093 1415 sed

531 1473 550 1504 ι
595 1454 767 1519 potius
801 1453 960 1506 etiam
1003 1451 1315 1522 redarguite.
1354 1451 1484 1516 Quae
1517 1453 1656 1506 enim
1697 1455 1761 1505 ab
1802 1455 1928 1522 ipsis
1960 1454 2090 1522 ﬁunt

533 1567 552 1600 ι
596 1549 926 1617 clanculum,
975 1559 1122 1618 turpe
1161 1560 1237 1604 est
1280 1550 1362 1605 vel
1383 1549 1572 1605 dicere.
1629 1550 1820 1606 Omnia
1857 1563 2030 1606 autem
2059 1569 2092 1605 ιι

534 1665 549 1694 ι
596 1645 708 1698 luce
739 1646 971 1698 convicta
997 1644 1408 1713 manifestantur
1437 1645 1499 1700 ‘°.
1547 1643 1670 1701 llaac
1704 1647 1919 1716 quidem
1957 1646 2093 1716 Apo-

532 1757 551 1790 ι
597 1738 793 1792 stolus.
847 1736 903 1791 Si
951 1745 1128 1790 autem
1163 1736 1254 1806 qui
1295 1746 1510 1806 propter
1547 1741 1778 1807 priorem
1810 1741 1959 1809 plura
1999 1742 2094 1794 ha-

531 1850 550 1882 r
598 1829 756 1884 bendi
809 1829 1196 1898 cupiditatem,
1251 1845 1372 1898 qua:
1430 1831 1481 1883 in
1517 1847 1647 1901 pace
1695 1831 1830 1894 fuit,
1875 1848 2090 1901 pmnam

532 1942 550 1973 ι
596 1921 762 1987 dant,
813 1921 865 1973 in
919 1921 1035 1989 ipso
1068 1920 1160 1974 irae
1194 1929 1433 1990 tempore
1468 1938 1660 1977 rursus
1705 1923 1770 1977 ad
1813 1925 2094 1979 avaritiam

533 2034 550 2065 ι
597 2023 1016 2077 convertuntur,
1047 2011 1446 2067 lucrifacientes
1477 2029 1542 2067 ex
1573 2015 1835 2083 sanguine
1874 2023 1928 2069 et
1966 2031 2092 2084 per-

531 2125 552 2158 ι
597 2106 737 2160 nicie
773 2120 1081 2159 eversorum
1127 2103 1436 2168 hominum,
1472 2106 1842 2174 captivorum,
1877 2105 2096 2160 interfe-

532 2217 552 2249 ι
597 2205 847 2261 ctorum;
895 2196 1022 2265 quid
1065 2193 1210 2248 aliud
1253 2196 1675 2264 exspectandum
1715 2203 1815 2260 est,
1841 2211 2003 2266 quam
2038 2205 2096 2250 ut

533 2308 552 2340 ι
599 2287 826 2342 avaritia
849 2288 1187 2342 decertantes
1219 2286 1354 2341 iram
1393 2287 1495 2341 sibi
1523 2295 1577 2342 et
1600 2287 1856 2344 universo
1896 2288 2094 2359 populo

535 2399 555 2432 ι
603 2380 984 2436 accumulent?
1010 2397 1030 2432 ι

597 2562 758 2620 ΒΑιε.
798 2563 855 2618 1η
888 2573 1126 2635 tempore
1168 2564 1514 2628 incursionis,
1557 2562 1778 2634 quidam
1813 2577 1879 2618 ex
1908 2561 2095 2617 ortho-

529 2657 690 2713 doxis
719 2659 1097 2726 corripuerunt
1120 2673 1206 2712 res
1232 2673 1353 2726 quae
1380 2657 1714 2726 captivorum
1742 2654 2096 2724 depraedatio-

529 2764 652 2803 ncm
693 2748 1013 2819 eﬂ‘ugerunt.
1069 2747 1143 2803 De
1176 2749 1258 2802 his
1292 2764 1418 2818 ergo
1468 2749 1830 2816 interrogatus
1874 2752 2095 2800 sanctus

529 2839 680 2902 dicit,
707 2842 850 2910 quod
876 2840 1125 2911 quisquis
1155 2848 1238 2894 est
1271 2855 1488 2903 avarus,
1523 2848 1605 2893 est
1635 2839 1704 2892 ab
1729 2836 1966 2892 Ecclesia
2001 2835 2096 2888 ab-

527 2931 762 2995 dicatus,
809 2932 860 2985 id
897 2940 1002 2995 est,
1036 2933 1240 3001 ejectus
1280 2941 1334 2986 et
1382 2933 1608 2986 alienus.
1662 2930 1924 2984 Dicuntur
1949 2927 2092 2982 enim

528 3020 760 3076 abdicati
797 3021 888 3074 lilii
919 3022 1136 3090 quando
1167 3030 1386 3090 propter
1416 3021 1593 3089 aliqua
1637 3021 1862 3074 crimina
1893 3019 1961 3071 ab
1988 3017 2095 3069 ha:-

529 3111 757 3164 reditate
786 3121 1008 3182 paterna
1035 3113 1358 3168 alienantur.
1402 3111 1457 3166 In
1493 3125 1731 3181 tempore
1761 3121 1939 3166 autem
1969 3109 2092 3163 talis
2119 3137 2160 3195 ο

528 3201 856 3256 calamitatis
907 3200 1105 3255 audere
1147 3201 1381 3270 aliquem
1425 3201 1634 3256 facinus
1681 3201 1987 3271 ejusmodi,
2039 3211 2095 3257 et

527 3291 838 3346 existimare
883 3292 1112 3345 aliorum
1145 3292 1506 3347 calamitatem
1536 3309 1656 3348 esse
1699 3293 1781 3348 Sui
1823 3293 1958 3347 lucri
2003 3307 2095 3348 oc-

528 3384 827 3449 casionem,
850 3393 933 3438 est
958 3383 1248 3453 impiorum
1277 3385 1554 3439 hominum
1583 3395 1636 3440 et
1660 3384 1765 3440 Deo
1794 3385 2093 3440 invisorum

529 3487 583 3531 et
611 3476 705 3546 qui
737 3491 952 3531 omnem
979 3477 1377 3546 improbitatem
1407 3486 1683 3548 superant.
1737 3476 1886 3533 Unde
1919 3479 2092 3534 visum

529 3578 614 3623 est
638 3584 732 3623 eos
765 3569 1035 3636 abdicare,
1071 3584 1167 3638 pro
1209 3583 1275 3624 eo
1321 3570 1465 3639 quod
1495 3578 1597 3634 est,
1632 3579 1814 3640 aperte
1855 3569 2094 3626 Ecclesia

529 3659 820 3728 expellere,
869 3666 923 3713 et
971 3674 1001 3712 a
1055 3659 1288 3714 fidelium
1320 3660 1663 3715 multitudine
1701 3676 1986 3730 separare:
2031 3677 2098 3716 ne

530 3761 750 3821 propter
779 3750 926 3819 ipSOs
954 3751 1048 3805 Dei
1078 3751 1158 3804 ira
1194 3751 1247 3804 in
1282 3766 1472 3806 omnes
1504 3753 1700 3815 veniat,
1735 3761 1788 3807 et
1817 3762 1940 3808 ante
1963 3754 2098 3808 alios

531 3844 584 3898 in
620 3858 713 3898 eos
741 3844 834 3912 qui
873 3851 1145 3912 praesunt,
1180 3843 1271 3911 qui
1303 3842 1567 3912 ejusmodi
1600 3844 1846 3900 homines
1881 3861 1988 3898 non
2017 3847 2100 3900 in-

529 3934 756 4004 quirunt
785 3942 838 3988 et
860 3935 1192 3988 examinant.
1223 3933 1421 3989 Deinde
1449 3935 1728 4006 subjungit
1751 3936 1911 3990 etiam
1945 3940 2098 3992 testi-

533 4025 715 4080 monia
753 4023 1067 4095 Scriptum,
1101 4034 1154 4079 et
1193 4025 1336 4079 circa
1373 4027 1529 4080 ﬁnem
1559 4026 1752 4081 infert:
1792 4026 1848 4081 Si
1879 4028 1970 4098 qui
2002 4045 2098 4084 au-

531 4127 640 4171 tem
686 4124 902 4184 pr0pter
952 4131 1106 4170 suam
1143 4117 1469 4182 avaritiam,
1520 4131 1641 4184 qua:
1697 4115 1798 4171 fuit
1861 4127 2100 4188 tempore

531 4206 723 4275 pacis,
773 4207 986 4276 puniti,
1036 4207 1090 4261 in
1142 4208 1494 4262 barbarorum
1549 4207 1742 4262 iterum
1791 4209 2101 4266 incursione

531 4298 718 4352 eadem
753 4298 1124 4365 peccaverint,
1166 4299 1237 4362 ii,
1276 4299 1468 4367 inquit,
1503 4314 1610 4353 non
1639 4301 1810 4354 solum
1843 4301 1934 4356 Dei
1963 4302 2097 4357 iram

531 4387 588 4443 in
627 4403 685 4444 se
721 4389 1036 4454 attrahunt,
1072 4389 1164 4444 sed
1187 4391 1348 4445 etiam
1381 4392 1640 4448 adversus
1671 4409 1884 4448 onmem
1930 4411 2102 4466 popu-

2201 559 2218 590 ι
2259 542 2350 594 καὶ
2380 543 2462 594 ἐπ’
2485 543 2680 606 αὐτοὺς
2699 541 2916 612 πρῶτον
2944 543 3072 604 τοὺς
3115 541 3490 612 προεστῶτας,
3522 545 3648 607 τοὺς
3689 544 3775 617 μὴ

2201 651 2218 682 ι
2261 633 2666 705 ἐπιζητοῦντας.
2710 634 2983 706 Φοϐοῦμαι
3018 634 3160 706 γάρ,
3205 633 3279 697 ὡς
3302 637 3336 706 ὴ
3369 633 3558 707 Γραφὴ
3595 635 3774 707 λέγει,

2200 742 2218 775 ι
2260 725 2334 795 μὴ
2361 726 2698 800 συναπολέσῃ
2736 726 2935 796 ἀσεϐὴς
2957 726 3047 779 τὸν
3077 722 3302 780 δίκαιον.
3337 727 3590 794 Πορνεία
3634 729 3775 798 γὰρ,

2201 833 2218 865 ι
2259 817 2421 888 φησι,
2463 817 2560 870 καὶ
2601 817 2940 881 πλεονεξία,
2966 817 3040 870 δι’
3065 816 3103 870 ἀ
3127 817 3359 886 ἔρχεται
3403 819 3442 885 ή
3485 819 3631 888 ὀργὴ
3661 821 3776 874 τοῦ

2199 926 2218 960 ι
2262 907 2408 961 Θεοῦ
2436 909 2532 962 ἐπὶ
2559 909 2698 974 τοὺς
2723 909 2889 976 υἱοὺς
2926 909 3035 978 τῆς
3063 911 3382 976 ἀπειθείας.
3408 907 3506 977 Μὴ
3531 906 3644 964 οὖν
3677 911 3774 979 τί-

2200 1019 2218 1052 t
2259 1003 2435 1054 νεσθε
2463 999 2822 1071 συμμέτοχοι
2844 999 3058 1055 αὐτῶν.
3077 997 3212 1054 Ἦτε
3235 1000 3341 1070 γάρ
3361 1018 3504 1054 ποτε
3520 1003 3772 1069 σκότος,

2202 1112 2220 1144 ι
2259 1091 2374 1146 νῦν
2409 1091 2476 1146 δὲ
2499 1092 2622 1162 φῶς
2645 1093 2715 1146 ἐν
2729 1093 2940 1160 Κυρίῳ.
2979 1093 3070 1158 Ὡς
3097 1092 3275 1146 τέκνα
3294 1092 3484 1162 φωτὸς
3525 1109 3777 1160 περιπα-

2201 1203 2219 1236 t
2263 1184 2410 1238 τεῖτε
2437 1185 2456 1244 (
2470 1188 2502 1238 ὀ
2526 1185 2636 1254 γὰρ
2665 1185 2890 1253 καρπὸς
2911 1184 3014 1239 τοῦ
3043 1185 3240 1254 φωτὸς
3261 1185 3331 1238 ἐν
3361 1185 3531 1254 πάσῃ
3555 1186 3772 1254 ἀγαθο-

2200 1294 2218 1326 ι
2259 1275 2418 1344 σύνῃ
2443 1275 2538 1329 καὶ
2558 1276 2834 1347 ἀληθείᾳ)
2859 1316 2872 1338 ,
2912 1277 3323 1347 δοκιμάζοντες
3351 1279 3408 1331 τί
3440 1277 3778 1346 εὐάρεστον

2200 1386 2216 1417 ι
2259 1365 2335 1432 τῷ
2377 1368 2604 1436 Κυρίῳ,
2643 1368 2742 1421 καί
2787 1367 2872 1437 μὴ
2909 1369 3363 1438 συγκοινίονεῖτε
3404 1370 3529 1436 τοῖς
3569 1372 3773 1440 ἔργοις

2199 1479 2216 1510 ι
2258 1459 2382 1525 τοῖς
2425 1459 2715 1528 ἀκάρποις
2771 1460 2878 1514 τοῦ
2919 1462 3212 1528 σκότους,
3265 1459 3510 1531 μᾶλλον
3555 1462 3624 1516 δὲ
3667 1463 3772 1517 καὶ

2199 1569 2217 1602 t
2252 1550 2552 1620 ἐλέγχετε·
2601 1551 2669 1605 τὰ
2699 1552 2808 1620 γὰρ
2861 1551 3058 1620 κρυερῇ
3105 1555 3397 1623 γινόμενα
3434 1555 3534 1608 ὑπ’
3571 1554 3778 1609 αὐτῶν

2198 1661 2217 1693 ι
2256 1645 2510 1712 αἰσχρόν
2541 1643 2670 1696 ἐστι
2704 1643 2799 1697 καὶ
2827 1643 3045 1715 λέγειν.
3096 1647 3172 1700 Τὰ
3193 1646 3261 1699 δὲ
3297 1648 3492 1700 πάντα
3519 1648 3774 1717 ἐλεγχός

2201 1752 2218 1784 ι
2248 1750 2402 1802 μενα
2431 1734 2550 1788 ὑπὸ
2576 1734 2681 1788 τοῦ
2706 1735 2898 1804 φωτὸς
2931 1737 3310 1805 φανεροῦται.
3353 1738 3590 1792 Τοιαῦτα
3619 1741 3716 1810 μὲν
3747 1741 3776 1792 ὁ

2201 1842 2219 1875 ι
2278 1825 2620 1889 Ἀπὸστολος.
2666 1825 2790 1879 Ἐἀν
2823 1827 2898 1890 δὲ,
2922 1826 3009 1880 διὰ
3033 1828 3129 1898 τὴν
3165 1829 3433 1900 προτέραν
3457 1829 3774 1896 πλεονεξίαν

2199 1931 2218 1966 t
2252 1914 2349 1985 τήν
2376 1916 2430 1967 ἐν
2448 1919 2511 1985 τῇ
2531 1917 2720 1989 εἰρήνῃ
2737 1918 3030 1988 γενομένην
3051 1918 3205 1988 δίκην
3225 1921 3516 1984 τιννύντες,
3542 1923 3599 1973 ἐν
3623 1923 3776 1992 αύτῷ

2200 2023 2219 2055 ‹
2257 2005 2333 2075 τῷ
2360 2005 2533 2076 καιρῷ
2580 2007 2679 2075 τῆς
2720 2007 2887 2078 ὀργῆς
2935 2006 3094 2060 πάλιν
3143 2007 3277 2079 πρὸς
3319 2008 3415 2079 τὴν
3450 2009 3773 2075 πλεονεξίαν

2200 2113 2218 2145 ι
2253 2095 2564 2167 ἐκτραπῶσί
2591 2113 2750 2161 τινες,
2781 2097 3152 2168 κερδαίνοντες
3181 2098 3238 2162 ἐξ
3263 2097 3492 2168 αἵματος
3533 2100 3630 2152 καὶ
3658 2101 3777 2152 ὀλέ-

2200 2205 2218 2238 t
2255 2186 2383 2257 θρου
2410 2187 2707 2256 ἀνθρώπων
2744 2190 3057 2243 ἀναστάτων
3086 2190 3393 2260 γενομένων
3417 2190 3448 2260 ἢ
3479 2191 3767 2261 αἰχμαλὼο

2199 2298 2218 2331 ι
2253 2298 2375 2343 των,
2403 2281 2831 2350 πεφονευμένων,
2867 2283 2918 2336 τί
2943 2283 3127 2354 ἕτερον
3161 2283 3471 2354 προσδοκᾷν
3506 2285 3668 2355 χρὴῆ
3697 2285 3777 2347 ὡς

2199 2390 2218 2422 ‹
2256 2372 2758 2442 ἐπαγωνιζομένους
2785 2375 2848 2444 τῇ
2879 2373 3179 2444 πλεονεξίᾳ,
3201 2374 3566 2446 ἐπισωρεῦσαι
3589 2375 3775 2448 ὀργὴν

2199 2482 2218 2515 ι
2253 2465 2346 2517 καὶ
2367 2465 2575 2527 ἑαυτοῖς
2601 2464 2694 2518 καὶ
2725 2466 2886 2518 παντί
2914 2465 2991 2534 τῷ
3027 2464 3172 2535 λαῷς
3206 2483 3224 2516 ι

2264 2556 2455 2610 ΒΑΛΣ.
2483 2557 2570 2610 Ἐν
2594 2555 2671 2626 τῷ
2693 2556 2867 2626 καιρῷ
2889 2557 2988 2626 τῆς
3013 2557 3118 2610 τῶν
3138 2556 3426 2628 βαρϐάρων
3447 2556 3774 2628 ἐπιδρομῆς,

2195 2648 2446 2719 ἥρπασάν
2477 2666 2618 2712 τινες
2648 2649 2754 2702 τῶν
2779 2648 3068 2720 ὀρθοδόξων
3092 2648 3160 2701 τά
3193 2647 3287 2720 τὴν
3329 2647 3620 2719 λεηλασίαν
3653 2648 3776 2702 δια-

2195 2741 2433 2810 φυγόντα
2490 2741 2598 2794 τῶν
2674 2741 3208 2811 αἰχμαλωτισθέντων
3242 2740 3566 2812 πράγματα.
3636 2740 3776 2810 Περὶ

2192 2833 2396 2886 τούτων
2427 2828 2518 2886 οῦν
2554 2833 2848 2904 ἐρωτηθεὶς
2869 2834 2896 2885 ὁ
2945 2833 3117 2900 ἅγιος,
3143 2832 3325 2902 φησὶν,
3355 2832 3436 2884 ὅτι
3461 2835 3570 2894 πᾶς
3617 2831 3754 2884 πλεο

2194 2923 2387 2995 νέκτης
2422 2925 2754 2994 ἐκκήρυκτος
2796 2924 2895 2993 τῆς
2949 2923 3274 2992 Ἐκκλησίας
3301 2925 3467 2985 ἐστὶν,
3501 2921 3626 2975 ἀντὶ
3653 2921 3775 2990 τοῦ,

2193 3015 2493 3085 άπόὸλητος
2533 3015 2626 3066 καὶ
2667 3014 2965 3086 ἀλλότριος.
3012 3014 3513 3086 Ἀποκηρύσσεσθαι
3542 3016 3654 3088 γάρ
3682 3015 3778 3068 λέ-

2194 3123 2378 3174 γονται
2403 3108 2450 3159 οἰ
2475 3106 2578 3158 υἱοὶ
2605 3106 2730 3159 ὅταν
2769 3106 2857 3159 διά
2875 3124 2993 3159 τινα
3015 3107 3310 3176 αἰτιάματα
3330 3107 3393 3158 ἐκ
3420 3107 3517 3177 τῆς
3550 3109 3780 3175 γονικῆς

2193 3197 2550 3269 κληρονομίας
2577 3192 2977 3268 ἀλλοτριῶνται.
3011 3199 3082 3250 Τὸ
3104 3198 3159 3251 δὲ
3191 3201 3247 3250 ἐν
3281 3197 3460 3269 καιρῷ
3489 3201 3779 3270 συμφορᾶς

2191 3291 2442 3360 τοιαύτης
2463 3290 2721 3361 τολμῆσαί
2754 3307 2874 3344 τινα
2896 3289 3131 3343 τοιοῦτον
3159 3309 3213 3343 τι
3247 3291 3415 3344 κακὸν
3435 3331 3450 3355 ,
3481 3291 3574 3343 καὶ
3628 3291 3781 3360 λογί-

2195 3381 2389 3436 σασθαι
2413 3383 2646 3454 κέρδους
2672 3381 2923 3454 ἀφορμὴν
2951 3383 3048 3453 τὴν
3068 3382 3176 3435 τῶν
3199 3381 3440 3452 ἀδελφῶν
3465 3383 3776 3454 συμφοράν,

2194 3474 2352 3544 ἔργον
2379 3475 2524 3526 ἐστὶν
2561 3473 2861 3546 ἀνθρώπων
2891 3473 3100 3527 ἀσεϐῶν
3128 3475 3220 3526 καὶ
3249 3475 3354 3526 ὑπὸ
3383 3473 3475 3527 τοῦ
3513 3475 3648 3527 Θεοῦ
3681 3494 3776 3544 μι-

2197 3563 2491 3634 σουμένων,
2518 3565 2608 3616 καὶ
2631 3565 2808 3634 πάσης
2851 3564 3078 3626 ἀτοπίας
3114 3565 3388 3617 ἐπέκεινα.
3419 3564 3576 3617 Ὅθεν
3622 3564 3774 3629 ἔδοξε

2193 3657 2319 3718 τοὺς
2338 3655 2608 3719 τοιούτους
2639 3655 2937 3726 ἐκκηρύξαι
2965 3655 3085 3709 ἀντὶ
3106 3654 3222 3719 τοῦ,
3261 3655 3508 3726 φανερῶς
3521 3654 3778 3720 ἐκδιῶξαι

2195 3745 2294 3814 τῆς
2334 3745 2688 3816 Ἐκκλησίας,
2728 3747 2821 3799 καὶ
2853 3744 3082 3816 χωρίσαι
3131 3745 3226 3798 τοῦ
3266 3745 3630 3817 πληρώματος
3664 3747 3777 3798 τῶν

2198 3838 2426 3891 πιστῶν·
2463 3837 2550 3890 ἵνα
2579 3837 2652 3908 μὴ
2671 3836 2737 3888 δι’
2764 3836 2962 3900 αὐτοὺς
2995 3839 3027 3908 ὴ
3061 3836 3196 3908 ὀργὴ
3221 3836 3313 3890 τοῦ
3341 3836 3473 3888 Θεοῦ
3522 3836 3652 3908 ἔλθῃ
3676 3838 3775 3889 ἐπὶ

2199 3930 2424 3992 πάντας,
2457 3930 2548 3982 καὶ
2574 3929 2676 4000 πρὸ
2700 3927 2807 3981 τῶν
2835 3927 3006 3982 ἄλλων
3038 3929 3129 3981 ἐπὶ
3149 3930 3272 3992 τοὺς
3293 3929 3665 3996 προεστῶτας,
3690 3931 3770 4002 μὴ

2199 4019 2586 4092 ἐπιζητοῦντας
2612 4019 2704 4073 καὶ
2738 4018 3088 4086 ἐξετάζοντας
3127 4020 3251 4083 τοὺς
3295 4020 3586 4083 τοιούτους.
3640 4017 3779 4074 Εἶτα

2199 4115 2392 4183 ἐπάγει
2428 4115 2520 4168 καὶ
2551 4114 2828 4185 Γραφικάς
2862 4115 3163 4185 μαρτυρίας
3185 4154 3199 4176 ,
3229 4115 3323 4166 καὶ
3357 4115 3483 4185 περὶ
3519 4115 3580 4167 τὸ
3619 4116 3777 4178 τέλος

2199 4205 2474 4277 ἐπιφέρει·
2502 4205 2564 4258 Εἰ
2595 4205 2650 4257 δέ
2671 4223 2813 4269 τινες
2836 4205 2923 4258 διὰ
2952 4205 3261 4270 πλεονεξίαν
3294 4206 3592 4276 γενομένην
3641 4209 3776 4278 παρ’

2199 4299 2379 4353 αὐτῶν
2415 4298 2557 4353 κατά
2580 4297 2670 4351 τὸν
2695 4299 2791 4368 τῆς
2815 4299 3035 4369 εἰρήνης
3061 4299 3250 4368 καιρὸν
3271 4297 3643 4363 κολασθέντες,
3677 4301 3780 4352 πά-

2199 4392 2280 4445 λιν
2301 4393 2394 4446 καί
2422 4394 2501 4455 εἰς
2532 4391 2626 4462 τὴν
2653 4389 2757 4443 τῶν
2791 4389 3080 4462 βαρϐάρων
3107 4390 3292 4459 ἔφοδον
3319 4391 3388 4443 τὰ
3424 4390 3562 4444 αὐτὰ
3589 4391 3779 4461 ἦμαρ-

534 4480 667 4534 lum.
701 4477 826 4533 llaec
851 4495 974 4533 cum
1004 4480 1078 4534 ita
1106 4496 1164 4536 se
1195 4481 1444 4549 habeant,
1470 4494 1594 4538 nota
1622 4499 1688 4538 ex
1715 4484 1816 4538 hac
1847 4486 2095 4553 praesenti

2200 4501 2309 4547 τον,
2339 4485 2387 4537 οἰ
2415 4482 2670 4548 τοιοῦτοι,
2704 4483 2868 4553 φησὶν
2891 4522 2906 4546 ,
2949 4483 3010 4536 οὐ
3056 4483 3213 4554 μόνον
3254 4482 3373 4536 καθ’
3425 4483 3633 4536 ἐαυτῶν
3673 4484 3778 4555 τὴν

531 4571 780 4641 epistola,
821 4573 964 4640 quod
1001 4573 1270 4644 episcopis
1299 4577 1628 4646 permittitur
1656 4592 1942 4632 avarorum
1972 4579 2094 4647 plu-

533 4677 700 4732 raque
734 4662 961 4716 habendi
1002 4664 1319 4732 cupidorum
1368 4670 1666 4735 potentiam
1701 4668 1876 4737 pinnis
1919 4669 2096 4736 impo-

533 4754 652 4808 sitis
685 4768 967 4808 coercere:
1013 4763 1066 4808 et
1098 4770 1193 4808 eos
1218 4755 1467 4825 quidem,
1499 4757 1626 4827 qui,
1671 4775 1791 4829 quae
1821 4775 1886 4814 ex
1927 4759 2098 4829 capti-

531 4848 696 4902 vitate
725 4845 908 4900 relieta
937 4855 1063 4900 sunt
1094 4845 1340 4902 ﬁdelibus
1360 4890 1375 4915 ,
1407 4851 1655 4920 rapiunt,
1682 4852 1894 4922 magnis
1924 4851 2095 4906 eccle-

532 4939 766 4995 siasticis
791 4939 1351 4995 animadversionihus
1379 4943 1672 5014 castigare;
1710 4945 1802 5014 qui
1829 4959 1935 4998 non
1970 4953 2098 4999 sunt

533 5042 715 5086 autem
797 5030 1064 5100 ejusmodi
1127 5046 1389 5101 rapaces,
1479 5035 1822 5090 mediocriter
1881 5035 2092 5106 punire.

533 5121 894 5189 Quamobrem
941 5135 1007 5174 ex
1058 5119 1144 5174 his
1191 5121 1258 5175 de
1318 5121 1626 5191 hujusmodi
1687 5125 1868 5179 causis
1930 5125 2096 5182 laicos

534 5229 750 5284 qucque
789 5212 1025 5282 episcopi
1065 5213 1162 5266 rite
1193 5213 1452 5282 judicent.
1501 5215 1782 5280 Quomodo
1824 5217 1967 5270 enim
2003 5233 2097 5271 eos

533 5308 794 5376 punient,
839 5305 886 5360 si
926 5321 1034 5360 non
1066 5305 1216 5374 prius
1260 5306 1457 5360 veritas
1489 5308 1836 5377 apparuerit?
1873 5308 2099 5378 Propter

535 5398 817 5452 avaritiam
831 5405 1010 5452 autem
1043 5411 1074 5450 a
1099 5397 1331 5452 ﬁdelium
1355 5399 1736 5454 communione
1751 5399 1984 5470 aliquem
2001 5401 2098 5456 ab-

537 5491 725 5555 dicari,
756 5507 1008 5562 magnum
1040 5501 1141 5557 est,
1174 5499 1228 5546 et
1255 5507 1335 5546 va:
1367 5492 1574 5546 avaris!
1610 5491 1716 5546 Lex
1747 5508 1875 5548 vero
1903 5493 2096 5556 civilis,

535 5594 660 5635 eum
703 5583 796 5651 qui
849 5583 986 5653 rapit
1029 5599 1096 5637 ex
1137 5583 1386 5639 incendio
1430 5584 1512 5638 vel
1560 5599 1626 5639 ex
1668 5583 1826 5639 ruina
1869 5587 2096 5653 aedium,

619 5774 622 5776 η
659 5739 791 5796 Gen.
826 5758 975 5810 mn,
1000 5743 1089 5811 25,
1119 5745 1209 5800 25.
1290 5747 1332 5778 '°
1360 5745 1558 5817 Ephes.
1592 5763 1643 5814 v,
1674 5745 1824 5803 3-13.

2200 4576 2370 4648 ὀργὴν
2391 4575 2483 4630 τοῦ
2523 4575 2655 4628 Θεοῦ
2700 4577 3018 4645 ἐφέλκουσιν
3041 4617 3056 4641 ,
3096 4576 3231 4629 ἀλλὰ
3267 4578 3361 4629 καὶ
3395 4575 3538 4629 κατὰ
3572 4576 3778 4639 παντὸς

2201 4665 2295 4719 τοῦ
2320 4665 2472 4719 λαοῦ.
2517 4665 2731 4718 Τούτων
2774 4665 2944 4728 οὕτως
2990 4665 3220 4735 ἐχόντων
3294 4666 3627 4736 σημείωσαι,
3688 4668 3777 4719 ὅτι

2201 4759 2295 4812 καὶ
2315 4758 2422 4812 ἀπὸ
2459 4757 2558 4828 τῆς
2588 4757 2866 4829 παρούσης
2906 4757 3194 4828 ἐπιστολῆς
3247 4761 3456 4826 ἐφεῖται
3501 4762 3612 4822 τοῖς
3652 4761 3780 4810 ἐπι-

2199 4849 2419 4911 σκόποις
2441 4849 2537 4913 τὰς
2567 4849 2672 4901 τῶν
2697 4849 3030 4902 πλεονεκτῶν
3067 4849 3381 4913 δυναστείας
3427 4848 3780 4902 ἀναστέλλειν

2194 4940 2281 4994 διὰ
2302 4941 2590 5010 ἐπιτιμίων
2609 4958 2622 4970 ·
2659 4941 2898 5004 καὶτοὺς
2928 4941 3024 5012 μὲν
3057 4941 3400 5012 ἁρπάζοντας
3442 4940 3511 4994 τά
3540 4942 3647 4994 ἀπὸ
3675 4942 3781 5011 τῆς

2195 5033 2564 5104 αἰχμαλωσίας
2582 5033 2994 5105 περιλειφθέντα
3026 5035 3324 5106 πράγματα
3346 5035 3454 5089 τῶν
3475 5036 3780 5107 ὁρθοδὸξων

2199 5123 2287 5177 διὰ
2323 5123 2566 5194 μεγάλων
2594 5124 3056 5196 ἐκκλησιαπικιῦν
3094 5126 3440 5198 σωφρονίζειν
3473 5126 3777 5179 κολάσεων·

2199 5216 2323 5277 τοὺς
2347 5214 2402 5266 δὲ
2432 5215 2504 5285 μὴ
2525 5215 2794 5279 τοιούτους
2818 5217 3067 5288 ἆρπαγας
3086 5219 3460 5289 μετριωτέρως
3490 5220 3777 5288 ἐπιτιμᾷν·

2200 5305 2339 5358 ῶστε
2379 5306 2487 5358 ἀπὸ
2535 5305 2788 5359 τοιούτων
2847 5308 2974 5378 περί
3029 5309 3280 5362 τοιούτων
3329 5308 3632 5363 ὑποθέσεων
3675 5310 3783 5363 καὶ

2201 5398 2420 5460 λαῖκοὺς
2440 5397 2750 5468 ἐνδυνάμως
2778 5399 2864 5452 ἵνα
2900 5398 3192 5453 δικάσωσιν
3221 5401 3268 5454 οἰ
3299 5401 3605 5454 ἐπίσκοποι.
3646 5401 3785 5464 Πῶς

2203 5492 2311 5563 γὰρ
2341 5493 2721 5562 ἐπιτιμήσουσι
2765 5492 2986 5557 τούτους
3028 5494 3124 5564 τῆς
3155 5493 3407 5562 ἀληθείας
3441 5492 3514 5564 μὴ
3562 5496 3785 5561 ἀναφα-

2203 5585 2386 5656 νείσης
2407 5585 2707 5655 πρότερον;
2739 5583 2811 5638 Τὸ
2838 5584 2894 5637 δὲ
2926 5584 3013 5638 διὰ
3047 5585 3356 5650 πλεονεξίαν
3389 5584 3787 5657 ἀποκηρύσσει-
