3934 6198
221 335 362 390 1029

1478 332 1812 389 EPISTULA
1853 333 2222 390 CANONICA.

3316 338 3463 395 10ῗο

223 451 347 506 σθαί
370 467 491 504 τινα
519 450 583 503 ἐκ
622 451 720 521 τῆς
751 448 1034 512 κοινωνίας
1062 447 1168 502 τῶν
1216 447 1421 502 πιστῶν
1469 448 1610 519 μέγα
1650 448 1788 511 ἐστὶ,

1894 448 2032 503 intra
2085 464 2288 505 annum
2321 450 2535 521 quidem
2587 451 2639 505 in
2682 452 3045 523 quadruplum
3091 451 3454 508 condemnat:

217 545 312 598 καὶ
338 542 463 597 οὐαὶ
488 544 598 607 τοῖς
627 542 1053 597 πλεονεκτοῦσιν.
1096 540 1153 595 Ὀ
1185 541 1367 613 μέντοι
1406 541 1678 605 πολιτικὸς
1707 540 1792 592 νό-

221 654 319 707 μος
340 639 435 691 τὸν
460 637 772 708 ἁρπάζοντα
800 637 907 690 ἀπὸ
941 634 1267 708 ἐμπρησμοῦ
1308 635 1340 706 ἢ
1378 637 1792 704 καταπεσούσης

216 726 397 791 οἰκίας
424 727 553 781 εἵσω
588 729 685 798 μὲν
712 727 955 780 ἐνιαυτοῦ
989 729 1068 790 εἰς
1101 726 1161 779 τὸ
1193 724 1528 796 τετραπλοῦν
1567 723 1789 778 καταδι-

217 819 406 883 κάζεν
444 819 578 888 μετά
598 818 653 871 δὲ
677 818 767 872 τὸν
797 818 1040 871 ἐνιαυτὸν
1066 818 1144 881 εἰς
1176 817 1236 869 τὸ
1270 815 1494 870 ἁπλοῦν.
1528 816 1637 868 Καὶ
1653 815 1786 869 ἀνά-

215 913 388 982 γνωθι
409 913 469 965 τὸ
487 912 700 985 πρῶτον
723 911 912 980 κεφάλ.
941 908 1034 963 τοῦ
1078 915 1125 963 κ’
1167 908 1346 961 τίτλου
1372 907 1465 960 τοῦ
1494 906 1532 971 ξ’
1562 906 1783 977 βιϐλίου.

214 1003 541 1074 Παρομοίως
570 1003 624 1055 δὲ
650 1000 965 1066 κολάζονται
990 1000 1131 1055 κατά
1156 999 1252 1072 τὴν
1282 997 1627 1070 χρηματικὴν
1668 1015 1787 1051 ποι-

1890 550 2011 611 post
2058 556 2260 595 annum
2302 552 2480 598 autem
2529 545 2582 598 in
2621 546 2896 615 simplum.
2948 544 3013 599 Et
3061 546 3179 615 lege
3220 545 3458 614 primum

1890 646 2012 701 cap.
2070 634 2158 689 tit.
2183 634 2254 690 20
2286 635 2381 691 lib.
2418 649 2486 688 ιι
2557 634 2816 690 Similiter
2856 646 3033 690 autem
3070 637 3373 705 puniuntur
3405 633 3460 687 in

1893 737 2054 793 poena
2081 725 2415 794 pecuniaria,
2450 726 2542 795 qui
2581 728 2649 781 ab
2682 738 2989 797 expugnata
3028 728 3190 782 domo
3218 727 3455 796 rapiunt.

1892 815 2033 871 Dicit
2077 816 2222 871 enim
2271 819 2567 873 secundum
2599 821 2779 875 thema
2808 836 2926 890 cap.
2959 821 2993 874 5
3025 820 3266 890 ejusdem
3317 817 3457 872 tituli

1891 917 1945 962 et
1970 907 2095 963 libri
2125 909 2242 965 haec
2270 925 2554 980 expresse:
2588 912 2645 967 Si
2687 929 2717 968 a
2750 915 2913 968 domo
2940 914 3023 967 vel
3065 914 3186 968 vico
3227 912 3319 982 qui
3362 927 3458 981 op-

1890 1009 2163 1068 pugnatur
2189 1016 2397 1070 raptum
2424 1004 2551 1073 quid
2584 1004 2764 1069 fuerit,
2795 1006 2893 1077 legi
2924 1006 3076 1060 locus
3108 1014 3208 1059 est.

216 1102 320 1172 γῆν
345 1102 437 1153 καὶ
461 1102 508 1153 οἰ
540 1099 646 1154 ἀπὸ
664 1100 839 1162 οἰκίας
862 1095 1399 1168 καταπολεμηθείσης
1430 1093 1784 1165 ἁρπάζοντες.
1812 1093 1950 1163 Φησί
1979 1095 2087 1166 γὰρ
2127 1094 2186 1148 τὸ
2231 1096 2479 1170 δεύτερον
2512 1098 2653 1170 θέμα
2679 1099 2770 1153 τοῦ
2818 1107 2865 1169 γ’
2941 1100 3132 1169 κεφάλ.
3152 1096 3246 1152 τοῦ
3294 1096 3459 1151 αὐτοῦ

214 1195 400 1249 τίτλου
431 1196 525 1248 καὶ
567 1193 766 1264 βιϐλίου
799 1192 969 1246 ταῦτα
1004 1191 1181 1264 ῥητῶς
1204 1207 1217 1220 '
1251 1190 1370 1243 Κᾶν
1408 1188 1515 1241 ἀπὸ
1546 1186 1721 1250 οἰκίας
1758 1187 1790 1258 ἢ
1825 1186 2015 1259 κώμης
2065 1189 2616 1261 καταπολεμουμένης
2659 1193 2880 1263 ἁρπαγῇ
2918 1209 2989 1256 τι,
3015 1190 3165 1263 χώρα
3190 1190 3268 1261 τῷ
3288 1190 3457 1261 νόμῳ.

284 1291 532 1346 ΖΩΝΔΡ.
576 1291 664 1343 Ἐν
685 1288 761 1360 τῷ
794 1288 968 1360 καιρῷ
994 1288 1096 1357 τῆς
1121 1285 1229 1339 τῶν
1272 1284 1562 1357 μαρτύρων
1598 1282 1789 1353 λεηλα-

216 1385 367 1449 σίας,
390 1384 531 1454 τινές
553 1383 659 1437 τῶν
675 1381 1041 1452 διαφυγόντων
1064 1378 1293 1449 ἐπῆλθον
1308 1380 1427 1439 ταῖς
1456 1375 1655 1438 οἰκίαις
1682 1372 1790 1427 τῶν

214 1476 778 1551 αἰχμαλωτισθέντων,
803 1478 895 1530 καὶ
922 1477 1177 1546 ἥρπασαν
1201 1473 1269 1526 τὰ
1296 1471 1443 1543 παρά
1463 1470 1569 1524 τῶν
1596 1469 1793 1541 βαρϐά-

217 1587 332 1641 ρων
375 1568 817 1638 καταλειφθέντα.
858 1567 993 1637 Περὶ
1046 1565 1250 1618 τούτων
1308 1559 1399 1616 οῦν
1446 1560 1790 1632 ἐρωτηθεὶς-ὁ

219 1664 395 1733 μέγας
424 1654 579 1725 οὗτος
621 1660 840 1732 Πατὴρ,
871 1660 1063 1731 φησὶν,
1107 1659 1186 1711 ὅτι
1220 1658 1368 1709 πᾶσα
1409 1652 1687 1717 πλεονεξία
1720 1654 1785 1723 τῇ

215 1752 341 1823 θεία
368 1752 556 1823 Γραφῇ
589 1751 980 1822 ἀπηγόρευται,
1010 1748 1104 1802 καὶ
1128 1750 1187 1801 οὐ
1217 1746 1437 1801 δυνατὸν
1466 1749 1521 1799 ἐν
1546 1747 1642 1816 μιᾷ
1667 1746 1789 1797 ἐπι-

1962 1282 2161 1339 ΖοΝΑιι.
2217 1287 2335 1352 Qua
2384 1296 2704 1356 tempestate
2757 1289 2809 1342 in
2872 1298 3137 1359 martyres
3183 1286 3461 1357 populatio

1888 1376 2272 1443 exercebatur,
2306 1378 2554 1431 nonnulli
2585 1394 2651 1432 ex
2695 1379 2762 1433 iis
2794 1379 2888 1448 qui
2930 1380 3248 1449 eﬂ‘ugcrant,
3285 1377 3459 1446 capti-

1888 1482 2080 1522 vorum
2112 1470 2357 1525 invasere
2394 1472 2607 1538 domos,
2639 1487 2865 1541 quaeque
2910 1487 2941 1527 a
2983 1473 3232 1527 barbaris
3273 1472 3458 1526 relicta

1890 1560 2137 1629 fuerant,
2172 1563 2462 1633 diripuere.
2514 1563 2590 1619 De
2630 1564 2714 1618 his
2745 1565 2925 1633 itaque
2969 1572 3190 1635 rOgatus
3222 1565 3310 1617 hic
3342 1578 3461 1616 ma-

1894 1668 2032 1721 gnns
2058 1651 2236 1719 Pater,
2261 1670 2475 1709 omnem
2508 1654 2789 1709 avaritiam
2820 1654 3014 1710 asserit
3040 1654 3234 1709 divinis
3266 1652 3461 1707 litteris

1896 1744 2269 1811 interdictam,
2303 1762 2403 1801 nec
2442 1747 2558 1800 ﬁeri
2589 1761 2749 1815 posse
2820 1755 2879 1799 ut
2922 1761 3256 1814 quaecunque
3290 1760 3460 1799 sacrae

216 1842 379 1913 στολῇ
414 1841 725 1913 περιλαϐεῖν
759 1842 857 1893 ὅσα
888 1841 1013 1911 περὶ
1047 1837 1353 1904 πλεονεξίας
1385 1836 1632 1907 ήΓραφὴ
1655 1834 1790 1898 διέξ-

1894 1835 2102 1906 pagina:
2129 1836 2196 1891 de
2224 1838 2450 1890 avaritia
2484 1838 2787 1903 disserunt,
2822 1852 2929 1890 una
2956 1837 3180 1905 epistola
3207 1850 3458 1905 compre-

214 1951 354 1988 εισι·
426 1934 701 2005 συντόμως
728 1933 782 1985 δέ
818 1950 1001 2004 φησιν,
1036 1934 1116 1986 ὅτι
1142 1934 1247 1995 πᾶς
1280 1930 1605 1999 πλεονέκτης
1635 1928 1791 1997 ἐκκή-

218 2046 418 2099 ρυκτος
464 2027 565 2097 τῆς
610 2026 933 2096 Ἐκκλησίας
962 2027 1108 2081 ἐστίν
1131 2043 1145 2057 ·
1176 2026 1298 2079 ἀντὶ
1329 2024 1445 2090 τοῦ,
1486 2022 1791 2093 ἀπόϐλητος

216 2122 313 2172 καὶ
336 2119 633 2191 ἀλλότριος.
675 2118 1178 2190 Ἀποκηρύσσεσθαι
1204 2118 1310 2187 γὰρ
1326 2116 1571 2184 λέγονται
1596 2115 1644 2167 οἰ
1665 2115 1789 2179 υἱοὶ,

216 2215 346 2267 δταν
377 2213 443 2265 δι’
472 2211 699 2281 αἰτίαμα
732 2211 829 2282 τῆς
859 2214 1079 2282 γονικῆς
1096 2209 1456 2281 κληρονομίας
1489 2205 1790 2259 ἐκϐάλλων-

216 2324 326 2370 ται,
350 2306 441 2359 καὶ
470 2303 854 2376 ἀλλοτριιῖωται
870 2304 968 2375 τῆς
991 2304 1325 2372 συγγενείας.
1344 2302 1416 2354 Τὸ
1431 2301 1508 2364 δέ,
1530 2302 1587 2353 ἐν
1617 2297 1792 2370 καιρῷ

218 2400 525 2469 συμφορᾶς,
553 2398 680 2450 ὅταν
708 2396 965 2468 ἐθρήνουν
986 2396 1034 2450 οἰ
1064 2395 1339 2467 ἄνθρωποι
1357 2435 1371 2459 ,
1397 2397 1447 2449 οἱ
1475 2394 1571 2465 μὲν
1600 2395 1793 2462 αἰχμα⁸

217 2488 587 2551 λωτισθέντες,
612 2488 662 2540 οἰ
697 2486 753 2540 δέ
778 2486 866 2540 διὰ
896 2486 1022 2549 τοὺς
1041 2487 1273 2550 οἰκείους
1296 2487 1375 2549 εἰς
1401 2484 1641 2538 δουλείαν
1673 2484 1793 2552 ἀγο⁹

220 2581 434 2652 μένους,
467 2581 517 2633 οἱ
542 2580 599 2634 δὲ
619 2578 706 2632 διὰ
723 2578 820 2650 τὴν
855 2578 1107 2651 στέρησιν
1134 2577 1497 2649 πραγμάτων·
1530 2574 1794 2647 τολμῆσαί

218 2689 372 2734 τινας
399 2672 489 2724 τὸν
524 2670 759 2724 τοιοῦτον
790 2670 979 2741 καιρὸν
1008 2669 1323 2739 λογίσασθαι
1347 2669 1567 2739 κέρδους
1582 2668 1790 2738 καιρὸν,

218 2762 431 2816 ἀσεϐῶν
461 2765 606 2815 ἐστιν
636 2761 935 2833 ἀνθρώπων
974 2764 1067 2815 καὶ
1102 2760 1437 2831 θεοπυγῶν,
1474 2761 1637 2831 ῆγουν
1691 2761 1794 2814 ὑπὸ

218 2854 357 2907 Θεοῦ
399 2855 734 2925 μισουμένων
756 2854 847 2907 καί.
869 2854 1045 2924 πάσης
1068 2853 1295 2917 ἀτοπίας
1324 2854 1601 2907 ἐπέκεινα.
1634 2852 1794 2906 ’Ὀθεν

216 2946 365 3012 εδοξε
398 2948 521 3008 τοὺς
558 2945 828 3008 τοιούτους
870 2945 1168 3018 ἐκκηρύξαι
1192 2987 1207 3011 ,
1259 2947 1378 2999 ἀντὶ
1413 2944 1793 3016 τοῦ,φανερῶς

214 3038 468 3102 ἐκδιῶξαι
491 3038 589 3109 τῆς
629 3039 972 3111 Ἐκκλησίας,
999 3040 1091 3094 καὶ
1121 3040 1349 3111 χωρίσαι
1372 3038 1466 3093 τοῦ
1499 3037 1797 3109 πληρώμα-

213 3148 307 3193 τος
335 3130 442 3182 τῶν
467 3130 690 3195 πιστῶν,
717 3131 801 3183 ἵνα
829 3132 901 3202 μὴ
930 3130 995 3183 δι’
1022 3132 1218 3195 αὐτοὺς
1262 3133 1294 3202 ἡ
1333 3131 1469 3202 ὀργὴ
1522 3129 1617 3183 τοῦ
1659 3129 1792 3183 Θεοῦ

215 3222 347 3293 ἔλθῃ
373 3224 462 3275 ἐπὶ
492 3222 717 3286 πάντας,
744 3222 836 3275 καὶ
875 3222 980 3291 πρὸ
1003 3222 1109 3274 τῶν
1139 3222 1431 3276 άλλωνέπὶ
1465 3222 1591 3286 τοὺς
1630 3240 1790 3295 προε-

219 3319 451 3380 στῶτας,
483 3317 556 3387 μὴ
589 3314 975 3386 ἐπιζητοῦντας
1000 3315 1089 3370 καὶ
1112 3314 1459 3381 ἐξετάζοντας
1477 3318 1602 3379 τοὺς
1620 3315 1791 3369 τοιού-

216 3428 360 3473 τους.
390 3391 501 3463 Ιξαὶ
522 3408 802 3480 Γραφικάς
834 3408 1138 3479 μαρτυρίας
1161 3410 1415 3480 παράγει,
1434 3404 1550 3461 εἶτα
1573 3410 1785 3478 ἐπάγει·

218 3505 323 3568 ὅτι,
366 3502 488 3554 Ἐάν
532 3518 701 3564 τινες,
756 3500 845 3553 διά
882 3501 1196 3567 πλεονεξίαν
1234 3502 1610 3574 προλαϐοῦσαν
1641 3504 1791 3567 ,καὶ

220 3595 326 3665 πρὸ
345 3593 444 3663 τῆς
474 3592 581 3645 τῶν
608 3592 896 3664 βαρϐάρων
930 3594 1226 3665 ἐπιδρομῆς
1254 3594 1549 3665 γενομένην
1575 3635 1589 3655 ,
1635 3595 1790 3663 δίκην

218 3685 524 3751 τιννῦντες,
574 3685 634 3737 οὐ
666 3686 824 3756 μόνον
857 3686 955 3739 οὐκ
985 3684 1455 3757 ἐσωφρονίσθησαν
1498 3686 1686 3755 (τοῦτο
1732 3686 1789 3739 δὲ

221 3778 401 3849 διττὴν
434 3778 638 3830 ἔννοιαν
692 3777 1012 3831 ὑποϐάλλει·
1064 3779 1097 3848 ῆ
1136 3777 1243 3847 γὰρ
1275 3775 1448 3845 δίκην
1482 3780 1790 3844 τιννύντες

221 3872 366 3941 λέγει
394 3872 515 3925 ἀντὶ
556 3871 683 3937 τοῦ,
730 3869 1130 3942 τιμωρούμενοι
1176 3868 1324 3940 παρά
1352 3867 1445 3921 τοῦ
1486 3869 1620 3922 Θεοῦ
1644 3912 1659 3934 ,
1703 3870 1790 3925 διὰ

220 3966 435 4028 ἀδικίας
476 3963 850 4035 προλαϐοῦσας
900 3965 1026 4026 τοὺς
1071 3962 1373 4034 βαρϐάρους
1416 3965 1495 4026 εἰς
1522 3965 1789 4035 τιμωρίαν

220 4060 538 4129 κινήσαντος
560 4071 573 4086 ⁸
602 4056 635 4127 ἢ
658 4056 833 4124 δίκην
859 4057 1167 4121 τιννύντες
1195 4056 1315 4109 ἀντὶ
1354 4055 1446 4108 τοῦ
1468 4096 1482 4120 ,
1514 4055 1579 4108 δι’
1613 4058 1790 4108 ἐπιτι-

222 4150 487 4221 μημάτων
538 4148 849 4202 ἐπισκόπων
900 4146 1248 4219 κολαζόμενοι
1284 4147 1372 4201 διὰ
1413 4148 1790 4219 προλαϐοῦσας

217 4242 528 4308 πλεονεξίας
568 4241 667 4294 οὐκ
718 4239 1250 4311 ἐσωφρονίσθησαν)ο
1299 4240 1435 4294 ἀλλὰ
1478 4242 1571 4295 καὶ
1612 4242 1669 4295 ἐν
1713 4242 1790 4314 τῷ

219 4334 397 4407 καιρῷ
428 4334 529 4403 τῆς
554 4335 722 4405 όργῆς
748 4331 842 4386 τοῦ
874 4332 1028 4395 Θεοῦ,
1056 4332 1120 4385 δι’
1149 4334 1214 4403 ἣν
1245 4333 1473 4405 ἐπῆλθον
1500 4335 1550 4387 οί
1586 4334 1790 4407 βάρϐα-

221 4446 321 4499 ροι,
354 4427 546 4497 αὐτῆς
566 4428 644 4490 εἰς
668 4425 975 4490 πλεονεξίαν
1002 4426 1310 4495 ἐκτραπῶσι
1336 4427 1705 4499 κερδαίνοντες
1731 4430 1790 4497 ἐξ

1892 1928 2217 1982 hendantur.
2264 1927 2504 1982 Breviter
2541 1938 2720 1982 autem
2781 1932 2856 1982 ait
2900 1943 3123 1982 avarum
3164 1927 3459 1996 quemlibet

1888 2034 2010 2074 esse
2044 2021 2111 2074 ab
2138 2019 2377 2074 Ecclesia
2406 2020 2744 2085 abdicatum,
2782 2019 2885 2073 hoc
2908 2027 3022 2083 est,
3051 2018 3280 2087 ejectum
3314 2028 3367 2073 et
3397 2034 3460 2072 a-

1889 2111 2114 2168 lienum.
2142 2111 2395 2166 Abdicari
2432 2124 2667 2180 namque
2688 2109 2943 2190 dicuntur
2975 2108 3090 2170 ﬁlii,
3118 2123 3240 2162 cum
3267 2108 3337 2162 ob
3361 2107 3461 2161 ali-

1888 2204 2033 2273 quod
2055 2204 2259 2259 crimen
2292 2218 2322 2256 a
2344 2211 2564 2272 paterna
2601 2201 2911 2255 haereditate
2935 2200 3248 2269 ejiciuntur,
3281 2197 3460 2253 omni-

1888 2310 1994 2365 que
2027 2296 2365 2367 cognationis
2398 2297 2520 2367 jnre
2546 2292 2738 2365 privati
2775 2306 3079 2348 censentur.
3123 2292 3290 2348 Porro
3315 2292 3461 2347 cala-

1890 2389 2095 2443 mitatis
2139 2398 2414 2458 tempore,
2449 2404 2572 2442 cum
2607 2387 2660 2441 in
2703 2388 2848 2442 luctu
2896 2386 3144 2440 homines
3171 2399 3458 2439 versaren-

1890 2494 2014 2545 tur,
2047 2481 2138 2535 alii
2176 2482 2393 2552 quidem
2425 2481 2621 2549 captivi
2660 2480 2873 2550 ipsiinet
2910 2478 3073 2545 facti,
3102 2478 3191 2532 alii
3220 2492 3350 2531 vero
3388 2476 3459 2531 ob

1892 2574 2325 2644 consanguineos
2354 2573 2408 2627 in
2437 2574 2751 2627 servitutem
2786 2572 3081 2637 abductos,
3112 2570 3202 2625 alii
3227 2570 3460 2639 denique

1892 2667 1962 2721 ob
1990 2682 2168 2721 rerum
2209 2683 2430 2721 suarum
2458 2669 2762 2737 jactur-am;
2795 2681 2958 2721 ausos
2994 2665 3163 2720 fuisse
3190 2665 3456 2734 quosdam

1892 2760 2160 2829 ejusmodi
2191 2769 2423 2829 tempus.
2449 2760 2583 2814 lucri
2608 2760 2710 2815 sibi
2736 2758 3071 2814 occasionem
3110 2759 3326 2824 ducere,
3359 2759 3459 2811 ho—

1894 2852 2100 2906 minum
2130 2859 2213 2907 est.
2248 2851 2537 2923 impiorum
2558 2894 2574 2918 ,
2611 2859 2664 2907 et
2699 2851 2806 2907 Deo
2838 2852 3133 2907 invisorum
3155 2893 3169 2916 ,
3210 2852 3324 2907 sive
3351 2850 3460 2905 Deo

1892 2959 2225 3010 exosorum,
2277 2944 2531 3014 quodque
2581 2961 2794 3001 omnem
2851 2955 3069 3014 superat
3116 2946 3454 3013 pravitatem.

1893 3034 2103 3091 Placuit
2135 3037 2319 3107 itaque
2356 3038 2624 3107 ejusmodi
2660 3040 2906 3093 hnmines
2933 3039 3214 3101 abdicare,
3255 3040 3304 3093 id
3339 3050 3457 3101 est,

1896 3130 2072 3199 palam
2102 3130 2389 3185 extrudere
2408 3130 2475 3184 ab
2506 3130 2763 3196 Ecclesia,
2799 3139 2961 3201 atque
2990 3148 3020 3185 a
3055 3131 3288 3185 ﬁdelium
3320 3130 3461 3185 mul-

1890 3224 2117 3279 titudine
2141 3239 2443 3296 segregare,
2465 3241 2532 3279 ne
2552 3235 2768 3296 propter
2790 3226 2935 3297 ipsos
2961 3227 3043 3280 ira
3067 3224 3161 3281 Dei
3187 3228 3239 3281 in
3267 3240 3460 3281 omnes

1891 3314 2203 3379 descendat,
2237 3316 2612 3386 praecipueque
2648 3317 2699 3371 in
2722 3334 2817 3373 eos
2846 3319 2938 3388 qui
2974 3327 3236 3388 przesnnt,
3275 3335 3373 3373 nec
3404 3319 3458 3374 in

1890 3406 2157 3475 ejusmodi
2208 3406 2457 3462 homines
2506 3408 2826 3480 inquirunt,
2873 3419 2966 3464 aut
2998 3411 3288 3467 vindicant.
3337 3409 3457 3467 Mox

1892 3496 2185 3569 Scriptura:
2231 3499 2536 3553 testimonia
2580 3502 2818 3570 profert,
2849 3501 3137 3572 additque:
3175 3503 3233 3558 Si
3263 3504 3356 3573 qui
3388 3505 3460 3559 ob

1888 3590 2065 3645 exacti
2109 3590 2371 3658 temporis
2406 3592 2710 3657 avaritiam,
2740 3600 2794 3647 et
2829 3610 2987 3663 quam
3019 3604 3145 3649 ante
3192 3596 3461 3651 incursio-

1891 3699 2012 3737 nem
2048 3682 2402 3736 barbarorum
2426 3694 2811 3751 exercuerant,
2852 3702 3042 3755 poenas
3069 3688 3457 3757 persolventes,

1890 3787 1997 3825 non
2030 3771 2189 3826 modo
2218 3788 2327 3827 non
2357 3773 2697 3842 resipuerunt
2724 3774 2848 3843 (hoc
2872 3791 2998 3829 vero
3034 3776 3303 3845 duplicem
3336 3793 3461 3831 sen-

1890 3878 2008 3918 sum
2045 3862 2318 3928 admittit,
2364 3874 2457 3919 aut
2488 3865 2631 3919 enim
2672 3882 2850 3935 paenae
2882 3868 3224 3936 prrsulveules
3263 3869 3461 3922 intelli-

1890 3958 1966 4028 git
2000 3958 2069 4012 ob
2095 3958 2419 4026 supplicium
2444 3973 2473 4013 a
2505 3956 2615 4013 Deo
2649 3958 2933 4022 inﬂictuin,
2964 3961 3055 4029 qui
3090 3962 3155 4015 ad
3186 3961 3461 4015 vindiean-
3534 3990 3543 3999 ο

1890 4053 2017 4107 dum
2045 4053 2345 4121 superioris
2373 4055 2629 4124 temporis
2661 4055 2912 4126 injuriam
2950 4056 3235 4111 immiserit
3261 4057 3457 4112 barba-

1890 4163 1981 4201 ros
2007 4186 2021 4211 ,
2068 4159 2162 4204 aut
2204 4150 2455 4204 solventes
2495 4165 2672 4219 poenas
2697 4188 2714 4215 ,
2763 4150 2865 4204 hoc
2896 4159 3014 4214 est,
3058 4150 3457 4220 episcopalibus

1892 4242 2106 4296 muletis
2140 4244 2209 4298 ob
2244 4245 2578 4313 superiorem
2625 4245 2905 4297 avaritiam
2952 4245 3196 4315 castigati
3234 4247 3457 4301 minime

1890 4338 2285 4408 resipuerunt),
2320 4339 2449 4409 quin
2494 4339 2675 4406 potius
2728 4339 2956 4408 ipsomet
2997 4349 3233 4410 tempore
3263 4341 3456 4395 divinae

1889 4429 2202 4495 iracundiae,
2234 4432 2302 4485 ob
2333 4448 2493 4500 quam
2519 4432 2723 4485 irrncre
2750 4431 2986 4493 barbari,
3017 4433 3115 4502 ipsi
3146 4448 3204 4487 se
3237 4434 3302 4487 ad
3334 4448 3456 4487 ava-

220 4522 450 4591 αῖματος
478 4518 695 4591 ὀλέθρου
718 4516 1016 4589 ἀνθρώπων
1048 4518 1363 4572 ἀναστάτων
1393 4522 1718 4591 γενομένων,
1753 4522 1784 4594 ἢ

1894 4521 2068 4574 ritiam
2120 4530 2532 4587 converterunt,
2578 4521 2785 4574 lucrum
2825 4522 2927 4576 sibi
2972 4536 3333 4593 comparantes
3390 4539 3455 4576 ea:

218 4610 577 4683 αἰχμαλώτων
619 4610 1031 4680 πεφονευμένων
1051 4627 1064 4639 ο
1097 4609 1158 4661 τὸ
1193 4609 1247 4661 δὲ
1279 4609 1346 4673 ἐξ
1373 4612 1616 4679 αἵματος
1656 4630 1792 4681 κερ.

219 4703 534 4768 ϐαίνοντες
582 4701 896 4772 ἑρμηνεύων
918 4741 933 4764 ,
969 4702 1214 4771 ἐπήγαγε
1240 4698 1308 4753 τά
1348 4698 1504 4771 ἐξῆς·
1562 4702 1631 4754 Ἢ
1660 4704 1789 4777 γὰρ,

221 4795 409 4865 φησὶν,
442 4794 738 4866 ἀνθρώπων
755 4796 833 4858 εἰς
856 4793 1228 4863 αἰχμαλωσίαν
1256 4792 1637 4862 ἀπαγομένων,
1659 4795 1793 4868 ὅπερ

218 4885 439 4957 ὄλεθρός
471 4887 693 4957 ἐστιν,ἢ
730 4885 1117 4956 ἀναιρεθέντων
1159 4884 1458 4957 ἀνθρώπων
1493 4886 1792 4957 πράγματα

216 4976 612 5047 διαρπάζουσι·
641 4978 693 5031 τί
726 4976 852 5030 ἄλλο
882 4978 986 5048 χρὴ
1017 4977 1273 5041 ἐλπίζειν,
1298 4979 1330 5049 ῆ
1356 4976 1443 5031 διὰ
1474 4977 1574 5048 τὴν
1607 4977 1794 5032 πλεον-

220 5066 371 5131 εξίαν
397 5067 762 5139 ἐπισωρεῦσαι
783 5069 951 5140 ὀργὴν
973 5070 1183 5131 ἑαυτοῖς
1217 5069 1311 5121 καὶ
1346 5067 1508 5120 παντὶ
1542 5067 1618 5139 τῷ
1642 5067 1754 5139 λαῷ
1773 5110 1787 5133 ,

220 5160 389 5230 ῆγουν
414 5159 633 5213 ἑλκύσαι
660 5162 760 5229 τὴν
787 5159 880 5213 τοῦ
906 5160 1039 5213 Θεοῦ
1069 5160 1152 5230 ἐφ’
1196 5160 1419 5223 ἑαυτοὺς
1452 5161 1545 5213 καὶ
1583 5161 1674 5215 ἐπὶ
1699 5160 1791 5213 τὸν

218 5251 380 5316 λαόν;
416 5252 522 5305 Καὶ
563 5252 622 5317 ἐξ
657 5252 895 5325 ἱστορίας
922 5253 979 5306 δέ
1008 5253 1238 5318 παλαιᾶς
1276 5252 1575 5324 ὑπόδειγμα
1608 5271 1789 5325 παρα-

216 5344 433 5415 τίθησιν
455 5385 471 5410 ,
498 5346 578 5398 ὅτι
599 5345 715 5408 ἐνὸς
747 5346 1157 5418 ἁμαρτήσαντος
1183 5344 1366 5399 πολλοί
1399 5344 1783 5416 ἐκολάσθησαν.

1893 4612 2164 4680 sanguine,
2199 4623 2252 4666 et
2281 4613 2516 4683 pernicie
2546 4613 2824 4666 hominum
2849 4630 3079 4683 quorum
3109 4630 3309 4669 eversa:
3342 4612 3454 4667 [οι-η

1893 4714 2036 4759 tunae
2066 4714 2212 4770 sunt,
2242 4706 2324 4760 vel
2356 4707 2689 4775 captivorum
2725 4705 2819 4773 qui
2869 4716 2995 4761 sunt
3044 4706 3343 4774 interfecti;
3396 4715 3455 4761 ut

1893 4806 2072 4849 autem
2110 4795 2237 4850 illud
2269 4797 2580 4863 evpliearet,
2612 4797 2820 4851 lucrum
2848 4798 2951 4852 sibi
2980 4808 3358 4869 comparantes
3386 4814 3455 4854 ex

1892 4884 2154 4955 sanguine
2174 4924 2188 4948 ,
2225 4885 2455 4954 subjecit
2482 4901 2600 4955 quae
2628 4902 2750 4941 mox
2793 4898 3124 4957 sequuntur:
3161 4888 3256 4943 Vel
3286 4892 3455 4957 enim,

1894 4975 2099 5045 inquit,
2153 4977 2431 5031 hominum
2474 4979 2566 5046 qui
2606 4980 2658 5033 in
2693 4980 3002 5034 servitutem
3046 4982 3261 5037 abducti
3295 4994 3455 5048 sunt,

1891 5068 2033 5137 quod
2059 5076 2142 5123 est
2162 5069 2449 5138 pernicies,
2472 5070 2555 5124 vel
2586 5071 2989 5126 interfectorum
3007 5073 3286 5128 hominum
3312 5074 3456 5131 bona

1890 5158 2183 5229 diripiunt:
2223 5159 2351 5228 quid
2386 5160 2533 5215 aliud
2582 5163 2908 5231 sperandum
2951 5172 3054 5230 est,
3087 5164 3191 5219 nisi
3234 5178 3455 5235 prepter

1891 5251 2190 5317 avaritiam,
2221 5252 2322 5306 sibi
2354 5252 2485 5322 ipsis
2514 5268 2577 5306 ac
2610 5254 2860 5307 universo
2890 5254 3088 5323 populo
3120 5255 3255 5310 iram
3290 5273 3453 5311 accu-

1893 5344 2126 5408 mulare,
2152 5344 2255 5399 hoc
2275 5354 2375 5407 est,
2405 5344 2505 5399 sibi
2536 5344 2667 5413 ipsis
2696 5355 2747 5398 et
2776 5346 2971 5415 populo
2995 5345 3088 5401 Dei
3118 5347 3455 5404 iracundiam

219 5435 552 5489 conciliare?
592 5437 767 5507 Atque
818 5439 1123 5509 exemplum
1175 5454 1239 5494 ex
1286 5437 1505 5508 antiqua
1568 5437 1792 5493 historia
1827 5436 2062 5502 adducit,
2114 5439 2169 5492 in
2199 5454 2311 5508 quo
2344 5439 2415 5493 ob
2445 5437 2607 5493 unius
2629 5447 2907 5508 peccatum
2960 5440 3146 5510 plures
3188 5442 3455 5513 supplicio

223 5526 401 5581 affecti
426 5539 571 5583 sunt.

824 5620 1059 5674 ΚΔΝΩΝ
1097 5619 1169 5673 Γ.

298 5729 319 5763 ι
361 5712 474 5765 Οὐκ
520 5712 627 5765 ἰδοὺ
669 5714 840 5785 ’Δχαρ
887 5714 916 5765 ὁ
948 5713 1096 5784 Ζαρᾶ
1133 5710 1476 5784 πλημμελείᾳ
1511 5709 1788 5781 ἐπλημμέ-

317 5804 359 5835 ¹¹
388 5801 501 5857 Jos.
543 5819 642 5856 vn.

2493 5616 2719 5672 CANON
2759 5617 2849 5674 111.

1964 5727 1983 5761 ι
2018 5708 2214 5764 Annon
2257 5724 2383 5767 ecce
2431 5707 2609 5764 Achar
2661 5708 2796 5766 Zare
2838 5711 3045 5769 ﬁlius“
3096 5712 3154 5770 in
3199 5728 3265 5769 eo
3302 5713 3446 5785 quod
