4028 6214
498 359 626 415 1051

1630 337 1691 395 S.
1725 332 2050 394 GREGORII
2087 323 2590 386 THA‘UMATURGI

3573 311 3701 366 1032

503 495 523 525 ι
557 470 864 527 dedicatum
908 468 1045 525 erat,
1097 455 1344 529 peccavit
1385 459 1484 508 :et
1529 448 1589 504 In
1632 460 1848 503 omnem
1889 441 2053 500 Israel
2080 472 2094 508 λ

2215 437 2377 508 λησεν
2408 432 2515 487 ἀπὸ
2541 430 2637 485 τοῦ
2676 425 3047 498 ἀναθὲματος,
3086 422 3182 478 καὶ
3227 419 3321 474 ἐπὶ
3367 420 3548 473 πᾶσαν
3587 434 3708 471 συν-

506 587 526 619 c
567 572 898 637 synagogam
946 554 1027 609 ira
1074 547 1351 622 pervenit?
1393 546 1568 615 Atque
1605 542 1695 597 hic
1733 553 1876 595 unus
1907 535 2056 592 solus

508 678 527 708 ι
571 652 833 727 peccavit.
861 647 955 702 sed
993 660 1100 700 non
1131 641 1281 698 solus
1314 638 1368 692 in
1402 650 1504 693 suo
1533 640 1755 706 peccato
1782 638 1867 687 est
1907 642 2055 684 mor-

511 770 530 800 ι
566 717 712 801 tuus.
761 739 932 797 Nobis
966 744 1147 792 autem
1195 728 1460 801 quidquid
1497 741 1604 782 nou
1639 730 1922 786 nostrum,
1962 717 2060 774 sed

510 860 531 892 ι
571 838 808 893 alienum
849 839 952 896 est,
986 831 1091 884 hoc
1131 836 1373 894 tempore
1413 820 1650 882 lucrum,
1694 814 1808 869 Deo
1842 810 2061 867 dedica-

511 952 531 985 ι
572 940 687 985 tum
721 940 842 983 esse
871 917 1288 979 existimandum
1324 923 1426 970 est.
1458 908 1592 965 Nam
1633 917 1687 963 et
1722 906 1813 961 ille
1840 901 2060 974 quidem

516 1044 535 1075 ι
578 1020 756 1077 Achar
795 1031 863 1072 ex
906 1010 1088 1084 praeda
1119 1006 1349 1077 accepit,
1389 1014 1443 1059 et
1481 1001 1582 1072 ipsi
1611 1013 1756 1054 nunc
1786 1012 1854 1051 ex
1882 993 2060 1065 praeda

515 1133 534 1168 ι
573 1112 862 1182 accipiunt.
892 1107 971 1161 Ac
998 1104 1088 1158 ille
1102 1101 1344 1171 quidem,
1368 1112 1431 1153 ea
1459 1110 1580 1165 quae
1600 1099 1759 1147 erant
1783 1088 2021 1144 hostium
2045 1103 2059 1139 :

516 1228 536 1258 ι
560 1179 795 1276 quivero
811 1212 955 1255 nunc
980 1203 1127 1255 sunt,
1143 1207 1208 1248 ea
1230 1206 1349 1261 quae
1365 1197 1491 1243 sunt
1503 1179 2067 1252 Iratrum,pernicioso

520 1316 539 1349 ι
578 1297 731 1351 lucro
757 1288 1182 1347 lucrifacieutes.
1219 1303 1237 1335 ι

584 1387 744 1442 Βλιε.
779 1385 913 1440 Cum
961 1380 1192 1436 dixisset
1220 1381 1441 1431 sanctus
1486 1387 1516 1425 a
1550 1366 1797 1423 lidelibus
1827 1359 2069 1418 abdicari

514 1495 611 1536 eos
637 1478 730 1549 qui
775 1475 995 1545 rapiunt
1037 1486 1157 1542 quae
1185 1469 1251 1522 ad
1283 1467 1527 1536 captivos
1573 1460 1864 1531 pertinent,
1903 1463 1957 1509 et
2000 1468 2068 1508 ex

517 1569 801 1628 barbarica
846 1565 1027 1637 praeda
1073 1562 1256 1617 relicta
1302 1557 1554 1618 fuerunt;
1584 1551 1810 1621 etquod
1856 1553 2072 1618 propter

517 1679 614 1720 eos
634 1662 727 1732 qui
767 1636 861 1714 sic,
886 1671 1027 1727 saepe
1054 1654 1190 1724 lapsi
1227 1660 1281 1706 ct
1306 1648 1528 1704 minime
1561 1641 1797 1712 correpti
1832 1646 1981 1701 sunt,
2017 1636 2073 1689 in

522 1755 780 1828 populum
810 1762 1026 1822 quoque
1053 1748 1131 1801 ira
1161 1743 1254 1798 Dei
1285 1738 1619 1797 accumulata
1648 1737 1753 1801 sit;
1785 1732 1853 1787 ad
1881 1744 2069 1786 eorum

522 1821 992 1903 conﬁrmationem
1045 1836 1255 1892 inducit
1293 1833 1472 1888 Achar
1519 1827 1801 1884 historiam
1836 1825 1890 1879 in
1934 1821 2074 1877 libro

520 1934 648 1991 Jesu
676 1932 820 1987 Nave
839 1928 1186 1997 descriptam.
1216 1922 1410 1977 Narrat
1430 1919 1572 1974 enim
1599 1917 1744 1987 quod
1772 1929 1895 1969 cum
1919 1911 2077 1967 Jesus

524 2024 926 2098 pronuntiasset
953 2020 1135 2075 omnia
1168 2015 1279 2071 Deo
1310 2028 1431 2069 esse
1455 2010 1699 2066 dedicata
1727 2007 1923 2078 spolia,
1955 2019 2079 2075 qua:

523 2094 590 2172 ex
618 2114 836 2171 Jericho
869 2121 1024 2180 capta
1054 2118 1256 2171 essent,
1302 2104 1479 2159 Achar
1514 2110 1801 2172 postquam
1834 2098 1966 2152 urbs
1992 2094 2081 2151 Je-

526 2208 680 2264 ricbo
713 2214 868 2275 capta
900 2211 1061 2264 esset,
1096 2215 1258 2254 aurea
1289 2198 1471 2267 lingua
1498 2203 1552 2250 et
1579 2195 1760 2265 aliqua
1788 2200 1935 2246 veste
1962 2204 2084 2244 sur-

530 2307 701 2370 repta,
735 2312 799 2353 ea
826 2293 1020 2350 infudit
1050 2293 1104 2348 in
1127 2307 1229 2348 suo
1263 2289 1513 2347 tentorio.
1548 2285 1686 2342 Cum
1725 2292 1904 2339 autem
1940 2280 2083 2337 Deus

529 2400 812 2465 propterea
845 2385 1264 2449 succensuissct,
1296 2384 1348 2437 in
1382 2396 1447 2435 eo
1490 2379 1631 2434 bello
1664 2376 1920 2432 Israelita:
1953 2372 2081 2427 victi

530 2490 679 2539 sunt.
709 2480 847 2546 Quia
868 2485 1047 2531 autem
1078 2491 1183 2530 non
1215 2471 1500 2528 manifesta
1524 2476 1642 2524 erat
1673 2469 1763 2521 ira:
1784 2464 1877 2520 Dei
1899 2477 2084 2527 causa,

536 2576 704 2630 missa
738 2581 822 2628 est
849 2584 992 2635 sors,
1026 2576 1081 2622 et
1112 2566 1308 2623 cecidit
1348 2578 1512 2634 super
1543 2560 1741 2616 Achar.
1777 2558 1868 2613 Ille
1906 2564 2085 2611 autem

536 2649 925 2734 interrogatus,
948 2657 1151 2713 furtum
1179 2654 1463 2711 confessus
1486 2660 1591 2716 cst,
1625 2660 1678 2705 et
1706 2665 1826 2720 qua:
1843 2655 2089 2717 surrepta

536 2764 687 2823 sunt,
726 2753 982 2826 protulit;
1034 2758 1090 2806 et
1126 2748 1395 2819 lapidibus
1447 2745 1675 2800 obrutus
1725 2751 1809 2796 est
1852 2741 1962 2811 ipse
1988 2779 2004 2804 ,
2039 2745 2093 2793 et

537 2862 727 2902 omnes
758 2845 863 2909 sui,
890 2854 943 2899 et
971 2842 1246 2907 animalia,
1274 2848 1328 2894 et
1353 2846 1462 2892 tota
1492 2836 1610 2906 ejus
1635 2833 1895 2904 supellex.
1924 2829 1988 2884 Et
2012 2828 2095 2883 di-

537 2941 613 2995 cit
646 2956 661 2993 :
685 2936 824 2994 Ecce
851 2950 991 2988 unus
1022 2932 1290 3003 peccavit,
1320 2938 1456 2984 ctex
1483 2943 1549 2981 eo
1578 2925 1721 2996 quod
1754 2922 1863 2979 Deo
1881 2920 2096 2977 dedica-

538 3044 652 3087 tum
681 3038 783 3094 est,
812 3025 1060 3091 sustulit;
1089 3032 1143 3078 et
1172 3029 1391 3092 propter
1416 3019 1562 3073 illius
1602 3023 1906 3087 peccatum,
1936 3010 2094 3067 multi

2159 548 2179 581 ι
2218 503 2437 597 αγωγὴν
2513 521 2727 595 Ἰσραὴλ
2759 517 2989 589 ιγενήθη
3029 517 3064 587 η
3095 514 3268 587 ὀργῆς
3324 510 3436 565 Καὶ
3478 503 3561 573 εἷς
3621 511 3713 581 μό-

2161 636 2179 670 ι
2215 634 2304 681 νος
2333 608 2486 676 οὗτος
2511 612 2746 683 ἥμαρτε,
2778 607 2852 680 μὴ
2888 606 3044 676 μόνος
3070 601 3336 656 ἀπέθανεν
3365 599 3422 651 tv
3449 601 3517 670 τῇ
3540 599 3714 669 ἁμαρ.

2162 728 2182 763 ι
2219 709 2313 781 τίς.
2351 702 2536 760 αὑτοῦ.
2594 702 2753 771 Ἡμῖν
2789 698 2847 751 δὲ
2893 696 3001 749 πᾶν
3030 693 3091 746 τδ
3126 692 3200 764 μὴ
3236 689 3537 763 ἡμέτερον,
3581 686 3716 741 ἀλλα

2164 821 2183 855 ι
2222 800 2515 870 ἀλλότριον,
2549 793 2625 866 τῷ
2651 791 2824 864 καιρῷ
2846 787 3020 859 τούτῳ
3056 784 3265 857 κέρδος,
3298 782 3544 851 ἀνάθεμα
3571 795 3717 834 νενοσ-

2166 916 2185 949 ι
2228 894 2413 967 μίσθαι
2455 891 2734 964 προσήκει.
2778 884 3042 944 Κάκεῖνος
3095 880 3193 950 μὲν
3227 876 3336 949 γὰρ
3373 877 3402 928 6
3451 874 3629 943 Ἀχαρ
3656 871 3720 924 ὲκ

2167 1006 2185 1038 ι
2225 961 2327 1057 τῆς
2359 961 2633 1054 προνομῆς
2664 976 2851 1032 ἐλαϐε-
2888 975 2981 1027 κα).
3011 969 3163 1025 αὐτοὶ
3192 967 3287 1022 νῦν
3318 967 3382 1019 ὲκ
3415 961 3719 1036 προνομῆςο

2169 1100 2187 1132 ι
2224 1051 2472 1140 κάκεῖνος
2631 1070 2702 1125 τὰ
2725 1069 2833 1124 τῶν
2874 1062 3169 1136 πολεμίων,
3204 1061 3254 1114 οἰ
3295 1057 3353 1110 δὲ
3388 1055 3482 1110 νῦν
3509 1053 3579 1108 τά
3615 1051 3722 1106 τῶν

2169 1192 2190 1226 ι
2230 1169 2493 1241 ἀδελφῶν,
2527 1163 2897 1238 κερδαίνοντες
2923 1157 3163 1230 ὀλέθριον
3191 1152 3398 1224 κέρδος.
3429 1167 3449 1203 ι

2239 1354 2431 1408 ΒΑΔΣ.
2478 1344 2660 1403 Εἰπὼν
2701 1346 2731 1399 6
2785 1342 2938 1412 ἅγιος
2983 1331 3453 1408 ἀποκηρύττεσθαι
3501 1330 3566 1382 ὲκ
3617 1326 3724 1380 τῶν

2171 1447 2374 1504 πιστῶν
2420 1444 2547 1507 τοὺς
2596 1437 2946 1512 ἁρπάσαντας
2995 1432 3063 1486 τά
3103 1433 3214 1493 τοῖς
3254 1421 3725 1497 αἰχμαλιιπισθεῖσι

2169 1540 2508 1611 διιφὲροντα,
2552 1536 2644 1588 καί
2676 1530 2781 1585 ἀπὸ
2809 1529 2905 1600 τῆς
2949 1523 3286 1597 βαρϐαρικῆς
3312 1517 3601 1589 λεηλασίας
3632 1530 3727 1567 πε-

2176 1605 2533 1707 ριλειςρθὲντα,
2578 1624 2673 1680 καὶ
2704 1624 2786 1677 ὅτι
2816 1618 2907 1674 διά
2943 1618 3068 1680 τοὺς
3098 1614 3240 1668 οὕτω
3276 1608 3530 1672 πολλάκις
3574 1605 3730 1660 πταί-

2177 1700 2370 1786 σαντας
2411 1721 2506 1775 καὶ
2554 1717 2627 1790 μὴ
2675 1711 3079 1787 διορθωθέντας,
3131 1706 3224 1759 καὶ
3266 1705 3344 1767 εἰς
3394 1702 3485 1755 τὸν
3524 1700 3650 1753 λαὸν
3694 1701 3726 1770 ἠ

2105 1789 2146 1845 Β
2175 1812 2412 1888 ὁργὴτοῦ
2436 1808 2569 1864 Θεοῦ
2592 1789 2951 1876 ἐπισωρευθῇ,
2972 1796 3215 1868 ἐπιφέρει
3244 1793 3378 1867 πρὸς
3395 1789 3731 1860 κατασκευὴν

2175 1881 2376 1959 τούτων
2409 1899 2504 1972 τὴν
2534 1901 2592 1951 tv
2630 1899 2695 1967 τῇ
2745 1893 2910 1966 βίϐλῳ
2944 1887 3037 1942 τοῦ
3089 1884 3261 1957 Ἰησοῦ
3303 1882 3395 1937 τοῦ
3438 1881 3597 1951 Ναυῆ
3638 1896 3733 1947 γε-

2180 1969 2499 2066 γραμμένην
2530 1986 2765 2057 ἱστορίαν
2784 1976 3025 2051 περὶτοῦ
3058 1976 3252 2047 Ἀχαρ.
3302 1969 3735 2043 ἰστορεῖταιγὰρ

2179 2058 2253 2149 ῶς
2278 2058 2371 2138 τοῦ
2407 2058 2577 2152 Ἰησοῦ
2601 2072 3059 2144 ἐπαγγειλαμένου
3087 2064 3475 2136 ἀνατεθειμένα
3503 2058 3641 2115 εἶναι
3662 2059 3737 2129 τῷ

2179 2176 2298 2248 Θεῷ
2345 2151 2522 2228 πάντα
2567 2170 2637 2223 τά
2684 2169 2790 2223 ἀπὸ
2833 2166 2931 2236 τῆς
2985 2158 3329 2234 Ἱεριχοῦντος
3373 2151 3737 2224 σκυλευθησό-

2185 2245 2337 2342 μενα,
2383 2269 2411 2321 ὁ
2446 2266 2621 2335 ’Δχαρ
2655 2259 2793 2333 μετά
2827 2258 2923 2329 τὴν
2969 2255 3164 2309 ἅλωσιν
3208 2251 3307 2322 τῆς
3338 2247 3541 2310 πόλεως
3580 2245 3739 2317 Ἱερι-

2182 2335 2420 2434 ᾆίοῦντος,
2468 2355 2711 2425 γλῶτταν
2755 2350 2958 2421 χρυσῆν
3003 2346 3097 2400 καὶ
3126 2339 3354 2412 ὓφασμά
3385 2357 3437 2392 τι
3470 2335 3738 2407 ὑφελόμε-

2183 2470 2290 2517 νος,
2342 2448 2645 2518 κατέχωσεν
2697 2440 2832 2496 αὐτὰ
2886 2440 2944 2491 tv
2980 2440 3047 2508 τῇ
3099 2436 3272 2504 σκηνῇ
3313 2429 3497 2484 αὑτοῦ.
3563 2428 3743 2499 Ὀργιο

2188 2544 2399 2606 σθέντος
2437 2517 2503 2593 δὲ
2541 2536 2634 2591 τοῦ
2683 2533 2817 2588 Θεοῦ
2866 2529 2952 2584 διὰ
2984 2528 3160 2592 τοῦτο,
3207 2522 3516 2596 ἡττήθησαν
3571 2520 3629 2571 tv
3668 2517 3743 2587 τῷ

2188 2636 2405 2707 πολέμῳ
2448 2634 2496 2686 οἱ
2553 2626 2895 2700 Ἰσραηλῖται.
2942 2622 3060 2674 ’Ότι
3098 2619 3154 2671 δὲ
3191 2615 3382 2687 ἀδηλος
3415 2609 3482 2684 ῆν
3510 2614 3545 2683 ἡ
3600 2608 3745 2662 αἰτία

2186 2727 2285 2797 τῆς
2315 2699 2482 2796 όργῆς
2514 2720 2606 2775 τοῦ
2631 2699 2787 2779 Θεοῦ,
2819 2714 3005 2784 γέγονε
3039 2708 3258 2779 κλῆρος,
3292 2704 3388 2758 καὶ
3428 2702 3626 2754 ἔπεσεν
3656 2699 3745 2751 ἐπὶ

2312 2787 2504 2886 Ἅγαρ.
2536 2812 2817 2871 Κάκεῖνος,
2868 2800 3304 2874 ἀνακρινόμενος,
3345 2792 3661 2865 ὡμολόγησε
3688 2787 3746 2840 τὸ

2193 2877 2415 2979 κλέμμα
2441 2877 2535 2956 καὶ
2563 2899 2631 2954 τὰ
2661 2895 2934 2952 κλαπέντα
2966 2890 3301 2963 προσήνεγκε
3320 2900 3332 2916 ·
3370 2883 3464 2936 καὶ
3510 2877 3745 2957 ὲλιθοδο-

2192 2968 2350 3071 λήθη
2374 2994 2533 3056 αὑτός
2566 3008 2626 3044 τε
2665 2988 2756 3042 καὶ
2797 2984 2997 3046 πάντες
3037 2981 3087 3034 οἱ
3136 2977 3264 3048 περ)⁵
3304 2973 3500 3037 αὐτὸν,
3543 2971 3640 3025 καὶ
3678 2968 3745 3023 τὰ

541 3063 652 3087 tum
681 3063 783 3094 σδι,
812 3063 1060 3091 ουοιυι-ι,
1090 3063 1143 3078 νυ
1173 3063 1382 3092 iuvi"...
1416 3063 1561 3073 .........
1604 3063 1906 3087 r---_-_-_-,
1939 3063 2027 3067 ..-η
2060 3063 2071 3065 _

540 3122 817 3194 perierunt
842 3118 896 3171 in
920 3115 1082 3178 bello,
1114 3128 1179 3167 ex
1207 3126 1476 3182 synagoga
1508 3124 1602 3164 seu
1643 3114 1783 3161 cmtu
1825 3102 2094 3158 Israelita-

2197 3091 2330 3156 ζῶα,
2358 3086 2621 3151 καὶπᾶσα
2661 3083 2695 3153 ἡ
2721 3076 2993 3148 ὑποσκευὴ
3026 3072 3208 3127 αὑτοῦ.
3247 3068 3356 3123 Καί
3388 3081 3575 3137 φησιν,
3619 3063 3745 3117 Ἰδοὺ

2224 3177 2251 3194 ν
2308 3180 2329 3194 ιο
2498 3192 2508 3194 _
2591 3171 2676 3194 --Α
2729 3167 2971 3194 .I.--n--..
3013 3163 3118 3194 ιιι-λ
3154 3159 3248 3194 ιιι-ἢῆ
3295 3155 3631 3194 ἢυηηέηητηξ
3675 3150 3745 3194 τῶ

546 3227 666 3268 rum
696 3229 709 3265 :
739 3219 792 3265 et
821 3221 1013 3261 rursus
1045 3204 1177 3258 ultio
1207 3202 1344 3256 facta
1374 3211 1475 3264 est,
1498 3214 1603 3250 non
1631 3196 1683 3250 in
1714 3196 1866 3249 illum
1898 3192 2092 3254 solum,

543 3304 640 3360 sed
670 3305 723 3355 in
756 3313 947 3353 omnes
981 3309 1133 3351 suos.
1177 3292 1269 3345 Eis
1295 3300 1472 3344 autem
1517 3287 1609 3357 qui
1653 3283 1790 3339 forte
1817 3283 2094 3344 dixerant,

543 3408 667 3451 esse
693 3387 1049 3447 differentiam
1077 3398 1263 3440 eorum
1295 3396 1415 3452 qua:
1449 3378 1557 3432 Deo
1586 3376 1830 3431 dedicata
1863 3372 2094 3437 fuerant,

545 3494 601 3539 et
629 3496 817 3538 eorum
847 3492 967 3549 quae
1003 3477 1068 3531 ad
1102 3474 1339 3545 privatos
1377 3470 1588 3539 aliquos
1625 3465 1925 3536 pertinent,
1961 3461 2099 3515 resi-

548 3577 641 3629 stit
666 3581 917 3636 sanctus;
943 3577 996 3622 et
1020 3564 1256 3621 ostendit
1278 3564 1417 3616 hanc
1443 3560 1688 3630 rapinam
1715 3569 1838 3611 esse
1866 3553 1955 3608 illa
1979 3566 2101 3606 ava-

550 3664 673 3719 ritia
722 3660 1043 3717 deteriorem
1073 3674 1086 3709 :
1123 3662 1177 3707 et
1206 3652 1350 3724 quod
1382 3664 1446 3705 eo
1491 3658 1732 3717 tempore
1760 3658 1869 3713 quo
1911 3638 2104 3711 praedae

550 3755 621 3809 ab
646 3752 895 3808 hostibus
924 3757 1175 3819 aguntur,
1202 3759 1292 3800 res
1321 3742 1550 3797 fratrum
1584 3738 1804 3802 relictre,
1846 3744 2103 3803 tanquam

553 3847 662 3903 Deo
688 3844 947 3901 dedicata:
981 3845 1300 3912 reputantur
1327 3854 1341 3890 :
1364 3842 1419 3890 et
1450 3831 1616 3904 quod,
1656 3827 1906 3900 quamvis
1928 3840 2108 3896 aequm

554 3941 758 3995 Iitatcm
803 3935 1067 3999 habeant,
1098 3947 1219 4002 quae
1266 3928 1334 3983 ab
1364 3926 1546 3982 Achar
1583 3924 1794 3991 direpta
1827 3918 1977 3973 fuere
1998 3956 2014 3980 ,
2056 3926 2109 3970 et

556 4046 677 4102 qua:
701 4029 769 4084 ab
798 4028 880 4082 eis
909 4034 1055 4095 rapta
1093 4031 1221 4078 sunt
1240 4060 1255 4085 ,
1289 4027 1570 4090 propterea
1615 4014 1758 4085 quod
1799 4020 1854 4066 et
1884 4019 2111 4078 utraque

557 4141 623 4180 ex
676 4120 1004 4194 praedatione
1068 4116 1150 4171 vel
1198 4112 1506 4182 captivitate
1582 4113 1894 4176 comparata
1953 4111 2108 4165 sunt;

559 4230 749 4270 eorum
800 4220 982 4266 tamen
1033 4208 1188 4276 culpa
1243 4202 1419 4272 major
1475 4209 1576 4255 est.
1621 4198 1797 4252 Achar
1841 4194 1984 4248 enim
2030 4205 2139 4245 ταδ’

564 4306 799 4362 hostium
830 4300 1093 4358 abstulit:
1124 4299 1159 4352 ii
1188 4304 1369 4351 autem
1409 4306 1550 4363 quos
1584 4290 1741 4361 plura
1772 4283 2007 4341 habendi
2043 4282 2112 4335 li-

563 4399 690 4455 bido
719 4412 865 4452 nunc
894 4392 1110 4456 invasit,
1142 4390 1284 4443 bona
1319 4385 1546 4440 fratrum
1573 4386 1901 4452 rapuerunt;
1926 4389 2114 4431 eorum

2196 3150 2274 3244 εἷς
2304 3150 2537 3250 ἥμαρτε,
2590 3150 2692 3225 καὶ*
2729 3167 2973 3238 ὑφείλετο
3011 3163 3119 3217 ἀπὸ
3154 3159 3248 3214 τοῦ
3295 3155 3631 3224 ἀναθέματος
3675 3150 3753 3221 τῷ

2195 3240 2455 3342 ’καὶ
2485 3266 2572 3319 διὰ
2608 3254 2705 3334 τὴν
2730 3256 3000 3331 ἁμαρτίαν
3036 3253 3242 3308 ἐκείνου
3277 3246 3555 3303 ἀπώλοντο
3596 3245 3653 3296 tv
3676 3240 3753 3312 τῷ

2198 3329 2415 3431 πολέμῳ
2447 3355 2629 3411 πολλοὶ
2660 3329 2724 3406 εκ
2883 3342 3202 3413 συναγωγῆς
3228 3337 3335 3392 τῶν
3374 3329 3749 3406 Ἰσραηλιτῶν·

2200 3452 2290 3506 καὶ
2318 3421 2475 3510 αὖθις
2504 3446 2537 3515 ἡ
2566 3441 2836 3511 ἐκδίκησις
2864 3435 3083 3506 γέγονεν
3104 3431 3204 3484 οὐκ
3233 3428 3313 3490 εἰς
3339 3427 3542 3478 ἐκεῖνον
3578 3421 3754 3493 μόνον,

2200 3541 2333 3598 ἀλλά
2360 3539 2452 3593 καὶ
2477 3512 2556 3601 εἰς
2589 3535 2790 3594 πάντας
2829 3528 2952 3590 τοὺς
2985 3523 3213 3577 ἐκείνου.
3238 3516 3382 3590 Πρὸς
3418 3515 3475 3568 δὲ
3500 3513 3594 3566 τὸν
3630 3512 3757 3574 ίσως

2202 3633 2421 3691 εἰπόντα
2450 3624 2708 3697 διαφορὲν
2741 3618 2876 3674 εἶναι
2910 3616 3019 3670 τῶν
3062 3608 3490 3679 ἀνατεθειμὲνων
3523 3602 3605 3675 τῷ
3640 3600 3759 3671 Θεῷ

2205 3734 2299 3789 καὶ
2329 3730 2436 3784 τῶν
2467 3723 2824 3796 διαφερόντων
2860 3717 3117 3777 ἰδιώταις,
3151 3708 3597 3766 ἀντικαθίσταται
3622 3706 3652 3757 6
3696 3704 3759 3756 a-

2204 3843 2343 3898 γιος,
2388 3823 2482 3878 καί
2514 3812 2905 3877 κατασκευάζει
2945 3806 3164 3879 χείρονα
3201 3801 3416 3871 ἐκείνης
3451 3798 3550 3867 τῆς
3604 3793 3763 3847 πλεο-

2206 3885 2384 3985 νεξίας
2415 3910 2553 3970 εἶναι
2579 3911 2676 3982 τὴν
2706 3903 2981 3979 παροῦσαν
3001 3896 3280 3971 ἁρπαγήν
3310 3895 3392 3947 ὅτι
3418 3907 3478 3945 τε
3505 3888 3576 3943 τὰ
3610 3890 3666 3942 ὲν
3688 3885 3766 3958 τῷ

2209 3979 2384 4084 καίρῷ
2413 4008 2510 4078 τῆς
2547 3979 2835 4072 λεηλασίας
2865 3994 2971 4049 τῶν
3021 3989 3307 4063 βαρϐάρων
3354 3979 3767 4073 περιλειφθέντα

2211 4070 2507 4175 πράγματα
2563 4070 2669 4148 τῶν
2730 4086 2969 4158 ἀδελφῶν
3001 4127 3014 4152 ,
3096 4083 3172 4146 ὡς
3237 4070 3631 4146 ἀνατεθειμένά
3688 4070 3768 4142 τῷ

2212 4194 2329 4265 Θεῷ
2358 4190 2687 4261 λογίζονταιυ
2726 4183 2818 4237 καὶ
2847 4182 2927 4233 ὅτι
2954 4179 3056 4232 κᾶν
3088 4175 3307 4244 ἰσότητα
3333 4170 3495 4241 ἔχωσι
3524 4165 3598 4220 τὰ
3620 4163 3772 4236 παρά

2211 4258 2319 4342 τῶν
2365 4258 2540 4354 ’Ἅγαρ
2576 4272 2977 4345 ἀποσυληθέντα
3022 4269 3113 4323 καὶ
3149 4264 3218 4319 τά
3258 4262 3406 4333 παρά
3436 4258 3644 4314 τούτων
3673 4258 3773 4326 ἀρ-

2216 4347 2475 4447 παγέντα,
2500 4347 2587 4427 διὰ
2620 4369 2682 4422 τὸ
2713 4370 2776 4441 ὲκ
2811 4361 3086 4437 προνομῆς
3121 4360 3238 4430 ῆτοι
3277 4350 3650 4425 αἰχμαλωσίας
3679 4347 3775 4402 καὶ

565 4492 949 4550 calamitatem,
982 4486 1191 4539 lucrum
1234 4478 1598 4550 perniciosum
1631 4473 1755 4528 rati.
1793 4468 1932 4524 Nota
1979 4482 2094 4537 prae

2219 4440 2498 4544 ἀμξρότερα
2544 4440 3023 4532 ἀποκερδανθῆναι,
3069 4451 3179 4506 ἀλλ’
3213 4451 3247 4522 ἡ
3276 4450 3338 4501 ὲκ
3384 4443 3588 4498 τούτων
3628 4440 3775 4494 αἰτία

568 4592 774 4641 sentem
813 4590 1076 4633 canonem
1123 4580 1339 4644 propter
1367 4586 1461 4625 eos
1494 4568 1586 4639 qui
1625 4582 1712 4622 res
1757 4564 2116 4620 Ecclesiarum

568 4685 624 4730 et
648 4668 1103 4727 monasteriorum
1134 4664 1370 4734 rapiunt,
1394 4671 1470 4727 et,
1501 4670 1559 4714 ut
1581 4658 1747 4714 semel
1775 4658 1972 4722 dicam,
1995 4673 2121 4727 pro-

570 4778 690 4838 pter
718 4777 814 4817 eos
841 4759 936 4830 qui
958 4772 1077 4828 quae.
1115 4765 1241 4812 sunt
1269 4753 1380 4810 Deo
1408 4752 1675 4817 dedicata,
1711 4759 1967 4819 tanquam
1996 4761 2121 4816 pro-

572 4856 691 4929 pt'ia
724 4853 1014 4908 vindicant.

2227 4528 2607 4632 μείξωνεστίν.
2656 4528 2832 4619 Ὀμὲν
2858 4546 2965 4614 γὰρ
2994 4543 3170 4612 Ἀχαρ
3197 4537 3305 4591 τῶν
3335 4533 3607 4604 πολεμίων
3630 4528 3778 4599 ὑφεί-

2222 4620 2371 4704 λετο·
2418 4647 2467 4699 oi
2514 4645 2570 4699 δὲ
2615 4641 2709 4696 νῦν
2755 4635 3237 4705 πλεονεκτήσαντες
3281 4626 3353 4681 τά
3383 4627 3491 4680 τῶν
3532 4620 3780 4693 ἀδελφῶν

2224 4737 2488 4813 ἥρπαζον,
2521 4736 2618 4807 τὴν
2648 4729 2926 4804 συμφορὰν
2946 4726 3145 4781 τούτων
3166 4721 3351 4794 κέρδος
3381 4718 3622 4791 ὀλέθριον
3643 4718 3782 4786 ἡγη-

2230 4809 2471 4904 σάμενοι.
2502 4830 2574 4898 Ση
2584 4826 2811 4899 μείωσαι
2835 4819 2904 4874 τὰ
2924 4817 3162 4888 παρόντα
3180 4813 3266 4869 διὰ
3287 4812 3411 4874 τοὺς
3436 4809 3783 4881 ἁρπάζοντας

576 4899 691 4929 ιη...
734 4899 1014 4908 ......-----,-

573 4956 642 5011 τὰ
683 4951 791 5007 τῶν
841 4945 1170 5019 Ἐκκλησιῶν
1218 4944 1311 4998 καὶ
1342 4944 1412 4995 τά
1457 4939 1564 4993 τῶν
1606 4937 2005 5011 μοναστηρίων,
2039 4934 2133 4988 καὶ
2157 4899 2340 4994 ἁπλῶς
2362 4926 2583 4988 διάτοὺς
2608 4918 2931 4990 ἰδιουμένους
2970 4913 3145 4966 πάντα
3183 4908 3252 4963 τὰ
3281 4903 3670 4975 ἀνατεθειμένα
3698 4899 3786 4969 τῷ

578 5045 715 5117 Θεῷ.

647 5113 847 5192 iussn.
897 5131 1164 5200 Scriptum
1203 5134 1285 5181 est
1314 5125 1368 5178 in
1410 5124 1553 5179 libro
1600 5120 1727 5176 Jcsu
1774 5116 1939 5181 Nave,
1979 5113 2125 5184 quod

581 5247 704 5287 cum
761 5227 1033 5282 obsideret
1073 5222 1233 5276 Jesus
1275 5218 1513 5280 Iericho,
1557 5222 1891 5285 quaecunque.
1941 5208 1994 5262 in
2039 5208 2128 5261 illa

581 5331 757 5388 erant,
787 5319 895 5374 Deo
927 5317 1168 5373 dedicata
1194 5308 1579 5382 pronuntiavit.
1616 5304 1928 5373 Expugnata
1950 5308 2130 5354 autem

585 5415 740 5477 urbe,
778 5411 958 5464 Achar
991 5406 1205 5462 sublato
1244 5415 1378 5454 auro
1412 5413 1475 5452 ac
1516 5394 1747 5465 quodam
1775 5389 2090 5444 indumento
2112 5426 2128 5451 ,

587 5503 676 5557 illa
696 5474 748 5555 in
775 5515 873 5556 suo
888 5494 1229 5553 tabernacqu
1243 5484 1641 5552 defodit.Quam
1658 5474 1728 5538 ob
1750 5495 1970 5536 causam
1993 5478 2132 5530 irato

590 5591 717 5654 Deo,
754 5589 880 5645 victi
912 5601 1038 5643 sunt
1078 5586 1132 5639 in
1165 5584 1304 5638 bello
1334 5587 1457 5651 post
1500 5579 1613 5630 haec
1642 5572 1919 5633 lsraelitae,
1952 5566 2134 5623 multi-

590 5698 696 5749 que
738 5681 995 5735 cecidere.
1032 5676 1201 5730 Porro
1250 5688 1374 5728 cum
1410 5669 1606 5724 divinae
1643 5663 1940 5719 iracundiae
1970 5673 2134 5714 causa

593 5780 937 5847 quaereretur,
955 5769 1138 5824 missis
1165 5766 1402 5822 sortibus
1422 5762 1597 5818 Achar
1614 5767 1696 5814 est
1710 5756 2017 5828 designatus
2040 5771 2052 5806 :
2073 5766 2134 5805 ac

2303 5104 2540 5159 ZQNAP.
2589 5100 2679 5153 Ἕν
2715 5100 2781 5168 τῇ
2823 5095 2988 5166 βίϐλῳ
3043 5086 3216 5160 ἰησοῦ
3250 5084 3342 5141 τοῦ
3381 5084 3540 5155 Ναυῆ
3579 5082 3789 5153 γέγρα-

2213 5216 2382 5259 πται,
2425 5196 2505 5248 ὅτι
2550 5189 2851 5261 πολιορκῶν
2896 5188 2925 5239 6
2976 5182 3180 5253 Ἰησοῦς
3219 5174 3373 5242 οὗτος
3408 5178 3503 5248 τὴν
3545 5174 3791 5246 Ἱεριχῶ,

2235 5292 2407 5345 πάντα
2436 5285 2503 5339 τὰ
2533 5287 2590 5338 tv
2627 5282 2761 5353 αὐτῇ
2796 5277 3040 5349 ἀνάθεμα
3082 5271 3438 5345 ἐπηγγείλατο
3477 5264 3613 5321 εἷναι
3645 5265 3791 5336 Θεῷ.

2248 5378 2573 5441 Ἐαλωκυίας
2597 5375 2654 5429 δὲ
2677 5375 2776 5445 τῆς
2808 5370 3031 5432 πόλεως,
3063 5369 3091 5420 6
3125 5366 3322 5445 Ἀχαρ,
3362 5359 3558 5434 χρυσὸν
3598 5357 3695 5411 καί
3738 5371 3797 5406 τι

2237 5475 2461 5543 ’ὑφασμα
2510 5439 2865 5538 ἀφελόμενος,
2901 5460 3202 5529 κατέχωσεν
3245 5439 3383 5508 αὐτὰ
3415 5454 3471 5504 tv
3501 5453 3567 5521 τῇ
3614 5447 3799 5515 σκηνῇ

2239 5537 2423 5619 αθτοδ.
2470 5537 2836 5632 Ὀργισθέντος
2855 5553 2912 5606 δὲ
2943 5549 3035 5602 τοῦ
3066 5545 3199 5601 Θεοῦ
3225 5544 3313 5598 διὰ
3342 5541 3517 5602 τοῦτο,
3550 5537 3799 5609 ἡττήθη-

2243 5672 2339 5709 σαν
2382 5651 2516 5725 μετά
2535 5628 2711 5702 ταῦτα
2739 5647 2796 5698 tv
2823 5643 3039 5713 πολέμῳ
3069 5640 3119 5692 οἰ
3162 5636 3510 5708 Ἰσραηλῖται,
3550 5628 3649 5684 καὶ
3664 5628 3803 5682 επε-

2244 5763 2332 5800 σον
2366 5721 2564 5797 πολλοί.
2610 5736 2943 5810 Ζητουμένου
2983 5733 3038 5786 δὲ
3066 5731 3237 5785 αἰτίου
3266 5729 3363 5798 τῆς
3400 5725 3493 5780 τοῦ
3523 5722 3656 5776 Θεοῦ
3700 5721 3804 5789 ὀρυ
