  <div class='ocr_page' id='page_1' title='image "/cluster/home/n/w/nwhite01/storage/ocr_20150623/10/hvd.32044073501330/536.png"; bbox 0 0 4028 6214; ppageno 0'>
   <div class='ocr_carea' id='block_1_1' title="bbox 367 234 507 291">
    <p class='ocr_par' dir='ltr' id='par_1_1' title="bbox 367 234 507 291">
     <span class='ocr_line' id='line_1_1' title="bbox 367 234 507 291; baseline 0.021 -4"><span class='ocrx_word' id='word_1_1' title='bbox 367 234 507 291; x_wconf 73' lang='grc'><strong>1035</strong></span> 
     </span>
    </p>
   </div>
   <div class='ocr_carea' id='block_1_2' title="bbox 1624 217 2371 293">
    <p class='ocr_par' dir='ltr' id='par_1_2' title="bbox 1624 217 2371 293">
     <span class='ocr_line' id='line_1_2' title="bbox 1624 217 2371 293; baseline -0.004 0"><span class='ocrx_word' id='word_1_2' title='bbox 1624 236 1962 293; x_wconf 77' lang='lat' dir='ltr'><strong>EPISTULA</strong></span> <span class='ocrx_word' id='word_1_3' title='bbox 2002 217 2371 293; x_wconf 57' lang='lat' dir='ltr'><strong>cariosum.</strong></span> 
     </span>
    </p>
   </div>
   <div class='ocr_carea' id='block_1_3' title="bbox 3453 244 3593 303">
    <p class='ocr_par' dir='ltr' id='par_1_3' title="bbox 3453 244 3593 303">
     <span class='ocr_line' id='line_1_3' title="bbox 3453 244 3593 303; baseline 0.036 -5"><span class='ocrx_word' id='word_1_4' title='bbox 3453 244 3593 303; x_wconf 61' lang='lat'><strong>£034</strong></span> 
     </span>
    </p>
   </div>
   <div class='ocr_carea' id='block_1_4' title="bbox 363 346 1914 430">
    <p class='ocr_par' dir='ltr' id='par_1_4' title="bbox 363 351 1914 427">
     <span class='ocr_line' id='line_1_4' title="bbox 363 351 1914 427; baseline 0 -19"><span class='ocrx_word' id='word_1_5' title='bbox 363 354 486 424; x_wconf 78' lang='grc' dir='ltr'>γῆς,</span> <span class='ocrx_word' id='word_1_6' title='bbox 502 354 531 407; x_wconf 99' lang='lat'><strong>6</strong></span> <span class='ocrx_word' id='word_1_7' title='bbox 547 353 741 425; x_wconf 76' lang='grc' dir='ltr'>κλῆρος</span> <span class='ocrx_word' id='word_1_8' title='bbox 756 354 847 407; x_wconf 72' lang='grc' dir='ltr'><strong>ἐπὶ</strong></span> <span class='ocrx_word' id='word_1_9' title='bbox 863 354 960 407; x_wconf 85' lang='grc' dir='ltr'><strong>τοῦ</strong></span> <span class='ocrx_word' id='word_1_10' title='bbox 982 355 1154 425; x_wconf 83' lang='grc' dir='ltr'>Ἀχαρ</span> <span class='ocrx_word' id='word_1_11' title='bbox 1179 354 1337 409; x_wconf 78' lang='grc' dir='ltr'>ἔπεσε</span> <span class='ocrx_word' id='word_1_12' title='bbox 1353 372 1367 385; x_wconf 67' lang='grc'>⁸</span> <span class='ocrx_word' id='word_1_13' title='bbox 1390 351 1634 419; x_wconf 73' lang='grc' dir='ltr'>κάκεῖνος</span> <span class='ocrx_word' id='word_1_14' title='bbox 1649 357 1914 427; x_wconf 85' lang='grc' dir='ltr'>ἀνακρινό-</span> 
     </span>
    </p>
   </div>
   <div class='ocr_carea' id='block_1_5' title="bbox 2018 346 3594 430">
    <p class='ocr_par' dir='ltr' id='par_1_5' title="bbox 2033 346 3594 430">
     <span class='ocr_line' id='line_1_5' title="bbox 2033 346 3594 430; baseline 0.006 -23"><span class='ocrx_word' id='word_1_15' title='bbox 2033 353 2079 407; x_wconf 77' lang='lat' dir='ltr'><strong>is</strong></span> <span class='ocrx_word' id='word_1_16' title='bbox 2100 353 2395 421; x_wconf 70' lang='lat' dir='ltr'><strong>quaestione</strong></span> <span class='ocrx_word' id='word_1_17' title='bbox 2412 351 2591 407; x_wconf 81' lang='lat' dir='ltr'><strong>habita</strong></span> <span class='ocrx_word' id='word_1_18' title='bbox 2618 351 2823 408; x_wconf 86' lang='lat' dir='ltr'><strong>furtum</strong></span> <span class='ocrx_word' id='word_1_19' title='bbox 2846 346 3129 411; x_wconf 86' lang='lat' dir='ltr'><strong>confessus</strong></span> <span class='ocrx_word' id='word_1_20' title='bbox 3151 364 3256 421; x_wconf 80' lang='lat' dir='ltr'><strong>est,</strong></span> <span class='ocrx_word' id='word_1_21' title='bbox 3281 373 3450 425; x_wconf 86' lang='lat' dir='ltr'><strong>eaque</strong></span> <span class='ocrx_word' id='word_1_22' title='bbox 3472 378 3594 430; x_wconf 52' lang='grc' dir='ltr'>ποτε</span> 
     </span>
    </p>
   </div>
   <div class='ocr_carea' id='block_1_6' title="bbox 363 446 1929 521">
    <p class='ocr_par' dir='ltr' id='par_1_6' title="bbox 363 446 1929 521">
     <span class='ocr_line' id='line_1_6' title="bbox 363 446 1929 521; baseline 0.003 -23"><span class='ocrx_word' id='word_1_23' title='bbox 363 464 526 517; x_wconf 85' lang='grc' dir='ltr'>μενος</span> <span class='ocrx_word' id='word_1_24' title='bbox 577 446 889 518; x_wconf 82' lang='grc' dir='ltr'>ὡμολόγησε</span> <span class='ocrx_word' id='word_1_25' title='bbox 954 449 1015 521; x_wconf 71' lang='grc' dir='ltr'>τὸ</span> <span class='ocrx_word' id='word_1_26' title='bbox 1074 449 1292 520; x_wconf 78' lang='grc' dir='ltr'><strong>κλέμμα</strong></span> <span class='ocrx_word' id='word_1_27' title='bbox 1314 489 1327 513; x_wconf 88' lang='grc'><strong>,</strong></span> <span class='ocrx_word' id='word_1_28' title='bbox 1390 452 1483 503; x_wconf 76' lang='grc' dir='ltr'>καὶ</span> <span class='ocrx_word' id='word_1_29' title='bbox 1535 450 1603 503; x_wconf 77' lang='grc' dir='ltr'>τὰ</span> <span class='ocrx_word' id='word_1_30' title='bbox 1660 450 1929 503; x_wconf 81' lang='grc' dir='ltr'><strong>κλαπέντα</strong></span> 
     </span>
    </p>
   </div>
   <div class='ocr_carea' id='block_1_7' title="bbox 360 540 1928 613">
    <p class='ocr_par' dir='ltr' id='par_1_7' title="bbox 360 540 1928 613">
     <span class='ocr_line' id='line_1_7' title="bbox 360 540 1928 613; baseline 0.002 -22"><span class='ocrx_word' id='word_1_31' title='bbox 360 540 729 610; x_wconf 79' lang='grc' dir='ltr'>προσήνεγκε’</span> <span class='ocrx_word' id='word_1_32' title='bbox 766 540 859 592; x_wconf 76' lang='grc' dir='ltr'><strong>καὶ</strong></span> <span class='ocrx_word' id='word_1_33' title='bbox 891 540 1233 611; x_wconf 75' lang='grc' dir='ltr'>ἐλιθοϐολήθη</span> <span class='ocrx_word' id='word_1_34' title='bbox 1264 542 1425 605; x_wconf 75' lang='grc' dir='ltr'>αὐτὸς</span> <span class='ocrx_word' id='word_1_35' title='bbox 1457 543 1549 594; x_wconf 78' lang='grc' dir='ltr'><strong>καί</strong></span> <span class='ocrx_word' id='word_1_36' title='bbox 1578 544 1609 612; x_wconf 80' lang='grc' dir='ltr'>ἡ</span> <span class='ocrx_word' id='word_1_37' title='bbox 1635 542 1803 613; x_wconf 83' lang='grc' dir='ltr'>γυνὴ,</span> <span class='ocrx_word' id='word_1_38' title='bbox 1835 542 1928 594; x_wconf 80' lang='grc' dir='ltr'>καὶ</span> 
     </span>
    </p>
   </div>
   <div class='ocr_carea' id='block_1_8' title="bbox 356 628 1926 703">
    <p class='ocr_par' dir='ltr' id='par_1_8' title="bbox 356 628 1926 703">
     <span class='ocr_line' id='line_1_8' title="bbox 356 628 1926 703; baseline 0.001 -23"><span class='ocrx_word' id='word_1_39' title='bbox 356 630 410 680; x_wconf 89' lang='grc' dir='ltr'><strong>οἰ</strong></span> <span class='ocrx_word' id='word_1_40' title='bbox 452 628 635 691; x_wconf 84' lang='grc' dir='ltr'>παῖδες</span> <span class='ocrx_word' id='word_1_41' title='bbox 682 629 869 693; x_wconf 74' lang='grc' dir='ltr'>αὑτοῦ,</span> <span class='ocrx_word' id='word_1_42' title='bbox 904 631 998 683; x_wconf 74' lang='grc' dir='ltr'>καὶ</span> <span class='ocrx_word' id='word_1_43' title='bbox 1043 632 1077 701; x_wconf 78' lang='grc' dir='ltr'>ἡ</span> <span class='ocrx_word' id='word_1_44' title='bbox 1120 631 1315 703; x_wconf 78' lang='grc' dir='ltr'>σκηνὴ,</span> <span class='ocrx_word' id='word_1_45' title='bbox 1369 632 1461 687; x_wconf 77' lang='grc' dir='ltr'><strong>καὶ</strong></span> <span class='ocrx_word' id='word_1_46' title='bbox 1513 629 1579 683; x_wconf 84' lang='grc' dir='ltr'>τὰ</span> <span class='ocrx_word' id='word_1_47' title='bbox 1606 629 1738 695; x_wconf 80' lang='grc' dir='ltr'>ζῶα.</span> <span class='ocrx_word' id='word_1_48' title='bbox 1799 630 1926 683; x_wconf 84' lang='grc' dir='ltr'>Ἰδοὺ</span> 
     </span>
    </p>
   </div>
   <div class='ocr_carea' id='block_1_9' title="bbox 357 715 1927 793">
    <p class='ocr_par' dir='ltr' id='par_1_9' title="bbox 357 715 1927 793">
     <span class='ocr_line' id='line_1_9' title="bbox 357 715 1927 793; baseline -0.001 -21"><span class='ocrx_word' id='word_1_49' title='bbox 357 715 474 782; x_wconf 77' lang='grc' dir='ltr'>οὖν,</span> <span class='ocrx_word' id='word_1_50' title='bbox 505 720 656 789; x_wconf 59' lang='grc' dir='ltr'>φησι,</span> <span class='ocrx_word' id='word_1_51' title='bbox 698 715 778 783; x_wconf 71' lang='grc' dir='ltr'>εἷς</span> <span class='ocrx_word' id='word_1_52' title='bbox 817 722 1049 793; x_wconf 66' lang='grc' dir='ltr'>ἥμαρτε,</span> <span class='ocrx_word' id='word_1_53' title='bbox 1078 723 1170 774; x_wconf 71' lang='grc' dir='ltr'><strong>καὶ</strong></span> <span class='ocrx_word' id='word_1_54' title='bbox 1203 722 1479 773; x_wconf 80' lang='grc' dir='ltr'>ἀπώλοντο</span> <span class='ocrx_word' id='word_1_55' title='bbox 1508 722 1564 774; x_wconf 86' lang='grc' dir='ltr'><strong>ἐν</strong></span> <span class='ocrx_word' id='word_1_56' title='bbox 1593 721 1671 792; x_wconf 85' lang='grc' dir='ltr'>τῷ</span> <span class='ocrx_word' id='word_1_57' title='bbox 1706 721 1927 791; x_wconf 85' lang='grc' dir='ltr'>πολέμῳ</span> 
     </span>
    </p>
   </div>
   <div class='ocr_carea' id='block_1_10' title="bbox 372 808 1927 886">
    <p class='ocr_par' dir='ltr' id='par_1_10' title="bbox 372 808 1927 886">
     <span class='ocr_line' id='line_1_10' title="bbox 372 808 1927 886; baseline 0.001 -23"><span class='ocrx_word' id='word_1_58' title='bbox 372 812 700 882; x_wconf 81' lang='grc' dir='ltr'><strong>Ἰσραηλῖται</strong></span> <span class='ocrx_word' id='word_1_59' title='bbox 721 812 904 864; x_wconf 84' lang='grc' dir='ltr'>πολλοί</span> <span class='ocrx_word' id='word_1_60' title='bbox 927 829 938 842; x_wconf 72' lang='grc'><strong><em>⁸</em></strong></span> <span class='ocrx_word' id='word_1_61' title='bbox 970 814 1019 864; x_wconf 87' lang='grc' dir='ltr'><strong>οἰ</strong></span> <span class='ocrx_word' id='word_1_62' title='bbox 1049 814 1240 865; x_wconf 86' lang='grc' dir='ltr'>ἐκεῖνοι</span> <span class='ocrx_word' id='word_1_63' title='bbox 1267 814 1482 877; x_wconf 80' lang='grc' dir='ltr'>πάντες.</span> <span class='ocrx_word' id='word_1_64' title='bbox 1516 808 1645 886; x_wconf 69' lang='grc' dir='ltr'>Εἶτα</span> <span class='ocrx_word' id='word_1_65' title='bbox 1670 814 1762 865; x_wconf 75' lang='grc' dir='ltr'>καὶ</span> <span class='ocrx_word' id='word_1_66' title='bbox 1784 814 1927 877; x_wconf 73' lang='grc' dir='ltr'>ἐξαίο</span> 
     </span>
    </p>
   </div>
   <div class='ocr_carea' id='block_1_11' title="bbox 361 898 1925 974">
    <p class='ocr_par' dir='ltr' id='par_1_11' title="bbox 361 898 1925 974">
     <span class='ocr_line' id='line_1_11' title="bbox 361 898 1925 974; baseline 0.001 -18"><span class='ocrx_word' id='word_1_67' title='bbox 361 920 444 974; x_wconf 87' lang='grc' dir='ltr'><strong>ρει</strong></span> <span class='ocrx_word' id='word_1_68' title='bbox 486 905 515 956; x_wconf 93' lang='lat'><strong>6</strong></span> <span class='ocrx_word' id='word_1_69' title='bbox 552 904 723 973; x_wconf 84' lang='grc' dir='ltr'>μέγας</span> <span class='ocrx_word' id='word_1_70' title='bbox 746 898 901 967; x_wconf 66' lang='grc' dir='ltr'>οὗτος</span> <span class='ocrx_word' id='word_1_71' title='bbox 934 904 1120 974; x_wconf 74' lang='grc' dir='ltr'>Πατὴρ</span> <span class='ocrx_word' id='word_1_72' title='bbox 1152 906 1246 974; x_wconf 79' lang='grc' dir='ltr'>τὴν</span> <span class='ocrx_word' id='word_1_73' title='bbox 1288 906 1405 957; x_wconf 80' lang='grc' dir='ltr'>τότε</span> <span class='ocrx_word' id='word_1_74' title='bbox 1449 904 1788 968; x_wconf 72' lang='grc' dir='ltr'>πλεονεξίαν·</span> <span class='ocrx_word' id='word_1_75' title='bbox 1832 905 1925 957; x_wconf 77' lang='grc' dir='ltr'>καὶ</span> 
     </span>
    </p>
   </div>
   <div class='ocr_carea' id='block_1_12' title="bbox 352 992 1923 1067">
    <p class='ocr_par' dir='ltr' id='par_1_12' title="bbox 352 992 1923 1067">
     <span class='ocr_line' id='line_1_12' title="bbox 352 992 1923 1067; baseline 0 -19"><span class='ocrx_word' id='word_1_76' title='bbox 352 995 574 1067; x_wconf 80' lang='grc' dir='ltr'><strong>χείρονα</strong></span> <span class='ocrx_word' id='word_1_77' title='bbox 607 992 743 1049; x_wconf 77' lang='grc' dir='ltr'>εἶναι</span> <span class='ocrx_word' id='word_1_78' title='bbox 775 998 1169 1061; x_wconf 78' lang='grc' dir='ltr'><strong>κατασκευάζει</strong></span> <span class='ocrx_word' id='word_1_79' title='bbox 1210 998 1479 1067; x_wconf 74' lang='grc' dir='ltr'>ἁμαρτίαν</span> <span class='ocrx_word' id='word_1_80' title='bbox 1520 997 1668 1067; x_wconf 87' lang='grc' dir='ltr'><strong>παρά</strong></span> <span class='ocrx_word' id='word_1_81' title='bbox 1700 998 1796 1067; x_wconf 79' lang='grc' dir='ltr'>τὴν</span> <span class='ocrx_word' id='word_1_82' title='bbox 1829 996 1923 1049; x_wconf 88' lang='grc' dir='ltr'><strong>τοῦ</strong></span> 
     </span>
    </p>
   </div>
   <div class='ocr_carea' id='block_1_13' title="bbox 357 1089 1920 1160">
    <p class='ocr_par' dir='ltr' id='par_1_13' title="bbox 357 1089 1920 1160">
     <span class='ocr_line' id='line_1_13' title="bbox 357 1089 1920 1160; baseline -0.001 -20"><span class='ocrx_word' id='word_1_83' title='bbox 357 1089 554 1160; x_wconf 80' lang='grc' dir='ltr'>’Δχαρ,</span> <span class='ocrx_word' id='word_1_84' title='bbox 594 1089 897 1160; x_wconf 79' lang='grc' dir='ltr'>συγκρίνων</span> <span class='ocrx_word' id='word_1_85' title='bbox 926 1089 1111 1159; x_wconf 79' lang='grc' dir='ltr'>ἄμφω.</span> <span class='ocrx_word' id='word_1_86' title='bbox 1158 1090 1269 1143; x_wconf 76' lang='grc' dir='ltr'>Καὶ</span> <span class='ocrx_word' id='word_1_87' title='bbox 1294 1089 1402 1160; x_wconf 76' lang='grc' dir='ltr'>γὰρ</span> <span class='ocrx_word' id='word_1_88' title='bbox 1432 1090 1461 1141; x_wconf 88' lang='lat'><strong>6</strong></span> <span class='ocrx_word' id='word_1_89' title='bbox 1499 1089 1693 1160; x_wconf 79' lang='grc' dir='ltr'>’Λχαρ,</span> <span class='ocrx_word' id='word_1_90' title='bbox 1725 1090 1887 1159; x_wconf 71' lang='grc' dir='ltr'>φησὶν</span> <span class='ocrx_word' id='word_1_91' title='bbox 1907 1128 1920 1151; x_wconf 90' lang='grc'><strong>,</strong></span> 
     </span>
    </p>
   </div>
   <div class='ocr_carea' id='block_1_14' title="bbox 351 1176 1923 1252">
    <p class='ocr_par' dir='ltr' id='par_1_14' title="bbox 351 1176 1923 1252">
     <span class='ocr_line' id='line_1_14' title="bbox 351 1176 1923 1252; baseline 0.002 -21"><span class='ocrx_word' id='word_1_92' title='bbox 351 1180 418 1231; x_wconf 81' lang='grc' dir='ltr'><strong>ἐκ</strong></span> <span class='ocrx_word' id='word_1_93' title='bbox 452 1180 729 1252; x_wconf 78' lang='grc' dir='ltr'>προνομῆς</span> <span class='ocrx_word' id='word_1_94' title='bbox 765 1179 954 1232; x_wconf 79' lang='grc' dir='ltr'>ἐλαϐεν</span> <span class='ocrx_word' id='word_1_95' title='bbox 987 1180 1023 1234; x_wconf 80' lang='grc' dir='ltr'><strong>ἆ</strong></span> <span class='ocrx_word' id='word_1_96' title='bbox 1048 1180 1313 1249; x_wconf 77' lang='grc' dir='ltr'>ὑφείλετο,</span> <span class='ocrx_word' id='word_1_97' title='bbox 1342 1182 1434 1233; x_wconf 73' lang='grc' dir='ltr'><strong>καὶ</strong></span> <span class='ocrx_word' id='word_1_98' title='bbox 1462 1176 1603 1234; x_wconf 70' lang='grc' dir='ltr'>οὗτοι</span> <span class='ocrx_word' id='word_1_99' title='bbox 1636 1182 1832 1251; x_wconf 81' lang='grc' dir='ltr'>ὁμοίως</span> <span class='ocrx_word' id='word_1_100' title='bbox 1858 1182 1923 1234; x_wconf 83' lang='grc' dir='ltr'><strong>ἐκ</strong></span> 
     </span>
    </p>
   </div>
   <div class='ocr_carea' id='block_1_15' title="bbox 352 1272 1921 1352">
    <p class='ocr_par' dir='ltr' id='par_1_15' title="bbox 352 1272 1921 1352">
     <span class='ocr_line' id='line_1_15' title="bbox 352 1272 1921 1352; baseline 0 -26"><span class='ocrx_word' id='word_1_101' title='bbox 352 1274 658 1352; x_wconf 57' lang='grc' dir='ltr'>προνομῆς</span> <span class='ocrx_word' id='word_1_102' title='bbox 704 1272 817 1325; x_wconf 84' lang='grc' dir='ltr'>ἀλλ’</span> <span class='ocrx_word' id='word_1_103' title='bbox 862 1272 1068 1336; x_wconf 84' lang='grc' dir='ltr'>ἐκεῖνος</span> <span class='ocrx_word' id='word_1_104' title='bbox 1120 1273 1217 1344; x_wconf 76' lang='grc' dir='ltr'>μὲν</span> <span class='ocrx_word' id='word_1_105' title='bbox 1251 1274 1318 1326; x_wconf 82' lang='grc' dir='ltr'>τὰ</span> <span class='ocrx_word' id='word_1_106' title='bbox 1349 1273 1457 1325; x_wconf 87' lang='grc' dir='ltr'><strong>τῶν</strong></span> <span class='ocrx_word' id='word_1_107' title='bbox 1492 1273 1766 1344; x_wconf 86' lang='grc' dir='ltr'>πολεμίων</span> <span class='ocrx_word' id='word_1_108' title='bbox 1801 1274 1921 1326; x_wconf 79' lang='grc' dir='ltr'>ἐλα-</span> 
     </span>
    </p>
   </div>
   <div class='ocr_carea' id='block_1_16' title="bbox 349 1362 1921 1439">
    <p class='ocr_par' dir='ltr' id='par_1_16' title="bbox 349 1362 1921 1439">
     <span class='ocr_line' id='line_1_16' title="bbox 349 1362 1921 1439; baseline 0.002 -21"><span class='ocrx_word' id='word_1_109' title='bbox 349 1366 466 1429; x_wconf 67' lang='grc' dir='ltr'>ϐεν,</span> <span class='ocrx_word' id='word_1_110' title='bbox 494 1362 633 1421; x_wconf 70' lang='grc' dir='ltr'>οὗτοι</span> <span class='ocrx_word' id='word_1_111' title='bbox 659 1366 716 1419; x_wconf 78' lang='grc' dir='ltr'>δὲ</span> <span class='ocrx_word' id='word_1_112' title='bbox 746 1366 813 1419; x_wconf 79' lang='grc' dir='ltr'>τὰ</span> <span class='ocrx_word' id='word_1_113' title='bbox 853 1368 959 1420; x_wconf 88' lang='grc' dir='ltr'><strong>τῶν</strong></span> <span class='ocrx_word' id='word_1_114' title='bbox 988 1367 1227 1436; x_wconf 71' lang='grc' dir='ltr'>ἀδελφῶν</span> <span class='ocrx_word' id='word_1_115' title='bbox 1246 1384 1259 1397; x_wconf 75' lang='grc' dir='ltr'><strong>ο</strong></span> <span class='ocrx_word' id='word_1_116' title='bbox 1301 1368 1437 1439; x_wconf 82' lang='grc' dir='ltr'>ὅπερ</span> <span class='ocrx_word' id='word_1_117' title='bbox 1471 1368 1649 1438; x_wconf 76' lang='grc' dir='ltr'>μεῖζον</span> <span class='ocrx_word' id='word_1_118' title='bbox 1687 1369 1831 1420; x_wconf 80' lang='grc' dir='ltr'>ποιεῖ</span> <span class='ocrx_word' id='word_1_119' title='bbox 1861 1368 1921 1421; x_wconf 82' lang='grc' dir='ltr'>τὸ</span> 
     </span>
    </p>
   </div>
   <div class='ocr_carea' id='block_1_17' title="bbox 349 1453 1920 1531">
    <p class='ocr_par' dir='ltr' id='par_1_17' title="bbox 349 1453 1920 1531">
     <span class='ocr_line' id='line_1_17' title="bbox 349 1453 1920 1531; baseline 0.001 -21"><span class='ocrx_word' id='word_1_120' title='bbox 349 1458 539 1511; x_wconf 83' lang='grc' dir='ltr'>κακόν.</span> <span class='ocrx_word' id='word_1_121' title='bbox 560 1453 692 1511; x_wconf 78' lang='grc' dir='ltr'>Εἶτα</span> <span class='ocrx_word' id='word_1_122' title='bbox 714 1460 986 1531; x_wconf 75' lang='grc' dir='ltr'>ἐπιφέρει,</span> <span class='ocrx_word' id='word_1_123' title='bbox 1014 1458 1088 1523; x_wconf 88' lang='grc' dir='ltr'><strong>ῶς</strong></span> <span class='ocrx_word' id='word_1_124' title='bbox 1110 1476 1268 1513; x_wconf 86' lang='grc' dir='ltr'>τινων</span> <span class='ocrx_word' id='word_1_125' title='bbox 1296 1458 1555 1526; x_wconf 84' lang='grc' dir='ltr'>λεγόντων</span> <span class='ocrx_word' id='word_1_126' title='bbox 1567 1459 1648 1512; x_wconf 85' lang='grc' dir='ltr'><strong>ὅτι</strong></span> <span class='ocrx_word' id='word_1_127' title='bbox 1677 1459 1920 1529; x_wconf 73' lang='grc' dir='ltr'>Εὖρομεν</span> 
     </span>
    </p>
   </div>
   <div class='ocr_carea' id='block_1_18' title="bbox 346 1547 1921 1621">
    <p class='ocr_par' dir='ltr' id='par_1_18' title="bbox 346 1547 1921 1621">
     <span class='ocr_line' id='line_1_18' title="bbox 346 1547 1921 1621; baseline 0.001 -19"><span class='ocrx_word' id='word_1_128' title='bbox 346 1547 522 1602; x_wconf 83' lang='grc' dir='ltr'>ταῦτα</span> <span class='ocrx_word' id='word_1_129' title='bbox 540 1550 848 1621; x_wconf 77' lang='grc' dir='ltr'>ἐρριμμένα</span> <span class='ocrx_word' id='word_1_130' title='bbox 874 1551 1053 1620; x_wconf 76' lang='grc' dir='ltr'>τυχὸν,</span> <span class='ocrx_word' id='word_1_131' title='bbox 1077 1551 1150 1621; x_wconf 87' lang='grc' dir='ltr'>μή</span> <span class='ocrx_word' id='word_1_132' title='bbox 1170 1567 1313 1612; x_wconf 87' lang='grc' dir='ltr'>τινος</span> <span class='ocrx_word' id='word_1_133' title='bbox 1357 1550 1798 1621; x_wconf 82' lang='grc' dir='ltr'>ἀντιποιουμένου</span> <span class='ocrx_word' id='word_1_134' title='bbox 1826 1550 1921 1604; x_wconf 79' lang='grc' dir='ltr'>αὐ-</span> 
     </span>
    </p>
   </div>
   <div class='ocr_carea' id='block_1_19' title="bbox 342 1638 1920 1714">
    <p class='ocr_par' dir='ltr' id='par_1_19' title="bbox 342 1638 1920 1714">
     <span class='ocr_line' id='line_1_19' title="bbox 342 1638 1920 1714; baseline 0.001 -20"><span class='ocrx_word' id='word_1_135' title='bbox 342 1639 477 1705; x_wconf 68' lang='grc' dir='ltr'>τῶν,</span> <span class='ocrx_word' id='word_1_136' title='bbox 495 1642 587 1694; x_wconf 76' lang='grc' dir='ltr'>καὶ</span> <span class='ocrx_word' id='word_1_137' title='bbox 611 1642 730 1694; x_wconf 82' lang='grc' dir='ltr'><strong>οὐδέ</strong></span> <span class='ocrx_word' id='word_1_138' title='bbox 758 1642 975 1713; x_wconf 77' lang='grc' dir='ltr'>ᾔδειμεν</span> <span class='ocrx_word' id='word_1_139' title='bbox 992 1643 1151 1695; x_wconf 87' lang='grc' dir='ltr'>τίνων</span> <span class='ocrx_word' id='word_1_140' title='bbox 1168 1638 1325 1714; x_wconf 70' lang='grc' dir='ltr'>ἦσαν,</span> <span class='ocrx_word' id='word_1_141' title='bbox 1361 1645 1454 1696; x_wconf 71' lang='grc' dir='ltr'>καὶ</span> <span class='ocrx_word' id='word_1_142' title='bbox 1479 1643 1808 1713; x_wconf 85' lang='grc' dir='ltr'>ἀντιτίθησιν</span> <span class='ocrx_word' id='word_1_143' title='bbox 1824 1644 1920 1696; x_wconf 83' lang='grc' dir='ltr'>αὐ-</span> 
     </span>
    </p>
   </div>
   <div class='ocr_carea' id='block_1_20' title="bbox 2030 445 3592 521">
    <p class='ocr_par' dir='ltr' id='par_1_20' title="bbox 2030 445 3592 521">
     <span class='ocr_line' id='line_1_20' title="bbox 2030 445 3592 521; baseline 0.005 -22"><span class='ocrx_word' id='word_1_144' title='bbox 2030 446 2244 503; x_wconf 90' lang='lat' dir='ltr'><strong>furatus</strong></span> <span class='ocrx_word' id='word_1_145' title='bbox 2267 445 2443 499; x_wconf 86' lang='lat' dir='ltr'><strong>fuerat</strong></span> <span class='ocrx_word' id='word_1_146' title='bbox 2470 446 2715 515; x_wconf 79' lang='lat' dir='ltr'><strong>protulit,</strong></span> <span class='ocrx_word' id='word_1_147' title='bbox 2743 448 2965 516; x_wconf 86' lang='lat' dir='ltr'><strong>ipseque</strong></span> <span class='ocrx_word' id='word_1_148' title='bbox 2992 466 3113 502; x_wconf 88' lang='lat' dir='ltr'><strong>cum</strong></span> <span class='ocrx_word' id='word_1_149' title='bbox 3135 466 3301 503; x_wconf 77' lang='lat' dir='ltr'><strong>uxore</strong></span> <span class='ocrx_word' id='word_1_150' title='bbox 3316 451 3592 521; x_wconf 82' lang='lat' dir='ltr'><strong>etliberis,</strong></span> 
     </span>
    </p>
   </div>
   <div class='ocr_carea' id='block_1_21' title="bbox 2028 537 3594 611">
    <p class='ocr_par' dir='ltr' id='par_1_21' title="bbox 2028 537 3594 611">
     <span class='ocr_line' id='line_1_21' title="bbox 2028 537 3594 611; baseline 0.006 -20"><span class='ocrx_word' id='word_1_151' title='bbox 2028 537 2256 607; x_wconf 85' lang='lat' dir='ltr'><strong>ejusque</strong></span> <span class='ocrx_word' id='word_1_152' title='bbox 2283 538 2711 603; x_wconf 91' lang='lat' dir='ltr'><strong>tabernaculum,</strong></span> <span class='ocrx_word' id='word_1_153' title='bbox 2740 548 2795 591; x_wconf 88' lang='lat' dir='ltr'><strong>et</strong></span> <span class='ocrx_word' id='word_1_154' title='bbox 2828 540 3071 607; x_wconf 88' lang='lat' dir='ltr'><strong>jumenta</strong></span> <span class='ocrx_word' id='word_1_155' title='bbox 3094 540 3363 611; x_wconf 82' lang='lat' dir='ltr'><strong>lapidibus</strong></span> <span class='ocrx_word' id='word_1_156' title='bbox 3396 543 3594 601; x_wconf 79' lang='lat' dir='ltr'><strong>obruta</strong></span> 
     </span>
    </p>
   </div>
   <div class='ocr_carea' id='block_1_22' title="bbox 2027 627 3595 704">
    <p class='ocr_par' dir='ltr' id='par_1_22' title="bbox 2027 627 3595 704">
     <span class='ocr_line' id='line_1_22' title="bbox 2027 627 3595 704; baseline 0.004 -21"><span class='ocrx_word' id='word_1_157' title='bbox 2027 638 2175 683; x_wconf 83' lang='lat' dir='ltr'><strong>sunt.</strong></span> <span class='ocrx_word' id='word_1_158' title='bbox 2194 627 2528 698; x_wconf 76' lang='lat' dir='ltr'><strong>Ecceigitur,</strong></span> <span class='ocrx_word' id='word_1_159' title='bbox 2558 630 2753 700; x_wconf 78' lang='lat' dir='ltr'><strong>inquit,</strong></span> <span class='ocrx_word' id='word_1_160' title='bbox 2772 646 2914 684; x_wconf 89' lang='lat' dir='ltr'><strong>unus</strong></span> <span class='ocrx_word' id='word_1_161' title='bbox 2930 632 3190 699; x_wconf 88' lang='lat' dir='ltr'><strong>peccavit,</strong></span> <span class='ocrx_word' id='word_1_162' title='bbox 3210 634 3595 704; x_wconf 84' lang='lat' dir='ltr'><strong>perieruntque</strong></span> 
     </span>
    </p>
   </div>
   <div class='ocr_carea' id='block_1_23' title="bbox 2028 719 3595 794">
    <p class='ocr_par' dir='ltr' id='par_1_23' title="bbox 2028 719 3595 794">
     <span class='ocr_line' id='line_1_23' title="bbox 2028 719 3595 794; baseline 0.005 -21"><span class='ocrx_word' id='word_1_163' title='bbox 2028 719 2081 773; x_wconf 91' lang='lat' dir='ltr'><strong>in</strong></span> <span class='ocrx_word' id='word_1_164' title='bbox 2110 720 2248 773; x_wconf 91' lang='lat' dir='ltr'><strong>bello</strong></span> <span class='ocrx_word' id='word_1_165' title='bbox 2284 721 2537 775; x_wconf 70' lang='lat' dir='ltr'><strong>Israelita:</strong></span> <span class='ocrx_word' id='word_1_166' title='bbox 2576 722 2753 785; x_wconf 87' lang='lat' dir='ltr'><strong>multi,</strong></span> <span class='ocrx_word' id='word_1_167' title='bbox 2797 738 2860 775; x_wconf 86' lang='lat' dir='ltr'><strong>ac</strong></span> <span class='ocrx_word' id='word_1_168' title='bbox 2909 722 2984 776; x_wconf 91' lang='lat' dir='ltr'><strong>illi</strong></span> <span class='ocrx_word' id='word_1_169' title='bbox 3027 728 3235 780; x_wconf 78' lang='lat' dir='ltr'><strong>omnes.</strong></span> <span class='ocrx_word' id='word_1_170' title='bbox 3284 725 3595 794; x_wconf 80' lang='lat' dir='ltr'><strong>Amplilicat</strong></span> 
     </span>
    </p>
   </div>
   <div class='ocr_carea' id='block_1_24' title="bbox 2026 812 3593 884">
    <p class='ocr_par' dir='ltr' id='par_1_24' title="bbox 2026 812 3593 884">
     <span class='ocr_line' id='line_1_24' title="bbox 2026 812 3593 884; baseline 0.007 -21"><span class='ocrx_word' id='word_1_171' title='bbox 2026 826 2192 880; x_wconf 89' lang='lat' dir='ltr'><strong>porro</strong></span> <span class='ocrx_word' id='word_1_172' title='bbox 2210 812 2298 865; x_wconf 83' lang='lat' dir='ltr'><strong>hic</strong></span> <span class='ocrx_word' id='word_1_173' title='bbox 2321 827 2548 882; x_wconf 81' lang='lat' dir='ltr'><strong>magnus</strong></span> <span class='ocrx_word' id='word_1_174' title='bbox 2562 812 2724 867; x_wconf 89' lang='lat' dir='ltr'><strong>Pater</strong></span> <span class='ocrx_word' id='word_1_175' title='bbox 2746 812 2892 867; x_wconf 89' lang='lat' dir='ltr'><strong>illius</strong></span> <span class='ocrx_word' id='word_1_176' title='bbox 2922 816 3183 884; x_wconf 88' lang='lat' dir='ltr'><strong>temporis</strong></span> <span class='ocrx_word' id='word_1_177' title='bbox 3205 816 3508 881; x_wconf 86' lang='lat' dir='ltr'><strong>avaritiam,</strong></span> <span class='ocrx_word' id='word_1_178' title='bbox 3528 834 3593 874; x_wconf 86' lang='lat' dir='ltr'><strong>ac</strong></span> 
     </span>
    </p>
   </div>
   <div class='ocr_carea' id='block_1_25' title="bbox 2026 906 3589 979">
    <p class='ocr_par' dir='ltr' id='par_1_25' title="bbox 2026 906 3589 979">
     <span class='ocr_line' id='line_1_25' title="bbox 2026 906 3589 979; baseline 0.005 -22"><span class='ocrx_word' id='word_1_179' title='bbox 2026 912 2318 973; x_wconf 87' lang='lat' dir='ltr'><strong>utrumque</strong></span> <span class='ocrx_word' id='word_1_180' title='bbox 2348 920 2705 973; x_wconf 79' lang='lat' dir='ltr'><strong>comparans,</strong></span> <span class='ocrx_word' id='word_1_181' title='bbox 2750 906 2957 961; x_wconf 89' lang='lat' dir='ltr'><strong>crimen</strong></span> <span class='ocrx_word' id='word_1_182' title='bbox 2995 908 3099 965; x_wconf 85' lang='lat' dir='ltr'><strong>hoc</strong></span> <span class='ocrx_word' id='word_1_183' title='bbox 3139 909 3380 979; x_wconf 82' lang='lat' dir='ltr'><strong>gravius,</strong></span> <span class='ocrx_word' id='word_1_184' title='bbox 3424 925 3589 977; x_wconf 89' lang='lat' dir='ltr'><strong>quam</strong></span> 
     </span>
    </p>
   </div>
   <div class='ocr_carea' id='block_1_26' title="bbox 2024 994 3589 1067">
    <p class='ocr_par' dir='ltr' id='par_1_26' title="bbox 2024 994 3589 1067">
     <span class='ocr_line' id='line_1_26' title="bbox 2024 994 3589 1067; baseline 0.003 -20"><span class='ocrx_word' id='word_1_185' title='bbox 2024 994 2166 1062; x_wconf 88' lang='lat' dir='ltr'><strong>quod</strong></span> <span class='ocrx_word' id='word_1_186' title='bbox 2192 994 2259 1047; x_wconf 86' lang='lat' dir='ltr'><strong>ab</strong></span> <span class='ocrx_word' id='word_1_187' title='bbox 2280 994 2456 1047; x_wconf 82' lang='lat' dir='ltr'><strong>Achar</strong></span> <span class='ocrx_word' id='word_1_188' title='bbox 2485 995 2783 1049; x_wconf 84' lang='lat' dir='ltr'><strong>admissum</strong></span> <span class='ocrx_word' id='word_1_189' title='bbox 2807 1006 2889 1049; x_wconf 90' lang='lat' dir='ltr'><strong>est</strong></span> <span class='ocrx_word' id='word_1_190' title='bbox 2923 996 3278 1051; x_wconf 78' lang='lat' dir='ltr'><strong>demonstrat.</strong></span> <span class='ocrx_word' id='word_1_191' title='bbox 3316 996 3393 1050; x_wconf 82' lang='lat' dir='ltr'><strong>Ex</strong></span> <span class='ocrx_word' id='word_1_192' title='bbox 3410 1000 3589 1067; x_wconf 72' lang='lat' dir='ltr'><strong>prteda</strong></span> 
     </span>
    </p>
   </div>
   <div class='ocr_carea' id='block_1_27' title="bbox 2025 1084 3586 1157">
    <p class='ocr_par' dir='ltr' id='par_1_27' title="bbox 2025 1084 3586 1157">
     <span class='ocr_line' id='line_1_27' title="bbox 2025 1084 3586 1157; baseline 0.003 -20"><span class='ocrx_word' id='word_1_193' title='bbox 2025 1084 2314 1153; x_wconf 85' lang='lat' dir='ltr'><strong>siquidem,</strong></span> <span class='ocrx_word' id='word_1_194' title='bbox 2347 1086 2543 1154; x_wconf 84' lang='lat' dir='ltr'><strong>inquit,</strong></span> <span class='ocrx_word' id='word_1_195' title='bbox 2562 1086 2742 1140; x_wconf 80' lang='lat' dir='ltr'><strong>Achar</strong></span> <span class='ocrx_word' id='word_1_196' title='bbox 2768 1101 2829 1140; x_wconf 88' lang='lat' dir='ltr'><strong>ea</strong></span> <span class='ocrx_word' id='word_1_197' title='bbox 2852 1088 3072 1141; x_wconf 84' lang='lat' dir='ltr'><strong>sustulit</strong></span> <span class='ocrx_word' id='word_1_198' title='bbox 3090 1103 3211 1157; x_wconf 77' lang='lat' dir='ltr'><strong>qua:</strong></span> <span class='ocrx_word' id='word_1_199' title='bbox 3228 1087 3441 1142; x_wconf 84' lang='lat' dir='ltr'><strong>furatus</strong></span> <span class='ocrx_word' id='word_1_200' title='bbox 3470 1099 3552 1143; x_wconf 90' lang='lat' dir='ltr'><strong>est</strong></span> <span class='ocrx_word' id='word_1_201' title='bbox 3571 1129 3586 1149; x_wconf 85' lang='lat'><strong>,</strong></span> 
     </span>
    </p>
   </div>
   <div class='ocr_carea' id='block_1_28' title="bbox 2024 1161 3587 1245">
    <p class='ocr_par' dir='ltr' id='par_1_28' title="bbox 2024 1161 3587 1245">
     <span class='ocr_line' id='line_1_28' title="bbox 2024 1161 3587 1245; baseline 0.003 -16"><span class='ocrx_word' id='word_1_202' title='bbox 2024 1191 2087 1230; x_wconf 92' lang='lat' dir='ltr'><strong>ac</strong></span> <span class='ocrx_word' id='word_1_203' title='bbox 2108 1176 2210 1233; x_wconf 82' lang='lat' dir='ltr'><strong>,isti</strong></span> <span class='ocrx_word' id='word_1_204' title='bbox 2243 1161 2443 1245; x_wconf 79' lang='lat' dir='ltr'><strong>pariter</strong></span> <span class='ocrx_word' id='word_1_205' title='bbox 2473 1192 2539 1229; x_wconf 75' lang='lat' dir='ltr'><strong>ex</strong></span> <span class='ocrx_word' id='word_1_206' title='bbox 2570 1178 2747 1245; x_wconf 70' lang='lat' dir='ltr'><strong>praeda</strong></span> <span class='ocrx_word' id='word_1_207' title='bbox 2781 1196 2794 1230; x_wconf 89' lang='lat'>:</span> <span class='ocrx_word' id='word_1_208' title='bbox 2838 1187 3092 1233; x_wconf 65' lang='lat' dir='ltr'><strong>creterum</strong></span> <span class='ocrx_word' id='word_1_209' title='bbox 3122 1178 3209 1232; x_wconf 90' lang='lat' dir='ltr'><strong>ille</strong></span> <span class='ocrx_word' id='word_1_210' title='bbox 3240 1193 3327 1232; x_wconf 90' lang='lat' dir='ltr'><strong>res</strong></span> <span class='ocrx_word' id='word_1_211' title='bbox 3349 1178 3587 1234; x_wconf 89' lang='lat' dir='ltr'><strong>hostium</strong></span> 
     </span>
    </p>
   </div>
   <div class='ocr_carea' id='block_1_29' title="bbox 2022 1266 3569 1338">
    <p class='ocr_par' dir='ltr' id='par_1_29' title="bbox 2022 1266 3569 1338">
     <span class='ocr_line' id='line_1_29' title="bbox 2022 1266 3569 1338; baseline 0.004 -18"><span class='ocrx_word' id='word_1_212' title='bbox 2022 1269 2222 1336; x_wconf 86' lang='lat' dir='ltr'><strong>rapuit,</strong></span> <span class='ocrx_word' id='word_1_213' title='bbox 2255 1268 2308 1321; x_wconf 88' lang='lat' dir='ltr'><strong>hi</strong></span> <span class='ocrx_word' id='word_1_214' title='bbox 2348 1282 2477 1320; x_wconf 83' lang='lat' dir='ltr'><strong>vero</strong></span> <span class='ocrx_word' id='word_1_215' title='bbox 2503 1266 2767 1333; x_wconf 78' lang='lat' dir='ltr'><strong>fratrum;</strong></span> <span class='ocrx_word' id='word_1_216' title='bbox 2808 1270 2950 1337; x_wconf 89' lang='lat' dir='ltr'><strong>quod</strong></span> <span class='ocrx_word' id='word_1_217' title='bbox 2982 1270 3202 1338; x_wconf 80' lang='lat' dir='ltr'><strong>gravius</strong></span> <span class='ocrx_word' id='word_1_218' title='bbox 3240 1271 3445 1324; x_wconf 88' lang='lat' dir='ltr'><strong>malum</strong></span> <span class='ocrx_word' id='word_1_219' title='bbox 3482 1271 3569 1326; x_wconf 64' lang='lat' dir='ltr'><strong>eli:</strong></span> 
     </span>
    </p>
   </div>
   <div class='ocr_carea' id='block_1_30' title="bbox 2023 1354 3587 1428">
    <p class='ocr_par' dir='ltr' id='par_1_30' title="bbox 2023 1354 3587 1428">
     <span class='ocr_line' id='line_1_30' title="bbox 2023 1354 3587 1428; baseline 0.006 -19"><span class='ocrx_word' id='word_1_220' title='bbox 2023 1356 2115 1409; x_wconf 91' lang='lat' dir='ltr'><strong>cit.</strong></span> <span class='ocrx_word' id='word_1_221' title='bbox 2150 1354 2318 1410; x_wconf 83' lang='lat' dir='ltr'><strong>Infert</strong></span> <span class='ocrx_word' id='word_1_222' title='bbox 2344 1356 2557 1420; x_wconf 91' lang='lat' dir='ltr'><strong>deinde,</strong></span> <span class='ocrx_word' id='word_1_223' title='bbox 2594 1356 2793 1426; x_wconf 85' lang='lat' dir='ltr'><strong>quippe</strong></span> <span class='ocrx_word' id='word_1_224' title='bbox 2818 1357 3127 1413; x_wconf 81' lang='lat' dir='ltr'><strong>dicentibus</strong></span> <span class='ocrx_word' id='word_1_225' title='bbox 3160 1360 3493 1428; x_wconf 88' lang='lat' dir='ltr'><strong>quibusdam</strong></span> <span class='ocrx_word' id='word_1_226' title='bbox 3528 1380 3587 1417; x_wconf 84' lang='lat' dir='ltr'><strong>se</strong></span> 
     </span>
    </p>
   </div>
   <div class='ocr_carea' id='block_1_31' title="bbox 2022 1446 3583 1515">
    <p class='ocr_par' dir='ltr' id='par_1_31' title="bbox 2022 1446 3583 1515">
     <span class='ocr_line' id='line_1_31' title="bbox 2022 1446 3583 1515; baseline 0.006 -17"><span class='ocrx_word' id='word_1_227' title='bbox 2022 1446 2139 1499; x_wconf 65' lang='lat' dir='ltr'><strong>hsce</strong></span> <span class='ocrx_word' id='word_1_228' title='bbox 2181 1446 2454 1500; x_wconf 81' lang='lat' dir='ltr'><strong>invenisse</strong></span> <span class='ocrx_word' id='word_1_229' title='bbox 2505 1446 2768 1515; x_wconf 87' lang='lat' dir='ltr'><strong>projecta,</strong></span> <span class='ocrx_word' id='word_1_230' title='bbox 2803 1464 2927 1503; x_wconf 90' lang='lat' dir='ltr'><strong>cum</strong></span> <span class='ocrx_word' id='word_1_231' title='bbox 2973 1464 3134 1504; x_wconf 91' lang='lat' dir='ltr'><strong>nemo</strong></span> <span class='ocrx_word' id='word_1_232' title='bbox 3171 1451 3310 1505; x_wconf 85' lang='lat' dir='ltr'><strong>forte</strong></span> <span class='ocrx_word' id='word_1_233' title='bbox 3345 1453 3436 1507; x_wconf 84' lang='lat' dir='ltr'><strong>illa</strong></span> <span class='ocrx_word' id='word_1_234' title='bbox 3477 1454 3583 1508; x_wconf 84' lang='lat' dir='ltr'><strong>sibi</strong></span> 
     </span>
    </p>
   </div>
   <div class='ocr_carea' id='block_1_32' title="bbox 2019 1542 3587 1614">
    <p class='ocr_par' dir='ltr' id='par_1_32' title="bbox 2019 1542 3587 1614">
     <span class='ocr_line' id='line_1_32' title="bbox 2019 1542 3587 1614; baseline 0.006 -23"><span class='ocrx_word' id='word_1_235' title='bbox 2019 1546 2307 1602; x_wconf 83' lang='lat' dir='ltr'><strong>assereret,</strong></span> <span class='ocrx_word' id='word_1_236' title='bbox 2351 1554 2527 1608; x_wconf 86' lang='lat' dir='ltr'><strong>neque</strong></span> <span class='ocrx_word' id='word_1_237' title='bbox 2578 1553 2811 1607; x_wconf 90' lang='lat' dir='ltr'><strong>quorum</strong></span> <span class='ocrx_word' id='word_1_238' title='bbox 2841 1549 3023 1595; x_wconf 89' lang='lat' dir='ltr'><strong>essent</strong></span> <span class='ocrx_word' id='word_1_239' title='bbox 3065 1542 3314 1609; x_wconf 85' lang='lat' dir='ltr'><strong>novisse;</strong></span> <span class='ocrx_word' id='word_1_240' title='bbox 3350 1558 3414 1597; x_wconf 89' lang='lat' dir='ltr'><strong>ac</strong></span> <span class='ocrx_word' id='word_1_241' title='bbox 3452 1546 3587 1614; x_wconf 87' lang='lat' dir='ltr'><strong>ipsis</strong></span> 
     </span>
    </p>
   </div>
   <div class='ocr_carea' id='block_1_33' title="bbox 2019 1630 3583 1705">
    <p class='ocr_par' dir='ltr' id='par_1_33' title="bbox 2019 1630 3583 1705">
     <span class='ocr_line' id='line_1_33' title="bbox 2019 1630 3583 1705; baseline 0.003 -23"><span class='ocrx_word' id='word_1_242' title='bbox 2019 1644 2139 1700; x_wconf 74' lang='lat' dir='ltr'><strong>qua:</strong></span> <span class='ocrx_word' id='word_1_243' title='bbox 2169 1630 2222 1683; x_wconf 90' lang='lat' dir='ltr'><strong>in</strong></span> <span class='ocrx_word' id='word_1_244' title='bbox 2255 1630 2672 1686; x_wconf 88' lang='lat' dir='ltr'><strong>Deuteronomio</strong></span> <span class='ocrx_word' id='word_1_245' title='bbox 2708 1642 2761 1686; x_wconf 89' lang='lat' dir='ltr'><strong>et</strong></span> <span class='ocrx_word' id='word_1_246' title='bbox 2800 1630 2987 1687; x_wconf 85' lang='lat' dir='ltr'><strong>Exodo</strong></span> <span class='ocrx_word' id='word_1_247' title='bbox 3033 1633 3303 1687; x_wconf 88' lang='lat' dir='ltr'><strong>habentur</strong></span> <span class='ocrx_word' id='word_1_248' title='bbox 3335 1639 3583 1705; x_wconf 86' lang='lat' dir='ltr'><strong>opponit,</strong></span> 
     </span>
    </p>
   </div>
   <div class='ocr_carea' id='block_1_34' title="bbox 343 1713 1914 1804">
    <p class='ocr_par' dir='ltr' id='par_1_34' title="bbox 343 1713 1913 1804">
     <span class='ocr_line' id='line_1_34' title="bbox 343 1713 1913 1804; baseline 0.002 -22"><span class='ocrx_word' id='word_1_249' title='bbox 343 1731 460 1792; x_wconf 73' lang='grc' dir='ltr'>τοῖς</span> <span class='ocrx_word' id='word_1_250' title='bbox 470 1729 537 1782; x_wconf 83' lang='grc' dir='ltr'>τὰ</span> <span class='ocrx_word' id='word_1_251' title='bbox 548 1728 644 1804; x_wconf 74' lang='grc' dir='ltr'><strong>τοῦ</strong></span> <span class='ocrx_word' id='word_1_252' title='bbox 664 1731 1077 1801; x_wconf 87' lang='grc' dir='ltr'>Δευτερονομίου</span> <span class='ocrx_word' id='word_1_253' title='bbox 1091 1734 1181 1785; x_wconf 71' lang='grc' dir='ltr'>καὶ</span> <span class='ocrx_word' id='word_1_254' title='bbox 1192 1713 1258 1784; x_wconf 81' lang='grc' dir='ltr'>τὰ</span> <span class='ocrx_word' id='word_1_255' title='bbox 1270 1732 1367 1803; x_wconf 81' lang='grc' dir='ltr'>τῆς</span> <span class='ocrx_word' id='word_1_256' title='bbox 1383 1732 1610 1800; x_wconf 81' lang='grc' dir='ltr'>Ἑξόδου’</span> <span class='ocrx_word' id='word_1_257' title='bbox 1625 1734 1715 1787; x_wconf 87' lang='grc' dir='ltr'><strong>καί</strong></span> <span class='ocrx_word' id='word_1_258' title='bbox 1732 1749 1913 1804; x_wconf 81' lang='grc' dir='ltr'>φησιν·</span> 
     </span>
    </p>
   </div>
   <div class='ocr_carea' id='block_1_35' title="bbox 2018 1713 3586 1804">
    <p class='ocr_par' dir='ltr' id='par_1_35' title="bbox 2019 1722 3586 1796">
     <span class='ocr_line' id='line_1_35' title="bbox 2019 1722 3586 1796; baseline 0.006 -23"><span class='ocrx_word' id='word_1_259' title='bbox 2019 1736 2082 1775; x_wconf 91' lang='lat' dir='ltr'><strong>ac</strong></span> <span class='ocrx_word' id='word_1_260' title='bbox 2125 1722 2294 1789; x_wconf 89' lang='lat' dir='ltr'><strong>dicit;</strong></span> <span class='ocrx_word' id='word_1_261' title='bbox 2339 1725 2419 1778; x_wconf 86' lang='lat' dir='ltr'><strong>eis</strong></span> <span class='ocrx_word' id='word_1_262' title='bbox 2478 1725 2569 1793; x_wconf 91' lang='lat' dir='ltr'><strong>qui</strong></span> <span class='ocrx_word' id='word_1_263' title='bbox 2616 1724 2884 1793; x_wconf 83' lang='lat' dir='ltr'><strong>ejusmodi</strong></span> <span class='ocrx_word' id='word_1_264' title='bbox 2955 1724 3319 1796; x_wconf 86' lang='lat' dir='ltr'><strong>loquebantur</strong></span> <span class='ocrx_word' id='word_1_265' title='bbox 3371 1728 3451 1782; x_wconf 89' lang='lat' dir='ltr'><strong>sic</strong></span> <span class='ocrx_word' id='word_1_266' title='bbox 3509 1730 3586 1782; x_wconf 80' lang='lat' dir='ltr'><strong>ait</strong></span> 
     </span>
    </p>
   </div>
   <div class='ocr_carea' id='block_1_36' title="bbox 344 1821 1911 1898">
    <p class='ocr_par' dir='ltr' id='par_1_36' title="bbox 344 1821 1911 1898">
     <span class='ocr_line' id='line_1_36' title="bbox 344 1821 1911 1898; baseline 0.003 -24"><span class='ocrx_word' id='word_1_267' title='bbox 344 1821 488 1894; x_wconf 81' lang='grc' dir='ltr'>πρὸς</span> <span class='ocrx_word' id='word_1_268' title='bbox 507 1823 630 1886; x_wconf 80' lang='grc' dir='ltr'>τοὺς</span> <span class='ocrx_word' id='word_1_269' title='bbox 652 1822 785 1889; x_wconf 72' lang='grc'><strong>(52⁸)</strong></span> <span class='ocrx_word' id='word_1_270' title='bbox 810 1822 1145 1892; x_wconf 88' lang='grc' dir='ltr'>λέγονταςτά</span> <span class='ocrx_word' id='word_1_271' title='bbox 1171 1825 1433 1896; x_wconf 74' lang='grc' dir='ltr'>εἰρημένα</span> <span class='ocrx_word' id='word_1_272' title='bbox 1462 1826 1624 1898; x_wconf 75' lang='grc' dir='ltr'>φησὶν</span> <span class='ocrx_word' id='word_1_273' title='bbox 1642 1828 1671 1879; x_wconf 88' lang='lat'><strong>6</strong></span> <span class='ocrx_word' id='word_1_274' title='bbox 1702 1826 1911 1897; x_wconf 73' lang='grc' dir='ltr'>Πατήρο</span> 
     </span>
    </p>
   </div>
   <div class='ocr_carea' id='block_1_37' title="bbox 815 1917 1314 1970">
    <p class='ocr_par' dir='ltr' id='par_1_37' title="bbox 815 1917 1314 1970">
     <span class='ocr_line' id='line_1_37' title="bbox 815 1917 1314 1970; baseline 0 -1"><span class='ocrx_word' id='word_1_275' title='bbox 815 1924 822 1931; x_wconf 86' lang='grc'><strong>’</strong></span> <span class='ocrx_word' id='word_1_276' title='bbox 968 1917 1205 1970; x_wconf 81' lang='grc' dir='ltr'>ΚΑΝΩΝ</span> <span class='ocrx_word' id='word_1_277' title='bbox 1245 1921 1276 1969; x_wconf 85' lang='grc' dir='ltr'><strong>Δ</strong></span> <span class='ocrx_word' id='word_1_278' title='bbox 1295 1951 1314 1969; x_wconf 87' lang='grc'><strong>.</strong></span> 
     </span>
    </p>
   </div>
   <div class='ocr_carea' id='block_1_38' title="bbox 422 2004 1914 2078">
    <p class='ocr_par' dir='ltr' id='par_1_38' title="bbox 422 2004 1914 2078">
     <span class='ocr_line' id='line_1_38' title="bbox 422 2004 1914 2078; baseline 0.002 -22"><span class='ocrx_word' id='word_1_279' title='bbox 422 2021 443 2055; x_wconf 71' lang='grc' dir='ltr'><strong>ι</strong></span> <span class='ocrx_word' id='word_1_280' title='bbox 483 2004 689 2075; x_wconf 76' lang='grc' dir='ltr'>Μηδεὶς</span> <span class='ocrx_word' id='word_1_281' title='bbox 707 2005 1025 2070; x_wconf 79' lang='grc' dir='ltr'>ἐξαπατάτω</span> <span class='ocrx_word' id='word_1_282' title='bbox 1051 2008 1260 2069; x_wconf 78' lang='grc' dir='ltr'>ἐαυτὸν,</span> <span class='ocrx_word' id='word_1_283' title='bbox 1294 2008 1429 2078; x_wconf 81' lang='grc' dir='ltr'>μήτε</span> <span class='ocrx_word' id='word_1_284' title='bbox 1456 2007 1529 2070; x_wconf 81' lang='grc' dir='ltr'>ὡς</span> <span class='ocrx_word' id='word_1_285' title='bbox 1561 2007 1734 2078; x_wconf 82' lang='grc' dir='ltr'>εὑρὼν</span> <span class='ocrx_word' id='word_1_286' title='bbox 1752 2024 1764 2037; x_wconf 91' lang='grc'><strong>·</strong></span> <span class='ocrx_word' id='word_1_287' title='bbox 1793 2005 1914 2061; x_wconf 71' lang='grc' dir='ltr'>οὔτε</span> 
     </span>
    </p>
   </div>
   <div class='ocr_carea' id='block_1_39' title="bbox 346 2095 1916 2171">
    <p class='ocr_par' dir='ltr' id='par_1_39' title="bbox 346 2095 1916 2171">
     <span class='ocr_line' id='line_1_39' title="bbox 346 2095 1916 2171; baseline 0.004 -23"><span class='ocrx_word' id='word_1_288' title='bbox 346 2115 369 2148; x_wconf 73' lang='grc' dir='ltr'><strong>ι</strong></span> <span class='ocrx_word' id='word_1_289' title='bbox 406 2095 515 2168; x_wconf 77' lang='grc' dir='ltr'><strong>γὰρ</strong></span> <span class='ocrx_word' id='word_1_290' title='bbox 538 2096 763 2168; x_wconf 83' lang='grc' dir='ltr'>εὑρόντα</span> <span class='ocrx_word' id='word_1_291' title='bbox 793 2098 1089 2170; x_wconf 81' lang='grc' dir='ltr'>κερδαίνειν</span> <span class='ocrx_word' id='word_1_292' title='bbox 1122 2101 1318 2165; x_wconf 81' lang='grc' dir='ltr'>ἔξεστι.</span> <span class='ocrx_word' id='word_1_293' title='bbox 1353 2100 1489 2170; x_wconf 58' lang='grc' dir='ltr'><strong>Φησὶ⁴</strong></span> <span class='ocrx_word' id='word_1_294' title='bbox 1517 2101 1622 2171; x_wconf 80' lang='grc' dir='ltr'>γὰρ</span> <span class='ocrx_word' id='word_1_295' title='bbox 1643 2103 1700 2154; x_wconf 79' lang='grc' dir='ltr'>τὸ</span> <span class='ocrx_word' id='word_1_296' title='bbox 1726 2104 1916 2154; x_wconf 89' lang='grc' dir='ltr'>Δευτε-</span> 
     </span>
    </p>
   </div>
   <div class='ocr_carea' id='block_1_40' title="bbox 345 2187 1915 2260">
    <p class='ocr_par' dir='ltr' id='par_1_40' title="bbox 345 2187 1915 2260">
     <span class='ocr_line' id='line_1_40' title="bbox 345 2187 1915 2260; baseline 0.005 -23"><span class='ocrx_word' id='word_1_297' title='bbox 345 2205 367 2237; x_wconf 70' lang='grc' dir='ltr'><strong>ι</strong></span> <span class='ocrx_word' id='word_1_298' title='bbox 403 2187 670 2257; x_wconf 83' lang='grc' dir='ltr'>ρονόμιον’</span> <span class='ocrx_word' id='word_1_299' title='bbox 694 2188 813 2254; x_wconf 76' lang='grc' dir='ltr'><strong>Μὴ,</strong></span> <span class='ocrx_word' id='word_1_300' title='bbox 833 2188 972 2241; x_wconf 80' lang='grc' dir='ltr'>ἰδὼν</span> <span class='ocrx_word' id='word_1_301' title='bbox 1000 2188 1105 2241; x_wconf 72' lang='grc' dir='ltr'><strong>τὸν</strong></span> <span class='ocrx_word' id='word_1_302' title='bbox 1110 2191 1350 2258; x_wconf 83' lang='grc' dir='ltr'>μόσχον</span> <span class='ocrx_word' id='word_1_303' title='bbox 1378 2190 1482 2243; x_wconf 87' lang='grc' dir='ltr'><strong>τοῦ</strong></span> <span class='ocrx_word' id='word_1_304' title='bbox 1508 2190 1772 2260; x_wconf 63' lang='grc' dir='ltr'>ἀδελφοῦ</span> <span class='ocrx_word' id='word_1_305' title='bbox 1798 2207 1915 2245; x_wconf 87' lang='grc' dir='ltr'><strong>σου</strong></span> 
     </span>
    </p>
   </div>
   <div class='ocr_carea' id='block_1_41' title="bbox 344 2277 1913 2349">
    <p class='ocr_par' dir='ltr' id='par_1_41' title="bbox 344 2277 1913 2349">
     <span class='ocr_line' id='line_1_41' title="bbox 344 2277 1913 2349; baseline 0.004 -21"><span class='ocrx_word' id='word_1_306' title='bbox 344 2295 366 2327; x_wconf 73' lang='lat' dir='ltr'><strong>c</strong></span> <span class='ocrx_word' id='word_1_307' title='bbox 410 2277 510 2330; x_wconf 83' lang='grc' dir='ltr'><strong>καί</strong></span> <span class='ocrx_word' id='word_1_308' title='bbox 559 2278 624 2331; x_wconf 84' lang='grc' dir='ltr'>τὸ</span> <span class='ocrx_word' id='word_1_309' title='bbox 672 2281 967 2347; x_wconf 75' lang='grc' dir='ltr'>πρόϐατον</span> <span class='ocrx_word' id='word_1_310' title='bbox 1019 2279 1372 2349; x_wconf 75' lang='grc' dir='ltr'>πλανώμενα</span> <span class='ocrx_word' id='word_1_311' title='bbox 1407 2282 1475 2334; x_wconf 72' lang='grc' dir='ltr'>ἐν</span> <span class='ocrx_word' id='word_1_312' title='bbox 1526 2280 1599 2349; x_wconf 75' lang='grc' dir='ltr'>τῇ</span> <span class='ocrx_word' id='word_1_313' title='bbox 1636 2279 1775 2347; x_wconf 78' lang='grc' dir='ltr'>ὀδῷ,</span> <span class='ocrx_word' id='word_1_314' title='bbox 1808 2296 1913 2335; x_wconf 75' lang='grc' dir='ltr'>πε-</span> 
     </span>
    </p>
   </div>
   <div class='ocr_carea' id='block_1_42' title="bbox 345 2368 1916 2441">
    <p class='ocr_par' dir='ltr' id='par_1_42' title="bbox 345 2368 1916 2441">
     <span class='ocr_line' id='line_1_42' title="bbox 345 2368 1916 2441; baseline 0.004 -21"><span class='ocrx_word' id='word_1_315' title='bbox 345 2384 369 2419; x_wconf 76' lang='grc'><strong>(</strong></span> <span class='ocrx_word' id='word_1_316' title='bbox 396 2368 596 2436; x_wconf 79' lang='grc' dir='ltr'>ριῖδῃς</span> <span class='ocrx_word' id='word_1_317' title='bbox 619 2369 1164 2441; x_wconf 68' lang='grc' dir='ltr'>αὐτὰ,ἀποστροερῇ</span> <span class='ocrx_word' id='word_1_318' title='bbox 1198 2372 1599 2441; x_wconf 72' lang='grc' dir='ltr'>ἀποστρέψεις</span> <span class='ocrx_word' id='word_1_319' title='bbox 1637 2374 1788 2427; x_wconf 84' lang='grc' dir='ltr'>αὐτὰ</span> <span class='ocrx_word' id='word_1_320' title='bbox 1834 2372 1916 2439; x_wconf 84' lang='grc' dir='ltr'>τῷ</span> 
     </span>
    </p>
   </div>
   <div class='ocr_carea' id='block_1_43' title="bbox 343 2460 1912 2534">
    <p class='ocr_par' dir='ltr' id='par_1_43' title="bbox 343 2460 1912 2534">
     <span class='ocr_line' id='line_1_43' title="bbox 343 2460 1912 2534; baseline 0.004 -21"><span class='ocrx_word' id='word_1_321' title='bbox 343 2477 368 2512; x_wconf 69' lang='grc'><strong>1</strong></span> <span class='ocrx_word' id='word_1_322' title='bbox 405 2460 650 2530; x_wconf 68' lang='grc' dir='ltr'>ἀδελφῷ</span> <span class='ocrx_word' id='word_1_323' title='bbox 704 2477 841 2517; x_wconf 86' lang='grc' dir='ltr'>σου.</span> <span class='ocrx_word' id='word_1_324' title='bbox 914 2464 1047 2516; x_wconf 79' lang='grc' dir='ltr'><strong>Ἐὰν</strong></span> <span class='ocrx_word' id='word_1_325' title='bbox 1111 2463 1178 2516; x_wconf 82' lang='grc' dir='ltr'>δὲ</span> <span class='ocrx_word' id='word_1_326' title='bbox 1236 2463 1322 2532; x_wconf 82' lang='grc' dir='ltr'>μὴ</span> <span class='ocrx_word' id='word_1_327' title='bbox 1372 2464 1620 2534; x_wconf 75' lang='grc' dir='ltr'>ἐγγίζῃό</span> <span class='ocrx_word' id='word_1_328' title='bbox 1652 2464 1912 2534; x_wconf 65' lang='grc' dir='ltr'>ἀδελφός</span> 
     </span>
    </p>
   </div>
   <div class='ocr_carea' id='block_1_44' title="bbox 348 2552 1915 2625">
    <p class='ocr_par' dir='ltr' id='par_1_44' title="bbox 348 2552 1915 2625">
     <span class='ocr_line' id='line_1_44' title="bbox 348 2552 1915 2625; baseline 0.005 -22"><span class='ocrx_word' id='word_1_329' title='bbox 348 2571 369 2603; x_wconf 77' lang='grc' dir='ltr'>ι</span> <span class='ocrx_word' id='word_1_330' title='bbox 401 2570 521 2607; x_wconf 86' lang='grc' dir='ltr'>σου</span> <span class='ocrx_word' id='word_1_331' title='bbox 577 2552 725 2621; x_wconf 80' lang='grc' dir='ltr'>πρὸς</span> <span class='ocrx_word' id='word_1_332' title='bbox 792 2553 885 2618; x_wconf 85' lang='grc' dir='ltr'>σὲ,</span> <span class='ocrx_word' id='word_1_333' title='bbox 935 2554 1089 2625; x_wconf 82' lang='grc' dir='ltr'><strong>μηδέ</strong></span> <span class='ocrx_word' id='word_1_334' title='bbox 1139 2555 1460 2610; x_wconf 75' lang='grc' dir='ltr'>ἐπίστασαι</span> <span class='ocrx_word' id='word_1_335' title='bbox 1523 2556 1729 2621; x_wconf 78' lang='grc' dir='ltr'>αὑτὸν,</span> <span class='ocrx_word' id='word_1_336' title='bbox 1773 2571 1915 2611; x_wconf 79' lang='grc' dir='ltr'>συν-</span> 
     </span>
    </p>
   </div>
   <div class='ocr_carea' id='block_1_45' title="bbox 345 2644 1915 2717">
    <p class='ocr_par' dir='ltr' id='par_1_45' title="bbox 345 2644 1915 2717">
     <span class='ocr_line' id='line_1_45' title="bbox 345 2644 1915 2717; baseline 0.004 -20"><span class='ocrx_word' id='word_1_337' title='bbox 345 2662 369 2696; x_wconf 73' lang='grc'><strong>(</strong></span> <span class='ocrx_word' id='word_1_338' title='bbox 403 2644 572 2712; x_wconf 79' lang='grc' dir='ltr'>άξεις</span> <span class='ocrx_word' id='word_1_339' title='bbox 621 2645 791 2710; x_wconf 83' lang='grc' dir='ltr'>αὐτὰ,</span> <span class='ocrx_word' id='word_1_340' title='bbox 822 2647 919 2699; x_wconf 79' lang='grc' dir='ltr'><strong>καί</strong></span> <span class='ocrx_word' id='word_1_341' title='bbox 978 2648 1147 2701; x_wconf 74' lang='grc' dir='ltr'>ἔσται</span> <span class='ocrx_word' id='word_1_342' title='bbox 1195 2649 1342 2717; x_wconf 81' lang='grc' dir='ltr'>μετὰ</span> <span class='ocrx_word' id='word_1_343' title='bbox 1394 2648 1530 2713; x_wconf 85' lang='grc' dir='ltr'>σοῦ,</span> <span class='ocrx_word' id='word_1_344' title='bbox 1569 2650 1681 2716; x_wconf 82' lang='grc' dir='ltr'>ἓως</span> <span class='ocrx_word' id='word_1_345' title='bbox 1710 2648 1788 2703; x_wconf 79' lang='grc' dir='ltr'><strong>ἂν</strong></span> <span class='ocrx_word' id='word_1_346' title='bbox 1815 2650 1915 2703; x_wconf 79' lang='grc' dir='ltr'>ἐκ-</span> 
     </span>
    </p>
   </div>
   <div class='ocr_carea' id='block_1_46' title="bbox 350 2734 1914 2807">
    <p class='ocr_par' dir='ltr' id='par_1_46' title="bbox 350 2734 1914 2807">
     <span class='ocr_line' id='line_1_46' title="bbox 350 2734 1914 2807; baseline 0.005 -20"><span class='ocrx_word' id='word_1_347' title='bbox 350 2752 373 2787; x_wconf 68' lang='grc'><strong>(</strong></span> <span class='ocrx_word' id='word_1_348' title='bbox 405 2734 632 2805; x_wconf 76' lang='grc' dir='ltr'>ζητήσῃ</span> <span class='ocrx_word' id='word_1_349' title='bbox 680 2737 830 2791; x_wconf 80' lang='grc' dir='ltr'>αὐτὰ</span> <span class='ocrx_word' id='word_1_350' title='bbox 876 2742 907 2793; x_wconf 83' lang='grc' dir='ltr'><strong>ό</strong></span> <span class='ocrx_word' id='word_1_351' title='bbox 942 2737 1201 2807; x_wconf 66' lang='grc' dir='ltr'>ἀδελφός</span> <span class='ocrx_word' id='word_1_352' title='bbox 1241 2754 1381 2806; x_wconf 88' lang='grc' dir='ltr'>σου,</span> <span class='ocrx_word' id='word_1_353' title='bbox 1430 2741 1526 2794; x_wconf 83' lang='grc' dir='ltr'><strong>καί</strong></span> <span class='ocrx_word' id='word_1_354' title='bbox 1576 2740 1914 2807; x_wconf 76' lang='grc' dir='ltr'>ἀποδώσεις</span> 
     </span>
    </p>
   </div>
   <div class='ocr_carea' id='block_1_47' title="bbox 353 2829 1909 2897">
    <p class='ocr_par' dir='ltr' id='par_1_47' title="bbox 353 2829 1909 2897">
     <span class='ocr_line' id='line_1_47' title="bbox 353 2829 1909 2897; baseline 0.004 -18"><span class='ocrx_word' id='word_1_355' title='bbox 353 2846 377 2879; x_wconf 72' lang='grc' dir='ltr'><strong>ι</strong></span> <span class='ocrx_word' id='word_1_356' title='bbox 412 2829 582 2883; x_wconf 77' lang='grc' dir='ltr'>αὐτὰ.</span> <span class='ocrx_word' id='word_1_357' title='bbox 620 2830 726 2883; x_wconf 79' lang='grc' dir='ltr'><strong>Καὶ</strong></span> <span class='ocrx_word' id='word_1_358' title='bbox 763 2830 914 2883; x_wconf 84' lang='grc' dir='ltr'>οὓτω</span> <span class='ocrx_word' id='word_1_359' title='bbox 953 2831 1221 2897; x_wconf 78' lang='grc' dir='ltr'>ποιήσεις</span> <span class='ocrx_word' id='word_1_360' title='bbox 1244 2831 1351 2885; x_wconf 78' lang='grc' dir='ltr'><strong>τὸν</strong></span> <span class='ocrx_word' id='word_1_361' title='bbox 1392 2833 1535 2885; x_wconf 74' lang='grc' dir='ltr'><strong>ὄνον</strong></span> <span class='ocrx_word' id='word_1_362' title='bbox 1561 2832 1780 2897; x_wconf 84' lang='grc' dir='ltr'>αὐτοῦ,</span> <span class='ocrx_word' id='word_1_363' title='bbox 1811 2834 1909 2886; x_wconf 69' lang='grc' dir='ltr'><strong>καί</strong></span> 
     </span>
    </p>
   </div>
   <div class='ocr_carea' id='block_1_48' title="bbox 350 2919 1913 2994">
    <p class='ocr_par' dir='ltr' id='par_1_48' title="bbox 350 2919 1913 2994">
     <span class='ocr_line' id='line_1_48' title="bbox 350 2919 1913 2994; baseline 0.006 -22"><span class='ocrx_word' id='word_1_364' title='bbox 350 2937 375 2972; x_wconf 71' lang='grc' dir='ltr'><strong>ε</strong></span> <span class='ocrx_word' id='word_1_365' title='bbox 408 2919 558 2974; x_wconf 82' lang='grc' dir='ltr'>οὕτω</span> <span class='ocrx_word' id='word_1_366' title='bbox 579 2920 848 2987; x_wconf 73' lang='grc' dir='ltr'>ποιήσεις</span> <span class='ocrx_word' id='word_1_367' title='bbox 869 2920 934 2973; x_wconf 83' lang='grc' dir='ltr'>τὸ</span> <span class='ocrx_word' id='word_1_368' title='bbox 956 2922 1186 2991; x_wconf 78' lang='grc' dir='ltr'>ίμάτιον</span> <span class='ocrx_word' id='word_1_369' title='bbox 1206 2922 1410 2986; x_wconf 79' lang='grc' dir='ltr'>αὑτοῦ,</span> <span class='ocrx_word' id='word_1_370' title='bbox 1435 2924 1533 2976; x_wconf 81' lang='grc' dir='ltr'>καὶ</span> <span class='ocrx_word' id='word_1_371' title='bbox 1560 2926 1711 2978; x_wconf 83' lang='grc' dir='ltr'>οὕτω</span> <span class='ocrx_word' id='word_1_372' title='bbox 1746 2926 1913 2994; x_wconf 48' lang='lat' dir='ltr'><strong>axoni.</strong></span> 
     </span>
    </p>
   </div>
   <div class='ocr_carea' id='block_1_49' title="bbox 2016 1810 2211 1869">
    <p class='ocr_par' dir='ltr' id='par_1_49' title="bbox 2016 1810 2211 1869">
     <span class='ocr_line' id='line_1_49' title="bbox 2016 1810 2211 1869; baseline 0.021 -4"><span class='ocrx_word' id='word_1_373' title='bbox 2016 1810 2211 1869; x_wconf 80' lang='lat' dir='ltr'><strong>Pater:</strong></span> 
     </span>
    </p>
   </div>
   <div class='ocr_carea' id='block_1_50' title="bbox 2618 1903 2975 1961">
    <p class='ocr_par' dir='ltr' id='par_1_50' title="bbox 2618 1903 2975 1961">
     <span class='ocr_line' id='line_1_50' title="bbox 2618 1903 2975 1961; baseline -0.006 0"><span class='ocrx_word' id='word_1_374' title='bbox 2618 1903 2845 1961; x_wconf 80' lang='lat' dir='ltr'><strong>CANON</strong></span> <span class='ocrx_word' id='word_1_375' title='bbox 2885 1905 2975 1959; x_wconf 71' lang='grc' dir='ltr'>ιν.</span> 
     </span>
    </p>
   </div>
   <div class='ocr_carea' id='block_1_51' title="bbox 2092 1999 3581 2071">
    <p class='ocr_par' dir='ltr' id='par_1_51' title="bbox 2092 1999 3581 2071">
     <span class='ocr_line' id='line_1_51' title="bbox 2092 1999 3581 2071; baseline 0.001 -16"><span class='ocrx_word' id='word_1_376' title='bbox 2092 2020 2111 2055; x_wconf 86' lang='grc' dir='ltr'><strong>ι</strong></span> <span class='ocrx_word' id='word_1_377' title='bbox 2152 2001 2323 2055; x_wconf 83' lang='lat' dir='ltr'><strong>Nemo</strong></span> <span class='ocrx_word' id='word_1_378' title='bbox 2371 2001 2609 2070; x_wconf 89' lang='lat' dir='ltr'><strong>seipsum</strong></span> <span class='ocrx_word' id='word_1_379' title='bbox 2639 2002 2889 2065; x_wconf 86' lang='lat' dir='ltr'><strong>seducat,</strong></span> <span class='ocrx_word' id='word_1_380' title='bbox 2916 2014 3092 2069; x_wconf 92' lang='lat' dir='ltr'><strong>neque</strong></span> <span class='ocrx_word' id='word_1_381' title='bbox 3122 2008 3381 2071; x_wconf 89' lang='lat' dir='ltr'><strong>tanquam</strong></span> <span class='ocrx_word' id='word_1_382' title='bbox 3424 1999 3581 2056; x_wconf 83' lang='lat' dir='ltr'><strong>inve-</strong></span> 
     </span>
    </p>
   </div>
   <div class='ocr_carea' id='block_1_52' title="bbox 2023 2092 3582 2163">
    <p class='ocr_par' dir='ltr' id='par_1_52' title="bbox 2023 2092 3582 2163">
     <span class='ocr_line' id='line_1_52' title="bbox 2023 2092 3582 2163; baseline -0.001 -17"><span class='ocrx_word' id='word_1_383' title='bbox 2023 2111 2043 2146; x_wconf 76' lang='grc' dir='ltr'><strong>ι</strong></span> <span class='ocrx_word' id='word_1_384' title='bbox 2078 2096 2255 2149; x_wconf 91' lang='lat' dir='ltr'><strong>nerit:</strong></span> <span class='ocrx_word' id='word_1_385' title='bbox 2287 2109 2461 2163; x_wconf 84' lang='lat' dir='ltr'><strong>neque</strong></span> <span class='ocrx_word' id='word_1_386' title='bbox 2494 2095 2636 2148; x_wconf 91' lang='lat' dir='ltr'><strong>enim</strong></span> <span class='ocrx_word' id='word_1_387' title='bbox 2665 2092 2748 2148; x_wconf 88' lang='lat' dir='ltr'><strong>fas</strong></span> <span class='ocrx_word' id='word_1_388' title='bbox 2778 2102 2859 2147; x_wconf 86' lang='lat' dir='ltr'><strong>est</strong></span> <span class='ocrx_word' id='word_1_389' title='bbox 2898 2094 2947 2146; x_wconf 90' lang='lat' dir='ltr'><strong>ei</strong></span> <span class='ocrx_word' id='word_1_390' title='bbox 2978 2094 3072 2163; x_wconf 88' lang='lat' dir='ltr'><strong>qui</strong></span> <span class='ocrx_word' id='word_1_391' title='bbox 3113 2094 3319 2147; x_wconf 84' lang='lat' dir='ltr'><strong>invenit</strong></span> <span class='ocrx_word' id='word_1_392' title='bbox 3354 2092 3582 2147; x_wconf 83' lang='lat' dir='ltr'><strong>lucrifa-</strong></span> 
     </span>
    </p>
   </div>
   <div class='ocr_carea' id='block_1_53' title="bbox 2022 2181 3581 2255">
    <p class='ocr_par' dir='ltr' id='par_1_53' title="bbox 2022 2181 3581 2255">
     <span class='ocr_line' id='line_1_53' title="bbox 2022 2181 3581 2255; baseline -0.001 -18"><span class='ocrx_word' id='word_1_393' title='bbox 2022 2204 2042 2237; x_wconf 80' lang='grc' dir='ltr'><strong>ι</strong></span> <span class='ocrx_word' id='word_1_394' title='bbox 2074 2200 2216 2241; x_wconf 86' lang='lat' dir='ltr'><strong>cere.</strong></span> <span class='ocrx_word' id='word_1_395' title='bbox 2269 2184 2412 2239; x_wconf 79' lang='lat' dir='ltr'><strong>Dixit</strong></span> <span class='ocrx_word' id='word_1_396' title='bbox 2454 2185 2598 2239; x_wconf 86' lang='lat' dir='ltr'><strong>enim</strong></span> <span class='ocrx_word' id='word_1_397' title='bbox 2637 2183 3119 2245; x_wconf 83' lang='lat' dir='ltr'><strong>Deuteronomium</strong></span> <span class='ocrx_word' id='word_1_398' title='bbox 3168 2204 3181 2239; x_wconf 85' lang='lat'><strong>:</strong></span> <span class='ocrx_word' id='word_1_399' title='bbox 3233 2181 3349 2237; x_wconf 79' lang='lat' dir='ltr'><strong>Visa</strong></span> <span class='ocrx_word' id='word_1_400' title='bbox 3394 2185 3581 2255; x_wconf 83' lang='lat' dir='ltr'><strong>fratris</strong></span> 
     </span>
    </p>
   </div>
   <div class='ocr_carea' id='block_1_54' title="bbox 2023 2278 3580 2345">
    <p class='ocr_par' dir='ltr' id='par_1_54' title="bbox 2023 2278 3580 2345">
     <span class='ocr_line' id='line_1_54' title="bbox 2023 2278 3580 2345; baseline -0.003 -14"><span class='ocrx_word' id='word_1_401' title='bbox 2023 2297 2043 2331; x_wconf 74' lang='grc' dir='ltr'><strong>ι</strong></span> <span class='ocrx_word' id='word_1_402' title='bbox 2078 2280 2155 2332; x_wconf 83' lang='lat' dir='ltr'><strong>tui</strong></span> <span class='ocrx_word' id='word_1_403' title='bbox 2180 2278 2363 2340; x_wconf 80' lang='lat' dir='ltr'><strong>vitulo,</strong></span> <span class='ocrx_word' id='word_1_404' title='bbox 2382 2287 2431 2332; x_wconf 87' lang='lat' dir='ltr'><strong>et</strong></span> <span class='ocrx_word' id='word_1_405' title='bbox 2455 2292 2543 2331; x_wconf 86' lang='lat' dir='ltr'><strong>ove</strong></span> <span class='ocrx_word' id='word_1_406' title='bbox 2558 2288 2767 2331; x_wconf 85' lang='lat' dir='ltr'><strong>errante</strong></span> <span class='ocrx_word' id='word_1_407' title='bbox 2785 2278 2838 2331; x_wconf 84' lang='lat' dir='ltr'><strong>in</strong></span> <span class='ocrx_word' id='word_1_408' title='bbox 2866 2279 2946 2330; x_wconf 86' lang='lat' dir='ltr'><strong>via</strong></span> <span class='ocrx_word' id='word_1_409' title='bbox 2961 2316 2977 2341; x_wconf 90' lang='lat'><strong>,</strong></span> <span class='ocrx_word' id='word_1_410' title='bbox 2999 2294 3060 2331; x_wconf 86' lang='lat' dir='ltr'><strong>ea</strong></span> <span class='ocrx_word' id='word_1_411' title='bbox 3078 2294 3139 2331; x_wconf 87' lang='lat' dir='ltr'><strong>ne</strong></span> <span class='ocrx_word' id='word_1_412' title='bbox 3159 2278 3580 2345; x_wconf 74' lang='lat' dir='ltr'><strong>despexeris,sed</strong></span> 
     </span>
    </p>
   </div>
   <div class='ocr_carea' id='block_1_55' title="bbox 2022 2368 3581 2438">
    <p class='ocr_par' dir='ltr' id='par_1_55' title="bbox 2022 2368 3581 2438">
     <span class='ocr_line' id='line_1_55' title="bbox 2022 2368 3581 2438; baseline -0.003 -14"><span class='ocrx_word' id='word_1_413' title='bbox 2022 2391 2039 2424; x_wconf 80' lang='grc' dir='ltr'><strong>ι</strong></span> <span class='ocrx_word' id='word_1_414' title='bbox 2073 2389 2133 2426; x_wconf 89' lang='lat' dir='ltr'><strong>ea</strong></span> <span class='ocrx_word' id='word_1_415' title='bbox 2162 2371 2488 2425; x_wconf 77' lang='lat' dir='ltr'><strong>restitutione</strong></span> <span class='ocrx_word' id='word_1_416' title='bbox 2529 2369 2775 2423; x_wconf 74' lang='lat' dir='ltr'><strong>restitues</strong></span> <span class='ocrx_word' id='word_1_417' title='bbox 2803 2371 2962 2438; x_wconf 80' lang='lat' dir='ltr'><strong>fratri</strong></span> <span class='ocrx_word' id='word_1_418' title='bbox 2989 2379 3098 2425; x_wconf 72' lang='lat' dir='ltr'><strong>tuo.</strong></span> <span class='ocrx_word' id='word_1_419' title='bbox 3127 2368 3224 2426; x_wconf 79' lang='lat' dir='ltr'><strong>Sin</strong></span> <span class='ocrx_word' id='word_1_420' title='bbox 3258 2382 3435 2422; x_wconf 83' lang='lat' dir='ltr'><strong>autem</strong></span> <span class='ocrx_word' id='word_1_421' title='bbox 3468 2369 3581 2435; x_wconf 87' lang='lat' dir='ltr'><strong>fra-</strong></span> 
     </span>
    </p>
   </div>
   <div class='ocr_carea' id='block_1_56' title="bbox 1976 2463 3577 2551">
    <p class='ocr_par' dir='ltr' id='par_1_56' title="bbox 1976 2463 3577 2551">
     <span class='ocr_line' id='line_1_56' title="bbox 1976 2463 3577 2551; baseline -0.001 -34"><span class='ocrx_word' id='word_1_422' title='bbox 1976 2528 1988 2551; x_wconf 27' lang='grc' dir='ltr'><strong>ὶ</strong></span> <span class='ocrx_word' id='word_1_423' title='bbox 2021 2483 2041 2517; x_wconf 72' lang='grc' dir='ltr'><strong>ι</strong></span> <span class='ocrx_word' id='word_1_424' title='bbox 2080 2475 2158 2517; x_wconf 88' lang='lat' dir='ltr'><strong>ter</strong></span> <span class='ocrx_word' id='word_1_425' title='bbox 2184 2474 2302 2519; x_wconf 82' lang='lat' dir='ltr'><strong>tuus</strong></span> <span class='ocrx_word' id='word_1_426' title='bbox 2326 2466 2394 2518; x_wconf 85' lang='lat' dir='ltr'><strong>ad</strong></span> <span class='ocrx_word' id='word_1_427' title='bbox 2422 2475 2468 2518; x_wconf 89' lang='lat' dir='ltr'><strong>te</strong></span> <span class='ocrx_word' id='word_1_428' title='bbox 2483 2482 2585 2519; x_wconf 82' lang='lat' dir='ltr'><strong>non</strong></span> <span class='ocrx_word' id='word_1_429' title='bbox 2610 2466 2954 2534; x_wconf 75' lang='lat' dir='ltr'><strong>approximet,</strong></span> <span class='ocrx_word' id='word_1_430' title='bbox 2980 2479 3138 2532; x_wconf 87' lang='lat' dir='ltr'><strong>neque</strong></span> <span class='ocrx_word' id='word_1_431' title='bbox 3156 2463 3330 2530; x_wconf 83' lang='lat' dir='ltr'><strong>ipsum</strong></span> <span class='ocrx_word' id='word_1_432' title='bbox 3353 2463 3577 2525; x_wconf 72' lang='lat' dir='ltr'><strong>noveris,</strong></span> 
     </span>
    </p>
   </div>
   <div class='ocr_carea' id='block_1_57' title="bbox 2020 2555 3578 2627">
    <p class='ocr_par' dir='ltr' id='par_1_57' title="bbox 2020 2555 3578 2627">
     <span class='ocr_line' id='line_1_57' title="bbox 2020 2555 3578 2627; baseline -0.002 -18"><span class='ocrx_word' id='word_1_433' title='bbox 2020 2574 2041 2609; x_wconf 73' lang='grc' dir='ltr'><em>ς</em></span> <span class='ocrx_word' id='word_1_434' title='bbox 2078 2572 2225 2627; x_wconf 82' lang='lat' dir='ltr'><strong>coges</strong></span> <span class='ocrx_word' id='word_1_435' title='bbox 2274 2572 2335 2610; x_wconf 88' lang='lat' dir='ltr'><strong>ea</strong></span> <span class='ocrx_word' id='word_1_436' title='bbox 2380 2568 2429 2611; x_wconf 86' lang='lat' dir='ltr'><strong>et</strong></span> <span class='ocrx_word' id='word_1_437' title='bbox 2458 2560 2595 2626; x_wconf 82' lang='lat' dir='ltr'><strong>apud</strong></span> <span class='ocrx_word' id='word_1_438' title='bbox 2636 2568 2683 2611; x_wconf 84' lang='lat' dir='ltr'><strong>te</strong></span> <span class='ocrx_word' id='word_1_439' title='bbox 2721 2564 2894 2620; x_wconf 88' lang='lat' dir='ltr'><strong>erunt,</strong></span> <span class='ocrx_word' id='word_1_440' title='bbox 2942 2555 3103 2607; x_wconf 87' lang='lat' dir='ltr'><strong>donec</strong></span> <span class='ocrx_word' id='word_1_441' title='bbox 3145 2571 3208 2608; x_wconf 88' lang='lat' dir='ltr'><strong>ea</strong></span> <span class='ocrx_word' id='word_1_442' title='bbox 3253 2555 3417 2624; x_wconf 77' lang='lat' dir='ltr'><strong>frater</strong></span> <span class='ocrx_word' id='word_1_443' title='bbox 3457 2564 3578 2607; x_wconf 77' lang='lat' dir='ltr'><strong>tuus</strong></span> 
     </span>
    </p>
   </div>
   <div class='ocr_carea' id='block_1_58' title="bbox 2020 2646 3577 2719">
    <p class='ocr_par' dir='ltr' id='par_1_58' title="bbox 2020 2646 3577 2719">
     <span class='ocr_line' id='line_1_58' title="bbox 2020 2646 3577 2719; baseline 0.001 -20"><span class='ocrx_word' id='word_1_444' title='bbox 2020 2666 2041 2699; x_wconf 81' lang='grc' dir='ltr'><strong>ι</strong></span> <span class='ocrx_word' id='word_1_445' title='bbox 2075 2648 2361 2719; x_wconf 76' lang='lat' dir='ltr'><strong>quwsierit,</strong></span> <span class='ocrx_word' id='word_1_446' title='bbox 2387 2658 2435 2702; x_wconf 89' lang='lat' dir='ltr'><strong>et</strong></span> <span class='ocrx_word' id='word_1_447' title='bbox 2465 2650 2646 2702; x_wconf 77' lang='lat' dir='ltr'><strong>reddes</strong></span> <span class='ocrx_word' id='word_1_448' title='bbox 2675 2663 2771 2711; x_wconf 85' lang='lat' dir='ltr'><strong>ea;</strong></span> <span class='ocrx_word' id='word_1_449' title='bbox 2798 2656 2847 2699; x_wconf 85' lang='lat' dir='ltr'><strong>et</strong></span> <span class='ocrx_word' id='word_1_450' title='bbox 2874 2649 2949 2699; x_wconf 83' lang='lat' dir='ltr'><strong>sic</strong></span> <span class='ocrx_word' id='word_1_451' title='bbox 2977 2646 3137 2715; x_wconf 81' lang='lat' dir='ltr'><strong>facies</strong></span> <span class='ocrx_word' id='word_1_452' title='bbox 3170 2646 3234 2700; x_wconf 86' lang='lat' dir='ltr'><strong>de</strong></span> <span class='ocrx_word' id='word_1_453' title='bbox 3260 2646 3374 2715; x_wconf 85' lang='lat' dir='ltr'><strong>ejus</strong></span> <span class='ocrx_word' id='word_1_454' title='bbox 3404 2648 3577 2714; x_wconf 67' lang='lat' dir='ltr'><strong>asino,</strong></span> 
     </span>
    </p>
   </div>
   <div class='ocr_carea' id='block_1_59' title="bbox 2020 2740 3578 2811">
    <p class='ocr_par' dir='ltr' id='par_1_59' title="bbox 2020 2740 3578 2811">
     <span class='ocr_line' id='line_1_59' title="bbox 2020 2740 3578 2811; baseline 0 -18"><span class='ocrx_word' id='word_1_455' title='bbox 2020 2760 2040 2793; x_wconf 81' lang='grc' dir='ltr'><strong>ι</strong></span> <span class='ocrx_word' id='word_1_456' title='bbox 2071 2753 2120 2795; x_wconf 85' lang='grc' dir='ltr'><strong>ει</strong></span> <span class='ocrx_word' id='word_1_457' title='bbox 2146 2742 2222 2797; x_wconf 82' lang='lat' dir='ltr'><strong>sic</strong></span> <span class='ocrx_word' id='word_1_458' title='bbox 2252 2742 2414 2811; x_wconf 87' lang='lat' dir='ltr'><strong>facies</strong></span> <span class='ocrx_word' id='word_1_459' title='bbox 2437 2742 2500 2795; x_wconf 88' lang='lat' dir='ltr'><strong>de</strong></span> <span class='ocrx_word' id='word_1_460' title='bbox 2522 2741 2633 2807; x_wconf 81' lang='lat' dir='ltr'><strong>eius</strong></span> <span class='ocrx_word' id='word_1_461' title='bbox 2656 2750 2827 2803; x_wconf 79' lang='lat' dir='ltr'><strong>veste;</strong></span> <span class='ocrx_word' id='word_1_462' title='bbox 2851 2749 2899 2792; x_wconf 87' lang='lat' dir='ltr'><strong>et</strong></span> <span class='ocrx_word' id='word_1_463' title='bbox 2924 2740 3000 2793; x_wconf 81' lang='lat' dir='ltr'><strong>sic</strong></span> <span class='ocrx_word' id='word_1_464' title='bbox 3026 2740 3190 2808; x_wconf 85' lang='lat' dir='ltr'><strong>facies</strong></span> <span class='ocrx_word' id='word_1_465' title='bbox 3222 2748 3340 2809; x_wconf 84' lang='lat' dir='ltr'><strong>post</strong></span> <span class='ocrx_word' id='word_1_466' title='bbox 3372 2756 3578 2793; x_wconf 73' lang='lat' dir='ltr'><strong>omnem</strong></span> 
     </span>
    </p>
   </div>
   <div class='ocr_carea' id='block_1_60' title="bbox 2017 2831 3577 2903">
    <p class='ocr_par' dir='ltr' id='par_1_60' title="bbox 2017 2831 3577 2903">
     <span class='ocr_line' id='line_1_60' title="bbox 2017 2831 3577 2903; baseline 0.002 -18"><span class='ocrx_word' id='word_1_467' title='bbox 2017 2833 2415 2903; x_wconf 66' lang='lat' dir='ltr'><strong>«perditionem</strong></span> <span class='ocrx_word' id='word_1_468' title='bbox 2458 2831 2669 2900; x_wconf 79' lang='lat' dir='ltr'><strong>fratris,</strong></span> <span class='ocrx_word' id='word_1_469' title='bbox 2718 2846 3034 2901; x_wconf 65' lang='lat' dir='ltr'><strong>quacunque</strong></span> <span class='ocrx_word' id='word_1_470' title='bbox 3075 2833 3176 2900; x_wconf 77' lang='lat' dir='ltr'><strong>ipsi</strong></span> <span class='ocrx_word' id='word_1_471' title='bbox 3209 2832 3491 2900; x_wconf 85' lang='lat' dir='ltr'><strong>perierint,</strong></span> <span class='ocrx_word' id='word_1_472' title='bbox 3525 2844 3577 2888; x_wconf 81' lang='lat' dir='ltr'><strong>et</strong></span> 
     </span>
    </p>
   </div>
   <div class='ocr_carea' id='block_1_61' title="bbox 2018 2920 3576 2981">
    <p class='ocr_par' dir='ltr' id='par_1_61' title="bbox 2018 2920 3576 2981">
     <span class='ocr_line' id='line_1_61' title="bbox 2018 2920 3576 2981; baseline 0.003 -5"><span class='ocrx_word' id='word_1_473' title='bbox 2018 2942 2037 2976; x_wconf 78' lang='grc' dir='ltr'><strong>ι</strong></span> <span class='ocrx_word' id='word_1_474' title='bbox 2078 2934 2133 2979; x_wconf 84' lang='lat' dir='ltr'><strong>tu</strong></span> <span class='ocrx_word' id='word_1_475' title='bbox 2158 2940 2220 2979; x_wconf 88' lang='lat' dir='ltr'><strong>ea</strong></span> <span class='ocrx_word' id='word_1_476' title='bbox 2264 2923 2520 2981; x_wconf 85' lang='lat' dir='ltr'><strong>inveneris</strong></span> <span class='ocrx_word' id='word_1_477' title='bbox 2542 2926 2605 2978; x_wconf 73' lang='grc' dir='ltr'><strong>η.</strong></span> <span class='ocrx_word' id='word_1_478' title='bbox 2633 2920 2755 2978; x_wconf 69' lang='lat' dir='ltr'><strong>Haec</strong></span> <span class='ocrx_word' id='word_1_479' title='bbox 2778 2922 3277 2978; x_wconf 84' lang='lat' dir='ltr'><strong>Deuteronomium.</strong></span> <span class='ocrx_word' id='word_1_480' title='bbox 3300 2925 3356 2977; x_wconf 87' lang='lat' dir='ltr'><strong>in</strong></span> <span class='ocrx_word' id='word_1_481' title='bbox 3389 2924 3576 2980; x_wconf 75' lang='lat' dir='ltr'><strong>Exodo</strong></span> 
     </span>
    </p>
   </div>
   <div class='ocr_carea' id='block_1_62' title="bbox 345 3012 1914 3113">
    <p class='ocr_par' dir='ltr' id='par_1_62' title="bbox 345 3012 1908 3087">
     <span class='ocr_line' id='line_1_62' title="bbox 345 3012 1908 3087; baseline 0.003 -19"><span class='ocrx_word' id='word_1_482' title='bbox 345 3034 373 3068; x_wconf 70' lang='grc' dir='ltr'><strong>ε</strong></span> <span class='ocrx_word' id='word_1_483' title='bbox 404 3029 535 3081; x_wconf 84' lang='grc' dir='ltr'>σεις</span> <span class='ocrx_word' id='word_1_484' title='bbox 578 3014 726 3085; x_wconf 83' lang='grc' dir='ltr'>μετὰ</span> <span class='ocrx_word' id='word_1_485' title='bbox 772 3012 979 3069; x_wconf 71' lang='grc' dir='ltr'>πᾶσαν</span> <span class='ocrx_word' id='word_1_486' title='bbox 1008 3016 1115 3083; x_wconf 78' lang='grc'><strong>(55)</strong></span> <span class='ocrx_word' id='word_1_487' title='bbox 1164 3015 1466 3070; x_wconf 80' lang='grc' dir='ltr'>ἀπώλειαν</span> <span class='ocrx_word' id='word_1_488' title='bbox 1493 3017 1597 3071; x_wconf 86' lang='grc' dir='ltr'><strong>τοῦ</strong></span> <span class='ocrx_word' id='word_1_489' title='bbox 1641 3016 1908 3087; x_wconf 70' lang='grc' dir='ltr'>ἀδελφοῦ</span> 
     </span>
    </p>
   </div>
   <div class='ocr_carea' id='block_1_63' title="bbox 2018 3012 3574 3113">
    <p class='ocr_par' dir='ltr' id='par_1_63' title="bbox 2020 3014 3574 3083">
     <span class='ocr_line' id='line_1_63' title="bbox 2020 3014 3574 3083; baseline 0.003 -16"><span class='ocrx_word' id='word_1_490' title='bbox 2020 3035 2036 3067; x_wconf 77' lang='grc' dir='ltr'><strong>ι</strong></span> <span class='ocrx_word' id='word_1_491' title='bbox 2076 3024 2281 3079; x_wconf 87' lang='lat' dir='ltr'><strong>autem,</strong></span> <span class='ocrx_word' id='word_1_492' title='bbox 2317 3030 2426 3068; x_wconf 87' lang='lat' dir='ltr'><strong>non</strong></span> <span class='ocrx_word' id='word_1_493' title='bbox 2461 3014 2636 3069; x_wconf 85' lang='lat' dir='ltr'><strong>solum</strong></span> <span class='ocrx_word' id='word_1_494' title='bbox 2674 3016 2719 3069; x_wconf 90' lang='lat' dir='ltr'><strong>si</strong></span> <span class='ocrx_word' id='word_1_495' title='bbox 2749 3014 2873 3083; x_wconf 88' lang='lat' dir='ltr'><strong>quis</strong></span> <span class='ocrx_word' id='word_1_496' title='bbox 2907 3030 2995 3069; x_wconf 91' lang='lat' dir='ltr'><strong>res</strong></span> <span class='ocrx_word' id='word_1_497' title='bbox 3038 3014 3245 3080; x_wconf 82' lang='lat' dir='ltr'><strong>fratris,</strong></span> <span class='ocrx_word' id='word_1_498' title='bbox 3283 3016 3377 3071; x_wconf 91' lang='lat' dir='ltr'><strong>sed</strong></span> <span class='ocrx_word' id='word_1_499' title='bbox 3410 3018 3574 3071; x_wconf 88' lang='lat' dir='ltr'><strong>etiam</strong></span> 
     </span>
    </p>
   </div>
   <div class='ocr_carea' id='block_1_64' title="bbox 344 3106 1911 3177">
    <p class='ocr_par' dir='ltr' id='par_1_64' title="bbox 344 3106 1911 3177">
     <span class='ocr_line' id='line_1_64' title="bbox 344 3106 1911 3177; baseline 0 -17"><span class='ocrx_word' id='word_1_500' title='bbox 344 3126 368 3160; x_wconf 72' lang='grc' dir='ltr'>ι</span> <span class='ocrx_word' id='word_1_501' title='bbox 405 3120 543 3172; x_wconf 88' lang='grc' dir='ltr'>σου,</span> <span class='ocrx_word' id='word_1_502' title='bbox 576 3106 692 3161; x_wconf 87' lang='grc' dir='ltr'>ὅσα</span> <span class='ocrx_word' id='word_1_503' title='bbox 721 3106 797 3161; x_wconf 84' lang='grc' dir='ltr'><strong>ἂν</strong></span> <span class='ocrx_word' id='word_1_504' title='bbox 840 3109 1138 3174; x_wconf 74' lang='grc' dir='ltr'>ἀπόληται</span> <span class='ocrx_word' id='word_1_505' title='bbox 1173 3108 1307 3176; x_wconf 83' lang='grc' dir='ltr'>παρ’</span> <span class='ocrx_word' id='word_1_506' title='bbox 1350 3107 1556 3173; x_wconf 82' lang='grc' dir='ltr'>αὐτοῦ,</span> <span class='ocrx_word' id='word_1_507' title='bbox 1602 3110 1698 3162; x_wconf 80' lang='grc' dir='ltr'>καὶ</span> <span class='ocrx_word' id='word_1_508' title='bbox 1742 3108 1911 3177; x_wconf 61' lang='lat' dir='ltr'><strong>sivpri.</strong></span> 
     </span>
    </p>
   </div>
   <div class='ocr_carea' id='block_1_65' title="bbox 344 3199 1906 3272">
    <p class='ocr_par' dir='ltr' id='par_1_65' title="bbox 344 3199 1906 3272">
     <span class='ocr_line' id='line_1_65' title="bbox 344 3199 1906 3272; baseline 0.001 -20"><span class='ocrx_word' id='word_1_509' title='bbox 344 3218 369 3252; x_wconf 69' lang='grc' dir='ltr'><strong>ι</strong></span> <span class='ocrx_word' id='word_1_510' title='bbox 402 3213 526 3269; x_wconf 68' lang='lat' dir='ltr'><strong>(me</strong></span> <span class='ocrx_word' id='word_1_511' title='bbox 571 3200 736 3256; x_wconf 80' lang='grc' dir='ltr'>αὐτά.</span> <span class='ocrx_word' id='word_1_512' title='bbox 793 3199 974 3253; x_wconf 89' lang='grc' dir='ltr'>Ταῦτα</span> <span class='ocrx_word' id='word_1_513' title='bbox 1018 3201 1079 3251; x_wconf 83' lang='grc' dir='ltr'><strong>τὸ</strong></span> <span class='ocrx_word' id='word_1_514' title='bbox 1122 3201 1557 3271; x_wconf 84' lang='grc' dir='ltr'>Δευτερονόμιον.</span> <span class='ocrx_word' id='word_1_515' title='bbox 1622 3200 1707 3254; x_wconf 85' lang='grc' dir='ltr'>Ἑν</span> <span class='ocrx_word' id='word_1_516' title='bbox 1752 3201 1805 3257; x_wconf 74' lang='grc' dir='ltr'>δὲ</span> <span class='ocrx_word' id='word_1_517' title='bbox 1841 3204 1906 3272; x_wconf 73' lang='grc' dir='ltr'>τῇ</span> 
     </span>
    </p>
   </div>
   <div class='ocr_carea' id='block_1_66' title="bbox 344 3290 1906 3363">
    <p class='ocr_par' dir='ltr' id='par_1_66' title="bbox 344 3290 1906 3363">
     <span class='ocr_line' id='line_1_66' title="bbox 344 3290 1906 3363; baseline 0.002 -20"><span class='ocrx_word' id='word_1_518' title='bbox 344 3310 368 3343; x_wconf 72' lang='grc' dir='ltr'>ί</span> <span class='ocrx_word' id='word_1_519' title='bbox 422 3291 635 3361; x_wconf 79' lang='grc' dir='ltr'>Ἐξόδῳ,</span> <span class='ocrx_word' id='word_1_520' title='bbox 670 3292 730 3344; x_wconf 84' lang='grc' dir='ltr'><strong>οὐ</strong></span> <span class='ocrx_word' id='word_1_521' title='bbox 766 3293 923 3363; x_wconf 92' lang='grc' dir='ltr'>μόνον</span> <span class='ocrx_word' id='word_1_522' title='bbox 968 3292 1062 3343; x_wconf 84' lang='grc' dir='ltr'><strong>ἐὰν</strong></span> <span class='ocrx_word' id='word_1_523' title='bbox 1105 3292 1173 3344; x_wconf 83' lang='grc' dir='ltr'>τὰ</span> <span class='ocrx_word' id='word_1_524' title='bbox 1218 3291 1309 3345; x_wconf 88' lang='grc' dir='ltr'><strong>τοῦ</strong></span> <span class='ocrx_word' id='word_1_525' title='bbox 1355 3290 1581 3362; x_wconf 79' lang='grc' dir='ltr'>ἀδελφοῦ</span> <span class='ocrx_word' id='word_1_526' title='bbox 1624 3309 1706 3355; x_wconf 86' lang='grc' dir='ltr'><strong>τις</strong></span> <span class='ocrx_word' id='word_1_527' title='bbox 1738 3292 1906 3363; x_wconf 68' lang='grc' dir='ltr'>εὕρῃ,</span> 
     </span>
    </p>
   </div>
   <div class='ocr_carea' id='block_1_67' title="bbox 346 3382 1911 3454">
    <p class='ocr_par' dir='ltr' id='par_1_67' title="bbox 346 3382 1911 3454">
     <span class='ocr_line' id='line_1_67' title="bbox 346 3382 1911 3454; baseline 0.003 -21"><span class='ocrx_word' id='word_1_528' title='bbox 346 3401 367 3433; x_wconf 77' lang='grc' dir='ltr'><strong>ι</strong></span> <span class='ocrx_word' id='word_1_529' title='bbox 409 3382 544 3437; x_wconf 77' lang='grc' dir='ltr'>ἀλλὰ</span> <span class='ocrx_word' id='word_1_530' title='bbox 571 3382 662 3436; x_wconf 80' lang='grc' dir='ltr'><strong>καὶ</strong></span> <span class='ocrx_word' id='word_1_531' title='bbox 696 3382 914 3453; x_wconf 87' lang='grc' dir='ltr'>ἐχθροῦ,</span> <span class='ocrx_word' id='word_1_532' title='bbox 958 3383 1349 3453; x_wconf 61' lang='grc' dir='ltr'>Ἀποστροφῇ,</span> <span class='ocrx_word' id='word_1_533' title='bbox 1388 3391 1570 3454; x_wconf 77' lang='grc' dir='ltr'>φησὶν,</span> <span class='ocrx_word' id='word_1_534' title='bbox 1622 3384 1911 3452; x_wconf 65' lang='grc' dir='ltr'>ἀποστρέ-</span> 
     </span>
    </p>
   </div>
   <div class='ocr_carea' id='block_1_68' title="bbox 344 3474 1907 3544">
    <p class='ocr_par' dir='ltr' id='par_1_68' title="bbox 344 3474 1907 3544">
     <span class='ocr_line' id='line_1_68' title="bbox 344 3474 1907 3544; baseline 0.002 -19"><span class='ocrx_word' id='word_1_535' title='bbox 344 3492 367 3525; x_wconf 72' lang='grc' dir='ltr'><strong>ι</strong></span> <span class='ocrx_word' id='word_1_536' title='bbox 408 3477 547 3543; x_wconf 67' lang='grc' dir='ltr'>ψεις</span> <span class='ocrx_word' id='word_1_537' title='bbox 576 3474 728 3527; x_wconf 80' lang='grc' dir='ltr'>αὐτὰ</span> <span class='ocrx_word' id='word_1_538' title='bbox 762 3476 848 3540; x_wconf 82' lang='grc' dir='ltr'><strong>εἰς</strong></span> <span class='ocrx_word' id='word_1_539' title='bbox 875 3474 981 3532; x_wconf 72' lang='grc' dir='ltr'><strong>τὸν</strong></span> <span class='ocrx_word' id='word_1_540' title='bbox 1015 3475 1183 3527; x_wconf 77' lang='grc' dir='ltr'>οἷκον</span> <span class='ocrx_word' id='word_1_541' title='bbox 1220 3474 1324 3529; x_wconf 88' lang='grc' dir='ltr'><strong>τοῦ</strong></span> <span class='ocrx_word' id='word_1_542' title='bbox 1360 3476 1565 3544; x_wconf 79' lang='grc' dir='ltr'>κυρίου</span> <span class='ocrx_word' id='word_1_543' title='bbox 1589 3475 1804 3529; x_wconf 77' lang='grc' dir='ltr'>αὐτῶν.</span> <span class='ocrx_word' id='word_1_544' title='bbox 1846 3477 1907 3528; x_wconf 86' lang='grc' dir='ltr'>Εἰ</span> 
     </span>
    </p>
   </div>
   <div class='ocr_carea' id='block_1_69' title="bbox 344 3566 1909 3639">
    <p class='ocr_par' dir='ltr' id='par_1_69' title="bbox 344 3566 1909 3639">
     <span class='ocr_line' id='line_1_69' title="bbox 344 3566 1909 3639; baseline -0.001 -18"><span class='ocrx_word' id='word_1_545' title='bbox 344 3586 368 3621; x_wconf 69' lang='grc' dir='ltr'><strong>ι</strong></span> <span class='ocrx_word' id='word_1_546' title='bbox 401 3568 460 3623; x_wconf 80' lang='grc' dir='ltr'>δὲ</span> <span class='ocrx_word' id='word_1_547' title='bbox 493 3566 551 3621; x_wconf 84' lang='grc' dir='ltr'><strong>ἐν</strong></span> <span class='ocrx_word' id='word_1_548' title='bbox 581 3568 767 3639; x_wconf 79' lang='grc' dir='ltr'>εἰρήνῃ</span> <span class='ocrx_word' id='word_1_549' title='bbox 802 3566 1165 3639; x_wconf 71' lang='grc' dir='ltr'>ῥᾳθυμοῦντος</span> <span class='ocrx_word' id='word_1_550' title='bbox 1204 3569 1297 3621; x_wconf 75' lang='grc' dir='ltr'><strong>καὶ</strong></span> <span class='ocrx_word' id='word_1_551' title='bbox 1329 3568 1639 3639; x_wconf 73' lang='grc' dir='ltr'>τρυφῶντος</span> <span class='ocrx_word' id='word_1_552' title='bbox 1677 3569 1769 3621; x_wconf 75' lang='grc' dir='ltr'><strong>καὶ</strong></span> <span class='ocrx_word' id='word_1_553' title='bbox 1802 3568 1909 3622; x_wconf 87' lang='grc' dir='ltr'><strong>τῶν</strong></span> 
     </span>
    </p>
   </div>
   <div class='ocr_carea' id='block_1_70' title="bbox 344 3659 1909 3732">
    <p class='ocr_par' dir='ltr' id='par_1_70' title="bbox 344 3659 1909 3732">
     <span class='ocr_line' id='line_1_70' title="bbox 344 3659 1909 3732; baseline -0.001 -17"><span class='ocrx_word' id='word_1_554' title='bbox 344 3680 368 3714; x_wconf 70' lang='grc' dir='ltr'>ι</span> <span class='ocrx_word' id='word_1_555' title='bbox 411 3661 554 3715; x_wconf 90' lang='grc' dir='ltr'>ἰδίων</span> <span class='ocrx_word' id='word_1_556' title='bbox 585 3659 909 3732; x_wconf 76' lang='grc' dir='ltr'>ἀμελοῦντος</span> <span class='ocrx_word' id='word_1_557' title='bbox 942 3659 1165 3729; x_wconf 77' lang='grc' dir='ltr'>ἀδελφοῦ</span> <span class='ocrx_word' id='word_1_558' title='bbox 1196 3660 1227 3731; x_wconf 83' lang='grc' dir='ltr'>ἢ</span> <span class='ocrx_word' id='word_1_559' title='bbox 1264 3660 1479 3731; x_wconf 83' lang='grc' dir='ltr'>ἐχθροῦ,</span> <span class='ocrx_word' id='word_1_560' title='bbox 1525 3660 1781 3731; x_wconf 79' lang='grc' dir='ltr'>κερδᾶναι</span> <span class='ocrx_word' id='word_1_561' title='bbox 1807 3661 1909 3713; x_wconf 78' lang='grc' dir='ltr'><strong>οὐκ</strong></span> 
     </span>
    </p>
   </div>
   <div class='ocr_carea' id='block_1_71' title="bbox 346 3751 1907 3825">
    <p class='ocr_par' dir='ltr' id='par_1_71' title="bbox 346 3751 1907 3825">
     <span class='ocr_line' id='line_1_71' title="bbox 346 3751 1907 3825; baseline -0.002 -19"><span class='ocrx_word' id='word_1_562' title='bbox 346 3773 369 3806; x_wconf 81' lang='grc' dir='ltr'><strong>ι</strong></span> <span class='ocrx_word' id='word_1_563' title='bbox 401 3753 627 3819; x_wconf 77' lang='grc' dir='ltr'>ἔξεστιν,</span> <span class='ocrx_word' id='word_1_564' title='bbox 675 3752 825 3824; x_wconf 82' lang='grc' dir='ltr'>πόσῳ</span> <span class='ocrx_word' id='word_1_565' title='bbox 858 3754 1057 3825; x_wconf 78' lang='grc' dir='ltr'>μᾶλλον</span> <span class='ocrx_word' id='word_1_566' title='bbox 1085 3752 1469 3823; x_wconf 82' lang='grc' dir='ltr'>δυστυχοῦντος</span> <span class='ocrx_word' id='word_1_567' title='bbox 1497 3755 1589 3805; x_wconf 72' lang='grc' dir='ltr'><strong>καὶ</strong></span> <span class='ocrx_word' id='word_1_568' title='bbox 1618 3751 1907 3821; x_wconf 84' lang='grc' dir='ltr'>πολεμίους</span> 
     </span>
    </p>
   </div>
   <div class='ocr_carea' id='block_1_72' title="bbox 347 3843 1907 3915">
    <p class='ocr_par' dir='ltr' id='par_1_72' title="bbox 347 3843 1907 3915">
     <span class='ocr_line' id='line_1_72' title="bbox 347 3843 1907 3915; baseline -0.003 -15"><span class='ocrx_word' id='word_1_569' title='bbox 347 3865 371 3899; x_wconf 76' lang='grc' dir='ltr'><strong>ι</strong></span> <span class='ocrx_word' id='word_1_570' title='bbox 406 3845 719 3915; x_wconf 79' lang='grc' dir='ltr'>φεύγοντος,</span> <span class='ocrx_word' id='word_1_571' title='bbox 767 3850 859 3900; x_wconf 78' lang='grc' dir='ltr'>καὶ</span> <span class='ocrx_word' id='word_1_572' title='bbox 902 3846 1041 3899; x_wconf 73' lang='grc' dir='ltr'>κατὰ</span> <span class='ocrx_word' id='word_1_573' title='bbox 1078 3845 1320 3915; x_wconf 77' lang='grc' dir='ltr'>ἀνάγκην</span> <span class='ocrx_word' id='word_1_574' title='bbox 1359 3845 1425 3897; x_wconf 87' lang='grc' dir='ltr'>τὰ</span> <span class='ocrx_word' id='word_1_575' title='bbox 1478 3844 1582 3897; x_wconf 81' lang='grc' dir='ltr'>[δια</span> <span class='ocrx_word' id='word_1_576' title='bbox 1618 3843 1907 3912; x_wconf 75' lang='grc' dir='ltr'>ἐγκαταλι-</span> 
     </span>
    </p>
   </div>
   <div class='ocr_carea' id='block_1_73' title="bbox 348 3938 677 4015">
    <p class='ocr_par' dir='ltr' id='par_1_73' title="bbox 348 3938 677 4015">
     <span class='ocr_line' id='line_1_73' title="bbox 348 3938 677 4015; baseline -0.003 -24"><span class='ocrx_word' id='word_1_577' title='bbox 348 3957 371 3991; x_wconf 78' lang='grc'><strong><em>‹</em></strong></span> <span class='ocrx_word' id='word_1_578' title='bbox 408 3938 599 4002; x_wconf 83' lang='grc' dir='ltr'>πόντος</span> <span class='ocrx_word' id='word_1_579' title='bbox 618 3955 632 4015; x_wconf 64' lang='grc' dir='ltr'><strong>ς</strong></span> <span class='ocrx_word' id='word_1_580' title='bbox 659 3958 677 3990; x_wconf 73' lang='grc' dir='ltr'><strong>ι</strong></span> 
     </span>
    </p>
   </div>
   <div class='ocr_carea' id='block_1_74' title="bbox 416 4025 1911 4105">
    <p class='ocr_par' dir='ltr' id='par_1_74' title="bbox 416 4025 1911 4105">
     <span class='ocr_line' id='line_1_74' title="bbox 416 4025 1911 4105; baseline 0.001 -23"><span class='ocrx_word' id='word_1_581' title='bbox 416 4030 615 4085; x_wconf 82' lang='grc' dir='ltr'><strong>ΒΑΔΣ.</strong></span> <span class='ocrx_word' id='word_1_582' title='bbox 636 4031 794 4095; x_wconf 81' lang='grc' dir='ltr'>Εἰκὸς</span> <span class='ocrx_word' id='word_1_583' title='bbox 819 4025 885 4101; x_wconf 76' lang='grc' dir='ltr'>ἦν</span> <span class='ocrx_word' id='word_1_584' title='bbox 910 4032 1081 4084; x_wconf 81' lang='grc' dir='ltr'>εἰπεῖν</span> <span class='ocrx_word' id='word_1_585' title='bbox 1101 4029 1253 4093; x_wconf 75' lang='grc' dir='ltr'>τινας</span> <span class='ocrx_word' id='word_1_586' title='bbox 1270 4029 1352 4082; x_wconf 83' lang='grc' dir='ltr'><strong>ὅτι</strong></span> <span class='ocrx_word' id='word_1_587' title='bbox 1368 4029 1477 4098; x_wconf 75' lang='grc' dir='ltr'>Οὐχ</span> <span class='ocrx_word' id='word_1_588' title='bbox 1491 4027 1818 4100; x_wconf 81' lang='grc' dir='ltr'>ἠρπάσαμεν</span> <span class='ocrx_word' id='word_1_589' title='bbox 1834 4028 1911 4105; x_wconf 52' lang='grc' dir='ltr'>ρὰ</span> 
     </span>
    </p>
   </div>
   <div class='ocr_carea' id='block_1_75' title="bbox 341 4114 1910 4194">
    <p class='ocr_par' dir='ltr' id='par_1_75' title="bbox 341 4114 1910 4194">
     <span class='ocr_line' id='line_1_75' title="bbox 341 4114 1910 4194; baseline -0.004 -16"><span class='ocrx_word' id='word_1_590' title='bbox 341 4124 453 4178; x_wconf 84' lang='grc' dir='ltr'><strong>τῶν</strong></span> <span class='ocrx_word' id='word_1_591' title='bbox 471 4123 1011 4194; x_wconf 76' lang='grc' dir='ltr'>αἰχμαλωτισθέντων</span> <span class='ocrx_word' id='word_1_592' title='bbox 1027 4122 1287 4190; x_wconf 77' lang='grc' dir='ltr'>ἀδελφῶν,</span> <span class='ocrx_word' id='word_1_593' title='bbox 1308 4121 1418 4175; x_wconf 84' lang='grc' dir='ltr'>ἀλλ’</span> <span class='ocrx_word' id='word_1_594' title='bbox 1433 4120 1661 4192; x_wconf 76' lang='grc' dir='ltr'>εὕρομεν</span> <span class='ocrx_word' id='word_1_595' title='bbox 1670 4114 1910 4191; x_wconf 77' lang='grc' dir='ltr'>αὺτάἐρ-</span> 
     </span>
    </p>
   </div>
   <div class='ocr_carea' id='block_1_76' title="bbox 345 4207 1911 4287">
    <p class='ocr_par' dir='ltr' id='par_1_76' title="bbox 345 4207 1911 4287">
     <span class='ocr_line' id='line_1_76' title="bbox 345 4207 1911 4287; baseline -0.003 -17"><span class='ocrx_word' id='word_1_596' title='bbox 345 4217 606 4287; x_wconf 81' lang='grc' dir='ltr'>ριμμένα,</span> <span class='ocrx_word' id='word_1_597' title='bbox 642 4216 734 4268; x_wconf 71' lang='grc' dir='ltr'><strong>καὶ</strong></span> <span class='ocrx_word' id='word_1_598' title='bbox 765 4216 863 4267; x_wconf 80' lang='grc' dir='ltr'><strong>οὐκ</strong></span> <span class='ocrx_word' id='word_1_599' title='bbox 888 4214 1104 4284; x_wconf 69' lang='grc' dir='ltr'>ᾔδειμεν</span> <span class='ocrx_word' id='word_1_600' title='bbox 1131 4212 1289 4266; x_wconf 86' lang='grc' dir='ltr'>τίνων</span> <span class='ocrx_word' id='word_1_601' title='bbox 1310 4207 1468 4283; x_wconf 75' lang='grc' dir='ltr'>ἦσαν,</span> <span class='ocrx_word' id='word_1_602' title='bbox 1502 4214 1594 4265; x_wconf 70' lang='grc' dir='ltr'>καὶ</span> <span class='ocrx_word' id='word_1_603' title='bbox 1622 4211 1708 4266; x_wconf 82' lang='grc' dir='ltr'><strong>διὰ</strong></span> <span class='ocrx_word' id='word_1_604' title='bbox 1754 4211 1911 4265; x_wconf 87' lang='grc' dir='ltr'>τοῦτο</span> 
     </span>
    </p>
   </div>
   <div class='ocr_carea' id='block_1_77' title="bbox 2017 3105 3574 3177">
    <p class='ocr_par' dir='ltr' id='par_1_77' title="bbox 2017 3105 3574 3177">
     <span class='ocr_line' id='line_1_77' title="bbox 2017 3105 3574 3177; baseline 0.001 -19"><span class='ocrx_word' id='word_1_605' title='bbox 2017 3108 2279 3163; x_wconf 70' lang='lat' dir='ltr'><strong>«inimici</strong></span> <span class='ocrx_word' id='word_1_606' title='bbox 2330 3110 2617 3173; x_wconf 84' lang='lat' dir='ltr'><strong>invenerit,</strong></span> <span class='ocrx_word' id='word_1_607' title='bbox 2665 3105 3033 3170; x_wconf 82' lang='lat' dir='ltr'><strong>Restitutione,</strong></span> <span class='ocrx_word' id='word_1_608' title='bbox 3084 3107 3280 3177; x_wconf 88' lang='lat' dir='ltr'><strong>inquit,</strong></span> <span class='ocrx_word' id='word_1_609' title='bbox 3330 3111 3574 3162; x_wconf 81' lang='lat' dir='ltr'><strong>restitues</strong></span> 
     </span>
    </p>
   </div>
   <div class='ocr_carea' id='block_1_78' title="bbox 2020 3198 3578 3269">
    <p class='ocr_par' dir='ltr' id='par_1_78' title="bbox 2020 3198 3578 3269">
     <span class='ocr_line' id='line_1_78' title="bbox 2020 3198 3578 3269; baseline 0.001 -18"><span class='ocrx_word' id='word_1_610' title='bbox 2020 3219 2039 3251; x_wconf 71' lang='grc' dir='ltr'><strong>α</strong></span> <span class='ocrx_word' id='word_1_611' title='bbox 2076 3201 2188 3269; x_wconf 78' lang='lat' dir='ltr'><strong>ipsa</strong></span> <span class='ocrx_word' id='word_1_612' title='bbox 2223 3202 2401 3255; x_wconf 85' lang='lat' dir='ltr'><strong>domui</strong></span> <span class='ocrx_word' id='word_1_613' title='bbox 2436 3199 2635 3254; x_wconf 86' lang='lat' dir='ltr'><strong>domini</strong></span> <span class='ocrx_word' id='word_1_614' title='bbox 2683 3199 2916 3267; x_wconf 85' lang='lat' dir='ltr'><strong>ipsorum</strong></span> <span class='ocrx_word' id='word_1_615' title='bbox 2947 3199 3010 3253; x_wconf 81' lang='grc'><strong>¹⁸.</strong></span> <span class='ocrx_word' id='word_1_616' title='bbox 3054 3198 3111 3253; x_wconf 91' lang='lat' dir='ltr'><strong>Si</strong></span> <span class='ocrx_word' id='word_1_617' title='bbox 3171 3209 3351 3254; x_wconf 89' lang='lat' dir='ltr'><strong>autem</strong></span> <span class='ocrx_word' id='word_1_618' title='bbox 3403 3201 3471 3255; x_wconf 89' lang='lat' dir='ltr'><strong>ab</strong></span> <span class='ocrx_word' id='word_1_619' title='bbox 3510 3215 3578 3255; x_wconf 84' lang='lat' dir='ltr'><strong>eo</strong></span> 
     </span>
    </p>
   </div>
   <div class='ocr_carea' id='block_1_79' title="bbox 2015 3292 3565 3365">
    <p class='ocr_par' dir='ltr' id='par_1_79' title="bbox 2015 3292 3565 3365">
     <span class='ocr_line' id='line_1_79' title="bbox 2015 3292 3565 3365; baseline 0.003 -22"><span class='ocrx_word' id='word_1_620' title='bbox 2015 3312 2033 3342; x_wconf 86' lang='grc'><strong>‹</strong></span> <span class='ocrx_word' id='word_1_621' title='bbox 2072 3292 2164 3361; x_wconf 88' lang='lat' dir='ltr'><strong>qui</strong></span> <span class='ocrx_word' id='word_1_622' title='bbox 2211 3292 2264 3346; x_wconf 94' lang='lat' dir='ltr'><strong>in</strong></span> <span class='ocrx_word' id='word_1_623' title='bbox 2303 3306 2436 3362; x_wconf 88' lang='lat' dir='ltr'><strong>pace</strong></span> <span class='ocrx_word' id='word_1_624' title='bbox 2467 3303 2519 3347; x_wconf 91' lang='lat' dir='ltr'><strong>et</strong></span> <span class='ocrx_word' id='word_1_625' title='bbox 2550 3293 2605 3346; x_wconf 89' lang='lat' dir='ltr'><strong>in</strong></span> <span class='ocrx_word' id='word_1_626' title='bbox 2643 3295 2755 3349; x_wconf 89' lang='lat' dir='ltr'><strong>0tio</strong></span> <span class='ocrx_word' id='word_1_627' title='bbox 2803 3294 3031 3349; x_wconf 87' lang='lat' dir='ltr'><strong>delicate</strong></span> <span class='ocrx_word' id='word_1_628' title='bbox 3061 3294 3224 3346; x_wconf 84' lang='lat' dir='ltr'><strong>vitam</strong></span> <span class='ocrx_word' id='word_1_629' title='bbox 3261 3294 3565 3365; x_wconf 78' lang='lat' dir='ltr'><strong>transfigit,</strong></span> 
     </span>
    </p>
   </div>
   <div class='ocr_carea' id='block_1_80' title="bbox 2016 3384 3573 3451">
    <p class='ocr_par' dir='ltr' id='par_1_80' title="bbox 2016 3384 3573 3451">
     <span class='ocr_line' id='line_1_80' title="bbox 2016 3384 3573 3451; baseline 0.004 -17"><span class='ocrx_word' id='word_1_630' title='bbox 2016 3402 2033 3434; x_wconf 78' lang='grc' dir='ltr'><strong>ι</strong></span> <span class='ocrx_word' id='word_1_631' title='bbox 2070 3398 2167 3439; x_wconf 90' lang='lat' dir='ltr'><strong>nec</strong></span> <span class='ocrx_word' id='word_1_632' title='bbox 2194 3384 2262 3438; x_wconf 90' lang='lat' dir='ltr'><strong>de</strong></span> <span class='ocrx_word' id='word_1_633' title='bbox 2291 3384 2407 3439; x_wconf 89' lang='lat' dir='ltr'><strong>suis</strong></span> <span class='ocrx_word' id='word_1_634' title='bbox 2426 3392 2511 3439; x_wconf 89' lang='lat' dir='ltr'><strong>est</strong></span> <span class='ocrx_word' id='word_1_635' title='bbox 2541 3385 2826 3451; x_wconf 90' lang='lat' dir='ltr'><strong>sollicitus,</strong></span> <span class='ocrx_word' id='word_1_636' title='bbox 2858 3386 2971 3441; x_wconf 86' lang='lat' dir='ltr'><strong>sive</strong></span> <span class='ocrx_word' id='word_1_637' title='bbox 3001 3384 3170 3439; x_wconf 81' lang='lat' dir='ltr'><strong>frater</strong></span> <span class='ocrx_word' id='word_1_638' title='bbox 3204 3386 3293 3448; x_wconf 90' lang='lat' dir='ltr'><strong>sit,</strong></span> <span class='ocrx_word' id='word_1_639' title='bbox 3327 3386 3442 3440; x_wconf 87' lang='lat' dir='ltr'><strong>sive</strong></span> <span class='ocrx_word' id='word_1_640' title='bbox 3467 3386 3573 3440; x_wconf 87' lang='lat' dir='ltr'><strong>ini-</strong></span> 
     </span>
    </p>
   </div>
   <div class='ocr_carea' id='block_1_81' title="bbox 2016 3473 3572 3545">
    <p class='ocr_par' dir='ltr' id='par_1_81' title="bbox 2016 3473 3572 3545">
     <span class='ocr_line' id='line_1_81' title="bbox 2016 3473 3572 3545; baseline 0.004 -21"><span class='ocrx_word' id='word_1_641' title='bbox 2016 3493 2034 3524; x_wconf 77' lang='grc' dir='ltr'><strong>ι</strong></span> <span class='ocrx_word' id='word_1_642' title='bbox 2066 3473 2262 3537; x_wconf 88' lang='lat' dir='ltr'><strong>micus,</strong></span> <span class='ocrx_word' id='word_1_643' title='bbox 2294 3488 2400 3527; x_wconf 88' lang='lat' dir='ltr'><strong>non</strong></span> <span class='ocrx_word' id='word_1_644' title='bbox 2439 3473 2563 3529; x_wconf 89' lang='lat' dir='ltr'><strong>licet</strong></span> <span class='ocrx_word' id='word_1_645' title='bbox 2592 3474 2821 3543; x_wconf 88' lang='lat' dir='ltr'><strong>lucrari;</strong></span> <span class='ocrx_word' id='word_1_646' title='bbox 2854 3484 3059 3545; x_wconf 86' lang='lat' dir='ltr'><strong>quanto</strong></span> <span class='ocrx_word' id='word_1_647' title='bbox 3089 3475 3263 3544; x_wconf 79' lang='lat' dir='ltr'><strong>magis</strong></span> <span class='ocrx_word' id='word_1_648' title='bbox 3289 3475 3356 3528; x_wconf 90' lang='lat' dir='ltr'><strong>ab</strong></span> <span class='ocrx_word' id='word_1_649' title='bbox 3385 3489 3448 3529; x_wconf 89' lang='lat' dir='ltr'><strong>eo</strong></span> <span class='ocrx_word' id='word_1_650' title='bbox 3475 3477 3572 3543; x_wconf 90' lang='lat' dir='ltr'><strong>qui</strong></span> 
     </span>
    </p>
   </div>
   <div class='ocr_carea' id='block_1_82' title="bbox 2014 3566 3573 3639">
    <p class='ocr_par' dir='ltr' id='par_1_82' title="bbox 2014 3566 3573 3639">
     <span class='ocr_line' id='line_1_82' title="bbox 2014 3566 3573 3639; baseline 0.002 -22"><span class='ocrx_word' id='word_1_651' title='bbox 2014 3586 2034 3617; x_wconf 73' lang='grc' dir='ltr'><strong>ι</strong></span> <span class='ocrx_word' id='word_1_652' title='bbox 2073 3567 2234 3621; x_wconf 89' lang='lat' dir='ltr'><strong>rebus</strong></span> <span class='ocrx_word' id='word_1_653' title='bbox 2262 3566 2502 3621; x_wconf 84' lang='lat' dir='ltr'><strong>adversis</strong></span> <span class='ocrx_word' id='word_1_654' title='bbox 2534 3567 2820 3637; x_wconf 89' lang='lat' dir='ltr'><strong>premitur,</strong></span> <span class='ocrx_word' id='word_1_655' title='bbox 2864 3576 2919 3622; x_wconf 90' lang='lat' dir='ltr'><strong>et</strong></span> <span class='ocrx_word' id='word_1_656' title='bbox 2949 3568 3139 3622; x_wconf 77' lang='lat' dir='ltr'><strong>hostes</strong></span> <span class='ocrx_word' id='word_1_657' title='bbox 3166 3567 3320 3639; x_wconf 75' lang='lat' dir='ltr'><strong>fugit,</strong></span> <span class='ocrx_word' id='word_1_658' title='bbox 3368 3577 3423 3623; x_wconf 90' lang='lat' dir='ltr'><strong>et</strong></span> <span class='ocrx_word' id='word_1_659' title='bbox 3472 3583 3573 3621; x_wconf 85' lang='lat' dir='ltr'><strong>ne-</strong></span> 
     </span>
    </p>
   </div>
   <div class='ocr_carea' id='block_1_83' title="bbox 2016 3656 3194 3729">
    <p class='ocr_par' dir='ltr' id='par_1_83' title="bbox 2016 3656 3194 3729">
     <span class='ocr_line' id='line_1_83' title="bbox 2016 3656 3194 3729; baseline -0.002 -18"><span class='ocrx_word' id='word_1_660' title='bbox 2016 3678 2035 3711; x_wconf 82' lang='grc' dir='ltr'><strong>ι</strong></span> <span class='ocrx_word' id='word_1_661' title='bbox 2074 3658 2327 3713; x_wconf 86' lang='lat' dir='ltr'><strong>cessitate</strong></span> <span class='ocrx_word' id='word_1_662' title='bbox 2356 3668 2577 3714; x_wconf 89' lang='lat' dir='ltr'><strong>coaetus</strong></span> <span class='ocrx_word' id='word_1_663' title='bbox 2600 3659 2817 3729; x_wconf 84' lang='lat' dir='ltr'><strong>pr0pria</strong></span> <span class='ocrx_word' id='word_1_664' title='bbox 2854 3656 3143 3728; x_wconf 85' lang='lat' dir='ltr'><strong>relinquit?</strong></span> <span class='ocrx_word' id='word_1_665' title='bbox 3174 3677 3194 3710; x_wconf 76' lang='grc' dir='ltr'><strong>ι</strong></span> 
     </span>
    </p>
   </div>
   <div class='ocr_carea' id='block_1_84' title="bbox 2080 4008 3573 4076">
    <p class='ocr_par' dir='ltr' id='par_1_84' title="bbox 2080 4008 3573 4076">
     <span class='ocr_line' id='line_1_84' title="bbox 2080 4008 3573 4076; baseline -0.007 -8"><span class='ocrx_word' id='word_1_666' title='bbox 2080 4012 2241 4068; x_wconf 70' lang='grc' dir='ltr'>Βλιε.</span> <span class='ocrx_word' id='word_1_667' title='bbox 2276 4010 2371 4067; x_wconf 84' lang='lat' dir='ltr'><strong>Est</strong></span> <span class='ocrx_word' id='word_1_668' title='bbox 2416 4010 2707 4073; x_wconf 79' lang='lat' dir='ltr'><strong>verisimile</strong></span> <span class='ocrx_word' id='word_1_669' title='bbox 2746 4008 2947 4063; x_wconf 81' lang='lat' dir='ltr'><strong>dixisse</strong></span> <span class='ocrx_word' id='word_1_670' title='bbox 2977 4008 3191 4076; x_wconf 83' lang='lat' dir='ltr'><strong>aliquos</strong></span> <span class='ocrx_word' id='word_1_671' title='bbox 3238 4022 3298 4062; x_wconf 90' lang='lat' dir='ltr'><strong>se</strong></span> <span class='ocrx_word' id='word_1_672' title='bbox 3327 4020 3435 4060; x_wconf 82' lang='lat' dir='ltr'><strong>non</strong></span> <span class='ocrx_word' id='word_1_673' title='bbox 3480 4022 3573 4059; x_wconf 87' lang='lat' dir='ltr'><strong>ra-</strong></span> 
     </span>
    </p>
   </div>
   <div class='ocr_carea' id='block_1_85' title="bbox 2009 4100 3573 4180">
    <p class='ocr_par' dir='ltr' id='par_1_85' title="bbox 2009 4100 3573 4180">
     <span class='ocr_line' id='line_1_85' title="bbox 2009 4100 3573 4180; baseline -0.005 -17"><span class='ocrx_word' id='word_1_674' title='bbox 2009 4110 2197 4180; x_wconf 85' lang='lat' dir='ltr'><strong>puisse</strong></span> <span class='ocrx_word' id='word_1_675' title='bbox 2229 4122 2331 4161; x_wconf 40' lang='lat' dir='ltr'><strong>‘res</strong></span> <span class='ocrx_word' id='word_1_676' title='bbox 2363 4104 2586 4160; x_wconf 82' lang='lat' dir='ltr'><strong>fratrum</strong></span> <span class='ocrx_word' id='word_1_677' title='bbox 2637 4118 2860 4157; x_wconf 89' lang='lat' dir='ltr'><strong>suorum</strong></span> <span class='ocrx_word' id='word_1_678' title='bbox 2904 4102 3241 4171; x_wconf 85' lang='lat' dir='ltr'><strong>captivorum</strong></span> <span class='ocrx_word' id='word_1_679' title='bbox 3278 4118 3294 4155; x_wconf 88' lang='lat'><strong>:</strong></span> <span class='ocrx_word' id='word_1_680' title='bbox 3322 4100 3417 4155; x_wconf 89' lang='lat' dir='ltr'><strong>sed</strong></span> <span class='ocrx_word' id='word_1_681' title='bbox 3447 4114 3573 4164; x_wconf 86' lang='lat' dir='ltr'><strong>eas,</strong></span> 
     </span>
    </p>
   </div>
   <div class='ocr_carea' id='block_1_86' title="bbox 2012 4192 3575 4272">
    <p class='ocr_par' dir='ltr' id='par_1_86' title="bbox 2012 4192 3575 4272">
     <span class='ocr_line' id='line_1_86' title="bbox 2012 4192 3575 4272; baseline -0.006 -16"><span class='ocrx_word' id='word_1_682' title='bbox 2012 4202 2344 4272; x_wconf 86' lang='lat' dir='ltr'><strong>inquiebant,</strong></span> <span class='ocrx_word' id='word_1_683' title='bbox 2371 4198 2626 4267; x_wconf 81' lang='lat' dir='ltr'><strong>disjectas</strong></span> <span class='ocrx_word' id='word_1_684' title='bbox 2652 4197 2977 4261; x_wconf 82' lang='lat' dir='ltr'><strong>invenimus,</strong></span> <span class='ocrx_word' id='word_1_685' title='bbox 3006 4209 3107 4249; x_wconf 89' lang='lat' dir='ltr'><strong>nec</strong></span> <span class='ocrx_word' id='word_1_686' title='bbox 3154 4192 3462 4249; x_wconf 85' lang='lat' dir='ltr'><strong>sciebamus</strong></span> <span class='ocrx_word' id='word_1_687' title='bbox 3476 4207 3575 4247; x_wconf 82' lang='lat' dir='ltr'><strong>cu-</strong></span> 
     </span>
    </p>
   </div>
   <div class='ocr_carea' id='block_1_87' title="bbox 342 4284 1914 4377">
    <p class='ocr_par' dir='ltr' id='par_1_87' title="bbox 342 4284 1913 4377">
     <span class='ocr_line' id='line_1_87' title="bbox 342 4284 1913 4377; baseline -0.004 -15"><span class='ocrx_word' id='word_1_688' title='bbox 342 4284 715 4367; x_wconf 71' lang='grc' dir='ltr'>ἀκαταιτίατοι</span> <span class='ocrx_word' id='word_1_689' title='bbox 744 4305 1089 4377; x_wconf 77' lang='grc' dir='ltr'>νομιζόμεθα.</span> <span class='ocrx_word' id='word_1_690' title='bbox 1124 4306 1265 4377; x_wconf 70' lang='grc' dir='ltr'>Πρὸς</span> <span class='ocrx_word' id='word_1_691' title='bbox 1305 4304 1435 4373; x_wconf 86' lang='grc' dir='ltr'>γοῦν</span> <span class='ocrx_word' id='word_1_692' title='bbox 1461 4304 1681 4367; x_wconf 81' lang='grc' dir='ltr'>τούτους</span> <span class='ocrx_word' id='word_1_693' title='bbox 1712 4304 1913 4356; x_wconf 89' lang='grc' dir='ltr'>ἀντιτί-</span> 
     </span>
    </p>
   </div>
   <div class='ocr_carea' id='block_1_88' title="bbox 2018 4284 3575 4377">
    <p class='ocr_par' dir='ltr' id='par_1_88' title="bbox 2018 4284 3575 4362">
     <span class='ocr_line' id='line_1_88' title="bbox 2018 4284 3575 4362; baseline -0.006 -14"><span class='ocrx_word' id='word_1_694' title='bbox 2018 4294 2226 4362; x_wconf 86' lang='lat' dir='ltr'><strong>iusnam</strong></span> <span class='ocrx_word' id='word_1_695' title='bbox 2256 4301 2432 4354; x_wconf 80' lang='lat' dir='ltr'><strong>erant,</strong></span> <span class='ocrx_word' id='word_1_696' title='bbox 2478 4302 2531 4345; x_wconf 85' lang='lat' dir='ltr'><strong>et</strong></span> <span class='ocrx_word' id='word_1_697' title='bbox 2572 4298 2855 4359; x_wconf 85' lang='lat' dir='ltr'><strong>propterea</strong></span> <span class='ocrx_word' id='word_1_698' title='bbox 2889 4286 3038 4340; x_wconf 88' lang='lat' dir='ltr'><strong>nulla</strong></span> <span class='ocrx_word' id='word_1_699' title='bbox 3089 4286 3143 4338; x_wconf 87' lang='lat' dir='ltr'><strong>in</strong></span> <span class='ocrx_word' id='word_1_700' title='bbox 3172 4300 3269 4339; x_wconf 83' lang='lat' dir='ltr'><strong>nos</strong></span> <span class='ocrx_word' id='word_1_701' title='bbox 3300 4284 3447 4338; x_wconf 90' lang='lat' dir='ltr'><strong>cadit</strong></span> <span class='ocrx_word' id='word_1_702' title='bbox 3490 4300 3575 4338; x_wconf 89' lang='lat' dir='ltr'><strong>re-</strong></span> 
     </span>
    </p>
   </div>
   <div class='ocr_carea' id='block_1_89' title="bbox 344 4371 1914 4473">
    <p class='ocr_par' dir='ltr' id='par_1_89' title="bbox 344 4371 1911 4471">
     <span class='ocr_line' id='line_1_89' title="bbox 344 4371 1911 4471; baseline -0.004 -19"><span class='ocrx_word' id='word_1_703' title='bbox 344 4399 503 4471; x_wconf 85' lang='grc' dir='ltr'>θησιν</span> <span class='ocrx_word' id='word_1_704' title='bbox 533 4400 562 4452; x_wconf 89' lang='lat'><strong>6</strong></span> <span class='ocrx_word' id='word_1_705' title='bbox 592 4400 742 4468; x_wconf 74' lang='grc' dir='ltr'>ἅγιος</span> <span class='ocrx_word' id='word_1_706' title='bbox 770 4371 838 4452; x_wconf 69' lang='grc' dir='ltr'><strong>τά</strong></span> <span class='ocrx_word' id='word_1_707' title='bbox 858 4371 952 4451; x_wconf 82' lang='grc' dir='ltr'><strong>τοῦ</strong></span> <span class='ocrx_word' id='word_1_708' title='bbox 982 4371 1398 4468; x_wconf 78' lang='grc' dir='ltr'>Δευτερονομίου</span> <span class='ocrx_word' id='word_1_709' title='bbox 1422 4397 1513 4450; x_wconf 77' lang='grc' dir='ltr'><strong>καὶ</strong></span> <span class='ocrx_word' id='word_1_710' title='bbox 1536 4396 1603 4449; x_wconf 86' lang='grc' dir='ltr'><strong>τά</strong></span> <span class='ocrx_word' id='word_1_711' title='bbox 1628 4396 1727 4465; x_wconf 79' lang='grc' dir='ltr'>τῆς</span> <span class='ocrx_word' id='word_1_712' title='bbox 1768 4394 1911 4460; x_wconf 75' lang='grc' dir='ltr'>Ἐξό-</span> 
     </span>
    </p>
   </div>
   <div class='ocr_carea' id='block_1_90' title="bbox 2018 4371 3576 4473">
    <p class='ocr_par' dir='ltr' id='par_1_90' title="bbox 2018 4371 3576 4451">
     <span class='ocr_line' id='line_1_90' title="bbox 2018 4371 3576 4451; baseline -0.01 -15"><span class='ocrx_word' id='word_1_713' title='bbox 2018 4381 2323 4451; x_wconf 88' lang='lat' dir='ltr'><strong>prehensio.</strong></span> <span class='ocrx_word' id='word_1_714' title='bbox 2357 4380 2631 4433; x_wconf 79' lang='lat' dir='ltr'><strong>Adversus</strong></span> <span class='ocrx_word' id='word_1_715' title='bbox 2654 4393 2748 4431; x_wconf 90' lang='lat' dir='ltr'><strong>eos</strong></span> <span class='ocrx_word' id='word_1_716' title='bbox 2775 4390 2902 4444; x_wconf 74' lang='lat' dir='ltr'><strong>ergo</strong></span> <span class='ocrx_word' id='word_1_717' title='bbox 2927 4375 3149 4443; x_wconf 89' lang='lat' dir='ltr'><strong>opponit</strong></span> <span class='ocrx_word' id='word_1_718' title='bbox 3182 4380 3404 4428; x_wconf 87' lang='lat' dir='ltr'><strong>sanctus</strong></span> <span class='ocrx_word' id='word_1_719' title='bbox 3436 4371 3576 4427; x_wconf 79' lang='lat' dir='ltr'><strong>Deu-</strong></span> 
     </span>
    </p>
   </div>
   <div class='ocr_carea' id='block_1_91' title="bbox 342 4488 1909 4563">
    <p class='ocr_par' dir='ltr' id='par_1_91' title="bbox 342 4488 1909 4563">
     <span class='ocr_line' id='line_1_91' title="bbox 342 4488 1909 4563; baseline -0.005 -17"><span class='ocrx_word' id='word_1_720' title='bbox 342 4493 458 4556; x_wconf 77' lang='grc' dir='ltr'>δον,</span> <span class='ocrx_word' id='word_1_721' title='bbox 480 4492 572 4545; x_wconf 89' lang='grc' dir='ltr'><strong>καί</strong></span> <span class='ocrx_word' id='word_1_722' title='bbox 614 4509 798 4562; x_wconf 82' lang='grc' dir='ltr'>φησιν,</span> <span class='ocrx_word' id='word_1_723' title='bbox 839 4492 914 4552; x_wconf 83' lang='grc' dir='ltr'>ὡς</span> <span class='ocrx_word' id='word_1_724' title='bbox 956 4491 1057 4547; x_wconf 75' lang='grc' dir='ltr'><strong>κᾶν</strong></span> <span class='ocrx_word' id='word_1_725' title='bbox 1096 4491 1398 4563; x_wconf 76' lang='grc' dir='ltr'>ἐρριμμένα</span> <span class='ocrx_word' id='word_1_726' title='bbox 1426 4492 1516 4544; x_wconf 74' lang='grc' dir='ltr'><strong>καὶ</strong></span> <span class='ocrx_word' id='word_1_727' title='bbox 1542 4488 1909 4559; x_wconf 82' lang='grc' dir='ltr'>ἀνεπιμέλητα</span> 
     </span>
    </p>
   </div>
   <div class='ocr_carea' id='block_1_92' title="bbox 346 4580 1906 4657">
    <p class='ocr_par' dir='ltr' id='par_1_92' title="bbox 346 4580 1906 4657">
     <span class='ocr_line' id='line_1_92' title="bbox 346 4580 1906 4657; baseline -0.005 -19"><span class='ocrx_word' id='word_1_728' title='bbox 346 4585 443 4638; x_wconf 79' lang='grc' dir='ltr'><strong>καὶ</strong></span> <span class='ocrx_word' id='word_1_729' title='bbox 471 4586 529 4636; x_wconf 80' lang='grc' dir='ltr'><strong>ἐν</strong></span> <span class='ocrx_word' id='word_1_730' title='bbox 560 4582 735 4655; x_wconf 79' lang='grc' dir='ltr'>καιρῷ</span> <span class='ocrx_word' id='word_1_731' title='bbox 780 4598 999 4653; x_wconf 78' lang='grc' dir='ltr'>τοιουτῳ</span> <span class='ocrx_word' id='word_1_732' title='bbox 1032 4584 1236 4657; x_wconf 77' lang='grc' dir='ltr'>εὑρήσῃ</span> <span class='ocrx_word' id='word_1_733' title='bbox 1266 4600 1348 4645; x_wconf 86' lang='grc' dir='ltr'><strong>τις</strong></span> <span class='ocrx_word' id='word_1_734' title='bbox 1380 4582 1696 4652; x_wconf 86' lang='grc' dir='ltr'>πράγματα,</span> <span class='ocrx_word' id='word_1_735' title='bbox 1743 4580 1906 4648; x_wconf 73' lang='grc' dir='ltr'>ἀγνοῇ</span> 
     </span>
    </p>
   </div>
   <div class='ocr_carea' id='block_1_93' title="bbox 344 4672 1907 4745">
    <p class='ocr_par' dir='ltr' id='par_1_93' title="bbox 344 4672 1907 4745">
     <span class='ocr_line' id='line_1_93' title="bbox 344 4672 1907 4745; baseline -0.005 -15"><span class='ocrx_word' id='word_1_736' title='bbox 344 4678 404 4730; x_wconf 86' lang='grc' dir='ltr'>δὲ</span> <span class='ocrx_word' id='word_1_737' title='bbox 439 4676 648 4730; x_wconf 78' lang='grc' dir='ltr'>καὶτὸν</span> <span class='ocrx_word' id='word_1_738' title='bbox 676 4676 937 4745; x_wconf 78' lang='grc' dir='ltr'>δεσπότην</span> <span class='ocrx_word' id='word_1_739' title='bbox 978 4675 1174 4737; x_wconf 81' lang='grc' dir='ltr'>αὐτῶν,</span> <span class='ocrx_word' id='word_1_740' title='bbox 1207 4673 1323 4726; x_wconf 79' lang='grc' dir='ltr'>οὐδὲ</span> <span class='ocrx_word' id='word_1_741' title='bbox 1366 4672 1534 4734; x_wconf 69' lang='grc' dir='ltr'>οὕτως</span> <span class='ocrx_word' id='word_1_742' title='bbox 1587 4673 1907 4743; x_wconf 80' lang='grc' dir='ltr'>ἐκχωρείται</span> 
     </span>
    </p>
   </div>
   <div class='ocr_carea' id='block_1_94' title="bbox 342 4760 1905 4837">
    <p class='ocr_par' dir='ltr' id='par_1_94' title="bbox 342 4760 1905 4837">
     <span class='ocr_line' id='line_1_94' title="bbox 342 4760 1905 4837; baseline -0.006 -17"><span class='ocrx_word' id='word_1_743' title='bbox 342 4767 598 4837; x_wconf 78' lang='grc' dir='ltr'>κερδᾶναι</span> <span class='ocrx_word' id='word_1_744' title='bbox 628 4766 784 4819; x_wconf 82' lang='grc' dir='ltr'>αὑτά.</span> <span class='ocrx_word' id='word_1_745' title='bbox 827 4765 1101 4833; x_wconf 84' lang='grc' dir='ltr'>Χρεωστεῖ</span> <span class='ocrx_word' id='word_1_746' title='bbox 1140 4764 1247 4833; x_wconf 81' lang='grc' dir='ltr'><strong>γὰρ</strong></span> <span class='ocrx_word' id='word_1_747' title='bbox 1274 4762 1500 4831; x_wconf 80' lang='grc' dir='ltr'>φυλάξαι</span> <span class='ocrx_word' id='word_1_748' title='bbox 1528 4761 1685 4823; x_wconf 76' lang='grc' dir='ltr'>αὐτὰ,</span> <span class='ocrx_word' id='word_1_749' title='bbox 1715 4761 1817 4821; x_wconf 80' lang='grc' dir='ltr'>ἓως</span> <span class='ocrx_word' id='word_1_750' title='bbox 1842 4760 1905 4811; x_wconf 84' lang='grc' dir='ltr'>ἂν</span> 
     </span>
    </p>
   </div>
   <div class='ocr_carea' id='block_1_95' title="bbox 342 4849 1910 4932">
    <p class='ocr_par' dir='ltr' id='par_1_95' title="bbox 342 4849 1910 4932">
     <span class='ocr_line' id='line_1_95' title="bbox 342 4849 1910 4932; baseline -0.008 -18"><span class='ocrx_word' id='word_1_751' title='bbox 342 4864 373 4914; x_wconf 92' lang='lat'><strong>6</strong></span> <span class='ocrx_word' id='word_1_752' title='bbox 405 4860 589 4932; x_wconf 83' lang='grc' dir='ltr'>κύριος</span> <span class='ocrx_word' id='word_1_753' title='bbox 621 4859 798 4923; x_wconf 79' lang='grc' dir='ltr'>αὐτῶν</span> <span class='ocrx_word' id='word_1_754' title='bbox 822 4858 933 4927; x_wconf 84' lang='grc' dir='ltr'><strong>γνῷ</strong></span> <span class='ocrx_word' id='word_1_755' title='bbox 965 4860 1057 4911; x_wconf 74' lang='grc' dir='ltr'>καὶ</span> <span class='ocrx_word' id='word_1_756' title='bbox 1086 4858 1293 4927; x_wconf 74' lang='grc' dir='ltr'><strong>ζητήσῃ</strong></span> <span class='ocrx_word' id='word_1_757' title='bbox 1325 4855 1481 4909; x_wconf 80' lang='grc' dir='ltr'>αὐτὰ.</span> <span class='ocrx_word' id='word_1_758' title='bbox 1508 4849 1638 4907; x_wconf 81' lang='grc' dir='ltr'>Εἶτα</span> <span class='ocrx_word' id='word_1_759' title='bbox 1668 4867 1910 4923; x_wconf 82' lang='grc' dir='ltr'>προσεπ-</span> 
     </span>
    </p>
   </div>
   <div class='ocr_carea' id='block_1_96' title="bbox 343 4942 1910 5021">
    <p class='ocr_par' dir='ltr' id='par_1_96' title="bbox 343 4942 1910 5021">
     <span class='ocr_line' id='line_1_96' title="bbox 343 4942 1910 5021; baseline -0.008 -15"><span class='ocrx_word' id='word_1_760' title='bbox 343 4956 468 5021; x_wconf 83' lang='grc' dir='ltr'>άγει</span> <span class='ocrx_word' id='word_1_761' title='bbox 513 4952 613 5011; x_wconf 81' lang='grc' dir='ltr'>ὅτι,</span> <span class='ocrx_word' id='word_1_762' title='bbox 650 4951 743 5003; x_wconf 81' lang='grc' dir='ltr'><strong>ἐὰν</strong></span> <span class='ocrx_word' id='word_1_763' title='bbox 776 4950 915 5004; x_wconf 77' lang='grc' dir='ltr'>κατὰ</span> <span class='ocrx_word' id='word_1_764' title='bbox 960 4950 1057 5019; x_wconf 88' lang='grc' dir='ltr'><strong>τὴν</strong></span> <span class='ocrx_word' id='word_1_765' title='bbox 1104 4946 1399 5017; x_wconf 84' lang='grc' dir='ltr'>Μωσαῖκὴν</span> <span class='ocrx_word' id='word_1_766' title='bbox 1455 4944 1771 5015; x_wconf 81' lang='grc' dir='ltr'>νομοθεσίαν</span> <span class='ocrx_word' id='word_1_767' title='bbox 1809 4942 1910 4995; x_wconf 73' lang='grc' dir='ltr'><strong>οὐκ</strong></span> 
     </span>
    </p>
   </div>
   <div class='ocr_carea' id='block_1_97' title="bbox 345 5036 1907 5111">
    <p class='ocr_par' dir='ltr' id='par_1_97' title="bbox 345 5036 1907 5111">
     <span class='ocr_line' id='line_1_97' title="bbox 345 5036 1907 5111; baseline -0.008 -13"><span class='ocrx_word' id='word_1_768' title='bbox 345 5044 521 5110; x_wconf 74' lang='grc' dir='ltr'>ἔξεστί</span> <span class='ocrx_word' id='word_1_769' title='bbox 547 5061 651 5097; x_wconf 88' lang='grc' dir='ltr'>τινι</span> <span class='ocrx_word' id='word_1_770' title='bbox 681 5042 938 5097; x_wconf 83' lang='grc' dir='ltr'>ἰδιοῦσθαι</span> <span class='ocrx_word' id='word_1_771' title='bbox 958 5040 1025 5095; x_wconf 80' lang='grc' dir='ltr'>τὰ</span> <span class='ocrx_word' id='word_1_772' title='bbox 1055 5041 1259 5111; x_wconf 88' lang='grc' dir='ltr'>ἐτέροις</span> <span class='ocrx_word' id='word_1_773' title='bbox 1288 5039 1554 5109; x_wconf 83' lang='grc' dir='ltr'>ἀνήκοντα</span> <span class='ocrx_word' id='word_1_774' title='bbox 1588 5036 1907 5106; x_wconf 77' lang='grc' dir='ltr'>πράγματα,</span> 
     </span>
    </p>
   </div>
   <div class='ocr_carea' id='block_1_98' title="bbox 344 5122 1910 5204">
    <p class='ocr_par' dir='ltr' id='par_1_98' title="bbox 344 5122 1910 5204">
     <span class='ocr_line' id='line_1_98' title="bbox 344 5122 1910 5204; baseline -0.011 -15"><span class='ocrx_word' id='word_1_775' title='bbox 344 5137 449 5189; x_wconf 79' lang='grc' dir='ltr'>κᾶν</span> <span class='ocrx_word' id='word_1_776' title='bbox 477 5134 623 5204; x_wconf 85' lang='grc' dir='ltr'>φίλοι</span> <span class='ocrx_word' id='word_1_777' title='bbox 665 5127 798 5187; x_wconf 78' lang='grc' dir='ltr'>ὦσιν</span> <span class='ocrx_word' id='word_1_778' title='bbox 836 5126 1008 5204; x_wconf 70' lang='grc' dir='ltr'>οὗτοι,</span> <span class='ocrx_word' id='word_1_779' title='bbox 1041 5129 1142 5182; x_wconf 76' lang='grc' dir='ltr'><strong>κᾶν</strong></span> <span class='ocrx_word' id='word_1_780' title='bbox 1176 5128 1378 5200; x_wconf 68' lang='grc' dir='ltr'>ἐχθροὶ,</span> <span class='ocrx_word' id='word_1_781' title='bbox 1414 5126 1513 5179; x_wconf 73' lang='grc' dir='ltr'>κᾶν</span> <span class='ocrx_word' id='word_1_782' title='bbox 1544 5122 1910 5192; x_wconf 77' lang='grc' dir='ltr'>ἀνεπιμέλητα</span> 
     </span>
    </p>
   </div>
   <div class='ocr_carea' id='block_1_99' title="bbox 342 5198 1910 5290">
    <p class='ocr_par' dir='ltr' id='par_1_99' title="bbox 342 5198 1910 5290">
     <span class='ocr_line' id='line_1_99' title="bbox 342 5198 1910 5290; baseline -0.013 -7"><span class='ocrx_word' id='word_1_783' title='bbox 342 5220 469 5290; x_wconf 77' lang='grc' dir='ltr'>ὦσι,</span> <span class='ocrx_word' id='word_1_784' title='bbox 490 5198 592 5281; x_wconf 36' lang='grc' dir='ltr'>,καὶ</span> <span class='ocrx_word' id='word_1_785' title='bbox 619 5225 790 5279; x_wconf 84' lang='grc' dir='ltr'>ταῦτα</span> <span class='ocrx_word' id='word_1_786' title='bbox 815 5224 871 5276; x_wconf 89' lang='grc' dir='ltr'><strong>ἐν</strong></span> <span class='ocrx_word' id='word_1_787' title='bbox 906 5198 1079 5290; x_wconf 72' lang='grc' dir='ltr'>καιρῷ</span> <span class='ocrx_word' id='word_1_788' title='bbox 1106 5198 1352 5290; x_wconf 67' lang='grc' dir='ltr'>εἰρὴνής,</span> <span class='ocrx_word' id='word_1_789' title='bbox 1381 5214 1515 5269; x_wconf 83' lang='grc' dir='ltr'>ἀλλὰ</span> <span class='ocrx_word' id='word_1_790' title='bbox 1546 5211 1910 5280; x_wconf 73' lang='grc' dir='ltr'>ἀναγκάζεται</span> 
     </span>
    </p>
   </div>
   <div class='ocr_carea' id='block_1_100' title="bbox 343 5302 1908 5389">
    <p class='ocr_par' dir='ltr' id='par_1_100' title="bbox 343 5302 1908 5389">
     <span class='ocr_line' id='line_1_100' title="bbox 343 5302 1908 5389; baseline -0.016 -12"><span class='ocrx_word' id='word_1_791' title='bbox 343 5321 716 5389; x_wconf 81' lang='grc' dir='ltr'>ἀποκαθιστᾷν</span> <span class='ocrx_word' id='word_1_792' title='bbox 764 5317 903 5371; x_wconf 75' lang='grc' dir='ltr'>αὐτὰ</span> <span class='ocrx_word' id='word_1_793' title='bbox 951 5315 1086 5386; x_wconf 75' lang='grc' dir='ltr'>πρὸς</span> <span class='ocrx_word' id='word_1_794' title='bbox 1117 5314 1241 5374; x_wconf 83' lang='grc' dir='ltr'>τοὺς</span> <span class='ocrx_word' id='word_1_795' title='bbox 1272 5308 1531 5370; x_wconf 82' lang='grc' dir='ltr'>δεσπότας</span> <span class='ocrx_word' id='word_1_796' title='bbox 1573 5304 1774 5357; x_wconf 77' lang='grc' dir='ltr'>τούτων</span> <span class='ocrx_word' id='word_1_797' title='bbox 1814 5302 1908 5354; x_wconf 72' lang='grc' dir='ltr'><strong>καὶ</strong></span> 
     </span>
    </p>
   </div>
   <div class='ocr_carea' id='block_1_101' title="bbox 340 5394 1906 5490">
    <p class='ocr_par' dir='ltr' id='par_1_101' title="bbox 340 5394 1906 5490">
     <span class='ocr_line' id='line_1_101' title="bbox 340 5394 1906 5490; baseline -0.017 -19"><span class='ocrx_word' id='word_1_798' title='bbox 340 5418 683 5490; x_wconf 61' lang='grc' dir='ltr'>τρυφῶντας,</span> <span class='ocrx_word' id='word_1_799' title='bbox 714 5414 806 5467; x_wconf 79' lang='grc' dir='ltr'><strong>καὶ</strong></span> <span class='ocrx_word' id='word_1_800' title='bbox 834 5409 967 5481; x_wconf 84' lang='grc' dir='ltr'>μηδὲ</span> <span class='ocrx_word' id='word_1_801' title='bbox 1000 5402 1487 5477; x_wconf 75' lang='grc' dir='ltr'>ἐπιστρεφομένους</span> <span class='ocrx_word' id='word_1_802' title='bbox 1508 5398 1604 5470; x_wconf 81' lang='grc' dir='ltr'>τῆς</span> <span class='ocrx_word' id='word_1_803' title='bbox 1630 5398 1736 5450; x_wconf 87' lang='grc' dir='ltr'><strong>τῶν</strong></span> <span class='ocrx_word' id='word_1_804' title='bbox 1764 5394 1906 5447; x_wconf 83' lang='grc' dir='ltr'>ἰδίων</span> 
     </span>
    </p>
   </div>
   <div class='ocr_carea' id='block_1_102' title="bbox 428 5512 1593 5616">
    <p class='ocr_par' dir='ltr' id='par_1_102' title="bbox 428 5512 1593 5616">
     <span class='ocr_line' id='line_1_102' title="bbox 428 5512 1593 5616; baseline -0.012 -6"><span class='ocrx_word' id='word_1_805' title='bbox 428 5560 470 5589; x_wconf 83' lang='grc'>¹¹</span> <span class='ocrx_word' id='word_1_806' title='bbox 501 5555 656 5609; x_wconf 87' lang='lat' dir='ltr'><strong>Deut.</strong></span> <span class='ocrx_word' id='word_1_807' title='bbox 689 5569 823 5616; x_wconf 74' lang='grc' dir='ltr'>χχιι,</span> <span class='ocrx_word' id='word_1_808' title='bbox 858 5552 910 5616; x_wconf 70' lang='grc'>1,</span> <span class='ocrx_word' id='word_1_809' title='bbox 948 5550 1001 5605; x_wconf 80' lang='grc'><strong>5.</strong></span> <span class='ocrx_word' id='word_1_810' title='bbox 1080 5548 1121 5579; x_wconf 79' lang='grc'><strong>⁸³</strong></span> <span class='ocrx_word' id='word_1_811' title='bbox 1153 5545 1325 5601; x_wconf 79' lang='lat' dir='ltr'><strong>Exod.</strong></span> <span class='ocrx_word' id='word_1_812' title='bbox 1359 5512 1517 5610; x_wconf 59' lang='lat' dir='ltr'><strong>xii&quot;,</strong></span> <span class='ocrx_word' id='word_1_813' title='bbox 1544 5539 1593 5596; x_wconf 73' lang='grc'><strong>4.</strong></span> 
     </span>
    </p>
   </div>
   <div class='ocr_carea' id='block_1_103' title="bbox 2016 4463 3577 4534">
    <p class='ocr_par' dir='ltr' id='par_1_103' title="bbox 2016 4463 3577 4534">
     <span class='ocr_line' id='line_1_103' title="bbox 2016 4463 3577 4534; baseline -0.008 -6"><span class='ocrx_word' id='word_1_814' title='bbox 2016 4473 2381 4530; x_wconf 85' lang='lat' dir='ltr'><strong>teronomium</strong></span> <span class='ocrx_word' id='word_1_815' title='bbox 2408 4480 2461 4524; x_wconf 88' lang='lat' dir='ltr'><strong>et</strong></span> <span class='ocrx_word' id='word_1_816' title='bbox 2486 4468 2732 4522; x_wconf 78' lang='lat' dir='ltr'><strong>Exodum</strong></span> <span class='ocrx_word' id='word_1_817' title='bbox 2761 4485 2775 4520; x_wconf 89' lang='lat'><strong>:</strong></span> <span class='ocrx_word' id='word_1_818' title='bbox 2807 4466 3031 4531; x_wconf 86' lang='lat' dir='ltr'><strong>ctdicit,</strong></span> <span class='ocrx_word' id='word_1_819' title='bbox 3065 4464 3208 4534; x_wconf 91' lang='lat' dir='ltr'><strong>quod</strong></span> <span class='ocrx_word' id='word_1_820' title='bbox 3238 4463 3453 4518; x_wconf 87' lang='lat' dir='ltr'><strong>etiamsi</strong></span> <span class='ocrx_word' id='word_1_821' title='bbox 3478 4464 3577 4516; x_wconf 84' lang='lat' dir='ltr'><strong>ali-</strong></span> 
     </span>
    </p>
   </div>
   <div class='ocr_carea' id='block_1_104' title="bbox 2014 4556 3578 4636">
    <p class='ocr_par' dir='ltr' id='par_1_104' title="bbox 2014 4556 3578 4636">
     <span class='ocr_line' id='line_1_104' title="bbox 2014 4556 3578 4636; baseline -0.009 -16"><span class='ocrx_word' id='word_1_822' title='bbox 2014 4565 2140 4636; x_wconf 86' lang='lat' dir='ltr'><strong>quis</strong></span> <span class='ocrx_word' id='word_1_823' title='bbox 2170 4564 2424 4632; x_wconf 87' lang='lat' dir='ltr'><strong>disjectas</strong></span> <span class='ocrx_word' id='word_1_824' title='bbox 2460 4558 2834 4629; x_wconf 80' lang='lat' dir='ltr'><strong>neglectuique</strong></span> <span class='ocrx_word' id='word_1_825' title='bbox 2875 4556 3086 4611; x_wconf 87' lang='lat' dir='ltr'><strong>habitas</strong></span> <span class='ocrx_word' id='word_1_826' title='bbox 3115 4573 3180 4609; x_wconf 88' lang='lat' dir='ltr'><strong>eo</strong></span> <span class='ocrx_word' id='word_1_827' title='bbox 3208 4564 3447 4625; x_wconf 84' lang='lat' dir='ltr'><strong>tempore</strong></span> <span class='ocrx_word' id='word_1_828' title='bbox 3489 4570 3578 4608; x_wconf 82' lang='lat' dir='ltr'><strong>res</strong></span> 
     </span>
    </p>
   </div>
   <div class='ocr_carea' id='block_1_105' title="bbox 2013 4648 3578 4725">
    <p class='ocr_par' dir='ltr' id='par_1_105' title="bbox 2013 4648 3578 4725">
     <span class='ocr_line' id='line_1_105' title="bbox 2013 4648 3578 4725; baseline -0.009 -12"><span class='ocrx_word' id='word_1_829' title='bbox 2013 4658 2300 4721; x_wconf 85' lang='lat' dir='ltr'><strong>invenerit,</strong></span> <span class='ocrx_word' id='word_1_830' title='bbox 2336 4657 2575 4725; x_wconf 85' lang='lat' dir='ltr'><strong>ipsarum</strong></span> <span class='ocrx_word' id='word_1_831' title='bbox 2610 4660 2788 4705; x_wconf 88' lang='lat' dir='ltr'><strong>autem</strong></span> <span class='ocrx_word' id='word_1_832' title='bbox 2818 4649 3097 4703; x_wconf 91' lang='lat' dir='ltr'><strong>dominum</strong></span> <span class='ocrx_word' id='word_1_833' title='bbox 3129 4648 3477 4717; x_wconf 79' lang='lat' dir='ltr'><strong>ignoraverit,</strong></span> <span class='ocrx_word' id='word_1_834' title='bbox 3508 4662 3578 4699; x_wconf 87' lang='lat' dir='ltr'><strong>ne</strong></span> 
     </span>
    </p>
   </div>
   <div class='ocr_carea' id='block_1_106' title="bbox 2013 4739 3579 4818">
    <p class='ocr_par' dir='ltr' id='par_1_106' title="bbox 2013 4739 3579 4818">
     <span class='ocr_line' id='line_1_106' title="bbox 2013 4739 3579 4818; baseline -0.009 -13"><span class='ocrx_word' id='word_1_835' title='bbox 2013 4752 2093 4805; x_wconf 88' lang='lat' dir='ltr'><strong>sic</strong></span> <span class='ocrx_word' id='word_1_836' title='bbox 2125 4748 2343 4818; x_wconf 84' lang='lat' dir='ltr'><strong>quidem</strong></span> <span class='ocrx_word' id='word_1_837' title='bbox 2375 4762 2467 4802; x_wconf 84' lang='lat' dir='ltr'><strong>eas</strong></span> <span class='ocrx_word' id='word_1_838' title='bbox 2498 4745 2696 4799; x_wconf 86' lang='lat' dir='ltr'><strong>lucrari</strong></span> <span class='ocrx_word' id='word_1_839' title='bbox 2725 4742 3073 4812; x_wconf 85' lang='lat' dir='ltr'><strong>permittitur.</strong></span> <span class='ocrx_word' id='word_1_840' title='bbox 3119 4739 3285 4793; x_wconf 89' lang='lat' dir='ltr'><strong>Debet</strong></span> <span class='ocrx_word' id='word_1_841' title='bbox 3314 4740 3456 4792; x_wconf 89' lang='lat' dir='ltr'><strong>enim</strong></span> <span class='ocrx_word' id='word_1_842' title='bbox 3483 4752 3579 4791; x_wconf 85' lang='lat' dir='ltr'><strong>eas</strong></span> 
     </span>
    </p>
   </div>
   <div class='ocr_carea' id='block_1_107' title="bbox 2014 4834 3577 4909">
    <p class='ocr_par' dir='ltr' id='par_1_107' title="bbox 2014 4834 3577 4909">
     <span class='ocr_line' id='line_1_107' title="bbox 2014 4834 3577 4909; baseline -0.012 -7"><span class='ocrx_word' id='word_1_843' title='bbox 2014 4860 2253 4909; x_wconf 84' lang='lat' dir='ltr'><strong>servare,</strong></span> <span class='ocrx_word' id='word_1_844' title='bbox 2287 4844 2459 4897; x_wconf 87' lang='lat' dir='ltr'><strong>donec</strong></span> <span class='ocrx_word' id='word_1_845' title='bbox 2486 4857 2673 4895; x_wconf 86' lang='lat' dir='ltr'><strong>carum</strong></span> <span class='ocrx_word' id='word_1_846' title='bbox 2716 4837 2969 4892; x_wconf 88' lang='lat' dir='ltr'><strong>dominus</strong></span> <span class='ocrx_word' id='word_1_847' title='bbox 3002 4836 3120 4888; x_wconf 89' lang='lat' dir='ltr'><strong>illas</strong></span> <span class='ocrx_word' id='word_1_848' title='bbox 3166 4834 3481 4902; x_wconf 79' lang='lat' dir='ltr'><strong>cognoverit</strong></span> <span class='ocrx_word' id='word_1_849' title='bbox 3525 4845 3577 4885; x_wconf 85' lang='lat' dir='ltr'><strong>et</strong></span> 
     </span>
    </p>
   </div>
   <div class='ocr_carea' id='block_1_108' title="bbox 2013 4924 3576 5009">
    <p class='ocr_par' dir='ltr' id='par_1_108' title="bbox 2013 4924 3576 5009">
     <span class='ocr_line' id='line_1_108' title="bbox 2013 4924 3576 5009; baseline -0.012 -15"><span class='ocrx_word' id='word_1_850' title='bbox 2013 4938 2307 5009; x_wconf 64' lang='lat' dir='ltr'><strong>quaesierit.</strong></span> <span class='ocrx_word' id='word_1_851' title='bbox 2330 4935 2529 4989; x_wconf 88' lang='lat' dir='ltr'><strong>Deinde</strong></span> <span class='ocrx_word' id='word_1_852' title='bbox 2558 4931 2738 4993; x_wconf 86' lang='lat' dir='ltr'><strong>infert,</strong></span> <span class='ocrx_word' id='word_1_853' title='bbox 2770 4929 2916 5000; x_wconf 87' lang='lat' dir='ltr'><strong>quod</strong></span> <span class='ocrx_word' id='word_1_854' title='bbox 2943 4929 2987 4982; x_wconf 91' lang='lat' dir='ltr'><strong>si</strong></span> <span class='ocrx_word' id='word_1_855' title='bbox 3024 4929 3137 4997; x_wconf 83' lang='lat' dir='ltr'><strong>lege</strong></span> <span class='ocrx_word' id='word_1_856' title='bbox 3172 4924 3407 4979; x_wconf 80' lang='lat' dir='ltr'><strong>Mosaica</strong></span> <span class='ocrx_word' id='word_1_857' title='bbox 3444 4925 3576 4978; x_wconf 86' lang='lat' dir='ltr'><strong>nulli</strong></span> 
     </span>
    </p>
   </div>
   <div class='ocr_carea' id='block_1_109' title="bbox 2012 5014 3573 5098">
    <p class='ocr_par' dir='ltr' id='par_1_109' title="bbox 2012 5014 3573 5098">
     <span class='ocr_line' id='line_1_109' title="bbox 2012 5014 3573 5098; baseline -0.012 -13"><span class='ocrx_word' id='word_1_858' title='bbox 2012 5032 2158 5095; x_wconf 87' lang='lat' dir='ltr'><strong>licet,</strong></span> <span class='ocrx_word' id='word_1_859' title='bbox 2193 5044 2253 5083; x_wconf 89' lang='lat' dir='ltr'><strong>ea</strong></span> <span class='ocrx_word' id='word_1_860' title='bbox 2289 5043 2407 5098; x_wconf 68' lang='lat' dir='ltr'><strong>qure</strong></span> <span class='ocrx_word' id='word_1_861' title='bbox 2448 5027 2513 5080; x_wconf 82' lang='lat' dir='ltr'><strong>ad</strong></span> <span class='ocrx_word' id='word_1_862' title='bbox 2545 5026 2680 5079; x_wconf 89' lang='lat' dir='ltr'><strong>alios</strong></span> <span class='ocrx_word' id='word_1_863' title='bbox 2712 5023 3001 5091; x_wconf 88' lang='lat' dir='ltr'><strong>pertinent,</strong></span> <span class='ocrx_word' id='word_1_864' title='bbox 3048 5026 3304 5087; x_wconf 87' lang='lat' dir='ltr'><strong>tanquam</strong></span> <span class='ocrx_word' id='word_1_865' title='bbox 3342 5028 3441 5068; x_wconf 88' lang='lat' dir='ltr'><strong>sua</strong></span> <span class='ocrx_word' id='word_1_866' title='bbox 3471 5014 3573 5067; x_wconf 80' lang='lat' dir='ltr'><strong>sibi</strong></span> 
     </span>
    </p>
   </div>
   <div class='ocr_carea' id='block_1_110' title="bbox 2014 5103 3569 5191">
    <p class='ocr_par' dir='ltr' id='par_1_110' title="bbox 2014 5103 3569 5191">
     <span class='ocr_line' id='line_1_110' title="bbox 2014 5103 3569 5191; baseline -0.014 -16"><span class='ocrx_word' id='word_1_867' title='bbox 2014 5122 2233 5191; x_wconf 85' lang='lat' dir='ltr'><strong>propria</strong></span> <span class='ocrx_word' id='word_1_868' title='bbox 2282 5118 2574 5181; x_wconf 75' lang='lat' dir='ltr'><strong>ascribere,</strong></span> <span class='ocrx_word' id='word_1_869' title='bbox 2607 5114 2719 5169; x_wconf 90' lang='lat' dir='ltr'><strong>sive</strong></span> <span class='ocrx_word' id='word_1_870' title='bbox 2748 5112 2782 5164; x_wconf 91' lang='lat' dir='ltr'><strong>ii</strong></span> <span class='ocrx_word' id='word_1_871' title='bbox 2825 5112 2933 5165; x_wconf 90' lang='lat' dir='ltr'><strong>sint</strong></span> <span class='ocrx_word' id='word_1_872' title='bbox 2970 5107 3150 5168; x_wconf 87' lang='lat' dir='ltr'><strong>amici,</strong></span> <span class='ocrx_word' id='word_1_873' title='bbox 3196 5106 3309 5160; x_wconf 87' lang='lat' dir='ltr'><strong>sive</strong></span> <span class='ocrx_word' id='word_1_874' title='bbox 3342 5103 3569 5165; x_wconf 84' lang='lat' dir='ltr'><strong>inimici,</strong></span> 
     </span>
    </p>
   </div>
   <div class='ocr_carea' id='block_1_111' title="bbox 2015 5194 3574 5277">
    <p class='ocr_par' dir='ltr' id='par_1_111' title="bbox 2015 5194 3574 5277">
     <span class='ocr_line' id='line_1_111' title="bbox 2015 5194 3574 5277; baseline -0.013 -13"><span class='ocrx_word' id='word_1_875' title='bbox 2015 5210 2227 5265; x_wconf 86' lang='lat' dir='ltr'><strong>etiamsi</strong></span> <span class='ocrx_word' id='word_1_876' title='bbox 2256 5218 2495 5277; x_wconf 86' lang='lat' dir='ltr'><strong>tempore</strong></span> <span class='ocrx_word' id='word_1_877' title='bbox 2528 5206 2678 5275; x_wconf 90' lang='lat' dir='ltr'><strong>pacis</strong></span> <span class='ocrx_word' id='word_1_878' title='bbox 2704 5199 2969 5272; x_wconf 81' lang='lat' dir='ltr'><strong>neglectui</strong></span> <span class='ocrx_word' id='word_1_879' title='bbox 3004 5195 3181 5257; x_wconf 86' lang='lat' dir='ltr'><strong>habita</strong></span> <span class='ocrx_word' id='word_1_880' title='bbox 3210 5194 3339 5254; x_wconf 91' lang='lat' dir='ltr'><strong>sint,</strong></span> <span class='ocrx_word' id='word_1_881' title='bbox 3365 5194 3454 5246; x_wconf 86' lang='lat' dir='ltr'><strong>sed</strong></span> <span class='ocrx_word' id='word_1_882' title='bbox 3479 5208 3574 5245; x_wconf 82' lang='lat' dir='ltr'><strong>co-</strong></span> 
     </span>
    </p>
   </div>
   <div class='ocr_carea' id='block_1_112' title="bbox 2015 5284 3573 5376">
    <p class='ocr_par' dir='ltr' id='par_1_112' title="bbox 2015 5284 3573 5376">
     <span class='ocr_line' id='line_1_112' title="bbox 2015 5284 3573 5376; baseline -0.012 -22"><span class='ocrx_word' id='word_1_883' title='bbox 2015 5301 2160 5372; x_wconf 74' lang='lat' dir='ltr'><strong>gitur</strong></span> <span class='ocrx_word' id='word_1_884' title='bbox 2186 5314 2249 5353; x_wconf 88' lang='lat' dir='ltr'><strong>ea</strong></span> <span class='ocrx_word' id='word_1_885' title='bbox 2278 5298 2512 5353; x_wconf 88' lang='lat' dir='ltr'><strong>dominis</strong></span> <span class='ocrx_word' id='word_1_886' title='bbox 2540 5298 2783 5366; x_wconf 90' lang='lat' dir='ltr'><strong>ipsorum</strong></span> <span class='ocrx_word' id='word_1_887' title='bbox 2807 5291 3107 5353; x_wconf 86' lang='lat' dir='ltr'><strong>restituere,</strong></span> <span class='ocrx_word' id='word_1_888' title='bbox 3142 5284 3392 5354; x_wconf 87' lang='lat' dir='ltr'><strong>quamvis</strong></span> <span class='ocrx_word' id='word_1_889' title='bbox 3413 5284 3573 5376; x_wconf 65' lang='lat' dir='ltr'><strong>luxu:</strong></span> 
     </span>
    </p>
   </div>
   <div class='ocr_carea' id='block_1_113' title="bbox 2015 5389 3572 5452">
    <p class='ocr_par' dir='ltr' id='par_1_113' title="bbox 2015 5389 3572 5452">
     <span class='ocr_line' id='line_1_113' title="bbox 2015 5389 3572 5452; baseline -0.01 -6"><span class='ocrx_word' id='word_1_890' title='bbox 2015 5394 2159 5447; x_wconf 87' lang='lat' dir='ltr'><strong>riose</strong></span> <span class='ocrx_word' id='word_1_891' title='bbox 2190 5400 2242 5445; x_wconf 90' lang='lat' dir='ltr'><strong>et</strong></span> <span class='ocrx_word' id='word_1_892' title='bbox 2285 5391 2511 5445; x_wconf 87' lang='lat' dir='ltr'><strong>delicate</strong></span> <span class='ocrx_word' id='word_1_893' title='bbox 2543 5391 2748 5452; x_wconf 86' lang='lat' dir='ltr'><strong>vivant,</strong></span> <span class='ocrx_word' id='word_1_894' title='bbox 2780 5396 2879 5438; x_wconf 89' lang='lat' dir='ltr'><strong>nec</strong></span> <span class='ocrx_word' id='word_1_895' title='bbox 2912 5392 3163 5451; x_wconf 83' lang='lat' dir='ltr'><strong>prOprias</strong></span> <span class='ocrx_word' id='word_1_896' title='bbox 3214 5391 3300 5433; x_wconf 86' lang='lat' dir='ltr'><strong>res</strong></span> <span class='ocrx_word' id='word_1_897' title='bbox 3332 5389 3572 5430; x_wconf 78' lang='lat' dir='ltr'><strong>invenire</strong></span> 
     </span>
    </p>
   </div>
   <div class='ocr_carea' id='block_1_114' title="bbox 418 5642 1914 5743">
    <p class='ocr_par' dir='ltr' id='par_1_114' title="bbox 418 5655 1903 5743">
     <span class='ocr_line' id='line_1_114' title="bbox 418 5655 1903 5743; baseline -0.014 -16"><span class='ocrx_word' id='word_1_898' title='bbox 418 5673 557 5743; x_wconf 70' lang='lat'><strong>(32’)</strong></span> <span class='ocrx_word' id='word_1_899' title='bbox 592 5670 707 5743; x_wconf 82' lang='grc' dir='ltr'>Καί</span> <span class='ocrx_word' id='word_1_900' title='bbox 728 5684 943 5743; x_wconf 58' lang='grc' dir='ltr'><strong>φησιν’</strong></span> <span class='ocrx_word' id='word_1_901' title='bbox 986 5666 1137 5743; x_wconf 59' lang='grc' dir='ltr'>,πρὸς</span> <span class='ocrx_word' id='word_1_902' title='bbox 1158 5665 1329 5743; x_wconf 37' lang='grc' dir='ltr'>τούς..</span> <span class='ocrx_word' id='word_1_903' title='bbox 1367 5661 1528 5743; x_wconf 68' lang='lat' dir='ltr'><strong>Forte</strong></span> <span class='ocrx_word' id='word_1_904' title='bbox 1572 5655 1853 5743; x_wconf 63' lang='lat' dir='ltr'><strong>legendum</strong></span> <span class='ocrx_word' id='word_1_905' title='bbox 1891 5670 1903 5707; x_wconf 92' lang='lat'><strong>:</strong></span> 
     </span>
    </p>
   </div>
   <div class='ocr_carea' id='block_1_115' title="bbox 2018 5642 2821 5743">
    <p class='ocr_par' dir='ltr' id='par_1_115' title="bbox 2018 5642 2821 5720">
     <span class='ocr_line' id='line_1_115' title="bbox 2018 5642 2821 5720; baseline -0.009 -18"><span class='ocrx_word' id='word_1_906' title='bbox 2018 5652 2033 5702; x_wconf 77' lang='grc' dir='ltr'>ὶ</span> <span class='ocrx_word' id='word_1_907' title='bbox 2064 5647 2198 5720; x_wconf 81' lang='grc' dir='ltr'>πρὸς</span> <span class='ocrx_word' id='word_1_908' title='bbox 2228 5650 2374 5713; x_wconf 78' lang='grc' dir='ltr'>τούς.</span> <span class='ocrx_word' id='word_1_909' title='bbox 2410 5642 2685 5701; x_wconf 55' lang='grc' dir='ltr'><strong>ιπηιΡλι</strong></span> <span class='ocrx_word' id='word_1_910' title='bbox 2701 5654 2821 5696; x_wconf 68' lang='lat' dir='ltr'><strong>net.</strong></span> 
     </span>
    </p>
   </div>
   <div class='ocr_carea' id='block_1_116' title="bbox 420 5727 1887 5811">
    <p class='ocr_par' dir='ltr' id='par_1_116' title="bbox 420 5727 1887 5811">
     <span class='ocr_line' id='line_1_116' title="bbox 420 5727 1887 5811; baseline -0.007 -18"><span class='ocrx_word' id='word_1_911' title='bbox 420 5727 968 5811; x_wconf 60' lang='grc' dir='ltr'><strong>ξῗνὸ)’31ετίι’πᾶσαν.</strong></span> <span class='ocrx_word' id='word_1_912' title='bbox 1008 5727 1168 5795; x_wconf 45' lang='lat' dir='ltr'><strong>CXX,</strong></span> <span class='ocrx_word' id='word_1_913' title='bbox 1207 5727 1343 5788; x_wconf 66' lang='grc' dir='ltr'><strong>κατᾶ</strong></span> <span class='ocrx_word' id='word_1_914' title='bbox 1383 5734 1557 5784; x_wconf 76' lang='grc' dir='ltr'>πᾶσαν</span> <span class='ocrx_word' id='word_1_915' title='bbox 1593 5727 1887 5782; x_wconf 61' lang='grc' dir='ltr'>ἀπώλειαν.</span> 
     </span>
    </p>
   </div>
   <div class='ocr_carea' id='block_1_117' title="bbox 606 5834 1143 5895">
    <p class='ocr_par' dir='ltr' id='par_1_117' title="bbox 606 5834 1143 5895">
     <span class='ocr_line' id='line_1_117' title="bbox 606 5834 1143 5895; baseline -0.006 -3"><span class='ocrx_word' id='word_1_916' title='bbox 606 5840 715 5895; x_wconf 62' lang='lat' dir='ltr'><strong>i&#39;ﬁ</strong></span> <span class='ocrx_word' id='word_1_917' title='bbox 738 5854 869 5891; x_wconf 64' lang='grc' dir='ltr'>μοι.</span> <span class='ocrx_word' id='word_1_918' title='bbox 913 5834 1023 5887; x_wconf 49' lang='lat' dir='ltr'><strong>litt.</strong></span> <span class='ocrx_word' id='word_1_919' title='bbox 1074 5834 1143 5893; x_wconf 21' lang='grc' dir='ltr'><strong>ΧΑ</strong></span> 
     </span>
    </p>
   </div>
   <div class='ocr_carea' id='block_1_118' title="bbox 3192 5802 3272 5864">
    <p class='ocr_par' dir='ltr' id='par_1_118' title="bbox 3192 5802 3272 5864">
     <span class='ocr_line' id='line_1_118' title="bbox 3192 5802 3272 5864; baseline 0.013 -1"><span class='ocrx_word' id='word_1_920' title='bbox 3192 5802 3272 5864; x_wconf 81' lang='lat'><strong>33</strong></span> 
     </span>
    </p>
   </div>
  </div>
