3934 6198
516 251 654 310 ωδε

1623 255 1680 311 S.
1723 252 2055 315 GREGORII
2093 254 2605 321 THAUMATURGI

3567 284 3680 345 {056

513 379 708 430 curent
737 390 751 429 :
782 381 989 444 quanto
1025 368 1202 443 magis
1229 373 1391 431 debet
1424 374 1470 431 is
1498 363 1592 446 qui
1630 392 1722 433 res
1749 378 1953 437 invenit
1976 378 2072 435 fra-

2181 381 2472 453 εὑρέσεως
2528 374 2680 456 πόσῳ
2734 387 2932 457 μᾶλλον
2982 389 3186 461 ὀφείλει
3228 393 3257 445 ό
3295 393 3457 466 εὑρὼν
3492 398 3685 470 ἀδελφοῦ

516 467 617 521 tris
646 466 873 523 adversa
899 464 1122 522 fortuna
1158 467 1385 533 utentis,
1419 475 1473 523 et
1500 468 1556 523 in
1586 471 1957 540 captivitatem
1998 474 2072 528 ab

2187 472 2572 546 δυστυχοῦντος
2603 478 2697 531 καὶ
2727 480 3300 555 αἰχμαλωτισθέντκῆ
3331 464 3418 538 καὶ
3443 464 3692 559 φεύγοντος

512 561 682 624 ducti,
699 561 783 616 vel
802 560 1061 616 barbaros
1078 559 1358 632 fugientis,
1386 571 1442 618 et
1463 563 1560 633 qui
1586 564 1641 618 in
1672 573 1821 620 tanta
1856 566 2086 622 necessi‘

513 661 623 709 tate
644 662 742 709 sua
762 652 1003 723 neglecta
1026 654 1265 724 reliquit,
1280 670 1374 710 eas
1396 663 1507 710 tam
1524 655 1861 713 infortunato
1876 659 2083 715 homini

510 746 834 801 restituere?
859 745 1038 816 Atque
1062 748 1179 802 haec
1206 747 1424 817 quidem
1453 758 1673 804 sanctus
1699 748 1953 805 describit
1981 767 1997 805 :
2031 759 2085 806 et

509 840 665 893 docet
686 837 941 907 deinceps
953 839 1228 908 quomodo
1241 838 1420 908 puniri
1442 839 1692 906 debeant,
1706 848 1760 896 et
1779 840 1872 910 qui
1889 856 1975 897 res
1989 855 2083 897 eas

511 936 828 997 rapuerunt,
850 937 903 984 et
937 929 1030 998 qui
1050 944 1158 985 non
1192 939 1508 1000 rapuerunt,
1532 931 1623 987 sed
1660 931 2002 999 invenerunt,
2027 940 2082 987 et

512 1022 610 1093 qui
637 1028 924 1091 postquam
953 1020 1278 1078 invenerunt
1310 1036 1405 1077 eas
1428 1037 1538 1076 non
1564 1023 1938 1078 restituerunt.
1967 1022 2079 1078 Lex

505 1112 898 1168 autem-civilis
935 1113 1052 1168 haec
1082 1127 1342 1183 expresse
1365 1114 1498 1169 dicit
1539 1112 1593 1168 in
1622 1114 1856 1170 themate
1879 1115 1932 1178 5,
1955 1128 2075 1185 cap.

504 1208 596 1272 45,
632 1207 714 1262 tit.
750 1206 840 1273 12,
872 1205 969 1261 lib.
1002 1221 1071 1260 ιι
1098 1222 1112 1258 :
1149 1204 1256 1273 Qui
1283 1222 1396 1261 rem
1428 1207 1661 1263 alienam
1692 1208 1955 1277 abjectam
1982 1222 2077 1262 ac-

504 1300 657 1368 cipit,
701 1305 762 1353 ut
799 1312 921 1351 eam
961 1297 1224 1363 lucretur,
1266 1299 1481 1354 etiamsi
1524 1299 1740 1370 ignorat
1768 1299 1928 1370 cujus
1964 1299 2074 1365 sit,

502 1400 587 1447 est
613 1390 745 1446 furti
774 1391 974 1446 actioni
1007 1389 1279 1446 obnoxius
1307 1409 1320 1445 :
1351 1391 1459 1446 nisi
1488 1390 1631 1447 forte
1663 1390 1919 1447 dominus
1953 1406 2074 1445 eam

502 1483 579 1539 ita
608 1481 908 1552 reliquerit,
941 1488 1000 1534 ut
1033 1478 1193 1549 cujus
1221 1479 1429 1535 nullam
1472 1495 1662 1536 curam
1705 1492 1877 1551 gerat.
1921 1478 2075 1535 Tunc

499 1574 647 1629 enim
689 1573 902 1628 etiamsi
926 1580 987 1627 ut
1015 1586 1079 1627 ea
1118 1573 1306 1628 iurans
1336 1571 1564 1643 ceperit,
1608 1573 1869 1644 quoniam
1903 1572 2075 1642 ipsius

502 1680 625 1721 esse
654 1664 839 1728 desiit,
865 1662 996 1717 l‘urti
1022 1676 1129 1716 non
1153 1671 1388 1717 tenetur.
1421 1659 1541 1717 Non
1569 1664 1715 1718 enim
1748 1662 1809 1718 ﬁt
1845 1661 2071 1730 furtum,

2185 565 2311 629 τοὺς
2360 565 2701 640 βαρϐάρους,
2754 572 3076 643 πράγματα,
3137 576 3233 629 καὶ
3285 578 3420 631 κατᾶ
3466 584 3692 654 τοσαύτην

2185 654 2428 730 ἀνάγκην
2463 658 2778 732 ἀτημέλητα
2817 663 3204 729 καταλιπόντος
3253 667 3318 720 τά
3362 670 3541 737 οἰκεῖα,
3582 674 3687 728 ἀπο.

2184 746 2443 819 me:an
2486 749 2625 803 αὐτά
2668 752 2804 823 πρὸς
2850 753 2911 807 τὺ
2963 754 3130 828 μέρος
3184 757 3276 811 τοῦ
3328 759 3460 814 οὕτω
3498 762 3698 834 δυσπρα-

2182 836 2404 907 γοῦντος
2450 838 2775 911 ἀνθρώπους
2830 844 2941 897 Καὶ
2981 847 3011 897 ό
3060 845 3161 916 μὲν
3211 846 3364 914 ἅγιος
3413 851 3565 904 ταῦτα
3604 854 3697 906 ἐθέ-

2184 942 2371 980 σπισε·
2418 928 2513 981 καὶ
2550 928 2747 1000 ἐφεξῆς
2800 930 3039 986 διδάσκει
3079 933 3198 997 πῶς
3230 935 3517 1004 ὀφείλουσιν
3559 942 3698 995 ἐπιτι-

2184 1017 2385 1089 μᾶσθαι
2423 1018 2477 1071 οἴ
2513 1034 2575 1072 τε
2628 1019 2971 1092 ἁρπάσαντες
3023 1021 3091 1075 τά
3139 1025 3364 1080 τοιαῦτα
3420 1029 3698 1100 πράγματα,

2180 1108 2274 1162 καὶ
2299 1109 2349 1162 οἱ
2375 1108 2449 1181 μὴ
2484 1109 2839 1181 ἁρπάζοντες,
2880 1112 3015 1167 ἀλλά
3056 1115 3337 1186 εὑρόντες*
3378 1118 3505 1189 πρὸς
3538 1121 3590 1174 δὲ
3626 1125 3699 1178 καὶ

2179 1204 2228 1256 οἱ
2288 1204 2427 1274 μετά
2489 1203 2587 1277 τὴν
2645 1203 2862 1278 εὕρεσιν
2925 1207 3000 1278 μὴ
3054 1208 3522 1275 ἀποηθιπῶντες
3570 1215 3697 1269 αὐτὰ.

2191 1295 2249 1349 '0
2286 1294 2342 1347 δὲ
2393 1296 2667 1361 πολιτικὸς
2701 1297 2865 1369 νόμος
2907 1299 3072 1371 φησὶν
3103 1300 3162 1353 ἐν
3193 1299 3385 1372 θέματι
3409 1301 3468 1366 ε’,
3509 1301 3593 1358 τοῦ
3630 1308 3701 1376 μγ

2177 1386 2495 1456 κεφαλαίου,
2544 1387 2637 1441 τοῦ
2675 1388 2752 1460 ιβ’
2798 1387 2999 1455 τιτλου,
3047 1388 3145 1442 τοῦ
3200 1388 3245 1456 ξ’
3298 1390 3517 1461 βιϐλίου,
3561 1393 3701 1447 ταῦτα

2177 1480 2386 1549 ῥητῶς·
2424 1479 2482 1532 '0
2501 1478 2565 1533 τὸ
2596 1478 2877 1552 ἀλλότριον
2917 1482 3152 1553 πρᾶγμα
3179 1482 3501 1554 ἐρριμμένον
3531 1482 3700 1554 λαμϐά-

2174 1586 2280 1623 νων
2301 1570 2482 1642 ἐπὶτῷ
2498 1571 2774 1642 κερδᾶναι,
2795 1571 2901 1625 κᾶν
2922 1572 3090 1645 ἀγνοῇ
3121 1573 3268 1639 τινος
3282 1575 3447 1635 ἐστὶν,
3462 1576 3699 1631 ὑπόκειται

2173 1664 2265 1734 τῇκ
2290 1664 2420 1734 περὶ⁵
2474 1663 2682 1733 κλοπῆς
2721 1666 2936 1735 ἀγωγῇ·
2994 1669 3041 1717 εἰ
3100 1666 3177 1736 μὴ
3206 1665 3315 1736 ἄρα
3347 1666 3698 1737 ἀπρονόητονὸ

503 1757 611 1812 nisi
644 1757 718 1812 sit
746 1756 837 1811 cui
866 1754 1072 1810 furtum
1113 1756 1227 1809 liat.
1270 1754 1328 1808 Si
1357 1763 1537 1810 autem
1567 1755 1712 1825 quod
1740 1772 1843 1810 non
1869 1768 1954 1812 est
1976 1771 2072 1829 pro

2175 1752 2438 1824 δεσπότης
2468 1751 2650 1807 εἴασεν
2697 1754 2859 1808 αὑτό·
2920 1755 3041 1808 τότε
3081 1755 3195 1828 γὰρ
3236 1756 3341 1810 κᾶν
3386 1757 3458 1821 ὼς
3499 1758 3701 1812 κλέπτων

504 1846 763 1902 derelicto
792 1846 1063 1909 habitum,
1101 1860 1200 1914 pro
1244 1843 1503 1899 derelicto
1540 1860 1661 1900 esse
1686 1845 1929 1900 habitum
1956 1847 2074 1900 exi-

506 1939 768 2005 stimavit,
813 1953 924 1993 non
970 1948 1055 1993 est
1089 1936 1211 2003 l‘ur;
1246 1935 1494 1990 siautem
1541 1950 1641 1989 nec
1682 1950 1782 2005 pro
1818 1936 2075 1992 derelicto

504 2033 827 2098 habebatur,
858 2044 959 2084 nec
982 2044 1081 2099 pro
1101 2027 1358 2083 derelicto
1391 2026 1577 2080 haberi
1608 2026 1957 2091 existimavit,
1979 2043 2071 2083 ac-

506 2123 648 2193 cepit
671 2129 854 2177 autem
908 2128 967 2173 ut
1008 2117 1233 2173 domino
1281 2115 1504 2170 invento
1552 2114 1821 2182 redderet,
1861 2116 2075 2171 actione

501 2211 633 2268 furti
678 2226 788 2267 non
834 2217 1072 2276 tenetur,
1102 2207 1339 2264 etiamsi.
1359 2221 1461 2277 pro
1496 2206 1809 2262 inventione
1840 2209 2072 2278 pretium

502 2302 793 2374 acceperit.
811 2299 1072 2356 Similiter
1090 2308 1144 2354 et
1164 2297 1226 2352 61
1257 2312 1403 2368 cap.,
1422 2297 1457 2352 5
1475 2297 1582 2363 tit.,
1599 2312 1630 2350 ι
1653 2295 1749 2350 lib.
1773 2297 1853 2352 sic
1865 2297 2030 2352 habet
2055 2316 2068 2351 :

504 2397 562 2452 Si
600 2396 725 2466 quis
749 2393 993 2449 absentis
1021 2406 1135 2447 rem
1166 2402 1449 2446 vacantem
1481 2390 1834 2457 detinuisset,
1860 2404 1970 2443 non
1992 2398 2073 2444 te-

500 2490 733 2547 nebatur
773 2488 904 2545 olim
955 2487 1042 2543 vel
1096 2485 1385 2540 interdicto
1435 2485 1502 2539 de
1531 2483 1609 2553 vi,
1642 2482 1727 2536 vel
1761 2480 2074 2546 interdicto,

500 2581 660 2650 Quod
682 2581 734 2637 vi
757 2588 852 2635 aut
883 2579 1048 2645 clam,
1083 2578 1191 2634 nisi
1223 2578 1409 2647 utique
1422 2576 1500 2631 rei
1529 2573 1909 2637 vindicatione,
1934 2587 2071 2643 qua-

501 2680 662 2725 tenus
687 2669 886 2724 absens
915 2674 1033 2722 erat
1057 2667 1333 2721 dominus.
1378 2664 1488 2720 Nos
1509 2679 1637 2736 ergo
1662 2663 1914 2717 volumus
1943 2677 2068 2717 eum

502 2768 562 2813 ut
587 2757 682 2830 qui
705 2758 777 2812 sit
799 2770 1107 2827 possessor,
1133 2755 1370 2826 generali
1396 2756 1462 2809 de
1482 2756 1533 2809 vi
1560 2755 1847 2809 interdicto
1874 2754 2083 2815 teneri.,

500 2848 601 2904 Est
624 2848 770 2903 enim
792 2845 1082 2901 ridiculum
1108 2846 1289 2900 dicere
1316 2845 1461 2915 quod
1488 2846 1767 2915 proprium
1787 2844 2068 2899 existima-

501 2944 633 2999 bant
675 2942 730 2998 id
774 2940 918 3010 quod
964 2947 1049 2995 est
1092 2938 1853 3007 alienum:quemadmodum
1900 2946 1956 2991 et
2000 2936 2068 2991 de

501 3033 637 3090 furti
665 3032 718 3086 in
748 3031 973 3102 duplum
1014 3030 1227 3085 actione
1268 3029 1527 3094 diximus,
1572 3030 1718 3099 quod
1755 3028 1848 3099 qui
1876 3039 2068 3098 praeter

503 3124 711 3181 domini
739 3123 1062 3180 sententiam
1084 3137 1148 3176 ac
1166 3122 1499 3176 voluntatem
1522 3130 1842 3176 contrectat.
1862 3120 2063 3175 furtum

503 3217 808 3274 committit.
847 3214 974 3271 Ilaec
1019 3224 1201 3269 autem
1239 3213 1475 3268 dicimus
1503 3212 1613 3267 nisi
1645 3229 1754 3266 xu
1800 3227 2067 3268 annorum

502 3310 739 3387 spatium
783 3307 1117 3379 praeterierit,
1164 3321 1231 3361 ex
1278 3320 1390 3375 quo
1428 3305 1828 3376 possessionem
1875 3320 2068 3376 appre-

503 3402 710 3457 hendit.
749 3398 888 3456 Nota
932 3414 1053 3470 quae
1093 3398 1179 3454 hic
1208 3398 1275 3453 de
1308 3398 1647 3468 captivorum
1681 3397 1845 3453 rebus
1864 3396 2067 3468 scripta

504 3501 655 3548 sunt.
681 3491 822 3564 Lege
853 3492 1013 3546 etiam
1037 3491 1131 3547 lib.
1165 3505 1353 3556 xxxtv,
1386 3490 1467 3543 tit.
1494 3489 1545 3555 l,
1573 3505 1694 3560 cap.
1723 3488 1811 3555 17,
1838 3490 2025 3545 dicens
2050 3507 2066 3545 :

502 3582 771 3655 Receptus
794 3583 862 3639 ab
893 3583 1141 3637 hostibus
1166 3596 1349 3652 agros,
1376 3580 1469 3650 qui
1498 3579 1651 3651 prius
1680 3588 1837 3635 erant
1864 3580 2070 3635 domini

505 3676 774 3748 recipiunt
798 3692 814 3742 ;
842 3690 949 3730 non
983 3675 1129 3731 enim
1146 3674 1266 3729 loco
1291 3673 1489 3744 prada:
1515 3684 1663 3741 sunt,
1693 3687 1871 3744 neque
1895 3672 2072 3744 publi-

504 3774 719 3823 cantur.
751 3763 858 3834 Qui
886 3780 955 3821 ex
989 3765 1239 3822 hosubus
1269 3765 1414 3822 enim
1447 3764 1756 3836 rapiuntur,
1792 3779 1903 3819 non
1934 3763 2073 3819 ﬁunt

501 3857 734 3930 publici.
759 3854 899 3913 Nota
933 3871 1063 3928 ergo
1091 3857 1237 3929 quod
1258 3857 1423 3915 etiam
1453 3865 1508 3912 et
1529 3856 1830 3911 canonibus
1856 3864 1912 3911 et
1938 3855 2072 3926 legi-

500 3952 627 4018 bus,
656 3966 769 4006 non
802 3950 981 4007 solum
1006 3950 1101 4020 qui
1131 3951 1469 4021 captivorum
1500 3965 1590 4005 res
1616 3949 1996 4020 depraedautur
2019 3958 2073 4002 ct

497 4043 790 4114 diripiunt,
833 4041 1135 4114 puniuntur
1176 4051 1232 4097 et
1272 4050 1554 4110 tenentur;
1583 4041 1679 4098 sed
1712 4041 1876 4097 etiam
1907 4041 1946 4095 ii
1976 4041 2070 4109 qui

499 4138 619 4192 rem
660 4135 996 4191 immobilem
1034 4144 1320 4190 vacantem
1361 4135 1638 4190 invenisse
1669 4149 1728 4190 se
1761 4133 1986 4200 dicunt,
2017 4142 2071 4187 et

499 4245 610 4285 non
652 4229 839 4285 statim
884 4243 1002 4284 rem
1046 4227 1318 4298 aperiunt,
1348 4235 1403 4281 et
1431 4240 1553 4280 eam
1600 4224 1822 4279 nomine
1863 4222 2070 4278 domini

498 4326 816 4399 possident;
846 4324 1150 4382 secundum
1182 4323 1354 4395 legem
1386 4322 1603 4392 quidem
1640 4317 2069 4375 ecclesiasticam

2176 1843 2306 1897 αὐτὸ
2324 1843 2534 1908 ἐλαϐεν,
2570 1844 2755 1916 ἐπειδὴ
2803 1845 3080 1899 ἐπαύσατο
3100 1846 3270 1901 αὑτοῦ
3303 1842 3458 1911 εἶναι,
3484 1848 3573 1920 οὐχ
3601 1850 3702 1903 ὑπό-

2174 1952 2372 1989 κειται.
2406 1936 2595 2009 Κλοπὴ
2625 1937 2735 2010 γὰρ
2773 1940 2834 1991 οὐ
2868 1939 3078 2007 γίνεται
3116 1940 3195 2012 μὴ
3226 1939 3378 2004 όντος
3419 1941 3506 1995 τοῦ
3535 1942 3698 2014 κλοπὴν

2176 2027 2562 2098 ὑφισταμένου.
2613 2029 2677 2081 Εἰ
2716 2028 2773 2081 δὲ
2817 2029 2880 2083 τὸ
2915 2030 2989 2102 μὴ
3030 2030 3091 2085 ὃν
3120 2032 3453 2104 ἀπρονόητον
3497 2034 3700 2104 ἐνόμισεν

2172 2119 2523 2191 ἀπρονόητον,
2572 2121 2672 2174 οὐκ
2714 2120 2828 2174 ἐστι
2882 2122 3147 2195 κλέπτης·
3178 2126 3229 2177 εἱ
3274 2124 3333 2177 δὲ
3370 2125 3441 2196 μὴ
3463 2120 3526 2195 ἦν
3560 2127 3699 2198 ἀπρο-

2172 2209 2378 2282 νόητον,
2438 2212 2575 2282 μήτε
2619 2212 2886 2282 ἐνόμισεν,
2919 2213 3078 2268 ἔλαϐε
3109 2216 3194 2279 δὲ,
3224 2216 3320 2268 ἐπὶ
3340 2216 3418 2287 τῷ
3454 2215 3616 2270 δοῦναι
3638 2218 3698 2289 τῷ

2171 2302 2543 2375 εὐρισκομένῳ
2590 2302 2843 2375 δεσπότῃ,
2876 2307 2976 2377 οὐχ
3030 2307 3320 2360 ὑπόκειται
3358 2310 3424 2381 τῇ
3454 2308 3577 2381 περὶ
3596 2310 3694 2363 κλοο

2172 2396 2277 2465 πῆς
2304 2398 2514 2468 ἀγωγῇ,
2547 2397 2651 2450 κᾶν
2673 2396 2904 2469 εὕρετρα
2930 2397 3090 2470 λάϐῃ.
3123 2399 3404 2463 Ὡσαύτως
3430 2400 3519 2454 καὶ
3555 2395 3608 2450 τὸ
3628 2395 3689 2463 Ea.’

2171 2505 2295 2557 κεφ.
2319 2488 2415 2541 τοῦ
2457 2494 2506 2557 γ’
2540 2489 2719 2542 τίτλου
2764 2488 2858 2542 τοῦ
2894 2493 2938 2543 ν’
2964 2488 3172 2560 βιϐλίου
3194 2490 3340 2544 οὕτω
3371 2490 3692 2561 διαλαμϐάνει·

2182 2576 2309 2629 Ἐάν
2337 2594 2421 2640 τις
2467 2577 2699 2641 ἀπόντος
2750 2580 2981 2651 πρᾶγμα
3026 2580 3265 2651 κατέσχε
3323 2580 3584 2650 σχολάζον,
3619 2581 3695 2633 οὐκ

2169 2666 2393 2737 ἐνήγετο
2419 2666 2481 2720 τὸ
2501 2666 2730 2721 παλαιὸν
2758 2669 2791 2740 ἢ
2822 2668 2900 2741 τῷ
2926 2671 3052 2742 περὶ
3079 2670 3206 2741 βίας
3239 2672 3692 2744 παραγγέ).ματι,ἣ

2168 2756 2266 2829 τῷ,
2301 2758 2477 2829 Ὅπερ
2520 2758 2612 2831 βίᾳ
2639 2760 2672 2831 ἢ
2708 2759 2903 2833 λάθρα,
2933 2764 2981 2817 εἰ
3012 2764 3086 2835 μὴ
3115 2763 3233 2837 ἄρα
3263 2766 3329 2835 τῇ
3355 2763 3425 2817 τὰ
3455 2764 3552 2818 ἴδια
3583 2765 3693 2817 ual-

2169 2850 2341 2926 κοόσῃ
2357 2853 2571 2923 ἀγωγῇ,
2605 2854 2664 2906 ἐν
2691 2846 2734 2921 ᾧ
2766 2853 3029 2926 δεσπότης
3051 2851 3117 2927 ἦν
3143 2861 3174 2909 ό
3200 2855 3376 2909 ἀπών.
3421 2855 3590 2927 Ἡμεῖς
3604 2852 3692 2921 οὖν,

2167 2944 2243 3009 ὡς
2263 2945 2433 3016 νομέα
2466 2945 2612 3013 ὅντα,
2666 2946 2967 3020 βουλόμεθα
3000 2952 3329 3021 κρατεῖσθαι
3360 2951 3436 3022 τῷ
3467 2953 3581 3023 περὶ
3601 2951 3695 3021 βίας

2168 3037 2369 3108 γενικῷ
2404 3039 2843 3112 παραγγέλματι⁶
2874 3041 3081 3109 γελοῖον
3120 3042 3238 3115 γάρ
3282 3046 3399 3097 ἐστι
3448 3045 3505 3097 τὸ
3533 3043 3691 3113 λέγειν,

2168 3129 2250 3182 ὃτι
2282 3129 2528 3200 ἐνόμιζον
2556 3130 2683 3185 ἴδιον
2732 3132 2794 3185 τὸ
2820 3132 3116 3203 ἀλλότριον·
3153 3133 3349 3207 ὥσπερ
3379 3132 3469 3189 οὖν
3495 3136 3578 3189 καὶ
3622 3137 3692 3187 ἐπὶ

2167 3221 2263 3291 τῆς
2290 3223 2414 3293 περὶ
2439 3221 2644 3293 κλοπῆς
2685 3225 2765 3287 εις
2814 3225 2875 3278 τὸ
2911 3224 3196 3280 διπλάσιον
3245 3228 3466 3299 ἀγωγῆς
3490 3229 3690 3297 εἴπομεν,

2168 3312 2299 3367 ὃτιό
2346 3315 2494 3386 παρά
2524 3314 2748 3387 γνώμην
2775 3315 2870 3370 τοῦ
2904 3317 3165 3372 δεσπότου
3225 3320 3486 3391 ψηλαφῶν
3530 3319 3693 3389 κλοπὴν

2168 3405 2491 3477 ἁμαρτάνει.
2541 3407 2728 3460 Ταῦτα
2770 3407 2828 3461 δέ
2859 3425 3058 3480 φαμεν,
3092 3410 3192 3465 ἐὰν
3224 3414 3301 3483 μὴ
3334 3410 3692 3483 τριακονταετῆ

2169 3499 2441 3571 παρῆλθεν
2470 3498 2531 3565 ἐξ
2562 3493 2623 3553 οὗ
2655 3501 2753 3571 τῆς
2785 3503 2954 3574 νομῆς
2991 3502 3309 3557 ἐπελάϐετο.
3340 3505 3624 3576 Σημείωσαι
3643 3503 3694 3554 τὰ

2169 3592 2401 3645 ἐνταῦθα
2456 3593 2814 3666 γεγραμμένα
2872 3596 2999 3667 περὶ
3055 3596 3168 3648 τῶν
3230 3597 3561 3669 πραγμάτων
3611 3593 3694 3648 τῶν

2168 3685 2540 3756 αἰχμαλώτων.
2586 3686 2878 3755 Ἀνάγνωθι
2904 3688 2998 3740 καὶ
3023 3688 3162 3758 βιϐλ.
3193 3686 3288 3756 λδ’,
3338 3707 3440 3743 τιτ.
3484 3695 3547 3753 α’,
3590 3703 3688 3754 κεφ.

2173 3775 2259 3840 ιζ’,
2295 3777 2471 3846 λέγον·
2519 3777 2657 3842 Τοὺς
2689 3779 3093 3850 ἀναληφθέντας
3122 3780 3278 3853 παρὰ
3328 3781 3435 3835 τῶν
3469 3779 3695 3850 πολεμίων

2168 3869 2371 3939 ἀγροὺς
2399 3870 2451 3923 οἱ
2482 3868 2674 3942 πρώην
2700 3869 3140 3941 ἀναλαμϐάνουσι
3165 3872 3443 3928 δεσπόται·
3464 3874 3520 3927 οὐ
3540 3871 3632 3942 γὰρ
3650 3871 3693 3922 ἐν

2168 3963 2316 4028 τάξει
2348 3963 2579 4034 πραίδας
2605 3963 2742 4017 εἰσὶν
2778 3962 2898 4016 οὐδὲ
2939 3962 3185 4034 δημόσιοι
3233 3966 3489 4035 γίνονται.
3516 3965 3583 4018 Οὐ
3610 3962 3693 4033 γὰρ

2166 4054 2275 4108 τῶν
2305 4054 2580 4126 πολεμίων
2604 4053 3024 4125 λαμϐανόμενοι,
3059 4056 3299 4124 γίνονται
3336 4058 3586 4130 δημόσιοι.
3615 4055 3693 4123 Ση-

2172 4147 2399 4219 μείωσαι
2423 4141 2538 4210 οὖν,
2572 4146 2652 4199 ὅτι
2685 4146 2780 4199 καὶ
2808 4146 2918 4200 ἀπὸ
2947 4147 3055 4201 τῶν
3088 4149 3331 4203 κανόνων
3373 4150 3463 4203 καὶ
3490 4147 3587 4202 ἀπὸ
3610 4144 3694 4199 τῶν

2167 4240 2346 4312 νόμων
2369 4240 2432 4293 οὐ
2465 4238 2614 4311 μόνοι
2646 4240 2697 4291 οἱ
2725 4237 2796 4292 τά
2847 4239 2955 4293 τῶν
3007 4241 3545 4311 αἰχμαλωτισθέντων
3584 4241 3692 4294 ἀπο-

2171 4332 2435 4396 συλῶντες
2478 4331 2514 4403 ἢ
2554 4331 2890 4404 ἁρπάζοντες
2936 4332 3255 4399 κολάζονται
3300 4336 3393 4389 καὶ
3442 4334 3692 4405 ἐνέχονται,

500 4418 582 4473 eis
602 4417 918 4490 poenitentia
934 4415 1247 4487 injungetur
1267 4433 1283 4483 ;
1308 4414 1607 4471 secundum
1629 4410 1842 4468 civilem
1862 4420 2064 4476 autem,

2173 4424 2305 4478 ἀλλὰ
2336 4424 2431 4477 καὶ
2458 4425 2507 4476 οἱ
2539 4423 2747 4495 εὕρεμα
2771 4441 2824 4478 τι
2848 4424 2880 4495 ἢ
2903 4424 3158 4497 ἀκίνητον
3197 4427 3455 4499 σχολάζον
3489 4426 3693 4495 λέγοντες

504 4512 591 4567 vel
628 4519 687 4566 ut
722 4508 873 4565 fures
904 4504 1230 4580 puniuntur,
1276 4508 1322 4563 si
1351 4523 1439 4563 res
1468 4506 1572 4561 erit
1608 4504 1848 4570 mobilis,
1874 4502 1958 4559 vel
1981 4503 2069 4557 in-

504 4603 736 4662 terdicto
765 4603 837 4661 de
863 4601 941 4666 vi,
985 4601 1032 4658 si
1080 4602 1185 4657 erit
1234 4600 1551 4656 immobilis.
1594 4597 1823 4666 Quando
1864 4607 2068 4663 autem,

500 4697 648 4769 quod
678 4696 963 4751 inventum
994 4684 1298 4766 neglectum
1329 4704 1434 4758 est,
1463 4694 1607 4764 quod
1638 4710 1668 4748 a
1701 4693 1910 4765 legibus
1940 4710 2071 4766 pro-

501 4788 821 4845 derelictum
867 4797 1236 4859 nuncupatur,
1283 4802 1393 4843 non
1424 4787 1671 4843 similiter
1701 4788 1944 4859 punitur,
1976 4790 2069 4859 qui

504 4881 559 4937 id
583 4880 838 4935 detinuit.
868 4879 975 4936 Sed
1010 4881 1057 4936 si
1088 4880 1161 4935 sit
1188 4879 1406 4950 quidem
1452 4894 1540 4933 res
1587 4880 1823 4946 mobilis,
1857 4883 2072 4952 cogitur

503 4987 625 5026 eam
667 4970 889 5027 domino
918 4970 1228 5035 restituere,
1277 4981 1332 5026 et
1371 4971 1550 5026 solum
1597 4971 1702 5027 nisi
1731 4972 1851 5042 ejus
1893 4973 2072 5029 domi-

503 5063 656 5119 nium
691 5074 976 5120 assecutus
1004 5063 1095 5128 sit,
1125 5071 1186 5118 ut
1225 5063 1382 5118 bona:
1425 5063 1547 5117 lidei
1586 5079 1892 5133 possessor,
1926 5066 2069 5121 intra

503 5156 829 5224 triennium;
882 5155 930 5213 si
969 5165 1149 5212 autem
1184 5155 1318 5210 illud
1348 5155 1645 5219 immobile,
1676 5157 1819 5226 quod
1850 5172 1949 5227 pro
1975 5158 2072 5212 de-

505 5248 693 5304 relicto
719 5249 1000 5304 detentum
1049 5256 1153 5311 est,
1205 5247 1311 5302 nisi
1351 5246 1469 5315 ejus
1491 5246 1666 5302 factus
1696 5248 1766 5302 sit
1793 5246 2069 5315 dominus,

506 5339 646 5393 intra
673 5338 1018 5394 decennium.
1061 5337 1319 5394 Vacautis
1344 5346 1547 5406 autem,
1576 5348 1629 5393 et
1656 5338 1775 5408 ejus
1803 5340 1950 5409 quod
1973 5356 2073 5410 pro

508 5430 765 5488 derelicto
796 5432 1043 5495 habetur,
1073 5446 1266 5500 magna
1294 5439 1376 5485 est
1399 5430 1722 5487 dill‘erenlia.
1747 5430 1903 5499 Quod
1928 5434 2071 5488 enim

510 5532 689 5585 vacat,
751 5524 933 5579 animo
990 5524 1353 5593 possidemus,
1406 5524 1620 5578 etiamsi
1669 5524 1722 5578 id
1757 5526 2075 5582 naturaliter

507 5628 618 5670 non
652 5616 1026 5684 possidemus;
1062 5616 1206 5685 quod
1235 5626 1415 5674 autem
1449 5634 1546 5689 pro
1573 5619 1850 5683 derelicto,
1875 5634 1973 5674 nec
1997 5619 2075 5675 ci-

508 5708 707 5775 vrliter,
733 5721 832 5763 nec
864 5709 1183 5765 naturaliter
1213 5694 1589 5782 possidemus;
1618 5722 1671 5767 et
1702 5711 1824 5767 ideo
1859 5726 1890 5766 a
1915 5711 2073 5768 bonae

2170 4519 2439 4589 ἐφευρεῖν,
2460 4517 2554 4571 καὶ
2579 4518 2653 4589 μὴ
2677 4516 2877 4572 αὐτίκα
2894 4517 2956 4570 τὸ
2981 4520 3212 4590 πρᾶγμα
3233 4520 3523 4591 κατάδηλον
3546 4514 3694 4571 ποιού-

2173 4626 2344 4681 μενοι,
2372 4608 2466 4662 καὶ
2500 4608 2855 4677 φυλάττοντες
2883 4610 3012 4664 αὐτὸ
3040 4613 3122 4675 εἰς
3146 4611 3317 4684 ὄνομα
3338 4612 3431 4667 τοῦ
3450 4612 3689 4668 δεσπότου.

2169 4701 2309 4757 κατά
2349 4702 2449 4773 μὲν
2489 4702 2583 4756 τὸν
2639 4701 3087 4774 ἐκκλησιαστικὸν
3129 4705 3291 4777 νόμον
3315 4703 3693 4776 ἐπιτιμηθήσον-

2168 4811 2276 4859 ται,
2305 4794 2444 4849 κατά
2471 4793 2528 4847 δέ
2555 4794 2649 4847 τὸν
2676 4793 2947 4849 πολιτικὸν
2974 4795 3008 4866 ἢ
3037 4795 3114 4859 ὡς
3162 4795 3392 4851 κλέπται
3420 4791 3688 4866 τιμωρηθή-

2171 4904 2375 4951 σονται,
2408 4887 2503 4941 ἐάν
2524 4889 2641 4939 ἐστι
2668 4886 2730 4939 τὸ
2758 4888 2989 4957 πρᾶγμα
3008 4886 3244 4958 κινητὸν,
3277 4887 3310 4958 ἢ
3342 4886 3418 4958 τῷ
3447 4885 3565 4956 περὶ
3596 4882 3688 4953 piat

2171 4977 2613 5050 παραγγέλματι,
2660 4978 2755 5031 ἐάν
2785 4978 2932 5031 ἐστιν
2963 4978 3238 5049 ἀκινητον.
3278 4980 3442 5033 Ὅταν
3475 4977 3525 5029 δὲ
3550 4976 3690 5044 dupe.

2171 5066 2358 5138 νόητόν
2394 5067 2510 5118 ἐστι
2530 5066 2593 5118 τὸ
2614 5066 2855 5136 εὑρεθὲν,
2888 5066 2949 5119 τὸ
2983 5067 3133 5138 παρά
3179 5072 3292 5132 τοῖς
3321 5070 3498 5140 νόμοις
3531 5061 3688 5119 καλού-

2175 5174 2335 5229 μενον
2362 5155 2795 5229 προδερέλικτον,
2810 5157 2871 5209 οὐ
2891 5157 3181 5229 κολάζεται,
3193 5160 3498 5231 παρομοιως
3518 5158 3544 5209 ό
3561 5149 3689 5207 τοῦτο

2173 5246 2478 5318 κατασχών·
2521 5245 2636 5300 ἀλλ’
2665 5247 2714 5299 εἰ
2751 5248 2849 5317 μὲν
2891 5248 3106 5320 κινητόν
3158 5251 3324 5315 ἐστιν,
3369 5242 3687 5315 ἀναγκάζεται

2173 5341 2305 5394 αὐτὸ
2329 5340 2639 5403 ἀποδοῦναι,
2666 5340 2761 5392 καὶ
2792 5339 2970 5411 μόνον⁹
2998 5343 3046 5393 εἰ
3071 5342 3144 5413 μὴ
3170 5342 3450 5395 ἐδέσποσεν
3473 5334 3602 5399 αὐτὸ,
3623 5333 3686 5384 ὡς

2174 5433 2311 5504 καλῇ
2336 5432 2515 5486 πίστει
2565 5431 2781 5500 νομεὺς,
2829 5433 2977 5497 ἐντὸς
2998 5435 3257 5506 τριετίας’
3287 5432 3409 5486 εἰδὲ
3451 5427 3681 5495 ἀκίνητον.

2175 5528 2308 5581 αὐτὸ
2334 5529 2509 5581 ἐκεῖνο
2532 5528 2591 5580 τὸ
2622 5526 2951 5598 κατασχεθὲν
2985 5526 3061 5589 ὡς
3106 5524 3517 5599 προδερέλικτον,
3556 5519 3596 5570 εὶ
3619 5516 3679 5587 μὴ

2176 5620 2369 5688 γέγονε
2396 5618 2584 5672 τούτου
2611 5619 2894 5689 δεσπότης,
2930 5618 3085 5682 ἐντὸς
3114 5618 3401 5680 δεκαετίας.
3434 5606 3659 5684 Σχοὶάξον

2174 5730 2266 5777 τος
2288 5712 2343 5765 δὲ
2375 5712 2474 5767 καὶ
2515 5713 2848 5784 ἀπρονοήτου
2866 5710 3082 5783 ,μεγάλη
3114 5710 3356 5783 διαφορά.
3393 5706 3459 5760 Τὸ
3488 5703 3573 5775 μὲν
3594 5697 3674 5771 γὰρ
