4028 6214
366 252 506 311 1057
1617 265 1949 325 EPISTOLA

1988 269 2343 327 CANONICA.
3446 283 3579 339 £058

362 368 619 439 σχολάζον
648 372 789 446 ψυχῇ
816 375 1109 447 νεμόμεθα,
1138 378 1241 432 κᾶν
1275 381 1513 449 φυσικῶς
1541 383 1671 436 αὑτὸ
1702 383 1760 436 οὑ
1795 401 1927 437 κατ-

1987 409 1999 447 ι
2030 387 2148 441 fidei
2174 403 2486 456 possessore
2520 388 2637 457 ejus
2665 387 2963 444 dominium
2986 392 3301 459 acquiritur.
3336 391 3460 450 Haec
3484 413 3578 457 au-

362 462 558 533 έχομεν
580 480 594 494 ο
642 465 702 518 τὸ
732 466 789 519 δὲ
816 470 1224 542 προδερέλικτον
1256 474 1379 527 οὐδὲ
1406 476 1649 546 νομίμως
1675 477 1794 529 οὑδὲ
1822 494 1920 544 φυ-

2026 488 2132 533 tem
2175 482 2356 534 locum
2384 496 2489 535 non
2522 480 2721 535 habent
2752 482 2808 536 in
2846 483 2913 537 iis
2941 499 3061 553 quae
3086 486 3152 540 ad
3183 486 3425 556 captivos
3452 504 3575 556 per-

362 554 528 618 σικῶς
555 556 889 628 κατέχομενσ
945 564 1039 614 καὶ
1089 562 1177 616 διὰ
1218 564 1374 617 τοῦτο
1417 566 1733 630 δεσπόζεται
1769 568 1918 639 παρά

2025 570 2227 637 tinent;
2264 581 2319 625 et
2354 571 2476 626 ideo
2504 572 2597 640 qui
2640 586 2704 626 ea
2732 572 3005 640 detinent,
3048 584 3102 629 et
3128 554 3573 645 non'restituunt,

355 644 451 697 τοῦ
478 646 613 717 καλῇ
642 649 818 702 πίστει
867 652 1190 722 νεμηθέντος
1222 656 1371 710 αὑτό.
1422 659 1604 713 Ταῦτα
1651 659 1707 712 δὲ
1736 658 1918 729 χώραν

2026 669 2086 714 ut
2117 662 2368 731 superius
2404 664 2630 730 dictum,
2682 664 2819 718 citra
2850 664 3016 719 ullam
3067 666 3494 737 distinctionem,
3525 681 3577 726 et

354 736 457 790 οὑκ
484 737 695 808 ἔχουσιν
722 741 813 793 ἐπὶ
835 743 941 797 τῶν
970 745 1274 816 ἀνηκόντων
1294 751 1402 812 τοῖς
1420 749 1912 821 αίχμαλωτισθεῖσν

1126 746 1274 801 Ξντων
1294 751 1402 812 τοῖς
1420 749 1912 821 αίχμαλωτισθεῖσι·
2023 760 2293 816 tenentur,
2324 764 2375 807 et
2402 755 2717 822 puniuntur.

354 834 453 885 καὶ
499 834 586 888 διὰ
636 837 793 891 τοῦτο
824 841 873 892 οἱ
937 844 1257 915 κατέχοντες
1306 848 1444 901 αὑτά
1497 849 1590 903 καὶ
1640 848 1712 919 μὴ
1756 848 2248 913 άποκαθιστῶντες,
2303 852 2378 915 ὡς
2404 851 2607 906 ἀνωθεν
2651 852 2880 924 εἴρηται,
2921 855 3273 921 ἀδιαστίκτως
3324 860 3417 913 καὶ
3465 861 3578 915 ἐνέ-

355 944 541 995 χονται
572 930 665 983 καὶ
696 932 1029 997 κολάζονται.

426 1022 663 1077 ΖΩΝΑΡ.
696 1028 814 1080 ’Ὁτι
839 1030 910 1101 μὴ
947 1032 1266 1098 ἐξαπατάτω
1286 1037 1369 1100 τὶς
1393 1037 1601 1101 ἑαυτὸν,
1632 1040 1705 1103 ὡς
1736 1039 1910 1111 εὑρὼν

2089 1040 2285 1095 Zoma.
2324 1040 2400 1096 Ne
2427 1042 2694 1112 quispiam
2725 1058 2783 1099 se
2812 1045 2987 1113 ipsum
3014 1046 3257 1112 sedueat,
3282 1050 3435 1117 quasi
3460 1064 3572 1104 rem

351 1114 414 1165 τὺ
439 1115 531 1167 τοῦ
566 1117 791 1187 ἀδελφοῦ
826 1126 1054 1194 πρᾶγμα
1096 1128 1420 1198 ἐρριμμένον
1454 1132 1581 1195 ἴσως
1611 1133 1702 1186 καί⁸
1727 1134 1911 1187 ἀνεπι-

2016 1132 2201 1187 fratris
2227 1133 2517 1203 projectam
2553 1134 2783 1190 fortasse
2812 1137 3075 1206 planeque
3100 1140 3397 1208 neglectam
3424 1143 3574 1195 inve-

352 1206 586 1277 μέλητον
617 1212 883 1281 κείμενον.
918 1217 1033 1270 Κᾶν
1083 1219 1191 1291 γὰρ
1223 1221 1394 1286 οὑτως
1425 1224 1558 1297 εὕρῃ
1601 1226 1750 1289 αὐτὸ,
1809 1229 1907 1281 οὑκ

2014 1225 2171 1279 nerit.
2206 1225 2337 1279 Nam
2359 1226 2464 1278 etsi
2489 1226 2564 1279 ita
2594 1226 2832 1280 inveniat
2865 1229 3057 1296 ipsam,
3088 1230 3287 1285 lucrari
3323 1232 3463 1287 haud
3491 1233 3573 1287 fas

348 1295 527 1360 ἔξεστι
556 1302 811 1372 κερδῆσαι
843 1307 973 1359 αὑτὸ
1002 1309 1093 1362 καὶ
1122 1310 1503 1365 οἰκειώσασθαι
1529 1314 1588 1366 τὸ
1611 1314 1903 1386 ἁλλότριον’

2013 1324 2115 1378 est,
2168 1315 2381 1385 sibique
2426 1330 2537 1369 rem
2589 1317 2821 1371 alienam
2863 1319 3159 1383 vindicare,
3190 1322 3402 1380 etiamsi
3434 1324 3572 1379 forte

346 1392 455 1445 κᾶν
494 1394 622 1458 ἴσως
646 1397 810 1468 ἀγνοῇ
855 1401 945 1453 τὸν
964 1402 1227 1475 δεσπότην
1255 1406 1347 1458 τοῦ
1372 1407 1711 1477 πράγματος·
1739 1426 1908 1479 χρεω-

2013 1406 2227 1475 ignoret
2267 1406 2581 1473 dominum;
2629 1409 2721 1463 sed
2772 1410 2917 1463 illam
2960 1426 3175 1468 sumere
3218 1425 3452 1484 oportet,
3502 1433 3569 1472 ac

348 1487 468 1535 στεί
489 1485 597 1557 γὰρ
626 1486 806 1543 λαϐεῖν
829 1491 978 1553 αὑτὸ,
1005 1495 1097 1547 καὶ
1125 1495 1353 1563 φυλάξαι
1389 1498 1493 1562 ἓως
1517 1502 1545 1552 6
1588 1500 1773 1571 κύριος
1810 1502 1907 1553 αὑ-

2012 1511 2181 1565 usque
2232 1498 2379 1551 ii!am
2427 1499 2681 1554 dominus
2726 1501 2870 1554 norit
2915 1517 2978 1555 ac
3017 1503 3287 1573 requirat,
3329 1523 3565 1562 servare.

344 1576 441 1628 τοῦ
470 1578 579 1648 γνῷ
612 1581 703 1632 καὶ
726 1580 935 1658 ζητήσῃ
972 1586 1121 1639 αὑτό.
1149 1590 1256 1642 Καὶ
1284 1589 1353 1642 τά
1378 1591 1469 1643 τοῦ
1496 1594 1904 1663 Δευτερονομίου

2011 1587 2148 1641 Tum
2191 1587 2587 1643 Deuteronomii
2623 1606 2686 1645 ac
2716 1592 2885 1646 Exodi
2912 1594 3057 1649 locos
3086 1596 3309 1664 profert,
3344 1599 3416 1655 ita
3450 1602 3565 1656 dis.-

344 1668 442 1720 καὶ
465 1668 532 1722 τὰ
574 1671 673 1741 τῆς
713 1673 921 1739 Ἐξόδου
952 1677 1142 1746 ἐπάγει
1175 1679 1345 1747 λέγων
1375 1681 1474 1744 ότι,
1508 1682 1631 1736 Ἐὰν
1655 1686 1711 1737 ὲν
1734 1685 1904 1755 καιρῷ

2010 1693 2195 1733 serens
2228 1699 2241 1733 :
2270 1678 2325 1733 Si
2357 1680 2504 1749 pacis
2537 1690 2775 1751 tempore
2812 1684 2977 1739 frater
3003 1696 3148 1751 tuus,
3187 1698 3279 1743 aut
3312 1690 3566 1748 inimicus

341 1758 569 1828 εἰρήνης
594 1762 623 1813 6
654 1761 877 1831 ἀδελφός
902 1782 993 1818 σου
1022 1768 1054 1839 ἢ
1100 1770 1128 1822 6
1181 1770 1369 1841 ἐχθρός
1401 1788 1493 1823 σου
1535 1773 1599 1825 ὲκ
1639 1774 1907 1845 ῥᾳθυμίας

1969 1767 1981 1822 Ι
2012 1778 2137 1825 tuus
2165 1786 2231 1825 ex
2259 1772 2579 1842 negligentia
2608 1790 2717 1826 rem
2759 1790 2912 1829 suam
2945 1778 3151 1846 perdat,
3173 1780 3314 1835 haud
3337 1781 3420 1837 fas
3457 1794 3560 1844 est,

342 1847 587 1923 ἀπολέσῃ
633 1852 692 1905 τὸ
731 1855 879 1920 ἴδιον,
912 1860 1010 1911 οὑκ
1044 1858 1218 1923 ἔξεστί
1271 1878 1349 1915 σοι
1381 1863 1590 1935 εὑρόντι
1618 1866 1747 1918 αὐτὸ
1775 1867 1900 1939 κέρ-

2005 1860 2050 1913 si
2097 1875 2216 1913 eam
2260 1860 2549 1929 inveneris,
2594 1863 2689 1918 tibi
2736 1866 3007 1933 propriam
3053 1868 3345 1936 vindicare,
3388 1871 3482 1927 sed
3510 1874 3559 1927 ei

340 1940 433 2004 δος
462 1941 590 1996 ἴδιον
638 1947 983 2016 ποιήσασθαι,
1013 1951 1149 2004 ἀλλά
1193 1953 1539 2009 ἐπανασῶσαι
1592 1956 1667 2027 τῷ
1712 1957 1905 2011 ἀπολέ-

2003 1953 2092 2023 qui
2123 1955 2354 2022 perdidit
2386 1958 2588 2011 servari
2621 1959 2838 2028 antiqua
2877 1960 2957 2015 lex
2983 1961 3167 2030 jubet;
3208 1975 3413 2034 quanto
3440 1983 3560 2026 ma-

344 2049 499 2087 σαντι
545 2035 673 2088 αὑτὸ
724 2039 924 2112 ἀπαιτῇ
974 2043 1115 2097 κατά
1165 2046 1252 2098 τὸν
1302 2047 1464 2117 νόμον
1507 2048 1596 2101 τὸν
1649 2049 1900 2105 παλαιόν’

2004 2045 2085 2112 gis
2116 2046 2160 2098 si
2197 2060 2282 2099 res
2327 2047 2597 2104 inveneris
2639 2049 2824 2105 fratris
2854 2053 2931 2105 tni
2967 2054 3058 2122 qui
3103 2054 3329 2127 aufugit,
3375 2069 3469 2113 aut
3505 2060 3556 2114 in

341 2124 495 2196 πόσῳ
537 2128 752 2196 μᾶλλον,
793 2132 886 2184 ἐὰν
909 2134 1000 2186 τοῦ
1037 2136 1324 2205 φεύγοντος
1355 2138 1579 2208 ἀδελφοῦ
1620 2157 1711 2193 σου
1740 2142 1774 2213 ἢ
1805 2142 1899 2195 τοῦ

2004 2137 2318 2191 servitutem
2364 2139 2629 2197 abductus
2674 2154 2776 2207 est,
2809 2145 2877 2200 ab
2906 2147 3025 2216 ipso
3064 2151 3302 2215 relictas,
3343 2167 3559 2208 servare

338 2217 863 2287 αἰχμαλωτισθέντος
902 2226 1150 2298 εὑρήσεις
1200 2231 1496 2301 πράγματα
1543 2235 1670 2304 παρ’
1725 2236 1901 2288 αὐτῶν

1764 2236 1901 2288 ὐτῶν
2003 2225 2122 2281 illas
2150 2242 2212 2282 ac
2244 2228 2556 2287 infortuniis
2581 2249 2770 2304 presso
2796 2238 3018 2293 reddere
3047 2242 3353 2309 Oportebit?

336 2306 854 2381 ὲγκαταλειφθὲντα,
888 2317 989 2386 χρή
1022 2333 1081 2369 σε
1122 2319 1350 2387 φυλάξαι
1382 2322 1519 2374 αὑτά
1547 2323 1640 2376 καὶ
1671 2324 1898 2377 ἀποδοῦ-

335 2412 424 2448 ναι
450 2397 527 2468 τῷ
565 2398 955 2473 δυσπραγοῦντι
976 2422 990 2470 ;

964 2500 1200 2553 ΚΛΝΩΝ
1232 2502 1305 2554 Ε’.

2585 2504 2815 2563 CANON
2852 2510 2916 2563 γ.

410 2599 429 2630 ι
459 2580 635 2635 ’Ἄλλοι
660 2584 717 2638 δὲ
756 2586 980 2652 ἑαυτοὺς
1026 2590 1386 2658 ἐξαπατῶσιν,
1431 2597 1549 2649 αντὶ
1593 2598 1700 2651 τῶν
1751 2600 1895 2653 ἰδίων

2075 2606 2093 2637 ι
2134 2588 2235 2643 Alii
2286 2603 2462 2648 autem
2493 2596 2702 2665 seipsos
2738 2600 3021 2668 seducunt,
3056 2618 3154 2672 pro
3176 2609 3409 2676 propriis
3431 2626 3553 2681 quae

338 2688 359 2722 ι
397 2671 507 2725 τῶν
533 2674 879 2747 ἀπολομένων
903 2680 940 2734 ἃ
969 2674 1124 2754 εὑρον
1160 2678 1413 2756 ἀλλότρια
1441 2689 1777 2759 κατέχοντες·
1811 2692 1896 2745 ἵνα

2004 2696 2021 2727 ι
2062 2681 2355 2748 perierunt,
2407 2686 2582 2741 aliena
2630 2704 2752 2758 quae
2809 2692 3150 2763 invenerunt,
3201 2698 3546 2761 detinentes:

341 2778 363 2812 ι
408 2762 592 2835 ἐπειδὴ
641 2767 825 2832 αὑτοῖς
863 2771 1086 2843 Βοράδοι
1120 2776 1212 2827 καὶ
1236 2776 1419 2830 Γότθοι
1446 2778 1513 2833 τὰ
1542 2780 1634 2832 τοῦ
1659 2781 1894 2851 πολέμου

1970 2774 2021 2818 ἰ
2062 2778 2121 2825 ut
2149 2774 2403 2841 quoniam
2432 2775 2623 2832 Boradi
2654 2790 2707 2833 et
2745 2780 2910 2837 Gothi
2939 2785 3019 2851 eis
3039 2762 3261 2844 hostilia
3286 2791 3546 2860 fecerunt,

341 2870 361 2904 ι
402 2856 737 2925 εἰργάσαντο,
788 2862 941 2916 αὑτοὶ
986 2865 1163 2930 ἄλλοις
1215 2867 1436 2939 Βοράδοι
1468 2870 1562 2924 καὶ
1590 2870 1772 2925 Γὸτθοι
1806 2874 1893 2941 γί-

2002 2879 2021 2913 ι
2061 2863 2163 2931 ipsi
2206 2866 2315 2920 sint
2346 2868 2468 2923 aliis
2505 2868 2699 2925 Boradi
2755 2882 2807 2926 et
2860 2872 3040 2931 Gothi.
3086 2878 3374 2951 Propterea
3419 2856 3549 2958 ergo

335 2962 357 2995 ‹
400 2963 611 3002 νωνται.
650 2950 1067 3025 Ἀπεστείλαμεν
1095 2954 1185 3012 οὖν
1204 2959 1293 3012 τὸν
1316 2960 1542 3032 ἀδελφὸν
1570 2964 1661 3017 καὶ
1695 2965 1890 3033 συγγέα

2000 2973 2019 3005 ι
2060 2953 2278 3012 fratrem
2310 2969 2363 3013 et
2400 2976 2689 3018 consenem
2732 2976 2979 3022 nostrum
3022 2969 3437 3045 Euphrosynum
3478 2982 3544 3034 ad

333 3053 355 3091 ς
396 3054 560 3108 ροντα
607 3041 946 3113 Εὑφρόσυνον
972 3048 1058 3102 διὰ
1088 3049 1257 3104 ταῦτα
1311 3052 1447 3124 πρὸς
1479 3055 1641 3125 ὑμᾶς,
1682 3056 1766 3110 ἵνα
1794 3076 1891 3111 κα·
1918 3119 1924 3136 Α

1953 3109 1959 3128 Ι
2002 3064 2020 3097 ι
2058 3062 2156 3102 vos
2191 3048 2461 3117 misimus,
2493 3063 2552 3108 ut
2578 3059 2873 3113 secundum
2910 3059 3136 3118 formam
3170 3080 3291 3135 qua:
3324 3068 3412 3123 hic
3442 3081 3544 3136 est,

332 3149 351 3181 ι
391 3132 461 3186 τὰ
490 3132 580 3187 τὸν
616 3108 803 3191 ἐνθάδε
830 3137 997 3192 τύπον
1049 3143 1142 3195 καὶ
1183 3108 1748 3220 a616¢.8tbn.6t;6iug
1793 3153 1887 3205 καὶ
1918 3120 1923 3155 ⁴

1956 3109 1959 3127 Ι
2449 3108 2461 3117 ,
2910 3108 3136 3118 -----._...
3171 3108 3290 3135 νυ..
3324 3108 3412 3123 ...υ
3442 3108 3545 3136 νει,

1956 3142 1959 3163 ¹
1997 3155 2020 3191 ι
2060 3147 2114 3193 et
2140 3140 2253 3209 ipse
2282 3142 2373 3198 det
2400 3145 2666 3212 similiter,
2697 3159 2751 3204 et
2787 3167 3019 3220 quorum
3053 3160 3423 3217 accusationes
3451 3166 3547 3224 ad-

332 3241 352 3274 ι
389 3216 465 3277 ὧν
494 3224 574 3278 δεῖ
601 3226 699 3290 τὰς
739 3232 1066 3303 κατηγορίας
1089 3236 1428 3305 προσίεσθαι,
1452 3216 1544 3293 καὶ
1570 3216 1665 3306 οὓς
1694 3243 1772 3296 δεῖ
1796 3246 1888 3297 ὲκ-

1996 3248 2014 3281 (
2055 3232 2268 3289 mittere
2298 3244 2560 3305 oporteat,
2592 3249 2644 3294 et
2673 3216 2819 3311 quos
2842 3260 2870 3297 a
2896 3246 3146 3315 precibus
3178 3251 3446 3319 abdicare.
3484 3274 3502 3306 ι

332 3332 351 3365 ι
385 3315 617 3387 κηρύξαι
649 3319 757 3373 τῶν
786 3320 1011 3392 εὐχῶν.»

397 3407 594 3461 ΒΔΛΣ.
641 3409 1139 3483 Ἀπολογησάμενος
1188 3415 1216 3467 6
1242 3414 1393 3485 ἅγιος
1425 3418 1495 3471 τὰ
1532 3421 1714 3476 εἰκότα
1752 3424 1887 3496 πρὸς

2053 3412 2214 3469 Βιιε.
2247 3415 2541 3490 Postquam
2574 3436 2820 3490 sanctus,
2848 3443 2967 3497 qua:
2991 3441 3148 3486 erant
3180 3445 3541 3493 consentanea

318 3500 448 3563 τοὺς
472 3499 748 3569 λέγοντας,
780 3502 854 3566 ὼς
898 3504 1203 3576 ἐρριμμένα
1249 3508 1340 3561 καί
1370 3510 1467 3580 ἀτη
1478 3511 1681 3582 μὲλητα
1707 3515 1884 3585 εὑρεῖν

1982 3508 2265 3576 respondit
2297 3511 2365 3565 iis
2402 3515 2494 3581 qui
2535 3515 2783 3571 dicebant
2808 3535 2866 3574 se
2900 3529 2959 3574 ut
2987 3521 3246 3591 disjectas
3270 3535 3323 3581 et
3356 3528 3541 3598 negle-

316 3591 387 3644 τά
413 3591 524 3645 τῶν
549 3594 1088 3665 αἰχμαλωτισθέντων
1143 3599 1461 3669 πράγματα,
1486 3604 1579 3656 καὶ
1608 3604 1697 3657 διὰ
1726 3606 1882 3661 τοῦτο

1982 3599 2090 3651 ctui
2120 3600 2338 3656 habitas
2373 3620 2457 3658 res
2490 3608 2827 3675 captivorum
2855 3612 3129 3669 invenisse
3164 3626 3218 3671 et
3257 3628 3537 3689 propterea

322 3683 633 3739 ἰδιώσασθαι
662 3688 815 3741 αὑτά
870 3689 992 3760 ἄρτι
1022 3691 1358 3759 ἀπολογεῖται
1391 3695 1524 3766 πρὸς
1565 3698 1690 3759 τοὺς
1732 3699 1879 3752 ἀντι-

1981 3701 2043 3740 ea
2070 3688 2171 3742 sibi
2198 3692 2503 3747 vindicasse
2528 3712 2541 3758 ;
2573 3713 2715 3752 nunc
2747 3698 2812 3754 iis
2841 3704 3147 3771 respondet,
3181 3709 3294 3775 qui,
3323 3725 3443 3778 qua:
3471 3714 3538 3769 ad

318 3777 674 3847 ποιουμένους
702 3778 808 3833 τῶν
840 3780 1200 3851 διαφερόντων
1238 3786 1347 3847 τοῖς
1375 3787 1880 3855 αἰχμαλωτισθεῖσιν

1982 3778 2221 3845 captivos
2252 3782 2615 3849 pertinebant,
2662 3803 2761 3855 pro
2790 3790 2857 3844 iis
2894 3806 3016 3860 qua;
3048 3794 3147 3848 sibi
3180 3797 3248 3851 ab
3288 3777 3536 3856 hostibus

314 3866 436 3922 ἀντὶ
459 3869 568 3922 τῶν
590 3869 904 3939 φθασάντων
923 3872 1072 3944 παρὰ
1091 3873 1198 3927 τῶν
1228 3876 1499 3945 πολεμίων
1519 3880 1880 3951 ἀφαιρεθῆναι

1977 3868 2128 3935 prius
2155 3871 2331 3924 ablata
2360 3872 2591 3942 fuerant,
2619 3878 2982 3939 vindicabant.
3015 3884 3155 3942 Dicit
3183 3890 3327 3945 enim
3352 3902 3405 3948 et
3432 3895 3536 3950 hac

315 3962 657 4031 πραγμάτων
680 3962 876 4016 αὑτῶν.
928 3964 1065 4033 Φησὶ
1118 3964 1225 4036 γὰρ
1264 3966 1339 4029 ὡς
1378 3968 1469 4019 καὶ
1513 3970 1669 4024 τοῦτο
1693 3974 1872 4047 ἀπάτη

1975 3974 2095 4014 esse
2133 3960 2377 4018 fraudem
2424 3974 2478 4020 et
2524 3968 2735 4025 inanem
2785 3984 3127 4041 przetextum.
3170 3978 3356 4051 Neque
3385 3988 3530 4043 enim

312 4051 432 4103 ἐστὶ
454 4053 547 4104 καὶ
606 4052 807 4121 ματαία
851 4054 1143 4125 πρόφασις.
1173 4055 1304 4108 Οὑόὲ
1357 4058 1464 4128 γὰρ
1510 4059 1715 4115 δίκαιόν
1757 4065 1874 4120 ἐστι

1975 4064 2188 4118 aequum
2220 4064 2321 4117 est,
2352 4065 2409 4110 ut
2443 4059 2535 4126 qui
2574 4076 2640 4114 ex
2672 4062 2811 4119 bello
2835 4067 3119 4126 barbarico
3144 4071 3529 4135 detrimentum

309 4142 534 4206 τούτους
560 4144 847 4212 γεγονότας
869 4147 1239 4217 παρανάλωμα
1266 4148 1519 4219 πολεμίου
1542 4152 1870 4227 βαρϐαρικοῦ

1974 4144 2432 4213 acceperint,non
2456 4152 2745 4207 toleranter
2765 4153 2958 4222 ferant,
2980 4160 3070 4215 sed
3093 4162 3203 4217 sint
3225 4164 3324 4234 ipsi
3345 4168 3529 4227 hostes

315 4234 390 4305 μὴ
444 4237 798 4308 καρτερῆσαι,
844 4237 977 4291 ἀλλά
1021 4238 1268 4307 γενέσθαι
1335 4242 1529 4305 αὐτοὺς
1582 4246 1870 4317 πολεμίους

1974 4232 2223 4302 fratrum,
2260 4248 2314 4293 et
2350 4240 2440 4295 alii
2478 4241 2531 4295 in
2573 4244 2719 4313 ipsos
2744 4247 2962 4303 barbari
3007 4232 3361 4321 appellentur.
3394 4258 3529 4316 Pro-

308 4325 419 4378 τῶν
444 4326 718 4395 ἀδελφῶν,
768 4331 860 4382 καὶ
900 4332 1237 4401 χρηματίσαι
1284 4335 1362 4396 εἰς
1406 4336 1625 4399 τούτους
1680 4340 1869 4404 ἄλλους

1974 4334 2177 4395 pterea,
2213 4332 2408 4400 inquit,
2442 4335 2689 4393 misimus
2739 4339 2806 4393 ad
2836 4354 2934 4397 vos
2962 4340 3181 4400 fratrem
3217 4346 3527 4425 Euphrosy-

308 4415 633 4488 βαρϐάρους.
664 4420 759 4472 Διὰ
780 4421 952 4476 ταῦτα
976 4425 1390 4498 ἀπεστείλαμεν,
1414 4429 1581 4497 λέγει,
1607 4430 1696 4483 τὸν
1716 4431 1866 4484 ἀδελ-

1935 4463 1941 4495 ,
1974 4435 2127 4486 num,
2160 4432 2218 4476 ut
2243 4424 2397 4491 juxta
2433 4425 2658 4482 formam
2689 4430 2777 4485 hic
2808 4434 3081 4501 traditam,
3127 4454 3223 4495 seu
3262 4415 3526 4511 quemad-

307 4509 406 4576 φδν
430 4510 775 4581 Εὑφρόσυνον
805 4514 940 4585 πρὸς
976 4517 1137 4586 ὑμᾶς,
1182 4518 1270 4572 ἵνα
1300 4520 1440 4574 κατὰ
1494 4520 1585 4575 τὸν
1633 4523 1865 4579 ἐνταῦθα

1970 4511 2187 4566 modum
2226 4514 2312 4570 hic
2352 4515 2609 4587 fecimus,
2645 4522 2804 4577 isthic
2837 4539 3054 4596 quoque
3083 4530 3173 4586 det
3204 4509 3433 4591 for—mam
3467 4546 3528 4603 ut

306 4599 495 4665 τύπον,
534 4601 720 4671 ἤγουν,
772 4605 953 4669 καθὼς
1008 4610 1170 4678 ἡμεῖς
1226 4610 1459 4665 ἐνταῦθα
1512 4615 1863 4686 ἐποιήσαμεν,

1967 4603 2045 4658 sic
2074 4620 2170 4659 vos
2199 4604 2430 4664 faciatis.
2464 4608 2658 4666 Deinde
2682 4614 2813 4668 dicit
2840 4634 2853 4669 :
2886 4616 3277 4694 Euphrosynus
3305 4643 3400 4683 vos
3423 4599 3522 4683 do:-

302 4690 413 4763 δώῃ
434 4692 600 4745 τύπον
638 4696 726 4747 καὶ
763 4696 945 4750 αὑτόθι
982 4697 1122 4753 ὥστε
1159 4700 1301 4755 οὓτω
1328 4707 1499 4757 ποιεῖν
1532 4707 1693 4776 ὑμᾶς.
1733 4705 1866 4762 Εἶτά

1967 4695 2107 4749 cebit
2132 4713 2398 4766 quosnam
2433 4711 2487 4757 et
2515 4704 2775 4762 adversus
2806 4690 3295 4788 quorbaceusantes
3326 4718 3522 4776 admit-

302 4800 468 4853 φησιν
506 4784 581 4847 ὡς
619 4788 647 4838 6
677 4787 837 4851 αὐτὸς
883 4789 1227 4859 Εὑφρόσυνος
1256 4794 1556 4860 ἀναδιδάξει
1593 4799 1742 4863 τίνας
1783 4800 1864 4854 δεῖ

1967 4797 2099 4852 tere,
2130 4800 2185 4843 et
2214 4805 2479 4859 quosnam
2521 4795 2590 4849 ab
2625 4794 2864 4855 Ecclesia
2904 4784 2967 4856 et
3004 4805 3241 4862 fidelium
3273 4826 3520 4871 commu-

301 4874 693 4945 προσδέχεσθαι
724 4880 1160 4952 κατηγοροῦντας
1202 4885 1344 4938 κατά
1382 4903 1563 4951 τινων,
1594 4891 1685 4942 καὶ
1715 4891 1863 4958 τίνας
1966 4879 2127 4934 “iane
2148 4882 2398 4940 abdicare
2428 4896 2694 4957 ουθνίθδι·

300 4965 405 5035 χρὴ
430 4966 828 5038 ἀποκηρύττειν
857 4971 958 5041 τῆς
996 4973 1317 5044 Ἐκκλησίας
1340 4978 1432 5031 καὶ
1458 4980 1557 5049 τῆς
1585 4980 1864 5044 κοινωνίας

295 5055 404 5109 τῶν
433 5059 656 5112 πιστῶν.

364 5149 604 5202 ΖΩΝΑΡ.
637 5151 813 5215 Τινὲς,
859 5154 1043 5224 φησὶν,
1078 5155 1439 5221 ἀπολέσαντες
1484 5161 1654 5212 οἰκεῖα
1692 5162 1861 5231 πράγ-

2032 5155 2235 5217 Zona.
2277 5157 2551 5247 ngnulli,
2600 5167 2796 5239 inquit,
2846 5172 3065 5229 amissis
3094 5174 3256 5231 rebus
3282 5179 3418 5247 suis,
3453 5196 3518 5238 ac

298 5256 463 5309 ματα,
485 5243 579 5294 καὶ
600 5244 851 5314 εὑρόντες
873 5220 1157 5318 ἀλλότρια,
1193 5249 1406 5317 λέγουσι
1436 5252 1681 5322 κατέχειν
1698 5220 1856 5315 αὑτά,

2539 5220 2551 5230 ι
2608 5220 2796 5239 νητν--νν
2846 5220 3065 5229 --ν-υ---ν
3094 5220 3256 5231 -νν-υ
3282 5220 3418 5247 νει-υτ
3453 5220 3517 5238 -ιυ

1961 5249 2133 5303 aliena
2181 5220 2535 5321 invenientes,
2565 5275 2663 5328 pro
2694 5263 2761 5317 iis
2797 5280 2916 5335 quae
2957 5267 3257 5327 amiserunt
3286 5287 3348 5325 ea
3378 5274 3517 5328 deti-

291 5332 406 5384 ἀνθ’
426 5325 501 5386 ὧν
529 5333 835 5403 ἀπώλεσαν,
860 5338 1234 5405 ἐξαπατῶντες
1258 5342 1502 5406 ἑαυτούς.
1532 5345 1706 5417 Ὅπερ
1728 5345 1854 5417 γὰρ,

1958 5357 2086 5395 nere
2118 5357 2176 5396 se
2200 5357 2473 5413 asserunt,
2535 5353 2742 5421 seipsos
2769 5354 3119 5424 decipientes.
3157 5360 3313 5426 Quod
3345 5366 3513 5432 enim,

292 5425 477 5494 φησιν,
497 5428 741 5495 ἐγένοντο
770 5431 1001 5494 ἐκείνοις
1026 5434 1074 5485 οἰ
1103 5433 1349 5503 πολέμιοι
1384 5434 1669 5507 βάρϐαροι,
1701 5436 1858 5490 τοῦτο

1967 5436 2053 5499 ait,
2084 5437 2189 5492 illis
2220 5431 2377 5493 fuere
2416 5442 2600 5498 hostes
2629 5446 2864 5509 barbari,
2893 5448 2993 5513 hoc
3029 5450 3126 5519 ipsi
3165 5425 3302 5507 fiunt
3330 5425 3517 5511 fratri;
3550 5442 3558 5451 ’

289 5516 530 5583 γίνονται
564 5520 716 5571 αὑτοὶ
740 5524 853 5583 τοῖς
886 5522 1150 5590 ἀδελφοῖς.
1187 5525 1478 5593 ’Ἡρπασαν
1510 5529 1558 5579 οἱ
1593 5526 1855 5600 βάρϐαροι

1956 5528 2077 5585 bus.
2103 5531 2323 5588 Barbari
2366 5551 2453 5591 res
2484 5536 2695 5590 illorum
2720 5516 3128 5607 rapueruntiac
3156 5542 3231 5598 illi
3260 5544 3510 5605 fratrum.

287 5610 353 5664 τὰ
402 5610 647 5674 ἐκείνων,
701 5615 1041 5669 κάκεῖνοιτά
1100 5615 1208 5671 τῶν
1262 5618 1521 5689 ἀδελφῶν.
1558 5621 1655 5673 Διά
1680 5620 1853 5675 ταῦτα

1954 5620 2262 5693 Propterea,
2297 5627 2491 5697 inquit,
2528 5626 2995 5706 [Euphrosynum]
3021 5636 3087 5689 ad
3116 5651 3213 5692 vos
3243 5638 3518 5705 misimus,

286 5700 707 5774 ἀπεστείλαμεν,
741 5704 911 5774 λέγει,
938 5706 1022 5759 ἵνα
1077 5708 1216 5761 κατά
1263 5709 1352 5764 τὸν
1397 5710 1630 5767 ἐνταῦθα
1662 5712 1850 5777 τύπον,

1956 5726 2013 5769 ιιι
2046 5717 2341 5771 secundum
2394 5719 2626 5789 formam
2669 5719 2755 5776 hic
2795 5722 3135 5783 observatam
3170 5745 3267 5785 vos
3300 5746 3519 5801 quoque
