3934 6198
535 290 671 346 1059

1656 287 1713 342 S.
1757 284 2082 342 GREGORII
2122 284 2629 343 TllAUMATURGl

3565 296 3675 352 ιοιο

531 410 644 466 illic
669 406 897 472 faciatis,
927 411 982 461 et
998 419 1230 475 quorum
1258 405 1638 461 accusationes
1664 415 1717 460 et
1737 414 1926 460 contra
1951 419 2090 475 quos

2198 406 2285 456 καὶ
2317 405 2506 458 αὐτόθι
2555 407 2693 458 ὥστε
2729 403 2901 467 οὔτως
2928 404 3070 475 ὑμᾶς
3117 409 3299 470 ποιεῖν,
3350 409 3434 461 καὶ
3472 410 3684 475 τίναςδεῐ

529 509 775 574 Oporteat
797 498 1114 565 admittatis,
1139 512 1192 555 et
1217 514 1356 570 quos
1372 499 1533 554 decet
1553 497 1816 554 abdicetis
1836 537 1851 559 .
1876 499 1981 552 hoc
2018 507 2102 550 est

532 595 763 665 ejiciatis
788 592 857 646 ab
885 591 1144 658 Ecclesia,
1173 601 1335 661 atque
1363 607 1393 644 a
1422 589 1669 644 fidelibus
1698 589 2010 659 segregetis,
2037 605 2101 644 ne

532 700 656 739 cum
686 682 820 752 ipsis
858 698 967 736 una
1000 691 1309 753 precentur.
1345 678 1516 734 Porro
1545 693 1907 750 quorumnam
1936 696 2102 735 accu-

532 777 775 831 sationes
799 766 1148 829 admittenda:
1178 773 1309 838 sint,
1335 781 1548 828 sextum
1580 772 1833 827 secundae
1858 787 2100 827 «acume-

529 869 666 923 nicaz
712 866 901 938 synodi
935 875 1099 937 caput
1129 866 1307 920 docet.
1365 863 1636 934 Legantur
1677 864 1840 918 etiam
1871 879 1994 934 qua
2026 864 2098 917 ibi

531 959 871 1030 scripsimus.

1130 1045 1358 1103 CANON
1413 1046 1502 1100 Vl.

606 1163 626 1195 ι
665 1143 741 1198 De
770 1143 836 1198 iis
861 1142 952 1211 qui
970 1141 1216 1212 captivos
1231 1155 1297 1195 ex
1320 1139 1566 1194 barbaris
1589 1136 1857 1210 fugientes
1887 1138 1941 1192 vi
1965 1138 2101 1193 deti-

536 1254 557 1286 ‹
600 1243 748 1289 nent.
780 1233 1169 1289 Denuntiatum
1201 1240 1378 1286 autem
1404 1239 1488 1284 est
1517 1230 1677 1285 nobis
1703 1229 1981 1300 quidpiam
2011 1230 2101 1284 in-

533 1346 553 1377 ‹
597 1325 852 1380 credibile
895 1312 948 1378 in
973 1333 1154 1379 vestra
1199 1323 1421 1393 regione
1459 1320 1662 1376 factum
1692 1335 1833 1388 esse,
1877 1322 2102 1376 omnino

535 1438 551 1468 ι
593 1418 660 1470 ab
694 1416 1003 1471 infidelibus
1033 1423 1085 1470 et
1113 1415 1315 1484 impiis,
1339 1424 1392 1468 et
1420 1414 1511 1483 qui
1539 1430 1608 1467 ne
1643 1428 1838 1468 nomen
1879 1414 2099 1483 quidem

534 1527 552 1558 ι
596 1505 811 1561 Domini
841 1519 1075 1572 novere;
1131 1505 1277 1575 quod
1319 1504 1566 1559 nonnulli
1593 1519 1659 1558 eo
1689 1504 2101 1561 inhumanitatis

535 1619 552 1650 ι
593 1599 1039 1667 crudelitatisque
1067 1610 1401 1666 processere,
1426 1604 1484 1648 ut
1509 1595 1751 1664 captivos
1771 1595 1984 1664 aliquos
2005 1595 2100 1664 qui

534 1711 553 1743 ι
597 1691 921 1762 effugerunt,
961 1690 1014 1744 vi
1070 1689 1358 1744 retineant.
1412 1686 1606 1741 Mittite
1661 1687 1874 1757 aliquos
1920 1689 1974 1742 in
2016 1703 2102 1743 re-

533 1803 552 1834 c
594 1756 833 1854 gion'em,
887 1797 956 1837 ne
1009 1779 1094 1836 vel
1139 1779 1364 1836 fulmina
1399 1780 1454 1832 in
1494 1794 1588 1835 eos
1619 1756 1816 1834 cadant
1851 1780 1943 1851 qui
1986 1780 2102 1836 haec
2131 1756 2173 1812 Β

535 1896 552 1926 ι
595 1884 783 1946 agunt.
825 1893 844 1925 ι

597 1966 763 2022 Βιιε.
797 1964 1016 2034 Accepit
1045 1973 1266 2019 sanctus
1289 1964 1432 2034 quod
1463 1963 1684 2033 quidam
1707 1964 1898 2034 captivi
1925 1965 2102 2020 ortho-

525 2059 673 2126 doxi,
701 2067 996 2128 postquam
1026 2073 1222 2112 manus
1249 2057 1561 2111 barbaricas
1586 2071 1827 2120 evasere,
1856 2057 1906 2109 vi
1934 2072 1964 2110 a
1985 2057 2103 2126 qui-

527 2153 756 2207 busdam
787 2151 1121 2216 detinentur,
1158 2164 1256 2204 nec
1303 2149 1527 2203 domum
1575 2149 1770 2203 reverti
1816 2147 2094 2203 sinuntur.

525 2243 670 2298 Dicit
707 2257 836 2312 ergo
863 2241 950 2306 iis,
981 2241 1048 2296 ad
1079 2255 1216 2311 quos
1243 2239 1504 2309 scriptum
1531 2238 1634 2296 hoc
1658 2239 1946 2309 epistolare
1968 2240 2100 2294 mis-

526 2348 648 2389 sum
694 2340 799 2398 est,
836 2331 985 2401 quod
1032 2332 1137 2387 hoc
1167 2330 1216 2386 ei
1269 2329 1586 2385 incredibile
1632 2331 1808 2385 visum
1860 2343 1978 2386 cst:
2019 2340 2101 2386 est

527 2427 673 2481 enim
721 2425 1017 2490 infidelium
1049 2433 1104 2479 et
1132 2423 1422 2492 impiorum
1464 2436 1622 2490 opus.
1657 2421 1750 2476 Sin
1791 2429 1972 2477 autem
2010 2422 2093 2476 fa-

527 2525 676 2570 ctum
699 2524 802 2579 est,
835 2529 945 2568 non
973 2514 1272 2568 remanebit
1295 2514 1642 2583 impunitum.
1671 2513 1736 2568 Et
1758 2515 1877 2568 ideo
1902 2514 2098 2569 debent

529 2613 642 2664 hate
669 2607 954 2679 diligenter
976 2607 1199 2676 inquiri,
1225 2615 1279 2660 et
1309 2607 1453 2660 mitti
1484 2609 1536 2661 in
1562 2609 1838 2677 regionem
1863 2606 1955 2676 qui
1984 2607 2098 2662 haec

524 2699 958 2768 perscrutentur.
991 2697 1281 2754 Existimat
1303 2699 1469 2772 enim,
1509 2700 1652 2769 quod
1689 2701 1850 2754 etiam
1893 2699 2108 2775 fulmen,

524 2805 625 2844 seu
664 2790 807 2860 ignis
856 2792 926 2845 sit
972 2805 1222 2858 casurus,
1266 2800 1322 2844 et
1363 2807 1460 2846 eos
1501 2793 1594 2861 qui
1636 2793 1749 2846 haec
1782 2799 2100 2864 aguntexu-

523 2895 732 2938 sturus.

592 2972 792 3029 Zona.
834 2971 1110 3040 Nonnulli,
1146 2974 1346 3043 inquit,
1402 2985 1463 3029 ut
1495 2976 1815 3041 didicimus,
1859 2978 2096 3048 captivos

521 3082 588 3120 ex
623 3065 870 3122 hostibus
899 3063 1240 3133 diffugientes
1269 3066 1319 3119 vi
1356 3067 1592 3122 retinent
1637 3087 1650 3120 :

524 3160 654 3213 nino
697 3156 941 3215 infideles
989 3166 1042 3210 et
1095 3156 1270 3225 impii,
1328 3172 1502 3227 neque
1531 3159 1612 3213 vel
1659 3157 1826 3214 Deum
1872 3171 2091 3217 norunt.

521 3248 768 3305 Proinde.
781 3261 1003 3305 sanctus
1033 3249 1114 3303 vir
1137 3249 1207 3304 ab
1244 3250 1312 3305 iis
1353 3250 1420 3304 ad
1449 3265 1589 3320 quos
1619 3251 1826 3315 scribit,
1861 3254 2098 3321 postulat

521 3343 664 3398 mitti
698 3345 752 3395 in
774 3342 1050 3412 regionem
1077 3342 1326 3399 homines
1353 3343 1444 3412 qui
1467 3343 1534 3398 de
1565 3343 1666 3398 bac
1691 3359 1751 3398 re
1786 3344 2093 3414 inquirant;

521 3450 630 3502 ne,
669 3435 883 3503 inquit,
929 3433 1075 3504 ignis
1117 3433 1276 3489 cadat
1325 3434 1579 3499 caelitus,
1621 3450 1684 3490 ac
1727 3450 1822 3491 eos
1856 3437 1955 3505 ’qui
1982 3436 2096 3493 haec

521 3534 690 3596 agunt
717 3525 990 3580 absumat.
1033 3523 1147 3582 Hoc
1179 3534 1357 3580 autem
1389 3526 1542 3591 dixit,
1575 3525 1833 3582 facinoris
1863 3529 2095 3596 gravita-

522 3627 630 3672 tem
664 3615 934 3672 indicans.

1117 3706 1346 3763 CANON
1381 3706 1492 3760 Vll.

597 3822 615 3854 ι
659 3801 736 3858 De
769 3803 834 3858 iis
864 3801 959 3872 qui
990 3802 1131 3856 inter
1161 3801 1426 3857 barbaros
1458 3801 1796 3856 annumerati
1834 3809 1995 3867 sunt,
2041 3808 2096 3857 et

525 3915 546 3947 ο
591 3895 826 3951 absurda
853 3893 1099 3964 quaedam
1132 3893 1188 3947 in
1215 3908 1310 3948 eos
1337 3892 1430 3962 qui
1457 3902 1585 3948 sunt
1605 3892 1688 3946 sui
1720 3892 1933 3962 generis
1963 3891 2098 3948 fece-

529 4006 547 4034 ι
592 3993 743 4040 runt.
797 3983 905 4039 Eos
948 3984 1128 4054 itaque
1157 3984 1250 4053 qui
1297 3984 1436 4037 inter
1487 3981 1749 4037 barbaros
1794 3984 2096 4036 enumerati

527 4097 547 4130 ‹
590 4086 750 4140 sunt,
779 4085 832 4131 et
857 4091 979 4131 cum
1007 4075 1087 4132 eis
1116 4075 1172 4129 in
1219 4075 1525 4144 captivitate
1555 4075 1906 4141 invaserunt,
1942 4073 2095 4129 obliti

526 4190 544 4221 ι
591 4184 650 4226 se
695 4183 816 4224 esse
853 4167 1104 4222 Ponticos
1148 4176 1203 4221 et
1245 4165 1623 4232 Christianos,
1666 4165 1871 4220 eﬁerati
1914 4175 2094 4221 autem

524 4282 544 4316 ι
589 4262 914 4332 barbarique
938 4261 1154 4325 redditi,
1183 4269 1243 4314 ut
1271 4267 1325 4314 et
1350 4273 1446 4314 eos
1469 4259 1562 4328 qui
1593 4258 1677 4312 sui
1704 4265 1832 4313 sunt
1857 4257 2093 4327 generis,

521 4375 546 4406 ‹
588 4356 674 4410 vel
712 4355 857 4425 ligno
885 4355 967 4409 vel
994 4353 1348 4410 suﬂ'ocatione
1379 4351 1738 4416 interficiant,
1765 4350 1882 4406 vias
1913 4359 2094 4406 autem

1698 3069 1791 3137 qui
1826 3080 1950 3124 sunt
1979 3085 2097 3124 om-
2123 3097 2165 3154 ο

2201 495 2638 566 κατηγοροῦντάς
2677 512 2837 547 τινων
2875 495 3273 566 προσδέχεσθαι,
3329 499 3411 551 καὶ
3434 500 3515 565 οὓς
3555 503 3688 578 ἐκκηο

2204 587 2382 657 ρύξαι,
2415 589 2579 657 ἤγουν
2605 586 2756 650 τίνας
2785 586 2885 656 τῆς
2923 587 3237 658 Ἐκκλησίας
3273 589 3470 655 ἐξῶσαι,
3511 595 3588 649 καὶ
3607 599 3691 654 τῶν

2201 680 2412 732 πιστῶν
2470 681 2722 752 χωρίσαι,
2756 679 2898 733 ὥστε
2930 680 3002 750 μὴ
3039 681 3376 751 συνεύχεσθαι
3426 687 3595 751 αὐτοῖς.
3619 685 3698 745 Τίυ.

2200 790 2297 836 νας
2329 772 2384 825 δὲ
2424 771 2503 825 δεῖ
2556 772 2998 844 κατηγοροῦντας
3049 773 3442 844 προσδέχεσθαι,
3481 780 3534 831 τὸ
3569 782 3695 836 ἐκτον

2200 864 2488 932 κεφάλαιον
2535 864 2634 933 τῆς
2688 863 2946 934 δευτέρας
3006 864 3378 933 οίκουμενικῆς
3424 867 3606 922 συνόδου
3636 871 3695 925 δι-

2199 955 2405 1011 δάσκει.
2467 958 2861 1025 Ἀναγνωστέον
2887 961 2979 1012 καὶ⁵
3008 962 3077 1014 τὰ
3108 961 3222 1014 ἐκεῖ
3245 961 3588 1031 γεγραμμένα.

2795 1051 3033 1104 ΚΛΝΩΝ
3065 1055 3156 1120 ς’.

2275 1161 2294 1192 ι
2327 1141 2462 1213 Περὶ
2481 1141 2588 1196 τῶν
2613 1141 2702 1214 βίᾳ
2734 1143 3069 1212 κατεχόντων
3103 1145 3226 1206 τοὺς
3257 1143 3317 1196 ἐκ
3343 1144 3440 1197 τῶν
3464 1143 3700 1218 βαρϐάρων

2207 1253 2224 1285 ι
2264 1233 2659 1304 αἰχμαλώτους.
2710 1235 3055 1306 Ἀπηγγέλθη
3085 1235 3141 1288 δέ
3168 1253 3219 1287 τι
3245 1238 3370 1305 ἡμῖν
3395 1237 3480 1289 καὶ
3520 1237 3700 1292 ἄπιστον

2207 1345 2224 1377 ι
2267 1329 2324 1380 ἐν
2357 1331 2422 1398 τῇ
2471 1326 2623 1400 χώρᾳ
2680 1327 2832 1398 ὑμῶν
2877 1328 3186 1397 γενόμενον,
3245 1326 3448 1391 πάντως
3496 1345 3582 1381 που
3622 1331 3702 1384 ὑπὸ

2209 1437 2224 1469 ι
2268 1419 2510 1472 ἀπίστων
2563 1421 2655 1472 καὶ⁸
2707 1419 2917 1472 ἀσεϐῶν
2947 1419 3043 1472 καὶ
3084 1419 3157 1489 μὴ
3187 1419 3392 1472 εἰδότων
3425 1420 3542 1491 μηδέ
3570 1422 3702 1493 ὄνομα

2206 1531 2224 1562 ι
2264 1512 2488 1583 Κυρίου.
2525 1513 2605 1565 ὅτι
2663 1513 2770 1585 ἄρα
2799 1515 2877 1576 εἰς
2913 1513 3166 1566 τοσοῦτόν
3205 1530 3344 1576 τινες
3367 1511 3616 1584 ὠμότητος
3634 1517 3702 1569 καὶ

2207 1620 2225 1653 ι
2270 1603 2662 1674 ἀπανθρωπίας
2698 1602 3114 1674 προεχώρησαν,
3142 1603 3278 1656 ῶστε
3308 1604 3450 1666 τινὰς
3490 1605 3597 1667 τοὺς
3616 1605 3702 1659 δια-

2207 1713 2224 1746 (
2263 1697 2527 1764 φυγόντας
2560 1696 2933 1768 αἰχμαλώτους
2964 1696 3055 1767 βίᾳ
3079 1696 3348 1766 κατέχειν.
3387 1698 3703 1752 Ἀποστείλατέ

2207 1807 2225 1838 ι
2259 1805 2410 1851 τινας
2436 1790 2515 1851 εἰς
2542 1789 2640 1859 τὴν
2665 1787 2868 1858 χώραν,
2905 1788 2978 1859 μὴ
3011 1789 3105 1841 καὶ
3150 1787 3376 1857 σκηπτοὶ
3407 1788 3616 1842 πέσωσιν
3636 1791 3703 1842 ἐπὶ

2208 1897 2225 1929 ι
2264 1881 2390 1941 τοὺς
2419 1878 2486 1930 τὰ
2513 1881 2736 1932 τοιαῦτα
2769 1879 3166 1948 πράσσοντας.»

2272 1971 2445 2022 ΒΛΛΣ
2503 1969 2741 2040 ’Ἑμαθεν
2766 1972 2793 2021 ὁ
2842 1969 2992 2036 ἆγιος
3016 1969 3091 2033 ῶς
3112 1986 3254 2033 τινες
3273 1967 3523 2041 όρθόδοξοι
3557 1969 3706 2039 αἰχμά-

2201 2063 2379 2124 λωτοι,
2430 2062 2525 2124 τὰς
2585 2061 2922 2133 βαρϐαρικὰς
2974 2064 3162 2133 χεῖρας
3216 2061 3565 2130 διαφυγόντες,
3594 2061 3707 2113 κατέ-

2201 2170 2382 2223 χονται
2406 2151 2508 2204 ὑπό
2536 2168 2694 2205 τινων
2725 2152 2861 2204 κατὰ
2887 2152 3030 2221 βίαν,
3079 2154 3176 2207 καὶ
3227 2154 3287 2206 οὐ
3322 2153 3706 2225 παραχωροῦνται

2199 2244 2378 2297 οἴκαδε
2411 2243 2767 2314 ὑποστρέψαι.
2790 2244 2956 2314 Φησὶν
2984 2240 3076 2297 οὖν
3113 2245 3248 2316 πρὸς
3278 2244 3369 2308 οὓς
3396 2244 3641 2315 ἀπεστάλη
3663 2245 3706 2296 τὸ

2200 2333 2603 2404 ἐπιστολιμαῖον
2636 2333 2791 2387 τοῦτο
2821 2335 3074 2405 γράμμα,
3108 2335 3182 2398 ὡς
3240 2335 3394 2388 τοῦτο
3419 2337 3504 2389 καὶ
3529 2336 3706 2388 ἄπιστον

2199 2426 2447 2496 ἐλογίσθη
2500 2425 2665 2496 αὐτῷ·
2706 2424 2863 2498 ἔργον
2911 2429 3018 2499 γάρ
3051 2429 3199 2482 ἐστιν
3253 2429 3486 2482 ἀπίστων
3516 2429 3595 2484 καὶ
3615 2429 3706 2481 ἁσε·

2200 2519 2327 2570 ϐῶν.
2363 2519 2422 2570 Εί
2451 2519 2506 2570 δὲ
2538 2519 2783 2587 γέγονεν,
2814 2519 3166 2591 ἀνεκδίκητον
3193 2521 3293 2573 οὐκ
3321 2519 3483 2574 ἔσται.
3532 2519 3613 2572 Διὸ
3640 2520 3706 2572 καὶ

2198 2607 2465 2676 ὀφείλουσι
2490 2607 2557 2660 τὰ
2587 2609 2714 2679 περὶ
2769 2608 2956 2661 τούτου
3010 2609 3599 2682 πολυπραγμονηθῆναι,
3641 2610 3706 2662 καὶ

2197 2700 2510 2752 ἀποστεῖλαι
2573 2701 2651 2762 εἰς
2678 2700 2776 2769 τὴν
2805 2700 2986 2771 χώραν
3044 2702 3141 2754 καὶ
3198 2701 3498 2775 ἐρευνῆσαι.
3527 2702 3705 2773 Νομίζει

2197 2791 2305 2861 γὰρ
2333 2791 2408 2853 ὡς
2440 2790 2534 2844 καί⁵
2589 2790 2848 2861 σκηπτὸς,
2900 2791 3068 2861 ἤγουν
3128 2793 3259 2863 πῦρ,
3293 2794 3356 2846 ἐκ
3401 2793 3489 2846 τοῦ
3530 2791 3706 2865 ούρανοῦ

2197 2881 2379 2945 ἔπεσε,
2405 2883 2497 2934 καὶ
2525 2878 2814 2950 κατέφλεξε
2846 2883 2970 2946 τοὺς
3001 2883 3176 2938 ταῦτα
3202 2885 3547 2956 πράσσοντας.

2267 2971 2508 3023 ΖΩΝΑΡ.
2537 2971 2710 3034 Τινὲς,
2741 2973 2926 3042 φησιν,
2957 2974 3032 3038 ὡς
3066 2976 3363 3046 ἐμάθομεν,
3396 2975 3708 3046 αἰχμαλώτους

2195 3061 2551 3131 διαφυγόντας
2579 3065 2704 3127 τοὺς
2730 3065 3040 3135 πολεμίους,
3075 3067 3170 3139 βίᾳ
3198 3068 3509 3138 κατέχουσιν
3526 3085 3537 3097 ·
3563 3068 3708 3128 οἵτινες

2198 3154 2413 3217 πάντως
2443 3155 2658 3209 ἄπιστοί
2684 3158 2790 3208 εἰσι
2820 3158 2914 3210 καὶ
2948 3158 3189 3222 ἀσεϐεῖς,
3225 3161 3318 3213 καὶ
3347 3159 3462 3212 ούδέ
3491 3159 3605 3211 Θεοῦ
3624 3155 3710 3209 ἐπί-

2196 3263 2392 3314 γνωσιν
2419 3245 2646 3316 ἔχουσιν.
2694 3249 2939 3302 Ἀπαιτεῖ
2967 3246 3059 3304 οῦν
3089 3253 3116 3304 ό
3147 3251 3302 3319 ἅγιος
3337 3253 3455 3315 τοὺς
3496 3250 3612 3322 πρὸς
3642 3246 3708 3309 οὓς

2196 3339 2428 3410 γράφει,
2472 3340 2787 3394 ἀποστεῖλαι
2837 3343 2916 3406 είς
2960 3342 3055 3413 τὴν
3117 3343 3304 3415 χώραν
3349 3344 3440 3396 καὶ
3477 3341 3708 3413 ἐρευνῆσαι

2196 3433 2325 3504 περὶ
2351 3432 2443 3485 τοῦ
2477 3433 2814 3504 πράγματος,
2844 3436 2930 3489 ἵνα
2965 3435 3039 3506 μὴ
3062 3436 3198 3506 πῦρ,
3233 3436 3416 3507 φησιν,
3449 3435 3505 3500 ἐξ
3531 3431 3706 3505 ούρανοῦ

2196 3525 2338 3594 πέσῃ
2367 3524 2460 3576 καὶ
2480 3525 2790 3599 καταφλέξῃ
2824 3527 2946 3589 τοὺς
2985 3527 3154 3581 ταῦτα
3197 3529 3544 3601 πράσσοντας.
3584 3525 3709 3579 Τοῦτο

2195 3616 2252 3668 δέ
2283 3612 2423 3679 εἶπε,
2453 3617 2548 3687 τὴν
2577 3617 2804 3673 ἀτοπίαν
2834 3619 3088 3673 δεικνύων
3122 3620 3225 3690 τῆς
3252 3621 3509 3693 πράξεως.

2812 3714 3051 3767 ΚΑΝΩΝ
3083 3716 3157 3768 Z'.

2275 3819 2292 3853 ι
2332 3803 2465 3872 Περὶ
2497 3804 2603 3856 τῶν
2629 3804 3133 3876 ἐγκαταλεχθέντων
3167 3809 3284 3872 τοῖς
3309 3807 3608 3879 βαρϐάροις,
3641 3805 3708 3857 καὶ

2201 3910 2219 3942 ι
2262 3892 2437 3944 ἄτοπά
2459 3910 2579 3947 τινα
2603 3893 2742 3947 κατὰ
2758 3895 2865 3946 τῶν
2880 3895 3167 3965 ὁμοφύλων
3200 3897 3586 3968 τολμησάντων.
3606 3895 3706 3954 Tot;

2202 4004 2221 4036 ι
2266 3985 2362 4054 μὲν
2390 3980 2481 4038 οὖν
2514 3985 3008 4055 ἐγκαταλεχθέντας
3035 3991 3147 4050 τοῖς
3199 3988 3485 4060 βαρϐάροις
3514 3988 3596 4040 καὶ
3624 3983 3706 4056 μετ’

2202 4095 2222 4127 ι
2256 4077 2433 4130 αὐτῶν
2463 4079 2521 4130 ἐν
2557 4077 2901 4149 αἰχμαλωσίᾳ
2935 4079 3292 4144 ἐπελθόντας,
3325 4079 3705 4150 ἐπιλαθομένους,

2201 4187 2220 4218 ί
2262 4169 2342 4220 ὅτι
2367 4163 2506 4239 ἦσαν
2540 4167 2788 4219 Ποντικοὶ
2823 4169 2915 4222 καὶ
2947 4171 3289 4240 Χριστιανοὶ,
3321 4165 3708 4241 ἐκϐαρϐαρωθέν-

2201 4279 2220 4312 ι
2254 4277 2352 4324 τας
2384 4259 2440 4312 δὲ
2465 4258 2541 4321 ὼς
2567 4259 2659 4312 καὶ
2692 4259 2942 4326 φονεύειν
2971 4261 3094 4324 τοὺς
3134 4261 3434 4331 ὁμοφύλους
3473 4260 3503 4330 ἢ
3547 4253 3705 4325 ξύλῳῆ

2201 4371 2220 4403 ι
2255 4350 2478 4424 ἀγχόνῃ,
2513 4349 2968 4405 ὑποδεικνύναιδέ
3002 4352 3034 4421 ἢ
3065 4351 3265 4423 όδοὺςῆ
3305 4353 3472 4414 οἰκίας
3505 4345 3706 4419 ἀγνοοῦσι

525 4470 543 4502 ι
589 4450 672 4503 vel
701 4449 894 4504 domos
918 4448 1282 4502 nescientibus
1305 4445 1551 4501 barbaris
1575 4444 1894 4509 ostendant;
1927 4443 2092 4498 etiam

2203 4461 2221 4492 ι
2259 4441 2368 4504 τοῖς
2411 4440 2732 4511 βαρϐάροις·
2764 4442 2858 4494 καὶ
2887 4441 2983 4510 τῆς
3023 4442 3339 4512 ἀκροάσεως
3374 4440 3604 4511 ἀπεῖρξαι
3633 4437 3706 4501 δεῖ,

525 4562 544 4595 ι
587 4542 658 4596 ab
690 4539 968 4594 auditione
1008 4553 1195 4593 arcere
1240 4545 1484 4607 oportet,
1529 4536 1701 4593 donec
1747 4535 1814 4590 de
1851 4536 1917 4600 iis
1959 4549 2090 4592 con-

522 4652 543 4685 c
590 4615 824 4703 gregatis
849 4628 1054 4685 sanctis
1081 4628 1285 4698 aliquid
1313 4627 1675 4682 communiter
1704 4626 1878 4681 visum
1903 4624 2086 4690 fuerit,

523 4744 541 4776 ε
588 4711 642 4778 et
667 4731 790 4776 ante
818 4734 916 4776 eos
946 4729 1135 4776 sancto
1166 4719 1411 4790 Spiritui.
1454 4737 1472 4768 ι

598 4815 760 4880 Bas.
799 4810 908 4867 Eos
966 4811 1182 4882 quidem
1233 4811 1325 4881 qui
1369 4819 1654 4880 postquam
1709 4810 1902 4880 captivi
1959 4807 2088 4864 facti

517 4916 680 4973 sunt,
728 4905 974 4960 barbaris
1018 4911 1454 4966 Consenserunt,
1503 4911 1556 4956 et
1615 4917 1740 4956 cum
1798 4902 1879 4956 eis
1921 4901 2084 4956 veluti

516 4986 736 5054 barbari
768 4996 943 5051 eﬁecti
977 5003 1135 5061 sunt,
1174 5003 1227 5048 et
1267 4995 1350 5049 sui
1377 4994 1588 5064 generis
1628 4991 1970 5048 Christianos
2006 4992 2089 5045 in-

517 5090 884 5153 terfecerunt,
919 5089 1003 5144 vel
1041 5089 1157 5143 vias
1195 5088 1440 5142 barbaris
1486 5088 1698 5156 ignotas
1729 5095 1783 5140 et
1815 5085 1880 5140 ad
1932 5083 2090 5139 Chri-

516 5183 726 5238 stianos
769 5182 1030 5237 ducentes
1075 5179 1446 5242 ostenderunt,
1471 5177 1553 5231 vel
1595 5191 1784 5230 eorum
1820 5176 1962 5230 aedes
1991 5173 2090 5228 ho-

517 5274 692 5330 stibus
709 5272 1031 5330 manifestas
1062 5271 1323 5335 fecerunt,
1353 5285 1422 5324 ne
1442 5267 1508 5322 ad
1538 5269 1843 5324 divinarum
1872 5265 2086 5336 quidem

517 5367 737 5422 laudum
772 5365 1100 5421 auditionem
1134 5361 1496 5423 admittendos
1534 5374 1655 5415 esse
1685 5357 1959 5412 decernit:
1993 5357 2086 5411 sed

517 5473 612 5515 eos
639 5461 864 5515 omnino
907 5469 1060 5514 extra
1117 5455 1402 5511 ecclesiam
1435 5452 1598 5510 statui
1640 5451 1696 5504 in
1734 5450 1856 5504 loco
1888 5448 2089 5504 deflen-

517 5557 653 5608 tium
673 5595 689 5620 ,
743 5563 866 5624 post
894 5555 1293 5616 confessionem
1326 5551 1532 5608 scilicet
1560 5549 1642 5604 vel
1683 5546 2088 5602 condemnatio-

516 5660 640 5700 nem
665 5685 682 5711 ,
731 5647 906 5700 donec
944 5645 1116 5700 sancti
1161 5643 1326 5698 simul
1369 5641 1680 5712 congregati
1729 5639 1798 5694 de
1835 5637 1902 5691 iis
1941 5649 2090 5692 com-

516 5739 755 5794 muniter
779 5739 1082 5795 statuerint.
1119 5733 1349 5795 Sanctos
1382 5743 1560 5792 autem
1591 5732 1876 5804 episcopos
1907 5727 2087 5798 appel-

2197 4549 2212 4579 ο
2257 4530 2447 4601 μέχρις
2471 4531 2536 4583 ἂν
2567 4533 2717 4600 κοινῇ
2736 4531 2864 4601 περὶ
2879 4529 3058 4583 αὐτῶν
3084 4548 3134 4583 τι
3164 4531 3290 4603 δόξῃ
3323 4527 3606 4583 συνελθοῦσι
3626 4527 3707 4583 τοῖς

2195 4643 2212 4672 ι
2249 4621 2444 4691 ἁγίοις,
2481 4622 2572 4676 καὶ
2599 4623 2703 4692 πρὸ
2732 4623 2910 4676 αὐτῶν
2940 4622 3016 4693 τῷ
3041 4623 3178 4694 ἁγίῳ
3208 4623 3498 4695 Πνεύματι.
3536 4640 3552 4672 ι

2259 4807 2450 4859 ΒΑΛΣ.
2489 4807 2627 4869 Τοὺς
2655 4805 2836 4874 μέντοι
2873 4805 3010 4875 μετά
3035 4804 3094 4858 τὸ
3115 4805 3588 4877 αἱχμαλωτισθῆναι
3623 4800 3704 4860 τοῖς

2192 4899 2484 4969 βαρϐάροις
2504 4901 3000 4970 ὁμοφρονήσαντας,
3033 4899 3124 4950 καὶ
3159 4901 3276 4969 μετ’
3295 4897 3467 4951 αὐτῶν
3491 4890 3588 4948 οἷον
3612 4891 3705 4961 βαρ

2190 4990 2552 5059 ϐαρωθέντας,
2583 4991 2677 5043 καὶ
2709 4991 2833 5052 τοὺς
2868 4989 3169 5059 ὁμοφύλους
3190 4989 3532 5061 Χριστιανοὺς
3555 4980 3703 5053 φονεύ·

2192 5098 2411 5145 σαντας,
2444 5081 2476 5152 ἢ
2531 5081 2683 5144 ὁδοὺς
2723 5081 3088 5150 ἀγνοουμένας
3125 5084 3236 5143 τοῖς
3287 5079 3594 5150 βαρϐάροις,
3634 5069 3700 5123 ιιιιὶ

2188 5173 2503 5241 ἀπαγούσας
2535 5174 2614 5234 εἰς
2656 5171 3012 5241 Χριστιανοὺς
3055 5170 3460 5236 ύποδείξαντα...
3500 5167 3529 5236 ἢ
3565 5160 3702 5219 οἰκίας

2189 5265 2388 5317 τούτων
2415 5263 2744 5334 καταδήλους
2769 5268 2879 5326 τοῖς
2908 5263 3182 5334 πολεμίοις
3226 5263 3564 5332 ποιήσαντας.
3595 5247 3701 5323 μηδι

2189 5357 2267 5417 είς
2299 5355 2556 5426 ἀκρόασιν
2585 5354 2692 5408 τῶν
2708 5355 2867 5407 θείων
2893 5353 3206 5423 δοξολογιῶν
3232 5342 3699 5424 παραδεχθῆναιδιοο

2193 5447 2423 5519 ρίζεται’
2459 5445 2593 5501 ἀλλὰ
2652 5447 2756 5513 ἔξω
2794 5446 3072 5509 παντελῶς
3131 5446 3228 5515 τῆς
3267 5440 3540 5510 ἐκκλησίας
3580 5436 3693 5489 ἵστα·

2192 5537 2314 5592 σθαι
2360 5539 2556 5601 αὐτοὺς
2603 5540 2659 5592 ἐν
2698 5539 2846 5609 τόπῳ
2885 5537 3313 5610 προσκλαιόντων
3358 5533 3554 5593 πάντως
3591 5519 3698 5596 μετά

2190 5633 2286 5704 τὴν
2315 5631 2700 5703 ἐξομολόγησιν
2727 5632 2760 5702 ἢ
2788 5631 2882 5700 τήν
2909 5630 3228 5702 καταδίκην,
3260 5629 3359 5691 ἕως
3384 5626 3444 5680 ἂν
3461 5618 3694 5687 σκοπήσυ

2195 5743 2274 5778 σιν
2294 5727 2342 5778 oi
2375 5726 2516 5794 ἅγιοι
2551 5725 2676 5795 περὶ
2705 5722 2882 5777 αὐτῶν
2929 5725 3078 5794 κοινῇ
3128 5721 3468 5780 συνελθόντες.
3524 5710 3691 5778 ’Δγίονί
