3934 6198
209 267 346 323 ιοιι

1474 260 1808 330 Eptsro'LA
1848 274 2212 331 CANONICA.

3314 266 3451 327 1041

206 389 263 441 δὲ
285 388 415 451 τοὺς
442 388 767 452 ἐπισκόπους
787 390 956 443 καλεῖ.
982 391 1144 453 Τδδὲ,
1174 391 1285 460 πρὸ
1311 391 1505 446 αὐτῶν
1527 394 1606 457 τῷ
1634 395 1778 462 ἁγίῳ

1903 402 1974 448 at.
2025 395 2160 449 Illud
2209 400 2405 453 autem,
2438 402 2561 447 ante
2614 393 2754 460 ipso:
2801 400 2981 443 sancto
3037 380 3283 459 Spiritui,
3321 391 3453 443 sub-

206 476 532 545 Πνεύματι,
558 480 825 548 ἐπήγαγε,
844 479 1073 542 δεικνὺς,
1095 482 1173 534 ὅτι
1202 484 1297 535 ὅσα
1318 484 1374 535 ἐν
1398 487 1548 555 κοινῇ
1567 484 1781 537 διασκέ-

206 568 299 637 tim
342 569 745 640 οίκονομοῦνται
797 570 944 641 παρὰ
991 571 1098 624 τῶν
1150 575 1477 640 ἐπισκόπων,
1526 574 1589 627 τὸ
1634 576 1784 644 ἆγιον

208 658 433 731 Πνεῦμα
461 661 778 732 ὑποτίθησιν
807 664 963 717 αὑτά.
994 666 1103 717 Καὶ
1126 668 1154 718 ό
1202 666 1299 737 μὲν
1338 666 1785 738 ἐκκλησιαστικὸς

208 752 375 824 νόμος
396 753 539 807 οὕτω
563 755 783 820 τούτους
826 757 1042 823 κολάζει
1060 776 1072 789 ·
1104 763 1133 813 ὁ
1172 760 1229 813 δὲ
1258 761 1530 826 πολιτικὸς
1554 762 1631 833 τῷ
1658 764 1785 836 περὶ

208 842 590 908 καθοσιώσεως
604 845 907 916 ἐγκλήματι
936 848 1329 903 καθυποὸάλλει
1348 852 1473 915 τοὺς
1492 852 1779 917 τοιούτους.

204 933 346 1003 Φησὶ
370 934 480 1006 γὰρ
510 935 703 1005 κεφάλ.
739 942 788 989 α’
819 937 910 991 τοῦ
964 938 1051 1003 λς’
1094 939 1276 993 τίτλου
1318 942 1412 995 τοῦ
1448 942 1487 1007 ξ’
1536 942 1739 1013 βιϐλίου
1765 961 1779 974 ’

218 1026 277 1078 Ὀ
308 1025 442 1096 περὶ
466 1025 574 1080 τῶν
620 1027 917 1083 ἐπιϐούλων
945 1030 1111 1100 νόμος
1154 1032 1334 1101 ὅμοιός
1380 1035 1492 1087 ἐστι
1533 1034 1609 1105 τῷ
1657 1035 1784 1106 περὶ

209 1118 532 1189 ἱεροσυλίας.
559 1121 669 1174 Καὶ
697 1121 937 1192 ἐνέχεται
962 1123 1110 1194 αὐτῷ
1130 1127 1157 1177 ό
1185 1125 1325 1180 κατὰ
1353 1127 1443 1179 τοῦ
1478 1127 1782 1197 Ῥωμαῖκοῦ

204 1208 269 1280 δή
278 1226 381 1279 μου
411 1210 831 1284 πλημμελήσας,
855 1216 947 1268 καὶ
972 1217 1275 1282 σπουδάσας
1305 1220 1443 1273 κατά
1468 1221 1615 1275 δόλον
1636 1222 1786 1293 παρά

208 1302 460 1356 κέλευσιν
478 1303 749 1374 βασιλέως
775 1306 1128 1380 ἀναιρεθῆναι
1156 1312 1281 1375 τοὺς
1320 1313 1561 1383 ὁμήρους
1579 1330 1592 1343 ⁸
1635 1314 1785 1385 ἢ-ἴνα

205 1396 423 1451 ἔνοπλοι
449 1398 721 1470 ἄνθρωποι
752 1400 810 1453 ἐν
838 1401 989 1453 πόλει
1017 1401 1156 1455 κατὰ
1181 1402 1280 1473 τῆς
1326 1404 1598 1469 πολιτείας
1630 1401 1782 1472 ὦσιν,

206 1490 240 1559 ἢ
270 1488 362 1543 ἵνα
392 1489 556 1555 τόπος
586 1491 618 1562 ἢ
656 1492 773 1563 ίερά
800 1493 1229 1564 κατασχεθῶσιν,
1270 1496 1302 1567 ἢ
1356 1496 1651 1567 στασιώδης
1692 1499 1786 1567 γέν

208 1597 367 1651 νηται
403 1580 637 1647 σύνοδος,
668 1584 700 1654 ἢ
734 1584 820 1636 ἵνα
854 1586 1081 1656 φονευθῇ
1124 1587 1151 1637 ό
1191 1586 1370 1656 ἄρχων
1392 1604 1403 1616 ⁸
1450 1589 1541 1641 καὶ
1579 1590 1607 1640 ὁ
1651 1590 1784 1659 πρὸς

208 1674 333 1737 τοὺς
367 1674 658 1746 πολεμίους
684 1675 967 1747 γράμμαῆ
992 1677 1216 1745 ἄγγελον
1247 1679 1465 1749 πέμψας
1494 1681 1525 1750 ἢ
1563 1684 1785 1752 σημεῖον

209 1765 399 1828 αὐτοῖς
429 1766 752 1838 δεδωκὼς,ῆ
784 1767 956 1833 ἄλλως
993 1769 1265 1841 βοηθήσας
1292 1773 1494 1835 αὐτοῖς,
1531 1775 1621 1826 καὶ
1657 1775 1785 1827 ὑπο-

210 1856 468 1919 νοθεύσας
514 1856 845 1928 στρατιώτας
894 1859 1029 1931 πρὸς
1073 1862 1256 1915 στάσιν
1296 1863 1327 1933 ἢ
1392 1862 1616 1936 Θόρυόον
1648 1867 1787 1920 κατά

208 1945 307 2013 τῆς
336 1945 631 2010 πολιτείας.
669 1947 779 2001 Καὶ
806 1948 1000 2016 κεφάλ.
1036 1956 1105 2017 γ’,
1151 1950 1244 2004 τοῦ
1279 1952 1441 2005 αὐτοῦ
1485 1954 1659 2007 τίτλου
1695 1958 1787 2008 καὶ

202 2036 417 2108 βιϐλίου
438 2054 451 2067 ·
495 2037 551 2091 Ὀ
577 2040 701 2102 τοὺς
731 2040 1018 2111 πολεμίους
1040 2041 1310 2113 ἐρεθίσας,
1335 2043 1365 2113 ἢ
1393 2046 1663 2117 παραδοὺς
1688 2048 1786 2101 αύ-

200 2132 318 2193 τοῖς
347 2130 610 2201 πολίτην,
656 2134 735 2196 είς
776 2134 1014 2205 κεφαλὴν
1065 2137 1403 2205 τιμωρεῖται.
1441 2138 1549 2189 Καὶ
1594 2140 1787 2211 ἐφεξῆς

200 2222 515 2291 διαλέγεται
548 2225 609 2277 τὸ
645 2225 933 2293 κεφάλαιον
979 2228 1107 2299 περὶ
1152 2228 1325 2282 ἄλλων
1362 2231 1521 2285 τινῶν
1569 2233 1784 2304 ὁμοίων.

206 2313 319 2365 Καὶ
346 2312 521 2366 ταῦτα
550 2314 648 2385 μὲν
678 2316 805 2386 περὶ
834 2316 937 2368 τῶν
972 2317 1509 2387 αἰχμαλωτισθέντων
1538 2322 1631 2373 κα)⁸
1658 2325 1788 2391 ὁμο-

204 2405 575 2474 φωνησάντων
608 2410 717 2470 τοῖς
754 2407 1051 2477 πολεμίοις,
1083 2409 1175 2461 καὶ
1207 2411 1334 2480 περὶ
1366 2410 1473 2464 τῶν
1500 2413 1571 2483 μὴ
1599 2416 1791 2484 αἰχμα-

203 2495 602 2559 λωτισθέντων,
636 2498 785 2568 ὅμως
822 2500 999 2568 μέντοι
1028 2502 1138 2563 τοῖς
1173 2501 1445 2571 πολεμίοις
1474 2505 1790 2575 ὁμογνωμο-

204 2588 491 2657 νησάντων
516 2630 530 2653 ,
574 2590 668 2643 καὶ
719 2591 1097 2661 φρονησάντων
1141 2592 1281 2645 κατὰ
1329 2594 1425 2663 τῆς
1480 2596 1790 2667 Ῥωμαῖκῆς

209 2681 481 2746 ἐξουσίας.
516 2685 577 2735 Ui
618 2683 674 2735 δὲ
706 2686 815 2746 τοῖς
845 2685 983 2737 κατά
1022 2684 1215 2755 χέρσον
1258 2686 1349 2739 καὶ
1393 2687 1655 2741 θάλατταν
1700 2690 1792 2760 λῃ·-

212 2773 463 2827 στεύουσι
488 2774 1000 2846 συλλῃστεύσαντες,
1041 2776 1319 2843 πλειόνως,
1351 2779 1425 2842 ὠς
1466 2781 1586 2850 ἐμοὶ
1626 2781 1788 2847 δοκεῖ,

215 2862 665 2934 κολασθήσονται·
691 2864 771 2916 ὅτι
804 2864 895 2917 καὶ
923 2864 1119 2934 μείζων
1152 2865 1267 2918 ἐστὶ
1306 2867 1508 2919 τούτων
1541 2869 1572 2936 ἡ
1606 2866 1787 2920 κακία.

214 2956 280 3009 Ol
311 2955 411 3024 μὲν
436 2955 542 3026 γὰρ
574 2955 818 3026 πολέμιοι
863 2954 1000 3008 κατὰ
1032 2955 1318 3028 πρόσωπον
1362 2959 1450 3011 καὶ
1478 2962 1653 3029 γυμνῇ
1698 2976 1791 3011 κες

1881 484 2094 554 iunxit,
2139 484 2458 549 ostendens,
2510 481 2657 552 quod
2695 495 3031 551 quaecunque
3076 480 3130 532 in
3178 478 3453 539 communi

1884 574 2320 629 consideratione
2347 574 2413 627 ab
2438 571 2706 642 episcopis
2725 570 3106 639 dispensantur
3134 579 3187 625 et
3213 579 3455 625 statuun-

1884 674 2008 731 tur,
2043 664 2280 735 Spiritus
2327 675 2548 721 sanctus
2592 679 2655 719 ea
2702 666 2957 733 suggerit.
3010 662 3075 717 Et
3117 663 3203 717 lex
3235 662 3454 732 quidem

1884 760 2255 816 ecclesiastica
2297 761 2445 829 ipsos
2487 760 2567 814 sic
2610 759 2786 827 punit.
2829 756 2940 811 Lex
2985 771 3115 811 vero
3154 756 3326 810 civilis
3361 770 3453 810 eos

1886 855 2188 924 maiestatis
2226 854 2441 909 crimini
2472 852 2710 922 subiicit.
2746 850 2888 904 Dicit
2916 848 3059 904 enim
3097 848 3329 918 primum
3362 864 3455 903 cas

1886 957 2003 1018 put,
2046 948 2113 1003 56
2142 948 2247 1011 tit.,
2282 962 2351 1001 ιχ
2382 945 2475 1001 lib.
2515 964 2528 999 :
2565 944 2675 1000 Lex
2701 942 3001 1013 maiestatis
3025 940 3218 996 similis
3246 949 3328 995 est

1885 1040 1953 1094 de
1977 1039 2282 1109 sacrilegio.
2312 1036 2378 1091 Et
2414 1045 2627 1092 tenetur
2651 1050 2734 1101 ea,
2760 1035 2852 1104 qui
2885 1033 3145 1088 adversus
3196 1032 3457 1103 populum

1886 1127 2194 1184 Romanum
2238 1127 2551 1189 commisit,
2613 1134 2666 1180 et
2705 1125 2799 1195 qui
2864 1124 2989 1179 dolo
3052 1122 3196 1177 malo
3251 1122 3461 1177 curavit

1885 1220 2095 1290 iniussu
2134 1218 2393 1290 principis
2442 1217 2657 1273 obsides
2700 1215 2974 1281 interimi;
3029 1214 3111 1268 vel
3162 1220 3222 1268 ut
3265 1213 3457 1269 armati

1885 1312 2136 1367 homines
2165 1312 2219 1365 in
2251 1312 2384 1365 urbe
2411 1310 2520 1364 sint
2542 1309 2803 1363 adversus
2836 1305 3258 1375 rempublicam,
3290 1304 3379 1359 vel
3400 1311 3461 1359 ut

1886 1405 2005 1459 loca
2040 1412 2132 1456 aut
2158 1403 2350 1472 templa
2383 1408 2734 1471 occupentur,
2768 1398 2849 1452 vel
2884 1397 3175 1452 seditiosus
3207 1396 3301 1455 ﬁat
3330 1411 3462 1451 con-

1886 1506 2100 1560 ventus,
2136 1496 2217 1549 vel
2260 1504 2317 1549 ut
2358 1494 2635 1548 occidatur
2667 1492 3015 1561 magistratus
3037 1531 3050 1555 ,
3082 1498 3136 1543 et
3168 1490 3234 1543 ad
3275 1489 3461 1543 hostes

1889 1590 2135 1642 nuntium
2161 1588 2243 1641 vel
2272 1588 2477 1641 litteras
2500 1585 2667 1648 misit,
2696 1585 2778 1638 vel
2808 1585 2958 1654 signa
2989 1584 3069 1638 eis
3092 1583 3256 1648 dedit,
3286 1582 3461 1636 aliove

1891 1680 2052 1733 modo
2084 1679 2163 1734 eis
2192 1679 2314 1732 tulit
2339 1678 2598 1731 auxilium
2623 1719 2637 1742 ,
2673 1686 2725 1730 et
2752 1676 2845 1745 qui
2878 1674 3185 1729 sollicitavit
3217 1673 3299 1728 vel
3330 1687 3463 1727 con-

1886 1772 2073 1827 citavit
2127 1771 2324 1825 milites
2372 1771 2437 1824 ad
2482 1770 2807 1824 seditionem
2856 1768 2940 1823 vel
3006 1769 3218 1823 turbam
3267 1774 3461 1821 contra

1890 1864 2295 1933 rempublicam.
2350 1862 2414 1915 Et
2458 1878 2576 1932 cap.
2625 1863 2657 1915 5
2701 1861 2941 1931 eiusdem
2974 1862 3055 1915 tit.
3101 1869 3151 1914 et
3189 1860 3282 1914 lib.
3311 1876 3324 1912 :
3356 1856 3460 1925 Qui

1889 1952 2074 2006 hostes
2099 1952 2437 2016 sollicitavit,
2463 1960 2515 2004 et
2541 1951 2620 2004 eis
2654 1950 3037 2019 rempublicam
3070 1948 3323 2013 tradidit,
3366 1962 3462 2002 ca-

1889 2041 1997 2110 pite
2045 2040 2286 2110 punitur.
2343 2039 2409 2092 Et
2449 2039 2703 2107 deinceps
2751 2037 2971 2092 disserit
3013 2045 3178 2106 caput
3222 2036 3294 2090 de
3340 2034 3462 2089 aliis

1889 2129 2217 2200 quibusdam
2252 2129 2540 2184 similibus.
2592 2129 2656 2183 Et
2686 2129 2800 2183 haec
2830 2128 3047 2198 quidem
3086 2128 3154 2182 de
3188 2127 3253 2182 iis
3282 2128 3374 2197 qui
3405 2128 3461 2181 in

1889 2224 2253 2294 captivitatem
2284 2223 2499 2277 abducti
2530 2233 2676 2284 sunt,
2705 2231 2759 2277 et
2779 2221 3025 2276 hostibus
3048 2229 3460 2287 consenserunt,

1889 2318 2034 2372 etde
2082 2318 2149 2372 iis
2196 2318 2377 2371 itidem
2434 2318 2526 2386 qui
2567 2332 2675 2369 non
2719 2316 2769 2368 in
2822 2315 3186 2384 captivitatem
3243 2313 3462 2368 abducti

1892 2419 2039 2473 sunt,
2069 2425 2195 2465 cum
2229 2412 2472 2465 hostibus
2508 2419 2686 2463 tamen
2713 2417 3129 2470 consenserunt,
3171 2414 3225 2459 et
3273 2405 3465 2459 adver-

1893 2518 1987 2558 sus
2031 2502 2335 2557 Romanum
2382 2502 2667 2571 imperium
2703 2500 3102 2569 conspirarunt.
3149 2496 3251 2561 Qui
3281 2504 3461 2549 autem

1893 2602 2027 2647 cum
2061 2593 2127 2647 iis
2178 2595 2269 2663 qui
2325 2602 2522 2647 terram
2576 2606 2829 2659 mareque
2881 2588 3309 2658 depopulantur,
3357 2601 3463 2647 una

1892 2685 2179 2754 deprzedati
2212 2694 2372 2750 sunt,
2401 2682 2604 2753 magis,
2640 2692 2698 2735 ut
2727 2681 2861 2736 mihi
2887 2680 3112 2745 videtur,
3140 2677 3461 2748 punientur,

1893 2777 2020 2847 quia
2064 2776 2239 2845 maior
2269 2786 2352 2830 est
2393 2790 2581 2830 eorum
2619 2774 2957 2844 improbitas.
2993 2772 3185 2827 Hostes
3221 2771 3367 2826 enim
3406 2786 3465 2825 a-

1893 2877 2045 2938 perta
2079 2867 2276 2930 fronte,
2310 2876 2362 2923 et
2393 2868 2562 2933 nudo,
2594 2877 2651 2921 ut
2686 2866 2855 2931 aiunt,
2893 2866 3063 2935 capite
3084 2863 3281 2918 bellum
3310 2877 3463 2917 com--

1895 2967 2121 3030 parant;
2152 2960 2389 3012 latrones
2416 2967 2594 3012 autem
2632 2957 2770 3012 clam
2801 2967 2853 3011 et
2888 2956 3095 3012 occulte
3130 2953 3464 3024 inopinatam

215 3046 384 3117 φαλῇ,
417 3046 479 3099 τὸ
504 3047 815 3117 λεγόμενον,
842 3046 931 3100 τὸν
960 3047 1192 3119 πόλεμον
1246 3049 1560 3102 συνιστῶσιν
1585 3067 1597 3080 ο
1646 3053 1693 3103 οἱ
1737 3052 1790 3105 δὲ

1897 3052 2094 3107 caedem
2145 3051 2461 3105 moliuntur.
2521 3048 2735 3115 Quanto
2786 3063 2913 3117 ergo
2980 3046 3194 3117 prazvisi
3239 3045 3463 3116 periculi

214 3135 412 3209 λῃσταὶ
444 3137 689 3205 ἀοράτως
723 3138 815 3189 καὶ
849 3137 1066 3206 ἀφανῶς
1097 3140 1498 3210 ἀπροσδόκητον
1530 3141 1791 3212 μελετῶσι

217 3228 396 3295 φόνον.
430 3226 587 3280 Ὅσον
614 3223 706 3281 οὖν
732 3227 825 3281 τοῦ
861 3230 1215 3300 προκειμένου
1246 3231 1365 3283 κατ’
1398 3231 1521 3300 ὄψιν
1549 3234 1790 3288 κινδύνου

1899 3160 2077 3215 pugna
2109 3143 2279 3197 levior
2309 3150 2394 3196 est
2423 3141 2701 3209 inopinato
2729 3139 2890 3205 malo,
2927 3146 3076 3193 tanto
3107 3137 3345 3193 hostium
3380 3138 3467 3191 in-

1899 3236 2074 3292 sultus
2101 3244 2183 3288 est
2212 3232 2540 3287 tolerabilior
2570 3232 2837 3285 latronum
2872 3229 3103 3285 insidiis.

218 3321 253 3393 ἢ
303 3321 454 3392 μάχη
502 3323 803 3394 κουφοτέρα
841 3326 956 3377 ἐστὶ
992 3324 1084 3377 τοῦ
1137 3326 1542 3398 ἀπροσδοκήτου
1592 3331 1791 3396 κακοῦ,
1846 3332 2093 3386 τοσοῦτον
2124 3333 2212 3384 καὶ
2244 3331 2410 3401 ἡτῶν
2446 3329 2712 3400 πολεμίων
2757 3328 2941 3397 ἔφοδος
2998 3327 3322 3399 ἀνεκτοτέρα
3350 3324 3467 3378 ἐστὶ⁸

216 3415 315 3485 τῆς
341 3415 448 3468 τῶν
474 3415 840 3488 λῃστευόντων
877 3418 1185 3489 ἐπιϐουλῆς.

288 3509 531 3562 ΖΩΝΑΡ.
569 3510 723 3563 Ὅσοι
760 3512 858 3581 μὲν
889 3508 1002 3575 οὖν,
1033 3515 1195 3584 φησιν
1216 3556 1229 3578 ,
1273 3516 1795 3587 αἰχμαλωτισθέντες

220 3604 371 3665 ποτὶ,
406 3605 888 3673 συγκατετάγησαν
920 3608 1028 3668 τοῖς
1075 3605 1398 3677 βαρϐάροις,
1436 3610 1527 3660 καὶ
1559 3612 1673 3679 μετ’
1702 3614 1799 3665 αὑ-

218 3696 325 3750 τῶν
357 3694 593 3766 ἐπῆλθον
624 3696 1066 3768 βαρϐαρωθὲιτες
1092 3699 1159 3750 τά
1188 3700 1281 3769 ἔθη
1304 3716 1315 3728 ’
1350 3703 1439 3752 καὶ
1468 3701 1654 3773 ὥσπερ
1682 3704 1799 3756 ἐπι-

218 3785 525 3857 λαθόμενοι,
557 3788 637 3841 ὅτι
667 3789 729 3841 ἐκ
752 3788 845 3842 τοῦ
878 3789 1082 3843 Πόντου
1116 3786 1256 3860 ἦσαν
1284 3794 1629 3863 Χριστιανοὶ.
1667 3795 1798 3865 όμο-

218 3877 420 3946 φύλους
436 3878 799 3951 ἐφόνευσαν,ἢ
827 3882 977 3945 ὀδοὺς
1000 3882 1344 3935 ὑπεδείκνυον
1374 3887 1482 3947 τοῖς
1505 3884 1797 3957 βαρϐάροις

214 3971 589 4041 ἀγνοουμένας
609 3973 853 4041 αύτοῖς,ἣ
883 3974 1057 4037 οἰκίας
1081 3974 1441 4039 λανθανούσας
1461 3976 1673 4041 αὐτούς’
1710 3972 1799 4030 οὗ·

214 4076 297 4116 τοι
332 4063 468 4135 μηδέ
495 4066 573 4127 εἰς
590 4064 848 4136 ἀκρόασιν
866 4067 1359 4137 παραδεχθήτωσαν
1382 4068 1789 4140 μετανοοῦντες

212 4154 499 4207 τουτέστιν
537 4154 641 4218 ἔξω
691 4155 964 4221 παντελῶς
1013 4158 1113 4227 τῆς
1150 4160 1443 4230 ἐκκλησίας
1497 4162 1797 4231 ἐστηκέτω-

216 4264 341 4309 σαν,
380 4248 437 4299 ἐν
470 4247 619 4317 τόπῳ
648 4247 844 4318 δηλαδὴ
875 4248 1324 4320 προσκλαιόντων,
1356 4252 1459 4314 ἕως
1486 4251 1551 4305 ἂν
1588 4254 1796 4325 σκοπήσ-

218 4355 389 4391 σωσιν
417 4340 467 4391 οἱ
492 4338 634 4407 ἅγιοι
663 4340 788 4410 περὶ
814 4340 992 4393 αὐτῶν
1010 4344 1160 4411 κοινῇ
1188 4342 1544 4406 συνελθόντες.
1583 4344 1792 4411 Ἀγίους

216 4429 275 4482 δὲ
305 4430 340 4500 ἢ
376 4430 499 4493 τοὺς
531 4432 858 4495 ἐπισκόπους
890 4433 1079 4497 καλεῖ,
1113 4434 1144 4503 ἢ
1184 4435 1309 4497 τοὺς
1348 4436 1570 4497 πιστοὺς
1614 4435 1797 4499 ἁπλῶς

220 4524 365 4578 κατά
396 4524 485 4577 τὸν
519 4525 689 4594 μέγαν
724 4526 1018 4579 ἀπόστολον
1050 4526 1279 4581 Παῦλον.
1320 4527 1391 4579 Τὸ
1419 4528 1495 4591 δὲ,
1529 4527 1641 4594 πρὸ
1692 4530 1794 4580 αὑ-

220 4617 341 4671 τῶν
362 4614 439 4681 τῷ
470 4617 615 4686 ἁγίῳ
642 4620 976 4687 Πνεύματι,.
1009 4622 1277 4690 ἐπήγαγε,
1311 4620 1524 4683 δεικνὺς
1543 4660 1557 4683 ,
1586 4622 1666 4674 ὅτι
1696 4623 1796 4676 ὅσα

224 4708 282 4759 ἐν
312 4712 465 4780 κοινῇ
504 4710 785 4780 διασκέψει
824 4712 1227 4783 οἱκονομοῦνται
1278 4712 1426 4782 παρά
1462 4714 1797 4775 ἐπισκόπωνὶ

221 4801 257 4871 ἢ
294 4804 385 4855 καὶ
415 4804 598 4865 ἁπλῶς
625 4803 731 4857 τῶν
756 4804 980 4867 πιστῶν,
1016 4805 1076 4856 τὸ
1097 4804 1246 4872 ἅγιον
1279 4804 1500 4875 Πνεῦμα
1545 4806 1797 4875 ὑποτίθη-

225 4910 310 4948 σιν
340 4895 479 4950 αὐτὰ
510 4898 621 4960 τοῖς
650 4898 776 4967 περὶ
809 4898 986 4951 αὐτῶν
1016 4896 1513 4967 διασκεπτομένοις.

840 5081 1078 5135 ΚΛΝΩΝ
1112 5083 1191 5135 Η’.

300 5188 322 5222 ι
361 5171 499 5243 Περὶ
527 5171 633 5225 τῶν
664 5173 829 5236 οἴκοις
868 5172 1164 5243 ἀλλοτρίοις
1207 5174 1451 5227 ἐπελθεῖν
1496 5174 1795 5245 τολμησάν-

226 5281 248 5315 ι
285 5279 395 5317 των
432 5266 488 5317 ἐν
520 5267 584 5335 τῇ
613 5264 720 5318 τῶν
752 5265 1039 5337 βαρϐάρων
1060 5266 1344 5337 ἐπιδρομῇ.
1375 5268 1512 5330 Τοὺς
1544 5267 1599 5319 δέ
1632 5266 1796 5329 οἴκοις

228 5375 250 5409 ι
289 5357 587 5429 ἀλλοτρίοις
619 5358 861 5411 ἐπελθεῖν
888 5358 1262 5429 τολμήσαντας
1286 5400 1300 5421 ,
1351 5359 1443 5413 ἐὰν
1489 5359 1586 5429 μὲν
1632 5377 1797 5429 κατη-

229 5467 249 5501 ι
292 5446 615 5522 γορηθέντες
647 5450 963 5520 ἐλεγχθῶσι,
993 5450 1126 5521 μηδὲ
1152 5451 1251 5521 τῆς
1278 5452 1592 5522 ἀκροάσεως
1633 5449 1796 5515 ἀξιῶ-

228 5558 250 5592 ι
292 5557 412 5593 σαιο
444 5540 537 5593 ἐὰν
581 5540 637 5594 δὲ
662 5541 860 5603 αὐτοὺς
894 5539 1147 5606 ἐξείπωσι
1182 5541 1273 5593 καὶ
1307 5541 1608 5605 ἀποδῶσιν,
1642 5544 1697 5595 ἐν
1731 5542 1796 5611 τῇ

232 5650 254 5684 ι
290 5632 399 5689 τῶν
426 5634 866 5707 ὕποστρεφόντων
895 5634 1043 5700 τάξει
1076 5635 1416 5690 ὑποπίπτειν.
1459 5654 1476 5687 ι

1972 3522 2173 3577 Zomn.
2214 3520 2535 3590 Quicunque
2580 3520 2835 3589 quidem,
2886 3518 3002 3583 ait,
3065 3516 3360 3587 aliquando
3411 3514 3467 3569 in

1902 3616 2212 3669 servitutem
2242 3612 2458 3666 abducti
2499 3628 2557 3666 se
2588 3611 2833 3665 barbaris
2866 3610 3246 3679 adiunxerunt,
3282 3614 3334 3662 et
3360 3620 3469 3661 una

1900 3718 2025 3756 cum
2061 3703 2128 3757 iis
2171 3700 2404 3771 grassati
2452 3712 2579 3755 sunt
2628 3716 2838 3755 morum
2888 3698 3190 3752 barbariem
3240 3696 3469 3751 induen-

1901 3804 1979 3847 tes
2003 3835 2017 3857 ,
2059 3806 2122 3846 ac
2151 3792 2297 3846 velut
2330 3790 2480 3845 obliti
2521 3806 2578 3845 se
2620 3806 2687 3844 et
2735 3788 2906 3844 Ponto
2930 3789 3271 3843 Christianos
3311 3802 3466 3854 esse,

1899 3900 1993 3939 eos
2031 3884 2123 3953 qui
2150 3882 2394 3951 eiusdem
2425 3889 2552 3936 sunt
2584 3882 2799 3950 generis
2828 3878 3178 3943 interfecere,
3226 3877 3313 3932 vel
3345 3878 3469 3932 bar-

1900 3976 2047 4030 baris
2083 3976 2292 4044 ignotas
2335 3982 2707 4027 monstravere
2750 3974 2883 4036 vias,
2920 3971 3179 4025 domosve
3218 3968 3353 4041 ipsis
3384 3984 3471 4023 oc-

1901 4066 2108 4129 cultas;
2154 4064 2209 4119 hi
2248 4082 2316 4119 ne
2353 4064 2419 4118 ad
2453 4064 2784 4119 auditionem
2817 4062 3036 4133 quidem
3070 4060 3425 4115 admittantnr
3451 4098 3466 4123 ,

1900 4158 2269 4227 paenitentiam
2314 4166 2568 4227 agentes;
2623 4158 2726 4211 hoc
2789 4164 2910 4218 est,
2969 4161 3121 4207 extra
3182 4150 3469 4205 ecclesiam

1901 4253 2127 4306 omnino
2156 4250 2489 4315 consistant,
2540 4249 2595 4302 in
2628 4249 2746 4303 loco
2771 4248 3019 4301 videlicet.
3056 4244 3299 4303 ﬂentium
3320 4283 3335 4307 ,
3374 4244 3470 4295 do-

1900 4359 1999 4398 nec
2023 4344 2077 4397 in
2106 4344 2382 4397 communi
2426 4348 2692 4395 conventu
2740 4338 2910 4394 sancti
2945 4336 3013 4392 de
3057 4336 3228 4406 ipsius
3265 4332 3471 4389 delibe-

1834 4453 1875 4505 υ
1901 4444 2040 4488 rent.
2093 4434 2323 4489 Sanctos
2359 4449 2519 4502 porro
2548 4443 2640 4487 aut
2673 4433 2958 4501 episcopos
2992 4438 3181 4491 vocat,
3215 4435 3309 4481 aut
3340 4426 3473 4480 sim-

1896 4526 2107 4596 pliciter
2170 4527 2392 4589 ﬁdeles,
2462 4524 2641 4594 magni
2705 4523 2858 4576 Pauli
2910 4522 3139 4591 apostoli
3200 4520 3472 4589 exemplo.

1900 4618 1990 4672 Illa
2035 4630 2213 4672 autem
2260 4618 2459 4679 verba,
2507 4630 2628 4669 ante
2674 4617 2814 4685 ipso:
2845 4616 3071 4685 Spiritui
3096 4628 3313 4679 sancto,
3349 4613 3469 4668 ideo

1899 4708 2176 4776 adiunxit,
2224 4716 2282 4761 ut
2325 4721 2661 4776 quaecunque
2710 4708 2765 4759 in
2820 4706 3097 4761 communi
3135 4705 3361 4765 consilio
3402 4702 3471 4756 ab

1899 4803 2188 4873 episcopis,
2221 4803 2299 4855 vel
2321 4802 2482 4855 etiam
2511 4817 2541 4854 a
2570 4800 2987 4869 quibuscunque
3012 4798 3257 4853 lidelibus
3280 4798 3471 4852 decer-

1902 4906 2124 4959 nuntur,
2155 4894 2416 4962 Spiritum
2441 4902 2688 4947 sanclum
2734 4908 2797 4945 ea
2819 4889 3243 4945 deliberantibus
3278 4903 3472 4958 sugge-

1901 4999 2022 5039 rere
2049 4983 2401 5047 demonstret.

2480 5070 2709 5128 CANON
2745 5070 2875 5125 VIII.

1977 5188 1995 5221 ι
2043 5169 2118 5225 De
2159 5170 2226 5223 iis
2259 5169 2351 5239 qui
2381 5168 2584 5222 alienas
2614 5168 2803 5221 domos
2827 5165 3091 5219 hostiliter
3119 5162 3324 5234 ingredi
3352 5162 3470 5216 ausi

1908 5276 1926 5309 ι
1974 5272 2103 5314 sunt
2151 5260 2204 5313 in
2255 5258 2611 5313 barbarorum
2647 5256 2974 5310 incursione.
3019 5252 3125 5309 Eos
3170 5263 3347 5307 autem
3378 5252 3473 5320 qui

1910 5370 1926 5401 ι
1974 5352 2180 5407 alienas
2216 5350 2406 5405 domos
2450 5347 2703 5401 invadere
2732 5344 2850 5399 ausi
2882 5344 3114 5410 fuerint,
3155 5344 3200 5399 si
3234 5342 3471 5397 accusati

1908 5461 1926 5493 ι
1974 5443 2192 5511 quidem
2234 5440 2469 5496 convicti
2522 5438 2757 5503 fuerint,
2824 5452 2924 5491 nec
2966 5436 3240 5491 auditione
3277 5436 3472 5505 dignos

1906 5553 1926 5586 ι
1973 5534 2301 5587 existimare.
2332 5531 2425 5586 Sin
2455 5540 2635 5585 autem
2674 5529 2963 5583 iudicarint
2994 5545 3051 5583 se
3084 5528 3229 5598 ipsos
3261 5544 3324 5581 ae
3353 5528 3473 5581 red-

1907 5647 1925 5679 ι
1972 5626 2245 5689 diderint,
2314 5626 2368 5680 in
2417 5640 2602 5680 eorum
2652 5624 2741 5693 qui
2793 5632 3177 5677 convertuntur
3228 5620 3471 5677 ordinem

1912 5741 1928 5774 |
1977 5721 2264 5777 substerni.
2299 5739 2315 5771 ι
