4028 6214
456 245 597 313 m3

1571 245 1626 302 S.
1669 241 1996 303 GliEGORll
2035 243 2537 302 THAUMA'IURGI

3541 247 3674 306 1044

523 370 682 426 Bau.
719 362 1013 434 Postquam
1052 372 1270 419 sanctus
1300 361 1476 418 fusius
1509 362 1816 418 tractaverit
1843 360 1912 416 de
1948 360 2016 416 iis

2186 360 2378 414 ΒΑΛΣ.
2410 361 2742 432 Παχυμερῶς
2771 358 3037 415 διαλαϐὼν
3057 362 3085 416 ὁ
3106 361 3256 431 ἅγιος
3289 362 3417 434 περὶ
3449 363 3557 417 τῶν
3583 366 3679 436 ἀρ-

451 463 546 534 qui
585 467 897 526 rapuerunt,
939 457 1019 511 vel
1063 454 1419 526 quorumdam
1449 455 1780 524 captivorum
1810 468 1897 508 res
1929 452 2014 506 in-

451 559 756 616 Venerunt,
808 548 950 618 quod
1013 547 1078 600 ad
1134 560 1414 613 poenarum
1468 543 1729 598 rationem
1777 542 2012 610 attinet;

450 658 598 700 nunc
623 655 844 724 quoque
869 638 1083 708 species
1101 635 1449 706 paenitentiae,
1479 635 1594 690 sive
1625 633 2017 689 ecclesiastica-

456 749 580 789 rum
620 735 900 802 pugnarpm
944 729 1132 799 incipit
1164 728 1364 782 dicere.
1414 726 1479 781 Et
1538 725 1721 781 statim
1771 724 2014 780 decernit

452 836 518 882 ut
559 841 659 880 nec
701 832 844 880 stent
873 837 994 876 cum
1030 820 1414 885 audientibus,
1463 820 1555 873 sed
1601 833 1724 871 cum
1774 815 2016 872 deflenti-

453 918 575 980 bus,
611 922 761 970 extra
792 912 1106 975 ecclesiam,
1149 911 1242 980 qui
1286 925 1398 964 rem
1446 910 1644 978 captivi
1678 917 2011 977 rapuerunt,

449 1016 509 1063 et
537 1022 655 1062 eam
683 1021 790 1061 non
833 1009 1204 1065 restituerunt,
1233 1002 1327 1056 sed
1357 1001 1755 1055 aceusatidneni
1798 1009 1852 1054 et
1889 1015 2016 1069 pro-

453 1099 724 1155 bationem
763 1105 1140 1166 esspectarunt
1184 1101 1400 1162 propter
1462 1091 1858 1144 infitiationem.
1909 1089 2016 1143 Eos

451 1194 632 1245 alitem
671 1190 764 1258 qui
805 1203 865 1242 se
909 1187 1056 1256 ipsos
1081 1185 1404 1248 detulerunt,
1435 1191 1489 1236 et
1524 1196 1624 1237 sua
1667 1190 1859 1250 sponte
1895 1196 2016 1249 qua:

449 1280 746 1344 abstulere,
786 1285 911 1334 ante
941 1277 1210 1331 actionem
1259 1274 1546 1340 dederunt,
1578 1273 1768 1327 statuit
1797 1281 1856 1326 ut
1887 1287 2016 1342 pro-

453 1381 574 1441 pter
597 1369 963 1440 pamitentiam
987 1375 1418 1436 comprecentur,
1449 1381 1545 1420 seu
1567 1367 1866 1420 consistant
1892 1380 2015 1419 cum

450 1460 732 1525 ﬁdelibus;
764 1459 1179 1514 substeruautur
1231 1465 1411 1510 autem
1457 1456 1598 1517 illis,
1645 1469 1710 1509 eo
1747 1455 1889 1524 quod
1921 1469 2014 1508 co-

453 1561 658 1623 guntur
697 1551 878 1621 egredi
913 1565 1036 1604 cum
1077 1548 1500 1605 catechumenis.
1544 1547 1622 1602 Ac
1666 1547 1748 1600 lex
1797 1545 2014 1615 quidem

451 1643 816 1699 ecclesiastica
851 1656 944 1696 eos
983 1640 1063 1695 sic
1093 1641 1268 1710 punit.
1312 1637 1422 1692 Lex
1459 1653 1588 1693 vero
1631 1637 1808 1694 civilis
1836 1645 2019 1705 rapto-

454 1751 545 1791 res
573 1733 715 1804 quod
738 1733 804 1788 ab
831 1732 964 1802 ipsis
995 1741 1206 1800 raptum
1239 1739 1321 1783 est
1345 1731 1505 1783 etiam
1536 1737 1657 1782 ante
1688 1728 2016 1782 condemna-

453 1828 658 1883 tionem
701 1827 1028 1890 offerentes,
1086 1838 1192 1876 non
1227 1821 1501 1886 admittit,
1550 1820 1642 1874 sed
1699 1819 2019 1874 condemnat

454 1918 513 1972 in
558 1917 937 1988 quadruplum.
1008 1915 1144 1968 Dicit
1185 1913 1329 1966 enim
1375 1927 1496 1981 cap.
1547 1911 1600 1974 6,
1660 1911 1726 1964 17
1780 1911 1900 1974 ιίι.,
1950 1925 2019 1963 ιι

454 2007 551 2062 lib.
583 2026 598 2062 :
632 2007 838 2076 Raptor
875 2021 1034 2076 poma
1067 2020 1171 2058 nou
1197 2004 1454 2057 liberatur
1485 2004 1751 2058 oblatione
1775 2005 1847 2058 rei
1894 2014 2020 2060 ante

447 2101 624 2155 litem.
683 2098 744 2153 Et
789 2098 964 2153 thema
1015 2097 1046 2148 7
1073 2135 1088 2160 ,
1133 2111 1250 2165 cap.
1290 2095 1328 2150 3
1370 2095 1610 2166 ejusdem
1675 2095 1765 2150 lib.
1799 2106 1853 2150 et
1883 2096 1962 2150 tit.
1999 2109 2016 2149 :

453 2190 596 2246 Intra
642 2206 843 2244 annum
897 2204 1083 2242 verum
1131 2187 1363 2257 pretium
1427 2187 1859 2258 quadruplatur,
1911 2202 2016 2242 non

450 2291 632 2336 autem
683 2282 736 2336 id
789 2281 932 2351 quod
996 2281 1239 2334 interest.
1305 2277 1460 2345 Quod
1505 2288 1684 2332 autem
1747 2279 1834 2333 hic
1888 2279 2020 2333 dicit

447 2388 674 2430 sanCtus
705 2371 772 2426 de
813 2372 880 2426 iis
921 2372 1015 2440 qui
1065 2383 1189 2425 ante
1225 2371 1730 2426 condemnationem
1772 2379 1826 2424 et
1859 2385 2020 2426 accu-

453 2464 714 2519 sationem
764 2479 876 2518 rem
915 2466 1236 2530 restituunt,
1279 2465 1364 2518 lex
1410 2464 1561 2535 jubet
1591 2465 1641 2518 id
1675 2464 1788 2519 fieri
1831 2463 1882 2518 in
1927 2481 2020 2520 eos

450 2555 547 2624 qui
606 2556 807 2626 aliquid
873 2572 939 2612 ex
1004 2558 1188 2628 aliquo
1253 2566 1399 2612 metu
1475 2568 1816 2628 acceperunt.
1883 2560 2022 2616 Dicit

448 2647 597 2701 enim
630 2646 664 2702 5
703 2648 917 2717 thema,
965 2649 1032 2704 l3
1073 2665 1216 2720 cap.,
1238 2649 1274 2704 2
1317 2651 1422 2719 tit.,
1446 2667 1480 2705 x
1525 2641 1654 2706 lib.:
1687 2651 1842 2707 Actio
1865 2653 2022 2721 cujus

454 2748 631 2792 metus
665 2756 860 2808 causa,
903 2751 986 2795 est
1012 2741 1219 2807 libera;
1253 2751 1306 2796 et
1343 2742 1466 2798 licet
1500 2743 1549 2798 ei
1577 2745 1835 2800 adversus
1860 2761 2021 2814 quem

452 2830 656 2902 agitur,
685 2831 751 2885 ad
785 2833 1103 2886 sententiam
1137 2848 1308 2902 usque
1334 2849 1447 2888 rem
1489 2835 1794 2896 restituere.
1827 2843 1882 2890 et
1911 2851 2018 2909 non

2117 452 2407 506 πασάντων
2434 453 2468 522 ἢ
2499 444 2807 523 εὑρηκότων
2840 451 3137 524 πράγματά
3162 469 3322 507 τινων
3349 454 3680 524 αἰχμαλωτι-

2116 543 2387 606 σθέντων,
2436 543 2554 596 ὅσον
2596 543 2733 607 τέως
2761 545 2840 607 εἰς
2879 544 2971 596 τὸν
2999 543 3153 611 λόγον
3208 544 3316 599 τῶν
3363 547 3676 617 ἐπιτιμίων·

2115 635 2241 708 ἄρτι
2269 633 2362 687 καὶ
2385 633 2452 688 τὰ
2486 634 2598 706 εῐδη
2637 635 2738 704 τῆς
2775 635 3058 706 μετανοίας
3092 637 3208 707 ἦτοι
3240 635 3351 691 τῶν
3393 638 3678 710 ἐκκλησια-

2116 725 2314 778 στικῶν
2346 726 2633 796 ἐπιτιμίων
2657 725 2880 797 ἄρχεται
2903 725 3098 796 λέγειν.
3141 728 3250 780 Kal.
3283 728 3476 782 αὐτίκα
3517 730 3687 801 διορί-

2119 817 2291 882 ζεται,
2345 816 2430 869 ἵνα
2490 815 2621 886 μηδὲ
2674 815 2812 886 μετά
2847 815 2954 869 τῶν
2988 817 3350 888 ἀκροωμένων
3399 819 3670 884 ἱστῶνται,

2115 907 2248 961 ἀλλά
2295 907 2431 979 μετά
2471 908 2579 962 τῶν
2621 908 3052 981 προσκλαιόντων
3107 909 3303 975 ἔξωθεν
3338 911 3438 982 τῆς
3485 914 3688 984 ἐκκλη-

2119 1001 2236 1064 σίας
2258 1041 2273 1065 ,
2292 1001 2340 1054 οί
2370 1001 2711 1071 ἁρπάσαντες
2735 999 2972 1054 τοιοῦτόν
2986 1018 3038 1054 τι
3065 1004 3294 1073 πρᾶγμα
3312 1003 3682 1073 αἰχμαλώτου,

2116 1093 2210 1146 καὶ
2243 1093 2316 1164 μὴ
2345 1092 2791 1164 ἀντιστρέψαντες
2806 1091 2956 1156 αὑτὸ,
2982 1092 3116 1146 ἀλλά
3131 1094 3518 1165 ἀναμείναντες
3534 1112 3682 1150 κατ-

2121 1184 2352 1256 ηγορίαν
2398 1185 2490 1238 καὶ
2515 1183 2731 1254 ἔλεγχον
2749 1183 2837 1237 διὰ
2863 1183 2960 1255 τὴν
3003 1185 3250 1257 ἄρνησιν.
3287 1187 3426 1251 Τοὺς
3465 1187 3520 1240 δέ
3549 1189 3689 1241 ἐαυ-

2114 1277 2238 1341 τοὺς
2269 1276 2760 1348 προσαγγείλαντας
2786 1279 2880 1330 καὶ
2904 1277 3091 1342 δόντας
3117 1277 3418 1343 καλοθελῶς
3437 1278 3539 1350 πρὸ
3555 1281 3691 1333 ἀνα·

2114 1365 2298 1434 γωγῆς
2332 1365 2367 1418 ἀ
2401 1365 2712 1433 ἀφείλοντο,
2753 1365 3045 1436 διορίζεται
3073 1367 3162 1420 διά
3193 1367 3288 1438 τὴν
3320 1369 3688 1439 μεταμέλειαν

2119 1453 2487 1524 συνεύχεσθαι,
2515 1455 2680 1524 ἤγουν
2709 1456 3088 1522 συνίστασθαι,
3127 1457 3265 1528 μετά
3293 1458 3401 1512 τῶν
3439 1460 3688 1514 πιστῶνο

2117 1546 2440 1598 ὑποπίπτειν
2467 1545 2524 1598 δὲ
2551 1545 2725 1598 αὑτῶν
2747 1545 2834 1599 διὰ
2860 1545 2921 1599 τὸ
2944 1548 3343 1616 ἀναγκάζεσθαι
3365 1550 3694 1623 ἐξέρχεσθαι

2121 1653 2256 1709 μετα
2283 1638 2389 1690 τῶν
2424 1637 2860 1708 κατηχουμένων.
2896 1640 3005 1692 Καὶ
3045 1643 3073 1693 ὁ
3097 1642 3195 1711 μὲν
3229 1642 3692 1714 ἐκκλησιαστικὸς

2118 1729 2280 1800 νόμος
2303 1729 2442 1784 οὑτω
2471 1729 2693 1792 τούτους
2721 1729 2935 1794 κολάζει
2954 1748 2966 1761 ·
2995 1732 3024 1784 ό
3051 1733 3108 1785 δέ
3137 1733 3407 1798 πολιτικὸς
3431 1737 3554 1800 τοὺς
3584 1737 3698 1808 ἆρ-

2117 1837 2296 1889 παγας
2325 1822 2416 1874 καὶ
2449 1822 2552 1893 πρὸ
2578 1822 2869 1894 καταδίκης
2901 1823 3270 1894 προσάγοντας
3297 1824 3357 1878 τὸ
3383 1826 3474 1881 ὑπ’
3499 1827 3696 1882 αὑτῶν

2119 1913 2363 1985 ἁρπαγέν
2392 1913 2452 1967 οὑ
2485 1913 2868 1984 προσδέχεται,
2918 1915 3030 1968 ἀλλ’
3078 1917 3158 1979 εἰς
3196 1916 3255 1968 τὸ
3289 1918 3696 1988 τετραπλάσιον

2117 2005 2480 2069 καταδικάζει.
2509 2006 2644 2074 Φησὶ
2671 2005 2777 2075 γὰρ
2801 2023 2926 2076 κεφ.
2953 2013 3027 2072 ς’,
3058 2007 3148 2060 τοῦ
3177 2008 3240 2073 ιζ’
3289 2008 3484 2072 τίτλου,
3518 2010 3617 2062 τοῦ
3640 2012 3690 2079 ξ’

2121 2098 2320 2170 βιϐλίου
2340 2116 2353 2129 ο
2397 2099 2454 2152 '0
2482 2098 2664 2171 ἀρπαξ
2695 2100 2793 2153 οὑκ
2820 2100 3216 2156 ἀπαλλάττεται
3231 2103 3330 2173 τῆς
3362 2103 3549 2174 ποινῆς
3575 2105 3696 2175 πρὸ

2117 2191 2214 2262 τῆς
2241 2191 2394 2262 δίκης
2422 2191 2710 2263 προσάγων
2750 2192 2813 2245 τὸ
2859 2195 3110 2264 πρᾶγμα.
3153 2196 3260 2248 Καὶ
3302 2195 3439 2266 θεμα
3487 2195 3550 2260 ζ’,
3586 2196 3694 2250 τοῦ

2121 2280 2164 2352 β’
2211 2283 2399 2350 κεφαλ.
2443 2280 2536 2334 τοῦ
2571 2281 2733 2336 αὑτοῦ
2761 2281 2963 2352 βιϐλίου
2980 2284 3074 2338 καὶ
3089 2284 3264 2338 τίτλου
3285 2302 3297 2314 ·
3325 2287 3467 2338 Εἵσω
3498 2288 3698 2340 ἐνιαυ-

2119 2372 2212 2426 τοῦ
2241 2373 2300 2426 τὸ
2332 2372 2526 2442 ἀληθὲς
2572 2371 2666 2426 τοῦ
2702 2374 3021 2445 πράγματος
3056 2375 3267 2446 τίμημα
3287 2377 3702 2448 τετραπλασιά-

2119 2464 2290 2532 ζεται,
2313 2465 2372 2520 οὑ
2399 2466 2503 2536 μὴν
2527 2464 2588 2518 τὸ
2614 2465 2889 2538 διαφέρον.
2919 2467 3092 2537 Ὅπερ
3111 2467 3166 2520 δέ
3194 2485 3359 2539 φησιν
3394 2468 3631 2523 ἐνταῦθα
3660 2473 3700 2524 ὁ

2123 2555 2274 2623 ἅγιος
2297 2554 2452 2628 χάριν
2490 2554 2598 2608 τῶν
2630 2553 2736 2626 πρὸ
2765 2554 3059 2627 καταδίκης
3089 2556 3185 2609 καὶ
3230 2556 3558 2627 κατηγορίας
3604 2557 3697 2610 δι·-

2119 2647 2312 2701 δόντων
2337 2647 2398 2702 τδ
2426 2647 2747 2718 ἀφαιρεθὲν,
2779 2646 2936 2701 τοῦτο
2972 2647 3000 2699 ὁ
3041 2647 3204 2718 νόμος
3251 2647 3696 2718 παρακελεύεται

2122 2737 2366 2806 γίνεσθαι
2392 2740 2471 2801 είς
2501 2739 2626 2802 τοὺς
2660 2737 2798 2793 κατά
2830 2739 2993 2808 φόϐον
3021 2737 3280 2802 λαϐόντας
3320 2757 3372 2792 τι
3411 2741 3474 2792 ἐκ
3515 2741 3694 2804 τινός.

2121 2831 2256 2904 Φησὶ
2285 2830 2393 2903 γὰρ
2416 2830 2476 2883 τὸ
2506 2835 2544 2883 ε’
2573 2829 2731 2900 θέμα,
2776 2829 2871 2882 τοῦ
2901 2836 2967 2898 ιγ’
3009 2829 3222 2898 κεφαλ.,
3259 2829 3354 2884 τοῦ
3395 2830 3434 2901 β’
3470 2830 3688 2894 τίτλου,

455 2927 585 2980 dare
633 2925 1016 2994 quadruplum.
1073 2925 1166 2978 Est
1229 2934 1408 2978 autem
1463 2933 1518 2978 et
1568 2924 1669 2979 alia
1721 2924 2019 2980 differentia

2122 2923 2215 2978 τοῦ
2247 2923 2470 2977 δεκάτου
2503 2923 2736 2993 βιϐλίον’
2799 2923 2864 2976 Ἦ
2901 2923 2988 2976 διὰ
3030 2924 3192 2993 φόϐον
3221 2923 3454 2988 αίτίασις
3487 2925 3694 2996 αἰρετὴ

453 3031 646 3069 eorum
677 3016 770 3085 qui
810 3017 861 3068 vi
918 3032 1004 3070 res
1052 3016 1327 3076 auferunt.
1375 3023 1430 3069 et
1473 3029 1662 3070 eorum
1694 3017 1786 3086 qui
1816 3016 2017 3086 aliquid

2122 3017 2268 3070 ἐστι·
2298 3016 2391 3070 καὶ
2417 3014 2592 3080 ἔξεστι
2615 3015 2691 3086 τῷ
2723 3014 3034 3087 ἐναγομὲνῳ
3066 3015 3225 3088 μέχρι
3255 3016 3431 3086 ψήφου
3471 3016 3698 3070 ἀποκα-

456 3106 530 3161 ab
553 3107 737 3176 aliquo
762 3116 905 3161 metu
934 3107 1224 3176 accipiunt.
1280 3107 1539 3174 Raptores
1584 3107 1724 3160 enim
1757 3123 1862 3162 una
1891 3123 2014 3163 cum

2122 3106 2379 3176 ταστῆσαι
2405 3105 2464 3157 τὸ
2490 3107 2736 3174 πρᾶγμα,
2767 3105 2860 3158 καὶ
2890 3105 2964 3174 μὴ
3007 3104 3188 3159 δοῦναι
3223 3106 3283 3158 τὸ
3327 3105 3691 3177 τετραπλοῦν.

455 3197 743 3265 quadrupli
769 3197 1122 3250 retributione
1145 3196 1303 3250 etiam
1329 3195 1686 3262 infamantur;
1720 3198 1812 3267 qui
1838 3207 2016 3253 autem

458 3296 660 3340 metum
703 3286 1020 3350 intulerunt,
1069 3286 1124 3339 in
1157 3286 1554 3340 existimatione
1599 3296 1804 3342 tantum
1844 3288 2018 3343 labem

455 3374 696 3444 aliquam
725 3378 1072 3432 contrahunt.

531 3655 728 3729 Zona.
761 3659 862 3726 Qui
885 3673 1011 3715 vero
1030 3660 1232 3715 alienas
1258 3659 1452 3715 domos
1483 3659 1795 3715 invaserunt
1827 3673 2023 3730 resque

458 3753 585 3808 inde
618 3755 948 3824 surripuere,
997 3754 1094 3820 illi,
1131 3754 1325 3825 inquit,
1357 3755 1403 3810 si
1431 3753 1648 3825 quidem
1675 3754 1912 3809 accusati
1957 3770 2023 3809 ac

459 3853 816 3914 pernegautes
858 3842 1087 3901 convicti
1130 3845 1349 3913 fuerint,
1380 3862 1504 3904 eum
1551 3846 1618 3900 iis
1659 3847 1861 3916 pariter
1886 3862 2024 3915 quos

458 3953 626 4008 supra
659 3937 897 3994 diximus
932 3941 1000 3994 ab
1038 3941 1314 3999 auditione
1347 3956 1564 4011 quoque
1601 3940 2022 4009 prohibeantur,

457 4030 700 4098 atquein
725 4031 965 4087 flentium
991 4033 1236 4087 ordinem
1268 4033 1606 4103 relegentur;
1637 4033 1720 4087 siu
1752 4043 1930 4088 autem
1967 4049 2026 4088 se

462 4121 614 4189 ipsos
640 4120 971 4189 detexeriut,
1010 4133 1106 4178 aut
1147 4133 1272 4178 ante
1314 4124 1712 4180 accusationem
1749 4125 2024 4180 occultum

458 4211 668 4266 crimen
698 4212 933 4268 confessi
963 4212 1183 4279 fuerint,
1210 4229 1404 4284 resque
1429 4215 1634 4270 ablatas
1663 4214 2021 4281 reddiderint,

459 4295 864 4376 constituantur
911 4304 964 4357 in
1011 4319 1198 4358 eorum
1229 4305 1417 4359 ordine
1449 4306 1540 4374 qui
1571 4320 1601 4358 a
1637 4307 1872 4374 peccato
1902 4321 2025 4360 con-

2121 3197 2277 3248 Ἔστι
2303 3195 2360 3248 δὲ
2382 3197 2476 3248 καὶ
2501 3195 2660 3266 ἑτέρα
2686 3193 2916 3268 διαφορά
2933 3197 3038 3249 τῶν
3061 3197 3242 3268 βιαίως
3269 3197 3696 3267 ἀφαιρουμένων

2121 3289 2415 3360 πράγματα
2438 3289 2528 3342 καὶ
2551 3289 2657 3340 τῶν
2697 3289 2836 3342 κατὰ
2867 3289 3028 3358 φόϐον
3061 3291 3435 3362 λαμϐανόντων
3477 3309 3526 3344 τι
3567 3293 3692 3345 ἀπό

2118 3395 2260 3443 τινος
2283 3396 2296 3410 °
2323 3380 2372 3432 οί
2403 3381 2498 3450 μὲν
2521 3380 2628 3450 γὰρ
2653 3380 2897 3452 ἅρπαγες
2941 3383 3037 3434 σὺν
3076 3385 3142 3453 τῇ
3177 3383 3428 3436 ἀποδόσει
3464 3381 3560 3435 τοῦ
3589 3401 3694 3437 τε-

2119 3469 2357 3540 τραπλοῦ
2395 3471 2488 3523 καὶ
2533 3471 2877 3542 ἀτιμοῦνται·
2923 3473 2971 3525 οἰ
3009 3472 3065 3526 δὲ
3111 3473 3270 3543 φόϐον
3294 3474 3691 3542 ἐπαγαγόντες,

2123 3559 2432 3615 σπιλοῦνται
2463 3562 2618 3633 μόνον
2645 3562 2784 3616 κατὰ
2808 3563 2903 3635 τὴν
2932 3563 3215 3634 ὑπόληψιν.

2193 3651 2435 3704 ΖΩΝΑΡ.
2464 3653 2531 3704 Οἵ
2556 3671 2698 3716 τινες
2725 3653 2780 3707 δὲ
2803 3653 3039 3724 ἐπῆλθον
3064 3654 3233 3718 οἴκοις
3256 3656 3549 3728 ἀλλοτρίοις
3592 3659 3698 3712 καὶ

2121 3743 2372 3814 ἥρπασαν
2399 3739 2602 3798 ἐκεῖθεν
2633 3746 2905 3816 χρήματα,
2945 3738 3108 3812 οὗτοι,
3141 3749 3322 3817 φησὶν,
3344 3750 3391 3801 εί
3411 3754 3528 3821 μὲν,
3547 3768 3692 3805 κατ-

2124 3833 2481 3905 ηγορηθέντες
2542 3835 2635 3889 καὶ
2675 3836 3025 3909 ἀρνούμενοι,
3079 3838 3442 3910 ἐλεγχθῶσιν,
3483 3843 3696 3912 ὁμοίως

2123 3929 2234 3991 τοῖς
2266 3929 2676 4000 προειρημένοις
2695 3931 2789 3984 καὶ
2816 3931 2915 4001 τῆς
2940 3931 3252 4004 ἀκροάσεως
3275 3934 3692 4000 κωλυέσθωσαν,

2124 4020 2217 4072 καὶ
2251 4020 2388 4090 μετά
2419 4021 2528 4074 τῶν
2556 4022 2988 4092 προσκλαιόντων
3013 4025 3382 4095 τετάχθωσαν·
3413 4028 3460 4079 εἰ
3482 4025 3538 4080 δέ
3566 4027 3696 4080 ἐαυ-

2123 4109 2251 4174 sub;
2281 4108 2587 4174 ἐξείπωσιν,
2674 4111 2777 4184 πρὸ
2808 4112 2900 4165 τοῦ
2945 4116 3385 4187 κατηγορηθῆναι
3433 4117 3699 4190 ὁμολογή-

2127 4216 2291 4254 σωσιν
2318 4200 2670 4272 ἀγνοούμενον
2692 4203 2752 4255 τὸ
2772 4205 3204 4275 ἁμάρτημα,καί
3224 4207 3465 4261 ἀποδοῖεν
3480 4208 3514 4262 ἀ
3535 4209 3699 4278 ἀφεί-

2123 4293 2292 4359 λοντο,
2320 4294 2558 4348 ἔστωσαν
2585 4296 2642 4350 ἐν
2674 4300 2785 4360 τοῖς
2811 4298 3239 4369 ὑποστρέφουσιν
3268 4300 3375 4354 ἀπὸ
3395 4302 3695 4373 ἁμαρτίας,

459 4399 767 4457 vertuntur,
811 4393 914 4448 boc
953 4402 1057 4460 est,
1099 4395 1286 4449 ordine
1329 4395 1747 4462 substratorum,
1775 4395 1867 4466 qui
1903 4411 2019 4450 cum

2130 4387 2371 4440 τουτέστι
2395 4389 2491 4460 τῆς
2527 4388 2729 4456 τάξεως
2751 4389 2858 4443 τῶν
2879 4391 3308 4454 ὑποπιπτόντων,
3333 4393 3524 4457 οἵτινες
3557 4395 3699 4447 ὑπο-

462 4481 713 4538 lidelibus
756 4485 970 4553 quidem
1004 4495 1290 4554 precantur
1323 4488 1578 4557 templum
1608 4489 1889 4552 intrantes,
1927 4501 2027 4543 cz:-

461 4583 640 4628 terum
663 4590 814 4630 more
838 4579 1350 4653 cateciiumenorum
1382 4579 1748 4650 egrediuntur.

1067 4670 1294 4726 CANON
1339 4672 1430 4728 IX.

543 4777 564 4812 ι
599 4759 672 4815 De
704 4759 770 4814 iis
794 4761 887 4830 qui
908 4762 963 4816 in
994 4777 1124 4832 agro
1154 4765 1238 4818 vel
1265 4765 1316 4820 iu
1340 4766 1544 4820 aedibus
1572 4766 1686 4820 suis
1727 4782 1812 4828 ea,
1843 4782 1964 4836 qua
1996 4781 2025 4818 a

468 4868 494 4905 ε
539 4851 787 4908 barbaris
816 4853 995 4908 relicta
1020 4865 1168 4919 sunt,
1209 4857 1549 4912 invenerunt.
1586 4857 1695 4912 Eos
1729 4869 1905 4911 autem
1934 4858 2026 4926 qui

471 4961 494 4996 ι
539 4944 594 4998 ἱη
630 4961 820 5015 campo
857 4947 1061 5016 aliquid
1111 4949 1452 5014 invenerunt,
1479 4952 1562 5004 vel
1605 4951 1658 5004 in
1687 4951 1802 5005 suis
1823 4951 2028 5005 aadibus

467 5056 492 5088 τ
540 5053 570 5090 a
601 5037 844 5096 barbaris
880 5041 1152 5105 relictum,
1186 5042 1233 5095 si
1265 5044 1503 5097 accusati
1533 5042 1750 5114 quidem
1798 5044 2026 5098 convicti

467 5149 492 5182 η
538 5130 758 5198 fuerint,
788 5134 897 5188 sint
921 5134 1172 5188 similiter
1197 5136 1337 5189 inter
1351 5149 1445 5190 eos
1467 5136 1558 5204 qui
1582 5135 2024 5201 substernuntur;

466 5244 492 5275 τ
538 5225 620 5279 sin
650 5236 829 5280 autem
859 5241 916 5282 se
939 5227 1086 5297 ipsos
1115 5225 1474 5282 detulerintet
1494 5226 1843 5291 reddiderint,
1867 5227 2027 5281 etiam

467 5333 492 5364 ι
539 5315 790 5383 precibus
815 5316 964 5387 digni
999 5315 1326 5370 habeantur.
1377 5335 1396 5367 ι

539 5402 697 5460 Βλιδ.
745 5403 957 5459 Dictum
996 5418 1083 5461 est
1130 5406 1379 5476 superius
1403 5406 1470 5461 de
1498 5407 1564 5462 iis
1601 5407 1694 5475 qui
1745 5406 1935 5460 dicunt
1972 5421 2030 5460 se

467 5491 740 5548 invenisse
754 5510 840 5550 res
851 5497 1190 5566 captivorum
1214 5497 1482 5568 neglectui
1505 5497 1741 5563 habitas,
1763 5507 1817 5552 et
1843 5511 2029 5552 earum

464 5581 572 5634 sibi
615 5585 995 5653 preprietatem
1022 5587 1350 5644 vindicasse.
1381 5587 1536 5645 Nunc
1583 5599 1760 5644 autem
1789 5589 2030 5644 decernit

464 5683 710 5741 sanctus,
733 5691 824 5730 eos
849 5679 940 5747 qui
961 5695 1047 5734 res
1081 5682 1418 5751 captivorum
1447 5681 1500 5735 in
1525 5681 1777 5737 domibus
1800 5681 2024 5735 invene-

2134 4479 2476 4551 συνεὺχονται
2510 4482 2606 4550 μὲν
2630 4485 2740 4544 τοῖς
2767 4485 2972 4545 πιστοῖς
3017 4485 3272 4550 εἰσιόντες
3300 4487 3378 4550 εἰς
3414 4485 3503 4538 τὸν
3540 4489 3697 4556 ναὸν,

2130 4573 2436 4646 ἐξέρχονται
2458 4574 2512 4627 δὲ
2542 4576 2616 4638 ὼς
2638 4577 2686 4628 οἱ
2720 4577 2952 4647 κατηχοὺ
2962 4594 3128 4648 μενοι.

2724 4670 2962 4723 ΚΛΝΩΝ
3014 4669 3088 4724 6’.

2203 4779 2223 4812 ι
2261 4761 2395 4832 Περὶ
2436 4761 2544 4814 τῶν
2589 4763 2647 4813 ἐν
2674 4760 2750 4832 τῷ
2795 4761 3021 4833 πεδίῳῆ
3070 4763 3127 4816 ἐν
3163 4765 3275 4826 τοῖς
3328 4763 3477 4826 ἰδίοις
3522 4765 3700 4828 οἴκοις

2134 4869 2152 4901 ι
2189 4851 2452 4923 εὑρόντων
2495 4852 2564 4906 τά
2613 4853 2717 4907 ὑπὸ
2767 4853 2873 4906 τῶν
2913 4854 3198 4926 βαρϐάρων
3245 4854 3692 4923 καταλειφθέντα.

2135 4962 2154 4994 ι
2190 4945 2327 5008 Τοὺς
2351 4945 2407 4998 δὲ
2452 4947 2508 4998 ἐν
2556 4947 2719 5018 πεδίῳ
2748 4947 3004 5018 εὑρόντας
3047 4965 3100 5000 τι
3143 4947 3176 5018 ἦ
3218 4948 3275 4998 ἐν
3318 4951 3436 5010 ταῖς
3482 4948 3696 5002 ἑαυτῶν

2135 5051 2152 5085 ι
2189 5035 2388 5098 οἰκίαις
2415 5036 2767 5104 καταλειφθὲν
2806 5037 2910 5090 ὑπὸ
2953 5037 3061 5090 τῶν
3102 5036 3420 5108 βαρϐάρων,
3449 5037 3544 5090 ἐάν
3594 5039 3696 5108 μὲν

2136 5143 2154 5174 ι
2192 5126 2656 5196 κατηγορηθέντες
2700 5126 3023 5197 ἐλεγχθῶσιν
3045 5167 3060 5192 ,
3088 5129 3289 5198 ὁμοίως
3317 5129 3375 5182 ἐν
3414 5131 3525 5192 τοῖς
3557 5128 3697 5182 ὑποα⁵

2136 5234 2154 5265 ι
2197 5216 2510 5268 πίπτουσιν
2543 5214 2638 5270 ἐὰν
2678 5216 2733 5270 δὲ
2764 5217 2988 5279 ἑαυτοὺς
3013 5217 3269 5284 ἐξείπωσι
3298 5218 3390 5270 καὶ
3414 5217 3693 5281 ἀποδῶσι,

2136 5328 2154 5359 ι
2193 5309 2285 5361 καὶ
2313 5308 2408 5378 τῆς
2438 5309 2602 5378 εὑχης
2628 5307 2874 5372 ἀξιῶσαι.
2909 5329 2926 5361 ι

2204 5401 2391 5454 ΒΑΛΣ.
2423 5401 2648 5470 Εἴρηται
2677 5399 2893 5454 ὄπισθεν
2921 5401 3048 5472 περί
3077 5399 3185 5454 τῶν
3225 5400 3484 5470 λεγόντων
3512 5399 3695 5470 εὑρεῖν

2128 5493 2494 5564 ἀνεπιμέλητα
2525 5491 2594 5546 τὰ
2623 5490 2730 5545 τῶν
2775 5492 3313 5563 αίχμαλωτισθὲντων
3368 5493 3692 5564 πράγματα,

2131 5587 2222 5639 καὶ
2250 5583 2561 5638 ίδιὼσασθαι
2591 5583 2746 5637 αὑτά.
2779 5585 2887 5638 Καὶ
2929 5583 3023 5636 νῦθ
3051 5585 3106 5638 δέ
3149 5585 3437 5656 διορίζεται
3478 5587 3507 5638 ὁ
3535 5586 3693 5652 ἅγιος

2131 5680 2254 5740 τοὺς
2285 5680 2342 5731 ἐν
2369 5679 2486 5739 ταῖς
2514 5677 2709 5740 οἰκίαις
2733 5675 2839 5728 τῶν
2867 5676 3402 5747 αἰχμαλωτισθέντων
3430 5675 3689 5748 εὑρόντας
