4028 6214
315 290 452 346 1045

1554 288 1886 343 EMSTOLA
1925 288 2291 343 (ZAXONICA.

3400 292 3534 347 lOiG

309 402 635 474 πράγματα,
654 402 731 465 ὡς
757 402 830 472 μὴ
865 400 1016 472 παρὰ
1042 401 1149 454 τῶν
1179 401 1466 474 βαρϐάρων
1496 402 1875 475 ἀφαιρεθέντα,

1983 413 2128 467 runt,
2153 412 2335 473 utpote.
2362 420 2467 456 non
2507 422 2535 455 a
2577 402 2819 456 barbaris
2847 402 3072 465 ablatas,
3102 404 3181 457 vel
3212 404 3263 456 in
3291 404 3390 457 viis
3442 407 3522 458 ab.

308 496 343 566 ἢ
375 495 467 549 καὶ
498 494 639 547 κατά
666 494 763 556 τὰς
809 493 959 557 ὀδοὺς
1001 494 1242 564 ῥιφέντα,
1278 495 1367 549 διὰ
1398 498 1460 550 τὸ
1492 498 1653 570 βάρος
1692 498 1871 567 τυχὸν,

308 586 790 648 ἀποκαθιστῶντας
820 586 918 656 μὲν
959 585 1314 657 εὐγνωμόνως
1357 588 1424 643 τὰ
1464 590 1770 661 εὐρεθέντα,
1798 592 1876 653 εἰς

307 681 400 733 τὸν
446 679 609 731 τόπον
656 679 904 732 ἵστασθαι
946 678 1037 732 τὸν
1073 680 1273 735 τέλειον
1308 681 1445 752 μετά
1482 683 1589 735 τῶν
1632 682 1871 735 πιστῶν·

309 775 358 825 εἰ
387 771 444 825 δὲ
472 770 929 834 καταδικασθῶσι,
957 771 1245 826 τάττεσθαι
1275 775 1371 827 σὺν
1399 778 1511 838 τοῖς
1545 775 1874 827 ὑποπίπτου-

309 880 418 925 σιν,
442 864 609 933 ῆγουν
634 862 950 933 ἐξέρχεσθαι
980 864 1116 933 μετά
1144 864 1252 917 τῶν
1284 866 1722 935 κατηχουμένων.
1748 864 1877 917 Τού-

308 973 419 1009 των
445 954 617 1019 οὕτως
660 955 891 1025 ἐχόντων
911 997 926 1022 ,
957 957 1099 1009 εἴποι
1141 974 1245 1022 τις,
1276 957 1351 1021 ὡς
1381 958 1442 1010 τὸ
1484 956 1625 1011 οὕτω
1660 957 1879 1022 κολάζε-

310 1048 439 1102 σθαι
476 1050 604 1111 τοὺς
639 1048 1004 1118 ἀναμένοντας
1055 1050 1354 1121 καταδίκην
1396 1051 1554 1121 χάριν
1597 1050 1876 1119 ἀντιστρο-

309 1142 419 1211 φῆς
464 1140 557 1193 τοῦ
583 1140 907 1211 εὑρέματος,
936 1140 1269 1194 δικαιότατόν
1323 1144 1469 1195 ἐστιν
1494 1182 1507 1205 ,
1560 1141 1639 1193 ὅτι
1688 1141 1779 1194 καὶ
1810 1143 1875 1211 τῇ

308 1232 444 1303 *περί⁵
482 1231 691 1301 κλοπῆς
722 1233 910 1303 ἀγωγῇ
944 1234 1249 1303 ἐνέχονται,
1284 1231 1424 1286 κατά
1469 1232 1560 1285 τὸν
1599 1232 1761 1302 νόμον
1788 1232 1878 1285 τὸν

308 1324 569 1393 λεγοντα·
632 1323 883 1396 Κλέπτης
941 1326 1088 1378 ἐστὶν
1140 1328 1169 1379 ὁ
1209 1325 1271 1378 τὸ
1314 1324 1591 1396 ἀλλότριον
1648 1327 1879 1398 πρᾶγμα

307 1415 576 1486 ψηλαφῶν
607 1415 758 1487 παρά
787 1414 1010 1487 γνώμην
1044 1416 1137 1469 τοῦ
1167 1416 1424 1471 δεσπότου
1467 1419 1524 1469 ἐν
1560 1417 1758 1487 εἰδήσει
1786 1417 1877 1470 τοῦ

308 1508 551 1578 λυπῆσαι
593 1508 775 1561 αὐτόν.
813 1508 886 1560 Τὸ
915 1508 973 1561 δὲ
1016 1508 1363 1562 συνίστασθαι
1394 1511 1505 1572 τοῖς
1527 1512 1757 1571 πιστοῖς,
1789 1510 1879 1561 καὶ

311 1602 476 1672 μόνον
513 1601 585 1672 μὴ
631 1600 909 1665 ἀξιοῦσθαι
947 1602 1003 1655 δὲ
1046 1601 1154 1655 τῶν
1204 1602 1559 1672 ἀγιασμάτων
1595 1602 1684 1655 τὸν
1715 1619 1879 1673 προσ-

308 1694 640 1762 αγγείλαντα
666 1693 857 1746 ἑαυτὸν
876 1695 969 1746 καὶ
997 1694 1349 1764 εὐγνωμόνως
1375 1694 1534 1749 δόντα
1561 1695 1622 1747 τὸ
1652 1695 1875 1765 εὕρεμα,

308 1786 498 1840 καινόν
532 1788 710 1840 ἐστιν·
740 1784 886 1849 ἄξιος
920 1785 1028 1857 γὰρ
1076 1786 1271 1855 μᾶλλον
1310 1786 1672 1857 Εὐχαριστίας
1711 1787 1874 1851 ἐστὶν,

307 1880 387 1942 ὼς
432 1878 493 1932 τδ
524 1880 755 1949 πρᾶγμα
807 1877 901 1931 τοῦ
950 1878 1471 1949 αἰχμαλωτισθέντος
1498 1878 1736 1947 φυλάξας
1787 1880 1881 1931 καὶ

308 1970 771 2039 ἀποκαταστήσας
799 1968 951 2022 αὐτό.
987 1968 1077 2022 Διὸ
1106 1968 1197 2022 καὶ
1230 1969 1446 2037 λέγουσί
1471 1988 1618 2033 τινες
1653 1970 1877 2022 συνέπε-

312 2062 436 2115 σθαι
472 2064 538 2133 τῇ
577 2062 714 2132 μετά
762 2060 869 2114 τῶν
914 2062 1118 2113 πιστῶν
1163 2062 1448 2125 συστάσει,
1496 2063 1589 2116 καὶ
1634 2061 1731 2132 τὴν
1776 2062 1881 2115 τῶν

310 2153 668 2224 ἀγιασμάτων
705 2152 916 2223 μέθεξιν
950 2153 1259 2225 σιωπηρῶς.

382 2247 626 2299 ΖΩΝΑΡ.
676 2247 739 2298 Οἰ
774 2245 1064 2317 βάρϐαροι,
1111 2245 1491 2315 λεηλατοῦντες
1532 2246 1630 2317 τὴν
1676 2245 1878 2319 χώραν,

310 2338 556 2409 ⁴⁶ἕλρπαζον
613 2339 939 2409 πράγματα’
992 2340 1085 2392 καὶ
1140 2339 1171 2409 ἢ
1221 2339 1493 2409 κρείττοσι
1542 2340 1677 2409 μετά
1714 2342 1881 2394 ταῦτα

311 2430 751 2501 ἐντυγχάνοντες,
781 2432 813 2502 ἢ
843 2432 928 2485 διὰ
960 2431 1124 2503 βάρος
1155 2432 1229 2503 μὴ
1257 2432 1537 2502 δυνάμενοι
1568 2433 1755 2506 φέρειν
1784 2435 1881 2487 ὅσα

308 2524 587 2592 ἥρπασαν,
620 2522 691 2575 τὰ
725 2524 819 2594 μὲν
864 2518 921 2576 ἐν
949 2524 1026 2594 τῷ
1058 2524 1222 2595 πεδίῳ
1267 2523 1552 2595 ἔρριπτον,
1590 2526 1660 2579 τὰ
1688 2527 1743 2580 δὲ
1790 2529 1882 2580 καὶ

310 2614 371 2666 ἐν
411 2615 609 2676 οἰκίαις
656 2615 854 2679 τινῶν,
901 2617 959 2667 ἐν
1005 2610 1093 2678 αἷς
1145 2615 1273 2680 ἴσως
1318 2618 1569 2672 καλλίονα
1610 2617 1878 2689 εῦρισκον.

314 2706 471 2759 Ὅσοι
518 2707 681 2775 γοῦν,
736 2708 931 2776 φησὶν,
977 2703 1130 2779 εὗρόν
1174 2726 1295 2764 τινα
1340 2713 1397 2764 ἐν
1434 2712 1512 2781 τῷ
1562 2711 1725 2781 πεδίῳ
1760 2712 1791 2781 ἦ
1827 2713 1882 2763 ἐν

313 2801 436 2861 ταῖς
468 2799 676 2851 ἑαυτῶν
728 2799 963 2863 οἰκίαις,
1014 2794 1192 2865 οὗτοι,
1221 2804 1271 2854 εἰ
1327 2803 1421 2872 μὲν
1468 2802 1882 2874 κατηγορηθῶσι

319 2892 415 2942 καὶ
446 2890 757 2961 ἐλεγχθῶσι,
799 2892 1175 2946 ταττέσθωσαν
1217 2897 1273 2947 ὲν
1303 2898 1414 2958 τοῖς
1456 2894 1877 2948 ὑποπίπτουσιν·

314 2982 415 3034 ἐὰν
467 2982 523 3035 δὲ
578 2983 803 3046 ἑαυτοὺς
852 2984 1321 3054 προσαγγείλωσι,
1379 2987 1472 3039 καὶ
1523 2986 1791 3039 ἀποδῶσιν
1849 2984 1884 3038 ἆ

1973 495 2161 564 jectas,
2186 496 2413 550 fortasse
2429 505 2642 564 propter
2658 495 2888 565 pondus,
2908 496 3153 551 inventas
3168 496 3382 564 quidem
3397 497 3532 550 bona

1977 590 2081 643 lide
2107 588 2473 652 restituentes,
2505 588 2555 640 in
2586 586 2821 656 perferto
2840 586 3003 655 gradu
3029 597 3171 642 stare
3205 588 3533 643 deberecum

1978 678 2245 733 fidelibus.
2274 680 2368 731 Sin
2396 688 2574 731 autem
2608 678 2953 732 condemnati
3014 678 3235 744 fuerint,
3284 679 3538 734 collocari

1978 786 2100 826 cum
2134 772 2200 824 iis
2232 772 2325 839 qui
2344 772 2784 835 substernuntur,
2811 772 3014 826 scilicet
3038 773 3218 840 egredi
3240 788 3363 827 cum
3388 783 3537 831 eate-

1978 862 2283 916 chumenis.
2302 860 2425 915 Haec
2438 876 2561 915 eum
2585 862 2655 916 ita
2679 878 2734 917 se
2758 862 3013 927 habeant,
3035 863 3232 916 dixerit
3248 865 3535 933 quispiam,

1978 974 2071 1012 eos
2105 958 2184 1011 sic
2213 958 2410 1026 puniri,
2440 958 2531 1027 qui
2566 974 2663 1027 pro
2692 974 2748 1012 re
2778 957 2992 1013 inventa
3027 959 3355 1013 restituenda
3409 975 3539 1014 con-

1979 1049 2377 1105 demnationem
2421 1059 2760 1119 exspectant,
2804 1065 2923 1103 esse
2953 1050 3317 1119 justissimum
3343 1093 3359 1113 ,
3395 1069 3537 1122 quo-

1980 1142 2127 1195 niam
2158 1139 2286 1194 furti
2316 1156 2531 1210 quoque
2562 1140 2775 1195 actione
2805 1151 3089 1208 tenentur,
3120 1141 3418 1199 secundum
3454 1144 3537 1198 le-

1980 1248 2121 1303 gem,
2150 1248 2269 1301 qua:
2301 1232 2429 1286 dicit
2454 1250 2466 1285 :
2495 1230 2605 1285 Fur
2629 1241 2711 1285 est
2732 1232 2824 1301 qui
2855 1249 2963 1287 rem
2989 1232 3221 1289 alienam
3242 1242 3539 1289 contrectat

1980 1333 2173 1392 praeter
2202 1323 2405 1377 domini
2436 1322 2789 1386 voluntatem,
2835 1328 3012 1379 sciens
3033 1325 3085 1379 id
3123 1325 3201 1380 illi
3250 1326 3536 1381 moleStnm

1980 1431 2118 1469 esse.
2149 1416 2285 1469 Cum
2314 1415 2560 1469 ﬁdelibus
2582 1426 2758 1469 autem
2786 1417 3106 1480 consistere,
3133 1426 3189 1471 et
3222 1432 3536 1473 sacramen-

1984 1506 2049 1560 tis
2104 1515 2311 1560 tantum
2337 1520 2442 1558 non
2476 1505 2685 1574 dignari
2712 1521 2834 1558 eum
2863 1508 2953 1574 qui
2984 1521 3041 1561 se
3067 1507 3241 1576 ipsum
3265 1508 3535 1571 detulerit,

1981 1608 2031 1651 et
2056 1599 2219 1667 probe
2238 1612 2347 1651 rem
2377 1598 2647 1650 inventam
2672 1596 2897 1656 dederit,
2926 1614 3123 1652 novum
3148 1610 3261 1664 est;
3292 1610 3374 1655 est
3394 1602 3535 1655 enim

1982 1690 2162 1757 potius
2194 1686 2531 1743 Encharistia
2556 1688 2771 1758 dignus.
2797 1699 2849 1742 ut
2873 1690 2962 1759 qui
2992 1705 3102 1745 rem
3133 1692 3328 1759 captivi
3357 1708 3539 1746 serva-

1982 1781 2138 1842 verit,
2170 1789 2225 1835 et
2254 1783 2423 1848 ipsam
2448 1782 2765 1835 restituerit.
2807 1780 2873 1835 Et
2916 1782 3036 1837 ideo
3056 1782 3243 1837 dicunt
3269 1785 3536 1847 nonnulli,

1982 1888 2107 1925 cum
2132 1872 2376 1927 lidelibus
2400 1873 2827 1937 consistentiam,
2844 1884 3308 1931 sacramentorum
3327 1892 3539 1947 quoque

1983 1967 2443 2037 participationem
2475 1969 2637 2021 tacite
2672 1972 2949 2039 consequi.

2055 2242 2249 2298 Zoma.
2286 2242 2533 2306 Barbari,
2560 2260 2680 2298 cum
2737 2245 3188 2313 depopularentur
3236 2244 3540 2315 regionem,

1984 2354 2071 2391 res
2104 2337 2365 2405 quasdam
2424 2348 2756 2407 rapuerunt;
2817 2353 3049 2406 moxque
3103 2337 3184 2391 vel
3210 2337 3351 2391 obvii
3414 2336 3540 2392 facti

1984 2430 2325 2494 melioribus,
2351 2431 2433 2484 vel
2458 2432 2663 2500 gravati
2691 2432 2945 2501 pondere,
2963 2448 3083 2486 cum
3108 2446 3228 2500 quae
3252 2440 3543 2499 rapnemnt

1985 2522 2127 2577 ferre
2154 2523 2375 2576 minime
2412 2532 2656 2592 possent,
2689 2523 2885 2592 partim
2914 2539 3009 2592 per
3035 2538 3252 2591 campos
3274 2522 3536 2591 abjecere,

1983 2610 2179 2678 partim
2234 2610 2288 2663 in
2321 2610 2628 2680 aliquorum
2687 2613 2912 2673 mdibus,
2967 2612 3017 2665 in
3070 2611 3268 2681 quibus
3317 2612 3539 2667 meliora

1984 2700 2117 2754 forte
2146 2711 2474 2770 repererant,
2503 2702 2821 2770 deposuere.
2878 2702 3196 2772 Quicunque
3233 2704 3414 2773 igitur,
3452 2704 3537 2757 in-

1983 2792 2119 2862 quit,
2149 2802 2240 2847 aut
2270 2792 2323 2845 in
2347 2793 2554 2862 eampis
2585 2803 2679 2847 aut
2723 2795 2775 2848 in
2813 2795 2927 2849 suis
2975 2794 3221 2849 domibus
3242 2796 3424 2861 aliqua
3454 2795 3537 2848 in-

1983 2886 2357 2949 venerunt,illi
2383 2887 2425 2939 si
2462 2887 2680 2955 quidem
2712 2887 2948 2941 accusati
2976 2896 3028 2940 et
3059 2887 3286 2942 convicti
3318 2885 3537 2949 fuerint,

1984 2977 2123 3028 inter
2142 2990 2235 3029 cos
2258 2976 2349 3045 qui
2370 2976 2793 3031 substernnntnr
2817 2979 2992 3032 locum
3015 2979 3298 3047 accipiant.
3329 2978 3386 3033 Si
3410 2994 3539 3033 vero

313 3067 511 3145 εὖρον,
561 3076 785 3145 καὶτῆς
832 3077 995 3147 εὐχῆς
1043 3077 1445 3144 ἀξιούσθωσαν·
1505 3079 1669 3149 ἤγουν
1721 3078 1880 3149 μέχρι

1985 3082 2041 3120 se
2074 3067 2221 3135 ipsos
2250 3067 2561 3132 detulerint,
2586 3084 2647 3121 ac
2670 3083 2731 3121 ea
2766 3086 2885 3137 qua!
2910 3070 3160 3123 invenere
3190 3069 3538 3135 reddiderint,

312 3167 504 3230 τέλους
561 3168 662 3236 τῆς
736 3168 901 3237 εὐχῆς
956 3170 1429 3239 συνεπηκέτωσαν
1478 3172 1589 3233 τοῖς
1636 3172 1880 3232 πιστοῖς,

319 3259 488 3329 μόνης
547 3260 648 3328 τῆς
696 3260 857 3327 ἁγίας
924 3260 1272 3331 μεταλήψεως
1316 3262 1669 3333 κωλυόμενον
1718 3262 1883 3331 ῆγουν

319 3352 513 3422 μέχρις
542 3352 607 3405 ἂν
641 3353 925 3423 μετάνοιαν
958 3353 1349 3420 ἐπιδείξωνται,
1374 3355 1468 3409 καὶ
1488 3354 1690 3425 ταύτης
1720 3353 1883 3420 ἀξιω-

317 3443 476 3498 θῶσι.

934 3608 1171 3659 ΚΑΝΩΝ
1211 3610 1267 3660 l'.

395 3716 414 3747 ι
455 3697 594 3760 Τοὺς
624 3696 681 3749 δὲ
730 3698 827 3769 τὴν
867 3699 1083 3770 ἐντολὴν
1123 3697 1461 3769 πληροῦντας
1502 3698 1655 3760 ἐκτὸς
1703 3697 1882 3768 πάσης

324 3807 344 3840 ι
383 3789 825 3860 αἰσχροκερδείας
855 3791 1092 3861 πληροῦν
1119 3792 1219 3853 δεῖ,
1252 3792 1387 3862 μήτε
1435 3793 1675 3863 μήνυτρα
1706 3792 1737 3862 ἢ
1773 3792 1881 3843 σῶ-

324 3901 344 3932 ι
384 3898 551 3951 στρα,
581 3880 613 3952 ἢ
644 3880 910 3953 εῦρετρα,
945 3883 977 3953 ἢ
1028 3877 1071 3951 ᾧ
1111 3882 1331 3954 ὀνόματι
1378 3882 1548 3935 ταῦτα
1597 3882 1881 3950 καλοῦσιν,

328 3992 345 4023 ι
386 3973 768 4037 ἀπαιτοῦντας.
798 3993 816 4024 ι

390 4065 584 4118 ΒΑΛΣ.
618 4065 1037 4135 Ἀποδεξάμενος
1059 4063 1155 4135 τὴν
1182 4062 1562 4132 ἀγαθοθέλειαν
1583 4062 1690 4115 τῶν
1722 4080 1885 4134 προσ-

318 4156 687 4225 αγγειλάντων
743 4160 967 4221 ἑαυτοὺς
1024 4158 1119 4209 καὶ
1174 4156 1476 4209 ἀποδόντων
1534 4155 1887 4226 εὐγνωμόνως

316 4251 379 4302 τὸ
413 4249 656 4321 εὕρεμα,
689 4249 1040 4323 προστίθησιν
1086 4248 1115 4300 ὁ
1159 4248 1352 4316 ἅγιος,
1395 4247 1501 4312 ῶς,
1548 4250 1595 4300 εἰ
1644 4247 1885 4301 θέλουσιν

317 4339 465 4397 οὗτοι
511 4344 819 4414 λογισθῆναι
867 4343 1148 4415 πληρωταὶ
1183 4342 1282 4412 τῆς
1326 4341 1544 4413 ἐντολῆς
1596 4341 1687 4394 τοῦ
1728 4342 1882 4407 Θεου,

1986 3158 2299 3227 precatione
2329 3174 2545 3227 quoque
2567 3160 2714 3229 digni
2747 3160 3047 3213 habeantur
3077 3180 3088 3213 :
3126 3160 3227 3214 hoc
3251 3170 3352 3223 est,
3381 3161 3445 3213 ad
3474 3162 3538 3214 ll-

1986 3264 2109 3303 nem
2134 3265 2305 3318 usque
2332 3250 2664 3319 precationis
2694 3268 2816 3305 cum
2849 3251 3095 3306 fidelibus
3121 3253 3444 3318 consistant,
3478 3267 3539 3305 ac

1986 3355 2015 3391 a
2052 3348 2236 3393 sancta
2272 3339 2655 3393 communione
2703 3340 3080 3393 tantummodo
3107 3348 3427 3403 arceantur;
3455 3338 3538 3389 vi-

1984 3429 2174 3483 delicet
2217 3429 2517 3497 usquedum
2554 3430 2925 3498 plenitentiam
2972 3431 3407 3497 ostenderint,et
3438 3428 3541 3483 hac

1986 3536 2201 3588 quoque
2226 3521 2372 3590 digni
2405 3521 2803 3575 existimentur.

2596 3610 2822 3665 CANON
2856 3612 2923 3665 Χ.

2061 3722 2079 3754 ι
2126 3703 2231 3758 Eos
2260 3711 2439 3757 autem
2472 3702 2564 3771 qui
2595 3713 2815 3758 servant
2840 3702 3111 3769 mandata,
3160 3704 3362 3772 alisque
3394 3702 3541 3755 omni

1989 3813 2007 3845 ι
2052 3794 2195 3864 turpi
2245 3794 2399 3848 lucro
2427 3808 2644 3847 servare
2672 3804 2916 3862 oportet;
2972 3809 3069 3849 nec
3101 3794 3281 3847 indicii
3317 3793 3397 3845 vel
3441 3808 3541 3847 cu-

1990 3904 2007 3936 ι
2048 3885 2257 3951 διοιίἰαξ,
2297 3884 2381 3938 vel
2423 3882 2751 3938 inventionis
2780 3884 3033 3953 pretium,
3081 3885 3162 3937 vel
3219 3898 3544 3954 quocunque

1989 3995 2011 4030 ι
2056 3977 2275 4030 nomine
2304 3976 2408 4030 hoc
2446 3974 2734 4044 appellant,
2765 3975 3058 4044 exigentes.
3103 3993 3121 4025 ι

2056 4068 2216 4123 ltus.
2242 4068 2377 4122 Cum
2419 4066 2729 4120 admisisset
2761 4074 2981 4120 sanctus
3004 4066 3200 4118 bonam
3233 4078 3421 4118 eorum
3449 4079 3544 4119 vo-

1986 4158 2270 4223 luntatem,
2293 4158 2384 4227 qui
2417 4172 2475 4211 se
2504 4155 2655 4225 ipsos
2678 4156 2988 4210 detulerunt
3032 4164 3083 4208 et
3140 4154 3418 4208 inventum
3446 4154 3540 4209 be-

1986 4251 2177 4307 nevole
2198 4250 2571 4309 reddiderunt,
2593 4248 2797 4317 adjicit,
2816 4248 2959 4317 quod
2984 4248 3027 4302 si
3056 4247 3093 4301 ii
3119 4245 3280 4298 velint
3308 4244 3544 4299 mandati

1990 4343 2080 4397 Dei
2107 4344 2484 4398 observatores
2507 4340 2701 4405 videri,
2732 4342 2929 4395 debent
2953 4340 3155 4409 absque
3185 4338 3387 4409 quovis
3405 4336 3545 4405 turpi

318 4436 593 4503 ὀφείλουσι
653 4436 821 4507 χωρὶς
866 4433 1091 4506 αἰσχροῦ
1140 4433 1363 4504 κέρδους
1398 4432 1508 4485 οἴου
1531 4433 1593 4504 δή
1617 4449 1757 4496 τινος
1787 4432 1880 4502 τὴν

1989 4435 2143 4489 lucro
2171 4451 2284 4489 rem
2322 4435 2593 4489 inventam
2627 4434 2868 4489 reddere.
2910 4432 3196 4487 Detinitum
3233 4440 3410 4485 autem
3441 4438 3544 4493 est,

320 4527 573 4581 ἀπόδοσιν
603 4525 696 4578 τοῦ
732 4526 1029 4597 εὐρέματος
1060 4527 1251 4576 ποιεῖν.
1291 4523 1505 4594 Ὠρίσθη
1536 4524 1591 4576 δὲ
1615 4523 1690 4594 μὴ
1723 4524 1888 4576 ἀπαι-

316 4619 529 4673 τεῖσθαι
578 4617 728 4689 παρά
782 4615 875 4669 τοῦ
932 4617 1222 4688 εὑρηκότος
1273 4616 1337 4667 ἐκ
1399 4614 1492 4666 τοῦ
1554 4614 1747 4687 μέρους
1792 4614 1886 4667 τοῦ

319 4707 669 4778 αἰχμαλώτου
706 4710 951 4779 μήνυτρα
994 4708 1027 4777 ῆ
1062 4708 1278 4779 σῶστρα
1307 4708 1339 4777 ἦ
1370 4706 1599 4777 εῦρετρα
1623 4746 1638 4769 ,
1686 4706 1717 4777 ἦ
1761 4708 1888 4761 ἄλλο

316 4818 393 4861 τι,
421 4799 508 4853 διὰ
533 4800 595 4853 τὸ
631 4800 705 4870 μὴ
737 4800 795 4865 ἐξ
829 4800 1087 4870 ἀμελείας
1125 4800 1234 4851 τῶν
1275 4797 1547 4854 δεσποτῶν
1594 4799 1625 4868 ἢ
1670 4799 1765 4854 καὶ
1791 4818 1885 4853 τυ-

319 4895 488 4965 χαίως
514 4892 763 4961 γενέσθαι
790 4892 887 4962 τὴν
909 4890 1202 4955 ἀπώλειαν,
1226 4890 1361 4944 ἀλλὰ
1388 4892 1496 4943 άπὸ
1517 4893 1889 4963 περιστάσεως

322 4986 564 5057 μεγάλης
603 4986 697 5038 καὶ
740 4985 1040 5055 ἐπιδρομῆς
1084 4985 1438 5057 βαρϐαρικῆς.
1471 4988 1533 5039 Οἱ
1575 4986 1683 5058 γάρ
1725 4987 1889 5059 εὑρη-

320 5079 477 5142 κότες
508 5079 807 5149 πράγματα
837 5077 897 5142 ἐξ
926 5079 1180 5147 ἀμελείας
1213 5079 1319 5131 τῶν
1354 5079 1622 5132 δεσπστῶν
1655 5078 1687 5150 ἦ
1720 5079 1887 5150 τύχης

320 5172 706 5233 ἀπηλεσθέντα,
738 5172 831 5225 καὶ
854 5171 1324 5237 ἀποκαθιστῶντες
1353 5172 1544 5236 ταῦτα,
1570 5173 1887 5225 ἀπαιτοῦσιν

318 5264 572 5335 εῦρετρα,
606 5263 787 5328 καθὼς
818 5263 977 5317 τοῦτο
1004 5264 1348 5333 ἀναφαίνεται
1390 5266 1497 5318 ἀπὸ
1522 5264 1631 5317 τῶν
1667 5264 1887 5318 ὄπισθεν

318 5355 813 5426 καταστρωθέντων
846 5354 1047 5424 νόμων.

389 5449 632 5500 ΖΩΝΑΡ.
702 5448 825 5511 Τοῖς
882 5447 1199 5518 ὁμολογοῦσι
1249 5448 1310 5501 τὸ
1360 5448 1568 5519 εῦρεμα
1616 5450 1675 5501 τὸ
1735 5447 1885 5501 ἀλλό-

314 5557 467 5609 τριον
522 5538 632 5609 (54)
684 5540 1220 5610 συγγνωμονέστερον
1274 5538 1601 5593 διατίθεσθαι
1652 5540 1681 5591 ὁ
1735 5538 1887 5609 ἆγιος

388 5700 503 5771 (34)
547 5702 616 5755 Τὸ
651 5701 993 5768 ἀλλότριον.
1025 5699 1211 5755 Scribe
1243 5700 1349 5753 τῶν
1379 5700 1684 5771 ἀλλοτρίων.

1987 4542 2093 4580 non
2128 4528 2342 4598 exigere
2366 4538 2615 4597 oportere
2644 4543 2765 4581 eum
2798 4526 2891 4595 qui
2937 4525 3162 4587 invenit,
3212 4526 3279 4579 ab
3336 4540 3400 4578 eo
3453 4523 3545 4592 qui

1988 4618 2232 4687 captivus
2270 4617 2393 4684 fuit,
2418 4620 2498 4672 vel
2525 4617 2730 4683 indicii,
2761 4617 2838 4670 vel
2866 4616 3146 4682 custodiae,
3176 4616 3254 4669 vcl
3284 4614 3547 4668 inventio-

1989 4711 2073 4763 nis
2095 4710 2348 4777 pretium,
2382 4710 2462 4763 vel
2494 4710 2696 4778 aliquid
2720 4709 2895 4771 aliud;
2937 4726 3001 4761 eo
3035 4709 3181 4777 quod
3208 4725 3312 4761 non
3351 4724 3414 4761 ex
3452 4722 3545 4760 ne-

1988 4802 2246 4871 gligentia
2274 4802 2645 4865 dominorum,
2673 4801 2755 4855 vel
2775 4801 2936 4854 etiam
2978 4800 3197 4853 fortuito
3234 4815 3318 4853 res
3346 4800 3542 4852 amissa

1989 4894 2081 4957 sit,
2112 4892 2205 4946 sed
2252 4908 2443 4961 magna
2475 4894 2782 4946 calamitate
2812 4899 2865 4944 et
2895 4890 3177 4943 barbarica
3212 4889 3543 4941 incursione.

1988 4984 2091 5051 Qui
2134 4985 2277 5039 enim
2315 5001 2400 5040 res
2432 4985 2775 5040 dominorum
2822 4982 3141 5051 negligentia
3192 4982 3271 5033 \‘el
3326 4980 3548 5033 fortuito

1989 5078 2225 5148 perditas
2254 5078 2576 5132 invenerunt
2616 5086 2670 5132 et
2712 5092 2806 5131 eas
2847 5075 3171 5137 restituunt,
3223 5072 3548 5127 inventionis

1988 5171 2219 5240 pretium
2246 5179 2393 5225 recte
2420 5170 2665 5239 exigunt,
2695 5167 3145 5237 quemadmodum
3175 5165 3275 5218 hoc
3308 5178 3370 5216 ex
3420 5162 3548 5230 legi-

1988 5264 2091 5318 bus
2123 5263 2373 5333 superius
2403 5264 2594 5333 positis
2628 5270 2864 5333 apparet.

2064 5446 2264 5502 Zona.
2294 5448 2429 5501 Cum
2462 5446 2528 5500 iis
2555 5445 2649 5514 qui
2688 5458 2798 5497 rem
2828 5441 3055 5503 alienam
3100 5457 3128 5495 a
3173 5458 3230 5496 se
3276 5440 3545 5493 inventam

1989 5540 2341 5607 denuntiant,
2388 5538 2671 5609 benignius
2717 5537 2979 5607 agendum
3033 5552 3151 5593 esse
3206 5535 3285 5590 vir
3328 5543 3547 5591 sanctus
