3988 6200
521 305 660 361 ιοιγ

1630 301 1686 356 S.
1730 295 2052 357 GREGORII
2094 294 2594 355 THAUMATURGI

3593 291 3724 349 ιοιδ

519 422 816 478 constituit.
867 418 1068 474 Verum
1113 433 1180 473 ne
1226 416 1606 473 denuntiantes
1648 417 1817 487 pretia
1861 419 1932 472 ob
1966 431 2078 470 rem

2193 413 2472 478 Βιετάξατο.
2515 416 2630 468 Ἵνα
2683 412 2739 466 δὲ
2794 409 2866 484 μὴ
2905 413 2952 465 oi
3006 407 3385 483 ὁμολογοῦντες
3435 409 3731 463 ἀπαιτῶσιν

517 514 814 578 iuventam,
848 510 932 568 vel
961 510 1107 566 aliud
1151 523 1476 578 quocunque
1503 509 1633 564 illud
1677 509 1895 564 nomine
1933 509 2081 562 voci-

517 611 682 665 tetur,
713 607 950 672 exigant,
986 599 1236 669 subjecit,
1268 613 1374 653 non
1403 613 1526 653 esse
1547 598 1841 668 quidquam
1863 597 2082 666 exigen-

519 695 647 746 dum
684 693 751 748 ab
788 707 853 746 eo
885 691 976 761 qui
1015 691 1188 745 aliena
1220 690 1450 759 benigne
1489 689 1683 755 reddit,
1721 689 1814 743 sed
1857 684 2082 741 manda-

2178 501 2430 574 εὔρετρα,
2463 503 2496 572 ἠ
2523 519 2576 556 τι
2607 500 2844 556 τοιοῦτον
2865 502 2940 565 ὡς
2967 501 3032 556 ἂν
3053 495 3265 555 καλοῖτο
3282 539 3298 566 ,
3339 499 3617 569 ἐπήγαγεν
3654 501 3732 553 ὅτι

2176 597 2237 648 οὐ
2268 595 2348 648 δεῖ
2387 612 2440 648 τι
2485 592 2864 657 ἀπαιτείνλτὸν
2908 593 3222 646 ἀποδιδόντα
3267 591 3622 661 εὐγνωμόνως
3668 592 3735 646 τὰ

2179 687 2462 756 ἀλλότρια,
2488 685 2622 739 ἀλλὰ
2663 687 2828 757 χωρὶς
2860 684 3084 756 αἰσχροῦ
3116 685 3343 756 κέρδους
3377 684 3479 754 τὴν
3523 683 3734 754 ἐντολὴν

521 792 637 837 tum
664 785 868 852 absque
896 782 1038 850 turpi
1073 781 1226 836 lucro
1251 780 1603 849 implendum.
1629 778 1807 847 Turpe
1849 792 2083 846 namque

2193 777 2504 848 ἐκπληροῦν.
2543 778 2772 848 Αίσχρδν
2800 776 2908 846 γὰρ
2925 776 3092 841 ὅντως
3114 775 3308 846 κέρδος
3334 775 3451 828 ἐστὶ
3479 773 3544 828 τὸ
3573 775 3734 828 ἀπαι-

520 875 731 931 lucrum
769 883 854 928 est
893 887 1082 928 revera
1128 871 1403 942 quidpiam
1435 872 1504 927 ab
1545 886 1610 927 eo
1642 871 1853 940 exigere
1875 871 1968 940 qui
1997 883 2083 924 res

2193 871 2290 923 ιεῖν
2335 885 2387 922 τι
2436 869 2542 923 ἀπὸ
2595 868 2688 922 τοῦ
2741 867 3100 932 ἀπολέσαντος
3140 867 3209 921 τὰ
3253 867 3428 920 οἰκεῖα
3473 866 3532 920 ἑν
3563 865 3737 937 καιρῷ

520 980 650 1021 suas
679 963 1007 1020 turbulentis
1042 963 1380 1033 temporibus
1405 963 1662 1032 perdidit,
1688 976 1788 1016 nec
1811 960 1930 1014 illas
1958 974 2082 1029 gra-

522 1057 660 1111 tuito
691 1055 936 1110 reddere.

1126 1141 1352 1198 CANON
1389 1142 1481 1198 XI.

597 1251 617 1285 ι
649 1232 832 1290 Fletus
874 1250 973 1290 seu
1016 1235 1218 1302 luctus,
1262 1244 1345 1290 est
1385 1242 1541 1290 extra
1582 1241 1792 1304 portam
1828 1232 2085 1299 oratorii,

528 1344 549 1376 ι
579 1325 669 1380 ubi
703 1335 1042 1394 peceatorcm
1070 1335 1301 1382 stantem
1329 1334 1541 1396 oportet
1572 1325 1757 1383 ﬁdeles
1783 1324 2088 1406 ingredien-

529 1435 548 1468 ι
583 1426 662 1472 tes
689 1433 867 1484 orare,
907 1427 969 1474 ut
1009 1434 1110 1488 pro
1145 1434 1204 1474 se
1229 1425 1539 1488 precentur.
1579 1417 1803 1473 Auditio
1831 1425 1917 1472 est
1947 1416 2088 1470 intra

531 1528 548 1559 ι
581 1517 792 1579 portam
819 1510 875 1564 in
901 1510 1133 1579 porticu,
1158 1509 1251 1564 ubi
1285 1516 1502 1580 oportet
1529 1523 1651 1564 eum
1691 1509 1785 1580 qui
1824 1510 2088 1580 peccavit,

527 1615 553 1652 ι
581 1608 746 1666 stare,
792 1615 966 1671 usque
1001 1601 1067 1655 ad
1113 1601 1557 1666 catechumenos,
1597 1610 1651 1655 et
1699 1602 1848 1656 illiue
1885 1603 2086 1671 egredi.

531 1709 551 1742 ι
583 1691 825 1748 Audiens
857 1692 1035 1759 enim,
1083 1693 1290 1762 inquit,
1326 1692 1640 1762 Scripturas
1679 1703 1732 1748 et
1764 1693 2088 1762 doctrinam,

2184 961 2578 1029 περιστάσεως,
2605 961 2700 1012 καί
2733 959 2807 1030 μὴ
2836 960 3140 1014 ἀποδιδόναι
3168 959 3309 1013 αὐτά
3340 959 3551 1030 ἀμισθί.

2766 1143 3008 1195 ΚΑΝΩΝ
3042 1144 3164 1196 IAM

2263 1253 2282 1286 ι
2329 1235 2394 1289 Ἡ
2435 1233 2796 1306 πρόσκλαυσις
2835 1233 2938 1300 ἔξω
2978 1234 3077 1305 τῆς
3113 1235 3288 1306 πύλης
3325 1234 3418 1288 τοῦ
3455 1234 3742 1308 εὖκτηρίου

2193 1345 2212 1378 ι
2251 1327 2428 1380 ἐστίν·
2480 1326 2605 1380 ἔνθα
2653 1327 2862 1380 ἑστῶτα
2911 1327 3001 1379 τὸν
3062 1327 3439 1404 ἁμαρτάνοντα
3487 1328 3592 1400 χρὴ
3634 1327 3745 1380 τῶν

2193 1437 2211 1471 ι
2249 1421 2520 1474 εἰσιόντων
2562 1420 2766 1474 δεῖσθαι
2810 1419 3050 1485 πιστῶν,
3095 1420 3237 1491 ὑπὲρ
3264 1419 3426 1474 αὐτοῦ
3470 1419 3742 1491 εὔχεσθαι.

2193 1529 2212 1564 t
2263 1511 2326 1564 Ἦ
2376 1512 2635 1583 ἀκρόασις
2678 1511 2847 1565 ἔνδοθι
2890 1511 2991 1581 τῆς
3035 1510 3210 1583 πύλης
3256 1513 3314 1565 ὲν
3357 1510 3437 1583 τῷ
3478 1511 3744 1584 νάρθηκι,

2195 1622 2212 1655 ι
2251 1603 2377 1658 ἔνθα
2402 1604 2618 1660 ἑστάναι
2647 1605 2750 1677 χρὴ
2793 1605 2882 1658 τὸν
2908 1604 3262 1677 ἡμαρτηκότα
3297 1605 3402 1668 ἕως
3433 1603 3543 1658 τῶν
3579 1620 3748 1674 κατη-

2195 1714 2214 1748 ι
2251 1696 2547 1774 χουμένων,
2581 1699 2673 1751 καὶ
2699 1696 2944 1751 ἐντεῦθεν
2975 1695 3306 1768 ὲξὲρχεσθαι.
3343 1695 3576 1750 Ἀκοὺων
3616 1694 3746 1764 γὰρ,

533 1801 553 1836 ι
582 1783 852 1853 ejiciatur,
885 1793 940 1840 et
966 1785 1278 1854 precatione
1313 1783 1570 1855 indignus
1598 1794 1904 1840 censeatur.
1950 1753 2086 1840 Sub;

2202 1807 2218 1840 ι
2253 1753 2408 1858 ῖρήὲι,
2437 1753 2545 1842 τῶν
2576 1789 2806 1860 Γραφῶν
2829 1789 2925 1843 καὶ
2961 1753 3457 1860 τῖίέέιδασκαλιας,
3496 1753 3750 1841 exeant;

532 1893 553 1927 ι
578 1877 742 1945 jectio
781 1885 962 1931 autem
1005 1892 1098 1932 seu
1139 1875 1435 1932 substratio
1475 1886 1591 1940 est,
1616 1885 1676 1931 ut
1717 1876 1858 1931 intra
1904 1879 2088 1949 templi

534 1985 554 2018 ‹
587 1976 797 2036 portam
823 1974 994 2034 stans,
1016 1983 1141 2022 eum
1169 1966 1570 2024 catechumenis
1598 1967 1920 2038 egrediatur.
1947 1969 2090 2025 Con-

537 2078 554 2110 ι
586 2060 825 2129 gregatio
850 2075 946 2115 seu
972 2059 1320 2115 consistentia
1343 2067 1448 2126 est,
1471 2068 1529 2112 ut
1551 2075 1672 2114 cum
1695 2059 1940 2116 ﬁdelibus
1964 2076 2088 2117 con-

533 2166 554 2201 ι
585 2150 769 2215 sistat,
803 2158 858 2204 et
884 2164 1009 2204 cum
1035 2149 1441 2207 catechumenis
1471 2165 1578 2204 non
1611 2149 1949 2220 egrediatur;
1990 2167 2086 2222 po-

535 2258 554 2291 ι
585 2249 788 2295 stremo
812 2248 896 2296 est
925 2241 1267 2312 participatio
1289 2250 1770 2298 sacramentorum.
1800 2259 1819 2293 ι

597 2421 757 2478 ΒΑιε.
797 2421 1044 2480 Praesens
1080 2424 1298 2494 quidem
1337 2433 1578 2490 sanctus,
1607 2425 1893 2482 declaratis
1927 2427 2086 2496 quin-

527 2529 636 2586 que
663 2515 797 2570 locis
819 2530 1006 2572 eorum
1031 2517 1123 2587 qui
1155 2525 1323 2586 agunt
1345 2517 1735 2588 pmuitentiam,
1774 2534 1874 2575 nec
1893 2534 2082 2576 eorum

528 2605 777 2660 exercitii
823 2615 1064 2678 tempora
1109 2607 1423 2676 declaravit,
1458 2623 1558 2664 nec
1605 2618 1826 2679 peccata
1869 2619 2088 2682 propter

528 2714 654 2769 quae
685 2700 1006 2770 poenitentia
1035 2701 1253 2758 deﬁnita
1289 2711 1394 2759 est.
1451 2702 1677 2775 Magnus
1715 2713 1895 2760 autem
1939 2704 2090 2761 Basi-

532 2789 662 2856 lius,
693 2791 750 2846 in
787 2793 903 2848 suis
933 2795 1216 2850 canonicis
1244 2797 1509 2866 epistolis,
1539 2798 1654 2852 haec
1674 2798 1857 2853 omnia
1901 2810 2090 2855 exacte

532 2882 772 2938 tradidit.
823 2882 1022 2941 Verum
1085 2886 1175 2943 hic
1223 2903 1439 2958 quoque
1489 2904 1772 2960 pmnarum
1825 2891 2090 2948 medelam

531 2974 826 3047 episcopali
859 2978 1082 3035 arbitrio
1121 2978 1355 3051 reliquit.

2201 1897 2219 1931 ι
2261 1877 2391 1942 σθω,
2432 1877 2523 1933 καὶ
2561 1877 2634 1949 μὴ
2657 1877 2919 1943 ἀξιούσθω
2944 1879 3265 1950 προσευχῆς.
3301 1878 3364 1931 Ἦ
3404 1877 3460 1931 δὲ
3498 1877 3750 1931 ὑπόπτω-

2199 1988 2216 2022 ι
2257 1987 2359 2034 σις,
2403 1969 2521 2034 ἵνα,
2567 1967 2764 2021 ἔσωθεν
2794 1967 2896 2037 τῆς
2941 1966 3113 2039 πύλης
3141 1965 3234 2020 τοῦ
3265 1964 3394 2021 ναοῦ
3441 1964 3750 2034 ἱστάμενος,

2198 2081 2217 2113 ι
2259 2061 2395 2133 μετὰ
2433 2060 2538 2115 τῶν
2570 2060 2988 2132 κατηχουμένων
3030 2059 3336 2132 ὲξέρχηται.
3374 2058 3441 2112 Ἡ
3469 2057 3750 2123 σύστασις,

2199 2173 2216 2205 ι
2256 2154 2344 2208 ἵνα
2394 2154 2704 2207 συνιστᾶται
2751 2154 2860 2216 τοῖς
2908 2154 3118 2217 πιστοῖς
3143 2191 3159 2217 ,
3194 2149 3286 2204 καὶ
3335 2149 3410 2222 μὴ
3461 2149 3750 2220 ἐξέρχηται

2198 2267 2216 2301 ι
2259 2250 2395 2320 μετὰ
2441 2247 2549 2304 τῶν
2599 2244 3043 2318 κατηχουμένων·
3091 2245 3394 2299 τελευταῖον
3442 2245 3477 2314 ἡ
3539 2240 3750 2312 μέθεξις

2195 2357 2214 2390 ι
2252 2339 2360 2393 τῶν
2389 2336 2762 2407 ἀγιασμὰτων.
2795 2354 2813 2388 ι

2261 2431 2454 2484 ΒΑΔΣ.
2505 2430 2562 2484 '0
2599 2427 2696 2501 μὲν
2730 2425 2915 2500 παρὼν
2949 2427 3129 2495 ἅγιος,
3163 2423 3323 2479 πέντε
3357 2423 3554 2485 τόπους
3589 2437 3747 2492 μετα-

2192 2520 2451 2574 νοούντων
2483 2517 2856 2583 ὑποτυπώσας,
2898 2515 2960 2570 οὐ
2998 2515 3348 2587 παρεδήλωσε
3370 2514 3495 2576 τοὺς
3527 2512 3745 2582 καιροὺς

2194 2611 2290 2680 τῆς
2316 2609 2573 2681 ἐργασίας
2602 2606 2801 2671 αὐτῶν,
2833 2605 2955 2661 οὔτε
2985 2605 3087 2677 μὴν
3113 2604 3180 2658 τὰ
3215 2603 3588 2675 ἁμαρτήματα
3624 2601 3690 2653 δι’
3712 2600 3745 2654 ἃ

2195 2704 2229 2773 ἡ
2263 2702 2516 2772 μετάνοια
2551 2698 2780 2771 ὡρίσθη.
2823 2698 2881 2752 ὐ
2915 2697 2970 2751 δὲ
3013 2696 3182 2769 μέγας
3221 2693 3494 2756 Βασίλειος
3529 2693 3589 2744 ὲν
3630 2693 3743 2753 ταῖς

2197 2794 2502 2856 κανονικαῖς
2542 2787 3052 2866 ὲπιστολαῖςυαὺτοῦ
3088 2786 3260 2842 ταῦτα
3293 2784 3431 2856 μετὰ
3465 2781 3743 2854 ἀκριϐείας

2196 2885 2498 2957 παρέδωκε.
2521 2881 2665 2955 Πλὴν
2701 2883 2794 2937 καὶ
2835 2875 2985 2944 οὗτος
3011 2881 3091 2943 είς
3123 2877 3221 2950 τὴν
3247 2875 3609 2946 ὲπισκοπικὴν
3640 2873 3745 2927 δια·

2196 2994 2376 3050 κρισιν
2418 2976 2515 3048 τὴν
2545 2975 2633 3029 διὰ
2663 2975 2770 3029 τῶν
2803 2973 3090 3045 ἐπιτιμίων
3114 2970 3402 3043 θεραπείαν
3425 2970 3740 3042 ἀνήρτησεν.
