3988 6200
271 259 410 316 1053

1264 267 1327 322 ΙΝ
1354 266 1711 324 ORIGENEM
1756 266 2011 323 ORATIO
2040 267 2488 326 PANEGYRlCA.

3358 270 3496 329 1054

262 373 390 429 οὐτε
424 374 522 429 καὶ
562 378 1020 449 ἑκμανθανόμενοι
1066 381 1492 454 ἀταλαιπωρωςο
1538 383 1687 447 ὄντες
1733 385 1811 455 μὲι

1933 400 2053 437 rum
2104 385 2408 454 sapientum
2441 396 2749 440 nostrorum
2803 386 2968 457 leges,
3008 387 3211 458 quibus
3249 388 3493 445 ninnium

263 468 420 521 αὐτοὶ
466 470 619 537 σοφοί
663 487 723 523 τι
767 472 860 524 καὶ
903 472 1151 543 ἀκριϐεῖς
1201 475 1313 548 (hi)
1342 478 1435 529 καὶ
1469 476 1699 529 ποικίλοι
1742 478 1834 531 καὶ

265 558 589 629 θαυμαστοὶ,
642 562 737 614 καὶ
776 562 1048 616 συνελόντι
1094 567 1287 629 εἰπεῖν,
1348 564 1789 636 Ἐλληνικώτατοι
1814 583 1829 597 ·

265 652 665 722 ὲκφρασθέντες
683 652 738 705 δὲ
759 653 853 705 καὶ
869 654 1258 724 παραδοθέντες
1269 660 1333 728 τῇ
1364 658 1645 728 Ῥωμαίων
1659 660 1830 728 φωνῇ,

266 741 679 813 καταπληκτικῇ
735 744 832 813 μὲν
878 746 971 798 καὶ
1013 746 1251 811 ἀλαζόνι,
1298 749 1392 801 καὶ
1435 748 1832 818 συσχηματιζο-

264 833 406 905 μένῃ
435 835 498 903 τῇ
527 833 741 905 ἐξουσία
763 837 827 905 τῇ
866 835 1135 908 βασιλικῇ,
1164 841 1393 911 φορτικῇ
1425 838 1481 892 δὲ
1501 839 1649 909 ὅμως
1672 838 1793 908 ὲμοί
1813 855 1827 869 ⁸

261 926 327 976 οὐ
362 925 465 995 μὴν
490 924 664 988 ἄλλως
696 942 811 989 πως
839 926 963 980 οὐτε
988 927 1210 983 δυνατὸν
1238 924 1328 1000 ἦν,
1362 931 1411 982 εἰ
1445 931 1538 983 καὶ
1577 928 1830 1000 βουλητὸν

264 1014 404 1070 εἶναί
436 1033 524 1087 μοι
555 1016 759 1087 εἴποιμ’
782 1017 847 1071 ἀν
877 1036 1007 1072 ποτε
1033 1019 1164 1093 (42).
1205 1021 1420 1091 Ἐπειδὴ
1450 1021 1505 1074 δὲ
1528 1020 1679 1075 οὐδὲν
1716 1020 1831 1073 ἓτε-

266 1124 362 1178 ρον
388 1107 421 1179 ἢ
452 1107 827 1173 είκόνεςτινές
857 1112 963 1163 εἰσι
990 1111 1098 1165 τῶν
1127 1113 1226 1184 τῆς
1262 1113 1438 1184 ψυχῆς
1466 1114 1621 1184 ἡμῶν
1650 1114 1827 1185 παθη-

267 1201 453 1269 μάτων
477 1202 530 1253 αἱ
561 1199 731 1264 λέξεις
756 1202 933 1272 ἡμῶν
958 1205 1072 1267 τοῖς
1103 1204 1200 1273 μὲν
1230 1205 1471 1267 δυνατοῖς
1500 1205 1691 1271 εἰπεῖν,
1722 1204 1829 1257 ὥσ-

263 1308 372 1362 περ
394 1292 534 1344 τισὶν
556 1292 782 1361 ἀγαθοῖς
808 1292 1135 1366 ζωγράφοις,
1165 1297 1259 1349 καὶ
1282 1296 1448 1369 τέχνῃ
1476 1295 1572 1365 μὲν
1597 1295 1677 1349 ὅτι
1702 1312 1825 1366 τεχ-

261 1380 597 1445 νικωτάτοις,
632 1382 906 1447 πλουσίοις
941 1384 996 1438 δὲ
1030 1387 1125 1439 καὶ
1149 1388 1214 1456 τῇ
1243 1385 1351 1439 τῶν
1376 1384 1677 1457 χρωμάτων
1702 1384 1824 1457 ὖλῃ,

259 1474 362 1543 οὐχ
386 1473 575 1544 ὁμοίας
600 1474 776 1544 μόνον,
794 1476 927 1530 ἀλλά
952 1478 1045 1532 καὶ
1067 1478 1336 1543 ποικίλας,
1362 1479 1456 1532 καὶ
1480 1477 1825 1549 περικαλλεῖς

259 1564 341 1636 τῷ
377 1564 663 1635 πολυμιγεῖ
705 1566 814 1621 τῶν
846 1567 1043 1633 ἀνθῶν,
1077 1569 1307 1640 γράφειν
1344 1569 1543 1637 ἐξεῖναι
1586 1570 1698 1642 (45)
1725 1571 1825 1633 τὰς

256 1656 479 1727 γραφάς
527 1655 666 1710 κατά
720 1658 882 1728 μηδὲν
937 1660 1402 1732 ἐμποδιζομένως,
1457 1661 1821 1733 ὁμολογήσαι-

255 1763 383 1816 μεν.

1932 491 2079 531 nunc
2109 476 2205 545 qui
2247 475 2613 530 Romanorum
2660 477 2885 546 imperio
2932 488 3142 547 parent,
3185 495 3271 534 res
3301 479 3496 550 guber-

1932 576 2161 632 nantur;
2195 583 2315 636 qua:
2350 568 2566 637 quidem
2604 583 2777 637 neque
2805 570 3131 636 conduntur,
3171 587 3346 641 neque
3375 586 3498 642 per-

1932 662 2204 729 cipiuntur
2254 661 2373 715 sine
2424 662 2609 716 labore
2661 679 2724 717 ac
2780 664 3049 717 molestia.
3112 662 3178 717 Et
3226 666 3495 734 sapientes

1930 752 2148 820 quidem
2195 751 2318 817 illae,
2352 765 2728 823 accurataeque
2776 764 2903 809 sunt
2945 763 3000 808 et
3040 756 3202 809 variae
3238 768 3292 810 et
3320 758 3495 827 suspi-

1930 843 2157 908 ciendae,
2186 852 2372 911 atque,
2414 853 2474 898 ut
2508 860 2619 898 uno
2652 844 2816 899 verbo
2865 845 3063 910 dicam,
3108 844 3491 913 Graecissimaa;

1929 944 2183 990 caeterum
2217 934 2463 989 Romano
2491 936 2745 1006 exposita:
2765 936 3082 1005 traditaeque
3105 951 3374 1001 sermone,
3403 938 3497 990 ad-

1928 1026 2163 1081 mirabili
2191 1042 2322 1081 sane
2344 1035 2508 1097 atque
2537 1027 2824 1096 magniﬁco
2846 1037 2899 1081 et
2920 1028 2985 1081 ad
3011 1027 3220 1095 imperii
3243 1027 3496 1096 majesta-

1928 1127 2035 1173 tem
2084 1118 2456 1186 conlormato,
2510 1121 2603 1175 sed
2656 1120 2788 1175 mihi
2835 1119 2984 1191 gravi
3030 1118 3384 1173 nihilominus
3431 1134 3496 1172 ac

1926 1210 2127 1265 dillicili
2153 1229 2167 1265 :
2197 1226 2303 1265 non
2346 1212 2495 1265 enim
2520 1212 2675 1265 aliter
2714 1214 2916 1266 sentire
2940 1219 3034 1263 aut
3060 1224 3220 1279 posse
3245 1219 3339 1263 aut
3359 1207 3494 1262 velle

1926 1317 2013 1357 me
2038 1317 2276 1371 unquam
2305 1304 2557 1357 dixerim.
2591 1304 2726 1357 Cum
2777 1312 2956 1356 autem
3012 1302 3159 1355 aliud
3204 1301 3339 1355 nihil
3386 1300 3493 1353 sint

1925 1406 2088 1447 voces
2117 1402 2337 1456 nostrae,
2389 1408 2552 1462 quam
2586 1394 2849 1462 imagines
2898 1395 3141 1462 quaedam
3180 1392 3346 1445 animi
3390 1405 3491 1443 no-

1925 1484 2402 1553 striconceptuum
2450 1499 2515 1538 ac
2562 1484 2870 1547 notionum;
2924 1485 2992 1538 iis
3020 1483 3236 1553 quidem
3270 1483 3361 1551 qui
3405 1484 3491 1536 di-

1924 1576 2079 1631 cendi
2108 1574 2362 1629 facultate
2386 1577 2599 1643 valent,
2651 1584 2907 1645 tanquam
2937 1576 3236 1644 pictoribus
3262 1575 3485 1643 quihus-

1922 1665 2049 1719 dam
2087 1674 2141 1719 et
2178 1674 2292 1719 arte
2325 1664 2690 1734 peritissimis,
2732 1674 2787 1719 et
2819 1666 3061 1719 colorum
3103 1664 3253 1734 c0pia
3284 1665 3488 1718 instrn-

1850 1744 1892 1798 Β
1922 1755 2216 1823 ctissimis,
2266 1770 2376 1809 non
2419 1755 2625 1810 similes
2666 1756 2858 1821 modo,
2904 1756 2996 1809 sed
3038 1757 3241 1809 variam
3284 1758 3445 1811 etiam
3470 1800 3486 1823 ,

250 1850 305 1913 et
351 1841 418 1895 ad
462 1844 696 1912 speciem
736 1845 927 1901 crebra
968 1844 1166 1901 ﬂorum
1214 1848 1541 1905 admistione
1580 1850 1976 1921 pulcherrimas
2035 1852 2258 1923 pingere
2304 1852 2469 1907 licere
2523 1853 2641 1907 sine
2686 1851 2796 1905 ullo
2857 1852 3269 1921 impedimento,
3322 1856 3490 1909 conli-

246 1926 476 1989 tendum
507 1947 610 1991 est.

326 2028 400 2080 B'.
440 2028 628 2101 Ἡμεῖς
662 2031 738 2095 δὲ,
761 2026 849 2086 οἷά
874 2051 1016 2098 τινες
1037 2033 1189 2100 ὄντες
1215 2037 1467 2108 πένητες,
1494 2040 1823 2112 ἀποροῦντες

247 2120 365 2175 τῶν
409 2123 666 2179 ποικίλων
700 2124 903 2181 τούτων
930 2127 1253 2198 φαρμάκων,
1282 2131 1375 2183 καὶ
1406 2131 1522 2203 ἦτοι
1548 2132 1668 2185 οὐδὲ
1692 2150 1823 2203 κτη-

248 2212 477 2283 σάμενοι
506 2213 745 2279 πώποτε,
780 2216 812 2287 ἢ
844 2218 937 2270 καὶ
969 2217 1405 2291 ἀποϐεϐληκότες
1450 2222 1596 2286 ἴσως,
1629 2218 1719 2277 οἷα
1760 2223 1821 2289 ἐξ

245 2303 539 2374 ἀνθράκων
567 2306 739 2375 μόνων
766 2309 799 2379 ἢ
836 2308 1116 2380 ὀστράκων
1144 2310 1275 2383 (44),
1294 2312 1402 2365 τῶν
1429 2313 1673 2383 συνήθων
1698 2315 1820 2367 τού-

243 2413 359 2448 των
391 2397 484 2450 καὶ
510 2398 701 2451 κοινῶν
743 2399 1019 2471 ὀνομάτων
1048 2403 1139 2457 καὶ
1178 2405 1456 2475 ῥημάτων,
1487 2407 1627 2460 κατὰ
1657 2406 1816 2461 δύνα-

250 2504 348 2557 μιν
393 2488 490 2558 τὴν
533 2490 826 2560 ἡμετέραν,
861 2492 931 2545 τά
976 2495 1307 2564 πρωτότυπα
1346 2497 1454 2549 τῶν
1495 2498 1594 2569 τῆς
1642 2498 1817 2570 ψυχῆς

244 2578 407 2648 ἡμῶν
442 2581 550 2634 τῶν
592 2582 925 2653 παθημάτων
972 2588 1091 2649 ταῖς
1124 2588 1256 2657 ἡμῖν
1290 2588 1540 2658 εὐπόροις
1574 2592 1817 2664 ὑπογρά.

245 2688 441 2741 φοντες
486 2679 688 2743 φωναῖς
721 2678 1164 2751 ἀπομιμούμεθα,
1202 2682 1513 2751 ὑποφαίνειν
1552 2686 1677 2748 τοὺς
1718 2703 1815 2756 χα-

247 2766 532 2836 ρακτῆρας
557 2767 665 2821 τῶν
687 2770 786 2840 τῆς
805 2771 982 2843 ψυχῆς
1008 2773 1212 2841 τύπων,
1240 2777 1288 2829 εί
1324 2777 1417 2829 καὶ¹
1441 2778 1514 2848 μὴ
1545 2781 1809 2852 ἐναργεῖς,

247 2854 394 2925 μηδὲ
429 2858 984 2932 κεκαλλωπισμένους,
1018 2864 1131 2917 ἀλλ’
1152 2866 1227 2928 ὼς
1257 2868 1315 2921 ὲν
1353 2868 1813 2945 ἀνθρακογραφίᾳ

241 2945 383 3013 γοῦν
413 2949 757 3021 πειρώμενοι,
793 2955 842 3005 εί
885 2952 983 3023 μέν
1008 2972 1060 3007 τι
1088 2956 1184 3008 καὶ
1222 2957 1422 3021 εὐειδὲς
1462 2960 1553 3013 καὶ
1581 2960 1812 3029 εὐγλωτ-

237 3055 337 3092 τον
384 3040 599 3113 ἀπαντᾷ
646 3042 828 3109 ποθεν,
878 3046 1250 3119 ἀσπασάμενοι
1306 3050 1494 3121 ἡδέως,
1544 3053 1665 3107 ἐπεὶ
1717 3054 1811 3109 καὶ

240 3134 742 3204 περιφρονήσαντες
775 3134 905 3207 (45).
953 3137 1108 3192 Ἀλλά
1148 3139 1256 3214 γὰρ
1307 3142 1370 3194 ὲκ
1412 3144 1608 3213 τρίτων
1653 3140 1809 3210 αὖθις

239 3221 419 3287 ἄλλως
447 3222 559 3295 (46)
592 3225 789 3279 κωλύει
820 3244 879 3280 τε
926 3229 1020 3281 καὶ
1047 3230 1365 3302 ἀποτρέπει,
1392 3234 1485 3286 καὶ
1520 3236 1652 3289 πολὺ
1698 3236 1807 3290 τῶν

1989 2040 2053 2096 ll.
2092 2040 2201 2098 Nos
2229 2060 2381 2107 vero,
2420 2042 2576 2113 quasi
2606 2057 2869 2113 pauperes
2903 2042 3144 2111 quidam,
3189 2043 3354 2098 variis
3383 2042 3488 2096 hu-
3556 2040 3563 2043 ”

1915 2134 2155 2204 jusmodi
2183 2135 2324 2190 fucis
2356 2146 2623 2201 carentes,
2652 2146 2705 2190 et
2742 2136 2835 2205 qui
2865 2136 2947 2189 vel
2978 2151 3255 2203 nunquam
3288 2150 3383 2189 eos
3431 2135 3485 2191 in

1919 2231 2184 2294 potestate
2212 2234 2399 2279 nostra
2430 2225 2802 2287 habuerimus,
2829 2226 2911 2279 vel
2942 2241 3035 2279 eos
3070 2223 3303 2280 fortasse
3336 2225 3486 2293 ahjc-

1918 2316 2183 2379 cerimus,
2230 2324 2485 2385 tanquam
2532 2316 2664 2369 solis
2708 2316 3036 2369 carbonibus
3086 2326 3181 2369 aut
3236 2317 3483 2381 testnlis,

1917 2406 2022 2461 hoc
2054 2413 2137 2460 est
2163 2405 2379 2459 usitatis
2407 2405 2897 2473 communibusque
2928 2404 3240 2458 nominibus
3269 2420 3334 2457 ac
3366 2421 3486 2457 ver-

1915 2496 2020 2562 bis,
2051 2497 2225 2566 prima
2256 2498 2423 2551 animi
2467 2496 2636 2551 nostri
2690 2512 2870 2560 sensa,
2920 2496 2988 2549 iis
3033 2511 3154 2564 quae
3192 2506 3485 2564 suppetunt

1914 2590 2139 2644 vocibus
2199 2588 2546 2658 depingentes
2599 2587 2937 2657 efﬁngimus;
3005 2595 3253 2657 typorum
3315 2589 3482 2642 animi

1913 2676 2277 2737 characteres,
2311 2675 2357 2730 si
2391 2690 2497 2729 non
2528 2674 2706 2729 claros
2731 2691 2827 2729 nec
2854 2676 2919 2728 ad
2954 2676 3187 2743 speciem
3232 2686 3481 2743 ornatos,

1912 2776 1967 2822 at
1995 2778 2141 2824 certe
2173 2768 2628 2838 quemadmodum
2682 2770 2735 2823 in
2782 2769 3080 2823 carbonum
3117 2770 3326 2839 pictura
3364 2770 3480 2823 ﬁeri

1910 2862 2069 2929 solet,
2108 2877 2328 2933 quoquo
2356 2863 2517 2917 modo
2547 2871 2935 2932 reprmscntare
2954 2872 3213 2918 conantes
3238 2880 3253 2918 :
3280 2864 3323 2919 si
3350 2864 3481 2932 quid

1909 2967 2040 3007 vero
2068 2954 2275 3022 uspiam
2303 2961 2591 3006 venustum
2619 2966 2682 3006 ac
2709 2952 2970 3006 disertum
2998 2968 3057 3007 se
3080 2952 3482 3019 oﬂ‘eratJiben—

1907 3054 1993 3099 ter
2017 3046 2341 3116 accipimus;
2370 3045 2454 3100 sin
2482 3044 2686 3110 minus,
2715 3026 2879 3099 e’tiam
2905 3046 3249 3117 negligimus.
3278 3045 3479 3102 Verum

1907 3146 1963 3192 et
1985 3138 2201 3192 tertium
2226 3136 2483 3205 quiddam
2514 3152 2732 3191 rursum
2766 3138 2912 3192 aliud
2942 3147 3044 3202 est,
3068 3139 3212 3208 quod
3255 3138 3482 3209 impedit

1908 3235 1962 3281 et
1988 3237 2196 3291 avocat,
2223 3238 2278 3282 et
2302 3227 2474 3281 multo
2507 3228 2681 3297 magis
2703 3244 2867 3298 quam
2913 3239 3106 3283 caetera
3137 3245 3236 3285 nos
3264 3230 3477 3292 retinet,

240 3312 417 3365 ἄλλων
459 3314 643 3387 ἐπέχει
695 3317 893 3388 μᾶλλον
944 3321 1038 3372 καὶ
1091 3321 1318 3391 ἡσυχίαν
1373 3324 1526 3392 ἄγειν
1565 3326 1805 3397 ἀτεχνῶς

1912 3319 2227 3387 silentioque
2259 3318 2334 3372 uti
2362 3319 2549 3388 jubet,
2598 3330 2981 3390 argumentum
3025 3335 3218 3390 nempe
3261 3321 3475 3392 ipsum;

237 3406 584 3475 προστάττει,
630 3409 665 3480 ἡ
715 3410 970 3474 ὑπόθεσις
1011 3412 1182 3482 αὖτη’
1214 3409 1391 3486 ἧσπερ
1429 3415 1588 3470 ἕνεκα
1627 3418 1802 3489 λέγειν

236 3496 627 3570 προεθυμήθην
655 3500 773 3571 μὲν,
810 3502 984 3571 μέλλω
1018 3503 1074 3556 δὲ
1103 3505 1196 3557 καὶ
1220 3505 1380 3560 ὀκνῶ.
1407 3507 1540 3579 Περὶ
1568 3508 1676 3579 γάρ
1708 3511 1801 3564 ἀν-

234 3589 363 3661 δρὸς
385 3589 694 3661 διανοοῦμαί
718 3608 771 3644 τι
788 3591 984 3660 λέγειν,
1002 3596 1326 3666 φαινομένου
1357 3598 1454 3667 μὲν
1478 3599 1572 3652 καὶ
1590 3600 1805 3655 δοκοῦν-

232 3696 331 3743 τος
360 3680 668 3753 ἀνθρώπου,
696 3682 759 3736 τὸ
789 3683 845 3737 δὲ
896 3684 1029 3737 πολὺ
1074 3685 1175 3755 τῆς
1203 3686 1369 3753 ἕξεως
1412 3692 1524 3753 τοῖς
1568 3692 1802 3764 καθορᾷν

232 3772 555 3844 δυναμένοις
584 3775 1062 3846 ἀπεσκευασμένου
1100 3778 1199 3848 ἤδη
1234 3779 1439 3851 μείζονι
1478 3789 1799 3858 παρασκευῇ

238 3866 686 3937 μεταναστάσεως
726 3868 838 3938 (47)
871 3868 972 3938 τῆς
997 3870 1131 3941 πρὸς
1159 3870 1221 3923 τὸ
1252 3870 1412 3926 θεῖον.
1451 3876 1590 3945 Οὐχὶ
1618 3876 1674 3930 δὲ
1706 3879 1800 3946 γέ-

235 3974 330 4021 νος
372 3958 493 4011 οὐδὶ
530 3958 839 4030 ἀνατροφὰς
892 3960 1143 4030 σώματος
1204 3963 1501 4018 ὲπαινέσων
1552 3965 1798 4036 ἔρχομαι,

235 4045 354 4102 εἶτα
383 4049 557 4120 μέλλω
572 4050 665 4105 καὶ
689 4050 1057 4123 ἀναϐάλλομαι
1086 4053 1178 4106 ὐπ’
1202 4055 1492 4121 εὐλαϐείας
1520 4059 1796 4129 περιττῆςο

232 4141 355 4193 οὐδέ
387 4158 448 4209 γε
486 4142 639 4212 ίσχὺν
667 4142 698 4213 ἦ
732 4142 957 4207 κάλλος·
990 4143 1161 4198 ταῦτα
1188 4145 1252 4217 δὴ
1281 4145 1351 4199 τά
1371 4147 1480 4200 τῶν
1507 4150 1802 4220 μειρακίων

232 4232 505 4304 ἐγκώμια,
538 4228 613 4289 ὧν
642 4235 817 4305 ἥττων
851 4235 1073 4307 φροντὶς
1110 4237 1231 4291 κατ’
1272 4238 1430 4303 ἀξίαν
1469 4257 1531 4293 τε
1579 4241 1672 4295 καὶ
1705 4242 1798 4313 μὴ,

233 4326 559 4397 λεγομένων.
603 4327 950 4398 Πραγμάτων
974 4328 1083 4400 γάρ
1109 4330 1169 4383 οὐ
1201 4330 1441 4402 μονίμων
1471 4332 1591 4386 οὐδὲ
1634 4333 1802 4387 ἑστώ-

232 4434 365 4482 των,
410 4418 779 4490 φθειρομένων
821 4418 880 4472 δὲ
924 4420 1181 4485 ποικίλως
1231 4423 1324 4477 καὶ¹
1369 4424 1603 4500 ταχέως⁹
1647 4424 1803 4495 λόγον

1900 3411 1969 3465 de
1998 3424 2107 3479 quo
2136 3410 2317 3465 dicere
2344 3411 2569 3465 aveham
2610 3411 2852 3480 quidem,
2900 3412 2996 3467 sed
3040 3413 3287 3467 cunctari
3331 3428 3477 3468 nunc

1901 3515 2088 3571 cogor,
2121 3509 2173 3555 et
2201 3501 2401 3557 haereo.
2435 3499 2511 3555 De
2541 3501 2657 3555 viro
2686 3502 2833 3555 enim
2875 3503 3057 3558 dicere
3101 3504 3335 3570 institui,
3379 3505 3473 3574 qui

1902 3592 2065 3645 homo
2094 3590 2311 3660 quidem
2338 3605 2460 3645 esse
2487 3590 2721 3658 videtur,
2744 3600 2799 3646 et
2829 3592 2951 3648 talis
2980 3603 3231 3662 apparet;
3261 3594 3325 3649 iis
3349 3611 3477 3650 vero

1900 3684 1994 3752 qui
2037 3683 2463 3753 magnitudinem
2504 3685 2626 3754 ejus
2673 3684 2892 3739 habitus
2947 3700 3231 3755 moresque
3274 3686 3472 3741 intueri

1900 3783 2147 3845 possunt,
2178 3774 2477 3843 majoribus
2522 3775 2849 3844 quihusdam
2890 3776 3224 3830 ornamentis
3269 3776 3473 3830 instru-

1900 3874 2020 3922 ctus
2043 3882 2107 3920 ac
2136 3882 2301 3937 prOpe
2336 3866 2537 3921 divinis
2562 3866 2832 3919 videatur.
2867 3864 2978 3920 Nec
3019 3880 3148 3919 vero
3181 3881 3351 3934 genus
3377 3875 3473 3921 aut

1900 3960 2144 4030 corporis
2180 3959 2552 4015 educationem
2594 3958 2913 4013 laudaturus
2954 3958 3136 4023 venio,
3167 3966 3330 4028 atque
3374 3958 3474 4013 ho-

1899 4065 2020 4105 rum
2073 4063 2237 4104 causa
2284 4048 2528 4103 cunctari
2577 4063 2641 4103 ac
2686 4062 2873 4102 moras
2917 4056 3132 4103 nectere
3181 4063 3292 4118 prae
3324 4058 3468 4105 metu

1902 4140 2135 4210 incipio;
2180 4154 2280 4195 nec
2325 4139 2494 4193 robur
2545 4139 2768 4205 itidem,
2818 4145 2915 4193 aut
2963 4138 3464 4208 pulchritudinem;

1902 4226 2017 4282 haec
2070 4227 2215 4282 enim
2275 4242 2568 4298 puerorum
2617 4236 2748 4283 sunt
2788 4228 3071 4293 encomia,
3115 4243 3235 4298 qua:
3286 4238 3466 4283 utrum

1900 4331 2000 4387 pro
2040 4317 2301 4387 dignitate
2338 4319 2611 4387 dicantur,
2640 4334 2710 4376 an
2742 4336 2921 4389 secus,
2956 4319 3178 4379 minime
3214 4321 3470 4382 laboran-

1901 4407 2051 4463 dum.
2082 4407 2287 4463 Rerum
2310 4408 2508 4481 quippe
2536 4426 2646 4465 non
2678 4410 2953 4466 stabilium
2997 4427 3099 4469 nec
3140 4428 3468 4484 permanen-

230 4640 337 4696 rite
371 4638 741 4711 concilientur
773 4638 889 4695 sive
928 4652 1331 4711 componantur.
1377 4639 1444 4695 Et
1485 4643 1799 4711 συγκεῖσθαι
1830 4652 1874 4706 Ι)
1899 4634 2033 4711 Vili}?
2070 4633 2301 4711 ἕπῖρεον
2333 4630 2769 4711 νῑξιε,Αρο¹ἓοηίί
2795 4632 3144 4711 Alexandrini
3192 4653 3465 4711 ενδιηηιη-

232 4719 388 4785 notat
420 4709 898 4785 s_iv_eﬂconspirare_:
930 4697 1056 4785 ’ρτί
1081 4709 1367 4785 σόγκεισθε
1410 4697 1609 4785 πάντες
1643 4697 1797 4785 ὑμεῖς

1912 4704 1991 4785 εἰεί
2022 4697 2333 4785 ε’Τοσοῦτιον
2376 4702 2434 4754 δὲ
2474 4697 2752 4785 ᾒνζπένης
2796 4706 2825 4757 ὀ
2883 4697 3381 4785 Ἀπολλώνιόςηάε
3408 4711 3467 4785 ἐν

228 4782 317 4855 ἐπ’
344 4780 463 4851 ὲμέ.
494 4780 512 4833 1
538 4778 668 4855 Reg.
697 4794 833 4855 utr,
861 4779 916 4832 8.
953 4778 1069 4834 Huc
1102 4779 1229 4835 facit
1260 4782 1595 4855 ἀντικεῖσθαι
1629 4778 1797 4855 ορροὲ

232 4848 421 4930 situm,
454 4857 507 4930 et
541 4848 889 4930 συνίστασθαι
921 4864 1280 4930 sy'nonymon.
1305 4849 1536 4930 Benace.

303 4920 416 4991 (Μ)
458 4919 760 4991 Ἀκριϐεἷς.
790 4918 913 4974 Ger.

303 4988 416 5066 (42)
449 4992 519 5066 Et
559 4988 659 5066 καὶ
682 4989 1058 5066 ρουληζᾴγ...
1090 4989 1256 5066 ποτέἶ
1290 4989 1661 5066 llmschelius,
1700 4988 1790 5066 ἦν,

227 5054 353 5116 οὐτε
386 5059 642 5131 βουλητὸν
672 5054 998 5131 εἶναιηίνίβ
1027 5060 1306 5131 particula
1338 5061 1466 5131 ποτέ
1506 5079 1613 5118 non
1649 5054 1795 5120 reci;

231 5131 309 5188 dit
336 5126 398 5184 in'
421 5126 833 5201 alwazpt,sedin
865 5126 1122 5201 βουλητὸν
1148 5126 1305 5201 εἶναι.
1337 5130 1568 5187 Bessan.

303 5196 876 5271 (ιὸλἘξέἴναιεϐειιζ
908 5196 1154 5271 ἱζοεέἰυε,
1193 5196 1351 5256 εἶναι.
1387 5201 1511 5257 Mox
1537 5201 1795 5259 llmscbe-

231 5266 362 5335 lius,
392 5266 479 5324 οἶά
510 5288 652 5334 τινες
680 5270 900 5335 πάντες.
932 5269 1136 5325 Deus.

301 5341 414 5413 (ll)
457 5342 846 5409 Ἀνθράκων...
874 5339 915 5409 ἢ
944 5340 1273 5408 ὀστράκων.
1298 5341 1469 5397 Carbo
1496 5358 1595 5413 pro
1613 5343 1792 5400 colore

228 5411 393 5467 hodie
430 5426 647 5491 quoque
678 5420 1011 5491 usurpatur;
1046 5420 1178 5491 testa
1202 5428 1299 5491 pro
1335 5411 1522 5468 charta
1537 5425 1787 5491 feteres,

229 5481 582 5563 pauperiores
620 5491 785 5557 certe,
816 5481 893 5535 uti
931 5481 1208 5535 solebant.
1236 5481 1499 5552 Diogenes
1537 5482 1785 5539 Laertius

230 5569 284 5605 tn
340 5551 630 5605 Cleanthe:
662 5547 860 5603 Τουτόν
895 5568 1054 5605 φασιν
1104 5552 1182 5605 εἰς
1237 5552 1475 5605 ὄστρακα
1524 5555 1618 5605 καὶ
1650 5553 1785 5605 θοῶν

230 5569 284 5605 ιη
340 5566 630 5605 meamne:
671 5566 860 5603 ιουτον
895 5568 1054 5606 φασιν
1104 5566 1182 5606 εις
1237 5566 1475 5606 οστοακα
1524 5566 1618 5605 και
1650 5566 1787 5606 βοων

230 5553 284 5605 in
340 5553 630 5605 Cleanthe:
662 5553 860 5603 Τοῦτόν
895 5568 1054 5619 φασιν
1104 5553 1182 5613 εἰς
1237 5553 1475 5621 ὄστρακα
1524 5555 1618 5605 καὶ
1650 5553 1787 5622 βοῶν

229 5621 558 5694 ὠμοπλάτας
581 5621 809 5694 γράφειν
833 5660 846 5682 ,
882 5622 1021 5694 άπερ
1048 5620 1243 5694 ἤκουεν
1285 5623 1377 5694 ἀπ’
1410 5623 1787 5694 αὐτοῦ-Ζήνω-

231 5690 342 5755 νος,
373 5691 574 5763 ἀπορίᾳ
608 5690 896 5762 κερμάτων
922 5690 1401 5763 ὥστείὼνήσασθαι
1437 5692 1652 5760 χαρτία.
1670 5690 1786 5745 Ῥαο

994 4921 1195 4979 ossius,
1226 4921 1486 4985 εὐσεϐεῖς.

1902 4773 2152 4847 ὀστράκῳ
2181 4773 2410 4847 γράφειν
2448 4774 2516 4825 τά
2553 4773 2748 4847 ἑαυτοῦ
2805 4776 3243 4847 συγγράμματα,
3272 4778 3361 4833 διὰ
3404 4779 3465 4832 τὸ

1902 4843 1979 4914 μὴ
2002 4843 2262 4914 ⁷εὐπορεῖν
2291 4843 2495 4914 χάριτας
2525 4843 2809 4913 πρίασθαι.
2833 4843 3064 4900 Bessan.

1968 4912 2081 4985 (45)
2129 4912 2622 4981 Ἀσπασᾶμενοι...
2655 4915 3217 4984 περιφροιηξσαντες.
3257 4915 3459 4973 Locum

1898 4985 2148 5037 mutilum
2179 4992 2332 5053 putat
2366 4999 2603 5051 nuperus
2637 4984 2811 5039 editor
2834 4985 3175 5040 Parisiensis.
3199 4988 3268 5041 At
3309 4988 3458 5042 illum

1899 5055 2195 5126 integritati
2226 5069 2339 5109 sua»,
2363 5054 2723 5126 restituimus,
2754 5056 2994 5110 adhibita
3024 5059 3460 5126 interpunctione

1898 5122 2223 5194 Betigeliana
2249 5133 2302 5178 et
2330 5125 2597 5194 recensita
2624 5126 2896 5179 versione.

1968 5192 2077 5267 ([6)
2116 5197 2359 5267 Ἄλλως.
2390 5192 2751 5267 Hoescltelius,
2782 5194 3032 5267 dilabi].
3073 5195 3277 5267 Locum
3320 5196 3457 5251 inte-

1895 5264 2168 5339 grum'sic
2200 5266 2441 5339 arbitror
2476 5265 2754 5339 legendum
2787 5284 2799 5318 :
2839 5264 3130 5339 ’Λλλάγάρ
3177 5268 3234 5321 ἒν
3277 5267 3457 5339 τριτον

1892 5332 2048 5398 αὖθις
2087 5335 2260 5398 ἄλλως
2302 5332 2816 5391 κωλύειξυειλιιυε.
2846 5367 2913 5376 -—
2947 5332 3323 5391 illesc'helium'
3364 5354 3452 5393 sc-

1891 5406 2079 5475 quitur
2100 5406 2408 5475 Bengclius,
2434 5416 2593 5474 atque
2621 5408 2692 5459 ita
2721 5407 2878 5460 vertit
2902 5426 2914 5460 :
2954 5406 3056 5460 Sed
3086 5425 3319 5475 rursum,
3349 5419 3454 5463 ter-

1890 5474 1963 5529 tio
1987 5474 2120 5542 loco,
2150 5474 2299 5528 aliud
2323 5487 2399 5529 est
2432 5478 2568 5545 quod
2594 5476 2827 5543 prohibet
2854 5487 2904 5530 et
2936 5478 3217 5533 absterret.

1962 5546 2074 5620 (l7)
2112 5548 2636 5620 Μεταναστάσεως.
2677 5547 2768 5599 Sic
2817 5547 3123 5620 Bengelius.
3184 5547 3447 5617 Vossius,

1896 5616 2010 5693 μετ’
2037 5616 2400 5679 ἀναστάσεως.
