3988 6200
535 261 677 321 1055

1668 256 1726 317 S.
1766 254 2092 318 GREGORII
2131 254 2635 314 THAUMATURGI

3633 263 3769 322 1036

535 379 670 434 tium
699 375 793 432 sed
823 375 1256 448 corruptibilium
1285 374 1560 446 variisque
1583 376 1760 431 modis
1785 387 1837 432 et
1868 376 1976 432 cito
2009 391 2102 446 pe-

2207 373 2473 430 ποιεῖσθαί
2515 392 2636 431 τινα
2685 373 3001 447 σεμνοειδῶς
3043 375 3138 429 καὶ
3175 374 3519 448 ἀξιοπρεπῶς
3564 377 3633 450 δὴ
3654 383 3770 445 ταῖς

535 466 814 524 reuntium
846 465 1136 532 rationem,
1169 473 1427 535 tanquam
1457 465 1512 519 in
1543 480 1601 520 re
1640 465 1790 534 gravi
1819 479 1884 521 ac
1923 464 2106 535 digna,

538 553 974 628 pertimescenda
995 561 1091 608 aut
1122 550 1587 623 subterfugiendo,
1620 550 1874 621 frigidum
1903 549 2110 606 scilicet

537 660 605 702 ac
641 645 797 700 futile
830 643 1145 698 videretur:
1178 643 1313 698 mihi
1355 650 1502 698 certe
1543 641 1591 697 si
1631 641 1758 712 quid
1796 641 1989 696 horum
2040 641 2108 696 ad

538 737 831 795 dicendum
872 737 1210 808 propositum
1247 743 1413 801 esset,
1441 736 1713 790 inutilium
1755 745 1811 792 et
1842 735 2106 799 inanium,

538 841 596 887 et
623 831 806 901 qualia
837 844 1115 899 nunquam
1143 829 1323 884 dicere
1357 828 1733 893 instituerem;
1759 827 1806 883 si
1836 827 1987 898 quid,
2025 826 2108 881 in-

539 934 726 990 quam,
757 919 890 974 mihi
922 919 1259 989 propositum
1285 929 1428 975 esset
1456 919 1744 988 ejusmodi,
1785 933 1881 974 nec
1920 916 2108 972 formi—

539 1012 724 1068 dinem
756 1009 921 1064 ullam
953 1009 1176 1066 haberet
1206 1009 1403 1076 oratio,
1431 1026 1531 1067 nec
1550 1019 1842 1076 vereretur,
1875 1025 1944 1064 ne
1975 1008 2107 1080 quid

539 1100 756 1171 uspiam
784 1100 971 1155 dicens
998 1099 1139 1155 infra
1156 1099 1472 1171 dignitatem
1497 1101 1676 1172 eloqui
1707 1098 2107 1157 viderer.Nunc

538 1207 670 1249 vero
716 1191 861 1262 quod
909 1191 965 1247 in
1007 1206 1074 1247 co
1120 1203 1206 1248 est
1251 1193 1337 1247 vel
1375 1208 1541 1264 prope
1583 1193 1847 1255 divinum,
1874 1191 1958 1246 vel
1997 1189 2108 1247 Deo

537 1300 704 1355 quam
733 1284 1093 1352 simillimum,
1137 1284 1411 1340 inclusum
1458 1285 1677 1356 quidem
1723 1285 1826 1340 hoc
1865 1295 2108 1355 aspecta-

538 1377 633 1433 bili
666 1392 732 1433 ac
761 1377 1000 1442 mortali,
1032 1377 1126 1432 sed
1153 1379 1219 1433 ad
1254 1377 1347 1434 Dei
1385 1379 1790 1433 similitudinem
1823 1379 2107 1434 studiosis-

539 1469 680 1525 sime
720 1469 1102 1526 contendens:
1140 1471 1302 1540 hujus
1343 1487 1443 1542 ego
1484 1471 1812 1526 mentionem
1847 1470 2024 1526 facere
2053 1480 2108 1525 et

538 1573 627 1614 res
669 1558 908 1629 majores
958 1559 1222 1629 attingere
1269 1575 1504 1630 parans,
1558 1559 1779 1630 Deoque
1825 1569 2104 1631 propterea

537 1649 740 1719 gratias
769 1664 948 1718 agere,
981 1651 1128 1719 quod
1154 1651 1301 1706 hunc
1341 1651 1473 1705 mihi
1503 1651 1679 1705 virum
1706 1652 1946 1706 nancisci
1975 1667 2100 1707 con-

2207 465 2517 532 ἀναϐολαῖς,
2548 464 2621 536 μὴ
2635 465 2729 519 καὶ
2757 464 2963 536 ψυχρὸν
2991 465 3024 535 ἢ
3056 465 3328 538 πέρπερον
3418 467 3548 538 (48)·
3579 470 3680 524 οὐκ
3709 474 3770 527 ἂν

2210 573 2300 629 μοι
2321 556 2522 612 τούτων
2546 557 2702 629 εἰπερ
2726 574 2779 610 τι
2811 556 2988 626 λέγειν
3020 557 3324 629 προύκειτο,
3358 561 3642 632 ἀχρήστων
3675 563 3771 632 μὲν

2206 647 2374 702 ὄντων
2398 649 2492 702 καὶ
2521 650 2785 721 ματαίων,
2807 649 2902 704 καὶ
2926 651 3052 704 οἴων
3081 650 3181 704 οὐκ
3203 653 3267 705 ἄν
3296 669 3422 706 ποτε
3453 653 3592 708 ἑκὼν
3615 655 3772 726 πρού-

2207 740 2378 812 θέμην
2427 741 2624 810 λέγειν’
2663 743 2725 796 οὐ
2762 743 2870 814 μὴν
2914 743 3027 796 ἀλλ’
3062 743 3219 816 είπερ
3265 745 3553 816 προύκειτό
3581 747 3690 817 (49)
3719 766 3769 805 τι

2207 829 2465 895 τοιοῦτον,
2488 830 2598 884 οὐδ’
2624 825 2766 901 εῖχεν
2797 829 2863 885 ἂν
2885 829 3169 886 εὐλάϐειαν
3194 834 3222 885 ὁ
3248 833 3421 902 λόγος,
3453 835 3574 890 οὐδὲ
3605 853 3766 910 φρον-

2207 920 2346 984 τίδα,
2385 921 2457 993 μή
2492 923 2567 993 πή
2596 939 2646 974 τι
2675 921 2869 992 λέγων,
2911 923 3087 994 ἥττων
3130 923 3229 994 τῆς
3273 922 3427 988 ἀξίας
3460 927 3767 998 φαινοίμην.

2207 1011 2340 1065 Νυνὶ
2363 1011 2420 1064 δὲ
2447 1011 2476 1064 ὅ
2513 1030 2566 1065 τι
2597 1011 2988 1067 θεοειδέστατον
3018 1013 3204 1078 αὐτοῦ,
3251 1016 3343 1069 καὶ
3367 1017 3502 1088 ὅπερ
3541 1019 3600 1070 ὲν
3626 1019 3772 1091 αὐτῷ

2207 1103 2464 1172 συγγενὲς
2502 1103 2563 1157 ὃν
2602 1105 2856 1175 τυγχάνει
2889 1104 3025 1176 Θεῷ,
3060 1107 3515 1179 ὲγκαθειργμένον
3558 1111 3658 1180 μὲν
3697 1111 3771 1182 τῷ

2208 1191 2514 1264 φαινομένῳ
2564 1195 2657 1248 καὶ
2703 1195 2882 1266 θνητῷ
2926 1195 3082 1266 τῷδε,
3139 1197 3220 1251 ὅτι
3259 1197 3315 1250 δὲ
3369 1198 3770 1267 φιλοπονώτατα

2207 1283 2582 1355 ἐξομοιοῦσθαι
2610 1285 2722 1356 (50)
2756 1285 3071 1357 βιαζόμενον
3112 1289 3190 1360 τῷ
3235 1289 3379 1361 Θεῷο
3411 1291 3605 1346 τούτου
3637 1311 3769 1364 μνη-

2210 1376 2456 1447 μονεύων
2501 1376 2594 1430 καὶ
2642 1379 2975 1448 ἐφάπτεσθαί
3023 1397 3138 1444 πως
3188 1381 3391 1452 μέλλων
3436 1387 3772 1456 πραγμάτων

2209 1464 2488 1537 μειζόνων,
2530 1469 2621 1521 καί
2645 1485 2786 1532 τινος
2813 1469 2900 1523 διά
2923 1470 3114 1524 τούτου
3141 1473 3235 1525 καὶ
3261 1473 3362 1543 τῆς
3391 1476 3469 1538 είς
3507 1476 3571 1528 τὸ
3619 1475 3771 1530 Θείον

2206 1557 2571 1628 εὐχαριστίας,
2606 1559 2685 1612 ὅτι
2716 1577 2804 1630 μοι
2850 1563 3187 1633 ωγκυρῆσαι
3224 1564 3446 1636 τοιούτῳ
3476 1565 3772 1639 δεδώρηται

2205 1649 2358 1719 ἀνδρὶ
2405 1648 2556 1720 παρὰ
2609 1651 2787 1704 πᾶσάν
2838 1668 2903 1722 γε
2949 1651 3048 1722 τὴν
3100 1652 3397 1725 ἀνθρώπων
3450 1656 3773 1727 προσδοκίαν

536 1752 753 1794 cessum
793 1739 885 1805 sit,
933 1754 1098 1809 supra
1131 1755 1346 1794 omnem
1392 1740 1672 1795 hominum
1721 1741 2103 1812 cegitationetn

2207 1733 2314 1786 τῶν
2341 1751 2398 1786 τε
2439 1735 2611 1788 ἄλλων
2644 1738 2736 1790 καὶ
2771 1738 2868 1809 τὴν
2897 1738 3028 1808 ἐμοῦ
3059 1740 3242 1806 αὐτοῦ,
3289 1743 3410 1796 οὐτε
3437 1726 3772 1816 προθεμένου

538 1840 700 1900 atque
745 1833 1244 1900 exspectationem,
1297 1842 1409 1886 tum
1451 1833 1717 1897 aliorum,
1766 1842 1880 1886 tum
1930 1849 2104 1888 meam

537 1930 720 1986 certe,
765 1922 860 1991 qui
907 1937 1008 1978 nec
1059 1924 1184 1977 talia
1217 1939 1455 1992 unquam
1498 1923 1629 1976 mihi
1670 1923 1968 1993 proposui,
2006 1938 2106 1980 nec

538 2026 672 2066 sane
699 2013 943 2080 speravi;
993 2027 1117 2068 cum
1164 2014 1297 2078 haec,
1346 2015 1589 2085 inquam,
1635 2031 1834 2085 parvus
1871 2024 1924 2071 et
1956 2017 2105 2070 nullo

538 2101 756 2171 ingenio
803 2103 1061 2171 praaditus
1088 2105 1391 2176 aggrediar,
1434 2121 1544 2160 non
1578 2106 1846 2162 immerito
1879 2117 2106 2163 cunctor

537 2207 604 2248 ac
635 2193 822 2259 timeo,
878 2203 933 2250 et
969 2195 1129 2251 silere
1175 2212 1398 2266 prorsus
1444 2198 1608 2253 malo.
1655 2196 1722 2254 Et
1772 2214 1899 2254 vero
1947 2200 2105 2256 silere

538 2283 675 2338 mihi
719 2285 1052 2342 tutissimum
1089 2289 1390 2354 videbatur,
1439 2305 1503 2344 ne
1539 2292 1832 2361 gratiarum
1875 2293 2106 2348 actionis

537 2385 822 2446 praetextu,
857 2379 1119 2450 praecipiti
1150 2380 1333 2436 forsan
1369 2381 1622 2437 facilitate
1650 2385 1716 2438 de
1738 2385 1992 2454 gravibus
2018 2401 2106 2440 sa-

537 2469 755 2539 crisque
783 2471 1007 2528 minime
1035 2474 1243 2544 gravia,
1279 2475 1373 2530 sed
1402 2475 1626 2530 humilia
1669 2484 1832 2546 atque
1876 2477 2106 2546 protrita

537 2556 788 2624 dicendo,
832 2575 942 2616 non
987 2563 1162 2617 solum
1204 2563 1488 2618 veritatem
1538 2577 1650 2618 non
1689 2577 1968 2633 assequar,
2009 2562 2106 2618 sed

537 2651 740 2722 aliquid
763 2652 926 2708 etiam
951 2654 1018 2709 de
1043 2670 1128 2720 ea,
1158 2657 1303 2725 quod
1328 2657 1386 2710 in
1417 2671 1503 2711 me
1528 2668 1631 2720 est,
1660 2656 1940 2711 detraham
1963 2655 2105 2726 apud

535 2757 651 2806 eos,
684 2744 778 2814 qui
819 2760 932 2799 rem
973 2745 1054 2800 sic
1095 2761 1154 2800 se
1194 2746 1394 2802 habere
1424 2745 1674 2811 credent,
1721 2761 1846 2801 cum
1891 2745 2106 2800 infirma

538 2835 718 2890 oratio
761 2837 1146 2891 cuntumeliam
1187 2839 1370 2907 potius
1414 2837 1681 2903 inferens,
1731 2853 1894 2908 quam
1942 2852 2105 2908 opera

538 2925 796 2984 facultate
818 2929 1131 3000 adaequatis,
1160 2930 1460 3025 elliqgetur.
1498 2932 1568 2986 At
1603 2941 1694 2985 tua
1726 2931 1944 3001 quidem
1987 2945 2106 2984 om-

537 3021 629 3074 nia
676 3034 780 3075 nec
827 3021 996 3074 minui
1026 3021 1281 3090 possunt,
1325 3037 1424 3077 nec
1467 3022 1850 3076 contumeliam
1889 3021 2025 3092 pati,
2066 3035 2104 3076 ο

537 3111 764 3166 charum
795 3119 988 3180 caput;
1025 3113 1110 3166 vel
1147 3111 1331 3166 divina
1363 3112 1562 3180 potius,
1591 3127 1712 3180 qua:
1752 3111 1805 3165 in
1851 3127 1911 3167 se
1949 3111 2101 3181 ipsis,

537 3201 720 3269 qualia
751 3211 897 3268 sunt,
935 3202 1159 3255 immota
1188 3211 1524 3271 permanent,
1552 3201 1794 3271 nihilque
1822 3191 1892 3257 ab
1914 3202 2103 3257 humili

537 3302 593 3350 et
612 3293 831 3364 indigna
860 3293 1107 3347 oratione
1138 3303 1322 3348 nostra
1358 3291 1768 3348 labefactantur.
1811 3291 1920 3349 Nos
1951 3306 2100 3358 vero,

538 3384 724 3439 nescio
758 3399 868 3454 quo
896 3392 1054 3454 pacto
1079 3385 1317 3440 audacia:
1342 3384 1767 3454 temeritatisque
1796 3395 1978 3439 notam
2003 3383 2101 3438 de-

537 3475 738 3532 clinare
767 3477 1062 3547 possimus,
1097 3478 1188 3548 qui
1218 3493 1327 3548 prae
1375 3477 1641 3544 amentia,
1673 3477 1822 3532 tenui
1867 3486 1922 3532 et
1953 3477 2104 3547 inge-

539 3567 634 3624 nio
669 3576 725 3622 et
766 3577 1026 3638 apparatu
1076 3585 1165 3625 res
1205 3583 1428 3640 magnas
1469 3584 1534 3624 ac
1583 3577 1800 3638 captum
1854 3576 2102 3624 nostrum

538 3659 862 3717 excedentes
909 3661 1240 3716 adoriamur.
1284 3661 1439 3729 Quod
1484 3661 1530 3716 si
1573 3661 1700 3717 alibi
1748 3659 2003 3727 fortasse,
2049 3668 2104 3716 et

540 3752 686 3822 apud
721 3752 880 3816 alios,
921 3752 1102 3807 simile
1132 3752 1409 3822 quidpiam
1437 3751 1661 3822 juvenili
1701 3752 1962 3822 iactantia
1991 3765 2104 3807 οων

539 3844 832 3915 pissemus,
847 3843 1083 3898 audaces
1111 3844 1297 3912 utique
1319 3857 1384 3898 ac
1407 3843 1744 3914 praslidentes
1765 3842 2100 3910 videremur;

539 3935 637 3992 sed
667 3943 848 3990 tamen
879 3933 1225 4004 impudentia:
1247 3934 1532 3990 tribuenda
1559 3934 1835 3990 temeritas
1873 3949 1984 3990 non
2016 3947 2104 3988 es-

539 4039 642 4092 set,
675 4027 820 4096 quod
844 4043 954 4082 non
986 4043 1172 4082 coram
1208 4035 1262 4083 te
1299 4026 1424 4082 talia
1451 4025 1796 4081 auderemus.
1823 4021 1978 4079 Nunc
2006 4039 2106 4078 au-

539 4125 648 4172 tem
677 4133 894 4174 omnem
918 4119 1168 4174 amentia:
1197 4117 1416 4172 modum
1445 4116 1811 4187 implebimus,
1854 4123 1948 4169 aut
1986 4114 2101 4186 jam

538 4209 702 4266 etiam
735 4211 1100 4282 implevimus,
1128 4211 1221 4281 qui
1265 4211 1448 4276 illotis,
1491 4209 1636 4280 quod
1672 4209 1847 4273 aiunt,
1874 4207 2101 4277 pedibus

537 4302 606 4358 ad
645 4317 807 4358 aures
839 4303 1065 4357 introire
1109 4302 1227 4357 ausi
1277 4316 1498 4367 sumus,
1537 4301 1592 4355 in
1617 4299 1816 4369 quibus
1857 4299 2099 4353 divinum

538 4395 718 4466 ipsum
749 4394 1008 4461 Verbum,
1034 4411 1144 4450 non
1170 4397 1344 4460 tectis,
1381 4402 1442 4448 ut
1469 4392 1611 4462 apud
1637 4391 1783 4461 vulgi
1822 4391 2098 4448 hominum
2132 4410 2176 4465 ο

535 4499 732 4548 aures,
789 4485 1014 4555 pedibus
1060 4495 1317 4556 tanquam
1367 4484 1471 4539 sub
1521 4483 1722 4539 crassis
1775 4482 2101 4554 quibusdam

537 4576 1001 4647 aenigmaticarum
1039 4586 1412 4647 tectarumque
1455 4590 1650 4631 vocum
1697 4574 1954 4644 pellibus,
2007 4575 2102 4629 sed

538 4670 723 4737 nudis,
755 4678 815 4724 ut
859 4669 1003 4728 dicat
1046 4671 1318 4740 quispiam
1343 4709 1360 4736 ,
1406 4669 1756 4725 manifestum
1806 4677 1860 4723 et
1898 4667 2105 4737 perspi-

616 4803 728 4875 (48)
759 4801 855 4875 Μὴ
892 4801 990 4856 καὶ
1038 4803 1278 4875 ψυχρὸν
1321 4801 1360 4869 ἢ
1411 4800 1704 4875 πέρπερον
1741 4792 1800 4869 ᾗ.
1835 4797 1923 4869 Μή
1965 4797 2107 4875 valet

538 4885 597 4931 ut
623 4867 752 4928 ἰιοή
800 4867 973 4927 dicam
1002 4889 1019 4927 :
1048 4867 1249 4926 in)in
1298 4867 1443 4942 quod
1484 4867 1670 4942 majus
1725 4867 1807 4924 est
1851 4867 2105 4942 quodque

541 4947 723 5016 ipsum
762 4944 1030 5016 afﬁrmare
1068 4937 1399 5016 poteramus,
1425 4937 1757 5016 omittimus,
1789 4949 1845 5016 ut
1874 4939 1932 5016 id
1959 4937 2104 5007 quod

542 5007 728 5070 minus
755 5023 860 5079 est,
879 5007 1228 5068 aﬂirmémus.
1249 5010 1560 5083 Περπερεία
1581 5009 1846 5083 Clementi
1871 5007 2106 5083 Alexan-

544 5085 704 5140 drino
734 5093 819 5140 est
841 5083 1243 5153 καλλωπισμὸς,
1274 5079 1654 5153 περιττότητος
1684 5080 1778 5153 καὶ
1820 5079 2106 5153 ἀρχαιότη-

542 5173 634 5220 τος
675 5154 813 5225 ἐχων
839 5149 1137 5225 ἔμφασιν(
1165 5149 1806 5225 Petrus_Alexandriuus
1853 5150 1903 5202 in
1942 5149 2102 5225 _epist.

545 5219 668 5306 can.
703 5219 1128 5306 f9,_dc'ciericis
1161 5224 1315 5306 ultro.
1330 5223 1396 5277 ad
1434 5219 1749 5306 martyrium
1779 5219 2102 5306 ruentibus;

547 5298 676 5350 Ὅτε
700 5295 757 5348 δὲ
787 5295 1016 5350 ἔπαισαν
1045 5294 1119 5357 ὡς
1160 5294 1226 5347 ἂν
1256 5288 1774 5363 περπερευσάμενοι.
1810 5288 1908 5363 _Ubi
1938 5288 2107 5363 zona-

549 5310 676 5350 "Urs
700 5310 757 5348 οε
787 5310 1016 5350 επαισαν
1045 5312 1119 5357 ως
1160 5311 1226 5347 αν
1256 5310 1322 5346 πε
1366 5310 1601 5363 περευσα
1649 5310 1774 5342 ενοι.
1813 5310 1908 5343 υυι
1938 5310 2104 5342 bona-

543 5381 680 5438 ras:
714 5365 1050 5438 Περπερείαν
1087 5365 1130 5417 δ’
1165 5310 1394 5438 ἐνταῦθα
1435 5363 1534 5438 τὴν
1575 5310 1888 5438 ἀλαζονείαν
1931 5358 2104 5426 καλεῖ.

547 5430 957 5491 νει-δυιιίὶιιυό
1005 5450 1115 5505 quo
1153 5445 1207 5490 et
1255 5430 1576 5489 Sirmomlus
1629 5439 1683 5485 et
1723 5430 2108 5505 lihoilomanus

548 5506 635 5561 usi
653 5515 822 5581 sunt,
855 5500 1040 5581 futile;
1062 5507 1188 5581 huic
1232 5505 1352 5581 locu
1394 5505 1579 5581 minus
1622 5517 1786 5572 quam
1828 5500 1948 5555 aliis
1977 5515 2108 5581 enti-

589 5575 696 5628 ruit
731 5592 743 5626 :
775 5575 989 5640 mallem
1024 5577 1269 5631 insolens.
1306 5575 1411 5630 Sed
1439 5575 1612 5642 ipsum
1640 5587 1908 5642 perperam
1942 5575 2106 5642 etiam

589 5592 696 5628 rutt
731 5592 743 5626 ἒ
775 5592 989 5640 malle")
1024 5592 1269 5631 ιηδοιεηδ.
1307 5592 1411 5630 bed
1440 5592 1452 5628 Ι
1495 5592 1612 5629 sum
1640 5592 1908 5642 perperam
1942 5592 2106 5624 suam

549 5592 800 5700 Eatinum
831 5656 932 5700 est.
958 5645 1186 5701 BENGBL.
1205 5675 1273 5686 -——
1296 5592 1617 5716 llesycll‘tium
1644 5641 1865 5716 consule
1887 5641 2106 5716 ιιι-Περτ

552 5717 696 5788 περᾷ
725 5725 777 5771 et
812 5716 1235 5787 περπερεύεται,
1279 5710 1460 5791 ibique
1505 5715 1757 5771 adnotata
1791 5711 1857 5769 cl.
1903 5710 2107 5768 Albcrti

2206 1826 2336 1880 ποτὲ
2363 1825 2485 1880 οὐτε
2515 1828 2608 1880 καὶ
2632 1828 2968 1894 ἐλπίσαντοςο
3002 1831 3254 1886 τοιούτων
3284 1835 3619 1904 ἐφάπτεσθαι
3653 1839 3775 1910 μέλ-

2205 1917 2330 1984 λων,
2386 1919 2578 1991 μικρὸς
2627 1920 2702 1973 ὢν
2745 1923 2838 1974 καὶ
2868 1924 3027 1986 ἄνους
3073 1923 3367 1990 παντελῶς,
3397 1928 3498 1981 οὐκ
3539 1930 3775 1999 εὐλόγως

2205 2007 2502 2080 ἀναδύομαί
2529 2026 2588 2062 τε
2615 2011 2709 2063 καὶ
2745 2011 2891 2065 ὀκνῶ
2931 2014 3024 2067 καὶ
3067 2015 3207 2070 ἑκὼν
3240 2013 3377 2072 εἶναι
3423 2021 3637 2073 σιωπῶ.
3663 2023 3774 2087 Καὶ

2205 2097 2339 2168 δῆτα
2362 2099 2460 2169 τὴν
2485 2099 2708 2169 ἡσυχίαν
2747 2100 2900 2168 ἄγειν
2938 2104 3175 2174 ἀσφαλές
3223 2124 3312 2176 μοι
3363 2110 3773 2179 καταφαίνεται,

2210 2189 2282 2260 μή
2309 2207 2382 2261 πη
2413 2193 2678 2262 προφάσει
2708 2193 2805 2264 μὲν
2841 2196 3203 2265 εὐχαριστίας,
3235 2197 3340 2254 ὑπὸ
3361 2197 3418 2250 δὲ
3448 2202 3776 2271 προπετείας

2208 2277 2336 2342 ἴσως
2384 2281 2512 2352 περὶ
2557 2283 2769 2353 σεμνῶν
2798 2284 2893 2337 καὶ
2923 2283 3081 2354 ἱερῶν
3125 2284 3336 2356 ἄσεμνά
3359 2302 3418 2338 τε
3461 2287 3558 2340 καὶ
3584 2289 3776 2359 εὐτελῆ

2206 2370 2302 2424 καὶ
2337 2387 2694 2445 καταπεπατη
2703 2374 2840 2444 μένα
2875 2375 3083 2440 διεξιὼν
3102 2417 3118 2441 ,
3143 2377 3204 2430 οὐ
3241 2377 3400 2447 μόνον
3420 2379 3520 2433 οὐκ
3541 2380 3776 2449 ὲφικνῶ-

2209 2479 2305 2530 μαι
2337 2462 2439 2531 τῆς
2466 2461 2740 2534 ἀληθείας,
2789 2465 2923 2518 ἀλλὰ
2956 2465 3050 2518 καὶ
3079 2465 3325 2538 καθαιρῶ
3371 2485 3455 2537 τι,
3487 2470 3549 2523 τό
3592 2487 3659 2539 γε
3692 2473 3772 2524 ἐπ’

2206 2553 2346 2624 ἐμοὶ,
2378 2555 2527 2624 παρά
2554 2558 2666 2620 τοῖς
2707 2555 2878 2620 οὕτως
2924 2556 3064 2627 ἔχειν
3105 2560 3469 2624 πιστεύουσιν,
3502 2560 3580 2624 ὡς
3618 2562 3775 2616 ἀσθε-

2207 2643 2301 2715 νὴς
2329 2644 2404 2697 ὢν
2433 2647 2462 2697 ὁ
2488 2645 2661 2715 λόγος,
2698 2648 3057 2719 περιυϐρίζων
3092 2649 3307 2721 μᾶλλον,
3332 2653 3477 2724 ἡπερ
3503 2652 3774 2726 ἐξομοιού-

2209 2752 2368 2807 μενος
2395 2740 2505 2801 τοῖς
2527 2737 2705 2810 ἔργοις
2733 2741 2797 2810 τῇ
2829 2739 3081 2810 δυνάμει,
3117 2743 3551 2798 ὐποτυπώσεται.
3586 2746 3773 2800 Καίτοι

2204 2829 2273 2882 τά
2329 2829 2428 2899 μὲν
2475 2830 2541 2884 σά
2588 2831 2921 2903 ἀκαθαίρετα
2962 2834 3053 2886 καὶ
3098 2833 3411 2904 ἀνύϐριστα,
3450 2829 3496 2888 ὦ
3527 2836 3657 2908 φίλὴ
3689 2855 3772 2892 κε-

2207 2915 2372 2988 φαλὴ,
2398 2920 2491 2972 καὶ
2524 2919 2656 2974 πολύ
2694 2922 2890 2991 μᾶλλον
2926 2924 2993 2977 τά
3021 2923 3136 2976 θεῖα
3172 2925 3399 2994 μένοντα
3423 2927 3508 2995 ἐφ’
3543 2927 3770 2994 ἑαυτῶν,

2205 3005 2280 3070 ὡς
2324 3006 2434 3077 ἔχει
2455 3050 2470 3073 ,
2509 3009 2803 3076 ἀσάλευτα,
2847 3012 2995 3066 οὐδὲν
3040 3013 3379 3085 βλαπτόμενα
3414 3016 3518 3070 ὑπὸ
3546 3017 3658 3070 τῶν
3687 3037 3772 3088 μισ

2206 3098 2353 3168 κρῶν
2399 3100 2492 3153 καὶ
2535 3101 2763 3166 ἀναξίων
2803 3104 3083 3174 ἡμετέρων
3132 3105 3335 3175 λόγων·
3382 3110 3545 3179 ἡμεῖς
3583 3110 3640 3163 δὲ
3681 3112 3772 3164 οὐκ

2204 3184 2299 3242 οἷδ’
2331 3191 2476 3252 ὅπως
2507 3191 2604 3262 τὴν
2641 3191 2739 3254 τῆς
2769 3192 3102 3265 θρασύτητος
3131 3197 3225 3250 καὶ
3255 3200 3586 3267 προπετείας
3621 3201 3771 3267 δόξαν

2202 3278 2620 3350 διαφευξόμεθα,
2652 3282 3080 3353 ἐπιπηδήσαντες
3115 3287 3206 3340 ὑπ’
3241 3289 3442 3354 ἀνοίας,
3475 3293 3660 3363 μικρῷ
3685 3297 3769 3347 καὶ

2202 3369 2278 3440 νῷ
2305 3369 2396 3424 καὶ
2424 3375 2765 3443 παρασκευῇ,
2822 3374 3072 3443 μεγάλοις
3138 3378 3232 3430 καὶ
3285 3379 3424 3450 ὑπὲρ
3458 3382 3612 3452 ἡμᾶς
3653 3383 3774 3448 ἴσως

2204 3462 2509 3533 πράγμασι.
2546 3463 2656 3516 Καὶ
2686 3466 2734 3517 εί
2781 3466 2877 3535 μὲν
2906 3465 3157 3537 ἀλλαχόθι
3204 3486 3305 3522 που
3349 3473 3443 3524 καὶ
3485 3473 3575 3526 ἐπ’
3606 3474 3773 3528 ἄλλων

2202 3555 2424 3609 τοιαῦτα
2466 3557 2920 3628 προεθυμήθημεν
2953 3560 3382 3627 νεανιεύσασθαι,
3422 3563 3650 3635 θρασεῖς
3681 3566 3774 3636 μὲν

2204 3649 2298 3702 καὶ
2329 3647 2498 3712 οὕτως
2521 3645 2660 3720 ἦμεν
2688 3652 2779 3703 καὶ
2804 3650 3058 3723 τολμηροί
3080 3671 3241 3718 τινεςο
3267 3654 3327 3708 οὐ
3357 3655 3466 3726 μὴν
3490 3657 3607 3711 ἀλλ’
3627 3659 3777 3712 ἀναί-

2202 3739 2321 3794 δεια
2348 3740 2446 3811 τῆς
2474 3741 2804 3812 προπετείας
2827 3743 2997 3810 αἰτία,
3027 3744 3104 3815 τῷ
3133 3746 3206 3817 μὴ
3237 3747 3330 3799 ἐπὶ
3363 3747 3444 3801 σοὶ
3471 3748 3586 3821 (51)
3608 3749 3776 3805 ταῦτα

2205 3829 2580 3902 θρασύνεσθαι.
2635 3833 2771 3886 Νυνὶ
2822 3833 2879 3886 δὲ
2937 3836 3043 3888 πᾶν
3084 3835 3159 3905 τὸ,
3200 3837 3395 3908 μέτρον
3441 3839 3542 3910 τῆς
3592 3842 3774 3905 ἀνοίας

2202 3923 2607 3995 ἁποπλὴσομεν,
2643 3924 2674 3995 ἢ
2708 3927 2802 3979 καὶ
2837 3926 3230 3998 ἀπεπλήσαμεν
3265 3930 3388 4001 ἡδη,
3421 3932 3775 4002 ἐπεμϐαίνειν

2202 4014 2563 4086 τολμήσαντες
2595 4017 2840 4081 ἀνίπτοις
2881 4021 2992 4082 τοῖς
3026 4020 3151 4072 ποσὶ
3188 4020 3364 4091 (τοῦτο
3386 4022 3450 4092 δὴ
3479 4022 3538 4076 τὸ
3569 4025 3663 4078 τοῦ
3692 4025 3773 4078 λό-

2203 4107 2321 4178 γου)
2369 4109 2585 4172 ἀκοαῖς,
2619 4104 2708 4174 αἷς
2741 4110 2948 4178 αὐτὸςΙό
2978 4111 3119 4176 θεῖος
3157 4113 3323 4180 Λόγος
3366 4113 3517 4167 οὐδὲν
3538 4115 3773 4169 ἐσκεπα-

2205 4199 2440 4270 σμένοις,
2471 4201 2544 4265 ὡς
2575 4204 2694 4266 ταῖς
2731 4203 2836 4256 τῶν
2866 4204 3073 4258 πολλῶν
3104 4205 3422 4275 ἀνθρώπων,
3454 4209 3568 4271 τοῖς
3596 4210 3768 4273 ποσὶν,

2202 4289 2392 4362 ὥσπερ
2425 4291 2527 4344 ὑπὸ
2554 4292 2772 4362 παχέων
2817 4294 2973 4346 τινῶν
3001 4294 3282 4366 δερμάτων
3313 4295 3418 4348 τῶν
3447 4298 3768 4368 αἰνιγματω-

2203 4382 2308 4438 δῶν
2357 4383 2450 4436 καὶ
2481 4383 2701 4454 ἀσαφῶν
2733 4384 2840 4455 (59.)
2870 4384 3087 4452 λέξεων,
3139 4386 3272 4440 ἀλλὰ
3295 4389 3520 4457 γυμνοῖς
3555 4389 3663 4458 (ὡς
3706 4389 3769 4443 ἂν

2206 4474 2349 4528 εἴποι
2379 4474 2502 4544 τις),
2541 4475 2715 4546 σαφὴς
2752 4478 2844 4529 καὶ
2881 4476 3143 4547 πρόδηλος
3173 4477 3489 4546 ἐμϐατεύων
3521 4479 3764 4549 ἐνεπιδη-

2205 4571 2314 4640 μεῖ·
2351 4571 2508 4639 ἡμεῖς
2546 4567 2601 4620 δὲ
2631 4568 2816 4640 ὥσπερ
2861 4568 3030 4639 ῥύπον
3062 4571 3094 4640 ἢ
3133 4570 3296 4640 πηλόν
3344 4587 3462 4624 τινα
3513 4573 3640 4635 τοὺς
3681 4574 3765 4626 ἀν-

2206 4660 2510 4732 θρωπίνους
2557 4659 2709 4731 ἡμῶν
2773 4660 2964 4728 λόγους
3016 4662 3270 4730 φέροντες
3319 4661 3605 4717 ὲπαντλεῖν
3660 4664 3763 4736 (55)

2202 4805 2336 4850 tom.
2368 4796 2435 4858 ll,
2467 4811 2587 4866 pag.
2625 4795 2749 4850 943.

2273 4865 2385 4937 (49)
2409 4865 2755 4941 Ιζλοούκειτοἒ
2779 4865 3064 4941 Bepgelius
3096 4880 3218 4921 cum
3243 4865 3570 4933 Hoeschelio,
3604 4865 3765 4941 πρού-

2203 4932 2374 4999 κείτο,
2406 4932 2516 4989 οὐθ’
2548 4935 2788 5006 ἡντινοῦν
2821 4932 2965 5006 εἶχεν
2994 4937 3077 4991 ἀν.

2275 5007 2388 5078 (50)
2430 5007 2890 5078 Ἐξομοιοῦίσᾷαι.
2926 5007 3170 5076 Amplius
3207 5008 3410 5078 aliquid
3449 5022 3649 5064 sonare
3681 5008 3764 5061 vi-

2204 5076 2377 5151 detur
2409 5078 2469 5130 τὸ
2507 5076 2901 5151 ἐξομοιοῦσθαι,
2936 5092 3125 5151 qualn;
3147 5078 3222 5151 τί)Δ
3261 5076 3564 5151 μιμεῖσθαι,
3593 5079 3765 5148 inquit

2205 5149 2507 5204 Gatakerus
2533 5149 2599 5202 ad
2635 5148 2836 5201 Anton.
2869 5163 2992 5217 pag.
3033 5147 3155 5202 560.
3184 5147 3386 5218 Nempe
3413 5149 3647 5202 alterum
3676 5147 3766 5204 re-

2205 5219 2375 5274 fertur
2407 5219 2473 5272 ad
2501 5217 2764 5282 habitum,
2788 5217 3017 5272 alterum
3045 5219 3111 5272 ad
3141 5217 3400 5277 "actiones.
3427 5217 3661 5274 Bessan.

2277 5289 2390 5358 (51)
2427 5287 2551 5340 Ἐπὶ
2579 5288 2698 5342 σοί.
2728 5287 2960 5342 Prorsus
3012 5287 3290 5356 legendum
3334 5290 3425 5342 ἐπὶ
3471 5288 3566 5341 σοῦ
3600 5305 3766 5345 :nam

2205 5357 2377 5414 modo
2400 5359 2451 5412 in
2484 5359 2744 5412 antitheto
2773 5357 2908 5413 dixit
2931 5359 3015 5410 ἐπ’
3044 5358 3235 5413 ἀλλων.
3270 5358 3344 5413 In.

2277 5429 2390 5500 (52)
2430 5426 2714 5497 Ἇσαφῶν.
2740 5426 2864 5500 Ger.
2891 5428 3139 5500 Vossius,
3168 5430 3446 5499 ἀσφαλῶν.

2277 5497 2390 5570 (55)
2417 5499 3061 5570 Φέροντεςᾼέπαντλεῒν.
3090 5497 3401 5555 Idiotismus
3427 5501 3636 5555 auctori
3666 5515 3769 5555 no-

2207 5567 2333 5642 stro
2366 5567 2639 5640 frequens.
2669 5567 2780 5642 _Sic
2823 5570 2960 5623 infra
2995 5570 3174 5642 φέρων
3211 5571 3483 5642 ἐπιδοίην,
3513 5572 3770 5642 φέροντες

2209 5639 2566 5714 ἀναθήσομεν,
2616 5639 3211 5714 φέρωνΑκατεστὴσατο,
3265 5639 3442 5714 φέρων
3509 5639 3766 5714 samps-

2211 5711 2559 5783 σατο,’φέρων
2588 5711 2930 5783 ὲμφυτεύσει,
2965 5711 3140 5784 φέρων
3173 5711 3506 5780 ἐγκατέθετο.
3531 5711 3760 5767 Βειιοει..
