3938 6282
158 228 294 283 1057

1162 220 1229 276 ΙΝ
1269 218 1619 276 ORIGENEM
1647 213 1904 273 ORATIO
1942 210 2401 269 PANEGYRICA.

3262 208 3400 266 1058

152 341 534 416 ἰτολμὴταμεν
581 342 771 406 ἀκοαῖς
830 339 989 394 θείων
1048 338 1142 392 καὶ
1208 336 1464 408 καθαρῶν
1520 336 1728 390 ἀκούειν

1838 347 1998 387 cuum
2028 332 2283 386 incedens
2305 328 2619 385 obambulat
2652 347 2663 381 :
2698 336 2750 382 et
2779 341 2878 381 nos
2913 335 3091 381 autem
3116 324 3263 380 velut
3282 342 3405 381 sor-

153 436 611 507 μιμελετηκυίαις
656 433 866 503 φωνῶν.
908 432 1028 503 Ἆρ’
1058 426 1149 484 οὖν
1181 431 1396 501 ἀπόχρη
1427 428 1587 499 μέχρι
1612 426 1732 480 τού-

148 545 246 583 τθυ
300 528 597 599 ἁμαρτεῖν·
654 526 747 579 καὶ
807 525 899 579 νῦν
953 524 1082 594 γοῦν
1125 525 1419 593 σωφρονεῖν
1466 519 1731 592 ἄρξασθαι

149 622 286 692 χρὴ,
324 620 519 690 μηκέτι
556 619 651 689 μὲν
688 618 999 688 περαιτέρω
1044 614 1433 684 προϐαίνοντας
1460 611 1537 682 τῷ
1567 612 1728 681 λόγῳ,

152 710 321 763 αὑτοῦ
364 710 422 762 δὲ
466 708 950 773 καταπαύσαντας,
1004 701 1303 777 ἐϐουλόμην
1339 705 1454 775 μέν.
1502 704 1575 757 Οὐ
1626 704 1730 773 μὴν

150 801 271 855 ἀλλ’
305 800 454 864 ἅπαξ
478 819 567 871 μοι
588 799 970 871 θρασυνομένῳ
1013 799 1211 863 ἐξέστω
1255 796 1352 867 τὴν
1381 795 1555 848 αίτίαν
1580 794 1730 865 πρῶ-

148 910 246 945 τον
294 894 506 956 εἰπεῖν,
561 892 648 959 ὐφ’
696 888 763 963 ἦς
809 890 1064 962 ἐπαρθεὶς
1112 889 1203 941 ἐπὶ
1250 888 1432 941 τοῦτον
1482 882 1591 959 ἦκα
1642 885 1732 938 τὸν

145 984 366 1051 ἀγῶνα,
400 982 452 1035 εἴ
484 1001 557 1053 πη
584 984 675 1035 καὶ
722 981 1015 1053 συγγνώμη
1040 980 1246 1051 γένοιτό
1277 997 1363 1050 μοι
1391 978 1487 1049 τῆς
1530 994 1731 1049 προπε-

146 1076 305 1140 τείας
335 1074 558 1146 ταύτης.
846 1064 849 1065 ν

220 1261 295 1313 1".
336 1260 518 1314 Δεινόν
566 1276 653 1330 μοι
696 1260 728 1329 ἡ
777 1256 1067 1329 ἀχαριστία
1112 1254 1531 1325 καταφαίνεται,
1563 1251 1730 1304 δεινὸν

146 1355 246 1405 καὶ
271 1352 575 1406 πάνδεινον.
605 1351 847 1405 Παθόντα
869 1352 976 1422 γάρ
1006 1367 1057 1402 τι
1089 1348 1297 1413 καλῶς,
1339 1347 1412 1417 μὴ
1447 1345 1540 1398 καὶ
1574 1345 1733 1414 ἀμεί-

147 1445 351 1498 εεσθαι
382 1443 691 1514 πειρᾶσθαι,
719 1446 765 1496 εὶ
803 1443 894 1496 καὶ
930 1443 1004 1513 μὴ
1040 1441 1213 1503 ἄλλως
1239 1439 1486 1502 δυνατὸν,
1517 1438 1732 1510 εὐχαρι-

152 1537 336 1598 στίαις
379 1534 509 1604 γοῦν
552 1536 670 1589 ταῖς
717 1534 803 1587 διὰ
838 1533 1032 1600 λόγων,
1077 1533 1108 1602 ἢ
1155 1532 1380 1601 ἀνοήτου
1433 1530 1606 1598 πάντη
1636 1526 1731 1579 καὶ

149 1626 485 1696 ἁναισθήτου
525 1627 633 1678 τῶν
664 1624 1011 1697 εὐεργεσιῶν,
1046 1622 1078 1693 ἢ
1118 1623 1446 1693 ἀμνήμονος·
1485 1620 1589 1689 ὅτῳ
1620 1617 1729 1687 (54)

1831 426 1927 479 des
1952 438 2013 477 ac
2050 438 2264 478 cmnum
2301 420 2597 491 quoddam,
2627 418 2873 473 mortalia
2894 418 3007 473 haec
3032 417 3196 473 verba
3219 426 3403 472 nostra

1832 514 2062 577 inferre,
2115 522 2278 584 atque
2326 515 2378 567 in
2428 528 2589 568 aures
2632 511 2831 566 divinis
2874 510 3132 581 purisque
3176 510 3405 566 vocibus

1831 607 2113 661 audiendis
2153 615 2398 661 assuetas
2435 604 2721 659 infundere
2756 604 3040 659 audemus.
3094 602 3240 659 Satis
3273 617 3404 673 ergo

1831 703 1921 767 sit,
1962 700 2068 754 huc
2109 715 2283 769 usque
2324 714 2602 769 peccasse;
2640 698 2723 752 vel
2766 712 2911 751 nunc
2939 687 3164 751 tandem
3213 712 3403 767 sapere

1832 792 2195 861 incipiendum
2247 800 2368 857 est;
2418 807 2517 845 nec
2562 791 2809 845 oratione
2847 790 3062 860 longius
3103 789 3400 864 producta,

1830 887 1918 941 hic
1948 887 2324 943 desinendum.
2372 885 2575 940 Vellem
2620 885 2906 954 equidem;
2954 898 3141 939 verum
3179 884 3403 955 pudoris

1831 981 1964 1034 ﬁnes
1988 978 2155 1049 semel
2185 993 2404 1049 egresso
2430 979 2590 1033 liceat
2633 991 2854 1031 causam
2887 976 3041 1045 prius
3064 966 3265 1041 dicei'e,
3294 991 3403 1045 qua

1830 1070 2025 1126 ductus
2058 1072 2111 1125 in
2141 1080 2413 1125 certamen
2449 1070 2552 1125 hoc
2594 1070 2738 1136 veni,
2784 1070 2828 1123 si
2879 1084 2986 1138 qua
3034 1068 3169 1123 mihi
3215 1068 3403 1125 forsan

1830 1164 2149 1217 temeritatis
2183 1163 2343 1232 hujus
2375 1163 2529 1217 venia
2560 1162 2910 1216 concedatur.

1900 1254 1985 1308 Ill.
2026 1255 2169 1309 Dura
2221 1256 2353 1309 mihi
2402 1256 2690 1325 gravisque
2732 1270 2850 1318 res,
2901 1256 3144 1325 ingratus
3188 1253 3404 1309 animus

1829 1348 2070 1413 videtur;
2116 1347 2323 1413 gravis,
2357 1347 2618 1416 inquam,
2663 1355 2717 1400 et
2765 1345 2944 1415 gravis
2990 1359 3400 1415 usquequaque.

1832 1437 1967 1492 Eum
2001 1438 2143 1491 enim
2188 1438 2281 1507 qui
2330 1437 2590 1491 beneficio
2640 1435 2864 1490 affectus
2914 1436 3005 1503 sit,
3034 1437 3078 1492 si
3107 1436 3265 1490 aliter
3293 1450 3402 1489 non

1831 1538 2027 1599 potest,
2055 1528 2276 1598 agendis
2319 1528 2508 1583 saltem
2540 1527 2709 1582 verbo
2751 1528 2939 1598 gratiis
2964 1527 3258 1599 rependere
3289 1540 3402 1580 non

1833 1606 2041 1685 conari,
2076 1603 2169 1672 aut
2191 1626 2370 1672 mente
2389 1618 2530 1689 capti
2553 1628 2606 1673 et
2628 1632 2847 1673 sensum
2876 1598 3263 1673 beneﬁciordm
3288 1631 3399 1671 non

148 1716 205 1769 δὲ
234 1716 337 1768 καὶ
362 1715 632 1787 αίσθησις,
660 1715 753 1768 καὶ
784 1715 981 1783 γνῶσις
1010 1706 1083 1766 ὧν
1117 1712 1283 1765 ἔπαθε
1324 1709 1500 1764 καλῶν
1531 1725 1728 1780 προσε-

1832 1710 2079 1765 habentis
2115 1719 2199 1765 est
2230 1709 2492 1775 hominis,
2526 1716 2619 1763 aut
2646 1708 2981 1765 immemoris
3009 1726 3022 1763 :
3051 1708 3139 1763 cui
3178 1722 3309 1763 vero
3348 1718 3404 1762 et

149 1808 345 1874 γένετο
366 1807 601 1877 πρῶτον,
632 1808 680 1860 εἰ
723 1807 795 1877 μὴ
830 1806 922 1858 καὶ
961 1805 1146 1875 μνήμη
1179 1802 1499 1867 διασώζεται
1532 1802 1611 1865 εἰς
1639 1801 1731 1854 τὸν

151 1900 351 1954 ἔπειτα
384 1900 596 1971 χρόνον,
658 1898 815 1969 εἰμὴ
867 1898 960 1951 καλ⁵
1006 1896 1263 1967 ἀναφέροι
1308 1896 1425 1948 τινὰ
1470 1895 1628 1966 χάριν
1655 1893 1730 1964 τῷ

149 1992 379 2062 ἄρξαντι
408 2009 513 2045 των
540 1990 776 2059 ἀγαθῶν,
810 1989 979 2061 ἀργὸς
1019 1983 1171 2051 οὗτος
1200 1990 1292 2041 καὶ
1320 1988 1609 2058 ἀχάριστος
1638 1988 1731 2040 καὶ

150 2084 380 2154 ἀσεϐὴς,
430 2083 821 2155 ἐξαμαρτάνων
874 2082 934 2133 οὐ
978 2079 1299 2149 συγγνωστά
1340 2079 1461 2132 οὐτε
1511 2078 1730 2150 μεγάλῳ

148 2172 273 2223 οὐτε
310 2171 514 2242 μικρῷ·
542 2171 588 2223 εἰ
624 2169 720 2240 μὲν
770 2168 938 2239 μέγας
969 2168 1049 2231 τίς
1086 2170 1201 2221 ἐστι
1241 2170 1332 2221 καὶ
1383 2168 1726 2239 μεγαλόνους,

150 2266 249 2316 οὐκ
278 2265 386 2318 ἀνὰ
418 2264 590 2333 στόμα
619 2262 796 2332 φέρων
823 2262 917 2314 σὺν
950 2259 1100 2332 πάσῃ
1133 2260 1449 2332 εὐχαριστίᾳ
1476 2260 1569 2314 καὶ
1597 2262 1727 2330 τιμῇ

149 2356 249 2418 τας
304 2355 549 2425 μεγάλας
602 2353 765 2406 αὐτοῦ
814 2353 1149 2423 εὐεργεσίας·
1204 2356 1252 2405 εἰ
1297 2352 1352 2405 δὲ
1402 2353 1592 2424 μικρὸς
1637 2353 1730 2405 καὶ

151 2446 654 2517 εὐκαταφρόνητος,
696 2446 793 2498 οὐκ
840 2444 1090 2515 ἀνυμνῶν
1138 2444 1231 2496 καὶ
1274 2442 1533 2513 εὐφημῶν
1581 2444 1727 2515 πάσῃ

150 2542 215 2608 τῇ
248 2536 419 2590 αὐτοῦ
453 2538 679 2606 δυνάμει
726 2536 815 2588 τὸν
854 2538 913 2589 οὐ
966 2536 1213 2607 μεγάλων
1251 2536 1429 2605 μόνον,
1476 2535 1609 2588 ἀλλὰ
1636 2537 1730 2589 καὶ

155 2630 375 2700 μικρῶν
402 2630 714 2699 εὐεργέτην.
747 2630 871 2692 Τοῖς
917 2630 1015 2700 μὲν
1045 2624 1136 2682 οὖν
1174 2629 1379 2698 μείζοσι
1418 2630 1509 2682 καὶ
1554 2628 1731 2682 διαϐε-

152 2723 353 2793 ϐηκόσι
377 2720 594 2791 δυνάμει
621 2720 815 2791 ψυχῆς,
849 2715 932 2773 οἶα
961 2720 1023 2791 δὴ
1057 2723 1118 2773 ἐκ
1151 2721 1387 2785 πλείονος
1418 2721 1731 2792 περιουσίας

122 2813 252 2881 ,καὶ
312 2812 542 2882 μεγάλου
594 2811 858 2875 πλούτου,
913 2810 1129 2881 μείζους
1178 2812 1271 2864 καὶ
1322 2811 1731 2883 φιλοτιμοτέρας

152 2904 453 2970 ἀναγκαῖον
487 2902 789 2955 ἀποδιδόναι
836 2907 946 2967 τοῖς
993 2904 1305 2973 εὐεργέταις
1337 2903 1437 2967 τὰς
1470 2904 1610 2957 κατὰ
1642 2904 1730 2956 δύο

1830 1817 2024 1857 sensus
2052 1796 2107 1857 et
2131 1801 2370 1871 cognitio
2395 1812 2478 1856 est
2508 1800 2921 1867 beneficiorum,
2949 1801 3051 1856 nisi
3076 1800 3399 1856 memoriam

1829 1905 2113 1952 conservet
2147 1897 2201 1950 in
2237 1905 2535 1967 posterum,
2582 1896 2685 1951 nisi
2736 1898 2963 1967 gratiam
3013 1896 3175 1951 etiam
3217 1896 3402 1966 aliquo

1829 1990 1989 2043 modo
2025 1987 2225 2043 referat
2261 1966 2528 2041 bonorum
2568 1966 2798 2053 auctori,
2828 1988 2974 2041 iners
3001 1986 3091 2041 ille
3114 1995 3199 2041 est
3230 1995 3288 2041 et
3318 1986 3405 2041 in-

1831 2090 2016 2151 gratus
2043 2096 2106 2136 ac
2132 2081 2350 2150 impius,
2380 2080 2499 2149 ejus
2525 2080 2774 2135 criminis
2809 2095 2956 2145 reus,
2983 2081 3127 2150 quod
3159 2094 3258 2135 nec
3284 2095 3403 2135 ma-

1830 2188 1988 2244 gnus,
2037 2188 2138 2227 nec
2177 2188 2376 2241 parvus
2416 2173 2693 2240 ignoscat;
2729 2171 2926 2242 quippe
2958 2173 3074 2241 qui,
3103 2172 3147 2226 si
3182 2171 3403 2241 quidem

1830 2281 2059 2336 magnus
2087 2273 2246 2320 estet
2274 2264 2616 2334 magnificus,
2658 2274 2863 2335 magna.
2897 2265 3018 2334 ejus
3053 2264 3312 2320 beneficia
3344 2265 3403 2318 in

1830 2371 1943 2422 ore,
1971 2371 2093 2410 cum
2125 2357 2274 2410 omni
2308 2355 2603 2425 gratiarum
2631 2355 2843 2411 actione
2871 2364 3034 2425 atque
3060 2356 3269 2411 honore
3288 2369 3401 2410 non

1830 2458 2009 2519 gerat;
2040 2448 2122 2503 sin
2167 2462 2365 2517 parvus
2409 2455 2463 2501 et
2506 2447 2871 2517 despicabilis,
2903 2461 3011 2500 non
3036 2447 3183 2501 omni
3216 2452 3401 2500 tamen

1830 2538 2009 2592 studio
2038 2538 2215 2592 laudet
2256 2552 2320 2591 ac
2348 2538 2603 2599 celebret,
2654 2552 2764 2592 non
2812 2552 3134 2605 magnorum
3165 2545 3399 2602 tantum,

1831 2632 1923 2687 sed
1981 2645 2271 2701 parvorum
2320 2631 2484 2683 etiam
2528 2645 2816 2684 munerum
2862 2630 3193 2701 largitorem.
3247 2629 3314 2684 Et
3368 2646 3402 2686 a

1831 2724 2041 2793 magnis
2088 2722 2304 2793 quidem
2355 2722 2631 2793 animique
2680 2721 2935 2777 facultate
2982 2723 3399 2791 praestantibus,

1829 2824 2085 2883 tanquam
2120 2828 2185 2867 ex
2218 2813 2424 2884 majore
2446 2829 2609 2884 opum
2641 2815 2795 2884 copia
2827 2816 3146 2885 magnisque
3170 2815 3399 2883 divitiis,

1796 2906 2066 2976 .tmajores
2131 2915 2295 2976 atque
2346 2906 2672 2962 illustriores
2721 2906 3160 2962 benefactoribus
3212 2910 3402 2965 laudes

151 3013 318 3064 ναμιν
361 2994 654 3066 εὐφημίας·
688 2999 798 3060 τοῖς
829 2996 884 3048 δὲ
917 2999 1129 3067 μικροῖς
1173 2998 1264 3048 καὶ
1294 2998 1351 3047 ἐν
1378 2996 1547 3067 στενῷ
1571 2997 1728 3051 καθε-

1831 3014 1929 3068 pro
1966 2998 2173 3053 viribus
2210 2998 2361 3052 reddi
2404 3013 2624 3053 necesse
2653 3006 2764 3063 est;
2812 3012 3009 3068 parvos
3051 3006 3230 3053 autem
3257 3009 3310 3055 et
3344 3001 3403 3055 in

155 3087 377 3149 στῶσιν,
396 3086 502 3139 οὐδ’
528 3088 706 3149 αὐτοῖς
729 3086 968 3156 ἀμελεῖν,
988 3085 1105 3138 οὐδὲ
1141 3084 1400 3156 ῥᾳθυμεῖν
1432 3088 1724 3158 προσῆκον,

152 3178 261 3231 οὐδ’
293 3176 855 3241 ἀναπεπτωκέναι,ὡς
888 3176 1038 3229 οὐδὲν
1070 3177 1217 3242 ἄξιον
1250 3176 1460 3248 φέρειν,
1490 3177 1608 3230 οὐδὲ
1641 3178 1728 3231 τέ-

154 3271 296 3323 λειον
326 3271 659 3341 δυναμένοις·
696 3269 809 3323 ἀλλ’
841 3264 928 3321 οἷα
959 3269 1193 3337 πένητας
1226 3269 1321 3339 μὲν
1341 3310 1355 3334 ,
1385 3268 1729 3340 εὐγνώμονας

153 3364 229 3427 δὲ,
258 3363 322 3416 οὐ
348 3362 447 3434 τὴν
468 3362 561 3415 τοῦ
584 3362 921 3433 τιμωμένου,
956 3360 1054 3430 τὴν
1090 3360 1132 3412 δ’
1166 3361 1340 3413 αὐτῶν
1375 3360 1599 3431 δύναμιν
1635 3378 1729 3431 με-

154 3459 485 3529 τρήσαντας,
531 3457 594 3506 ὲκ
638 3455 734 3523 τῆς
778 3452 1053 3523 παρούσης
1108 3450 1385 3521 δυνάμεως
1439 3453 1729 3522 ἀναφέρειν

153 3545 253 3607 τὰς
280 3544 467 3615 τιμὰς,
502 3543 793 3613 χαριέσσας
818 3541 943 3604 ἴσως
968 3540 1227 3610 ἐσομένας
1252 3542 1343 3593 καὶ
1367 3540 1728 3611 καταθυμίους

152 3637 233 3707 τῷ
260 3636 631 3707 τετιμημένῳ,
664 3637 756 3689 καὶ
786 3634 886 3687 οὐκ
909 3636 965 3686 ἐν
999 3634 1224 3704 δευτέρᾳ
1251 3632 1401 3704 χώρᾳ
1426 3635 1552 3705 παρ’
1581 3632 1728 3703 αὐτῷ

153 3728 263 3781 τῶν
291 3727 543 3798 μεγάλων
570 3730 662 3780 καὶ
694 3727 920 3789 πολλῶν,
954 3730 1003 3779 εί
1045 3727 1138 3780 σύν
1180 3743 1281 3779 τινι
1313 3726 1587 3796 προθυμίᾳ
1615 3726 1728 3796 μεί-

154 3817 270 3881 ζονι
301 3820 395 3870 καὶ
420 3817 609 3888 γνώμη
640 3816 994 3888 προσφέροιεν
1029 3815 1323 3887 ὁλοκλήρῳ.
1354 3815 1537 3878 Οὕτως
1563 3816 1619 3869 ὲν
1654 3818 1719 3868 le-

158 3913 281 3980 ραῖς
326 3909 537 3972 Βίϐλοις
567 3908 807 3980 φέρεται,
843 3911 927 3962 ὅτι
972 3910 1035 3979 δὴ
1089 3908 1259 3979 μικρά
1287 3926 1369 3971 τις
1401 3909 1494 3962 καὶ
1539 3906 1726 3977 πτωχὴ

155 4002 295 4073 γυνὴ
322 4002 358 4054 ἆ
369 4018 446 4070 μα
479 4001 751 4064 πλουσίοις
782 4001 873 4053 καὶ
900 4000 1166 4063 δυνατοῖς,
1208 4001 1257 4052 οἳ
1289 4000 1622 4071 προσέφερον
1666 4002 1730 4054 ὲκ

156 4093 248 4147 τοῦ
281 4093 511 4146 πλούτου
546 4093 754 4163 μεγάλα
798 4095 891 4146 καὶ
938 4093 1220 4163 πολυτελῆ,
1252 4093 1386 4163 μόνη
1428 4092 1598 4165 μικρά
1632 4094 1727 4163 μὲν

158 4186 252 4238 καὶ
276 4185 559 4253 ἐλάχιστα,
591 4186 767 4237 πάντα
803 4183 859 4236 δὲ
889 4185 1037 4255 ὅμως
1062 4182 1128 4236 τά
1164 4184 1292 4237 ὄντα
1315 4185 1449 4254 αὐτῇ
1485 4184 1726 4254 συμϐαλ-

156 4274 383 4345 λομένη,
407 4275 505 4345 τὴν
530 4273 628 4344 τῆς
665 4273 904 4336 πλείονος
926 4274 1123 4336 δόσεως
1159 4274 1457 4345 μαρτυρίαν
1485 4274 1726 4345 ἀπηνέγ-

1831 3099 2059 3164 angusto
2082 3092 2435 3155 constitutos,
2460 3104 2557 3144 nec
2585 3089 2729 3159 ipsos
2754 3089 3043 3158 negligere,
3069 3099 3165 3143 aut
3185 3090 3404 3160 segnio-

1830 3199 1918 3239 res
1955 3197 2077 3240 esse
2114 3182 2397 3248 convenit,
2439 3196 2539 3235 nec
2572 3181 2771 3235 animis
2794 3181 3027 3249 _cadere,
3068 3183 3222 3251 quasi
3266 3182 3404 3237 nihil

1831 3275 2055 3345 dignum
2076 3272 2486 3343 perfectumque
2502 3272 2700 3327 afferre
2722 3273 2964 3341 possint;
2987 3273 3078 3327 sed
3105 3274 3252 3327 velut
3270 3289 3407 3343 pau-

1829 3382 1984 3437 peres
2015 3367 2254 3438 quidem,
2282 3376 2337 3420 at
2362 3375 2545 3420 tamen
2574 3375 2775 3436 gratos,
2807 3381 2914 3420 non
2946 3366 3067 3435 ejus
3091 3382 3251 3436 quem
3297 3368 3402 3421 ho-

1830 3470 2046 3527 norant,
2078 3460 2171 3514 sed
2204 3474 2358 3513 suam
2386 3458 2695 3512 facultatem
2722 3457 3028 3523 metientes,
3058 3473 3123 3512 ex
3150 3459 3402 3528 praesenti

1832 3552 2216 3607 commoditate
2253 3551 2489 3603 honores
2522 3547 2764 3614 deferre;
2799 3558 2983 3619 gratos
3018 3550 3139 3605 illos
3172 3549 3403 3605 fortasse

1830 3655 1884 3700 et
1921 3645 2189 3714 iucundos
2216 3643 2265 3697 ei
2298 3641 2392 3710 qui
2435 3641 2755 3706 honoratur,
2802 3654 2902 3694 nec
2947 3640 3203 3695 inferiore
3258 3642 3401 3705 apud

1830 3752 1954 3792 eum
2001 3736 2157 3801 loco,
2218 3749 2381 3803 quam
2448 3731 2493 3786 si
2556 3746 2748 3800 magna
2814 3746 3043 3801 qumque
3105 3746 3168 3787 ac
3232 3733 3399 3787 multa

1831 3829 2175 3888 offerrentur,
2212 3826 2455 3892 futuros,
2485 3824 2531 3877 si
2565 3824 2769 3892 majore
2802 3838 2933 3877 cum
2974 3823 3251 3877 alacritate
3289 3824 3401 3878 sin-

1832 3936 2064 3990 ceroque
2102 3929 2156 3973 et
2199 3920 2410 3987 integro
2444 3916 2627 3969 animo
2666 3914 2997 3969 deferantur.
3032 3913 3123 3969 Sic
3159 3914 3305 3968 enim
3344 3915 3400 3968 in

1832 4014 2004 4069 sacris
2045 4012 2263 4066 Litteris
2306 4010 2483 4080 legere
2525 4016 2608 4062 est
2632 4007 2695 4073 ³⁸,
2743 4022 2966 4075 parvam
3011 4006 3300 4076 quamdam
3346 4019 3403 4061 et

1831 4121 2119 4176 pauperem
2158 4104 2442 4166 feminam,
2475 4115 2583 4155 una
2615 4115 2740 4154 cum
2779 4098 3038 4153 divitibus
3078 4106 3131 4153 et
3169 4099 3404 4168 potenti-

1830 4197 1934 4251 bus
1963 4195 2057 4265 qui
2088 4210 2153 4248 ex
2193 4192 2542 4247 facultatibus
2584 4190 2700 4245 suis
2744 4202 2938 4258 magna
2971 4196 3025 4242 et
3058 4186 3238 4257 opima
3268 4187 3404 4242 offe-

1830 4290 2041 4353 rebant,
2076 4288 2248 4343 solam
2291 4286 2508 4356 quidem
2535 4300 2699 4354 parva
2731 4292 2785 4338 et
2817 4283 3060 4345 minima,
3095 4282 3187 4337 sed
3214 4281 3399 4336 omnia

158 4386 315 4424 κατο.
341 4369 416 4422 Οὐ
462 4367 571 4439 γὰρ
612 4364 762 4437 οἶμαι
799 4366 878 4436 τῷ
923 4366 1072 4436 ποσῷ
1111 4367 1209 4437 τῆς
1253 4366 1531 4436 διδομένης
1574 4368 1725 4437 ὕλης,

1831 4390 2012 4434 tamen
2038 4394 2159 4449 qua!
2184 4378 2436 4443 habebat,
2464 4376 2783 4439 contulisse,
2813 4384 2868 4429 et
2899 4373 3125 4443 majoris
3155 4372 3399 4428 muneris

154 4464 325 4534 οὔσης
358 4461 575 4529 ἔξωθεν,
613 4464 733 4524 ταῖς
761 4460 820 4513 δὲ
854 4457 1287 4531 προσφερούσαις
1322 4458 1566 4529 γνώμαις
1597 4459 1733 4528 μᾶλ-

154 4558 249 4609 λον
275 4557 371 4610 καὶ
402 4555 750 4626 προαιρέσεσι
778 4554 876 4626 τὴν
907 4552 1215 4622 φιλοτιμίαν
1245 4553 1338 4603 καὶ
1374 4551 1472 4621 τὴν
1503 4552 1731 4621 μεγαλο-

156 4648 461 4720 πρέπειαν,
513 4650 542 4701 ὁ
587 4647 727 4717 ἱερὸς
767 4647 924 4715 λόγος
969 4643 1363 4713 ὲσταθμήσατο.
1415 4641 1489 4695 Οὐ
1548 4643 1728 4697 τοίνυν

153 4740 279 4793 οὐδὲ
327 4741 475 4809 ἡμᾶς
522 4740 777 4793 ἀποκνεῖν
826 4738 1001 4808 πάντη
1052 4735 1326 4808 προσῆκον
1367 4734 1474 4786 δέει
1523 4733 1615 4786 τοῦ
1654 4735 1727 4805 μὴ

153 4832 583 4901 ὲξισωθήσεσθαι
632 4831 730 4901 τὴν
775 4830 1123 4900 εὐχαριστίαν
1169 4829 1288 4888 ταῖς
1348 4825 1727 4896 εὐεργεσίαις,

152 4924 295 4977 ἀλλὰ
344 4924 450 4975 πᾶν
487 4920 795 4974 τούναντίον
837 4919 1039 4989 τολμᾷν
1081 4919 1176 4970 καὶ
1203 4915 1521 4987 πειρᾶσθαι,
1551 4917 1601 4968 εί
1632 4915 1726 4968 καὶ

158 5015 238 5086 μὴ
279 5017 380 5077 τὰς
427 5014 563 5079 ἴσας,
610 5012 706 5077 τὰς
753 5012 881 5081 γοῦν
928 5010 1157 5072 δυνατὰς
1201 5009 1525 5081 προσφέρειν
1557 5008 1631 5070 ὡς
1669 5008 1727 5059 ὲν

153 5107 363 5179 ἁμιὸῇ
390 5107 571 5177 τιμάς·
593 5106 645 5158 εἴ
664 5122 801 5168 πως,
824 5104 932 5156 τῶν
956 5102 1172 5155 τελείων
1198 5100 1596 5172 διαμαρτάνων,
1620 5098 1727 5152 τῶν

154 5203 250 5255 ἐπὶ
276 5201 476 5271 μέρους
511 5198 638 5268 γοῦν
662 5197 917 5266 τεύξηται
949 5197 1076 5265 ἡμῖν
1096 5195 1125 5246 ὁ
1156 5194 1331 5261 λόγος,
1358 5192 1453 5263 τὴν
1485 5190 1724 5261 παντελῆ

155 5296 255 5364 τῆς
279 5293 604 5365 ἀχαριστίας
636 5291 790 5356 δόξαν
832 5288 1069 5359 διαδράς.
1102 5287 1402 5357 ’Ᾱχρηστον
1445 5284 1551 5356 γὰρ
1593 5284 1725 5354 ἀλη-

156 5388 264 5450 θῶς
306 5388 339 5458 ή
380 5384 656 5447 παντελῶς
705 5382 881 5455 σιωπὴ
914 5381 1018 5435 ὑπὸ
1063 5376 1273 5450 πιθανῷ
1299 5378 1378 5449 τῷ
1405 5378 1502 5431 τοῦ
1543 5377 1616 5448 μὴ
1640 5376 1727 5431 δύ-

228 5521 277 5553 “
313 5520 448 5576 Luc.
478 5534 593 5585 ιιι,
618 5518 674 5573 2.

1832 4471 2200 4527 testimonium
2230 4470 2552 4538 laudemque
2580 4467 2855 4524 retulisse.
2888 4464 3008 4521 Non
3046 4465 3189 4520 enim
3216 4473 3400 4521 exter-

1834 4584 1937 4630 nm,
1971 4565 2183 4636 Opinor,
2216 4564 2292 4617 rei
2334 4577 2455 4632 quae
2491 4561 2616 4615 data
2656 4569 2740 4613 est
2781 4557 3102 4629 quantitate,
3144 4556 3239 4612 sed
3280 4556 3398 4626 ipso

1829 4656 2104 4715 offerentis
2129 4655 2313 4710 animo
2342 4668 2405 4708 ac
2432 4652 2715 4723 preposito
2750 4652 3123 4707 aestimandam
3153 4648 3397 4705 muneris

1829 4747 2142 4819 dignitatem
2176 4743 2744 4815 magnificentiamque
2780 4743 2978 4796 divina:
3015 4741 3229 4796 Litterae
3265 4756 3396 4796 cen-

1831 4845 2076 4894 suerunt.
2116 4834 2235 4889 Non
2278 4835 2440 4904 igitur
2483 4833 2706 4887 omnino
2749 4832 2993 4902 refugere
3033 4848 3132 4886 nos
3163 4839 3393 4900 oportet,

1833 4930 1981 4986 inani
2012 4937 2160 4984 metu
2188 4942 2257 4982 ne
2288 4927 2473 4997 gratiae
2503 4940 2624 4980 cum
2661 4925 2936 4979 beneficiis
2969 4939 3080 4978 non
3111 4921 3398 4991 adaequen-

1832 5032 1921 5078 tur
1947 5040 1962 5077 :
1993 5023 2083 5078 sed
2108 5028 2297 5076 contra
2326 5018 2509 5090 potius
2539 5018 2738 5073 audere
2770 5026 2931 5085 atque
2961 5014 3143 5069 omnia
3174 5011 3394 5077 conari;

1834 5123 1893 5168 ut
1926 5114 1973 5169 si
2010 5129 2115 5168 non
2165 5127 2341 5184 pares,
2393 5126 2533 5179 quos
2582 5109 2769 5163 saltem
2819 5098 3109 5175 possumus
3159 5104 3397 5158 honores

1833 5206 2212 5277 rcpendamus.
2242 5202 2397 5270 Quod
2424 5202 2471 5256 si
2509 5200 2652 5255 forte
2680 5215 2788 5252 non
2830 5196 3053 5251 omnino
3094 5209 3206 5248 rem
3247 5209 3397 5251 asse.

1834 5311 2052 5372 quatur,
2078 5308 2284 5369 partem
2308 5305 2449 5351 certe
2470 5295 2702 5365 aliquam
2728 5288 2994 5372 pertingat
3016 5287 3210 5351 oratio,
3235 5296 3397 5355 atque

1835 5368 2204 5447 omnimodam
2227 5388 2424 5460 ingrati
2458 5385 2623 5440 animi
2645 5368 2819 5439 labem
2842 5380 3056 5441 devitet.
3083 5377 3396 5450 Improbum

228 5657 346 5727 (54)
371 5659 533 5728 Ὅτῳ.
578 5655 656 5712 ita
701 5656 1056 5723 Haescbelius,
1105 5654 1388 5725 Bengelius
1432 5670 1496 5710 ac
1527 5652 1701 5709 editor
1724 5647 2067 5705 Parisiensis.
2098 5643 2346 5710 Vossius,
2368 5641 2473 5697 ὅτι.
