3988 6200
578 265 722 326 ίυδθ

1685 267 1742 322 S.
1784 264 2107 323 GREGORlI
2149 261 2653 320 THAL‘MATURGI

3669 257 3792 311 £060

575 391 720 446 enim
747 407 934 447 revera
967 400 1053 447 est
1092 394 1338 463 pertinax
1375 392 1676 456 silentium,
1706 389 1978 460 plausibili
2006 403 2110 459 quo

2216 383 2606 451 ,νασθαιάξιόν
2646 401 2698 436 τι
2742 382 2919 451 λέγειν
2965 379 3411 453 προκαλύμματιο
3445 377 3704 448 εὔγνωμον
3735 377 3791 430 δὲ

573 480 700 535 dam
727 482 848 536 velo
873 491 1096 550 tectum,
1125 483 1284 554 quasi
1317 491 1550 553 nequeat
1589 482 1885 552 quidquam
1925 494 2026 550 pro
2061 481 2145 536 di-

571 571 778 645 gnitate
812 575 1154 643 pronuntiari
1182 592 1196 630 :
1225 575 1447 646 ingenui
1479 583 1660 629 autem
1701 575 1965 645 probique
2001 589 2144 628 sem-

568 679 668 738 per
691 672 775 720 est
806 666 997 730 animi,
1041 665 1338 721 referendae
1379 667 1566 738 gratia:
1602 677 1850 730 conatus,
1893 666 2148 735 quamvis.

570 753 714 810 infra
748 757 938 812 merita
987 758 1058 813 sit
1105 758 1336 814 facultas
1371 760 1490 829 ejus
1537 758 1632 828 qui
1680 758 1908 829 gratiam
1954 757 2136 812 refert.

566 841 754 914 Neque
789 847 934 901 enim
983 847 1029 901 si
1078 863 1178 918 pro
1228 847 1489 918 dignitate
1533 847 1714 903 dicere
1753 864 1860 902 non
1909 848 2140 916 possim.

566 946 856 1006 prepterea
887 939 1090 1004 silebo;
1121 940 1214 994 sed
1243 939 1338 995 ubi
1380 940 1563 994 omnia
1601 956 1723 1010 qua;
1748 955 1972 1010 possum
2002 955 2140 1008 pra:-

567 1028 779 1092 stitero,
801 1028 926 1098 jure
951 1031 1245 1100 gloriabor.
1276 1030 1407 1086 Esto
1452 1032 1634 1102 itaque
1666 1048 1786 1086 mea
1819 1033 1932 1087 haec
1961 1032 2137 1086 oratio

564 1119 907 1186 charisteria,
936 1121 1043 1176 hoc
1062 1131 1145 1177 est
1186 1121 1483 1191 gratiarum
1519 1123 1784 1189 actionis;
1809 1139 1934 1194 erga
1962 1122 2136 1179 Deum

565 1227 698 1266 sane
727 1213 1128 1280 universorum,
1159 1213 1339 1269 dicere
1365 1229 1475 1268 non
1497 1214 1709 1269 ausim:
1735 1230 2043 1284 quanquam
2066 1216 2138 1270 ab

564 1292 657 1355 illo
685 1303 902 1374 quidem
939 1306 1120 1360 omnia
1169 1306 1328 1362 nobis
1367 1306 1631 1361 bonorum
1667 1307 1818 1360 initia
1854 1314 2016 1372 sunt;
2067 1306 2134 1359 ab

561 1409 628 1449 eo
658 1395 786 1450 item
816 1410 918 1451 nos
961 1399 1295 1468 agendarum
1333 1399 1650 1468 gratiarum,
1680 1407 1734 1451 et
1781 1399 2132 1468 hymnorum,

557 1501 624 1543 ac
652 1487 874 1544 laudum
901 1490 1198 1562 primordia
1229 1489 1428 1546 ducere
1451 1499 1681 1560 Oportet.
1719 1489 1826 1543 Sed
1853 1503 1919 1542 ne
1948 1489 1991 1543 si
2011 1489 2134 1559 qui-

559 1579 681 1635 dem
717 1595 806 1637 me
848 1591 1045 1647 totum,
1077 1599 1188 1637 non
1216 1583 1396 1652 qualis
1428 1597 1575 1636 nunc
1606 1597 1749 1646 sum,
1782 1579 2045 1650 profanus
2079 1589 2134 1634 et

2241 479 2275 548 ή
2303 480 2468 546 πεῖρα
2515 479 2548 548 ἡ
2591 475 2727 547 πρὸς
2770 475 2868 538 τὰς
2913 473 3146 544 ἀμοιϐἀς
3192 474 3300 536 ἀεὶ,
3347 471 3451 525 κᾶν
3499 471 3669 540 ἥττων
3700 469 3792 539 τῆς

2241 567 2398 634 ἀξίας
2421 566 2646 636 δύναμις
2678 563 2771 618 τοῦ
2794 565 2892 637 τὴν
2929 565 3088 635 χάριν
3113 563 3474 634 ἀναφέροντος
3585 561 3654 614 Οὐ
3674 561 3788 632 γὰρ,

2241 661 2290 712 εἰ
2313 658 2386 729 μὴ
2412 658 2533 712 κατ’
2553 657 2708 722 ἀξίαν
2729 652 2837 720 οἶός
2860 655 2917 708 τέ
2954 657 3068 726 είμι
3093 654 3269 723 λέγειν
3305 655 3662 725 σιωπήσομαι·
3687 653 3788 706 ἀλλ’

2239 752 2287 802 εί
2315 747 2616 819 ἀποπλήσω
2648 748 2805 802 πάνθ’
2837 749 2872 803 ἀ
2914 766 3002 819 μοι
3045 747 3267 801 δυνατόν
3311 748 3445 811 ἐστι,
3481 747 3572 799 καὶ
3620 762 3790 815 σεμνυ-

2239 841 2453 913 νοῦμαι.
2491 844 2672 896 Ἔστω
2703 842 2766 912 δή
2797 858 2883 912 μοι
2926 845 2954 896 ό
2988 841 3143 909 λόγος
3180 840 3263 893 ὅδε
3292 842 3658 912 χαριστήριοςο
3682 839 3788 909 Θεῷ

2242 936 2339 1006 μὲν
2371 936 2448 1008 τῷ
2474 937 2582 991 τῶν
2611 936 2767 1002 ὅλων,
2790 937 2890 990 οὐκ
2929 935 2995 989 ἂν
3037 935 3351 1006 ἐθελήσαιμι
3394 931 3589 1000 λέγειν·
3630 931 3787 985 καίτοι

2237 1045 2300 1096 γε
2337 1027 2546 1080 ἐκεῖθεν
2589 1029 2720 1098 ἡμῖν
2761 1029 2929 1080 πᾶσαι
2974 1026 3070 1096 μὲν
3114 1027 3172 1079 αἱ
3212 1024 3323 1078 τῶν
3365 1023 3584 1092 ἀγαθῶν
3616 1024 3785 1093 ἀοχαὶ,

2237 1118 2445 1171 ἐκεῖθεν
2470 1117 2526 1170 δέ
2573 1118 2665 1171 καὶ
2693 1120 2841 1189 ἡμᾶς
2869 1116 2978 1170 τῶν
3020 1115 3375 1188 εὐχαριστιῶν
3416 1117 3450 1186 ἤ
3483 1114 3662 1185 ὓμνων
3700 1115 3787 1167 καὶ

2237 1209 2403 1264 αῖνων
2439 1210 2700 1279 ἄρχεσθαι
2742 1211 2868 1282 χρή.
2905 1209 3062 1262 Ἀλλά
3105 1211 3212 1280 γάρ
3245 1209 3352 1262 οὐδ’
3385 1210 3432 1260 εί
3477 1209 3594 1262 ὅλον
3635 1210 3788 1279 ἐμαυ-

2233 1301 2344 1364 τὸν,
2375 1301 2448 1374 μὴ
2479 1299 2588 1366 οἷος
2635 1302 2733 1373 μὲν
2769 1302 2863 1356 νῦν
2907 1303 3023 1372 εἰμι
3065 1301 3288 1374 βέϐηλος
3335 1301 3429 1356 καὶ
3471 1301 3784 1372 ἀκάθαρτος,

2233 1392 2673 1464 ἀναμεμιγμένος
2721 1394 2814 1447 καὶ
2859 1392 3201 1465 πεφυρμένος
3269 1396 3502 1462 παναγεῖ
3545 1393 3654 1462 (55)
3701 1393 3785 1445 καὶ

2233 1483 2527 1554 ἀκαθάρτῳ
2559 1483 2733 1553 κακῶ·
2770 1483 2976 1554 γυμνὸν
3011 1483 3066 1536 δέ
3109 1483 3268 1536 αὐτὸν
3307 1483 3416 1555 (56)
3450 1485 3532 1536 ὅτι
3559 1481 3788 1554 καθαρώ-

2231 1591 2390 1628 τατον
2411 1575 2787 1646 λαμπρότατόν
2807 1593 2867 1628 τε
2893 1575 2987 1628 καὶ
3011 1575 3479 1648 εἰλικρινέστατον,
3506 1575 3600 1628 καὶ
3627 1573 3784 1644 ἀμιγῆ

561 1671 831 1740 impurus,
865 1681 920 1726 et
951 1681 1091 1727 tetro
1120 1682 1282 1742 atque
1314 1672 1596 1727 immundo
1629 1673 1773 1726 malo
1805 1686 2110 1740 conspersu:

2233 1665 2432 1728 παντὸς
2460 1664 2716 1736 χείρονος·
2744 1667 2852 1719 οὐδ’
2880 1669 2928 1719 εἰ
2970 1665 3110 1730 ὅλον,
3147 1667 3306 1738 φημὶ,
3350 1667 3575 1738 γυμνὸν,
3612 1664 3784 1735 ὥσπερ

555 1771 610 1817 et
636 1764 961 1833 permistus;
1007 1764 1097 1819 sed
1149 1765 1354 1819 nudum
1387 1780 1450 1819 ac
1483 1766 1858 1834 purissimum,
1894 1763 2110 1820 clarissi

2229 1757 2351 1810 τινὰ
2384 1757 2670 1826 γενόμενον
2713 1757 2892 1829 φέρων
2930 1757 3192 1830 ἐπιδοίην,
3230 1757 3449 1829 φέροιμι
3480 1757 3548 1811 ἀν
3583 1774 3635 1809 τι
3666 1758 3785 1828 παρ’

555 1869 815 1925 mumque
841 1865 896 1910 et
941 1856 1393 1922 sincerissimum,
1435 1865 1488 1911 et
1529 1857 1598 1912 ab
1638 1858 1786 1912 omni
1831 1857 1951 1911 labe
1993 1856 2127 1910 alie-

553 1961 721 2012 num;
755 1960 854 2001 nec
881 1947 927 2000 si
961 1955 1157 2011 totum,
1206 1948 1452 2017 inquam,
1498 1948 1702 2003 nudum
1750 1963 1836 2002 me
1866 1948 2011 2002 velut
2041 1963 2128 2002 re-

549 2049 684 2089 cens
720 2041 908 2088 natum
959 2035 1209 2101 offeram,
1254 2036 1478 2106 dignum
1525 2053 1556 2091 a
1595 2053 1683 2092 me
1726 2045 1906 2092 tamen
1953 2038 2123 2092 ullum

552 2127 606 2181 in
653 2127 884 2196 pretium
928 2137 983 2182 et
1024 2131 1542 2199 compensationem,
1591 2130 1835 2185 omnium
1889 2131 2124 2202 principi

548 2227 604 2272 et
629 2218 840 2273 auctori
864 2235 1065 2275 munus
1092 2221 1365 2276 attulerint
1385 2240 1398 2276 :
1419 2237 1580 2291 quem
1607 2236 1707 2277 nec
1733 2221 1984 2291 privatim
2009 2221 2124 2278 sin-

549 2309 684 2380 guli,
715 2326 816 2367 nec
839 2311 1002 2368 simul
1041 2315 1303 2378 universi,
1345 2329 1453 2368 non
1497 2314 1544 2370 si
1577 2313 1632 2368 in
1664 2329 1833 2368 unum
1872 2314 2123 2385 idemque

549 2417 686 2473 pura
714 2405 899 2460 omnia
929 2407 1261 2471 coalescant,
1288 2415 1342 2462 et
1365 2423 1398 2462 a
1418 2422 1476 2462 se
1497 2407 1633 2477 ipsis
1675 2406 2031 2473 discedentia,
2052 2409 2121 2464 ad

544 2507 672 2549 eum
709 2504 819 2551 tota
859 2507 1270 2564 convertantur,
1295 2513 1408 2553 uno
1431 2497 1624 2568 spiritu
1667 2513 1889 2568 unoque
1909 2505 1964 2553 et
1986 2513 2119 2554 con-

545 2601 686 2642 sono
711 2603 875 2644 sensu
919 2590 1235 2659 conjuncta,
1279 2591 1442 2662 digne
1485 2605 1726 2660 unquam
1763 2592 2010 2646 venerari
2054 2606 2120 2647 ac

543 2678 767 2736 laudare
793 2691 1014 2753 queant.
1039 2683 1195 2750 Quod
1225 2687 1369 2740 enim
1411 2685 1478 2740 de
1517 2685 1628 2740 Deo
1654 2685 1821 2741 homo
1846 2686 2117 2757 quispiam

545 2780 694 2827 recte
727 2774 968 2845 cogitare
989 2791 1055 2830 ac
1089 2775 1327 2846 perfecte
1357 2777 1426 2849 (si
1453 2777 1559 2833 dici
1594 2779 1678 2834 fas
1714 2779 1807 2846 sit)
1834 2779 1979 2850 loqui
2017 2794 2117 2850 pro

541 2866 805 2937 dignitate
833 2868 1035 2937 possit;
1064 2884 1164 2938 pro
1207 2870 1311 2925 hac
1337 2871 1450 2941 ipsa
1479 2868 1738 2926 facultate
1759 2886 1866 2941 qua
1889 2881 2116 2927 ornatus

539 2966 646 3022 est,
673 2972 839 3027 quam
864 2972 971 3013 non
998 2959 1067 3012 ab
1092 2960 1198 3014 alio
1226 2959 1360 3022 ullo,
1401 2961 1495 3016 sed
1524 2961 1593 3014 ah
1616 2961 1846 3030 ipsemet
1873 2963 2111 3032 accepit;

541 3047 678 3101 nihil
709 3049 897 3118 utique
923 3049 1144 3106 aliunde
1186 3051 1388 3106 habere
1432 3061 1608 3122 potest
1635 3052 1833 3122 majus,
1859 3055 2005 3124 quod
2043 3055 2111 3110 ad

539 3137 838 3208 gratiarum
861 3139 1131 3193 actionem
1153 3140 1440 3194 retribuat.

610 3225 700 3280 IV.
738 3226 844 3280 Seu
879 3241 979 3282 nos
1019 3228 1357 3282 laudationes
1409 3229 1629 3299 quidem
1679 3239 1732 3285 et
1773 3230 2003 3301 hymnos
2050 3233 2107 3288 in

535 3315 781 3370 omnium
807 3330 988 3385 regem
1031 3325 1085 3371 et
1120 3317 1540 3383 moderatorem,
1587 3333 1878 3388 perennem
1906 3319 2108 3376 fontem

534 3407 781 3461 omnium
809 3406 1110 3474 bonorum,
1148 3409 1198 3464 ei
1230 3411 1323 3480 qui
1357 3417 1411 3464 et
1438 3410 1494 3464 in
1527 3411 1631 3466 hoc
1659 3405 1779 3476 ipso
1808 3411 2105 3469 infirmita-

533 3507 645 3553 tem
676 3507 918 3554 nostram
951 3509 1130 3568 sanat,
1154 3510 1208 3556 et
1230 3503 1375 3571 quod
1406 3503 1557 3558 deest
1586 3504 1804 3574 explere
1833 3506 1983 3562 solus
2015 3521 2106 3576 po-

532 3594 659 3649 test,
694 3587 1094 3657 relinquamus;
1125 3591 1362 3660 praasitli,
1389 3591 1634 3662 inquam,
1661 3595 1968 3650 animarum
2007 3613 2102 3652 no-

532 3687 768 3734 strarum
801 3695 867 3735 ac
891 3679 1184 3748 Salvatori,
1217 3683 1578 3754 primogenita
1600 3687 1721 3758 ejus
1765 3687 1962 3758 Verbo,
1986 3707 2106 3747 om-

531 3770 685 3825 nium
703 3772 971 3826 conditori
993 3782 1048 3828 et
1067 3774 1438 3850 gubernatori.
1453 3775 1557 3848 Ipsi
1577 3779 1678 3834 soli
1708 3796 1806 3851 pro
1825 3797 1884 3838 se
1903 3784 2022 3854 ipso
2050 3794 2105 3841 et

531 3877 631 3932 pro
651 3863 904 3919 omnibus
923 3865 1175 3934 privatim
1198 3883 1263 3923 ac
1287 3872 1536 3927 universe
1561 3869 1719 3928 facile
1741 3885 1826 3930 est
1853 3877 2102 3935 assiduas

528 3963 691 4024 atque
711 3965 998 4026 perpetuas
1019 3959 1223 4029 gratias
1243 3975 1434 4029 agere:
1461 3963 1591 4033 quia
1615 3979 1739 4020 cum
1765 3968 1837 4022 sit
1865 3968 1982 4038 ipsa
2009 3985 2101 4026 ve-

528 4045 690 4112 ritas;
715 4055 770 4102 et
793 4047 910 4118 ipsa
935 4046 1114 4105 Patris
1140 4052 1516 4110 universorum
1545 4065 1600 4112 et
1629 4060 1892 4129 sapientia
1916 4072 1970 4118 et
2000 4079 2098 4132 po—

525 4144 724 4207 testas,
783 4141 852 4195 ad
899 4141 1013 4196 hate
1052 4151 1109 4197 et
1148 4144 1204 4198 in
1247 4145 1366 4214 ipso
1393 4156 1450 4203 et
1477 4164 1602 4204 cum
1633 4151 1752 4220 ipso
1781 4169 1908 4211 vere
1936 4165 2100 4226 atque

523 4231 749 4288 omnino
783 4234 1132 4304 conjunctus,
1165 4237 1374 4293 nullum
1423 4252 1506 4296 est
1549 4245 1882 4314 periculum,
1909 4262 1978 4302 ne
2011 4249 2096 4304 vel

522 4337 623 4395 per
652 4325 978 4382 oblivionem
1011 4329 1096 4383 vel
1138 4328 1543 4401 insipientiam,
1581 4344 1676 4389 aut
1708 4352 1820 4407 pra:
1852 4338 2093 4395 imbecil-

2229 1847 2462 1918 ἐμαυτοῦ
2495 1848 2663 1919 δῶρον
2693 1849 2839 1915 ἄξιον
2878 1850 2957 1913 είς
2981 1851 3144 1922 τιμὴν
3170 1850 3264 1903 καὶ
3303 1848 3535 1919 ἀμοιϐὴν
3564 1847 3641 1919 τῷ
3669 1849 3788 1900 πάνι

2227 1956 2333 1992 των
2366 1941 2592 2010 ἡγεμόνι
2640 1941 2734 1994 καὶ
2778 1941 2954 2014 αἰτίῳ·
2997 1942 3055 1996 ὃν
3086 1941 3208 1997 οὐτε
3259 1942 3364 2013 ἰδίᾳ
3409 1942 3637 2005 ἕκαστος

2227 2049 2379 2096 ποτε,
2409 2033 2534 2087 οὐτε
2569 2036 2662 2088 καὶ
2689 2036 2803 2106 ἅμα
2850 2035 3070 2099 πάντες,
3110 2036 3242 2091 ὡσεὶ
3286 2037 3343 2088 ἓν
3384 2035 3475 2088 καὶ
3512 2035 3678 2090 ταύτὸ
3700 2035 3785 2104 γέ-

2225 2141 2367 2178 νοιτο
2407 2126 2586 2182 πάντα
2632 2127 2880 2200 καθαρὰ,
2931 2127 3110 2181 αὐτῶν
3162 2128 3260 2199 μὲν
3308 2129 3613 2192 ἐκστάντα,
3665 2128 3787 2199 πρὸς

2223 2216 2385 2270 αὐτὸν
2408 2217 2465 2270 δὲ
2501 2218 2901 2291 ἐπιστρέψαντα
2928 2219 3146 2290 μᾶλλον,
3177 2219 3348 2292 ἀθρόα
3373 2219 3480 2290 (57)
3515 2219 3597 2272 ἐνὶ
3639 2221 3787 2273 πνεύ-

2227 2326 2355 2380 ματι
2387 2310 2482 2364 καὶ
2515 2313 2611 2383 μιᾷ
2642 2313 2786 2384 ὁρμῇ
2824 2315 2889 2384 τῇ
2934 2312 3226 2384 συμφώνῳ,
3257 2313 3420 2380 ἀξίως
3443 2314 3510 2368 ἂν
3542 2314 3785 2385 εὐφημῆ-

2223 2417 2314 2454 σαι
2355 2401 2618 2456 δύναιντο.
2649 2404 2768 2456 Ὀτι
2806 2405 2914 2476 γὰρ
2944 2405 3054 2460 τῶν
3093 2405 3256 2459 αὐτοῦ
3299 2405 3784 2477 δημιουρημάτων

2222 2493 2316 2546 καὶ
2345 2493 2691 2566 διανοηθῆναί
2722 2513 2804 2559 τις
2847 2497 3044 2568 ἄριστα
3086 2499 3180 2552 καὶ
3221 2499 3528 2570 ὁλοκλήρως
3547 2540 3562 2563 ,
3592 2499 3685 2552 καὶ
3719 2500 3783 2570 (εἰ

2219 2579 2334 2638 οἷόν
2387 2586 2481 2658 τε)
2522 2589 2694 2641 εἰπεῖν
2733 2591 2852 2642 κατ’
2911 2589 3064 2654 ἀξίαν
3117 2589 3246 2661 περὶ
3301 2589 3463 2642 αὐτοῦ
3501 2590 3782 2662 δυνηθείηο

2219 2675 2392 2746 αὐτῆς
2425 2677 2481 2730 δὲ
2517 2678 2614 2749 τῆς
2651 2677 2930 2751 δυνάμεως
2966 2679 3150 2732 ἕνεκεν
3197 2673 3264 2752 ἧς
3301 2679 3528 2749 ἠξίωται
3565 2680 3629 2733 οὐ
3664 2682 3782 2750 παρ’

2217 2764 2379 2819 ἄλλου
2417 2784 2532 2831 του,
2574 2771 2702 2839 παρ’
2741 2769 2902 2823 αὐτοῦ
2940 2771 2995 2823 δὲ
3031 2770 3229 2835 λαϐὼν,
3254 2771 3355 2823 οὐκ
3390 2770 3503 2824 ἐσθ’
3541 2771 3688 2834 ὅπως
3722 2773 3784 2825 ἂν

2215 2857 2343 2912 ἀλλο
2390 2877 2443 2912 τι
2509 2860 2692 2931 μεῖζόν
2742 2862 2903 2916 ποθεν
2955 2864 3264 2937 εὐπορήσας
3311 2864 3390 2928 είς
3440 2865 3779 2936 εὐχαριστίαν

2215 2950 2460 3024 ἀναθείη.

2279 3251 2331 3302 A'
2361 3291 2372 3304 .
2415 3249 2574 3305 Ἀλλά
2596 3251 2696 3316 τὰς
2727 3252 2823 3324 μέν
2844 3252 2955 3325 (58)
2981 3256 3062 3318 είς
3088 3255 3178 3308 τὸν
3201 3257 3418 3311 πάντων
3444 3256 3668 3328 βασιλέα
3692 3263 3779 3314 καὶ

2209 3341 2508 3414 κηδεμόνα,
2544 3344 2643 3416 τὴν
2680 3344 2877 3416 διαρκῆ
2902 3346 3082 3418 πηγὴν
3109 3349 3325 3402 πάντων
3346 3351 3588 3418 ἀγαθῶν,
3616 3353 3778 3423 εὔφη·

2209 3433 2336 3504 μίας
2371 3435 2463 3488 καὶ
2501 3434 2704 3506 ὕμνους
2729 3437 2808 3507 τῷ
2839 3439 2941 3492 κάν
2967 3439 3141 3509 τούτῳ
3177 3439 3276 3510 τὴν
3305 3441 3590 3496 ἀσθένειαν
3632 3444 3778 3514 ἡμῶν

2209 3525 2440 3597 ἰωμένῳ,
2477 3528 2572 3580 καὶ
2615 3527 2675 3580 τὸ
2706 3527 2881 3580 ἐνδέον
2929 3529 3274 3602 ἀναπληροῦν
3316 3531 3459 3602 μόνῳ
3502 3533 3780 3604 δυναμένῳ

2203 3618 2604 3691 ἐπιτρέψωμεν,
2631 3620 2708 3692 τῷ
2731 3620 3008 3695 προστάτῃ
3034 3621 3142 3674 τῶν
3166 3623 3448 3694 ἡμετέρων
3475 3623 3666 3694 ψυχῶν
3693 3625 3780 3678 καί

2204 3707 2437 3780 Σωτῆρι,
2470 3708 2549 3780 τῷ
2575 3714 2910 3782 πρωτογενεῖ
2939 3711 3102 3764 αὐτοῦ
3132 3712 3311 3783 Λόγῳ,
3341 3713 3421 3783 τῷ
3447 3714 3671 3768 πάντων
3695 3715 3781 3785 δη-

2207 3798 2452 3871 μιουργῷ
2482 3801 2576 3853 καὶ⁸
2620 3800 2958 3872 κυϐερνήτῃ·
3003 3801 3152 3874 αὐτῷ
3200 3803 3346 3873 μόνῳ
3389 3805 3535 3876 ὑπέρ
3564 3823 3628 3860 τε
3658 3808 3781 3860 ἐαυε-

2199 3887 2293 3942 τοῦ
2323 3891 2416 3944 καὶ
2445 3891 2584 3963 ὑπὲρ
2619 3893 2830 3947 πάντων
2869 3893 2972 3965 ἰδίᾳ
3002 3912 3063 3947 τε
3100 3897 3194 3949 καὶ
3224 3897 3455 3951 ἑκάστου
3493 3899 3606 3971 (59)
3629 3941 3645 3964 ,
3696 3902 3784 3954 καὶ

2201 3981 2394 4054 ἀθρόον
2420 3983 2533 4054 ἅμα
2547 3984 2766 4039 δυνατὸν
2786 3985 2845 4039 ὃν
2872 3988 3220 4059 ἀναπέμπειν
3244 3989 3509 4061 διηνεκεῖς
3531 3994 3630 4047 καὶ
3647 3994 3784 4047 ἀδια-

2199 4071 2449 4138 λείπτους
2477 4076 2556 4147 τῷ
2572 4077 2746 4149 Πατρὶ
2768 4078 2867 4140 τὰς
2894 4080 3267 4151 εὐχαριστίας·
3293 4083 3374 4136 ὅτι
3403 4085 3566 4151 αὐτὸς
3597 4089 3634 4159 ἡ
3665 4087 3784 4159 an;

2199 4163 2320 4220 θεια
2361 4166 2437 4220 ὣν
2458 4205 2473 4229 ,
2517 4169 2613 4221 καὶ
2645 4171 2678 4241 ἡ
2708 4171 2871 4224 αὐτοῦ
2902 4171 2994 4224 τοῦ
3030 4174 3241 4246 Πατρὸς
3271 4176 3378 4230 τῶν
3406 4176 3545 4235 ὅλων
3575 4182 3676 4234 καὶ
3702 4197 3784 4233 σο-

2199 4255 2297 4323 φία
2325 4257 2418 4310 καὶ
2449 4256 2699 4329 δύναμις,
2735 4261 2871 4332 πρὸς
2902 4261 2960 4314 δὲ
2992 4263 3089 4318 καὶ
3115 4265 3174 4316 ἐν
3206 4265 3354 4337 αὐτῷ
3382 4266 3481 4331 ῶν,
3517 4271 3617 4323 καὶ
3648 4271 3782 4344 πρὸς

2194 4348 2356 4402 αὐτὸν
2395 4351 2634 4422 ἀτεχνῶς
2665 4353 2960 4424 ἡνωμένος,
3008 4356 3108 4409 οὐκ
3137 4357 3282 4411 ἐστιν
3314 4361 3463 4425 ὅπως
3491 4363 3524 4434 ἦ
3559 4363 3655 4418 διὰ
3685 4366 3778 4435 λήσ-

521 4414 674 4471 litate
713 4417 917 4488 aliqua,
945 4435 1010 4474 ac
1042 4421 1089 4476 si
1119 4422 1242 4492 quis
1270 4423 1340 4479 ab
1366 4439 1431 4480 eo
1463 4425 1745 4497 sejunctus
1780 4442 1835 4488 et
1877 4433 2092 4492 alienus

2216 4442 2296 4513 Ιην
2325 4414 2669 4530 ἣ,ἀ-σόίρωςήῆ
2687 4414 2795 4499 ’ὑπ”
2818 4414 3102 4514 ἀσθενείας
3128 4451 3294 4516 τινὸς,
3320 4414 3653 4530 mea};

519 4517 698 4573 esset,
731 4509 816 4563 vel
841 4512 1062 4582 assequi
1089 4513 1419 4574 laudationis
1447 4521 1672 4577 modum
1702 4535 1978 4596 nequeat,
2007 4530 2094 4585 vel

593 4658 1316 4758 gﬁﬁj.11lafﬁtsi._litbonam
1351 4684 1558 4758 tantum
1588 4687 1808 4758 partem
1842 4687 2092 4758 παναγής

519 4732 732 4818 ponunt
758 4732 970 4818 .besi‘ca
1002 4755 1016 4792 :
1049 4740 1141 4818 sed
1168 4756 1233 4818 ex
1273 4743 1376 4800 hoc
1419 4747 1538 4801 loco
1582 4732 1827 4818 (Minue
1849 4732 2094 4811 Ῑὶἑέῐίὁίἰὲ

520 4801 944 4892 έιιῴξῑςιῖ)
977 4817 1142 4892 patet,
1173 4811 1225 4864 in
1251 4823 1534 4886 utramque
1558 4801 2095 4892 ν“;ιιέιὲὸ,ἰἷεὲῐιῖἱιὲἰὶῖ

518 4872 728 4947 ἀναγῄς
745 4883 810 4947 et
835 4872 1055 4947 ἐναγῆς.
1087 4872 1316 4938 Bancst.

591 4943 706 5031 (ϐξ)
732 4942 1094 5031 Γυμνργἠδὲ
1138 4953 1342 5031 αὐτόν.
1369 4957 1556 5031 -.Αὐτὸν
1595 4958 1848 5031 Bengelio
1879 4967 2093 5020 videtur

519 5011 833 5092 παρέλκεινζ
886 5017 1166 5092 _Athforte=
1193 5022 1478 5092 legendum
1521 5011 2092 5088 ευηῖἓῖιίὶῖνέ

515 5083 709 5205 ἒξετιέῗί,
743 5085 946 5154 γυμνὸν
965 5086 1010 5140 δ’
1032 5083 1287 5159 ἐμαυτόν.
1315 5095 1421 5150 Aut
1443 5097 1632 5153 saltem
1657 5083 2087 5170 rescribendum,

553 5292 565 5303 .
587 5223 702 5307 (57)
748 5225 972 5307 post...
995 5231 1199 5307 ἀθρόα.
1225 5230 1564 5292 Hmschelius
1586 5254 1682 5307 pro
1706 5240 1836 5294 ὡσεί
1859 5242 1912 5297 in
1943 5260 2090 5299 mar-

516 5295 658 5384 gine.
679 5295 843 5384 habet
973 5295 1135 5382 ἐξῄρει
1177 5313 1283 5370 est,
1314 5316 1376 5384 ut
1404 5308 1476 5384 si.
1503 5295 1717 5384 Manere
1751 5311 1881 5365 ὡσεί
1903 5295 2091 5384 potest

517 5363 830 5455 μήιᾎὼσέείκ.
860 5369 1054 5455 ἀθρόα,
1083 5371 1136 5425 in
1155 5363 1501 5455 parenthesi,
1537 5379 1683 5433 illam
1699 5363 1943 5451 praecise
1955 5363 2089 5455 Vlia]:

515 5435 1062 5526 teinLapgmmivra;
1083 5483 1101 5508 ,
1133 5435 1369 5501 tleclaret
1392 5488 1406 5513 ,
1433 5435 2087 5526 eléaanterzvervg—ensrfad

515 5505 741 5558 votum.
761 5505 994 5564 BENGEL.
1084 5505 1092 5508 ⁷
1392 5505 1404 5513 ’
1521 5505 1545 5507 ﬂ
1763 5505 1975 5526 ira-“
2004 5517 2013 5528 '

575 5572 698 5650 .(58)
725 5576 919 5656 ,Ἀλλὰ
939 5580 1046 5647 τὰς
1059 5581 1197 5651 μὲν,
1232 5602 1284 5638 κ.
1320 5603 1369 5640 τ.
1399 5587 1448 5640 λ.
1484 5575 1758 5649 Ηαῦοηιιιε
1785 5595 1840 5648 in
1874 5596 1989 5652 hoc
2008 5606 2088 5653 te-

517 5650 778 5730 stimonio
829 5650 1434 5730 accuratam“mysterii
1450 5729 1469 5730 ί
1485 5663 1900 5730 expositionem.
1926 5650 2085 5723 Nam

515 5711 694 5768 virtus
723 5714 814 5769 illa
837 5717 959 5772 Filii
989 5725 1217 5792 aequalis
1240 5711 1431 5784 intuli
1448 5711 2086 5806 ΡΞιῖἶίέζὶῇἶιΞίᾜείιὲιῨᾶς

2196 4527 2530 4598 εξενωμένος
2545 4530 2729 4598 αὑτοῦ,
2810 4537 2911 4588 οὐκ
2946 4542 3186 4612 ἐφίξεται
3209 4547 3276 4618 τῇ
3307 4527 3534 4619 δυνάμει
3561 4550 3666 4620 τῆς
3688 4549 3774 4600 δυο

2195 4685 2312 4756 ipse
2361 4687 2764 4758 quodammodo
2816 4695 3234 4764 circumamhit,
3286 4699 3419 4754 nihil
3453 4703 3609 4759 aliud
3656 4718 3772 4759 esse

2194 4767 2400 4878 potest,
2447 4775 2612 4837 quam
2660 4770 2771 4815 tota
2817 4762 2993 4820 Patris
3037 4762 3337 4824 substantia
3381 4771 3521 4828 Filio
3548 4779 3770 4829 tradita.

2219 4827 2273 4878 Ix
2308 4844 2418 4878 nuo
2445 4829 2601 4878 facile
2645 4831 2965 4878 intelligitur
3010 4835 3208 4878 Filium
3243 4856 3364 4878 ιιαεο
3403 4845 3690 4878 “suam...
3724 4853 3770 4878 ι..

2219 4827 2273 4900 {1x
2308 4844 2418 4896 quo
2444 4827 2601 4884 facile
2645 4831 2965 4897 intelligitur
3010 4835 3209 4892 Filium
3243 4856 3364 4896 esse
3403 4827 3775 4900 veritatenirct

2193 4895 2391 4981 Patris
2417 4900 2738 4981 sapientiam
2790 4895 2855 4958 ac
2893 4895 3775 4981 _virtutem,_eumqueni'nvPatra

2193 4982 2313 5055 esse
2346 4969 2739 5055 etcunihPatre
2783 4969 3402 5055 conjunctumflaaudes
3447 4969 3588 5055 quas
3624 4969 3774 5041 Patri

2192 5036 2611 5121 Filiustriobuit,
2664 5036 2924 5121 honorem
2956 5063 3118 5117 quem
3168 5051 3218 5105 ei
3252 5036 3426 5107 defert
3442 5036 3774 5121 ,‘et'abec

2192 5111 2389 5196 accipit
2422 5111 2691 5196 vicissim,
2728 5111 3013 5196 utriusque
3041 5134 3370 5196 consensum
3405 5111 3459 5178 in
3480 5127 3584 5182 hac
3618 5111 3770 5196 ejus-

2192 5177 2313 5231 dem
2335 5177 2798 5259 virtutisPatrent
2822 5177 3226 5255 quodammodo
3256 5177 3775 5252 circumainbie'ntis

2192 5249 2498 5338 aequalitate
2511 5251 2740 5338 ‘diserte‘
2759 5249 3056 5338 Gregorius
3087 5249 3407 5338 consti_tuit,_
3421 5277 3483 5321 ut
3528 5249 3776 5338 quisque

2191 5319 2622 5395 animadvertere
2656 5333 2851 5392 potest.
2870 5319 3116 5395 'Maranq
3148 5331 3326 5388 Divin.
3365 5319 3442 5390 D.
3467 5319 3563 5392 PN:
3576 5319 3775 5393 7:16.

2191 5389 2393 5470 “‘3;th
2424 5407 2540 5470 99!):
2570 5389 2718 5470 εὲυνίὲ
2745 5396 2796 5458 ίν
2825 5413 2946 5470 pas:
2979 5390 3104 5456 5334

2261 5459 2527 5536 (59λλιίαι
2575 5459 2855 5536 ἑκάὸςζού.
2895 5459 3016 5536 "Qui
3062 5470 3354 5530 editionem
3391 5474 3783 5534 Parisiensem

2190 5531 2518 5620 apn.'l62t‘
2545 5544 2670 5602 post
2716 5531 3040 5620 Vgssiaiiam
3092 5546 3401 5620 recensuit,
3435 5531 3784 5620 conﬁciebat

2192 5599 2616 5689 hictlegendu'm
2653 5606 2798 5689 “ﬁdo,
2853 5608 3100 5689 ἕκαστον.
3156 5615 3228 5689 Αἱ
3287 5599 3786 5689 Βειῖεῆίῦξξηκαῗ

2189 5672 2413 5753 omisso,
2449 5674 2757 5760 commutat;
2769 5695 2847 5760 fe
2875 5681 3125 5760 εκάστου.
3153 5682 3243 5740 Sic
3281 5695 3334 5742 et
3363 5672 3620 5760 niipéiis’
3641 5672 3781 5748 Gri-

2187 5743 2541 5811 genianorum
2565 5743 2744 5803 editor
2765 5747 3108 5809 Parisiensis.
