  <div class='ocr_page' id='page_1' title='image "/cluster/home/n/w/nwhite01/storage/ocr_20150623/10/hvd.32044073501330/550.png"; bbox 0 0 1994 3100; ppageno 0'>
   <div class='ocr_carea' id='block_1_1' title="bbox 103 132 192 162">
    <p class='ocr_par' dir='ltr' id='par_1_1' title="bbox 103 132 192 162">
     <span class='ocr_line' id='line_1_1' title="bbox 103 132 192 162; baseline 0 -1"><span class='ocrx_word' id='word_1_1' title='bbox 103 132 192 162; x_wconf 79' lang='grc'><strong>1061’</strong></span> 
     </span>
    </p>
   </div>
   <div class='ocr_carea' id='block_1_2' title="bbox 613 130 1224 161">
    <p class='ocr_par' dir='ltr' id='par_1_2' title="bbox 613 130 1224 161">
     <span class='ocr_line' id='line_1_2' title="bbox 613 130 1224 161; baseline -0.002 -2"><span class='ocrx_word' id='word_1_2' title='bbox 613 133 646 160; x_wconf 82' lang='lat' dir='ltr'><strong>IN</strong></span> <span class='ocrx_word' id='word_1_3' title='bbox 658 132 835 161; x_wconf 80' lang='lat' dir='ltr'><strong>ORIGENEM</strong></span> <span class='ocrx_word' id='word_1_4' title='bbox 847 131 976 160; x_wconf 76' lang='lat' dir='ltr'><strong>ORATIO</strong></span> <span class='ocrx_word' id='word_1_5' title='bbox 997 130 1224 159; x_wconf 77' lang='lat' dir='ltr'><strong>PANEGYRICA.</strong></span> 
     </span>
    </p>
   </div>
   <div class='ocr_carea' id='block_1_3' title="bbox 1661 131 1736 160">
    <p class='ocr_par' dir='ltr' id='par_1_3' title="bbox 1661 131 1736 160">
     <span class='ocr_line' id='line_1_3' title="bbox 1661 131 1736 160; baseline 0.013 -1"><span class='ocrx_word' id='word_1_6' title='bbox 1661 131 1736 160; x_wconf 58' lang='lat'><strong>106%</strong></span> 
     </span>
    </p>
   </div>
   <div class='ocr_carea' id='block_1_4' title="bbox 99 188 896 228">
    <p class='ocr_par' dir='ltr' id='par_1_4' title="bbox 99 190 891 228">
     <span class='ocr_line' id='line_1_4' title="bbox 99 190 891 228; baseline 0 -10"><span class='ocrx_word' id='word_1_7' title='bbox 99 191 212 227; x_wconf 83' lang='grc' dir='ltr'>νάμεως</span> <span class='ocrx_word' id='word_1_8' title='bbox 222 212 230 224; x_wconf 91' lang='grc'><strong>,</strong></span> <span class='ocrx_word' id='word_1_9' title='bbox 245 191 262 228; x_wconf 71' lang='grc' dir='ltr'>ἢ</span> <span class='ocrx_word' id='word_1_10' title='bbox 281 191 402 226; x_wconf 73' lang='grc' dir='ltr'><strong>ἐφίξεται</strong></span> <span class='ocrx_word' id='word_1_11' title='bbox 414 192 473 227; x_wconf 74' lang='grc' dir='ltr'>μὲν,</span> <span class='ocrx_word' id='word_1_12' title='bbox 487 190 558 218; x_wconf 77' lang='grc' dir='ltr'><strong>ἑκὼν</strong></span> <span class='ocrx_word' id='word_1_13' title='bbox 570 191 598 218; x_wconf 78' lang='grc' dir='ltr'>δὲ</span> <span class='ocrx_word' id='word_1_14' title='bbox 610 191 635 226; x_wconf 80' lang='grc' dir='ltr'>(ὃ</span> <span class='ocrx_word' id='word_1_15' title='bbox 650 191 686 227; x_wconf 85' lang='grc' dir='ltr'>μὴ</span> <span class='ocrx_word' id='word_1_16' title='bbox 702 191 780 227; x_wconf 82' lang='grc' dir='ltr'><strong>θέμις</strong></span> <span class='ocrx_word' id='word_1_17' title='bbox 794 191 891 227; x_wconf 89' lang='grc' dir='ltr'>εἰπεῖν)</span> 
     </span>
    </p>
   </div>
   <div class='ocr_carea' id='block_1_5' title="bbox 947 188 1732 228">
    <p class='ocr_par' dir='ltr' id='par_1_5' title="bbox 947 188 1732 225">
     <span class='ocr_line' id='line_1_5' title="bbox 947 188 1732 225; baseline 0.003 -8"><span class='ocrx_word' id='word_1_18' title='bbox 947 194 973 217; x_wconf 89' lang='lat' dir='ltr'><strong>ut</strong></span> <span class='ocrx_word' id='word_1_19' title='bbox 985 195 1146 225; x_wconf 85' lang='lat' dir='ltr'><strong>assequatur</strong></span> <span class='ocrx_word' id='word_1_20' title='bbox 1156 189 1278 225; x_wconf 85' lang='lat' dir='ltr'><strong>quidem,</strong></span> <span class='ocrx_word' id='word_1_21' title='bbox 1292 189 1386 218; x_wconf 86' lang='lat' dir='ltr'><strong>volens</strong></span> <span class='ocrx_word' id='word_1_22' title='bbox 1398 193 1487 217; x_wconf 88' lang='lat' dir='ltr'><strong>tamen</strong></span> <span class='ocrx_word' id='word_1_23' title='bbox 1503 189 1586 225; x_wconf 85' lang='lat' dir='ltr'><strong>(quod</strong></span> <span class='ocrx_word' id='word_1_24' title='bbox 1598 188 1675 218; x_wconf 81' lang='lat' dir='ltr'><strong>nefas</strong></span> <span class='ocrx_word' id='word_1_25' title='bbox 1688 196 1732 219; x_wconf 84' lang='lat' dir='ltr'><strong>est</strong></span> 
     </span>
    </p>
   </div>
   <div class='ocr_carea' id='block_1_6' title="bbox 99 236 891 274">
    <p class='ocr_par' dir='ltr' id='par_1_6' title="bbox 99 236 891 274">
     <span class='ocr_line' id='line_1_6' title="bbox 99 236 891 274; baseline -0.001 -10"><span class='ocrx_word' id='word_1_26' title='bbox 99 238 172 274; x_wconf 74' lang='grc' dir='ltr'><strong>ἐάσῃ</strong></span> <span class='ocrx_word' id='word_1_27' title='bbox 185 237 231 264; x_wconf 85' lang='grc' dir='ltr'>τὸν</span> <span class='ocrx_word' id='word_1_28' title='bbox 244 238 354 274; x_wconf 80' lang='grc' dir='ltr'>Πατέρα</span> <span class='ocrx_word' id='word_1_29' title='bbox 369 238 575 274; x_wconf 64' lang='grc' dir='ltr'>ἁνευφήμητονυ</span> <span class='ocrx_word' id='word_1_30' title='bbox 590 238 664 274; x_wconf 90' lang='grc' dir='ltr'>μόνῳ</span> <span class='ocrx_word' id='word_1_31' title='bbox 680 237 767 272; x_wconf 81' lang='grc' dir='ltr'>τούτῳ</span> <span class='ocrx_word' id='word_1_32' title='bbox 780 236 891 264; x_wconf 82' lang='grc' dir='ltr'>δυνατὸν</span> 
     </span>
    </p>
   </div>
   <div class='ocr_carea' id='block_1_7' title="bbox 97 281 891 320">
    <p class='ocr_par' dir='ltr' id='par_1_7' title="bbox 97 281 891 320">
     <span class='ocr_line' id='line_1_7' title="bbox 97 281 891 320; baseline -0.004 -9"><span class='ocrx_word' id='word_1_33' title='bbox 97 282 132 311; x_wconf 79' lang='grc' dir='ltr'><strong>ὂν</strong></span> <span class='ocrx_word' id='word_1_34' title='bbox 148 283 304 311; x_wconf 77' lang='grc' dir='ltr'>τελειότατα</span> <span class='ocrx_word' id='word_1_35' title='bbox 324 284 414 309; x_wconf 80' lang='grc' dir='ltr'>πᾶσαν</span> <span class='ocrx_word' id='word_1_36' title='bbox 437 283 635 320; x_wconf 77' lang='grc' dir='ltr'><strong>ἀποπληρῶσαι</strong></span> <span class='ocrx_word' id='word_1_37' title='bbox 658 283 707 318; x_wconf 77' lang='grc' dir='ltr'>τὴν</span> <span class='ocrx_word' id='word_1_38' title='bbox 733 282 811 316; x_wconf 76' lang='grc' dir='ltr'>ἀξίαν</span> <span class='ocrx_word' id='word_1_39' title='bbox 837 281 891 308; x_wconf 84' lang='grc' dir='ltr'>τῶν</span> 
     </span>
    </p>
   </div>
   <div class='ocr_carea' id='block_1_8' title="bbox 98 328 892 365">
    <p class='ocr_par' dir='ltr' id='par_1_8' title="bbox 98 328 892 365">
     <span class='ocr_line' id='line_1_8' title="bbox 98 328 892 365; baseline -0.003 -9"><span class='ocrx_word' id='word_1_40' title='bbox 98 329 179 365; x_wconf 79' lang='grc' dir='ltr'>αὐτῷ</span> <span class='ocrx_word' id='word_1_41' title='bbox 192 329 384 365; x_wconf 74' lang='grc' dir='ltr'><strong>προσηκόντων</strong></span> <span class='ocrx_word' id='word_1_42' title='bbox 400 330 481 355; x_wconf 75' lang='grc' dir='ltr'>αἷνων</span> <span class='ocrx_word' id='word_1_43' title='bbox 493 338 500 345; x_wconf 76' lang='grc'><em>’</em></span> <span class='ocrx_word' id='word_1_44' title='bbox 519 330 549 356; x_wconf 83' lang='grc' dir='ltr'>ὃν</span> <span class='ocrx_word' id='word_1_45' title='bbox 562 338 622 356; x_wconf 87' lang='grc' dir='ltr'>τινα</span> <span class='ocrx_word' id='word_1_46' title='bbox 634 330 712 360; x_wconf 67' lang='grc' dir='ltr'>αὐτὸς</span> <span class='ocrx_word' id='word_1_47' title='bbox 726 330 741 355; x_wconf 86' lang='grc' dir='ltr'><strong>ό</strong></span> <span class='ocrx_word' id='word_1_48' title='bbox 759 329 812 355; x_wconf 75' lang='grc' dir='ltr'>τῶν</span> <span class='ocrx_word' id='word_1_49' title='bbox 824 328 892 354; x_wconf 82' lang='grc' dir='ltr'>ὅλων</span> 
     </span>
    </p>
   </div>
   <div class='ocr_carea' id='block_1_9' title="bbox 100 373 905 411">
    <p class='ocr_par' dir='ltr' id='par_1_9' title="bbox 100 373 905 411">
     <span class='ocr_line' id='line_1_9' title="bbox 100 373 905 411; baseline -0.002 -10"><span class='ocrx_word' id='word_1_50' title='bbox 100 375 201 411; x_wconf 83' lang='grc' dir='ltr'>Πατὴρ</span> <span class='ocrx_word' id='word_1_51' title='bbox 222 375 251 401; x_wconf 80' lang='grc' dir='ltr'>ἓν</span> <span class='ocrx_word' id='word_1_52' title='bbox 277 374 346 410; x_wconf 77' lang='grc' dir='ltr'>πρὸς</span> <span class='ocrx_word' id='word_1_53' title='bbox 367 374 450 401; x_wconf 75' lang='grc' dir='ltr'>αὑτὸν</span> <span class='ocrx_word' id='word_1_54' title='bbox 471 375 651 410; x_wconf 81' lang='grc' dir='ltr'><strong>ποιησάμενος</strong></span> <span class='ocrx_word' id='word_1_55' title='bbox 676 374 747 410; x_wconf 83' lang='grc'>(60),</span> <span class='ocrx_word' id='word_1_56' title='bbox 761 374 795 400; x_wconf 74' lang='grc' dir='ltr'>δι’</span> <span class='ocrx_word' id='word_1_57' title='bbox 810 373 905 400; x_wconf 59' lang='grc' dir='ltr'><strong>αὑτοῦμ</strong></span> 
     </span>
    </p>
   </div>
   <div class='ocr_carea' id='block_1_10' title="bbox 102 420 891 457">
    <p class='ocr_par' dir='ltr' id='par_1_10' title="bbox 102 420 891 457">
     <span class='ocr_line' id='line_1_10' title="bbox 102 420 891 457; baseline -0.003 -10"><span class='ocrx_word' id='word_1_58' title='bbox 102 421 247 457; x_wconf 77' lang='grc' dir='ltr'>μονονουχὶ</span> <span class='ocrx_word' id='word_1_59' title='bbox 264 421 345 452; x_wconf 75' lang='grc' dir='ltr'>αὐτὸς</span> <span class='ocrx_word' id='word_1_60' title='bbox 362 420 443 447; x_wconf 73' lang='grc' dir='ltr'>αὑτὸν</span> <span class='ocrx_word' id='word_1_61' title='bbox 460 420 596 456; x_wconf 77' lang='grc' dir='ltr'>ὲκπεριὼν</span> <span class='ocrx_word' id='word_1_62' title='bbox 609 420 680 455; x_wconf 80' lang='grc'>(61),</span> <span class='ocrx_word' id='word_1_63' title='bbox 694 421 727 455; x_wconf 81' lang='grc' dir='ltr'><strong>τῇ</strong></span> <span class='ocrx_word' id='word_1_64' title='bbox 742 420 786 455; x_wconf 81' lang='grc' dir='ltr'><strong>ἴσῃ</strong></span> <span class='ocrx_word' id='word_1_65' title='bbox 803 420 891 455; x_wconf 82' lang='grc' dir='ltr'>πάντη</span> 
     </span>
    </p>
   </div>
   <div class='ocr_carea' id='block_1_11' title="bbox 99 465 890 502">
    <p class='ocr_par' dir='ltr' id='par_1_11' title="bbox 99 465 890 502">
     <span class='ocr_line' id='line_1_11' title="bbox 99 465 890 502; baseline -0.004 -8"><span class='ocrx_word' id='word_1_66' title='bbox 99 467 219 502; x_wconf 79' lang='grc' dir='ltr'><strong>δυνάμει</strong></span> <span class='ocrx_word' id='word_1_67' title='bbox 238 468 270 502; x_wconf 84' lang='grc' dir='ltr'>τῇ</span> <span class='ocrx_word' id='word_1_68' title='bbox 294 466 377 493; x_wconf 72' lang='grc' dir='ltr'>αὑτοῦ</span> <span class='ocrx_word' id='word_1_69' title='bbox 391 466 492 502; x_wconf 80' lang='grc' dir='ltr'>τρόπον</span> <span class='ocrx_word' id='word_1_70' title='bbox 512 466 572 493; x_wconf 80' lang='grc' dir='ltr'>τινὰ</span> <span class='ocrx_word' id='word_1_71' title='bbox 597 466 685 502; x_wconf 74' lang='grc' dir='ltr'>τιμῴη</span> <span class='ocrx_word' id='word_1_72' title='bbox 704 466 751 493; x_wconf 78' lang='grc' dir='ltr'><strong>καὶ</strong></span> <span class='ocrx_word' id='word_1_73' title='bbox 775 465 890 501; x_wconf 81' lang='grc' dir='ltr'>τιμῷτο·</span> 
     </span>
    </p>
   </div>
   <div class='ocr_carea' id='block_1_12' title="bbox 99 511 892 549">
    <p class='ocr_par' dir='ltr' id='par_1_12' title="bbox 99 511 892 549">
     <span class='ocr_line' id='line_1_12' title="bbox 99 511 892 549; baseline -0.004 -9"><span class='ocrx_word' id='word_1_74' title='bbox 99 514 173 549; x_wconf 77' lang='grc' dir='ltr'>ὅπερ</span> <span class='ocrx_word' id='word_1_75' title='bbox 187 513 294 549; x_wconf 81' lang='grc' dir='ltr'>πρῶτος</span> <span class='ocrx_word' id='word_1_76' title='bbox 312 514 358 540; x_wconf 80' lang='grc' dir='ltr'><strong>καὶ</strong></span> <span class='ocrx_word' id='word_1_77' title='bbox 379 513 457 548; x_wconf 82' lang='grc' dir='ltr'>μόνος</span> <span class='ocrx_word' id='word_1_78' title='bbox 475 513 547 548; x_wconf 75' lang='grc' dir='ltr'>ἔχειν</span> <span class='ocrx_word' id='word_1_79' title='bbox 564 512 659 548; x_wconf 81' lang='grc' dir='ltr'>ἔλαχεν</span> <span class='ocrx_word' id='word_1_80' title='bbox 673 513 705 539; x_wconf 76' lang='grc' dir='ltr'><strong>ἐκ</strong></span> <span class='ocrx_word' id='word_1_81' title='bbox 718 512 825 539; x_wconf 81' lang='grc' dir='ltr'>πάντων</span> <span class='ocrx_word' id='word_1_82' title='bbox 839 511 892 538; x_wconf 82' lang='grc' dir='ltr'><strong>τῶν</strong></span> 
     </span>
    </p>
   </div>
   <div class='ocr_carea' id='block_1_13' title="bbox 99 556 891 594">
    <p class='ocr_par' dir='ltr' id='par_1_13' title="bbox 99 556 891 594">
     <span class='ocr_line' id='line_1_13' title="bbox 99 556 891 594; baseline -0.003 -8"><span class='ocrx_word' id='word_1_83' title='bbox 99 559 189 586; x_wconf 75' lang='grc' dir='ltr'>όντων</span> <span class='ocrx_word' id='word_1_84' title='bbox 204 559 218 585; x_wconf 88' lang='grc' dir='ltr'><strong>ό</strong></span> <span class='ocrx_word' id='word_1_85' title='bbox 236 559 390 594; x_wconf 75' lang='grc' dir='ltr'>Μονογενὴς</span> <span class='ocrx_word' id='word_1_86' title='bbox 410 559 503 590; x_wconf 81' lang='grc' dir='ltr'>αὑτοῦ,</span> <span class='ocrx_word' id='word_1_87' title='bbox 525 560 540 586; x_wconf 87' lang='grc' dir='ltr'>ὁ</span> <span class='ocrx_word' id='word_1_88' title='bbox 558 560 587 585; x_wconf 80' lang='grc' dir='ltr'>ἐν</span> <span class='ocrx_word' id='word_1_89' title='bbox 612 559 686 594; x_wconf 80' lang='grc' dir='ltr'>αὐτῷ</span> <span class='ocrx_word' id='word_1_90' title='bbox 706 559 771 590; x_wconf 83' lang='grc' dir='ltr'><strong>Θεὸς</strong></span> <span class='ocrx_word' id='word_1_91' title='bbox 791 556 891 592; x_wconf 76' lang='grc' dir='ltr'>Λόγος’</span> 
     </span>
    </p>
   </div>
   <div class='ocr_carea' id='block_1_14' title="bbox 99 603 893 640">
    <p class='ocr_par' dir='ltr' id='par_1_14' title="bbox 99 603 893 640">
     <span class='ocr_line' id='line_1_14' title="bbox 99 603 893 640; baseline 0 -10"><span class='ocrx_word' id='word_1_92' title='bbox 99 605 159 631; x_wconf 77' lang='grc' dir='ltr'>τῶν</span> <span class='ocrx_word' id='word_1_93' title='bbox 173 604 260 632; x_wconf 79' lang='grc' dir='ltr'>ἄλλων</span> <span class='ocrx_word' id='word_1_94' title='bbox 280 604 335 640; x_wconf 72' lang='grc'>(62)</span> <span class='ocrx_word' id='word_1_95' title='bbox 352 606 463 633; x_wconf 72' lang='grc' dir='ltr'>πάντων</span> <span class='ocrx_word' id='word_1_96' title='bbox 478 605 550 632; x_wconf 74' lang='grc' dir='ltr'>οὕτω</span> <span class='ocrx_word' id='word_1_97' title='bbox 572 605 650 640; x_wconf 89' lang='grc' dir='ltr'>μόνον</span> <span class='ocrx_word' id='word_1_98' title='bbox 669 604 835 640; x_wconf 78' lang='grc' dir='ltr'>εὐχαρίστων</span> <span class='ocrx_word' id='word_1_99' title='bbox 847 603 893 631; x_wconf 80' lang='grc' dir='ltr'><strong>καὶ</strong></span> 
     </span>
    </p>
   </div>
   <div class='ocr_carea' id='block_1_15' title="bbox 99 648 893 686">
    <p class='ocr_par' dir='ltr' id='par_1_15' title="bbox 99 648 893 686">
     <span class='ocr_line' id='line_1_15' title="bbox 99 648 893 686; baseline 0 -10"><span class='ocrx_word' id='word_1_100' title='bbox 99 650 225 677; x_wconf 76' lang='grc' dir='ltr'>εὐσεϐῶν</span> <span class='ocrx_word' id='word_1_101' title='bbox 236 648 306 677; x_wconf 85' lang='grc' dir='ltr'>εἶναι</span> <span class='ocrx_word' id='word_1_102' title='bbox 320 651 486 686; x_wconf 80' lang='grc' dir='ltr'><strong>δυναμένων,</strong></span> <span class='ocrx_word' id='word_1_103' title='bbox 500 652 523 678; x_wconf 76' lang='grc' dir='ltr'>ει</span> <span class='ocrx_word' id='word_1_104' title='bbox 536 650 662 686; x_wconf 78' lang='grc' dir='ltr'><strong>ἐπάὑτῷ</strong></span> <span class='ocrx_word' id='word_1_105' title='bbox 676 650 806 686; x_wconf 84' lang='grc' dir='ltr'>φέροντες</span> <span class='ocrx_word' id='word_1_106' title='bbox 821 650 893 685; x_wconf 84' lang='grc' dir='ltr'>μόνῳ</span> 
     </span>
    </p>
   </div>
   <div class='ocr_carea' id='block_1_16' title="bbox 101 696 892 733">
    <p class='ocr_par' dir='ltr' id='par_1_16' title="bbox 101 696 892 733">
     <span class='ocr_line' id='line_1_16' title="bbox 101 696 892 733; baseline -0.001 -10"><span class='ocrx_word' id='word_1_107' title='bbox 101 697 168 723; x_wconf 77' lang='grc' dir='ltr'>ἀντὶ</span> <span class='ocrx_word' id='word_1_108' title='bbox 193 697 301 724; x_wconf 80' lang='grc' dir='ltr'>πάντων</span> <span class='ocrx_word' id='word_1_109' title='bbox 320 697 374 723; x_wconf 80' lang='grc' dir='ltr'><strong>τῶν</strong></span> <span class='ocrx_word' id='word_1_110' title='bbox 401 697 477 733; x_wconf 77' lang='grc' dir='ltr'>παρὰ</span> <span class='ocrx_word' id='word_1_111' title='bbox 500 697 547 724; x_wconf 82' lang='grc' dir='ltr'>τοῦ</span> <span class='ocrx_word' id='word_1_112' title='bbox 569 697 675 733; x_wconf 71' lang='grc' dir='ltr'>Πατρός</span> <span class='ocrx_word' id='word_1_113' title='bbox 689 698 755 732; x_wconf 84' lang='grc' dir='ltr'>ἡμῖν</span> <span class='ocrx_word' id='word_1_114' title='bbox 773 696 892 731; x_wconf 78' lang='grc' dir='ltr'><strong>ἀγαθῶν,</strong></span> 
     </span>
    </p>
   </div>
   <div class='ocr_carea' id='block_1_17' title="bbox 99 742 894 779">
    <p class='ocr_par' dir='ltr' id='par_1_17' title="bbox 99 742 894 779">
     <span class='ocr_line' id='line_1_17' title="bbox 99 742 894 779; baseline 0 -10"><span class='ocrx_word' id='word_1_115' title='bbox 99 743 154 778; x_wconf 77' lang='grc' dir='ltr'>τὴν</span> <span class='ocrx_word' id='word_1_116' title='bbox 184 742 298 777; x_wconf 85' lang='grc' dir='ltr'>δύναμιν</span> <span class='ocrx_word' id='word_1_117' title='bbox 330 743 379 778; x_wconf 82' lang='grc' dir='ltr'>τῆς</span> <span class='ocrx_word' id='word_1_118' title='bbox 409 743 488 776; x_wconf 75' lang='grc' dir='ltr'>ἀξίας</span> <span class='ocrx_word' id='word_1_119' title='bbox 521 743 695 779; x_wconf 81' lang='grc' dir='ltr'><strong>εὐχαριστίας</strong></span> <span class='ocrx_word' id='word_1_120' title='bbox 725 742 894 778; x_wconf 78' lang='grc' dir='ltr'>ἀναθήσομεν</span> 
     </span>
    </p>
   </div>
   <div class='ocr_carea' id='block_1_18' title="bbox 102 789 895 826">
    <p class='ocr_par' dir='ltr' id='par_1_18' title="bbox 102 789 895 826">
     <span class='ocr_line' id='line_1_18' title="bbox 102 789 895 826; baseline 0 -10"><span class='ocrx_word' id='word_1_121' title='bbox 102 790 184 826; x_wconf 85' lang='grc' dir='ltr'>(μίαν</span> <span class='ocrx_word' id='word_1_122' title='bbox 197 790 254 816; x_wconf 86' lang='grc' dir='ltr'>όδδν</span> <span class='ocrx_word' id='word_1_123' title='bbox 266 790 406 822; x_wconf 75' lang='grc' dir='ltr'>εὐσεϐείας</span> <span class='ocrx_word' id='word_1_124' title='bbox 419 791 521 826; x_wconf 84' lang='grc' dir='ltr'>ταύτην</span> <span class='ocrx_word' id='word_1_125' title='bbox 540 789 608 818; x_wconf 81' lang='grc' dir='ltr'>εἶναι</span> <span class='ocrx_word' id='word_1_126' title='bbox 621 790 834 826; x_wconf 77' lang='grc' dir='ltr'>ὁμολογήσαντες</span> <span class='ocrx_word' id='word_1_127' title='bbox 846 790 895 826; x_wconf 87' lang='grc' dir='ltr'>τὴν</span> 
     </span>
    </p>
   </div>
   <div class='ocr_carea' id='block_1_19' title="bbox 101 835 893 873">
    <p class='ocr_par' dir='ltr' id='par_1_19' title="bbox 101 835 893 873">
     <span class='ocr_line' id='line_1_19' title="bbox 101 835 893 873; baseline 0.003 -11"><span class='ocrx_word' id='word_1_128' title='bbox 101 837 136 863; x_wconf 80' lang='grc' dir='ltr'><strong>δι’</strong></span> <span class='ocrx_word' id='word_1_129' title='bbox 155 835 238 863; x_wconf 81' lang='grc' dir='ltr'>αὑτοῦ</span> <span class='ocrx_word' id='word_1_130' title='bbox 262 836 352 863; x_wconf 76' lang='grc' dir='ltr'>πᾶσαν</span> <span class='ocrx_word' id='word_1_131' title='bbox 371 837 494 872; x_wconf 83' lang='grc' dir='ltr'>μνήμην)</span> <span class='ocrx_word' id='word_1_132' title='bbox 517 837 556 873; x_wconf 80' lang='grc' dir='ltr'>τῷ</span> <span class='ocrx_word' id='word_1_133' title='bbox 572 837 626 864; x_wconf 78' lang='grc' dir='ltr'>τῶν</span> <span class='ocrx_word' id='word_1_134' title='bbox 644 836 712 864; x_wconf 82' lang='grc' dir='ltr'>ὅλων</span> <span class='ocrx_word' id='word_1_135' title='bbox 730 837 812 872; x_wconf 52' lang='grc' dir='ltr'>,αἰτίῳ</span> <span class='ocrx_word' id='word_1_136' title='bbox 829 836 893 872; x_wconf 75' lang='grc'>(65).</span> 
     </span>
    </p>
   </div>
   <div class='ocr_carea' id='block_1_20' title="bbox 943 235 1731 271">
    <p class='ocr_par' dir='ltr' id='par_1_20' title="bbox 943 235 1731 271">
     <span class='ocr_line' id='line_1_20' title="bbox 943 235 1731 271; baseline 0 -7"><span class='ocrx_word' id='word_1_137' title='bbox 943 236 1044 271; x_wconf 82' lang='lat' dir='ltr'><strong>dicere)</strong></span> <span class='ocrx_word' id='word_1_138' title='bbox 1057 235 1164 264; x_wconf 83' lang='lat' dir='ltr'><strong>Patrem</strong></span> <span class='ocrx_word' id='word_1_139' title='bbox 1175 244 1224 264; x_wconf 88' lang='lat' dir='ltr'><strong>sua</strong></span> <span class='ocrx_word' id='word_1_140' title='bbox 1238 236 1393 264; x_wconf 80' lang='lat' dir='ltr'><strong>laudatione</strong></span> <span class='ocrx_word' id='word_1_141' title='bbox 1407 235 1552 264; x_wconf 88' lang='lat' dir='ltr'><strong>destituat:</strong></span> <span class='ocrx_word' id='word_1_142' title='bbox 1565 243 1629 263; x_wconf 87' lang='lat' dir='ltr'><strong>cum</strong></span> <span class='ocrx_word' id='word_1_143' title='bbox 1643 236 1667 264; x_wconf 91' lang='lat' dir='ltr'><strong>ei</strong></span> <span class='ocrx_word' id='word_1_144' title='bbox 1679 237 1731 265; x_wconf 79' lang='lat' dir='ltr'><strong>soli</strong></span> 
     </span>
    </p>
   </div>
   <div class='ocr_carea' id='block_1_21' title="bbox 943 281 1733 318">
    <p class='ocr_par' dir='ltr' id='par_1_21' title="bbox 943 281 1733 318">
     <span class='ocr_line' id='line_1_21' title="bbox 943 281 1733 318; baseline 0.001 -8"><span class='ocrx_word' id='word_1_145' title='bbox 943 283 981 310; x_wconf 87' lang='lat' dir='ltr'><strong>sit</strong></span> <span class='ocrx_word' id='word_1_146' title='bbox 1002 282 1030 310; x_wconf 92' lang='lat' dir='ltr'><strong>in</strong></span> <span class='ocrx_word' id='word_1_147' title='bbox 1052 287 1181 318; x_wconf 87' lang='lat' dir='ltr'><strong>promptu</strong></span> <span class='ocrx_word' id='word_1_148' title='bbox 1195 281 1393 318; x_wconf 77' lang='lat' dir='ltr'><strong>perfectissime</strong></span> <span class='ocrx_word' id='word_1_149' title='bbox 1411 289 1508 309; x_wconf 88' lang='lat' dir='ltr'><strong>omnes</strong></span> <span class='ocrx_word' id='word_1_150' title='bbox 1522 282 1733 317; x_wconf 78' lang='lat' dir='ltr'><strong>congruentium</strong></span> 
     </span>
    </p>
   </div>
   <div class='ocr_carea' id='block_1_22' title="bbox 944 328 1732 364">
    <p class='ocr_par' dir='ltr' id='par_1_22' title="bbox 944 328 1732 364">
     <span class='ocr_line' id='line_1_22' title="bbox 944 328 1732 364; baseline 0.001 -8"><span class='ocrx_word' id='word_1_151' title='bbox 944 328 982 356; x_wconf 84' lang='lat' dir='ltr'><strong>illi</strong></span> <span class='ocrx_word' id='word_1_152' title='bbox 996 329 1106 356; x_wconf 85' lang='lat' dir='ltr'><strong>laudum</strong></span> <span class='ocrx_word' id='word_1_153' title='bbox 1120 336 1249 356; x_wconf 88' lang='lat' dir='ltr'><strong>numeros</strong></span> <span class='ocrx_word' id='word_1_154' title='bbox 1267 328 1429 364; x_wconf 84' lang='lat' dir='ltr'><strong>adimplere;</strong></span> <span class='ocrx_word' id='word_1_155' title='bbox 1443 335 1524 363; x_wconf 86' lang='lat' dir='ltr'><strong>quem</strong></span> <span class='ocrx_word' id='word_1_156' title='bbox 1535 329 1593 363; x_wconf 88' lang='lat' dir='ltr'><strong>ipse</strong></span> <span class='ocrx_word' id='word_1_157' title='bbox 1607 330 1732 358; x_wconf 90' lang='lat' dir='ltr'><strong>omnium</strong></span> 
     </span>
    </p>
   </div>
   <div class='ocr_carea' id='block_1_23' title="bbox 944 373 1733 410">
    <p class='ocr_par' dir='ltr' id='par_1_23' title="bbox 944 373 1733 410">
     <span class='ocr_line' id='line_1_23' title="bbox 944 373 1733 410; baseline 0.003 -9"><span class='ocrx_word' id='word_1_158' title='bbox 944 373 1024 402; x_wconf 89' lang='lat' dir='ltr'><strong>Pater</strong></span> <span class='ocrx_word' id='word_1_159' title='bbox 1040 382 1124 402; x_wconf 91' lang='lat' dir='ltr'><strong>unum</strong></span> <span class='ocrx_word' id='word_1_160' title='bbox 1139 382 1231 402; x_wconf 83' lang='lat' dir='ltr'><strong>secum</strong></span> <span class='ocrx_word' id='word_1_161' title='bbox 1249 373 1352 402; x_wconf 80' lang='lat' dir='ltr'><strong>faciens</strong></span> <span class='ocrx_word' id='word_1_162' title='bbox 1362 395 1370 407; x_wconf 87' lang='lat'><strong>,</strong></span> <span class='ocrx_word' id='word_1_163' title='bbox 1387 382 1436 410; x_wconf 88' lang='lat' dir='ltr'><strong>per</strong></span> <span class='ocrx_word' id='word_1_164' title='bbox 1450 374 1540 410; x_wconf 89' lang='lat' dir='ltr'><strong>ipsum</strong></span> <span class='ocrx_word' id='word_1_165' title='bbox 1555 379 1659 403; x_wconf 87' lang='lat' dir='ltr'><strong>tantum</strong></span> <span class='ocrx_word' id='word_1_166' title='bbox 1675 383 1733 404; x_wconf 87' lang='lat' dir='ltr'><strong>non</strong></span> 
     </span>
    </p>
   </div>
   <div class='ocr_carea' id='block_1_24' title="bbox 944 420 1732 456">
    <p class='ocr_par' dir='ltr' id='par_1_24' title="bbox 944 420 1732 456">
     <span class='ocr_line' id='line_1_24' title="bbox 944 420 1732 456; baseline 0.003 -9"><span class='ocrx_word' id='word_1_167' title='bbox 944 427 1005 448; x_wconf 86' lang='lat' dir='ltr'><strong>sese</strong></span> <span class='ocrx_word' id='word_1_168' title='bbox 1021 420 1078 455; x_wconf 92' lang='lat' dir='ltr'><strong>ipse</strong></span> <span class='ocrx_word' id='word_1_169' title='bbox 1091 421 1329 453; x_wconf 90' lang='lat' dir='ltr'><strong>circumambiens,</strong></span> <span class='ocrx_word' id='word_1_170' title='bbox 1348 421 1444 456; x_wconf 68' lang='lat' dir='ltr'><strong>aequali</strong></span> <span class='ocrx_word' id='word_1_171' title='bbox 1458 428 1655 456; x_wconf 80' lang='lat' dir='ltr'><strong>usquequaque</strong></span> <span class='ocrx_word' id='word_1_172' title='bbox 1669 429 1732 449; x_wconf 91' lang='lat' dir='ltr'><strong>cum</strong></span> 
     </span>
    </p>
   </div>
   <div class='ocr_carea' id='block_1_25' title="bbox 945 465 1732 500">
    <p class='ocr_par' dir='ltr' id='par_1_25' title="bbox 945 465 1732 500">
     <span class='ocr_line' id='line_1_25' title="bbox 945 465 1732 500; baseline 0.003 -8"><span class='ocrx_word' id='word_1_173' title='bbox 945 472 994 492; x_wconf 89' lang='lat' dir='ltr'><strong>sua</strong></span> <span class='ocrx_word' id='word_1_174' title='bbox 1018 466 1118 493; x_wconf 88' lang='lat' dir='ltr'><strong>virtute</strong></span> <span class='ocrx_word' id='word_1_175' title='bbox 1139 465 1339 500; x_wconf 87' lang='lat' dir='ltr'><strong>quodammodo</strong></span> <span class='ocrx_word' id='word_1_176' title='bbox 1357 466 1489 500; x_wconf 75' lang='lat' dir='ltr'><strong>honoret,</strong></span> <span class='ocrx_word' id='word_1_177' title='bbox 1514 471 1542 494; x_wconf 90' lang='lat' dir='ltr'><strong>et</strong></span> <span class='ocrx_word' id='word_1_178' title='bbox 1568 467 1732 494; x_wconf 91' lang='lat' dir='ltr'><strong>honoretur:</strong></span> 
     </span>
    </p>
   </div>
   <div class='ocr_carea' id='block_1_26' title="bbox 945 511 1733 547">
    <p class='ocr_par' dir='ltr' id='par_1_26' title="bbox 945 511 1733 547">
     <span class='ocr_line' id='line_1_26' title="bbox 945 511 1733 547; baseline 0.004 -9"><span class='ocrx_word' id='word_1_179' title='bbox 945 511 1018 545; x_wconf 91' lang='lat' dir='ltr'><strong>quod</strong></span> <span class='ocrx_word' id='word_1_180' title='bbox 1031 511 1141 546; x_wconf 78' lang='lat' dir='ltr'><strong>quidem</strong></span> <span class='ocrx_word' id='word_1_181' title='bbox 1159 512 1265 546; x_wconf 89' lang='lat' dir='ltr'><strong>primus</strong></span> <span class='ocrx_word' id='word_1_182' title='bbox 1278 512 1407 547; x_wconf 81' lang='lat' dir='ltr'><strong>solusque</strong></span> <span class='ocrx_word' id='word_1_183' title='bbox 1423 520 1457 539; x_wconf 81' lang='lat' dir='ltr'><strong>ex</strong></span> <span class='ocrx_word' id='word_1_184' title='bbox 1471 512 1601 540; x_wconf 89' lang='lat' dir='ltr'><strong>omnibus</strong></span> <span class='ocrx_word' id='word_1_185' title='bbox 1617 513 1733 542; x_wconf 85' lang='lat' dir='ltr'><strong>scrtitus</strong></span> 
     </span>
    </p>
   </div>
   <div class='ocr_carea' id='block_1_27' title="bbox 945 554 1732 591">
    <p class='ocr_par' dir='ltr' id='par_1_27' title="bbox 945 554 1732 591">
     <span class='ocr_line' id='line_1_27' title="bbox 945 554 1732 591; baseline 0.004 -9"><span class='ocrx_word' id='word_1_186' title='bbox 945 560 987 582; x_wconf 86' lang='lat' dir='ltr'><strong>cst</strong></span> <span class='ocrx_word' id='word_1_187' title='bbox 1000 554 1162 590; x_wconf 72' lang='lat' dir='ltr'><strong>Unigenitus</strong></span> <span class='ocrx_word' id='word_1_188' title='bbox 1173 556 1236 591; x_wconf 76' lang='lat' dir='ltr'><strong>.ejus</strong></span> <span class='ocrx_word' id='word_1_189' title='bbox 1251 557 1298 591; x_wconf 91' lang='lat' dir='ltr'><strong>qui</strong></span> <span class='ocrx_word' id='word_1_190' title='bbox 1316 556 1344 584; x_wconf 90' lang='lat' dir='ltr'><strong>in</strong></span> <span class='ocrx_word' id='word_1_191' title='bbox 1363 556 1424 591; x_wconf 86' lang='lat' dir='ltr'><strong>ipso</strong></span> <span class='ocrx_word' id='word_1_192' title='bbox 1436 561 1489 588; x_wconf 86' lang='lat' dir='ltr'><strong>est,</strong></span> <span class='ocrx_word' id='word_1_193' title='bbox 1516 556 1587 584; x_wconf 82' lang='lat' dir='ltr'><strong>Deus</strong></span> <span class='ocrx_word' id='word_1_194' title='bbox 1600 556 1732 585; x_wconf 82' lang='lat' dir='ltr'><strong>Verbum.</strong></span> 
     </span>
    </p>
   </div>
   <div class='ocr_carea' id='block_1_28' title="bbox 946 600 1734 639">
    <p class='ocr_par' dir='ltr' id='par_1_28' title="bbox 946 600 1734 639">
     <span class='ocr_line' id='line_1_28' title="bbox 946 600 1734 639; baseline 0.006 -12"><span class='ocrx_word' id='word_1_195' title='bbox 946 600 1054 636; x_wconf 84' lang='lat' dir='ltr'><strong>Reliqui</strong></span> <span class='ocrx_word' id='word_1_196' title='bbox 1068 606 1158 629; x_wconf 89' lang='lat' dir='ltr'><strong>autem</strong></span> <span class='ocrx_word' id='word_1_197' title='bbox 1173 610 1269 630; x_wconf 91' lang='lat' dir='ltr'><strong>omnes</strong></span> <span class='ocrx_word' id='word_1_198' title='bbox 1283 603 1320 630; x_wconf 86' lang='lat' dir='ltr'><strong>ita</strong></span> <span class='ocrx_word' id='word_1_199' title='bbox 1342 602 1475 631; x_wconf 81' lang='lat' dir='ltr'><strong>duntaxat</strong></span> <span class='ocrx_word' id='word_1_200' title='bbox 1488 604 1557 639; x_wconf 80' lang='lat' dir='ltr'><strong>grati</strong></span> <span class='ocrx_word' id='word_1_201' title='bbox 1579 608 1606 631; x_wconf 88' lang='lat' dir='ltr'><strong>et</strong></span> <span class='ocrx_word' id='word_1_202' title='bbox 1619 604 1655 639; x_wconf 87' lang='lat' dir='ltr'><strong>pii</strong></span> <span class='ocrx_word' id='word_1_203' title='bbox 1673 612 1734 632; x_wconf 86' lang='lat' dir='ltr'><strong>esse</strong></span> 
     </span>
    </p>
   </div>
   <div class='ocr_carea' id='block_1_29' title="bbox 945 645 1734 684">
    <p class='ocr_par' dir='ltr' id='par_1_29' title="bbox 945 645 1734 684">
     <span class='ocr_line' id='line_1_29' title="bbox 945 645 1734 684; baseline 0.005 -10"><span class='ocrx_word' id='word_1_204' title='bbox 945 653 1103 681; x_wconf 85' lang='lat' dir='ltr'><strong>possumus,</strong></span> <span class='ocrx_word' id='word_1_205' title='bbox 1118 648 1141 675; x_wconf 93' lang='lat' dir='ltr'><strong>si</strong></span> <span class='ocrx_word' id='word_1_206' title='bbox 1156 648 1183 675; x_wconf 93' lang='lat' dir='ltr'><strong>in</strong></span> <span class='ocrx_word' id='word_1_207' title='bbox 1199 656 1232 675; x_wconf 92' lang='lat' dir='ltr'><strong>eo</strong></span> <span class='ocrx_word' id='word_1_208' title='bbox 1248 645 1307 676; x_wconf 76' lang='lat' dir='ltr'><strong>solo</strong></span> <span class='ocrx_word' id='word_1_209' title='bbox 1317 656 1367 684; x_wconf 91' lang='lat' dir='ltr'><strong>pro</strong></span> <span class='ocrx_word' id='word_1_210' title='bbox 1381 649 1508 677; x_wconf 92' lang='lat' dir='ltr'><strong>omnibus</strong></span> <span class='ocrx_word' id='word_1_211' title='bbox 1525 650 1552 676; x_wconf 94' lang='lat' dir='ltr'><strong>in</strong></span> <span class='ocrx_word' id='word_1_212' title='bbox 1566 657 1617 678; x_wconf 80' lang='lat' dir='ltr'><strong>nas</strong></span> <span class='ocrx_word' id='word_1_213' title='bbox 1627 649 1734 678; x_wconf 88' lang='lat' dir='ltr'><strong>aPatre</strong></span> 
     </span>
    </p>
   </div>
   <div class='ocr_carea' id='block_1_30' title="bbox 945 692 1732 730">
    <p class='ocr_par' dir='ltr' id='par_1_30' title="bbox 945 692 1732 730">
     <span class='ocr_line' id='line_1_30' title="bbox 945 692 1732 730; baseline 0.006 -11"><span class='ocrx_word' id='word_1_214' title='bbox 945 692 1141 727; x_wconf 82' lang='lat' dir='ltr'><strong>profluentibus</strong></span> <span class='ocrx_word' id='word_1_215' title='bbox 1150 693 1229 722; x_wconf 84' lang='lat' dir='ltr'><strong>bonis</strong></span> <span class='ocrx_word' id='word_1_216' title='bbox 1241 702 1350 722; x_wconf 91' lang='lat' dir='ltr'><strong>omnem</strong></span> <span class='ocrx_word' id='word_1_217' title='bbox 1359 694 1447 730; x_wconf 64' lang='lat' dir='ltr'><strong>dignae</strong></span> <span class='ocrx_word' id='word_1_218' title='bbox 1457 696 1605 730; x_wconf 75' lang='lat' dir='ltr'><strong>gratiarum</strong></span> <span class='ocrx_word' id='word_1_219' title='bbox 1618 696 1732 724; x_wconf 80' lang='lat' dir='ltr'><strong>actionis</strong></span> 
     </span>
    </p>
   </div>
   <div class='ocr_carea' id='block_1_31' title="bbox 946 739 1734 776">
    <p class='ocr_par' dir='ltr' id='par_1_31' title="bbox 946 739 1734 776">
     <span class='ocr_line' id='line_1_31' title="bbox 946 739 1734 776; baseline 0.006 -11"><span class='ocrx_word' id='word_1_220' title='bbox 946 744 1074 766; x_wconf 85' lang='lat' dir='ltr'><strong>conatum</strong></span> <span class='ocrx_word' id='word_1_221' title='bbox 1089 739 1250 768; x_wconf 76' lang='lat' dir='ltr'><strong>offeramus:</strong></span> <span class='ocrx_word' id='word_1_222' title='bbox 1272 748 1356 768; x_wconf 90' lang='lat' dir='ltr'><strong>unam</strong></span> <span class='ocrx_word' id='word_1_223' title='bbox 1371 741 1480 776; x_wconf 90' lang='lat' dir='ltr'><strong>pietatis</strong></span> <span class='ocrx_word' id='word_1_224' title='bbox 1492 742 1565 769; x_wconf 87' lang='lat' dir='ltr'><strong>viam</strong></span> <span class='ocrx_word' id='word_1_225' title='bbox 1579 742 1651 770; x_wconf 88' lang='lat' dir='ltr'><strong>hanc</strong></span> <span class='ocrx_word' id='word_1_226' title='bbox 1671 750 1734 770; x_wconf 87' lang='lat' dir='ltr'><strong>esse</strong></span> 
     </span>
    </p>
   </div>
   <div class='ocr_carea' id='block_1_32' title="bbox 947 785 1734 823">
    <p class='ocr_par' dir='ltr' id='par_1_32' title="bbox 947 785 1734 823">
     <span class='ocr_line' id='line_1_32' title="bbox 947 785 1734 823; baseline 0.005 -11"><span class='ocrx_word' id='word_1_227' title='bbox 947 785 1115 818; x_wconf 80' lang='lat' dir='ltr'><strong>confitentes,</strong></span> <span class='ocrx_word' id='word_1_228' title='bbox 1130 786 1152 814; x_wconf 92' lang='lat' dir='ltr'><strong>si</strong></span> <span class='ocrx_word' id='word_1_229' title='bbox 1174 793 1282 813; x_wconf 86' lang='lat' dir='ltr'><strong>omnem</strong></span> <span class='ocrx_word' id='word_1_230' title='bbox 1295 787 1454 814; x_wconf 87' lang='lat' dir='ltr'><strong>memoriam</strong></span> <span class='ocrx_word' id='word_1_231' title='bbox 1471 795 1520 823; x_wconf 90' lang='lat' dir='ltr'><strong>per</strong></span> <span class='ocrx_word' id='word_1_232' title='bbox 1539 788 1627 823; x_wconf 90' lang='lat' dir='ltr'><strong>ipsum</strong></span> <span class='ocrx_word' id='word_1_233' title='bbox 1639 789 1734 816; x_wconf 83' lang='lat' dir='ltr'><strong>condi-</strong></span> 
     </span>
    </p>
   </div>
   <div class='ocr_carea' id='block_1_33' title="bbox 947 831 1734 868">
    <p class='ocr_par' dir='ltr' id='par_1_33' title="bbox 947 831 1734 868">
     <span class='ocr_line' id='line_1_33' title="bbox 947 831 1734 868; baseline 0.009 -11"><span class='ocrx_word' id='word_1_234' title='bbox 947 831 1000 858; x_wconf 89' lang='lat' dir='ltr'><strong>tori</strong></span> <span class='ocrx_word' id='word_1_235' title='bbox 1014 836 1095 866; x_wconf 86' lang='lat' dir='ltr'><strong>atque</strong></span> <span class='ocrx_word' id='word_1_236' title='bbox 1110 833 1213 859; x_wconf 86' lang='lat' dir='ltr'><strong>auctori</strong></span> <span class='ocrx_word' id='word_1_237' title='bbox 1229 833 1351 860; x_wconf 90' lang='lat' dir='ltr'><strong>omnium</strong></span> <span class='ocrx_word' id='word_1_238' title='bbox 1364 833 1532 863; x_wconf 82' lang='lat' dir='ltr'><strong>dedicemus.</strong></span> <span class='ocrx_word' id='word_1_239' title='bbox 1549 835 1734 868; x_wconf 84' lang='lat' dir='ltr'><strong>Quamobrem</strong></span> 
     </span>
    </p>
   </div>
   <div class='ocr_carea' id='block_1_34' title="bbox 102 875 896 919">
    <p class='ocr_par' dir='ltr' id='par_1_34' title="bbox 102 882 896 919">
     <span class='ocr_line' id='line_1_34' title="bbox 102 882 896 919; baseline 0 -10"><span class='ocrx_word' id='word_1_240' title='bbox 102 883 151 910; x_wconf 82' lang='grc' dir='ltr'>Διδ</span> <span class='ocrx_word' id='word_1_241' title='bbox 172 882 204 918; x_wconf 87' lang='grc' dir='ltr'>δὴ</span> <span class='ocrx_word' id='word_1_242' title='bbox 225 883 275 918; x_wconf 80' lang='grc' dir='ltr'>τῆς</span> <span class='ocrx_word' id='word_1_243' title='bbox 299 883 348 918; x_wconf 83' lang='grc' dir='ltr'><strong>μὲν</strong></span> <span class='ocrx_word' id='word_1_244' title='bbox 372 883 418 910; x_wconf 78' lang='grc' dir='ltr'><strong>ἐπὶ</strong></span> <span class='ocrx_word' id='word_1_245' title='bbox 443 883 511 910; x_wconf 79' lang='grc' dir='ltr'>πᾶσι</span> <span class='ocrx_word' id='word_1_246' title='bbox 532 883 658 919; x_wconf 85' lang='grc' dir='ltr'>διαρκοῦς</span> <span class='ocrx_word' id='word_1_247' title='bbox 676 883 804 918; x_wconf 80' lang='grc' dir='ltr'>προνοίας</span> <span class='ocrx_word' id='word_1_248' title='bbox 823 882 852 910; x_wconf 80' lang='grc' dir='ltr'>ἐν</span> <span class='ocrx_word' id='word_1_249' title='bbox 868 891 896 909; x_wconf 85' lang='grc' dir='ltr'>τε</span> 
     </span>
    </p>
   </div>
   <div class='ocr_carea' id='block_1_35' title="bbox 947 875 1735 919">
    <p class='ocr_par' dir='ltr' id='par_1_35' title="bbox 949 877 1735 917">
     <span class='ocr_line' id='line_1_35' title="bbox 949 877 1735 917; baseline 0.008 -13"><span class='ocrx_word' id='word_1_250' title='bbox 949 882 1076 912; x_wconf 89' lang='lat' dir='ltr'><strong>perpetua</strong></span> <span class='ocrx_word' id='word_1_251' title='bbox 1090 877 1199 912; x_wconf 88' lang='lat' dir='ltr'><strong>quidem</strong></span> <span class='ocrx_word' id='word_1_252' title='bbox 1215 878 1269 912; x_wconf 88' lang='lat' dir='ltr'><strong>illa,</strong></span> <span class='ocrx_word' id='word_1_253' title='bbox 1291 886 1352 914; x_wconf 65' lang='lat' dir='ltr'><strong>quae</strong></span> <span class='ocrx_word' id='word_1_254' title='bbox 1367 879 1396 906; x_wconf 93' lang='lat' dir='ltr'><strong>in</strong></span> <span class='ocrx_word' id='word_1_255' title='bbox 1410 880 1538 908; x_wconf 86' lang='lat' dir='ltr'><strong>omnibus</strong></span> <span class='ocrx_word' id='word_1_256' title='bbox 1558 881 1657 914; x_wconf 82' lang='lat' dir='ltr'><strong>elucet,</strong></span> <span class='ocrx_word' id='word_1_257' title='bbox 1672 890 1735 917; x_wconf 67' lang='lat' dir='ltr'><strong>quae</strong></span> 
     </span>
    </p>
   </div>
   <div class='ocr_carea' id='block_1_36' title="bbox 104 927 896 965">
    <p class='ocr_par' dir='ltr' id='par_1_36' title="bbox 104 927 896 965">
     <span class='ocr_line' id='line_1_36' title="bbox 104 927 896 965; baseline -0.001 -10"><span class='ocrx_word' id='word_1_258' title='bbox 104 929 247 965; x_wconf 75' lang='grc' dir='ltr'><strong>μεγίστοις</strong></span> <span class='ocrx_word' id='word_1_259' title='bbox 266 930 314 955; x_wconf 80' lang='grc' dir='ltr'><strong>καὶ</strong></span> <span class='ocrx_word' id='word_1_260' title='bbox 337 929 366 955; x_wconf 83' lang='grc' dir='ltr'>ἐν</span> <span class='ocrx_word' id='word_1_261' title='bbox 387 931 443 961; x_wconf 84' lang='grc' dir='ltr'>τοῖς</span> <span class='ocrx_word' id='word_1_262' title='bbox 467 929 617 964; x_wconf 75' lang='grc' dir='ltr'><strong>ἐλαχίστοις</strong></span> <span class='ocrx_word' id='word_1_263' title='bbox 640 928 791 964; x_wconf 78' lang='grc' dir='ltr'>κηδομένης</span> <span class='ocrx_word' id='word_1_264' title='bbox 807 927 896 963; x_wconf 82' lang='grc' dir='ltr'>ἡμῶν,</span> 
     </span>
    </p>
   </div>
   <div class='ocr_carea' id='block_1_37' title="bbox 103 974 897 1011">
    <p class='ocr_par' dir='ltr' id='par_1_37' title="bbox 103 974 897 1011">
     <span class='ocr_line' id='line_1_37' title="bbox 103 974 897 1011; baseline -0.001 -9"><span class='ocrx_word' id='word_1_265' title='bbox 103 977 155 1002; x_wconf 75' lang='grc' dir='ltr'>καὶ</span> <span class='ocrx_word' id='word_1_266' title='bbox 169 976 209 1007; x_wconf 80' lang='grc' dir='ltr'><strong>είς</strong></span> <span class='ocrx_word' id='word_1_267' title='bbox 224 975 303 1002; x_wconf 75' lang='grc' dir='ltr'>τοῦτό</span> <span class='ocrx_word' id='word_1_268' title='bbox 317 984 349 1010; x_wconf 90' lang='grc' dir='ltr'><strong>γε</strong></span> <span class='ocrx_word' id='word_1_269' title='bbox 364 975 564 1011; x_wconf 80' lang='grc' dir='ltr'>προαγομένης,</span> <span class='ocrx_word' id='word_1_270' title='bbox 582 976 684 1006; x_wconf 79' lang='grc' dir='ltr'>ἐκεῖνος</span> <span class='ocrx_word' id='word_1_271' title='bbox 696 974 770 1007; x_wconf 78' lang='grc' dir='ltr'>ἄξιος</span> <span class='ocrx_word' id='word_1_272' title='bbox 784 974 897 1010; x_wconf 83' lang='grc' dir='ltr'>διαρκὴς</span> 
     </span>
    </p>
   </div>
   <div class='ocr_carea' id='block_1_38' title="bbox 103 1019 896 1057">
    <p class='ocr_par' dir='ltr' id='par_1_38' title="bbox 103 1019 896 1057">
     <span class='ocr_line' id='line_1_38' title="bbox 103 1019 896 1057; baseline -0.001 -10"><span class='ocrx_word' id='word_1_273' title='bbox 103 1019 177 1048; x_wconf 81' lang='grc' dir='ltr'>εἶναι</span> <span class='ocrx_word' id='word_1_274' title='bbox 194 1020 272 1055; x_wconf 85' lang='grc' dir='ltr'>λόγος</span> <span class='ocrx_word' id='word_1_275' title='bbox 282 1022 322 1052; x_wconf 81' lang='grc' dir='ltr'>εἰς</span> <span class='ocrx_word' id='word_1_276' title='bbox 337 1021 510 1057; x_wconf 69' lang='grc' dir='ltr'>εὐχαριστίας</span> <span class='ocrx_word' id='word_1_277' title='bbox 527 1021 574 1047; x_wconf 73' lang='grc' dir='ltr'><strong>καὶ</strong></span> <span class='ocrx_word' id='word_1_278' title='bbox 589 1020 688 1056; x_wconf 80' lang='grc' dir='ltr'>ὕμνους</span> <span class='ocrx_word' id='word_1_279' title='bbox 703 1020 896 1055; x_wconf 82' lang='grc' dir='ltr'>όμολογείσθω,</span> 
     </span>
    </p>
   </div>
   <div class='ocr_carea' id='block_1_39' title="bbox 103 1065 897 1102">
    <p class='ocr_par' dir='ltr' id='par_1_39' title="bbox 103 1065 897 1102">
     <span class='ocr_line' id='line_1_39' title="bbox 103 1065 897 1102; baseline -0.003 -8"><span class='ocrx_word' id='word_1_280' title='bbox 103 1068 273 1100; x_wconf 81' lang='grc' dir='ltr'>τελειότατος</span> <span class='ocrx_word' id='word_1_281' title='bbox 291 1067 328 1094; x_wconf 81' lang='grc' dir='ltr'>ὣν</span> <span class='ocrx_word' id='word_1_282' title='bbox 350 1068 398 1094; x_wconf 77' lang='grc' dir='ltr'><strong>καὶ</strong></span> <span class='ocrx_word' id='word_1_283' title='bbox 417 1067 487 1099; x_wconf 83' lang='grc' dir='ltr'>ζῶν,</span> <span class='ocrx_word' id='word_1_284' title='bbox 508 1068 555 1094; x_wconf 78' lang='grc' dir='ltr'>καὶ</span> <span class='ocrx_word' id='word_1_285' title='bbox 571 1067 652 1095; x_wconf 77' lang='grc' dir='ltr'>αὑτοῦ</span> <span class='ocrx_word' id='word_1_286' title='bbox 663 1065 711 1093; x_wconf 81' lang='grc' dir='ltr'>τοῦ</span> <span class='ocrx_word' id='word_1_287' title='bbox 719 1066 826 1102; x_wconf 78' lang='grc' dir='ltr'>πρῶτον</span> <span class='ocrx_word' id='word_1_288' title='bbox 841 1065 897 1093; x_wconf 84' lang='grc' dir='ltr'>Νοῦ</span> 
     </span>
    </p>
   </div>
   <div class='ocr_carea' id='block_1_40' title="bbox 104 1109 897 1150">
    <p class='ocr_par' dir='ltr' id='par_1_40' title="bbox 104 1109 897 1150">
     <span class='ocr_line' id='line_1_40' title="bbox 104 1109 897 1150; baseline -0.003 -10"><span class='ocrx_word' id='word_1_289' title='bbox 104 1114 193 1148; x_wconf 72' lang='grc' dir='ltr'>Λόγος</span> <span class='ocrx_word' id='word_1_290' title='bbox 210 1114 330 1149; x_wconf 74' lang='grc' dir='ltr'>ἔμψυχος</span> <span class='ocrx_word' id='word_1_291' title='bbox 353 1114 390 1140; x_wconf 81' lang='grc' dir='ltr'>ὢν</span> <span class='ocrx_word' id='word_1_292' title='bbox 400 1122 407 1129; x_wconf 90' lang='grc'><strong>·</strong></span> <span class='ocrx_word' id='word_1_293' title='bbox 430 1115 444 1140; x_wconf 85' lang='grc' dir='ltr'><strong>ὀ</strong></span> <span class='ocrx_word' id='word_1_294' title='bbox 461 1114 484 1141; x_wconf 72' lang='grc' dir='ltr'>δ’</span> <span class='ocrx_word' id='word_1_295' title='bbox 499 1114 632 1150; x_wconf 82' lang='grc' dir='ltr'>ἡμέτερος</span> <span class='ocrx_word' id='word_1_296' title='bbox 646 1109 723 1145; x_wconf 72' lang='grc' dir='ltr'>οὗτος</span> <span class='ocrx_word' id='word_1_297' title='bbox 737 1112 806 1139; x_wconf 76' lang='grc' dir='ltr'>ἔστω</span> <span class='ocrx_word' id='word_1_298' title='bbox 820 1120 897 1148; x_wconf 86' lang='grc' dir='ltr'>χαρι-</span> 
     </span>
    </p>
   </div>
   <div class='ocr_carea' id='block_1_41' title="bbox 105 1158 897 1196">
    <p class='ocr_par' dir='ltr' id='par_1_41' title="bbox 105 1158 897 1196">
     <span class='ocr_line' id='line_1_41' title="bbox 105 1158 897 1196; baseline -0.003 -10"><span class='ocrx_word' id='word_1_299' title='bbox 105 1162 218 1196; x_wconf 74' lang='grc' dir='ltr'>στήριός</span> <span class='ocrx_word' id='word_1_300' title='bbox 232 1159 383 1196; x_wconf 80' lang='grc' dir='ltr'>ἀνθρώπων</span> <span class='ocrx_word' id='word_1_301' title='bbox 400 1160 447 1195; x_wconf 79' lang='grc' dir='ltr'>μὲν</span> <span class='ocrx_word' id='word_1_302' title='bbox 458 1160 566 1186; x_wconf 79' lang='grc' dir='ltr'>πάντων</span> <span class='ocrx_word' id='word_1_303' title='bbox 585 1159 699 1195; x_wconf 86' lang='grc' dir='ltr'>μάλιστα</span> <span class='ocrx_word' id='word_1_304' title='bbox 712 1158 751 1193; x_wconf 83' lang='grc' dir='ltr'>τῷ</span> <span class='ocrx_word' id='word_1_305' title='bbox 770 1158 846 1193; x_wconf 82' lang='grc' dir='ltr'>ἀνδρὶ</span> <span class='ocrx_word' id='word_1_306' title='bbox 857 1158 897 1193; x_wconf 80' lang='grc' dir='ltr'>τῷ</span> 
     </span>
    </p>
   </div>
   <div class='ocr_carea' id='block_1_42' title="bbox 106 1204 897 1243">
    <p class='ocr_par' dir='ltr' id='par_1_42' title="bbox 106 1204 897 1243">
     <span class='ocr_line' id='line_1_42' title="bbox 106 1204 897 1243; baseline -0.003 -10"><span class='ocrx_word' id='word_1_307' title='bbox 106 1207 176 1243; x_wconf 82' lang='grc' dir='ltr'>ιερῷ</span> <span class='ocrx_word' id='word_1_308' title='bbox 193 1207 276 1242; x_wconf 78' lang='grc' dir='ltr'>τῷδε’</span> <span class='ocrx_word' id='word_1_309' title='bbox 295 1208 321 1233; x_wconf 81' lang='grc' dir='ltr'><strong>εί</strong></span> <span class='ocrx_word' id='word_1_310' title='bbox 341 1207 369 1234; x_wconf 82' lang='grc' dir='ltr'><strong>δέ</strong></span> <span class='ocrx_word' id='word_1_311' title='bbox 386 1216 412 1233; x_wconf 80' lang='grc' dir='ltr'><strong>τι</strong></span> <span class='ocrx_word' id='word_1_312' title='bbox 430 1207 477 1233; x_wconf 76' lang='grc' dir='ltr'>καὶ</span> <span class='ocrx_word' id='word_1_313' title='bbox 499 1206 651 1242; x_wconf 83' lang='grc' dir='ltr'>περαιτέρω</span> <span class='ocrx_word' id='word_1_314' title='bbox 663 1205 822 1242; x_wconf 86' lang='grc' dir='ltr'>μεληγορεῖν</span> <span class='ocrx_word' id='word_1_315' title='bbox 841 1204 897 1240; x_wconf 61' lang='grc' dir='ltr'>(ϐό)</span> 
     </span>
    </p>
   </div>
   <div class='ocr_carea' id='block_1_43' title="bbox 105 1251 898 1289">
    <p class='ocr_par' dir='ltr' id='par_1_43' title="bbox 105 1251 898 1289">
     <span class='ocr_line' id='line_1_43' title="bbox 105 1251 898 1289; baseline -0.001 -9"><span class='ocrx_word' id='word_1_316' title='bbox 105 1253 244 1289; x_wconf 76' lang='grc' dir='ltr'>ἐθέλοιμι,</span> <span class='ocrx_word' id='word_1_317' title='bbox 265 1254 312 1280; x_wconf 80' lang='grc' dir='ltr'><strong>καὶ</strong></span> <span class='ocrx_word' id='word_1_318' title='bbox 324 1253 377 1280; x_wconf 85' lang='grc' dir='ltr'>τῶν</span> <span class='ocrx_word' id='word_1_319' title='bbox 394 1254 425 1279; x_wconf 73' lang='grc' dir='ltr'>οὐ</span> <span class='ocrx_word' id='word_1_320' title='bbox 440 1253 608 1288; x_wconf 77' lang='grc' dir='ltr'>φαινομένων</span> <span class='ocrx_word' id='word_1_321' title='bbox 627 1252 687 1287; x_wconf 79' lang='grc' dir='ltr'>μὲν,</span> <span class='ocrx_word' id='word_1_322' title='bbox 712 1251 855 1287; x_wconf 83' lang='grc' dir='ltr'>Θειοτέρων</span> <span class='ocrx_word' id='word_1_323' title='bbox 869 1252 898 1279; x_wconf 77' lang='grc' dir='ltr'>δὲ</span> 
     </span>
    </p>
   </div>
   <div class='ocr_carea' id='block_1_44' title="bbox 105 1297 898 1336">
    <p class='ocr_par' dir='ltr' id='par_1_44' title="bbox 105 1297 898 1336">
     <span class='ocr_line' id='line_1_44' title="bbox 105 1297 898 1336; baseline -0.001 -9"><span class='ocrx_word' id='word_1_324' title='bbox 105 1301 156 1328; x_wconf 78' lang='grc' dir='ltr'>καὶ</span> <span class='ocrx_word' id='word_1_325' title='bbox 179 1300 334 1335; x_wconf 75' lang='grc' dir='ltr'>κηδομένων</span> <span class='ocrx_word' id='word_1_326' title='bbox 357 1300 517 1336; x_wconf 77' lang='grc' dir='ltr'>ἀνθρώπιον,</span> <span class='ocrx_word' id='word_1_327' title='bbox 544 1298 630 1334; x_wconf 74' lang='grc' dir='ltr'>τούτῳ</span> <span class='ocrx_word' id='word_1_328' title='bbox 651 1299 680 1331; x_wconf 77' lang='grc' dir='ltr'>ὃς</span> <span class='ocrx_word' id='word_1_329' title='bbox 698 1307 731 1334; x_wconf 89' lang='grc' dir='ltr'>με</span> <span class='ocrx_word' id='word_1_330' title='bbox 742 1299 775 1325; x_wconf 77' lang='grc' dir='ltr'>ἐκ</span> <span class='ocrx_word' id='word_1_331' title='bbox 797 1297 898 1326; x_wconf 81' lang='grc' dir='ltr'>παίδων</span> 
     </span>
    </p>
   </div>
   <div class='ocr_carea' id='block_1_45' title="bbox 104 1344 898 1383">
    <p class='ocr_par' dir='ltr' id='par_1_45' title="bbox 104 1344 898 1383">
     <span class='ocr_line' id='line_1_45' title="bbox 104 1344 898 1383; baseline -0.003 -10"><span class='ocrx_word' id='word_1_332' title='bbox 104 1346 199 1383; x_wconf 81' lang='grc' dir='ltr'>κρίσει</span> <span class='ocrx_word' id='word_1_333' title='bbox 212 1346 264 1373; x_wconf 75' lang='grc' dir='ltr'>τινὶ</span> <span class='ocrx_word' id='word_1_334' title='bbox 277 1346 380 1382; x_wconf 82' lang='grc' dir='ltr'>μεγάλῃ</span> <span class='ocrx_word' id='word_1_335' title='bbox 395 1347 545 1381; x_wconf 69' lang='grc' dir='ltr'>οἰκονομεῖν</span> <span class='ocrx_word' id='word_1_336' title='bbox 560 1354 590 1372; x_wconf 86' lang='grc' dir='ltr'><strong>τε</strong></span> <span class='ocrx_word' id='word_1_337' title='bbox 605 1346 651 1372; x_wconf 79' lang='grc' dir='ltr'>καὶ</span> <span class='ocrx_word' id='word_1_338' title='bbox 668 1345 835 1381; x_wconf 77' lang='grc' dir='ltr'>τιθηνεῖσθαι</span> <span class='ocrx_word' id='word_1_339' title='bbox 852 1344 898 1371; x_wconf 78' lang='grc' dir='ltr'><strong>καὶ</strong></span> 
     </span>
    </p>
   </div>
   <div class='ocr_carea' id='block_1_46' title="bbox 105 1391 897 1429">
    <p class='ocr_par' dir='ltr' id='par_1_46' title="bbox 105 1391 897 1429">
     <span class='ocr_line' id='line_1_46' title="bbox 105 1391 897 1429; baseline -0.003 -10"><span class='ocrx_word' id='word_1_340' title='bbox 105 1393 297 1429; x_wconf 73' lang='grc' dir='ltr'>ἐπιτροπεύειν</span> <span class='ocrx_word' id='word_1_341' title='bbox 319 1392 505 1429; x_wconf 80' lang='grc' dir='ltr'>ἐκληρώσατο,</span> <span class='ocrx_word' id='word_1_342' title='bbox 526 1393 540 1419; x_wconf 84' lang='grc' dir='ltr'><strong>ό</strong></span> <span class='ocrx_word' id='word_1_343' title='bbox 559 1391 628 1428; x_wconf 80' lang='grc' dir='ltr'>ἱερὸς</span> <span class='ocrx_word' id='word_1_344' title='bbox 647 1391 760 1426; x_wconf 85' lang='grc' dir='ltr'>ἄγγελος</span> <span class='ocrx_word' id='word_1_345' title='bbox 782 1391 860 1423; x_wconf 83' lang='grc' dir='ltr'>Θεοῦ,</span> <span class='ocrx_word' id='word_1_346' title='bbox 881 1392 897 1418; x_wconf 78' lang='grc' dir='ltr'><strong>ι1</strong></span> 
     </span>
    </p>
   </div>
   <div class='ocr_carea' id='block_1_47' title="bbox 105 1437 898 1474">
    <p class='ocr_par' dir='ltr' id='par_1_47' title="bbox 105 1437 898 1474">
     <span class='ocr_line' id='line_1_47' title="bbox 105 1437 898 1474; baseline -0.003 -8"><span class='ocrx_word' id='word_1_347' title='bbox 105 1438 227 1473; x_wconf 65' lang='grc' dir='ltr'>τρέφων</span> <span class='ocrx_word' id='word_1_348' title='bbox 243 1448 279 1474; x_wconf 83' lang='grc' dir='ltr'>με</span> <span class='ocrx_word' id='word_1_349' title='bbox 297 1439 331 1466; x_wconf 83' lang='grc' dir='ltr'><strong>ἐκ</strong></span> <span class='ocrx_word' id='word_1_350' title='bbox 350 1439 491 1472; x_wconf 81' lang='grc' dir='ltr'>νεότητός</span> <span class='ocrx_word' id='word_1_351' title='bbox 507 1448 577 1473; x_wconf 85' lang='grc' dir='ltr'>μου,</span> <span class='ocrx_word' id='word_1_352' title='bbox 604 1438 684 1474; x_wconf 75' lang='grc' dir='ltr'>φησὶν</span> <span class='ocrx_word' id='word_1_353' title='bbox 698 1438 799 1470; x_wconf 79' lang='grc' dir='ltr'>ἐκεῖνος</span> <span class='ocrx_word' id='word_1_354' title='bbox 812 1439 825 1465; x_wconf 87' lang='grc' dir='ltr'><strong><em>ὸ</em></strong></span> <span class='ocrx_word' id='word_1_355' title='bbox 838 1437 898 1473; x_wconf 82' lang='grc' dir='ltr'><strong>Θεῷ</strong></span> 
     </span>
    </p>
   </div>
   <div class='ocr_carea' id='block_1_48' title="bbox 106 1483 897 1519">
    <p class='ocr_par' dir='ltr' id='par_1_48' title="bbox 106 1483 897 1519">
     <span class='ocr_line' id='line_1_48' title="bbox 106 1483 897 1519; baseline -0.001 -9"><span class='ocrx_word' id='word_1_356' title='bbox 106 1484 189 1519; x_wconf 76' lang='grc' dir='ltr'>φίλος</span> <span class='ocrx_word' id='word_1_357' title='bbox 206 1483 284 1519; x_wconf 78' lang='grc' dir='ltr'>ἀνὴρ,</span> <span class='ocrx_word' id='word_1_358' title='bbox 301 1484 345 1510; x_wconf 82' lang='grc' dir='ltr'>τὸν</span> <span class='ocrx_word' id='word_1_359' title='bbox 361 1483 443 1510; x_wconf 82' lang='grc' dir='ltr'>αὑτοῦ</span> <span class='ocrx_word' id='word_1_360' title='bbox 454 1483 539 1518; x_wconf 86' lang='grc' dir='ltr'>λέγων</span> <span class='ocrx_word' id='word_1_361' title='bbox 553 1483 651 1519; x_wconf 85' lang='grc' dir='ltr'>δηλαδή</span> <span class='ocrx_word' id='word_1_362' title='bbox 664 1492 670 1498; x_wconf 90' lang='grc'><strong>·</strong></span> <span class='ocrx_word' id='word_1_363' title='bbox 686 1483 742 1510; x_wconf 78' lang='grc' dir='ltr'>ἀλλ’</span> <span class='ocrx_word' id='word_1_364' title='bbox 752 1484 766 1510; x_wconf 86' lang='grc' dir='ltr'>ὁ</span> <span class='ocrx_word' id='word_1_365' title='bbox 783 1483 833 1518; x_wconf 86' lang='grc' dir='ltr'>μὲν</span> <span class='ocrx_word' id='word_1_366' title='bbox 848 1483 897 1518; x_wconf 83' lang='grc' dir='ltr'>μέ-</span> 
     </span>
    </p>
   </div>
   <div class='ocr_carea' id='block_1_49' title="bbox 106 1529 896 1565">
    <p class='ocr_par' dir='ltr' id='par_1_49' title="bbox 106 1529 896 1565">
     <span class='ocr_line' id='line_1_49' title="bbox 106 1529 896 1565; baseline -0.001 -9"><span class='ocrx_word' id='word_1_367' title='bbox 106 1538 162 1564; x_wconf 86' lang='grc' dir='ltr'><strong>γας</strong></span> <span class='ocrx_word' id='word_1_368' title='bbox 175 1529 225 1562; x_wconf 84' lang='grc' dir='ltr'><strong>ὦν,</strong></span> <span class='ocrx_word' id='word_1_369' title='bbox 243 1529 379 1564; x_wconf 84' lang='grc' dir='ltr'>ἀναλόγως</span> <span class='ocrx_word' id='word_1_370' title='bbox 397 1529 523 1565; x_wconf 81' lang='grc' dir='ltr'>μέγιστόν</span> <span class='ocrx_word' id='word_1_371' title='bbox 534 1538 594 1556; x_wconf 81' lang='grc' dir='ltr'>τινα</span> <span class='ocrx_word' id='word_1_372' title='bbox 603 1529 673 1565; x_wconf 74' lang='grc' dir='ltr'>(ἦτοι</span> <span class='ocrx_word' id='word_1_373' title='bbox 687 1529 765 1556; x_wconf 81' lang='grc' dir='ltr'>ἄλλον</span> <span class='ocrx_word' id='word_1_374' title='bbox 776 1530 849 1560; x_wconf 81' lang='grc' dir='ltr'>ὅστις</span> <span class='ocrx_word' id='word_1_375' title='bbox 864 1529 896 1556; x_wconf 86' lang='grc' dir='ltr'>ἂν</span> 
     </span>
    </p>
   </div>
   <div class='ocr_carea' id='block_1_50' title="bbox 107 1573 897 1611">
    <p class='ocr_par' dir='ltr' id='par_1_50' title="bbox 107 1573 897 1611">
     <span class='ocr_line' id='line_1_50' title="bbox 107 1573 897 1611; baseline -0.001 -9"><span class='ocrx_word' id='word_1_376' title='bbox 107 1577 212 1607; x_wconf 70' lang='grc' dir='ltr'>ἐκεῖνος</span> <span class='ocrx_word' id='word_1_377' title='bbox 227 1573 254 1611; x_wconf 83' lang='grc' dir='ltr'>ᾗ,</span> <span class='ocrx_word' id='word_1_378' title='bbox 277 1575 293 1609; x_wconf 80' lang='grc' dir='ltr'><strong>ἢ</strong></span> <span class='ocrx_word' id='word_1_379' title='bbox 316 1575 363 1602; x_wconf 70' lang='grc' dir='ltr'>καὶ</span> <span class='ocrx_word' id='word_1_380' title='bbox 377 1575 459 1601; x_wconf 76' lang='grc' dir='ltr'>αὐτὸν</span> <span class='ocrx_word' id='word_1_381' title='bbox 472 1574 536 1606; x_wconf 79' lang='grc' dir='ltr'>ἴσως</span> <span class='ocrx_word' id='word_1_382' title='bbox 548 1574 602 1601; x_wconf 82' lang='grc' dir='ltr'>τὸν</span> <span class='ocrx_word' id='word_1_383' title='bbox 616 1574 671 1608; x_wconf 78' lang='grc' dir='ltr'>τῆς</span> <span class='ocrx_word' id='word_1_384' title='bbox 679 1574 812 1610; x_wconf 74' lang='grc' dir='ltr'>μεγάλης</span> <span class='ocrx_word' id='word_1_385' title='bbox 822 1574 897 1607; x_wconf 78' lang='grc' dir='ltr'>,βου-</span> 
     </span>
    </p>
   </div>
   <div class='ocr_carea' id='block_1_51' title="bbox 107 1620 899 1656">
    <p class='ocr_par' dir='ltr' id='par_1_51' title="bbox 107 1620 899 1656">
     <span class='ocr_line' id='line_1_51' title="bbox 107 1620 899 1656; baseline 0 -8"><span class='ocrx_word' id='word_1_386' title='bbox 107 1620 170 1655; x_wconf 69' lang='grc' dir='ltr'>λῆς</span> <span class='ocrx_word' id='word_1_387' title='bbox 183 1621 337 1656; x_wconf 71' lang='grc' dir='ltr'>Ἄγγελον,</span> <span class='ocrx_word' id='word_1_388' title='bbox 357 1620 403 1647; x_wconf 85' lang='grc' dir='ltr'>τὸν</span> <span class='ocrx_word' id='word_1_389' title='bbox 417 1620 503 1647; x_wconf 77' lang='grc' dir='ltr'>κοινὸν</span> <span class='ocrx_word' id='word_1_390' title='bbox 522 1620 631 1647; x_wconf 81' lang='grc' dir='ltr'>πάντων</span> <span class='ocrx_word' id='word_1_391' title='bbox 651 1620 774 1656; x_wconf 82' lang='grc' dir='ltr'>Σῶτηρα,</span> <span class='ocrx_word' id='word_1_392' title='bbox 792 1621 844 1648; x_wconf 81' lang='grc' dir='ltr'><strong>ὑπὸ</strong></span> <span class='ocrx_word' id='word_1_393' title='bbox 854 1629 899 1648; x_wconf 84' lang='grc' dir='ltr'>τε·</span> 
     </span>
    </p>
   </div>
   <div class='ocr_carea' id='block_1_52' title="bbox 107 1664 899 1703">
    <p class='ocr_par' dir='ltr' id='par_1_52' title="bbox 107 1664 899 1703">
     <span class='ocr_line' id='line_1_52' title="bbox 107 1664 899 1703; baseline 0.001 -10"><span class='ocrx_word' id='word_1_394' title='bbox 107 1667 245 1702; x_wconf 86' lang='grc' dir='ltr'>λειότητος</span> <span class='ocrx_word' id='word_1_395' title='bbox 265 1667 343 1702; x_wconf 84' lang='grc' dir='ltr'>μόνον</span> <span class='ocrx_word' id='word_1_396' title='bbox 361 1667 411 1703; x_wconf 75' lang='grc' dir='ltr'>ἤδη</span> <span class='ocrx_word' id='word_1_397' title='bbox 427 1666 534 1701; x_wconf 76' lang='grc' dir='ltr'>φύλακα</span> <span class='ocrx_word' id='word_1_398' title='bbox 547 1667 622 1702; x_wconf 84' lang='grc' dir='ltr'><strong>αὑτῷ</strong></span> <span class='ocrx_word' id='word_1_399' title='bbox 641 1664 709 1693; x_wconf 75' lang='grc' dir='ltr'>εἶναι</span> <span class='ocrx_word' id='word_1_400' title='bbox 724 1667 899 1703; x_wconf 64' lang='grc' dir='ltr'>κληρωσάμε-</span> 
     </span>
    </p>
   </div>
   <div class='ocr_carea' id='block_1_53' title="bbox 108 1711 897 1749">
    <p class='ocr_par' dir='ltr' id='par_1_53' title="bbox 108 1711 897 1749">
     <span class='ocr_line' id='line_1_53' title="bbox 108 1711 897 1749; baseline 0 -9"><span class='ocrx_word' id='word_1_401' title='bbox 108 1722 166 1745; x_wconf 81' lang='grc' dir='ltr'>νος,</span> <span class='ocrx_word' id='word_1_402' title='bbox 183 1713 233 1740; x_wconf 78' lang='grc' dir='ltr'><strong>οὐκ</strong></span> <span class='ocrx_word' id='word_1_403' title='bbox 246 1711 305 1740; x_wconf 74' lang='grc' dir='ltr'>οἶδα</span> <span class='ocrx_word' id='word_1_404' title='bbox 321 1713 400 1740; x_wconf 80' lang='grc' dir='ltr'>τοῦτο</span> <span class='ocrx_word' id='word_1_405' title='bbox 417 1713 536 1748; x_wconf 85' lang='grc' dir='ltr'>σαφῶς),</span> <span class='ocrx_word' id='word_1_406' title='bbox 555 1714 623 1749; x_wconf 84' lang='grc' dir='ltr'>πλὴν</span> <span class='ocrx_word' id='word_1_407' title='bbox 642 1714 656 1740; x_wconf 80' lang='grc' dir='ltr'>ὁ</span> <span class='ocrx_word' id='word_1_408' title='bbox 678 1714 726 1748; x_wconf 83' lang='grc' dir='ltr'>μὲν</span> <span class='ocrx_word' id='word_1_409' title='bbox 745 1713 789 1740; x_wconf 74' lang='grc' dir='ltr'>τὸν</span> <span class='ocrx_word' id='word_1_410' title='bbox 802 1713 897 1740; x_wconf 75' lang='grc' dir='ltr'>ἑαυτοῦ</span> 
     </span>
    </p>
   </div>
   <div class='ocr_carea' id='block_1_54' title="bbox 111 1758 897 1796">
    <p class='ocr_par' dir='ltr' id='par_1_54' title="bbox 111 1758 897 1796">
     <span class='ocr_line' id='line_1_54' title="bbox 111 1758 897 1796; baseline 0 -10"><span class='ocrx_word' id='word_1_411' title='bbox 111 1760 200 1796; x_wconf 81' lang='grc' dir='ltr'>μέγαν</span> <span class='ocrx_word' id='word_1_412' title='bbox 219 1760 289 1791; x_wconf 83' lang='grc' dir='ltr'>τινὰ,</span> <span class='ocrx_word' id='word_1_413' title='bbox 305 1760 333 1791; x_wconf 80' lang='grc' dir='ltr'>ὃς</span> <span class='ocrx_word' id='word_1_414' title='bbox 349 1760 390 1791; x_wconf 78' lang='grc' dir='ltr'><strong>τίς</strong></span> <span class='ocrx_word' id='word_1_415' title='bbox 418 1761 476 1786; x_wconf 84' lang='grc' dir='ltr'>ποτ’</span> <span class='ocrx_word' id='word_1_416' title='bbox 487 1760 519 1786; x_wconf 86' lang='grc' dir='ltr'>ἂν</span> <span class='ocrx_word' id='word_1_417' title='bbox 533 1758 561 1796; x_wconf 83' lang='grc' dir='ltr'>ᾖ,</span> <span class='ocrx_word' id='word_1_418' title='bbox 582 1760 628 1786; x_wconf 79' lang='grc' dir='ltr'><strong>καὶ</strong></span> <span class='ocrx_word' id='word_1_419' title='bbox 641 1759 780 1794; x_wconf 85' lang='grc' dir='ltr'>γινώσκων</span> <span class='ocrx_word' id='word_1_420' title='bbox 792 1761 838 1787; x_wconf 75' lang='grc' dir='ltr'><strong>καὶ</strong></span> <span class='ocrx_word' id='word_1_421' title='bbox 852 1761 897 1786; x_wconf 85' lang='grc' dir='ltr'><strong>εὑ-</strong></span> 
     </span>
    </p>
   </div>
   <div class='ocr_carea' id='block_1_55' title="bbox 111 1805 897 1841">
    <p class='ocr_par' dir='ltr' id='par_1_55' title="bbox 111 1805 897 1841">
     <span class='ocr_line' id='line_1_55' title="bbox 111 1805 897 1841; baseline 0 -8"><span class='ocrx_word' id='word_1_422' title='bbox 111 1806 222 1841; x_wconf 74' lang='grc' dir='ltr'>φημῶν.</span> <span class='ocrx_word' id='word_1_423' title='bbox 247 1806 342 1841; x_wconf 79' lang='grc' dir='ltr'>Ἡμεῖς</span> <span class='ocrx_word' id='word_1_424' title='bbox 355 1805 382 1832; x_wconf 80' lang='grc' dir='ltr'>δὲ</span> <span class='ocrx_word' id='word_1_425' title='bbox 400 1805 468 1841; x_wconf 80' lang='grc' dir='ltr'>πρὸς</span> <span class='ocrx_word' id='word_1_426' title='bbox 481 1805 520 1840; x_wconf 84' lang='grc' dir='ltr'>τῷ</span> <span class='ocrx_word' id='word_1_427' title='bbox 538 1805 618 1840; x_wconf 80' lang='grc' dir='ltr'>κοινῷ</span> <span class='ocrx_word' id='word_1_428' title='bbox 629 1805 736 1832; x_wconf 82' lang='grc' dir='ltr'>πάντων</span> <span class='ocrx_word' id='word_1_429' title='bbox 748 1805 897 1841; x_wconf 79' lang='grc' dir='ltr'>ἀνθρώπων</span> 
     </span>
    </p>
   </div>
   <div class='ocr_carea' id='block_1_56' title="bbox 110 1851 898 1889">
    <p class='ocr_par' dir='ltr' id='par_1_56' title="bbox 110 1851 898 1889">
     <span class='ocr_line' id='line_1_56' title="bbox 110 1851 898 1889; baseline -0.001 -10"><span class='ocrx_word' id='word_1_430' title='bbox 110 1853 275 1889; x_wconf 73' lang='grc' dir='ltr'>κυϐερνήτῃ,</span> <span class='ocrx_word' id='word_1_431' title='bbox 299 1852 347 1878; x_wconf 77' lang='grc' dir='ltr'>καὶ</span> <span class='ocrx_word' id='word_1_432' title='bbox 366 1852 474 1882; x_wconf 82' lang='grc' dir='ltr'>τοῦτον,</span> <span class='ocrx_word' id='word_1_433' title='bbox 492 1852 521 1882; x_wconf 78' lang='grc' dir='ltr'>ὃς</span> <span class='ocrx_word' id='word_1_434' title='bbox 536 1851 577 1882; x_wconf 81' lang='grc' dir='ltr'><strong>τίς</strong></span> <span class='ocrx_word' id='word_1_435' title='bbox 596 1851 654 1877; x_wconf 80' lang='grc' dir='ltr'>ποτ’</span> <span class='ocrx_word' id='word_1_436' title='bbox 669 1851 751 1882; x_wconf 79' lang='grc' dir='ltr'>ἐστὶν,</span> <span class='ocrx_word' id='word_1_437' title='bbox 769 1851 819 1887; x_wconf 74' lang='grc' dir='ltr'>ἰδίᾳ</span> <span class='ocrx_word' id='word_1_438' title='bbox 835 1860 898 1878; x_wconf 87' lang='grc' dir='ltr'>παι-</span> 
     </span>
    </p>
   </div>
   <div class='ocr_carea' id='block_1_57' title="bbox 109 1896 898 1934">
    <p class='ocr_par' dir='ltr' id='par_1_57' title="bbox 109 1896 898 1934">
     <span class='ocr_line' id='line_1_57' title="bbox 109 1896 898 1934; baseline -0.004 -8"><span class='ocrx_word' id='word_1_439' title='bbox 109 1898 234 1933; x_wconf 75' lang='grc' dir='ltr'>δαγωγὸς</span> <span class='ocrx_word' id='word_1_440' title='bbox 251 1898 328 1934; x_wconf 84' lang='grc' dir='ltr'><strong>ήμῶν</strong></span> <span class='ocrx_word' id='word_1_441' title='bbox 342 1898 426 1925; x_wconf 81' lang='grc' dir='ltr'>όντων</span> <span class='ocrx_word' id='word_1_442' title='bbox 440 1897 554 1933; x_wconf 82' lang='grc' dir='ltr'>νηπίων.</span> <span class='ocrx_word' id='word_1_443' title='bbox 577 1897 626 1929; x_wconf 89' lang='grc' dir='ltr'>Ὃς</span> <span class='ocrx_word' id='word_1_444' title='bbox 637 1897 671 1923; x_wconf 87' lang='grc' dir='ltr'>τά</span> <span class='ocrx_word' id='word_1_445' title='bbox 684 1905 713 1923; x_wconf 84' lang='grc' dir='ltr'>τε</span> <span class='ocrx_word' id='word_1_446' title='bbox 727 1896 794 1924; x_wconf 79' lang='grc' dir='ltr'>ἄλλα</span> <span class='ocrx_word' id='word_1_447' title='bbox 809 1897 898 1932; x_wconf 72' lang='grc' dir='ltr'>πάντη</span> 
     </span>
    </p>
   </div>
   <div class='ocr_carea' id='block_1_58' title="bbox 110 1942 901 1980">
    <p class='ocr_par' dir='ltr' id='par_1_58' title="bbox 110 1942 901 1980">
     <span class='ocr_line' id='line_1_58' title="bbox 110 1942 901 1980; baseline -0.001 -8"><span class='ocrx_word' id='word_1_448' title='bbox 110 1945 202 1973; x_wconf 81' lang='grc' dir='ltr'>πάντα</span> <span class='ocrx_word' id='word_1_449' title='bbox 218 1944 317 1979; x_wconf 80' lang='grc' dir='ltr'>ἀγαθὸς</span> <span class='ocrx_word' id='word_1_450' title='bbox 325 1944 362 1970; x_wconf 84' lang='grc' dir='ltr'>ὢν</span> <span class='ocrx_word' id='word_1_451' title='bbox 372 1944 487 1979; x_wconf 79' lang='grc' dir='ltr'>τροφεὺς</span> <span class='ocrx_word' id='word_1_452' title='bbox 498 1943 542 1969; x_wconf 77' lang='grc' dir='ltr'><strong>καὶ</strong></span> <span class='ocrx_word' id='word_1_453' title='bbox 554 1942 677 1978; x_wconf 80' lang='grc' dir='ltr'>κηδεμὼν</span> <span class='ocrx_word' id='word_1_454' title='bbox 688 1942 752 1978; x_wconf 81' lang='grc' dir='ltr'>ἐμὸς</span> <span class='ocrx_word' id='word_1_455' title='bbox 760 1943 830 1979; x_wconf 74' lang='grc' dir='ltr'>(οὐχὶ</span> <span class='ocrx_word' id='word_1_456' title='bbox 839 1944 901 1980; x_wconf 76' lang='grc' dir='ltr'>ἐμοὶ</span> 
     </span>
    </p>
   </div>
   <div class='ocr_carea' id='block_1_59' title="bbox 110 1989 900 2028">
    <p class='ocr_par' dir='ltr' id='par_1_59' title="bbox 110 1989 900 2028">
     <span class='ocr_line' id='line_1_59' title="bbox 110 1989 900 2028; baseline 0 -11"><span class='ocrx_word' id='word_1_457' title='bbox 110 1991 129 2028; x_wconf 73' lang='grc' dir='ltr'>ἦ</span> <span class='ocrx_word' id='word_1_458' title='bbox 157 1999 210 2017; x_wconf 82' lang='grc' dir='ltr'>τινι</span> <span class='ocrx_word' id='word_1_459' title='bbox 234 1990 288 2017; x_wconf 87' lang='grc' dir='ltr'>τῶν</span> <span class='ocrx_word' id='word_1_460' title='bbox 310 1990 372 2025; x_wconf 81' lang='grc' dir='ltr'>ἐμοὶ</span> <span class='ocrx_word' id='word_1_461' title='bbox 395 1989 586 2026; x_wconf 78' lang='grc' dir='ltr'>προσηκόντων</span> <span class='ocrx_word' id='word_1_462' title='bbox 601 1989 701 2024; x_wconf 81' lang='grc' dir='ltr'>φίλων,</span> <span class='ocrx_word' id='word_1_463' title='bbox 727 1990 822 2025; x_wconf 76' lang='grc' dir='ltr'>τυφλοὶ</span> <span class='ocrx_word' id='word_1_464' title='bbox 845 1990 900 2027; x_wconf 83' lang='grc' dir='ltr'><strong>γὰρ</strong></span> 
     </span>
    </p>
   </div>
   <div class='ocr_carea' id='block_1_60' title="bbox 109 2034 899 2073">
    <p class='ocr_par' dir='ltr' id='par_1_60' title="bbox 109 2034 899 2073">
     <span class='ocr_line' id='line_1_60' title="bbox 109 2034 899 2073; baseline -0.001 -10"><span class='ocrx_word' id='word_1_465' title='bbox 109 2037 194 2073; x_wconf 76' lang='grc' dir='ltr'>ἡμεῖς</span> <span class='ocrx_word' id='word_1_466' title='bbox 214 2036 261 2063; x_wconf 72' lang='grc' dir='ltr'><strong>καὶ</strong></span> <span class='ocrx_word' id='word_1_467' title='bbox 284 2036 365 2071; x_wconf 79' lang='grc' dir='ltr'>μηδὲν</span> <span class='ocrx_word' id='word_1_468' title='bbox 390 2035 444 2062; x_wconf 84' lang='grc' dir='ltr'>τῶν</span> <span class='ocrx_word' id='word_1_469' title='bbox 460 2034 611 2071; x_wconf 71' lang='grc' dir='ltr'>ἔμπροσθεν</span> <span class='ocrx_word' id='word_1_470' title='bbox 632 2036 748 2071; x_wconf 83' lang='grc' dir='ltr'>ὁρῶντες</span> <span class='ocrx_word' id='word_1_471' title='bbox 774 2035 844 2062; x_wconf 80' lang='grc' dir='ltr'>ὥστε</span> <span class='ocrx_word' id='word_1_472' title='bbox 872 2044 899 2062; x_wconf 95' lang='grc' dir='ltr'><strong>τι</strong></span> 
     </span>
    </p>
   </div>
   <div class='ocr_carea' id='block_1_61' title="bbox 112 2080 898 2117">
    <p class='ocr_par' dir='ltr' id='par_1_61' title="bbox 112 2080 898 2117">
     <span class='ocr_line' id='line_1_61' title="bbox 112 2080 898 2117; baseline -0.003 -9"><span class='ocrx_word' id='word_1_473' title='bbox 112 2083 161 2108; x_wconf 75' lang='grc' dir='ltr'><strong>καὶ</strong></span> <span class='ocrx_word' id='word_1_474' title='bbox 175 2081 277 2117; x_wconf 82' lang='grc' dir='ltr'>κρίνειν</span> <span class='ocrx_word' id='word_1_475' title='bbox 291 2080 418 2107; x_wconf 74' lang='grc' dir='ltr'>δύνασθαι</span> <span class='ocrx_word' id='word_1_476' title='bbox 430 2080 484 2106; x_wconf 84' lang='grc' dir='ltr'><strong>τῶν</strong></span> <span class='ocrx_word' id='word_1_477' title='bbox 502 2080 625 2112; x_wconf 83' lang='grc' dir='ltr'>δεόντων,</span> <span class='ocrx_word' id='word_1_478' title='bbox 643 2080 699 2106; x_wconf 81' lang='grc' dir='ltr'>ἀλλ’</span> <span class='ocrx_word' id='word_1_479' title='bbox 718 2080 734 2116; x_wconf 83' lang='grc' dir='ltr'>ἤ</span> <span class='ocrx_word' id='word_1_480' title='bbox 748 2080 821 2116; x_wconf 80' lang='grc' dir='ltr'>αὐτῷ</span> <span class='ocrx_word' id='word_1_481' title='bbox 832 2089 898 2116; x_wconf 84' lang='grc' dir='ltr'>προ-</span> 
     </span>
    </p>
   </div>
   <div class='ocr_carea' id='block_1_62' title="bbox 111 2125 898 2164">
    <p class='ocr_par' dir='ltr' id='par_1_62' title="bbox 111 2125 898 2164">
     <span class='ocr_line' id='line_1_62' title="bbox 111 2125 898 2164; baseline 0 -11"><span class='ocrx_word' id='word_1_482' title='bbox 111 2127 242 2164; x_wconf 81' lang='grc' dir='ltr'>ορωμένῳ</span> <span class='ocrx_word' id='word_1_483' title='bbox 257 2127 344 2153; x_wconf 80' lang='grc' dir='ltr'>πάντα</span> <span class='ocrx_word' id='word_1_484' title='bbox 365 2126 399 2153; x_wconf 78' lang='grc' dir='ltr'><strong>τὰ</strong></span> <span class='ocrx_word' id='word_1_485' title='bbox 413 2126 480 2162; x_wconf 79' lang='grc' dir='ltr'>πρὸς</span> <span class='ocrx_word' id='word_1_486' title='bbox 490 2125 622 2160; x_wconf 71' lang='grc' dir='ltr'>ὠφέλειαν</span> <span class='ocrx_word' id='word_1_487' title='bbox 645 2126 693 2162; x_wconf 84' lang='grc' dir='ltr'>τῆς</span> <span class='ocrx_word' id='word_1_488' title='bbox 711 2126 799 2161; x_wconf 70' lang='grc' dir='ltr'>ψυχῆς</span> <span class='ocrx_word' id='word_1_489' title='bbox 809 2126 898 2161; x_wconf 81' lang='grc' dir='ltr'>ἡμῶν,</span> 
     </span>
    </p>
   </div>
   <div class='ocr_carea' id='block_1_63' title="bbox 113 2170 900 2209">
    <p class='ocr_par' dir='ltr' id='par_1_63' title="bbox 113 2170 900 2209">
     <span class='ocr_line' id='line_1_63' title="bbox 113 2170 900 2209; baseline 0 -9"><span class='ocrx_word' id='word_1_490' title='bbox 113 2173 205 2209; x_wconf 78' lang='grc' dir='ltr'>συμφέ</span> <span class='ocrx_word' id='word_1_491' title='bbox 210 2173 313 2209; x_wconf 74' lang='grc' dir='ltr'>ρον(ϋὸ)</span> <span class='ocrx_word' id='word_1_492' title='bbox 320 2170 388 2200; x_wconf 80' lang='grc' dir='ltr'>εἶναι</span> <span class='ocrx_word' id='word_1_493' title='bbox 396 2173 613 2208; x_wconf 81' lang='grc' dir='ltr'>καταφαίνεται),</span> <span class='ocrx_word' id='word_1_494' title='bbox 624 2172 706 2199; x_wconf 85' lang='grc' dir='ltr'>πάλαι</span> <span class='ocrx_word' id='word_1_495' title='bbox 712 2181 742 2199; x_wconf 86' lang='grc' dir='ltr'><strong>τε</strong></span> <span class='ocrx_word' id='word_1_496' title='bbox 751 2173 797 2199; x_wconf 75' lang='grc' dir='ltr'><strong>καὶ</strong></span> <span class='ocrx_word' id='word_1_497' title='bbox 805 2173 852 2200; x_wconf 82' lang='grc' dir='ltr'>νῦν</span> <span class='ocrx_word' id='word_1_498' title='bbox 859 2172 900 2200; x_wconf 81' lang='grc' dir='ltr'>ἔτι</span> 
     </span>
    </p>
   </div>
   <div class='ocr_carea' id='block_1_64' title="bbox 150 2242 643 2276">
    <p class='ocr_par' dir='ltr' id='par_1_64' title="bbox 150 2242 643 2276">
     <span class='ocr_line' id='line_1_64' title="bbox 150 2242 643 2276; baseline -0.002 -6"><span class='ocrx_word' id='word_1_499' title='bbox 150 2243 172 2259; x_wconf 85' lang='grc'><strong>¹⁸</strong></span> <span class='ocrx_word' id='word_1_500' title='bbox 186 2242 255 2270; x_wconf 86' lang='lat' dir='ltr'><strong>Gen.</strong></span> <span class='ocrx_word' id='word_1_501' title='bbox 268 2250 354 2274; x_wconf 77' lang='lat' dir='ltr'><strong>xtvn,</strong></span> <span class='ocrx_word' id='word_1_502' title='bbox 369 2243 414 2270; x_wconf 78' lang='lat' dir='ltr'><strong>l5.</strong></span> <span class='ocrx_word' id='word_1_503' title='bbox 451 2243 473 2259; x_wconf 80' lang='lat'>“</span> <span class='ocrx_word' id='word_1_504' title='bbox 489 2242 541 2270; x_wconf 84' lang='lat' dir='ltr'><strong>lsa.</strong></span> <span class='ocrx_word' id='word_1_505' title='bbox 563 2250 602 2276; x_wconf 81' lang='lat' dir='ltr'><strong>lx,</strong></span> <span class='ocrx_word' id='word_1_506' title='bbox 616 2242 643 2269; x_wconf 83' lang='lat'><strong>5.</strong></span> 
     </span>
    </p>
   </div>
   <div class='ocr_carea' id='block_1_65' title="bbox 946 922 1736 962">
    <p class='ocr_par' dir='ltr' id='par_1_65' title="bbox 946 922 1736 962">
     <span class='ocr_line' id='line_1_65' title="bbox 946 922 1736 962; baseline 0.009 -13"><span class='ocrx_word' id='word_1_507' title='bbox 946 922 974 950; x_wconf 92' lang='lat' dir='ltr'><strong>in</strong></span> <span class='ocrx_word' id='word_1_508' title='bbox 998 923 1124 951; x_wconf 72' lang='lat' dir='ltr'><strong>maximis</strong></span> <span class='ocrx_word' id='word_1_509' title='bbox 1137 928 1164 951; x_wconf 88' lang='lat' dir='ltr'><strong>et</strong></span> <span class='ocrx_word' id='word_1_510' title='bbox 1177 924 1297 952; x_wconf 89' lang='lat' dir='ltr'><strong>minimis</strong></span> <span class='ocrx_word' id='word_1_511' title='bbox 1316 925 1402 953; x_wconf 79' lang='lat' dir='ltr'><strong>nostri</strong></span> <span class='ocrx_word' id='word_1_512' title='bbox 1416 933 1509 953; x_wconf 89' lang='lat' dir='ltr'><strong>curam</strong></span> <span class='ocrx_word' id='word_1_513' title='bbox 1532 927 1620 962; x_wconf 86' lang='lat' dir='ltr'><strong>gerit,</strong></span> <span class='ocrx_word' id='word_1_514' title='bbox 1641 932 1668 955; x_wconf 91' lang='lat' dir='ltr'><strong>et</strong></span> <span class='ocrx_word' id='word_1_515' title='bbox 1680 928 1736 956; x_wconf 87' lang='lat' dir='ltr'><strong>huc</strong></span> 
     </span>
    </p>
   </div>
   <div class='ocr_carea' id='block_1_66' title="bbox 946 971 1735 1009">
    <p class='ocr_par' dir='ltr' id='par_1_66' title="bbox 946 971 1735 1009">
     <span class='ocr_line' id='line_1_66' title="bbox 946 971 1735 1009; baseline 0.008 -13"><span class='ocrx_word' id='word_1_516' title='bbox 946 976 1033 1004; x_wconf 89' lang='lat' dir='ltr'><strong>usque</strong></span> <span class='ocrx_word' id='word_1_517' title='bbox 1048 974 1176 1004; x_wconf 86' lang='lat' dir='ltr'><strong>provecta</strong></span> <span class='ocrx_word' id='word_1_518' title='bbox 1198 974 1249 1002; x_wconf 83' lang='lat' dir='ltr'><strong>est,</strong></span> <span class='ocrx_word' id='word_1_519' title='bbox 1264 971 1433 1005; x_wconf 82' lang='lat' dir='ltr'><strong>providentia</strong></span> <span class='ocrx_word' id='word_1_520' title='bbox 1458 972 1557 1007; x_wconf 81' lang='lat' dir='ltr'><strong>dignus</strong></span> <span class='ocrx_word' id='word_1_521' title='bbox 1571 973 1632 1006; x_wconf 86' lang='lat' dir='ltr'><strong>ille,</strong></span> <span class='ocrx_word' id='word_1_522' title='bbox 1652 978 1735 1009; x_wconf 89' lang='lat' dir='ltr'><strong>atque</strong></span> 
     </span>
    </p>
   </div>
   <div class='ocr_carea' id='block_1_67' title="bbox 946 1015 1737 1056">
    <p class='ocr_par' dir='ltr' id='par_1_67' title="bbox 946 1015 1737 1056">
     <span class='ocr_line' id='line_1_67' title="bbox 946 1015 1737 1056; baseline 0.006 -14"><span class='ocrx_word' id='word_1_523' title='bbox 946 1016 979 1043; x_wconf 86' lang='lat' dir='ltr'><strong>ad</strong></span> <span class='ocrx_word' id='word_1_524' title='bbox 993 1015 1141 1051; x_wconf 76' lang='lat' dir='ltr'><strong>gratiarum</strong></span> <span class='ocrx_word' id='word_1_525' title='bbox 1155 1016 1288 1044; x_wconf 87' lang='lat' dir='ltr'><strong>actionem</strong></span> <span class='ocrx_word' id='word_1_526' title='bbox 1300 1017 1471 1053; x_wconf 83' lang='lat' dir='ltr'><strong>hymnosque</strong></span> <span class='ocrx_word' id='word_1_527' title='bbox 1485 1019 1622 1048; x_wconf 72' lang='lat' dir='ltr'><strong>sufﬁciens</strong></span> <span class='ocrx_word' id='word_1_528' title='bbox 1637 1028 1737 1056; x_wconf 48' lang='lat' dir='ltr'><strong>pererra</strong></span> 
     </span>
    </p>
   </div>
   <div class='ocr_carea' id='block_1_68' title="bbox 946 1061 1736 1100">
    <p class='ocr_par' dir='ltr' id='par_1_68' title="bbox 946 1061 1736 1100">
     <span class='ocr_line' id='line_1_68' title="bbox 946 1061 1736 1100; baseline 0.011 -12"><span class='ocrx_word' id='word_1_529' title='bbox 946 1061 990 1089; x_wconf 84' lang='lat' dir='ltr'><strong>nis</strong></span> <span class='ocrx_word' id='word_1_530' title='bbox 1003 1069 1093 1090; x_wconf 82' lang='lat' dir='ltr'><strong>sermo</strong></span> <span class='ocrx_word' id='word_1_531' title='bbox 1107 1062 1290 1097; x_wconf 86' lang='lat' dir='ltr'><strong>concedatur;</strong></span> <span class='ocrx_word' id='word_1_532' title='bbox 1317 1068 1346 1091; x_wconf 92' lang='lat' dir='ltr'><strong>ut</strong></span> <span class='ocrx_word' id='word_1_533' title='bbox 1360 1065 1407 1099; x_wconf 88' lang='lat' dir='ltr'><strong>qui</strong></span> <span class='ocrx_word' id='word_1_534' title='bbox 1418 1065 1633 1100; x_wconf 83' lang='lat' dir='ltr'><strong>perfectissimus</strong></span> <span class='ocrx_word' id='word_1_535' title='bbox 1647 1075 1679 1096; x_wconf 86' lang='lat' dir='ltr'><strong>ac</strong></span> <span class='ocrx_word' id='word_1_536' title='bbox 1694 1068 1736 1096; x_wconf 85' lang='lat' dir='ltr'><strong>vi-</strong></span> 
     </span>
    </p>
   </div>
   <div class='ocr_carea' id='block_1_69' title="bbox 946 1108 1735 1145">
    <p class='ocr_par' dir='ltr' id='par_1_69' title="bbox 946 1108 1735 1145">
     <span class='ocr_line' id='line_1_69' title="bbox 946 1108 1735 1145; baseline 0.009 -11"><span class='ocrx_word' id='word_1_537' title='bbox 946 1115 1029 1141; x_wconf 89' lang='lat' dir='ltr'><strong>vens,</strong></span> <span class='ocrx_word' id='word_1_538' title='bbox 1053 1112 1082 1135; x_wconf 89' lang='lat' dir='ltr'><strong>et</strong></span> <span class='ocrx_word' id='word_1_539' title='bbox 1103 1108 1188 1143; x_wconf 84' lang='lat' dir='ltr'><strong>ipsius</strong></span> <span class='ocrx_word' id='word_1_540' title='bbox 1212 1109 1308 1145; x_wconf 66' lang='lat' dir='ltr'><strong>prima:</strong></span> <span class='ocrx_word' id='word_1_541' title='bbox 1333 1110 1432 1139; x_wconf 79' lang='lat' dir='ltr'><strong>Mentis</strong></span> <span class='ocrx_word' id='word_1_542' title='bbox 1446 1112 1596 1140; x_wconf 90' lang='lat' dir='ltr'><strong>animatum</strong></span> <span class='ocrx_word' id='word_1_543' title='bbox 1615 1112 1735 1142; x_wconf 80' lang='lat' dir='ltr'><strong>Verbum</strong></span> 
     </span>
    </p>
   </div>
   <div class='ocr_carea' id='block_1_70' title="bbox 946 1152 1734 1189">
    <p class='ocr_par' dir='ltr' id='par_1_70' title="bbox 946 1152 1734 1189">
     <span class='ocr_line' id='line_1_70' title="bbox 946 1152 1734 1189; baseline 0.011 -10"><span class='ocrx_word' id='word_1_544' title='bbox 946 1152 1061 1180; x_wconf 75' lang='lat' dir='ltr'><strong>exsistat</strong></span> <span class='ocrx_word' id='word_1_545' title='bbox 1073 1162 1080 1180; x_wconf 93' lang='lat'>:</span> <span class='ocrx_word' id='word_1_546' title='bbox 1097 1158 1190 1182; x_wconf 89' lang='lat' dir='ltr'><strong>noster</strong></span> <span class='ocrx_word' id='word_1_547' title='bbox 1202 1162 1269 1182; x_wconf 86' lang='lat' dir='ltr'><strong>vero</strong></span> <span class='ocrx_word' id='word_1_548' title='bbox 1283 1155 1327 1183; x_wconf 90' lang='lat' dir='ltr'><strong>hic</strong></span> <span class='ocrx_word' id='word_1_549' title='bbox 1340 1163 1430 1184; x_wconf 88' lang='lat' dir='ltr'><strong>sermo</strong></span> <span class='ocrx_word' id='word_1_550' title='bbox 1444 1165 1524 1185; x_wconf 88' lang='lat' dir='ltr'><strong>sacro</strong></span> <span class='ocrx_word' id='word_1_551' title='bbox 1535 1158 1599 1186; x_wconf 88' lang='lat' dir='ltr'><strong>huic</strong></span> <span class='ocrx_word' id='word_1_552' title='bbox 1611 1160 1670 1188; x_wconf 88' lang='lat' dir='ltr'><strong>viro</strong></span> <span class='ocrx_word' id='word_1_553' title='bbox 1687 1162 1734 1189; x_wconf 92' lang='lat' dir='ltr'><strong>uni</strong></span> 
     </span>
    </p>
   </div>
   <div class='ocr_carea' id='block_1_71' title="bbox 947 1198 1734 1237">
    <p class='ocr_par' dir='ltr' id='par_1_71' title="bbox 947 1198 1734 1237">
     <span class='ocr_line' id='line_1_71' title="bbox 947 1198 1734 1237; baseline 0.011 -12"><span class='ocrx_word' id='word_1_554' title='bbox 947 1198 1019 1226; x_wconf 85' lang='lat' dir='ltr'><strong>inter</strong></span> <span class='ocrx_word' id='word_1_555' title='bbox 1043 1206 1139 1227; x_wconf 90' lang='lat' dir='ltr'><strong>omnes</strong></span> <span class='ocrx_word' id='word_1_556' title='bbox 1163 1201 1291 1229; x_wconf 84' lang='lat' dir='ltr'><strong>mortales</strong></span> <span class='ocrx_word' id='word_1_557' title='bbox 1317 1202 1511 1237; x_wconf 84' lang='lat' dir='ltr'><strong>potissimum,</strong></span> <span class='ocrx_word' id='word_1_558' title='bbox 1535 1205 1734 1235; x_wconf 84' lang='lat' dir='ltr'><strong>eucharisticus</strong></span> 
     </span>
    </p>
   </div>
   <div class='ocr_carea' id='block_1_72' title="bbox 948 1245 1735 1284">
    <p class='ocr_par' dir='ltr' id='par_1_72' title="bbox 948 1245 1735 1284">
     <span class='ocr_line' id='line_1_72' title="bbox 948 1245 1735 1284; baseline 0.01 -13"><span class='ocrx_word' id='word_1_559' title='bbox 948 1248 1008 1272; x_wconf 89' lang='lat' dir='ltr'><strong>esto</strong></span> <span class='ocrx_word' id='word_1_560' title='bbox 1022 1253 1029 1272; x_wconf 90' lang='lat'>:</span> <span class='ocrx_word' id='word_1_561' title='bbox 1043 1252 1074 1272; x_wconf 93' lang='lat' dir='ltr'><strong>ac</strong></span> <span class='ocrx_word' id='word_1_562' title='bbox 1088 1245 1112 1273; x_wconf 91' lang='lat' dir='ltr'><strong>si</strong></span> <span class='ocrx_word' id='word_1_563' title='bbox 1123 1245 1187 1280; x_wconf 89' lang='lat' dir='ltr'><strong>quid</strong></span> <span class='ocrx_word' id='word_1_564' title='bbox 1198 1246 1279 1274; x_wconf 83' lang='lat' dir='ltr'><strong>altius</strong></span> <span class='ocrx_word' id='word_1_565' title='bbox 1293 1255 1377 1281; x_wconf 91' lang='lat' dir='ltr'><strong>porro</strong></span> <span class='ocrx_word' id='word_1_566' title='bbox 1389 1248 1422 1276; x_wconf 91' lang='lat' dir='ltr'><strong>de</strong></span> <span class='ocrx_word' id='word_1_567' title='bbox 1436 1248 1470 1276; x_wconf 93' lang='lat' dir='ltr'><strong>iis</strong></span> <span class='ocrx_word' id='word_1_568' title='bbox 1485 1249 1531 1284; x_wconf 90' lang='lat' dir='ltr'><strong>qui</strong></span> <span class='ocrx_word' id='word_1_569' title='bbox 1544 1258 1600 1278; x_wconf 88' lang='lat' dir='ltr'><strong>non</strong></span> <span class='ocrx_word' id='word_1_570' title='bbox 1620 1259 1735 1279; x_wconf 82' lang='lat' dir='ltr'><strong>cernun-</strong></span> 
     </span>
    </p>
   </div>
   <div class='ocr_carea' id='block_1_73' title="bbox 947 1290 1733 1332">
    <p class='ocr_par' dir='ltr' id='par_1_73' title="bbox 947 1290 1733 1332">
     <span class='ocr_line' id='line_1_73' title="bbox 947 1290 1733 1332; baseline 0.011 -16"><span class='ocrx_word' id='word_1_571' title='bbox 947 1294 1010 1324; x_wconf 87' lang='lat' dir='ltr'><strong>tur,</strong></span> <span class='ocrx_word' id='word_1_572' title='bbox 1027 1290 1208 1319; x_wconf 86' lang='lat' dir='ltr'><strong>divinioribus</strong></span> <span class='ocrx_word' id='word_1_573' title='bbox 1230 1296 1257 1320; x_wconf 91' lang='lat' dir='ltr'><strong>et</strong></span> <span class='ocrx_word' id='word_1_574' title='bbox 1280 1292 1419 1321; x_wconf 85' lang='lat' dir='ltr'><strong>hominum</strong></span> <span class='ocrx_word' id='word_1_575' title='bbox 1442 1303 1535 1322; x_wconf 88' lang='lat' dir='ltr'><strong>curam</strong></span> <span class='ocrx_word' id='word_1_576' title='bbox 1559 1297 1733 1332; x_wconf 78' lang='lat' dir='ltr'><strong>gerentibus,</strong></span> 
     </span>
    </p>
   </div>
   <div class='ocr_carea' id='block_1_74' title="bbox 947 1337 1735 1378">
    <p class='ocr_par' dir='ltr' id='par_1_74' title="bbox 947 1337 1735 1378">
     <span class='ocr_line' id='line_1_74' title="bbox 947 1337 1735 1378; baseline 0.009 -14"><span class='ocrx_word' id='word_1_577' title='bbox 947 1337 1022 1372; x_wconf 85' lang='lat' dir='ltr'><strong>loqui</strong></span> <span class='ocrx_word' id='word_1_578' title='bbox 1043 1338 1143 1372; x_wconf 88' lang='lat' dir='ltr'><strong>velim;</strong></span> <span class='ocrx_word' id='word_1_579' title='bbox 1165 1339 1230 1366; x_wconf 86' lang='lat' dir='ltr'><strong>huic</strong></span> <span class='ocrx_word' id='word_1_580' title='bbox 1251 1339 1333 1367; x_wconf 86' lang='lat' dir='ltr'><strong>etiam</strong></span> <span class='ocrx_word' id='word_1_581' title='bbox 1349 1340 1395 1375; x_wconf 90' lang='lat' dir='ltr'><strong>qui</strong></span> <span class='ocrx_word' id='word_1_582' title='bbox 1415 1348 1459 1368; x_wconf 90' lang='lat' dir='ltr'><strong>me</strong></span> <span class='ocrx_word' id='word_1_583' title='bbox 1480 1349 1495 1369; x_wconf 92' lang='lat' dir='ltr'><strong>a</strong></span> <span class='ocrx_word' id='word_1_584' title='bbox 1508 1349 1592 1377; x_wconf 90' lang='lat' dir='ltr'><strong>puero</strong></span> <span class='ocrx_word' id='word_1_585' title='bbox 1605 1361 1613 1376; x_wconf 87' lang='lat'><strong>,</strong></span> <span class='ocrx_word' id='word_1_586' title='bbox 1635 1351 1735 1378; x_wconf 82' lang='lat' dir='ltr'><strong>magno</strong></span> 
     </span>
    </p>
   </div>
   <div class='ocr_carea' id='block_1_75' title="bbox 948 1383 1734 1424">
    <p class='ocr_par' dir='ltr' id='par_1_75' title="bbox 948 1383 1734 1424">
     <span class='ocr_line' id='line_1_75' title="bbox 948 1383 1734 1424; baseline 0.009 -14"><span class='ocrx_word' id='word_1_587' title='bbox 948 1383 1066 1419; x_wconf 90' lang='lat' dir='ltr'><strong>quodam</strong></span> <span class='ocrx_word' id='word_1_588' title='bbox 1078 1384 1182 1419; x_wconf 87' lang='lat' dir='ltr'><strong>judicio</strong></span> <span class='ocrx_word' id='word_1_589' title='bbox 1203 1386 1350 1420; x_wconf 84' lang='lat' dir='ltr'><strong>regendum</strong></span> <span class='ocrx_word' id='word_1_590' title='bbox 1371 1386 1596 1424; x_wconf 90' lang='lat' dir='ltr'><strong>educandumque</strong></span> <span class='ocrx_word' id='word_1_591' title='bbox 1619 1390 1734 1418; x_wconf 90' lang='lat' dir='ltr'><strong>sortitus</strong></span> 
     </span>
    </p>
   </div>
   <div class='ocr_carea' id='block_1_76' title="bbox 947 1431 1735 1467">
    <p class='ocr_par' dir='ltr' id='par_1_76' title="bbox 947 1431 1735 1467">
     <span class='ocr_line' id='line_1_76' title="bbox 947 1431 1735 1467; baseline 0.006 -9"><span class='ocrx_word' id='word_1_592' title='bbox 947 1436 998 1463; x_wconf 88' lang='lat' dir='ltr'><strong>est,</strong></span> <span class='ocrx_word' id='word_1_593' title='bbox 1017 1438 1094 1458; x_wconf 84' lang='lat' dir='ltr'><strong>sacer</strong></span> <span class='ocrx_word' id='word_1_594' title='bbox 1105 1431 1218 1466; x_wconf 74' lang='lat' dir='ltr'><strong>angelus</strong></span> <span class='ocrx_word' id='word_1_595' title='bbox 1234 1432 1281 1459; x_wconf 86' lang='lat' dir='ltr'><strong>Dei</strong></span> <span class='ocrx_word' id='word_1_596' title='bbox 1298 1440 1305 1458; x_wconf 88' lang='lat'><strong>:</strong></span> <span class='ocrx_word' id='word_1_597' title='bbox 1320 1433 1365 1467; x_wconf 85' lang='lat' dir='ltr'><strong>qui</strong></span> <span class='ocrx_word' id='word_1_598' title='bbox 1377 1434 1462 1467; x_wconf 74' lang='lat' dir='ltr'><strong>pascit</strong></span> <span class='ocrx_word' id='word_1_599' title='bbox 1480 1442 1520 1461; x_wconf 85' lang='lat' dir='ltr'><strong>me</strong></span> <span class='ocrx_word' id='word_1_600' title='bbox 1534 1434 1566 1461; x_wconf 77' lang='lat' dir='ltr'><strong>ab</strong></span> <span class='ocrx_word' id='word_1_601' title='bbox 1585 1435 1735 1463; x_wconf 71' lang='lat' dir='ltr'><strong>adolescen—</strong></span> 
     </span>
    </p>
   </div>
   <div class='ocr_carea' id='block_1_77' title="bbox 949 1478 1734 1516">
    <p class='ocr_par' dir='ltr' id='par_1_77' title="bbox 949 1478 1734 1516">
     <span class='ocr_line' id='line_1_77' title="bbox 949 1478 1734 1516; baseline 0.009 -13"><span class='ocrx_word' id='word_1_602' title='bbox 949 1478 986 1504; x_wconf 86' lang='lat' dir='ltr'><strong>tia</strong></span> <span class='ocrx_word' id='word_1_603' title='bbox 1004 1485 1062 1504; x_wconf 85' lang='lat' dir='ltr'><strong>mea</strong></span> <span class='ocrx_word' id='word_1_604' title='bbox 1078 1478 1110 1510; x_wconf 85' lang='grc'><strong>¹⁵,</strong></span> <span class='ocrx_word' id='word_1_605' title='bbox 1129 1482 1159 1504; x_wconf 90' lang='lat' dir='ltr'><strong>ut</strong></span> <span class='ocrx_word' id='word_1_606' title='bbox 1174 1478 1212 1505; x_wconf 90' lang='lat' dir='ltr'><strong>ait</strong></span> <span class='ocrx_word' id='word_1_607' title='bbox 1227 1478 1271 1505; x_wconf 87' lang='lat' dir='ltr'><strong>ille</strong></span> <span class='ocrx_word' id='word_1_608' title='bbox 1286 1478 1342 1505; x_wconf 92' lang='lat' dir='ltr'><strong>Deo</strong></span> <span class='ocrx_word' id='word_1_609' title='bbox 1355 1479 1455 1507; x_wconf 86' lang='lat' dir='ltr'><strong>charus</strong></span> <span class='ocrx_word' id='word_1_610' title='bbox 1471 1480 1529 1513; x_wconf 89' lang='lat' dir='ltr'><strong>vir;</strong></span> <span class='ocrx_word' id='word_1_611' title='bbox 1547 1488 1626 1508; x_wconf 91' lang='lat' dir='ltr'><strong>suum</strong></span> <span class='ocrx_word' id='word_1_612' title='bbox 1648 1481 1734 1516; x_wconf 72' lang='lat' dir='ltr'><strong>ipsius</strong></span> 
     </span>
    </p>
   </div>
   <div class='ocr_carea' id='block_1_78' title="bbox 948 1524 1735 1564">
    <p class='ocr_par' dir='ltr' id='par_1_78' title="bbox 948 1524 1735 1564">
     <span class='ocr_line' id='line_1_78' title="bbox 948 1524 1735 1564; baseline 0.005 -12"><span class='ocrx_word' id='word_1_613' title='bbox 948 1524 1073 1552; x_wconf 80' lang='lat' dir='ltr'><strong>videlicet</strong></span> <span class='ocrx_word' id='word_1_614' title='bbox 1085 1524 1253 1560; x_wconf 78' lang='lat' dir='ltr'><strong>intelligens:</strong></span> <span class='ocrx_word' id='word_1_615' title='bbox 1268 1532 1359 1552; x_wconf 93' lang='lat' dir='ltr'><strong>verum</strong></span> <span class='ocrx_word' id='word_1_616' title='bbox 1372 1525 1416 1553; x_wconf 81' lang='lat' dir='ltr'><strong>hic</strong></span> <span class='ocrx_word' id='word_1_617' title='bbox 1432 1526 1540 1561; x_wconf 90' lang='lat' dir='ltr'><strong>quidem</strong></span> <span class='ocrx_word' id='word_1_618' title='bbox 1557 1528 1603 1562; x_wconf 88' lang='lat' dir='ltr'><strong>qui</strong></span> <span class='ocrx_word' id='word_1_619' title='bbox 1619 1535 1735 1564; x_wconf 83' lang='lat' dir='ltr'><strong>magnus</strong></span> 
     </span>
    </p>
   </div>
   <div class='ocr_carea' id='block_1_79' title="bbox 911 1570 1733 1608">
    <p class='ocr_par' dir='ltr' id='par_1_79' title="bbox 911 1570 1733 1608">
     <span class='ocr_line' id='line_1_79' title="bbox 911 1570 1733 1608; baseline 0.002 -9"><span class='ocrx_word' id='word_1_620' title='bbox 911 1570 932 1599; x_wconf 90' lang='lat' dir='ltr'><strong><em>C</em></strong></span> <span class='ocrx_word' id='word_1_621' title='bbox 948 1574 1017 1603; x_wconf 88' lang='lat' dir='ltr'><strong>erat,</strong></span> <span class='ocrx_word' id='word_1_622' title='bbox 1030 1575 1211 1604; x_wconf 85' lang='lat' dir='ltr'><strong>congruenter</strong></span> <span class='ocrx_word' id='word_1_623' title='bbox 1226 1571 1373 1598; x_wconf 81' lang='lat' dir='ltr'><strong>maximum</strong></span> <span class='ocrx_word' id='word_1_624' title='bbox 1387 1573 1540 1606; x_wconf 87' lang='lat' dir='ltr'><strong>quempiam</strong></span> <span class='ocrx_word' id='word_1_625' title='bbox 1555 1573 1622 1607; x_wconf 83' lang='lat' dir='ltr'><strong>(sive</strong></span> <span class='ocrx_word' id='word_1_626' title='bbox 1639 1574 1733 1608; x_wconf 84' lang='lat' dir='ltr'><strong>alium,</strong></span> 
     </span>
    </p>
   </div>
   <div class='ocr_carea' id='block_1_80' title="bbox 949 1617 1735 1655">
    <p class='ocr_par' dir='ltr' id='par_1_80' title="bbox 949 1617 1735 1655">
     <span class='ocr_line' id='line_1_80' title="bbox 949 1617 1735 1655; baseline 0.006 -11"><span class='ocrx_word' id='word_1_627' title='bbox 949 1618 1073 1653; x_wconf 83' lang='lat' dir='ltr'><strong>quisquis</strong></span> <span class='ocrx_word' id='word_1_628' title='bbox 1088 1617 1134 1645; x_wconf 86' lang='lat' dir='ltr'><strong>ille</strong></span> <span class='ocrx_word' id='word_1_629' title='bbox 1148 1617 1209 1651; x_wconf 90' lang='lat' dir='ltr'><strong>fuit,</strong></span> <span class='ocrx_word' id='word_1_630' title='bbox 1227 1618 1284 1645; x_wconf 80' lang='lat' dir='ltr'><strong>sive</strong></span> <span class='ocrx_word' id='word_1_631' title='bbox 1294 1618 1382 1653; x_wconf 91' lang='lat' dir='ltr'><strong>ipsum</strong></span> <span class='ocrx_word' id='word_1_632' title='bbox 1398 1618 1515 1646; x_wconf 86' lang='lat' dir='ltr'><strong>fortasse</strong></span> <span class='ocrx_word' id='word_1_633' title='bbox 1532 1620 1620 1655; x_wconf 83' lang='lat' dir='ltr'><strong>magni</strong></span> <span class='ocrx_word' id='word_1_634' title='bbox 1631 1621 1735 1649; x_wconf 77' lang='lat' dir='ltr'><strong>consilii</strong></span> 
     </span>
    </p>
   </div>
   <div class='ocr_carea' id='block_1_81' title="bbox 949 1663 1734 1700">
    <p class='ocr_par' dir='ltr' id='par_1_81' title="bbox 949 1663 1734 1700">
     <span class='ocr_line' id='line_1_81' title="bbox 949 1663 1734 1700; baseline 0.006 -10"><span class='ocrx_word' id='word_1_635' title='bbox 949 1663 1078 1699; x_wconf 77' lang='lat' dir='ltr'><strong>Angelum</strong></span> <span class='ocrx_word' id='word_1_636' title='bbox 1092 1664 1124 1697; x_wconf 81' lang='grc'><strong>⁸⁸,</strong></span> <span class='ocrx_word' id='word_1_637' title='bbox 1139 1671 1311 1692; x_wconf 90' lang='lat' dir='ltr'><strong>communem</strong></span> <span class='ocrx_word' id='word_1_638' title='bbox 1319 1665 1441 1692; x_wconf 91' lang='lat' dir='ltr'><strong>omnium</strong></span> <span class='ocrx_word' id='word_1_639' title='bbox 1455 1665 1632 1700; x_wconf 87' lang='lat' dir='ltr'><strong>Salvatorcm,</strong></span> <span class='ocrx_word' id='word_1_640' title='bbox 1646 1668 1734 1695; x_wconf 82' lang='lat' dir='ltr'><strong>solum</strong></span> 
     </span>
    </p>
   </div>
   <div class='ocr_carea' id='block_1_82' title="bbox 946 1710 1737 1748">
    <p class='ocr_par' dir='ltr' id='par_1_82' title="bbox 946 1710 1737 1748">
     <span class='ocr_line' id='line_1_82' title="bbox 946 1710 1737 1748; baseline 0.005 -11"><span class='ocrx_word' id='word_1_641' title='bbox 946 1711 1003 1746; x_wconf 84' lang='lat' dir='ltr'><strong>jam</strong></span> <span class='ocrx_word' id='word_1_642' title='bbox 1028 1710 1203 1746; x_wconf 87' lang='lat' dir='ltr'><strong>perfectionis</strong></span> <span class='ocrx_word' id='word_1_643' title='bbox 1218 1711 1303 1746; x_wconf 85' lang='lat' dir='ltr'><strong>gratia</strong></span> <span class='ocrx_word' id='word_1_644' title='bbox 1321 1712 1459 1739; x_wconf 90' lang='lat' dir='ltr'><strong>custodem</strong></span> <span class='ocrx_word' id='word_1_645' title='bbox 1479 1713 1612 1748; x_wconf 87' lang='lat' dir='ltr'><strong>adeptus;</strong></span> <span class='ocrx_word' id='word_1_646' title='bbox 1634 1713 1687 1741; x_wconf 89' lang='lat' dir='ltr'><strong>hoc</strong></span> <span class='ocrx_word' id='word_1_647' title='bbox 1707 1721 1737 1742; x_wconf 89' lang='lat' dir='ltr'><strong>e-</strong></span> 
     </span>
    </p>
   </div>
   <div class='ocr_carea' id='block_1_83' title="bbox 948 1756 1736 1791">
    <p class='ocr_par' dir='ltr' id='par_1_83' title="bbox 948 1756 1736 1791">
     <span class='ocr_line' id='line_1_83' title="bbox 948 1756 1736 1791; baseline 0.005 -8"><span class='ocrx_word' id='word_1_648' title='bbox 948 1756 1058 1791; x_wconf 87' lang='lat' dir='ltr'><strong>quidem</strong></span> <span class='ocrx_word' id='word_1_649' title='bbox 1073 1757 1215 1784; x_wconf 83' lang='lat' dir='ltr'><strong>rnanifestc</strong></span> <span class='ocrx_word' id='word_1_650' title='bbox 1230 1757 1333 1791; x_wconf 89' lang='lat' dir='ltr'><strong>nescio)</strong></span> <span class='ocrx_word' id='word_1_651' title='bbox 1347 1778 1354 1788; x_wconf 83' lang='lat'><strong>,</strong></span> <span class='ocrx_word' id='word_1_652' title='bbox 1379 1762 1496 1786; x_wconf 84' lang='lat' dir='ltr'><strong>attamen</strong></span> <span class='ocrx_word' id='word_1_653' title='bbox 1517 1767 1597 1786; x_wconf 87' lang='lat' dir='ltr'><strong>suum</strong></span> <span class='ocrx_word' id='word_1_654' title='bbox 1615 1760 1660 1787; x_wconf 88' lang='lat' dir='ltr'><strong>ille</strong></span> <span class='ocrx_word' id='word_1_655' title='bbox 1678 1768 1736 1787; x_wconf 87' lang='lat' dir='ltr'><strong>ma-</strong></span> 
     </span>
    </p>
   </div>
   <div class='ocr_carea' id='block_1_84' title="bbox 951 1803 1736 1839">
    <p class='ocr_par' dir='ltr' id='par_1_84' title="bbox 951 1803 1736 1839">
     <span class='ocr_line' id='line_1_84' title="bbox 951 1803 1736 1839; baseline 0.006 -10"><span class='ocrx_word' id='word_1_656' title='bbox 951 1810 1033 1837; x_wconf 79' lang='lat' dir='ltr'><strong>gnum</strong></span> <span class='ocrx_word' id='word_1_657' title='bbox 1052 1803 1213 1837; x_wconf 88' lang='lat' dir='ltr'><strong>quemdam,</strong></span> <span class='ocrx_word' id='word_1_658' title='bbox 1237 1803 1392 1838; x_wconf 83' lang='lat' dir='ltr'><strong>quicunque</strong></span> <span class='ocrx_word' id='word_1_659' title='bbox 1415 1804 1520 1832; x_wconf 84' lang='lat' dir='ltr'><strong>tandem</strong></span> <span class='ocrx_word' id='word_1_660' title='bbox 1536 1810 1625 1839; x_wconf 88' lang='lat' dir='ltr'><strong>esset,</strong></span> <span class='ocrx_word' id='word_1_661' title='bbox 1643 1811 1670 1834; x_wconf 89' lang='lat' dir='ltr'><strong>et</strong></span> <span class='ocrx_word' id='word_1_662' title='bbox 1690 1814 1736 1834; x_wconf 79' lang='lat' dir='ltr'><strong>co—</strong></span> 
     </span>
    </p>
   </div>
   <div class='ocr_carea' id='block_1_85' title="bbox 951 1848 1736 1886">
    <p class='ocr_par' dir='ltr' id='par_1_85' title="bbox 951 1848 1736 1886">
     <span class='ocr_line' id='line_1_85' title="bbox 951 1848 1736 1886; baseline 0.006 -11"><span class='ocrx_word' id='word_1_663' title='bbox 951 1848 1098 1884; x_wconf 88' lang='lat' dir='ltr'><strong>gnoscebat</strong></span> <span class='ocrx_word' id='word_1_664' title='bbox 1111 1853 1137 1876; x_wconf 91' lang='lat' dir='ltr'><strong>et</strong></span> <span class='ocrx_word' id='word_1_665' title='bbox 1150 1848 1322 1883; x_wconf 69' lang='lat' dir='ltr'><strong>praedicabat.</strong></span> <span class='ocrx_word' id='word_1_666' title='bbox 1336 1848 1391 1876; x_wconf 84' lang='lat' dir='ltr'><strong>Nos</strong></span> <span class='ocrx_word' id='word_1_667' title='bbox 1408 1857 1482 1883; x_wconf 85' lang='lat' dir='ltr'><strong>vero,</strong></span> <span class='ocrx_word' id='word_1_668' title='bbox 1499 1856 1599 1886; x_wconf 55' lang='lat' dir='ltr'><strong>preter</strong></span> <span class='ocrx_word' id='word_1_669' title='bbox 1612 1859 1736 1880; x_wconf 87' lang='lat' dir='ltr'><strong>commu-</strong></span> 
     </span>
    </p>
   </div>
   <div class='ocr_carea' id='block_1_86' title="bbox 951 1894 1735 1933">
    <p class='ocr_par' dir='ltr' id='par_1_86' title="bbox 951 1894 1735 1933">
     <span class='ocr_line' id='line_1_86' title="bbox 951 1894 1735 1933; baseline 0.004 -10"><span class='ocrx_word' id='word_1_670' title='bbox 951 1903 1013 1923; x_wconf 89' lang='lat' dir='ltr'><strong>nem</strong></span> <span class='ocrx_word' id='word_1_671' title='bbox 1029 1895 1150 1922; x_wconf 91' lang='lat' dir='ltr'><strong>omnium</strong></span> <span class='ocrx_word' id='word_1_672' title='bbox 1169 1894 1389 1929; x_wconf 78' lang='lat' dir='ltr'><strong>gubernatorem.</strong></span> <span class='ocrx_word' id='word_1_673' title='bbox 1414 1895 1487 1923; x_wconf 92' lang='lat' dir='ltr'><strong>hunc</strong></span> <span class='ocrx_word' id='word_1_674' title='bbox 1508 1897 1589 1924; x_wconf 89' lang='lat' dir='ltr'><strong>etiam</strong></span> <span class='ocrx_word' id='word_1_675' title='bbox 1609 1898 1735 1933; x_wconf 86' lang='lat' dir='ltr'><strong>quisquis</strong></span> 
     </span>
    </p>
   </div>
   <div class='ocr_carea' id='block_1_87' title="bbox 949 1940 1736 1978">
    <p class='ocr_par' dir='ltr' id='par_1_87' title="bbox 949 1940 1736 1978">
     <span class='ocr_line' id='line_1_87' title="bbox 949 1940 1736 1978; baseline 0.003 -9"><span class='ocrx_word' id='word_1_676' title='bbox 949 1945 990 1969; x_wconf 90' lang='lat' dir='ltr'><strong>est</strong></span> <span class='ocrx_word' id='word_1_677' title='bbox 1003 1940 1130 1975; x_wconf 85' lang='lat' dir='ltr'><strong>privatim’</strong></span> <span class='ocrx_word' id='word_1_678' title='bbox 1146 1940 1307 1976; x_wconf 75' lang='lat' dir='ltr'><strong>pzedagogus</strong></span> <span class='ocrx_word' id='word_1_679' title='bbox 1322 1946 1425 1974; x_wconf 87' lang='lat' dir='ltr'><strong>noster,</strong></span> <span class='ocrx_word' id='word_1_680' title='bbox 1440 1942 1486 1977; x_wconf 93' lang='lat' dir='ltr'><strong>qui</strong></span> <span class='ocrx_word' id='word_1_681' title='bbox 1500 1950 1529 1970; x_wconf 88' lang='lat' dir='ltr'><strong>re</strong></span> <span class='ocrx_word' id='word_1_682' title='bbox 1546 1943 1603 1978; x_wconf 81' lang='lat' dir='ltr'><strong>ipsa</strong></span> <span class='ocrx_word' id='word_1_683' title='bbox 1619 1944 1695 1978; x_wconf 90' lang='lat' dir='ltr'><strong>pueri</strong></span> <span class='ocrx_word' id='word_1_684' title='bbox 1709 1949 1736 1972; x_wconf 88' lang='lat' dir='ltr'><strong>et</strong></span> 
     </span>
    </p>
   </div>
   <div class='ocr_carea' id='block_1_88' title="bbox 949 1986 1734 2022">
    <p class='ocr_par' dir='ltr' id='par_1_88' title="bbox 949 1986 1734 2022">
     <span class='ocr_line' id='line_1_88' title="bbox 949 1986 1734 2022; baseline 0.004 -8"><span class='ocrx_word' id='word_1_685' title='bbox 949 1987 1067 2015; x_wconf 82' lang='lat' dir='ltr'><strong>infantes</strong></span> <span class='ocrx_word' id='word_1_686' title='bbox 1083 1994 1196 2020; x_wconf 86' lang='lat' dir='ltr'><strong>sumus;</strong></span> <span class='ocrx_word' id='word_1_687' title='bbox 1212 1986 1331 2022; x_wconf 91' lang='lat' dir='ltr'><strong>quicum</strong></span> <span class='ocrx_word' id='word_1_688' title='bbox 1348 1987 1375 2014; x_wconf 94' lang='lat' dir='ltr'><strong>in</strong></span> <span class='ocrx_word' id='word_1_689' title='bbox 1386 1988 1490 2015; x_wconf 81' lang='lat' dir='ltr'><strong>caeteris</strong></span> <span class='ocrx_word' id='word_1_690' title='bbox 1506 1989 1634 2016; x_wconf 91' lang='lat' dir='ltr'><strong>omnibus</strong></span> <span class='ocrx_word' id='word_1_691' title='bbox 1646 1989 1734 2018; x_wconf 87' lang='lat' dir='ltr'><strong>bonus</strong></span> 
     </span>
    </p>
   </div>
   <div class='ocr_carea' id='block_1_89' title="bbox 949 2033 1733 2071">
    <p class='ocr_par' dir='ltr' id='par_1_89' title="bbox 949 2033 1733 2071">
     <span class='ocr_line' id='line_1_89' title="bbox 949 2033 1733 2071; baseline 0.005 -10"><span class='ocrx_word' id='word_1_692' title='bbox 949 2040 1055 2068; x_wconf 87' lang='lat' dir='ltr'><strong>semper</strong></span> <span class='ocrx_word' id='word_1_693' title='bbox 1072 2033 1190 2061; x_wconf 87' lang='lat' dir='ltr'><strong>nutritor</strong></span> <span class='ocrx_word' id='word_1_694' title='bbox 1209 2038 1235 2061; x_wconf 92' lang='lat' dir='ltr'><strong>et</strong></span> <span class='ocrx_word' id='word_1_695' title='bbox 1256 2038 1365 2061; x_wconf 89' lang='lat' dir='ltr'><strong>curator</strong></span> <span class='ocrx_word' id='word_1_696' title='bbox 1381 2042 1458 2062; x_wconf 92' lang='lat' dir='ltr'><strong>meus</strong></span> <span class='ocrx_word' id='word_1_697' title='bbox 1479 2034 1561 2063; x_wconf 90' lang='lat' dir='ltr'><strong>fuerit</strong></span> <span class='ocrx_word' id='word_1_698' title='bbox 1581 2036 1642 2071; x_wconf 92' lang='lat' dir='ltr'><strong>(nec</strong></span> <span class='ocrx_word' id='word_1_699' title='bbox 1661 2038 1733 2065; x_wconf 90' lang='lat' dir='ltr'><strong>enim</strong></span> 
     </span>
    </p>
   </div>
   <div class='ocr_carea' id='block_1_90' title="bbox 950 2079 1734 2120">
    <p class='ocr_par' dir='ltr' id='par_1_90' title="bbox 950 2079 1734 2120">
     <span class='ocr_line' id='line_1_90' title="bbox 950 2079 1734 2120; baseline 0.005 -14"><span class='ocrx_word' id='word_1_700' title='bbox 950 2079 1016 2107; x_wconf 89' lang='lat' dir='ltr'><strong>mihi</strong></span> <span class='ocrx_word' id='word_1_701' title='bbox 1027 2084 1074 2120; x_wconf 79' lang='lat' dir='ltr'><strong>aut</strong></span> <span class='ocrx_word' id='word_1_702' title='bbox 1087 2080 1213 2114; x_wconf 87' lang='lat' dir='ltr'><strong>cuiquam</strong></span> <span class='ocrx_word' id='word_1_703' title='bbox 1236 2088 1270 2108; x_wconf 80' lang='lat' dir='ltr'><strong>ex</strong></span> <span class='ocrx_word' id='word_1_704' title='bbox 1286 2079 1411 2108; x_wconf 74' lang='lat' dir='ltr'><strong>afﬁnibus</strong></span> <span class='ocrx_word' id='word_1_705' title='bbox 1432 2081 1509 2114; x_wconf 77' lang='lat' dir='ltr'><strong>meis,</strong></span> <span class='ocrx_word' id='word_1_706' title='bbox 1530 2082 1576 2115; x_wconf 88' lang='lat' dir='ltr'><strong>qui</strong></span> <span class='ocrx_word' id='word_1_707' title='bbox 1600 2083 1663 2110; x_wconf 70' lang='lat' dir='ltr'><strong>caeci</strong></span> <span class='ocrx_word' id='word_1_708' title='bbox 1686 2091 1734 2110; x_wconf 82' lang='lat' dir='ltr'><strong>su-</strong></span> 
     </span>
    </p>
   </div>
   <div class='ocr_carea' id='block_1_91' title="bbox 951 2126 1732 2163">
    <p class='ocr_par' dir='ltr' id='par_1_91' title="bbox 951 2126 1732 2163">
     <span class='ocr_line' id='line_1_91' title="bbox 951 2126 1732 2163; baseline 0.005 -11"><span class='ocrx_word' id='word_1_709' title='bbox 951 2133 1023 2157; x_wconf 85' lang='lat' dir='ltr'><strong>mus,</strong></span> <span class='ocrx_word' id='word_1_710' title='bbox 1035 2130 1062 2153; x_wconf 90' lang='lat' dir='ltr'><strong>et</strong></span> <span class='ocrx_word' id='word_1_711' title='bbox 1076 2126 1142 2153; x_wconf 88' lang='lat' dir='ltr'><strong>nihil</strong></span> <span class='ocrx_word' id='word_1_712' title='bbox 1154 2133 1249 2153; x_wconf 92' lang='lat' dir='ltr'><strong>eorum</strong></span> <span class='ocrx_word' id='word_1_713' title='bbox 1264 2134 1324 2162; x_wconf 72' lang='lat' dir='ltr'><strong>quae</strong></span> <span class='ocrx_word' id='word_1_714' title='bbox 1343 2131 1405 2154; x_wconf 88' lang='lat' dir='ltr'><strong>ante</strong></span> <span class='ocrx_word' id='word_1_715' title='bbox 1418 2127 1499 2161; x_wconf 90' lang='lat' dir='ltr'><strong>pedes</strong></span> <span class='ocrx_word' id='word_1_716' title='bbox 1511 2133 1584 2161; x_wconf 86' lang='lat' dir='ltr'><strong>sunt,</strong></span> <span class='ocrx_word' id='word_1_717' title='bbox 1599 2128 1732 2163; x_wconf 79' lang='lat' dir='ltr'><strong>videmus,</strong></span> 
     </span>
    </p>
   </div>
   <div class='ocr_carea' id='block_1_92' title="bbox 951 2171 1733 2208">
    <p class='ocr_par' dir='ltr' id='par_1_92' title="bbox 951 2171 1733 2208">
     <span class='ocr_line' id='line_1_92' title="bbox 951 2171 1733 2208; baseline 0.004 -9"><span class='ocrx_word' id='word_1_718' title='bbox 951 2176 982 2199; x_wconf 91' lang='lat' dir='ltr'><strong>ut</strong></span> <span class='ocrx_word' id='word_1_719' title='bbox 994 2171 1158 2200; x_wconf 83' lang='lat' dir='ltr'><strong>conveniens</strong></span> <span class='ocrx_word' id='word_1_720' title='bbox 1168 2171 1271 2207; x_wconf 90' lang='lat' dir='ltr'><strong>aliquid</strong></span> <span class='ocrx_word' id='word_1_721' title='bbox 1285 2172 1438 2200; x_wconf 86' lang='lat' dir='ltr'><strong>discernere</strong></span> <span class='ocrx_word' id='word_1_722' title='bbox 1450 2173 1602 2208; x_wconf 84' lang='lat' dir='ltr'><strong>possimus;</strong></span> <span class='ocrx_word' id='word_1_723' title='bbox 1618 2174 1664 2202; x_wconf 89' lang='lat' dir='ltr'><strong>sed</strong></span> <span class='ocrx_word' id='word_1_724' title='bbox 1682 2175 1733 2208; x_wconf 88' lang='lat' dir='ltr'><strong>ipsi</strong></span> 
     </span>
    </p>
   </div>
   <div class='ocr_carea' id='block_1_93' title="bbox 148 2303 896 2340">
    <p class='ocr_par' dir='ltr' id='par_1_93' title="bbox 148 2303 895 2340">
     <span class='ocr_line' id='line_1_93' title="bbox 148 2303 895 2340; baseline 0.003 -10"><span class='ocrx_word' id='word_1_725' title='bbox 148 2303 207 2339; x_wconf 86' lang='lat'><strong>(60)</strong></span> <span class='ocrx_word' id='word_1_726' title='bbox 224 2304 279 2330; x_wconf 76' lang='lat' dir='ltr'><strong>&quot;Or</strong></span> <span class='ocrx_word' id='word_1_727' title='bbox 305 2313 403 2340; x_wconf 37' lang='grc' dir='ltr'>τινας.</span> <span class='ocrx_word' id='word_1_728' title='bbox 422 2303 457 2331; x_wconf 80' lang='grc' dir='ltr'><strong>ἓν</strong></span> <span class='ocrx_word' id='word_1_729' title='bbox 477 2304 552 2338; x_wconf 77' lang='grc' dir='ltr'>πρὸς</span> <span class='ocrx_word' id='word_1_730' title='bbox 571 2303 895 2340; x_wconf 20' lang='grc' dir='ltr'>αὐτὸνᾼποιησάμενος.</span> 
     </span>
    </p>
   </div>
   <div class='ocr_carea' id='block_1_94' title="bbox 947 2303 1731 2340">
    <p class='ocr_par' dir='ltr' id='par_1_94' title="bbox 948 2304 1731 2340">
     <span class='ocr_line' id='line_1_94' title="bbox 948 2304 1731 2340; baseline 0.004 -8"><span class='ocrx_word' id='word_1_731' title='bbox 948 2304 1076 2340; x_wconf 79' lang='lat' dir='ltr'><strong>Bengelio</strong></span> <span class='ocrx_word' id='word_1_732' title='bbox 1088 2309 1207 2340; x_wconf 86' lang='lat' dir='ltr'><strong>accepta.</strong></span> <span class='ocrx_word' id='word_1_733' title='bbox 1224 2306 1259 2333; x_wconf 84' lang='lat' dir='ltr'><strong>At</strong></span> <span class='ocrx_word' id='word_1_734' title='bbox 1275 2305 1399 2338; x_wconf 82' lang='lat' dir='ltr'><strong>Delarue,</strong></span> <span class='ocrx_word' id='word_1_735' title='bbox 1419 2305 1466 2334; x_wconf 86' lang='grc' dir='ltr'>τοῦ</span> <span class='ocrx_word' id='word_1_736' title='bbox 1477 2306 1533 2334; x_wconf 84' lang='grc' dir='ltr'>τῶν</span> <span class='ocrx_word' id='word_1_737' title='bbox 1549 2306 1617 2334; x_wconf 80' lang='grc' dir='ltr'>ὅλων</span> <span class='ocrx_word' id='word_1_738' title='bbox 1633 2307 1731 2335; x_wconf 80' lang='grc' dir='ltr'>αἰτίου.</span> 
     </span>
    </p>
   </div>
   <div class='ocr_carea' id='block_1_95' title="bbox 112 2337 895 2375">
    <p class='ocr_par' dir='ltr' id='par_1_95' title="bbox 112 2337 895 2375">
     <span class='ocr_line' id='line_1_95' title="bbox 112 2337 895 2375; baseline 0.003 -10"><span class='ocrx_word' id='word_1_739' title='bbox 112 2337 192 2366; x_wconf 77' lang='lat' dir='ltr'><strong>Haud</strong></span> <span class='ocrx_word' id='word_1_740' title='bbox 221 2339 351 2373; x_wconf 89' lang='lat' dir='ltr'><strong>probatur</strong></span> <span class='ocrx_word' id='word_1_741' title='bbox 366 2337 504 2375; x_wconf 29' lang='lat' dir='ltr'><strong>Bengelio’</strong></span> <span class='ocrx_word' id='word_1_742' title='bbox 518 2340 630 2367; x_wconf 82' lang='lat' dir='ltr'><strong>verbum</strong></span> <span class='ocrx_word' id='word_1_743' title='bbox 659 2337 751 2375; x_wconf 72' lang='lat' dir='ltr'><strong>facere</strong></span> <span class='ocrx_word' id='word_1_744' title='bbox 766 2337 801 2366; x_wconf 57' lang='lat' dir='ltr'><strong>in&#39;</strong></span> <span class='ocrx_word' id='word_1_745' title='bbox 813 2337 895 2374; x_wconf 82' lang='lat' dir='ltr'><strong>hujus</strong></span> 
     </span>
    </p>
   </div>
   <div class='ocr_carea' id='block_1_96' title="bbox 113 2374 896 2410">
    <p class='ocr_par' dir='ltr' id='par_1_96' title="bbox 113 2374 896 2410">
     <span class='ocr_line' id='line_1_96' title="bbox 113 2374 896 2410; baseline 0.001 -9"><span class='ocrx_word' id='word_1_746' title='bbox 113 2375 166 2402; x_wconf 89' lang='lat' dir='ltr'><strong>loci</strong></span> <span class='ocrx_word' id='word_1_747' title='bbox 181 2374 327 2410; x_wconf 84' lang='lat' dir='ltr'><strong>versione:</strong></span> <span class='ocrx_word' id='word_1_748' title='bbox 344 2374 466 2409; x_wconf 70' lang='lat' dir='ltr'><strong>adeoque</strong></span> <span class='ocrx_word' id='word_1_749' title='bbox 486 2374 603 2410; x_wconf 81' lang='lat' dir='ltr'><strong>ipsemet</strong></span> <span class='ocrx_word' id='word_1_750' title='bbox 620 2374 728 2401; x_wconf 86' lang='lat' dir='ltr'><strong>reddit:</strong></span> <span class='ocrx_word' id='word_1_751' title='bbox 746 2382 821 2409; x_wconf 81' lang='lat' dir='ltr'><strong>quem</strong></span> <span class='ocrx_word' id='word_1_752' title='bbox 840 2376 896 2410; x_wconf 76' lang='lat' dir='ltr'><strong>ipse</strong></span> 
     </span>
    </p>
   </div>
   <div class='ocr_carea' id='block_1_97' title="bbox 112 2408 895 2444">
    <p class='ocr_par' dir='ltr' id='par_1_97' title="bbox 112 2408 895 2444">
     <span class='ocr_line' id='line_1_97' title="bbox 112 2408 895 2444; baseline 0 -8"><span class='ocrx_word' id='word_1_753' title='bbox 112 2409 231 2436; x_wconf 85' lang='lat' dir='ltr'><strong>omnium</strong></span> <span class='ocrx_word' id='word_1_754' title='bbox 250 2409 350 2437; x_wconf 70' lang='lat' dir='ltr'><strong>Parens</strong></span> <span class='ocrx_word' id='word_1_755' title='bbox 364 2408 446 2437; x_wconf 75' lang='lat' dir='ltr'><strong>unum</strong></span> <span class='ocrx_word' id='word_1_756' title='bbox 460 2408 547 2437; x_wconf 65' lang='lat' dir='ltr'><strong>secum</strong></span> <span class='ocrx_word' id='word_1_757' title='bbox 559 2408 666 2441; x_wconf 68' lang='lat' dir='ltr'><strong>habent,</strong></span> <span class='ocrx_word' id='word_1_758' title='bbox 685 2408 819 2444; x_wconf 83' lang='lat' dir='ltr'><strong>simulque</strong></span> <span class='ocrx_word' id='word_1_759' title='bbox 835 2408 895 2437; x_wconf 72' lang='lat' dir='ltr'><strong>nio-</strong></span> 
     </span>
    </p>
   </div>
   <div class='ocr_carea' id='block_1_98' title="bbox 113 2444 895 2505">
    <p class='ocr_par' dir='ltr' id='par_1_98' title="bbox 113 2444 895 2505">
     <span class='ocr_line' id='line_1_98' title="bbox 113 2444 895 2505; baseline 0 -33"><span class='ocrx_word' id='word_1_760' title='bbox 113 2449 160 2505; x_wconf 63' lang='lat' dir='ltr'><strong>nelt</strong></span> <span class='ocrx_word' id='word_1_761' title='bbox 178 2444 211 2472; x_wconf 90' lang='lat' dir='ltr'><strong>ad</strong></span> <span class='ocrx_word' id='word_1_762' title='bbox 231 2444 316 2480; x_wconf 84' lang='lat' dir='ltr'><strong>ipsam</strong></span> <span class='ocrx_word' id='word_1_763' title='bbox 331 2445 473 2481; x_wconf 84' lang='grc' dir='ltr'>όμοουσίαν</span> <span class='ocrx_word' id='word_1_764' title='bbox 489 2444 692 2481; x_wconf 83' lang='lat' dir='ltr'><strong>exprimendam</strong></span> <span class='ocrx_word' id='word_1_765' title='bbox 712 2444 785 2472; x_wconf 88' lang='lat' dir='ltr'><strong>hunc</strong></span> <span class='ocrx_word' id='word_1_766' title='bbox 805 2444 895 2473; x_wconf 91' lang='lat' dir='ltr'><strong>locum</strong></span> 
     </span>
     <span class='ocr_line' id='line_1_99' title="bbox 116 2486 214 2505; baseline 0 0"><span class='ocrx_word' id='word_1_767' title='bbox 116 2487 146 2505; x_wconf 78' lang='lat' dir='ltr'><strong>va</strong></span> <span class='ocrx_word' id='word_1_768' title='bbox 159 2486 214 2505; x_wconf 86' lang='lat' dir='ltr'><strong>ere.</strong></span> 
     </span>
    </p>
   </div>
   <div class='ocr_carea' id='block_1_99' title="bbox 116 2486 214 2506">
    <p class='ocr_par' dir='ltr' id='par_1_99' title="bbox 116 2486 214 2506">
     <span class='ocr_line' id='line_1_100' title="bbox 116 2486 214 2506; baseline -0.01 0"><span class='ocrx_word' id='word_1_769' title='bbox 116 2486 214 2506; x_wconf 79' lang='lat' dir='ltr'><strong>valere.</strong></span> 
     </span>
    </p>
   </div>
   <div class='ocr_carea' id='block_1_100' title="bbox 149 2514 895 2550">
    <p class='ocr_par' dir='ltr' id='par_1_100' title="bbox 149 2514 895 2550">
     <span class='ocr_line' id='line_1_101' title="bbox 149 2514 895 2550; baseline 0 -9"><span class='ocrx_word' id='word_1_770' title='bbox 149 2514 206 2549; x_wconf 85' lang='grc'>(61)</span> <span class='ocrx_word' id='word_1_771' title='bbox 230 2514 399 2548; x_wconf 77' lang='grc' dir='ltr'><strong>Ἐκπεριών.</strong></span> <span class='ocrx_word' id='word_1_772' title='bbox 414 2514 591 2550; x_wconf 84' lang='lat' dir='ltr'><strong>Scribendum</strong></span> <span class='ocrx_word' id='word_1_773' title='bbox 601 2514 746 2550; x_wconf 75' lang='grc' dir='ltr'>ὲκπεριῖὼν</span> <span class='ocrx_word' id='word_1_774' title='bbox 757 2515 852 2542; x_wconf 86' lang='lat' dir='ltr'><strong>statuit</strong></span> <span class='ocrx_word' id='word_1_775' title='bbox 862 2523 895 2542; x_wconf 78' lang='lat' dir='ltr'><strong>ex</strong></span> 
     </span>
    </p>
   </div>
   <div class='ocr_carea' id='block_1_101' title="bbox 113 2549 895 2584">
    <p class='ocr_par' dir='ltr' id='par_1_101' title="bbox 113 2549 895 2584">
     <span class='ocr_line' id='line_1_102' title="bbox 113 2549 895 2584; baseline 0 -7"><span class='ocrx_word' id='word_1_776' title='bbox 113 2549 279 2577; x_wconf 83' lang='lat' dir='ltr'><strong>Casaubono</strong></span> <span class='ocrx_word' id='word_1_777' title='bbox 306 2550 458 2584; x_wconf 77' lang='lat' dir='ltr'><strong>licugelius.</strong></span> <span class='ocrx_word' id='word_1_778' title='bbox 485 2549 546 2583; x_wconf 82' lang='lat' dir='ltr'><strong>Quo</strong></span> <span class='ocrx_word' id='word_1_779' title='bbox 560 2549 678 2584; x_wconf 80' lang='lat' dir='ltr'><strong>quidem</strong></span> <span class='ocrx_word' id='word_1_780' title='bbox 695 2551 777 2577; x_wconf 85' lang='lat' dir='ltr'><strong>verbo</strong></span> <span class='ocrx_word' id='word_1_781' title='bbox 793 2550 895 2584; x_wconf 87' lang='lat' dir='ltr'><strong>passim</strong></span> 
     </span>
    </p>
   </div>
   <div class='ocr_carea' id='block_1_102' title="bbox 114 2584 895 2646">
    <p class='ocr_par' dir='ltr' id='par_1_102' title="bbox 114 2584 895 2646">
     <span class='ocr_line' id='line_1_103' title="bbox 114 2584 895 2646; baseline -0.001 -34"><span class='ocrx_word' id='word_1_782' title='bbox 114 2586 202 2612; x_wconf 88' lang='lat' dir='ltr'><strong>utitur</strong></span> <span class='ocrx_word' id='word_1_783' title='bbox 226 2591 330 2612; x_wconf 87' lang='lat' dir='ltr'><strong>auctor.</strong></span> <span class='ocrx_word' id='word_1_784' title='bbox 351 2584 422 2612; x_wconf 88' lang='lat' dir='ltr'><strong>Infra</strong></span> <span class='ocrx_word' id='word_1_785' title='bbox 437 2593 497 2646; x_wconf 52' lang='grc' dir='ltr'>οῗ),</span> <span class='ocrx_word' id='word_1_786' title='bbox 523 2585 554 2619; x_wconf 85' lang='grc'><strong>7,</strong></span> <span class='ocrx_word' id='word_1_787' title='bbox 571 2586 616 2611; x_wconf 76' lang='grc' dir='ltr'><strong>καὶ</strong></span> <span class='ocrx_word' id='word_1_788' title='bbox 637 2585 722 2622; x_wconf 81' lang='grc' dir='ltr'>τέχνῃ</span> <span class='ocrx_word' id='word_1_789' title='bbox 745 2584 840 2611; x_wconf 81' lang='grc' dir='ltr'>ἐαυτοῦ</span> <span class='ocrx_word' id='word_1_790' title='bbox 861 2586 895 2620; x_wconf 84' lang='grc' dir='ltr'><strong>τῇ</strong></span> 
     </span>
     <span class='ocr_line' id='line_1_104' title="bbox 114 2619 895 2646; baseline 0 0"><span class='ocrx_word' id='word_1_791' title='bbox 114 2621 255 2646; x_wconf 73' lang='grc' dir='ltr'>γεωργικῇ</span> <span class='ocrx_word' id='word_1_792' title='bbox 280 2619 435 2646; x_wconf 83' lang='grc' dir='ltr'>ὲκπεοιῖών.</span> <span class='ocrx_word' id='word_1_793' title='bbox 484 2620 539 2646; x_wconf 89' lang='lat' dir='ltr'><strong>tin</strong></span> <span class='ocrx_word' id='word_1_794' title='bbox 567 2620 836 2646; x_wconf 72' lang='lat' dir='ltr'><strong>Mttavhr.Eccle..L</strong></span> <span class='ocrx_word' id='word_1_795' title='bbox 862 2620 895 2646; x_wconf 90' lang='lat'><strong>7.</strong></span> 
     </span>
    </p>
   </div>
   <div class='ocr_carea' id='block_1_103' title="bbox 113 2620 896 2682">
    <p class='ocr_par' dir='ltr' id='par_1_103' title="bbox 113 2620 896 2682">
     <span class='ocr_line' id='line_1_105' title="bbox 113 2620 896 2682; baseline 0 -36"><span class='ocrx_word' id='word_1_796' title='bbox 113 2621 255 2682; x_wconf 58' lang='grc' dir='ltr'>γεωργικῇ</span> <span class='ocrx_word' id='word_1_797' title='bbox 280 2620 435 2660; x_wconf 64' lang='grc' dir='ltr'>ἐκπεριῖών.</span> <span class='ocrx_word' id='word_1_798' title='bbox 459 2620 493 2663; x_wconf 72' lang='lat' dir='ltr'><strong>Et</strong></span> <span class='ocrx_word' id='word_1_799' title='bbox 512 2620 539 2647; x_wconf 92' lang='lat' dir='ltr'><strong>in</strong></span> <span class='ocrx_word' id='word_1_800' title='bbox 567 2620 836 2655; x_wconf 70' lang='lat' dir='ltr'><strong>Metaphr.Eccle.,t,</strong></span> <span class='ocrx_word' id='word_1_801' title='bbox 862 2620 896 2655; x_wconf 82' lang='lat'><strong>7,</strong></span> 
     </span>
     <span class='ocr_line' id='line_1_106' title="bbox 114 2655 566 2682; baseline 0 0"><span class='ocrx_word' id='word_1_802' title='bbox 114 2656 159 2682; x_wconf 78' lang='grc' dir='ltr'><strong>τδν</strong></span> <span class='ocrx_word' id='word_1_803' title='bbox 191 2656 247 2682; x_wconf 86' lang='grc' dir='ltr'>λιον</span> <span class='ocrx_word' id='word_1_804' title='bbox 259 2655 308 2682; x_wconf 79' lang='grc' dir='ltr'><strong>τὴν</strong></span> <span class='ocrx_word' id='word_1_805' title='bbox 322 2664 372 2682; x_wconf 82' lang='grc' dir='ltr'><strong>γην</strong></span> <span class='ocrx_word' id='word_1_806' title='bbox 386 2655 566 2682; x_wconf 81' lang='grc' dir='ltr'>ὲκπεοιιόντα.</span> 
     </span>
    </p>
   </div>
   <div class='ocr_carea' id='block_1_104' title="bbox 114 2655 898 2726">
    <p class='ocr_par' dir='ltr' id='par_1_104' title="bbox 114 2655 898 2726">
     <span class='ocr_line' id='line_1_107' title="bbox 114 2655 849 2718; baseline 0 -36"><span class='ocrx_word' id='word_1_807' title='bbox 114 2656 159 2683; x_wconf 78' lang='grc' dir='ltr'><strong>τδν</strong></span> <span class='ocrx_word' id='word_1_808' title='bbox 170 2655 308 2718; x_wconf 51' lang='grc' dir='ltr'>ἴᾶλιοντὴν</span> <span class='ocrx_word' id='word_1_809' title='bbox 322 2656 372 2690; x_wconf 82' lang='grc' dir='ltr'>γῆν</span> <span class='ocrx_word' id='word_1_810' title='bbox 386 2655 566 2691; x_wconf 81' lang='grc' dir='ltr'>ὲκπεριῖόντα.</span> <span class='ocrx_word' id='word_1_811' title='bbox 844 2690 849 2695; x_wconf 40' lang='grc' dir='ltr'><strong>Ι</strong></span> 
     </span>
     <span class='ocr_line' id='line_1_108' title="bbox 149 2689 898 2726; baseline -0.003 -8"><span class='ocrx_word' id='word_1_812' title='bbox 149 2691 177 2726; x_wconf 84' lang='grc'><strong>(6</strong></span> <span class='ocrx_word' id='word_1_813' title='bbox 198 2692 207 2726; x_wconf 96' lang='grc'><strong>)</strong></span> <span class='ocrx_word' id='word_1_814' title='bbox 234 2691 357 2717; x_wconf 72' lang='grc' dir='ltr'>Ἄλλων.</span> <span class='ocrx_word' id='word_1_815' title='bbox 382 2690 439 2718; x_wconf 86' lang='lat' dir='ltr'><strong>Hoc</strong></span> <span class='ocrx_word' id='word_1_816' title='bbox 462 2690 613 2726; x_wconf 78' lang='grc' dir='ltr'>παρέλκει,</span> <span class='ocrx_word' id='word_1_817' title='bbox 640 2691 703 2726; x_wconf 88' lang='lat' dir='ltr'><strong>quia</strong></span> <span class='ocrx_word' id='word_1_818' title='bbox 735 2689 898 2718; x_wconf 81' lang='lat' dir='ltr'><strong>subauditur</strong></span> 
     </span>
    </p>
   </div>
   <div class='ocr_carea' id='block_1_105' title="bbox 115 2726 898 2762">
    <p class='ocr_par' dir='ltr' id='par_1_105' title="bbox 115 2726 898 2762">
     <span class='ocr_line' id='line_1_109' title="bbox 115 2726 898 2762; baseline -0.001 -9"><span class='ocrx_word' id='word_1_819' title='bbox 115 2727 205 2762; x_wconf 77' lang='grc' dir='ltr'>ἡμῶν,</span> <span class='ocrx_word' id='word_1_820' title='bbox 216 2731 246 2753; x_wconf 89' lang='lat' dir='ltr'><strong>ut</strong></span> <span class='ocrx_word' id='word_1_821' title='bbox 256 2727 335 2754; x_wconf 92' lang='lat' dir='ltr'><strong>docet</strong></span> <span class='ocrx_word' id='word_1_822' title='bbox 348 2727 460 2754; x_wconf 89' lang='lat' dir='ltr'><strong>verbum</strong></span> <span class='ocrx_word' id='word_1_823' title='bbox 471 2726 650 2762; x_wconf 79' lang='grc' dir='ltr'>ἀναθήσομεν.</span> <span class='ocrx_word' id='word_1_824' title='bbox 660 2726 746 2754; x_wconf 84' lang='lat' dir='ltr'><strong>Aliter</strong></span> <span class='ocrx_word' id='word_1_825' title='bbox 758 2726 898 2760; x_wconf 80' lang='lat' dir='ltr'><strong>indignum</strong></span> 
     </span>
    </p>
   </div>
   <div class='ocr_carea' id='block_1_106' title="bbox 116 2762 469 2789">
    <p class='ocr_par' dir='ltr' id='par_1_106' title="bbox 116 2762 469 2789">
     <span class='ocr_line' id='line_1_110' title="bbox 116 2762 469 2789; baseline 0 -1"><span class='ocrx_word' id='word_1_826' title='bbox 116 2767 188 2789; x_wconf 81' lang='lat' dir='ltr'><strong>esset</strong></span> <span class='ocrx_word' id='word_1_827' title='bbox 200 2762 253 2789; x_wconf 91' lang='lat' dir='ltr'><strong>hoc</strong></span> <span class='ocrx_word' id='word_1_828' title='bbox 267 2762 338 2789; x_wconf 83' lang='lat' dir='ltr'><strong>loco.</strong></span> <span class='ocrx_word' id='word_1_829' title='bbox 354 2762 469 2789; x_wconf 74' lang='lat' dir='ltr'><strong>BENGEL.</strong></span> 
     </span>
    </p>
   </div>
   <div class='ocr_carea' id='block_1_107' title="bbox 151 2795 896 2833">
    <p class='ocr_par' dir='ltr' id='par_1_107' title="bbox 151 2795 896 2833">
     <span class='ocr_line' id='line_1_111' title="bbox 151 2795 896 2833; baseline -0.003 -9"><span class='ocrx_word' id='word_1_830' title='bbox 151 2798 208 2833; x_wconf 77' lang='lat'><strong>(65)</strong></span> <span class='ocrx_word' id='word_1_831' title='bbox 232 2796 274 2830; x_wconf 83' lang='grc' dir='ltr'><strong>Τῷ</strong></span> <span class='ocrx_word' id='word_1_832' title='bbox 284 2796 344 2823; x_wconf 86' lang='grc' dir='ltr'>τῶν</span> <span class='ocrx_word' id='word_1_833' title='bbox 363 2797 441 2824; x_wconf 82' lang='grc' dir='ltr'>ὅλων</span> <span class='ocrx_word' id='word_1_834' title='bbox 452 2797 543 2833; x_wconf 60' lang='grc' dir='ltr'>αὶτίῳ,</span> <span class='ocrx_word' id='word_1_835' title='bbox 564 2797 608 2824; x_wconf 90' lang='lat' dir='ltr'><strong>Sic</strong></span> <span class='ocrx_word' id='word_1_836' title='bbox 624 2796 736 2833; x_wconf 75' lang='lat' dir='ltr'><strong>Vossius</strong></span> <span class='ocrx_word' id='word_1_837' title='bbox 752 2795 896 2833; x_wconf 72' lang='lat' dir='ltr'><strong>et_Ben_ge-</strong></span> 
     </span>
    </p>
   </div>
   <div class='ocr_carea' id='block_1_108' title="bbox 984 2341 1733 2378">
    <p class='ocr_par' dir='ltr' id='par_1_108' title="bbox 984 2341 1733 2378">
     <span class='ocr_line' id='line_1_112' title="bbox 984 2341 1733 2378; baseline 0.003 -11"><span class='ocrx_word' id='word_1_838' title='bbox 984 2341 1039 2378; x_wconf 68' lang='lat'><strong>(_64_)</strong></span> <span class='ocrx_word' id='word_1_839' title='bbox 1058 2341 1250 2378; x_wconf 49' lang='grc' dir='ltr'><strong>Ιὶίεςέητσριεῖγ·ἶ</strong></span> <span class='ocrx_word' id='word_1_840' title='bbox 1263 2341 1317 2378; x_wconf 70' lang='grc' dir='ltr'><strong>ᾼΙ..</strong></span> <span class='ocrx_word' id='word_1_841' title='bbox 1332 2342 1538 2378; x_wconf 86' lang='grc' dir='ltr'>μεγαληγορεῖν.</span> <span class='ocrx_word' id='word_1_842' title='bbox 1554 2342 1606 2378; x_wconf 84' lang='lat' dir='ltr'><strong>Sed</strong></span> <span class='ocrx_word' id='word_1_843' title='bbox 1620 2344 1733 2370; x_wconf 90' lang='lat' dir='ltr'><strong>audien-</strong></span> 
     </span>
    </p>
   </div>
   <div class='ocr_carea' id='block_1_109' title="bbox 948 2375 1732 2413">
    <p class='ocr_par' dir='ltr' id='par_1_109' title="bbox 948 2375 1732 2413">
     <span class='ocr_line' id='line_1_113' title="bbox 948 2375 1732 2413; baseline 0.003 -10"><span class='ocrx_word' id='word_1_844' title='bbox 948 2376 999 2404; x_wconf 88' lang='lat' dir='ltr'><strong>dus</strong></span> <span class='ocrx_word' id='word_1_845' title='bbox 1011 2375 1178 2413; x_wconf 78' lang='lat' dir='ltr'><strong>_Ben_gelius:</strong></span> <span class='ocrx_word' id='word_1_846' title='bbox 1195 2385 1204 2401; x_wconf 87' lang='grc'><strong>‹</strong></span> <span class='ocrx_word' id='word_1_847' title='bbox 1223 2375 1401 2412; x_wconf 82' lang='grc' dir='ltr'>Μεληγορεῖν,</span> <span class='ocrx_word' id='word_1_848' title='bbox 1417 2375 1515 2413; x_wconf 81' lang='lat' dir='ltr'><strong>inquit,</strong></span> <span class='ocrx_word' id='word_1_849' title='bbox 1534 2377 1608 2406; x_wconf 87' lang='lat' dir='ltr'><strong>haud</strong></span> <span class='ocrx_word' id='word_1_850' title='bbox 1623 2378 1681 2405; x_wconf 88' lang='lat' dir='ltr'><strong>scio</strong></span> <span class='ocrx_word' id='word_1_851' title='bbox 1697 2384 1732 2405; x_wconf 75' lang='lat' dir='ltr'><strong>at‘</strong></span> 
     </span>
    </p>
   </div>
   <div class='ocr_carea' id='block_1_110' title="bbox 949 2411 1733 2447">
    <p class='ocr_par' dir='ltr' id='par_1_110' title="bbox 949 2411 1733 2447">
     <span class='ocr_line' id='line_1_114' title="bbox 949 2411 1733 2447; baseline 0 -8"><span class='ocrx_word' id='word_1_852' title='bbox 949 2411 1020 2446; x_wconf 88' lang='lat' dir='ltr'><strong>apud</strong></span> <span class='ocrx_word' id='word_1_853' title='bbox 1040 2411 1108 2439; x_wconf 88' lang='lat' dir='ltr'><strong>alios</strong></span> <span class='ocrx_word' id='word_1_854' title='bbox 1125 2415 1251 2447; x_wconf 67' lang='lat' dir='ltr'><strong>occurrat</strong></span> <span class='ocrx_word' id='word_1_855' title='bbox 1272 2411 1413 2447; x_wconf 80' lang='lat' dir='ltr'><strong>auctores;</strong></span> <span class='ocrx_word' id='word_1_856' title='bbox 1429 2411 1463 2440; x_wconf 35' lang='lat' dir='ltr'><strong>et‘</strong></span> <span class='ocrx_word' id='word_1_857' title='bbox 1479 2413 1523 2440; x_wconf 89' lang='lat' dir='ltr'><strong>hic</strong></span> <span class='ocrx_word' id='word_1_858' title='bbox 1536 2417 1627 2440; x_wconf 89' lang='lat' dir='ltr'><strong>tamen</strong></span> <span class='ocrx_word' id='word_1_859' title='bbox 1642 2413 1733 2447; x_wconf 89' lang='lat' dir='ltr'><strong>aptius</strong></span> 
     </span>
    </p>
   </div>
   <div class='ocr_carea' id='block_1_111' title="bbox 948 2445 1729 2483">
    <p class='ocr_par' dir='ltr' id='par_1_111' title="bbox 948 2445 1729 2483">
     <span class='ocr_line' id='line_1_115' title="bbox 948 2445 1729 2483; baseline 0.003 -10"><span class='ocrx_word' id='word_1_860' title='bbox 948 2445 989 2483; x_wconf 71' lang='lat' dir='ltr'><strong>est</strong></span> <span class='ocrx_word' id='word_1_861' title='bbox 1001 2455 1007 2472; x_wconf 91' lang='lat'>:</span> <span class='ocrx_word' id='word_1_862' title='bbox 1022 2446 1126 2483; x_wconf 79' lang='lat' dir='ltr'><strong>respice</strong></span> <span class='ocrx_word' id='word_1_863' title='bbox 1137 2445 1234 2483; x_wconf 49' lang='lat' dir='ltr'><strong>pp.wa</strong></span> <span class='ocrx_word' id='word_1_864' title='bbox 1248 2447 1294 2473; x_wconf 78' lang='grc' dir='ltr'>καὶ</span> <span class='ocrx_word' id='word_1_865' title='bbox 1308 2447 1390 2474; x_wconf 86' lang='grc' dir='ltr'>αῐνων</span> <span class='ocrx_word' id='word_1_866' title='bbox 1403 2445 1485 2483; x_wconf 68' lang='lat' dir='ltr'><strong>Supra</strong></span> <span class='ocrx_word' id='word_1_867' title='bbox 1499 2448 1550 2475; x_wconf 90' lang='lat' dir='ltr'><strong>sub</strong></span> <span class='ocrx_word' id='word_1_868' title='bbox 1566 2448 1646 2475; x_wconf 80' lang='lat' dir='ltr'><strong>linem</strong></span> <span class='ocrx_word' id='word_1_869' title='bbox 1660 2445 1685 2475; x_wconf 59' lang='grc' dir='ltr'><strong>ε.</strong></span> <span class='ocrx_word' id='word_1_870' title='bbox 1702 2447 1729 2475; x_wconf 83' lang='grc'><strong>5.</strong></span> 
     </span>
    </p>
   </div>
   <div class='ocr_carea' id='block_1_112' title="bbox 948 2481 1729 2519">
    <p class='ocr_par' dir='ltr' id='par_1_112' title="bbox 948 2481 1729 2519">
     <span class='ocr_line' id='line_1_116' title="bbox 948 2481 1729 2519; baseline 0.001 -12"><span class='ocrx_word' id='word_1_871' title='bbox 948 2481 1068 2519; x_wconf 58' lang='lat' dir='ltr'><strong>Accedit</strong></span> <span class='ocrx_word' id='word_1_872' title='bbox 1082 2481 1224 2519; x_wconf 79' lang='lat' dir='ltr'><strong>analogia,</strong></span> <span class='ocrx_word' id='word_1_873' title='bbox 1248 2481 1466 2519; x_wconf 78' lang='grc' dir='ltr'>χρησμαγορέώ,</span> <span class='ocrx_word' id='word_1_874' title='bbox 1493 2483 1664 2519; x_wconf 21' lang='grc' dir='ltr'>ὑμναγόραςν,</span> <span class='ocrx_word' id='word_1_875' title='bbox 1687 2488 1729 2514; x_wconf 89' lang='lat' dir='ltr'><strong>et,</strong></span> 
     </span>
    </p>
   </div>
   <div class='ocr_carea' id='block_1_113' title="bbox 949 2516 1730 2553">
    <p class='ocr_par' dir='ltr' id='par_1_113' title="bbox 949 2516 1730 2553">
     <span class='ocr_line' id='line_1_117' title="bbox 949 2516 1730 2553; baseline 0 -11"><span class='ocrx_word' id='word_1_876' title='bbox 949 2516 1022 2553; x_wconf 87' lang='lat' dir='ltr'><strong>quod</strong></span> <span class='ocrx_word' id='word_1_877' title='bbox 1036 2516 1070 2543; x_wconf 90' lang='lat' dir='ltr'><strong>ad</strong></span> <span class='ocrx_word' id='word_1_878' title='bbox 1086 2516 1211 2553; x_wconf 66' lang='lat' dir='ltr'><strong>priorem</strong></span> <span class='ocrx_word' id='word_1_879' title='bbox 1218 2516 1363 2552; x_wconf 86' lang='lat' dir='ltr'><strong>compositi</strong></span> <span class='ocrx_word' id='word_1_880' title='bbox 1378 2516 1482 2552; x_wconf 74' lang='lat' dir='ltr'><strong>partem</strong></span> <span class='ocrx_word' id='word_1_881' title='bbox 1494 2516 1606 2550; x_wconf 54' lang='lat' dir='ltr'><strong>attinet;</strong></span> <span class='ocrx_word' id='word_1_882' title='bbox 1617 2518 1730 2553; x_wconf 79' lang='grc' dir='ltr'>μελουρ-</span> 
     </span>
    </p>
   </div>
   <div class='ocr_carea' id='block_1_114' title="bbox 948 2551 1731 2589">
    <p class='ocr_par' dir='ltr' id='par_1_114' title="bbox 948 2551 1731 2589">
     <span class='ocr_line' id='line_1_118' title="bbox 948 2551 1731 2589; baseline 0.004 -12"><span class='ocrx_word' id='word_1_883' title='bbox 948 2551 1008 2585; x_wconf 87' lang='grc' dir='ltr'>για,</span> <span class='ocrx_word' id='word_1_884' title='bbox 1020 2552 1095 2589; x_wconf 79' lang='lat' dir='ltr'><strong>quod</strong></span> <span class='ocrx_word' id='word_1_885' title='bbox 1109 2551 1175 2587; x_wconf 83' lang='lat' dir='ltr'><strong>Cyri</strong></span> <span class='ocrx_word' id='word_1_886' title='bbox 1192 2551 1319 2580; x_wconf 75' lang='lat' dir='ltr'><strong>Germani</strong></span> <span class='ocrx_word' id='word_1_887' title='bbox 1337 2551 1447 2581; x_wconf 71' lang='lat' dir='ltr'><strong>verbum</strong></span> <span class='ocrx_word' id='word_1_888' title='bbox 1463 2558 1515 2585; x_wconf 88' lang='lat' dir='ltr'><strong>est,</strong></span> <span class='ocrx_word' id='word_1_889' title='bbox 1531 2551 1634 2589; x_wconf 84' lang='lat' dir='ltr'><strong>pariter</strong></span> <span class='ocrx_word' id='word_1_890' title='bbox 1654 2551 1731 2587; x_wconf 79' lang='lat' dir='ltr'><strong>igno-</strong></span> 
     </span>
    </p>
   </div>
   <div class='ocr_carea' id='block_1_115' title="bbox 948 2587 1147 2614">
    <p class='ocr_par' dir='ltr' id='par_1_115' title="bbox 948 2587 1147 2614">
     <span class='ocr_line' id='line_1_119' title="bbox 948 2587 1147 2614; baseline 0.005 -1"><span class='ocrx_word' id='word_1_891' title='bbox 948 2590 1005 2614; x_wconf 80' lang='lat' dir='ltr'><strong>tum</strong></span> <span class='ocrx_word' id='word_1_892' title='bbox 1020 2587 1122 2614; x_wconf 84' lang='lat' dir='ltr'><strong>lexicis.</strong></span> <span class='ocrx_word' id='word_1_893' title='bbox 1138 2597 1147 2613; x_wconf 77' lang='grc' dir='ltr'>ι</span> 
     </span>
    </p>
   </div>
   <div class='ocr_carea' id='block_1_116' title="bbox 986 2621 1730 2660">
    <p class='ocr_par' dir='ltr' id='par_1_116' title="bbox 986 2621 1730 2660">
     <span class='ocr_line' id='line_1_120' title="bbox 986 2621 1730 2660; baseline 0.004 -12"><span class='ocrx_word' id='word_1_894' title='bbox 986 2622 1042 2656; x_wconf 81' lang='lat'><strong>(65)</strong></span> <span class='ocrx_word' id='word_1_895' title='bbox 1057 2621 1227 2660; x_wconf 14' lang='grc' dir='ltr'>ἒΣυμφέρον.</span> <span class='ocrx_word' id='word_1_896' title='bbox 1242 2623 1386 2660; x_wconf 79' lang='grc' dir='ltr'>Συμφέρω,</span> <span class='ocrx_word' id='word_1_897' title='bbox 1398 2624 1508 2658; x_wconf 88' lang='lat' dir='ltr'><strong>perinde</strong></span> <span class='ocrx_word' id='word_1_898' title='bbox 1521 2628 1552 2651; x_wconf 86' lang='lat' dir='ltr'><strong>ut</strong></span> <span class='ocrx_word' id='word_1_899' title='bbox 1566 2624 1730 2660; x_wconf 75' lang='grc' dir='ltr'>πρόσφορος,</span> 
     </span>
    </p>
   </div>
   <div class='ocr_carea' id='block_1_117' title="bbox 949 2657 1730 2694">
    <p class='ocr_par' dir='ltr' id='par_1_117' title="bbox 949 2657 1730 2694">
     <span class='ocr_line' id='line_1_121' title="bbox 949 2657 1730 2694; baseline 0.003 -10"><span class='ocrx_word' id='word_1_900' title='bbox 949 2662 991 2684; x_wconf 88' lang='lat' dir='ltr'><strong>est</strong></span> <span class='ocrx_word' id='word_1_901' title='bbox 1008 2658 1119 2694; x_wconf 79' lang='lat' dir='ltr'><strong>verbum</strong></span> <span class='ocrx_word' id='word_1_902' title='bbox 1142 2657 1232 2694; x_wconf 76' lang='grc' dir='ltr'>μέσον,</span> <span class='ocrx_word' id='word_1_903' title='bbox 1245 2657 1317 2694; x_wconf 71' lang='lat' dir='ltr'><strong>unde</strong></span> <span class='ocrx_word' id='word_1_904' title='bbox 1330 2657 1476 2694; x_wconf 68' lang='grc' dir='ltr'>σύμῴορος,</span> <span class='ocrx_word' id='word_1_905' title='bbox 1492 2657 1622 2692; x_wconf 74' lang='grc' dir='ltr'>αιίιὶε;ὀι</span> <span class='ocrx_word' id='word_1_906' title='bbox 1641 2657 1730 2687; x_wconf 77' lang='lat' dir='ltr'><strong>tamen</strong></span> 
     </span>
    </p>
   </div>
   <div class='ocr_carea' id='block_1_118' title="bbox 951 2692 1731 2729">
    <p class='ocr_par' dir='ltr' id='par_1_118' title="bbox 951 2692 1731 2729">
     <span class='ocr_line' id='line_1_122' title="bbox 951 2692 1731 2729; baseline 0.004 -11"><span class='ocrx_word' id='word_1_907' title='bbox 951 2692 1092 2727; x_wconf 83' lang='grc' dir='ltr'>συμφορά,</span> <span class='ocrx_word' id='word_1_908' title='bbox 1120 2693 1270 2729; x_wconf 77' lang='lat' dir='ltr'><strong>calamitas.</strong></span> <span class='ocrx_word' id='word_1_909' title='bbox 1300 2692 1396 2727; x_wconf 78' lang='lat' dir='ltr'><strong>Quare</strong></span> <span class='ocrx_word' id='word_1_910' title='bbox 1423 2692 1571 2729; x_wconf 74' lang='lat' dir='ltr'><strong>generatim</strong></span> <span class='ocrx_word' id='word_1_911' title='bbox 1597 2695 1731 2729; x_wconf 79' lang='lat' dir='ltr'><strong>signiﬁcat</strong></span> 
     </span>
    </p>
   </div>
   <div class='ocr_carea' id='block_1_119' title="bbox 946 2728 1732 2798">
    <p class='ocr_par' dir='ltr' id='par_1_119' title="bbox 946 2728 1732 2798">
     <span class='ocr_line' id='line_1_123' title="bbox 946 2728 1730 2763; baseline 0.006 -10"><span class='ocrx_word' id='word_1_912' title='bbox 946 2732 1074 2761; x_wconf 80' lang='lat' dir='ltr'><strong>campeto,</strong></span> <span class='ocrx_word' id='word_1_913' title='bbox 1094 2728 1212 2762; x_wconf 85' lang='lat' dir='ltr'><strong>quadra;</strong></span> <span class='ocrx_word' id='word_1_914' title='bbox 1229 2729 1299 2756; x_wconf 79' lang='lat' dir='ltr'><strong>unde</strong></span> <span class='ocrx_word' id='word_1_915' title='bbox 1323 2728 1522 2763; x_wconf 64' lang='lat' dir='ltr'><strong>sensushujus</strong></span> <span class='ocrx_word' id='word_1_916' title='bbox 1541 2730 1593 2757; x_wconf 91' lang='lat' dir='ltr'><strong>loci</strong></span> <span class='ocrx_word' id='word_1_917' title='bbox 1609 2730 1730 2763; x_wconf 86' lang='lat' dir='ltr'><strong>liquidus</strong></span> 
     </span>
     <span class='ocr_line' id='line_1_124' title="bbox 947 2762 1732 2798; baseline 0.006 -10"><span class='ocrx_word' id='word_1_918' title='bbox 947 2762 1005 2789; x_wconf 84' lang='lat' dir='ltr'><strong>lluit</strong></span> <span class='ocrx_word' id='word_1_919' title='bbox 1024 2771 1029 2788; x_wconf 90' lang='lat'>:</span> <span class='ocrx_word' id='word_1_920' title='bbox 1046 2770 1097 2789; x_wconf 82' lang='lat' dir='ltr'><strong>non</strong></span> <span class='ocrx_word' id='word_1_921' title='bbox 1112 2763 1273 2798; x_wconf 77' lang='lat' dir='ltr'><strong>propinquo,</strong></span> <span class='ocrx_word' id='word_1_922' title='bbox 1297 2764 1341 2790; x_wconf 79' lang='lat' dir='ltr'><strong>sed</strong></span> <span class='ocrx_word' id='word_1_923' title='bbox 1365 2763 1455 2798; x_wconf 81' lang='lat' dir='ltr'><strong>angelo</strong></span> <span class='ocrx_word' id='word_1_924' title='bbox 1481 2765 1610 2797; x_wconf 76' lang='lat' dir='ltr'><strong>convenit.</strong></span> <span class='ocrx_word' id='word_1_925' title='bbox 1627 2765 1732 2794; x_wconf 83' lang='lat' dir='ltr'><strong>scilicet</strong></span> 
     </span>
    </p>
   </div>
   <div class='ocr_carea' id='block_1_120' title="bbox 947 2785 1731 2837">
    <p class='ocr_par' dir='ltr' id='par_1_120' title="bbox 947 2785 1731 2837">
     <span class='ocr_line' id='line_1_125' title="bbox 947 2785 1731 2837; baseline 0.009 -14"><span class='ocrx_word' id='word_1_926' title='bbox 947 2805 1045 2837; x_wconf 66' lang='lat' dir='ltr'><strong>nomen</strong></span> <span class='ocrx_word' id='word_1_927' title='bbox 1077 2785 1324 2833; x_wconf 55' lang='lat' dir='ltr'><strong>mddorpdsitu&#39;m,</strong></span> <span class='ocrx_word' id='word_1_928' title='bbox 1359 2785 1475 2834; x_wconf 57' lang='grc' dir='ltr'>τρόξοεὺς</span> <span class='ocrx_word' id='word_1_929' title='bbox 1508 2785 1731 2837; x_wconf 62' lang='grc' dir='ltr'>καί</span> 
     </span>
    </p>
   </div>
   <div class='ocr_carea' id='block_1_121' title="bbox 116 2830 896 2867">
    <p class='ocr_par' dir='ltr' id='par_1_121' title="bbox 116 2830 894 2867">
     <span class='ocr_line' id='line_1_126' title="bbox 116 2830 894 2867; baseline -0.003 -9"><span class='ocrx_word' id='word_1_930' title='bbox 116 2830 177 2859; x_wconf 74' lang='lat' dir='ltr'><strong>lius.</strong></span> <span class='ocrx_word' id='word_1_931' title='bbox 194 2830 228 2859; x_wconf 71' lang='lat' dir='ltr'><strong>Et</strong></span> <span class='ocrx_word' id='word_1_932' title='bbox 246 2836 318 2859; x_wconf 83' lang='lat' dir='ltr'><strong>recte</strong></span> <span class='ocrx_word' id='word_1_933' title='bbox 333 2833 440 2867; x_wconf 85' lang='lat' dir='ltr'><strong>quidem</strong></span> <span class='ocrx_word' id='word_1_934' title='bbox 454 2842 460 2860; x_wconf 92' lang='lat'>:</span> <span class='ocrx_word' id='word_1_935' title='bbox 478 2830 679 2867; x_wconf 80' lang='grc' dir='ltr'>ἀναθήσομεν...</span> <span class='ocrx_word' id='word_1_936' title='bbox 703 2831 741 2866; x_wconf 82' lang='grc' dir='ltr'>τῷ</span> <span class='ocrx_word' id='word_1_937' title='bbox 756 2831 809 2858; x_wconf 85' lang='grc' dir='ltr'>τῶν</span> <span class='ocrx_word' id='word_1_938' title='bbox 827 2830 894 2857; x_wconf 78' lang='grc' dir='ltr'>ὅλων</span> 
     </span>
    </p>
   </div>
   <div class='ocr_carea' id='block_1_122' title="bbox 947 2830 1062 2867">
    <p class='ocr_par' dir='ltr' id='par_1_122' title="bbox 947 2831 1062 2860">
     <span class='ocr_line' id='line_1_127' title="bbox 947 2831 1062 2860; baseline 0.017 -2"><span class='ocrx_word' id='word_1_939' title='bbox 947 2831 1062 2860; x_wconf 68' lang='grc' dir='ltr'>Βειιοει.</span> 
     </span>
    </p>
   </div>
   <div class='ocr_carea' id='block_1_123' title="bbox 116 2867 894 2903">
    <p class='ocr_par' dir='ltr' id='par_1_123' title="bbox 116 2867 894 2903">
     <span class='ocr_line' id='line_1_128' title="bbox 116 2867 894 2903; baseline 0 -10"><span class='ocrx_word' id='word_1_940' title='bbox 116 2868 203 2903; x_wconf 70' lang='grc' dir='ltr'>αἰτίῳ.</span> <span class='ocrx_word' id='word_1_941' title='bbox 231 2867 341 2894; x_wconf 80' lang='lat' dir='ltr'><strong>l’lanam</strong></span> <span class='ocrx_word' id='word_1_942' title='bbox 376 2867 463 2895; x_wconf 91' lang='lat' dir='ltr'><strong>reddit</strong></span> <span class='ocrx_word' id='word_1_943' title='bbox 488 2868 636 2895; x_wconf 85' lang='lat' dir='ltr'><strong>orationem</strong></span> <span class='ocrx_word' id='word_1_944' title='bbox 666 2867 834 2902; x_wconf 82' lang='lat' dir='ltr'><strong>parenthesis</strong></span> <span class='ocrx_word' id='word_1_945' title='bbox 861 2874 894 2893; x_wconf 76' lang='lat' dir='ltr'><strong>ex</strong></span> 
     </span>
    </p>
   </div>
  </div>
