3988 6200
559 246 700 307 1065

1641 251 1704 310 8.
1743 251 2065 310 GREGORII
2117 249 2496 310 THAUMATU
2506 251 2619 309 ιιοι

3635 255 3747 312 ιοθι

559 364 743 423 omnia
779 365 845 422 ad
896 366 1093 424 anima:
1138 378 1339 426 nostrae
1384 371 1671 426 utilitatem
1723 371 2108 441 prospicienti,

2212 368 2466 439 ἐκτρέφει
2503 387 2565 422 τε
2606 370 2698 423 καὶ
2741 369 2984 422 παιδεύει
3035 372 3126 424 καὶ
3180 373 3538 443 χειραγωγεί⁶
3585 375 3662 426 καὶ
3698 375 3747 448 δὴ

554 457 702 530 quod
727 457 858 512 utile
883 465 939 512 et
961 457 1160 514 bonum
1197 469 1303 526 est,
1337 461 1522 516 statim
1554 462 1836 531 apparet),
1878 469 1940 515 ut
1986 460 2115 514 olim

557 563 664 614 me,
698 548 774 602 ita
800 562 946 602 nunc
981 562 1200 618 quoque
1231 549 1345 614 alit,
1375 559 1429 604 et
1449 549 1627 604 erudit
1651 565 1716 604 ac
1744 563 1906 603 manu
1933 548 2112 604 ducit:

555 648 670 698 tum
700 649 895 710 praeter
930 639 1035 694 alia
1064 640 1267 703 omnia,
1301 641 1556 710 conjungi
1585 655 1671 696 me
1698 656 1821 695 cum
1847 641 1949 697 hoc
1974 641 2114 706 viro,

555 731 702 802 quod
723 731 968 786 omnium
993 743 1139 786 certe
1161 745 1435 786 summum
1460 739 1562 798 est,
1589 740 1644 786 et
1668 747 1791 788 cum
1817 746 1883 787 eo
1909 731 2116 787 versari

556 820 682 878 fecit
702 837 718 888 ;
738 823 834 893 qui
859 837 960 878 nec
982 837 1198 893 genere,
1225 837 1325 877 nec
1347 822 1607 892 sanguine
1632 823 1743 878 ullo
1769 823 2113 894 coniunctus,

556 929 658 970 nec
685 915 841 970 aliter
872 915 1213 970 necessarius
1243 923 1338 969 aut
1368 914 1580 970 vicinus
1622 930 1796 986 neque
1839 916 2116 986 popularis

554 1009 781 1062 omnino
818 1015 936 1062 erat
959 1006 1102 1078 (qua:
1149 1006 1359 1062 scilicet
1388 1008 1589 1062 amoris
1630 1017 1685 1063 et
1722 1007 2114 1078 coniunctionis

551 1098 768 1154 vincula
805 1097 945 1152 inter
971 1097 1110 1152 alios
1146 1111 1266 1152 esse
1300 1097 1532 1167 solent),
1565 1097 1693 1164 sed,
1725 1107 1784 1152 ut
1813 1099 2000 1168 paucis
2035 1098 2117 1152 di-

551 1207 697 1255 cam,
726 1191 959 1262 ignotos,
988 1190 1212 1256 alienos,
1237 1191 1569 1261 peregrinos,
1601 1191 1669 1246 ab
1696 1191 1925 1246 invicem
1957 1193 2116 1263 longe

551 1279 877 1348 disjunetos,
909 1287 1114 1348 quanta
1141 1279 1347 1334 scilicet
1369 1280 1647 1350 regionum
1681 1288 1735 1334 et
1761 1280 2026 1336 montium
2051 1297 2116 1337 ac

550 1368 839 1423 ﬂuminum
863 1369 1035 1438 spatia
1066 1368 1334 1433 dividunt,
1381 1369 1566 1424 divina
1609 1385 1735 1426 vere
1779 1371 2116 1441 sapientique

551 1466 888 1536 providentia
933 1479 1100 1520 unum
1147 1465 1200 1519 in
1242 1466 1423 1522 locum
1463 1467 1780 1536 perducens,
1824 1467 2111 1524 salutarem

554 1558 687 1614 mihi
737 1573 1088 1628 congressum
1133 1562 1279 1613 hunc
1332 1558 1638 1614 conciliavit
1685 1577 1699 1612 :
1747 1559 1891 1614 hunc
1937 1559 2112 1629 ipsum

555 1649 684 1703 mihi
717 1663 748 1703 a
772 1648 968 1718 primo,
994 1656 1057 1702 ut
1085 1662 1227 1713 reor,
1258 1658 1381 1704 ortu
1414 1658 1468 1704 et
1499 1649 1815 1704 educatione
1857 1650 2114 1705 divinitus

553 1754 875 1809 procurans.
928 1738 1176 1805 Quonam
1231 1747 1409 1794 autem
1461 1747 1657 1810 pacto,
1708 1741 1926 1811 longum
1971 1749 2116 1797 esset

551 1845 999 1898 commemorare,
1030 1846 1138 1887 non
1167 1831 1344 1886 solum
1371 1832 1416 1886 si
1442 1841 1693 1887 accurate
1723 1832 1907 1886 omnia
1932 1847 2116 1902 perse-

553 1923 647 1991 qui
680 1921 924 1991 nihilque
951 1923 1201 1976 omittere
1224 1921 1507 1987 studeam;
1543 1924 1636 1976 sed
1673 1924 1921 1991 quamvis
1945 1923 2112 1984 multa

553 2011 758 2082 passim
791 2012 1136 2080 praeteriens,
1168 2027 1335 2081 pauca
1366 2013 1678 2068 summatim
1707 2013 1907 2070 referre
1929 2015 2111 2070 velim.

623 2101 690 2156 ν.
729 2101 911 2157 Prima
941 2102 1086 2170 enim
1117 2104 1366 2158 educatio
1394 2104 1463 2158 ab
1489 2113 1611 2159 ortu
1641 2104 1758 2173 ipso
1786 2105 1888 2160 sub
1922 2121 2115 2175 paren-

555 2203 671 2250 tum
700 2209 832 2250 cura
864 2193 968 2249 fuit
990 2234 1008 2263 ,
1040 2204 1094 2250 et
1124 2195 1282 2265 patrii
1331 2209 1511 2252 mores
1546 2196 1759 2251 erronei
1795 2215 1808 2250 :
1851 2210 1883 2251 a
1912 2197 2115 2268 quibus

553 2283 840 2340 liberatum
871 2283 938 2338 iri
966 2298 1084 2350 me,
1133 2298 1307 2352 neque
1335 2283 1508 2348 alius,
1549 2283 1774 2352 opinor,
1825 2283 2113 2352 quisquam

555 2383 861 2446 sperasset,
893 2389 1069 2446 neque
1095 2375 1223 2430 mihi
1251 2390 1374 2445 spes
1406 2375 1509 2429 ulla
1553 2385 1686 2440 erat,
1735 2389 1902 2445 puero
1937 2375 2114 2430 adhuc

553 2475 607 2522 et
654 2465 882 2522 rationis
912 2465 1140 2535 experti,
1169 2466 1270 2521 sub
1299 2474 1450 2536 patre
1481 2465 1877 2534 superstitioso.
1913 2465 2113 2520 Secuta

551 2557 746 2614 deinde
767 2565 851 2613 est
877 2558 1046 2628 patris
1074 2558 1316 2623 amissio,
1342 2566 1396 2612 et
1423 2557 1626 2612 orbitas
1660 2573 1676 2612 :
1705 2571 1826 2626 qua).
1845 2555 1978 2611 mihi
2003 2555 2114 2612 for-

553 2660 702 2705 tasse
735 2649 1097 2719 cognoscendi
1121 2649 1230 2704 veri
1256 2648 1469 2703 initium
1501 2646 1620 2702 fuit.
1647 2647 1802 2702 Tunc
1834 2647 1977 2701 enim
2003 2647 2113 2717 pri-

554 2757 703 2797 mum
735 2741 800 2796 ad
834 2741 1068 2796 salutare
1093 2754 1389 2809 verumque
1414 2737 1648 2794 Verbum
1682 2737 1894 2804 transii,
1929 2737 2111 2792 nescio

555 2847 664 2903 quo
702 2841 890 2902 pacto,
938 2841 1228 2887 coactusne
1256 2831 1456 2901 potius,
1488 2845 1557 2885 an
1588 2830 1792 2885 volens.
1828 2827 2112 2897 Quodnam

553 2923 700 2978 enim
727 2921 992 2992 judicium
1030 2921 1162 2975 mihi
1191 2930 1329 2984 erat,
1375 2919 1781 2990 quatuordecim
1811 2932 1982 2974 annos
2011 2934 2110 2972 na-

550 3014 649 3070 to?
688 3014 951 3071 Caeterum
976 3028 1040 3068 ex
1065 3027 1131 3068 eo
1169 3021 1429 3082 tempore,
1455 3011 1708 3066 advenire
1735 3010 1866 3064 mihi
1895 3025 2107 3065 sacrum

557 3105 662 3158 hoc
697 3103 934 3157 Verbum
981 3103 1176 3171 cepit,
1219 3103 1376 3172 quasi
1407 3101 1639 3172 perfecta
1684 3101 1797 3169 jam
1835 3101 2111 3156 communi

553 3195 796 3251 omnium
832 3194 1112 3249 hominum
1145 3193 1386 3259 ratione;
1426 3191 1644 3246 advenit
1682 3205 1812 3245 sane
1856 3199 1970 3245 tum
2003 3177 2113 3259 pri-

555 3302 727 3345 mum.
759 3284 912 3353 Quod
937 3284 1187 3355 equidem
1227 3299 1335 3339 non
1363 3298 1612 3354 parvum,
1659 3283 1706 3336 si
1753 3282 1932 3337 minus
1957 3283 2108 3350 olim,

554 3393 702 3434 nunc
727 3385 870 3432 certe
901 3358 1250 3439 ratiocinans,
1268 3388 1436 3428 sacra:
1456 3382 1509 3428 et
1531 3373 1858 3427 admiranda:
1881 3389 2006 3444 erga
2025 3387 2112 3428 me

553 3467 901 3540 providentia:
921 3466 1134 3537 signum
1157 3465 1296 3520 duco
1321 3483 1335 3520 :
1356 3466 1501 3519 hunc
1521 3479 1698 3518 rerum
1720 3464 2004 3519 decursum
2030 3464 2112 3518 in-

552 3569 731 3627 tuens,
760 3559 919 3614 annis
956 3559 1031 3613 ita
1060 3557 1374 3613 distinctum
1400 3593 1418 3622 ,
1465 3565 1526 3610 ut
1574 3555 1932 3625 praecedentia
1971 3555 2111 3611 hanc

551 3660 766 3708 aetatem
792 3652 994 3715 omnia,
1023 3658 1292 3721 quotquot
1318 3647 1557 3714 fuerunt,
1585 3648 1786 3702 erroris
1815 3661 1998 3718 opera,
2031 3649 2110 3702 in-

555 3743 736 3799 fantiae
765 3753 816 3798 et
846 3743 1074 3798 rationis
1101 3741 1296 3812 inopiae
1329 3740 1734 3802 tribuerentur;
1763 3754 1863 3794 nec
1895 3754 2110 3794 sacrum

554 3835 755 3913 frustra
779 3832 1011 3890 Verbum
1037 3833 1231 3888 anima:
1252 3832 1490 3888 nondum
1513 3830 1734 3886 rationis
1761 3830 1994 3899 compoti
2015 3831 2114 3885 da-

554 3938 741 3996 retur;
784 3926 1012 3983 rationis
1041 3939 1170 3981 vero
1193 3924 1305 3995 jam
1348 3923 1570 3994 capaci,
1604 3922 1852 3992 quamvis
1886 3937 1993 3977 non
2025 3922 2106 3978 di-

555 4019 695 4074 viute
717 4031 972 4089 puraeque
997 4015 1224 4070 rationis
1244 4053 1263 4082 ,
1306 4023 1362 4068 at
1397 4013 1607 4068 timoris
1638 4021 1783 4067 certe
1813 4013 2108 4067 secundum

555 4109 698 4164 hanc
736 4108 1021 4172 rationem,
1059 4105 1206 4160 illius
1247 4116 1436 4174 expers
1477 4115 1586 4155 non
1611 4111 1784 4167 esset;
1822 4101 1915 4155 sed
1948 4100 2112 4156 simul

555 4217 682 4258 cum
705 4195 962 4267 humana,
993 4198 1173 4253 divina
1195 4208 1411 4266 quoque
1444 4193 1498 4247 in
1531 4207 1617 4246 me
1645 4191 1908 4262 inciperet
1935 4194 2108 4248 ratio:

554 4294 684 4348 dum
731 4292 847 4347 haec
883 4289 1099 4361 quidem
1151 4287 1440 4352 adjuvabat
1487 4292 1753 4354 potestate
1801 4283 1933 4338 mihi
1979 4297 2111 4338 sane

2215 459 2351 531 πρὸς
2388 462 2520 514 πᾶσι
2549 464 2660 524 τοῖς
2687 461 2864 526 ἄλλοις
2899 465 2992 517 καὶ
3034 463 3266 532 συνάψαι
3293 481 3360 533 με
3386 464 3464 534 τῷ
3488 465 3634 537 ἀνδρὶ
3660 469 3754 523 τού-

2213 565 2314 620 τῳ,
2341 549 2497 603 τοῦτο
2519 550 2582 621 δὴ
2606 551 2666 604 τὸ
2691 552 3216 620 κεφαλαιωδέπατον
3246 553 3482 619 πάντων,
3501 553 3753 627 ᾠκονομὴ-

2217 651 2365 701 σατο,
2383 636 2506 690 οὔτε
2533 639 2676 706 γένει
2695 640 2790 692 καὶ
2817 641 3006 711 αἵματί
3023 656 3110 710 μοι
3130 640 3453 713 ἀνθρωπίνῳ
3477 644 3583 697 τινὶ
3606 660 3752 716 προσ·-

2215 727 2447 798 ήκοντα,
2489 727 2613 783 οὔτε
2650 730 2820 795 ἄλλως
2849 730 3237 803 προσοικοῦντα
3257 772 3272 796 ,
3306 735 3339 804 ἢ
3380 735 3510 787 ὄντα
3536 735 3755 790 τινὰτῶν

2216 819 2632 893 πλησιοχώρων,
2675 822 2797 876 οὔτε
2841 823 2933 876 καὶ
2967 825 3199 894 ὁμοεθνῆ
3237 825 3372 888 ὅλως
3427 826 3616 897 (ταῦτα
3647 828 3701 899 δὴ
3722 831 3753 884 ἃ

2215 913 2488 982 πρόφασις
2535 915 2712 982 φιλίας
2754 916 2846 968 καὶ
2891 915 3134 980 ὲνώσεως
3162 920 3273 980 τοίς
3307 917 3519 983 πολλοῖς
3555 919 3655 973 τῶν
3676 921 3756 974 ἁν-

2217 1003 2447 1075 θρώπων
2468 1005 2730 1076 γίνεται),
2761 1007 2894 1062 ἀλλά
2923 1008 3188 1061 συνελόντι
3215 1010 3416 1076 εἰπεῖν,
3449 1009 3757 1079 ἁγνώστους,

2214 1095 2540 1166 ἀλλοτρίους,
2590 1097 3027 1170 ἀπεξενωμένους
3049 1139 3064 1162 ,
3119 1100 3357 1171 ἀλλήλων
3409 1102 3759 1173 ἀφεστηκότας

2215 1182 2491 1255 πάμπολυ,
2514 1185 2636 1240 ὅσον
2667 1188 2806 1258 μέσα
2831 1188 2954 1259 ἔθνη
2976 1189 3068 1242 καὶ
3087 1188 3185 1260 ὅρη
3209 1190 3302 1243 καὶ
3324 1192 3594 1260 ποταμοὺς
3616 1191 3760 1261 διείρ-

2214 1293 2301 1345 γει
2331 1278 2497 1348 ημᾶς,
2532 1277 2636 1330 ὑπὸ
2673 1278 2774 1348 τῆς
2816 1278 2962 1343 Θείας
3004 1280 3170 1346 ὅντως
3220 1281 3312 1334 καὶ
3357 1281 3528 1351 σοφῆς
3573 1299 3760 1353 προμη-

2216 1366 2362 1431 θείας
2397 1369 2477 1432 είς
2513 1369 2703 1422 ταυτὸν
2741 1369 2981 1438 ἀγαγὼν,
3034 1371 3134 1442 τὴν
3188 1372 3450 1443 σωτήριον
3499 1372 3618 1442 ὲμολ⁵
3651 1372 3761 1426 σύν-

2213 1457 2329 1512 οδον
2366 1457 2567 1530 ταύτην
2594 1461 3002 1532 ἐμηχανήσατο·
3051 1462 3254 1532 ἀνωθεν
3289 1463 3442 1516 τοῦτο
3469 1463 3762 1535 προμηθούο

2217 1568 2373 1622 μενος
2421 1545 2592 1621 οἶμαι,
2639 1554 2702 1608 ὲκ
2743 1553 2964 1626 πρώτης
3011 1556 3275 1623 γενέσεως
3317 1556 3411 1611 καὶ
3450 1557 3758 1628 ἀνατροφῆς.

2214 1645 2334 1708 Πῶς
2367 1643 2458 1705 δὲ,
2493 1645 2697 1717 μακρὸν
2735 1646 2800 1700 ἂν
2834 1648 2915 1719 εἴη
2952 1647 3223 1714 διεξιέναι,
3253 1648 3372 1719 οὐχ).
3399 1648 3762 1722 ἀκριϐολογου-

2143 1716 2186 1772 B
2218 1737 2361 1807 μένῳ
2407 1737 2561 1808 μόνον
2589 1716 2681 1791 καὶ
2712 1737 2875 1809 μηδὲν
2904 1716 3228 1810 παραλιπεῖν
3267 1716 3620 1812 πειρωμένῳ,
3654 1716 3756 1794 ἀλλ’

2216 1828 2264 1879 εἰ
2300 1828 2412 1892 καὶ,
2459 1828 2528 1881 τά
2566 1828 2732 1881 πολλά
2766 1829 2976 1900 παρεὶς,
3015 1828 3224 1900 ἀθρόως
3257 1829 3450 1897 ὀλίγων
3479 1829 3586 1885 τῶν
3609 1846 3765 1900 κεφα-

2214 1917 2612 1991 λαιωδεστέρων
2644 1919 2992 1990 μνημονεύειν
3032 1919 3364 1994 ἐθελήσαιμι.

2290 2104 2364 2158 Ε’.
2423 2103 2739 2175 Ἀνατροφαὶ
2768 2104 2876 2176 γὰρ
2907 2106 2960 2158 αἱ
2990 2103 3199 2172 πρῶται
3230 2104 3292 2158 ὲκ
3317 2103 3610 2173 γενέσεως,
3633 2098 3762 2175 ἦσαν

2213 2192 2317 2246 ὑπὸ
2355 2193 2598 2262 γονεῦσιο
2643 2194 2735 2246 καὶ
2765 2194 2982 2266 πάτρια
3014 2192 3108 2264 ἔθη
3133 2191 3201 2246 τὰ
3233 2191 3652 2263 πεπλανημένα·
3697 2187 3766 2247 ὧν

2213 2285 2357 2355 ἡμᾶς
2388 2283 2909 2355 ἐλευθερωθήσεσθαι
2947 2281 3070 2337 οὔτε
3117 2283 3272 2347 ἄλλος
3311 2278 3464 2354 οἶμαι
3519 2284 3766 2353 προσεδό-

2212 2392 2398 2446 κησεν,
2449 2376 2570 2428 οὔτε
2619 2375 2712 2429 καὶ
2756 2375 2878 2446 ἐμοὶ
2925 2374 3075 2439 ἐλπίς
3112 2391 3191 2439 τις
3216 2370 3284 2445 ἦν
3316 2374 3508 2444 παιδίῳ
3544 2375 3641 2445 μὲν
3665 2375 3767 2430 δντι

2211 2468 2303 2523 καὶ
2353 2468 2550 2539 ἀλόγῳ,
2605 2468 2708 2522 ὑπὸ
2762 2469 2928 2537 πατρὶ
2962 2467 3016 2521 δὲ
3063 2466 3426 2537 δεισιδαίμονι.
3486 2462 3618 2519 Εἶτα
3667 2483 3768 2520 πα-

2210 2558 2336 2631 τρὸς
2381 2557 2616 2630 ἀποϐολὴ
2661 2555 2754 2612 καὶ
2790 2558 3017 2626 ὀρφανία
3061 2559 3096 2628 ἢ
3137 2557 3200 2629 δή
3237 2556 3346 2628 (66)
3385 2573 3474 2627 μοι
3508 2558 3649 2628 τάχα
3682 2557 3769 2610 καὶ

2210 2649 2352 2722 ἀρχὴ
2393 2651 2494 2720 τῆς
2539 2649 2633 2703 τοῦ
2677 2648 2908 2720 ἀληθοῦς
2951 2648 3293 2716 ἐπιγνώσεως
3341 2643 3428 2720 ἦν.
3492 2646 3625 2701 Τότε
3667 2648 3768 2720 γὰρ

2212 2741 2424 2813 πρῶτον
2455 2741 2547 2795 ἐπὶ
2573 2742 2662 2794 τὸν
2687 2743 2946 2812 σωτήριον
2967 2738 3059 2794 καὶ
3077 2738 3246 2810 ἀληθῆ
3279 2737 3575 2810 μετετέθην
3595 2739 3765 2809 λόγον,

2209 2835 2308 2889 οὐκ
2331 2830 2427 2888 οἶδ’
2451 2835 2597 2897 ὅπως
2617 2871 2630 2898 ,
2658 2832 3166 2905 κατηναγκασμένος
3207 2831 3402 2902 μᾶλλον
3433 2831 3578 2903 ἤπερ
3613 2831 3766 2886 ἑκών.

2210 2926 2305 2989 Τίς
2342 2926 2448 2998 γὰρ
2480 2927 2598 2996 ἐμοὶ
2625 2927 2800 2998 κρίσις
2830 2922 2927 2996 ἦν,
2977 2924 3088 2978 ὄντι
3135 2924 3766 2996 τεσσαρεσκαιδεκαετεῖς

2210 3017 2354 3087 Πλὴν
2392 3017 2451 3082 ἐξ
2476 3016 2680 3070 ἐκείνου
2716 3035 2832 3081 πως
2876 3016 3158 3088 ἐπιδημεῖν
3207 3016 3304 3088 μέν
3337 3018 3476 3088 μοιὸ
3521 3015 3665 3087 ἱερὸς
3690 3018 3770 3071 ὅδε

2213 3108 2382 3175 Λόγος
2427 3107 2625 3178 ἤρξατο
2671 3107 2828 3170 εὐθὺς
2854 3147 2870 3173 ,
2900 3101 2988 3160 οἷα
3010 3109 3073 3179 δὴ
3116 3109 3237 3176 ἄρτι
3277 3107 3652 3180 πληρουμένου
3682 3107 3770 3161 τοῦ

2212 3198 2388 3251 κοινοῦ
2430 3199 2640 3252 πάντων
2675 3196 2972 3268 ἀνθρώπων
3014 3198 3170 3267 λόγου
3193 3241 3208 3266 ,
3265 3199 3524 3270 ἐπεδήμει
3553 3199 3596 3251 δ’
3629 3200 3772 3270 ὅμως

2211 3291 2328 3347 τότε
2358 3291 2590 3363 πρῶτον.
2644 3291 2706 3343 '0
2742 3291 2804 3361 δὴ
2835 3291 2928 3344 καὶ
2951 3293 3009 3345 οὐ
3037 3294 3256 3363 μικρὸν,
3285 3293 3332 3344 εί
3357 3293 3450 3345 καὶ
3483 3291 3557 3364 μὴ
3585 3292 3769 3352 πάλαι,

2211 3380 2304 3436 νῦν
2357 3381 2484 3450 γοῦν
2539 3381 2985 3451 ἀναλογιζόμενος
3024 3385 3182 3453 ςὲγὼ,
3241 3381 3502 3454 σύμόολον
3557 3383 3771 3454 τίθεμαι

2210 3474 2306 3544 τῆς
2333 3472 2481 3544 ἱερᾶς
2509 3472 2599 3526 καὶ
2621 3471 2934 3544 θαυμαστῆς
2953 3474 3077 3545 περὶ
3097 3474 3192 3544 ἐμὲ
3225 3471 3506 3545 Προνοίας,
3535 3471 3631 3543 τὴν
3648 3489 3771 3525 συν-

2211 3562 2413 3634 δρομὴν
2456 3563 2654 3634 ταύτην
2691 3563 2830 3617 οὕτω
2871 3566 2981 3628 τοῖς
3026 3563 3166 3616 ἔτεσι
3195 3562 3651 3634 διηριθμημένην,
3693 3562 3774 3615 ἵνα

2210 3655 2278 3709 τὰ
2337 3657 2431 3726 μὲν
2489 3655 2758 3724 φθάνοντα
2810 3655 2985 3710 πάντα
3028 3656 3181 3728 τήνδε
3235 3655 3330 3726 τὴν
3379 3655 3614 3726 ἡλικίαν.
3680 3655 3776 3708 ὅσα

2212 3745 2418 3816 πλάνης
2467 3739 2532 3817 ἦν
2580 3745 2742 3818 ἔργα,
2789 3748 3070 3818 νηπιότητι
3117 3747 3216 3799 καῖ
3252 3744 3438 3817 ἀλογίᾳ
3479 3746 3778 3816 παραδεδο-

2215 3837 2352 3908 μένα
2453 3853 2466 3867 °
2503 3837 2576 3910 μὴ
2618 3839 2790 3910 μάτην
2820 3839 2874 3892 δὲ
2901 3841 2928 3892 ό
2963 3839 3102 3909 ἱερὸς
3127 3837 3400 3908 παραδοθῇ
3435 3837 3605 3905 Λόγος
3629 3837 3776 3908 ψυχῇ

2209 3929 2418 3982 οὐδέπω
2461 3929 2689 4001 λογικῇ’
2748 3930 2934 4000 λογικῇ
2983 3929 3038 3982 δὲ
3096 3928 3196 3999 ἤδη
3245 3929 3508 4000 γενομένῃ
3559 3929 3697 3999 (67),
3732 3932 3778 3983 εἰ

2210 4019 2305 4073 καὶ
2348 4020 2421 4091 μὴ
2471 4020 2624 4088 λόγου
2669 4019 2812 4074 θείου
2867 4020 2960 4073 καὶ
3007 4018 3276 4092 καθαροῦ,
3325 4020 3486 4089 φόϐου
3516 4020 3652 4089 γοῦν
3685 4020 3778 4074 τοῦ

2211 4108 2348 4163 κατά
2383 4108 2471 4162 τὸν
2518 4108 2670 4176 λόγον
2716 4109 2886 4173 τόνδε,
2941 4111 3013 4182 μὴ
3065 4109 3265 4182 ἕρημος
3419 4111 3534 4163 ἀλλ’
3579 4114 3722 4183 ὁμοῦ
3754 4116 3780 4167 ὅ

2209 4215 2268 4253 τε
2297 4199 2629 4272 ἀνθρώπινος
2656 4203 2748 4254 καὶ
2776 4203 2804 4255 ό
2832 4199 2969 4265 θεῖος
3010 4202 3236 4273 ἄρξηται
3269 4204 3325 4255 ὲν
3359 4204 3482 4274 ἐμοὶ
3512 4203 3679 4274 λόγος
3701 4222 3716 4235 ⁵
3755 4207 3780 4258 6

2214 4291 2310 4361 μὲν
2353 4291 2558 4363 βοηθῶν
2588 4294 2653 4362 τῇ
2695 4290 2938 4363 άλέκτρῳ
2974 4289 3071 4361 μὲν
3115 4291 3256 4362 ἐμοὶ,
3308 4291 3481 4362 οἰκείᾳ
3527 4292 3583 4345 δὲ
3630 4294 3784 4364 αύτῷ

556 4381 951 4453 inexplicabili,
993 4377 1087 4436 sed
1116 4378 1288 4449 ipsius
1321 4377 1574 4447 propria;
1609 4375 1701 4429 illa
1730 4389 1859 4430 vero
1887 4374 2111 4442 adjuva-

2212 4378 2459 4452 δυνάμει·
2488 4381 2516 4434 ὁ
2561 4381 2616 4433 δὲ
2653 4379 3025 4450 βοηθούμενος.
3073 4382 3136 4432 Ὃ
3187 4380 3249 4450 δὴ
3273 4380 3649 4452 λογιζόμενον,
3695 4386 3785 4436 εύο

557 4475 736 4530 batur.
777 4472 932 4540 Quod
961 4485 1175 4526 mecum
1213 4469 1342 4523 dum
1375 4480 1586 4537 reputo,
1631 4467 1811 4521 laetitia
1851 4467 2014 4522 simul
2049 4481 2112 4522 ac

559 4567 755 4622 timore
784 4561 1121 4634 perfundor:
1149 4561 1304 4616 laetus
1343 4558 1546 4615 scilicet
1582 4567 1870 4629 provectu;
1915 4558 2112 4613 timens

559 4667 762 4721 autem,
793 4670 864 4709 ne
901 4653 1065 4708 tantis
1091 4651 1365 4706 beneficiis
1398 4650 1646 4712 aﬂ‘ectus,
1698 4664 1728 4703 a
1763 4648 1868 4703 line
1907 4648 2108 4702 nihilo-

560 4747 743 4802 minus
771 4744 1035 4799 aberrem.
1067 4740 1174 4797 Sed
1197 4741 1340 4796 enim
1370 4740 1554 4795 nescio
1602 4754 1711 4809 quo
1738 4748 1895 4808 pacto
1924 4738 1976 4791 in
2010 4738 2113 4793 hac

559 4846 742 4910 parte,
786 4837 914 4891 dum
964 4833 1334 4888 admirabilem
1386 4839 1585 4885 nostrae
1631 4831 1697 4884 ad
1745 4831 1890 4886 hunc
1935 4829 2111 4884 virum

559 4927 912 5002 profectionis
955 4918 1411 4995 dispensationem
1453 4937 1675 4978 narrare
1715 4924 1863 4990 libet,
1904 4921 2114 4991 longio-

564 5037 678 5078 rem
711 5034 920 5076 moram
963 5018 1097 5072 mihi
1142 5019 1309 5072 traxit
1342 5019 1517 5074 oratio
1545 5036 1557 5072 :
1591 5032 1712 5088 quae
1742 5018 1894 5086 prius
1930 5023 2109 5068 tamen

562 5113 648 5168 vel
689 5111 877 5182 paucis
919 5108 1097 5174 dictis,
1145 5107 1214 5163 ad
1259 5108 1375 5162 haec
1426 5108 1708 5177 sequentia
1760 5104 2108 5174 properabat;

636 5243 750 5314 (66)
785 5245 856 5299 Ἦ
881 5241 1007 5314 δή.
1039 5241 1396 5314 Ηῳεοὴοιίρε
1430 5238 1600 5314 edidit
1649 5239 1684 5308 ἦ
1738 5244 1862 5290 ante
1908 5236 2008 5307 δή,
2040 5244 2113 5314 _et

561 5305 662 5386 ἤδη
689 5305 935 5386 coniecit.
964 5305 1210 5386 Vossius,
1227 5309 1610 5386 ll;._(‘f_onjun_ge_,
1634 5305 1686 5361 et
1708 5305 2110 5386 mutaﬁlarmedia

564 5375 617 5439 in
645 5375 729 5455 δή,
756 5375 878 5456 rlége
905 5384 939 5454 ἦ
963 5383 1092 5454 ἥϐη.
1121 5375 1262 5456 Sane
1289 5381 1399 5456 ἥϐη
1424 5375 1616 5450 incipit
1638 5391 1780 5431 anno
1799 5375 2108 5456 aetatishxw,

565 5443 726 5524 quem
751 5443 939 5522 ipsum.
962 5443 1161 5507 a'nn'um
1185 5443 1475 5521 Gregorius
1510 5443 1634 5524 tito;
1673 5446 1938 5524 nominat:
1975 5443 2110 5500 Par-

567 5515 725 5577 ticula
764 5515 870 5592 γάρ
913 5524 1248 5592 subsequens
1277 5515 1330 5574 οἰ
1374 5535 1495 5592 quae
1537 5518 1793 5586 deinceps
1839 5515 2111 5592 adduntur

567 5585 854 5663 usquead
896 5585 1110 5646 οὐδέπω
1134 5591 1356 5663 λογικῇ,
1387 5585 1620 5663 aliquam
1659 5585 1771 5642 rem
1815 5585 2107 5663 postulant,

568 5658 689 5729 post
717 5661 1097 5730 disjunctivam
1125 5658 1217 5733 ῆι
1242 5658 1359 5732 quin
1384 5658 1704 5732 rcs'potius,
1742 5673 1902 5728 quam
1944 5658 2113 5730 ὀρφα-

2215 4473 2482 4542 φροσύνης
2510 4471 2641 4540 ὁμοῦ
2675 4471 2768 4522 καὶ
2794 4469 2944 4533 δέους
2979 4469 3311 4540 ἁναπίπλησί
3349 4488 3434 4540 με,
3467 4473 3782 4541 μεγαλυνό-

2217 4580 2373 4635 μενον
2401 4563 2494 4633 μὲν
2521 4563 2584 4631 τῇ
2616 4563 2929 4633 προαγωγῇ,
2965 4560 3289 4632 φοϐούμενον
3317 4561 3393 4626 δὲ,
3433 4563 3506 4634 μή
3535 4581 3643 4635 πη,
3687 4565 3785 4618 καὶ.

2212 4653 2461 4707 τοιούτων
2502 4652 2748 4717 ἀξιωθεὶς
2779 4651 2877 4705 τοῦ
2920 4652 3103 4716 τέλους
3133 4652 3330 4722 ὁμοίως
3361 4653 3566 4722 σφαλῶ.
3613 4656 3786 4708 Ἀλλὰ

2212 4746 2320 4815 γὰρ
2346 4745 2442 4797 οὐκ
2489 4739 2582 4796 οἷδ’
2615 4743 2761 4805 ὅπως
2800 4743 3113 4815 ὲνεϐράδυνέ
3165 4761 3251 4815 μοι
3276 4744 3409 4815 τῷδε
3432 4744 3512 4816 τῷ
3555 4747 3725 4818 μέρει
3759 4749 3789 4798 ό

2213 4836 2385 4904 λόγος,
2431 4834 2526 4905 τὴν
2573 4833 2888 4904 θαυμαστὴν
2939 4835 3244 4904 οἰκονομίαν
3293 4834 3426 4906 πρὸς
3466 4837 3558 4889 τὸν
3603 4838 3789 4908 ἄνδρα

2211 4924 2357 4978 τόνδε
2382 4924 2484 4995 ὁδῷ
2508 4923 2861 4996 διηγήσασθαι
2896 4924 3080 4989 θέλων,
3117 4925 3356 4980 σπεύδων
3381 4926 3439 4979 δὲ
3460 4928 3612 4997 ὅμως
3646 4930 3790 5000 πρό-

2210 5031 2365 5090 τερον
2410 5015 2504 5068 καὶ
2550 5014 3048 5086 βραχυλογούμενος
3078 5015 3170 5067 ἐπὶ
3202 5015 3325 5068 τάδε
3369 5017 3440 5068 τὰ
3481 5015 3641 5086 ἑξῆς,
3682 5019 3790 5086 οὐχ

2212 5100 2288 5168 ὡς
2328 5105 2598 5178 εὐφημίαν
2642 5104 2989 5176 ὀφειλομένην
3029 5103 3106 5176 τῷ
3149 5103 3318 5168 οὕτως
3358 5107 3790 5178 οἰκονομήσαντι

2212 5240 2320 5313 νία,
2342 5239 2598 5313 Gregorio
2621 5242 2865 5297 videatur
2886 5242 3096 5313 initium
3124 5243 3453 5313 agnoscendi
3483 5244 3600 5299 veri
3629 5255 3791 5313 attue

2211 5310 2339 5384 lisse
2365 5327 2376 5362 :
2421 5311 2595 5384 attulit
2625 5324 2800 5367 autem
2834 5312 2963 5384 ἤδη.
3004 5310 3198 5384 Νείλυᾷ
3227 5315 3379 5368 obest
3409 5313 3550 5384 τάχα
3571 5354 3585 5378 ,
3625 5331 3752 5384 quo

2211 5383 2263 5433 vi
2289 5380 2447 5450 ctymi
2481 5380 2724 5454 τάχιστα,
2757 5392 2816 5436 ut
2847 5380 2990 5454 μάλα
3018 5398 3083 5437 ex
3101 5380 3366 5454 μάλιστα,
3395 5380 3579 5453 potius
3621 5380 3788 5438 allii-—

2212 5457 2343 5512 mat,
2379 5463 2540 5517 quam
2571 5450 2878 5509 addubitat.
2894 5450 3126 5508 Βειιοειζ

2281 5519 2668 5643 ξξῖὲνέργικῇ
2723 5525 3026 5594 γενομένη.
3074 5523 3219 5594 Legit
3255 5521 3542 5593 Bengelius
3567 5521 3788 5593 λογικὴ

2211 5605 2496 5662 γενομενη.
