3988 6200
291 149 432 207 1065

1298 150 1363 205 IN
1402 150 1753 207 ORIGENEM
1792 146 2051 206 ORATIO
2089 151 2540 209 PANEGYRICA.

3386 160 3521 217 10ϋο

288 271 592 336 ἀποδιδοὺς,
623 270 654 341 ἢ
684 272 1032 343 εὐχαριστίαν
1062 274 1154 326 καὶ
1179 274 1459 327 εὐσέὸειαν
1483 274 1582 345 (μὴ
1605 275 1843 346 φορτικο)

1958 288 2067 327 non
2114 274 2272 343 quasi
2322 274 2533 329 debitas
2583 271 2770 327 laudes
2813 273 2859 326 ei
2908 274 3001 343 qni
3048 274 3127 331 sic
3168 274 3519 344 dispensavit,

290 358 394 427 μὲν
430 357 602 423 οὕτως
645 364 997 433 ὀνομάζοντες
1033 367 1149 435 μὲν,
1197 364 1347 430 ἄξιον
1374 367 1430 419 δὲ
1464 367 1711 435 λέγοντες
1759 369 1850 420 οὑ-

284 450 376 503 εέν
411 450 574 524 (68))’
609 454 725 509 ἀλλ’
757 456 833 520 ὠς
865 457 1113 528 διήγησιν
1149 460 1241 512 καὶ
1269 460 1575 530 ὁμολογίαν,
1612 462 1717 531 ἧτι
1747 462 1852 514 τῶν

286 546 709 618 ἐπιεικεστέρων
728 548 931 603 τούτων
947 551 1221 621 ὀνομάτων
1235 552 1550 623 ποιούμενος
1569 554 1700 625 (69).
1721 555 1854 607 Ἐδό-

284 650 377 689 κει
407 638 471 706 τῇ
506 637 642 710 μόνῃ
667 640 730 691 ἐκ
750 639 857 692 τῶν
882 642 1082 709 γονέων
1117 643 1371 714 κήδεσθαι
1402 644 1559 715 ἡμῶν
1588 646 1849 717 παραλει-

282 732 497 803 πομένῃ
528 733 712 803 μητρὶ,
750 734 798 786 τ’
828 734 961 787 ἄλλα
995 736 1499 807 ὲκπαιδευομένους,
1530 734 1617 793 οἷα
1660 740 1853 804 παῖδας

278 824 388 877 οὐκ
409 824 644 891 ἀγεννῶς
670 824 829 895 δῆθεν
855 827 945 879 καὶ
968 825 1168 894 φύντας
1195 829 1288 881 καὶ
1316 830 1698 901 τρεφομένους,
1734 850 1851 902 φοι-

278 918 386 987 τᾷν
420 917 511 969 καὶ
549 919 757 988 ῥήτορι,
782 918 856 982 ὡς
879 918 942 990 δὴ
987 922 1221 991 ῥήτορας
1244 922 1550 992 ἐσομένους.
1580 925 1688 977 Καὶ
1718 926 1851 997 δῆτα

280 1008 609 1079 ἐφοιτῶμεν.
646 1011 735 1062 καὶ
769 1012 1001 1082 ῥήτορας
1030 1012 1126 1081 μὲν
1154 1013 1250 1065 οὐκ
1276 1015 1354 1076 εἰς
1384 1017 1597 1087 μακρὰν
1636 1016 1851 1072 ἔσεσθαι

279 1102 434 1170 ἡμᾶς
486 1100 745 1171 ελεγονοί
790 1102 910 1157 τότε
969 1106 1241 1176 κρίνοντες
1285 1107 1486 1172 οὕτως’
1533 1110 1631 1163 οὐκ
1677 1111 1848 1179 ἔγωγε

276 1195 441 1247 τοῦτο
462 1195 639 1265 λέγειν
670 1195 791 1249 οὔτε
825 1193 959 1260 οἶδα,
990 1198 1101 1251 οὔτ’
1135 1199 1200 1252 ἂν
1234 1200 1520 1272 Θελήσαιμι
1542 1218 1554 1231 ⁸
1606 1203 1761 1271 λόγος
1792 1202 1848 1257 δὲ

276 1284 459 1349 οὐδεὶς
480 1280 547 1358 ἦν
566 1285 786 1351 τούτων,
816 1288 934 1341 οὐδέ
958 1307 1042 1353 τις
1069 1290 1336 1362 καταϐολὴ
1364 1293 1577 1345 οὐδέπω
1623 1296 1729 1347 τῶν
1754 1298 1850 1366 τῇ·

277 1375 341 1428 δε
372 1377 556 1447 φέρειν
588 1379 735 1448 ἡμᾶς
765 1376 1071 1449 δυναμένων
1112 1380 1319 1434 αἰτιῶν.
1363 1382 1522 1436 Ἀλλά
1550 1384 1658 1455 γὰρ
1684 1385 1849 1457 ἄγρυ-

278 1485 416 1531 πνος
456 1468 531 1522 ὣν
561 1472 589 1523 ό
619 1469 759 1533 θεῖος
800 1472 1140 1541 παιδαγωγὸς
1180 1476 1271 1527 καὶ
1313 1476 1516 1546 ἀληθὴς
1564 1478 1846 1548 κηδεμὼν,

275 1557 405 1612 οὔτε
430 1560 538 1613 τῶν
570 1562 781 1615 οἰκείων
812 1563 1223 1635 διανοουμένων,
1257 1566 1377 1620 οὔτε
1406 1569 1495 1621 καὶ
1520 1571 1650 1640 ἐμοῦ
1684 1572 1847 1625 αὐτοῦ

1958 365 2184 419 reddere
2211 380 2429 434 parans,
2457 373 2549 419 aut
2575 366 2868 434 gratiarum
2902 366 3187 431 actionem,
3224 377 3317 421 aut
3352 369 3523 437 pieta-

1958 465 2063 511 tem
2097 456 2187 526 (ne
2224 457 2514 525 importuni
2559 457 2733 511 simus
2764 457 2843 510 sic
2874 459 3229 525 appellantes,
3266 460 3519 530 dignum-

1955 562 2060 615 qne
2100 546 2234 601 nihil
2266 547 2601 617 afferentes);
2636 549 2728 601 sed
2768 556 3023 615 tanquam
3062 551 3358 619 simplicem
3392 568 3520 605 nar-

1954 641 2217 693 rationem
2231 640 2739 712 confessionemque
2765 644 3073 712 autaliquid
3095 644 3398 713 hujusmodi
3428 646 3523 700 hu-

1954 730 2226 785 miliorum
2263 732 2543 787 nominum
2565 733 2870 792 instituens.
2894 735 3080 792 Visum
3097 746 3179 791 est
3201 738 3272 801 ei,
3289 752 3411 806 qua:
3428 752 3520 791 so-

1953 823 2000 876 la
2015 824 2406 893 exparentibus
2424 834 2716 895 superstes,
2737 842 2922 881 curam
2942 830 3113 883 nostri
3144 830 3381 899 gerebat,
3403 844 3520 882 ma-

1954 916 2042 981 tri,
2071 925 2128 970 ut
2157 916 2531 972 aliisimbutus
2553 918 2764 982 litteris,
2805 920 3004 989 quibus
3027 922 3179 989 pueri
3212 920 3385 976 solent
3411 936 3519 975 non

1953 1008 2184 1062 obscure
2222 1008 2331 1063 nati
2364 1019 2459 1063 aut
2490 1011 2725 1077 educati,
2756 1013 2820 1065 ad
2854 1012 3123 1067 rhetorem
3166 1013 3329 1068 etiam
3364 1026 3522 1067 acccc

1952 1100 2223 1163 deremus,
2262 1109 2519 1171 tanquam
2558 1102 2804 1158 rhetores
2835 1103 3023 1157 futuri.
3071 1103 3136 1157 Et
3163 1104 3378 1174 quidem
3413 1104 3521 1160 fre-

1953 1191 2369 1261 quentabamus,
2408 1192 2761 1263 rhetoresquc
2793 1212 2893 1249 nos
2930 1196 3079 1250 brevi
3125 1195 3340 1253 futuros
3367 1199 3517 1253 dice-

1951 1282 2101 1345 bant,
2133 1283 2225 1351 qni
2265 1292 2378 1336 tum
2421 1282 2492 1335 ita
2528 1283 2861 1352 judicabant.
2912 1286 3024 1341 Hoc
3052 1303 3181 1342 vero
3210 1304 3311 1357 ego
3340 1289 3522 1344 dicere

1952 1390 2052 1428 nec
2086 1376 2306 1440 scirem,
2342 1391 2440 1430 nec
2466 1378 2656 1431 vellem
2693 1394 2704 1429 :
2742 1379 2880 1433 ratio
2909 1380 3106 1449 quippe
3146 1380 3337 1434 horum
3371 1383 3515 1434 nulla

1950 1476 2099 1532 erat;
2150 1483 2247 1521 nec
2294 1467 2704 1524 fundamentum
2748 1473 2927 1527 adhuc
2980 1473 3149 1526 ullum
3202 1489 3513 1538 causarum,

1950 1575 2070 1629 quae
2104 1560 2208 1615 huc
2235 1562 2432 1616 ducere
2471 1579 2570 1616 nos
2607 1572 2845 1632 possent.
2887 1564 2990 1617 Sed
3034 1565 3255 1635 pervigil
3301 1565 3389 1619 ille
3428 1565 3513 1619 di-

277 1650 751 1723 προθυμουμένου,
789 1655 949 1724 ἐπῆν,
984 1656 1269 1727 συμϐαλών
1303 1658 1411 1729 (70)
1446 1678 1545 1713 τινι
1580 1660 1685 1712 τῶν
1706 1646 1843 1731 ἐμῶν

1956 1648 2111 1703 vinus
2139 1649 2483 1721 pzedagogus,
2515 1668 2786 1722 verosque
2812 1663 3049 1718 curator,
3077 1670 3174 1707 nec
3200 1656 3517 1709 domesticis

276 1743 621 1798 διδασκάλων
652 1744 847 1815 (ἄλλως
874 1746 969 1817 τὴν
1004 1749 1285 1819 Ῥωμαίων
1314 1751 1493 1821 φωνὴν
1514 1752 1852 1807 ὲκπαιδεύειν

280 1850 352 1904 με
389 1835 832 1906 πεπιστευμένῳ,
877 1838 975 1890 οὐκ
1001 1838 1075 1901 ὡς
1107 1841 1192 1891 ἐπ’
1227 1841 1392 1912 ἀκρον
1420 1842 1634 1912 ἥξοντα,
1680 1844 1754 1907 ὡς
1796 1839 1852 1899 δὲ

282 1924 360 1995 μὴ
384 1924 610 1995 ἄπειρος
644 1926 760 1996 εἵην
798 1928 972 1997 πάντη
1007 1930 1099 1981 καὶ
1128 1930 1286 2001 τῆσδε
1316 1930 1413 2002 τῆς
1450 1934 1630 2005 φωνῆς
1650 1951 1663 1963 ’
1697 1935 1850 2005 ἔτυχε

276 2015 640 2086 δὲνόμωνοὺκ
660 2018 882 2091 ἄπειρος
900 2019 1020 2090 ὢν),
1060 2020 1341 2093 τοῦτο(71)
1379 2024 1469 2076 ἐπὶ
1501 2024 1621 2078 νοῦν
1652 2024 1847 2096 βαλὼν,

278 2108 658 2180 προὺτρέψατό
696 2127 761 2180 με
806 2107 872 2163 δι’
911 2110 1072 2165 αὑτοῦ
1118 2113 1225 2165 τῶν
1269 2112 1549 2185 Ῥωμαίων
1583 2117 1852 2186 ἐκμανθά-

275 2214 394 2251 νειν
438 2199 659 2270 νόμους.
708 2196 816 2253 Καὶ
846 2202 1091 2272 λιπαρῶς
1121 2220 1183 2272 γε
1218 2204 1373 2257 τοῦτο
1422 2206 1590 2261 ἐποίει
1639 2210 1667 2261 ό
1714 2210 1851 2283 ἀνὴρ

276 2292 504 2358 ἐκεῖνος,
540 2290 695 2360 κάγὼ
732 2292 829 2363 μέν
853 2308 934 2347 τοι
964 2294 1277 2366 ἐπειθόμην,
1311 2297 1494 2369 τάνδρὶ
1529 2300 1723 2369 μᾶλλον
1756 2318 1851 2371 χα-

281 2383 564 2454 ριζόμενος
609 2384 753 2455 ἥπερ
786 2384 884 2455 τῆς
931 2385 1127 2457 τέχνης
1157 2388 1393 2460 ἐραστὴς
1423 2389 1516 2443 ὢν.
1582 2391 1637 2445 Ὀ
1676 2390 1733 2444 δέ
1782 2410 1850 2463 με

274 2472 456 2526 λαϐὼν
499 2474 795 2545 ἀκροατὴν,
838 2477 1134 2548 φιλοτίμως
1178 2479 1276 2550 μὲν
1308 2480 1577 2536 διδάσκειν
1620 2485 1845 2557 ήρχετοο

276 2564 647 2633 ἐπεφθέγξατο
680 2566 791 2639 (72)
840 2566 897 2621 δέ
933 2584 1006 2633 τι,
1054 2570 1082 2623 ὃ
1117 2588 1207 2639 μοι
1255 2571 1593 2643 ἀληθέστατα
1634 2578 1847 2632 πάντων

279 2658 616 2731 ἀποϐέϐηκε,
645 2660 899 2731 μέγιστον
932 2662 1149 2716 ἔσεσθαί
1174 2680 1261 2734 μοι
1284 2665 1489 2734 ἐφόδιον
1542 2666 1717 2737 (τοῦτο
1738 2668 1846 2742 γὰρ

280 2750 518 2823 τοῦνομα
562 2754 764 2820 ἐκεῖνος
794 2754 1117 2826 ὠνόμασεν),
1158 2757 1266 2810 εἴτε
1309 2775 1391 2822 τις
1426 2761 1606 2832 ῥήτωρ
1648 2761 1753 2814 τῶν
1789 2765 1846 2815 ὲν

274 2846 396 2908 τοῖς
437 2844 801 2917 δικαστηρίοις
840 2846 1277 2919 ἀγωνιουμένωῆ
1311 2853 1418 2903 εἴτε
1458 2853 1550 2905 καὶ
1582 2853 1735 2918 ἄλλος
1764 2871 1845 2920 τις

277 2929 419 2987 εἶναι
471 2935 793 3008 Θελήσαιμι,
842 2938 940 3009 τὴν
977 2940 1210 3012 μάθησιν
1254 2942 1361 2997 τῶν
1408 2943 1603 3016 νόμων.
1652 2938 1710 2999 '0
1747 2948 1845 3017 μὲν

276 3026 450 3091 οὕτως
492 3028 890 3098 ἀπεφθέγξατο,
937 3033 1124 3085 τείνων
1171 3036 1249 3099 εἰς
1291 3035 1357 3087 τά
1403 3035 1715 3108 ἀνθρώπινα
1756 3039 1843 3091 τόν

274 3116 467 3185 λόγον’
506 3119 629 3189 ἐμοὶ
666 3119 710 3172 δ’
762 3121 999 3192 ἀτεχνῶς
1046 3123 1150 3176 ὑπό
1182 3141 1282 3177 τινι
1338 3124 1583 3199 θειοτέρα
1638 3130 1846 3202 ἐπινοίᾳ

276 3210 645 3279 ἀποφοιῶσαι
681 3210 792 3283 (73)
827 3212 974 3267 δοκεῖ
1004 3214 1102 3276 τῆς
1125 3216 1288 3269 αὑτοῦ
1318 3214 1654 3289 ὑπολήψεως.
1693 3221 1843 3274 Ἐπεὶ

276 3303 388 3374 γὰρ
446 3304 870 3379 ὲξεπαιδευόμην
924 3306 1063 3360 ἑκὼν
1116 3307 1209 3362 καὶ
1268 3309 1413 3363 ἄκων
1468 3313 1592 3375 τοὺς
1649 3312 1843 3383 νόμους

273 3392 487 3457 τούσδε,
516 3394 705 3465 δεσμοὶ
742 3394 841 3466 μέν
875 3414 990 3460 πως
1021 3396 1119 3468 ἤδη
1154 3394 1549 3471 κατεὸἐόληντο
1572 3400 1663 3453 καὶ
1696 3402 1845 3455 αίτία

273 3484 373 3538 καὶ
400 3486 621 3558 ἀφορμὴ
652 3489 747 3559 τῆς
782 3490 872 3543 ἐπὶ
906 3490 1028 3544 τάδε
1064 3490 1205 3554 ὁδοῦ,
1235 3493 1266 3561 ἡ
1302 3490 1410 3543 τῶν
1447 3491 1721 3563 Βηρυτίων
1747 3492 1843 3546 πό-

273 3573 395 3642 λις·
430 3579 463 3648 ἡ
515 3578 570 3631 δὲ
628 3580 689 3632 οὐ
738 3581 951 3653 μακρὰν
985 3581 1295 3652 ἀποχέουσα
1324 3582 1432 3649 (74)
1478 3582 1584 3635 τῶν
1614 3583 1845 3637 ἐνταῦθα

273 3670 435 3735 πόλις
489 3672 911 3744 Ῥωμαῖκωτέρα
954 3686 1092 3739 πως,
1129 3674 1223 3727 καὶ
1266 3674 1374 3726 τῶν
1420 3675 1598 3745 νόμων
1641 3671 1842 3728 τούτων

274 3759 416 3817 εἶναι
452 3765 796 3820 πιστευοεῖσα
842 3767 1241 3839 παιδευτήριον.
1271 3766 1373 3821 Τὸν
1404 3764 1449 3819 δ’
1482 3767 1623 3837 ἱερὸν
1658 3768 1844 3821 τοῦτον

275 3856 448 3926 ἄνδρα
481 3857 544 3909 ὲκ
574 3856 674 3927 τῆς
705 3858 977 3927 Αἰγύπτου
1014 3858 1146 3927 (75),
1194 3859 1258 3911 ὲκ
1303 3859 1399 3929 τῆς
1457 3858 1841 3930 Ἀλεξανδρέων

276 3948 507 4013 πόλεως,
546 3949 671 4003 ἔνθα
700 3950 797 4021 τὴν
829 3952 1010 4004 ἑστίαν
1051 3950 1187 4021 ἔχων
1221 3950 1375 4023 ἔτυχε
1409 3952 1669 4026 πρότερον
1692 3993 1705 4017 ,
1748 3954 1840 4007 καὶ

277 4040 443 4093 αὐτὸν
498 4040 667 4094 ἐκίνει
722 4042 816 4096 καὶ
862 4044 1154 4115 μετανίστη
1205 4046 1297 4098 ἐπὶ
1336 4044 1452 4097 τόδε
1500 4044 1561 4097 τὸ
1609 4045 1837 4117 χωρίον,

276 4132 467 4206 ὥσπερ
523 4135 898 4205 ἀπαντήσονται
950 4137 1103 4205 ἡμῖν,
1150 4135 1310 4208 ἕτερα
1361 4136 1676 4208 πράγματα.
1729 4139 1841 4192 Οὐκ

276 4225 456 4294 ἔγωγε
496 4222 585 4278 καὶ
616 4226 789 4279 ταῦτα
815 4227 1228 4296 αίτιολογεϊσθαι
1257 4227 1377 4282 οὔτε
1407 4227 1540 4295 οἶδα,
1585 4233 1678 4288 κα).
1703 4233 1840 4286 ἑκὼν

276 4319 424 4389 παρή
436 4335 508 4369 σω
527 4333 540 4347 ·
570 4316 629 4371 οὐ
660 4316 762 4389 μὴν
787 4318 899 4370 ἀλλ’
926 4312 1141 4388 οΰπωγε
1161 4321 1259 4391 τῆς
1280 4321 1462 4375 ἐνθάδε
1496 4341 1582 4394 μοι
1604 4324 1838 4394 ἀφίξεως

276 4409 375 4463 καὶ
418 4408 514 4479 τῆς
571 4409 705 4481 πρὸς
755 4408 845 4463 τὸν
894 4410 1063 4481 ἄνδρα
1112 4412 1425 4484 συμπλοκῆς
1463 4414 1615 4468 οὐδὲν
1664 4416 1836 4481 οὕτως

354 4604 465 4677 (68)
510 4603 606 4673 Μὴ
647 4604 998 4678 φορτικοὶ...
1021 4604 1193 4678 ἄξιον
1225 4606 1293 4660 δὲ
1328 4608 1605 4678 λέγοντες
1637 4611 1832 4665 οὐδέν.

272 4674 373 4732 Λᾶ
392 4674 680 4746 utrumque
698 4675 795 4747 μέν
813 4674 1044 4730 refertur
1068 4677 1148 4748 δέ,
1168 4678 1333 4748 altera
1367 4674 1591 4748 apodosi
1614 4682 1836 4737 alteram

275 4742 609 4821 absorbente
643 4762 655 4797 :
692 4742 748 4801 et
791 4747 1226 4821 subaudiendum
1267 4744 1382 4821 εἷεν
1402 4742 1499 4803 ’νει
1530 4742 1701 4821 ὦμεν,
1732 4754 1834 4807 nisi

274 4820 457 4888 ipsum
494 4810 641 4887 ὦμεν
676 4832 775 4888 pro
809 4817 905 4886 μέν
934 4817 1111 4886 priore
1154 4817 1273 4874 loco
1304 4819 1386 4872 vel
1426 4810 1722 4888 posteriore
1756 4832 1838 4877 est

274 4887 670 4961 reponendum.
717 4887 808 4961 Μή
858 4903 963 4961 non
1014 4888 1227 4961 videtur
1266 4887 1464 4961 habere
1512 4891 1619 4945 vim
1661 4893 1839 4961 prohi-

274 4958 457 5019 bendi,
475 4960 565 5011 sed
592 4958 923 5020 cnncedendi,
952 4971 1015 5011 ac
1037 4959 1263 5025 proinde
1294 4959 1623 5015 reddendum
1651 4958 1709 5014 ut
1734 4979 1837 5015 non

272 5028 489 5102 di_cam;
540 5027 631 5082 ubi
680 5027 733 5081 id
787 5028 930 5096 quod
979 5027 1155 5102 majus
1201 5036 1302 5095 est,
1357 5031 1611 5102 quodque
1656 5032 1834 5102 ipsum

273 5098 547 5170 affirmare
586 5106 928 5170 poteramus,
958 5098 1282 5170 omittimus,
1314 5108 1372 5154 ut
1396 5101 1448 5153 id
1477 5098 1621 5170 quod
1654 5098 1835 5158 minus

270 5178 379 5238 est,
409 5165 606 5235 majori
630 5168 755 5236 jure
788 5165 1133 5222 aliirmemus.
1171 5165 1510 5238 Periphrasis
1538 5182 1656 5228 esto
1678 5174 1793 5230 haec
1822 5193 1833 5228 :

276 5236 540 5292 Veremur
570 5253 636 5292 ne
668 5238 841 5309 simus
868 5237 1133 5309 φορτικοί,
1176 5240 1221 5294 si
1254 5236 1490 5296 nostram
1537 5244 1833 5299 orationem

271 5308 649 5387 appellemus-
671 5308 869 5387 grandi
922 5310 1217 5387 vocabulo,
1248 5311 1568 5387 εὐφημίαν,
1614 5316 1834 5387 εὐχαριο

272 5379 451 5456 στίαν,
488 5377 789 5431 εὐσέϐειαν.
836 5377 941 5456 sed
966 5380 1085 5456 fac,
1119 5396 1217 5435 nos
1243 5377 1366 5456 ideo
1396 5377 1497 5456 rion
1538 5377 1659 5456 esse
1676 5377 1835 5456 ’φορ-

269 5448 487 5525 τικούς,
540 5457 597 5525 at
640 5456 786 5525 certe
834 5450 909 5525 nil
965 5450 1048 5525 his
1105 5451 1551 5525 appellationibus
1612 5448 1832 5525 dignn'm

272 5519 437 5591 habet
466 5521 659 5591 oratio.
693 5518 946 5573 Eamdern
982 5524 1087 5573 vim
1122 5518 1261 5591 apud
1291 5522 1513 5579 Latinos
1554 5518 1713 5580 habC-t
1748 5541 1831 5588 ne,

272 5590 357 5643 Vel
382 5600 441 5643 ut
467 5606 590 5644 non.
620 5588 850 5643 BENGBL.

598 5682 863 5745 ΡΑτιιοι.
908 5686 1020 5745 Gn.
1061 5687 1138 5745 Χ.

1952 1738 2344 1809 cogitantibus,
2411 1756 2510 1796 nec
2579 1758 2664 1797 me
2708 1745 2851 1812 ipso
2899 1745 3269 1808 desiderante,
3320 1746 3512 1811 adfuit,

1952 1831 2165 1885 cuidam
2194 1847 2487 1902 suggerens
2514 1848 2578 1888 ex
2611 1834 2745 1890 meis
2771 1836 3068 1904 magistris,
3095 1838 3184 1905 qni
3214 1833 3514 1891 Romanam

1951 1920 2189 1991 linguam
2221 1925 2415 1981 docere
2443 1926 2731 1994 mejussus
2763 1934 3030 1992 erat,non
3058 1934 3117 1980 ut
3142 1927 3209 1980 ad
3240 1941 3512 1981 summum

1951 2014 2070 2083 ejus
2121 2017 2334 2072 culmen
2384 2018 2768 2087 pertingerem,
2821 2017 2917 2073 sed
2972 2032 3041 2071 ne
3088 2018 3238 2073 rudis
3289 2034 3515 2087 prorsus

1954 2107 2283 2178 ignarusque
2328 2108 2489 2179 hujus
2533 2110 2731 2178 lingua:
2774 2111 2944 2166 forem
2990 2128 3002 2164 :
3050 2120 3169 2166 erat
3209 2120 3388 2166 autem
3428 2113 3515 2166 ille

1951 2198 2129 2269 legum
2169 2217 2277 2255 non
2313 2202 2614 2271 imperitus.
2643 2199 2821 2267 Quare
2851 2203 2952 2257 hoc
2985 2203 3039 2256 in
3070 2204 3311 2257 animum
3352 2204 3512 2258 indu.

1952 2306 2108 2355 cens,
2151 2303 2341 2348 auctor
2387 2294 2517 2347 mihi
2561 2292 2662 2346 fuit
2706 2306 2764 2348 ut
2812 2294 2927 2363 ipso
2970 2295 3195 2348 docente
3241 2294 3513 2349 Romanas

1952 2384 2095 2453 leges
2133 2384 2487 2439 addiscerem.
2543 2387 2620 2439 Ac
2660 2385 2817 2439 enixe
2852 2385 3069 2454 quidem
3118 2386 3169 2438 id
3212 2386 3403 2453 agebat
3432 2386 3515 2438 vir

1951 2475 2074 2539 ille;
2108 2490 2208 2544 ego
2247 2491 2376 2530 vero
2409 2476 2598 2545 parui,
2641 2476 2783 2530 ultro
2815 2476 2995 2544 potius
3026 2476 3357 2545 gratificandi
3399 2488 3514 2530 stn-

1948 2566 2057 2630 dio,
2091 2582 2254 2635 quam
2286 2568 2427 2637 quod
2463 2569 2595 2623 artis
2622 2569 2741 2638 ejus
2777 2578 2989 2622 amator
3019 2584 3215 2631 essem.
3254 2566 3355 2633 Qui
3387 2584 3511 2622 cum

1949 2661 2247 2715 auditorem
2283 2678 2369 2716 me
2400 2662 2761 2731 suscepisset,
2794 2662 3037 2716 studiose
3062 2663 3257 2716 docere
3286 2677 3370 2715 me
3401 2677 3513 2715 eme

1947 2751 2046 2821 pit.
2100 2750 2366 2817 Quiddam
2410 2760 2588 2806 autem
2621 2752 2814 2807 effatus
2843 2761 2946 2817 est,
2978 2751 3122 2820 quod
3170 2752 3298 2805 mihi
3336 2753 3511 2821 reipsa

1946 2843 2290 2898 verissimum
2334 2844 2544 2899 evasit:
2581 2846 2879 2899 maximum
2925 2844 3133 2898 scilicet
3166 2845 3297 2898 mihi
3337 2846 3499 2898 viati-

1947 2949 2071 2989 cum
2106 2934 2229 3004 (hoc
2267 2935 2409 2989 enim
2442 2936 2661 2990 nomine
2695 2935 3021 3005 appellabat)
3055 2935 3228 3005 legum
3263 2935 3377 2991 fore
3428 2938 3511 2991 di-

1946 3025 2264 3094 sciplinam,
2309 3040 2404 3079 seu
2450 3023 2635 3079 rhetor
2666 3025 2933 3095 quispiam
2971 3040 3036 3080 ex
3082 3026 3148 3078 iis
3180 3027 3273 3095 qui
3304 3028 3358 3080 in
3394 3026 3512 3081 foro

1945 3128 1998 3171 et
2044 3117 2411 3171 tribunalibus
2467 3117 2833 3183 contendunt,
2891 3132 2986 3171 seu
3034 3117 3173 3172 alius
3218 3119 3341 3187 quis
3391 3134 3512 3173 esse

1944 3210 2154 3264 vellem.
2194 3209 2285 3265 Sic
2326 3209 2490 3280 igitur
2530 3210 2618 3265 illa
2645 3211 2835 3266 effatus
2860 3220 2962 3275 est,
2995 3211 3063 3264 ad
3089 3212 3322 3266 humana
3355 3228 3511 3269 suam

1946 3300 2230 3355 intendens
2281 3298 2580 3353 orationem
2626 3318 2641 3354 ε
2683 3300 2815 3354 mihi
2847 3315 2972 3354 vero
3015 3301 3301 3365 diviniore,
3346 3317 3508 3372 quam

1944 3393 2187 3460 putabat,
2229 3394 2410 3447 alllatu
2451 3392 2686 3463 quodam
2742 3392 2855 3446 btec
2897 3392 3221 3447 vaticinatus
3266 3394 3506 3449 videtur.

1944 3483 2237 3553 Postquam
2272 3485 2415 3539 enim
2445 3485 2631 3538 volens
2694 3484 2881 3538 nolens
2916 3483 3000 3538 bis
3032 3484 3238 3554 legibus
3264 3488 3511 3541 eruditus

1944 3573 2043 3641 fui,
2094 3590 2218 3628 mox
2264 3575 2521 3643 injectum
2562 3583 2645 3629 est
2690 3574 2849 3644 quasi
2886 3574 3163 3628 vinculum
3214 3576 3508 3643 quoddam,

1942 3675 1996 3721 et
2034 3682 2199 3720 causa
2241 3674 2403 3736 atque
2450 3666 2667 3721 occasio
2697 3666 2763 3719 ad
2809 3666 2904 3719 has
2947 3680 3071 3720 oras
3102 3667 3384 3733 veniendi,
3432 3669 3509 3721 ci-

1944 3758 2081 3812 vitas
2128 3756 2464 3830 Berytiorum
2513 3772 2526 3808 :
2562 3772 2623 3811 ea
2682 3772 2809 3810 vero
2854 3772 2959 3810 non
3004 3758 3189 3826 procul
3233 3759 3360 3813 hinc
3403 3761 3507 3814 sita

1942 3850 2133 3905 civitas
2174 3860 2255 3905 est
2285 3849 2511 3904 Romani
2537 3849 2698 3919 juris,
2729 3849 2921 3902 harum
2975 3850 3151 3920 legum
3201 3852 3507 3905 communis

1942 3941 2127 3996 schola
2172 3950 2226 3995 et
2270 3941 2617 3995 auditorium.
2682 3939 2911 3994 Sacrum
2960 3955 3087 3994 vero
3138 3942 3281 3995 hunc
3329 3942 3505 3996 virum

1944 4032 2013 4085 ab
2034 4029 2268 4102 [Egypto
2310 4030 2377 4085 ab
2402 4030 2894 4085 Alexandrinorum
2947 4030 3099 4095 urbe,
3154 4030 3207 4083 in
3255 4046 3360 4100 qna
3409 4032 3507 4085 do-

1943 4122 2204 4176 micilium
2257 4122 2408 4191 prius
2460 4121 2716 4185 habebat,
2774 4121 2826 4174 in
2880 4120 3025 4175 hunc
3082 4120 3280 4187 locum,
3342 4123 3503 4177 veluti

1942 4214 2099 4269 nobis
2131 4228 2487 4268 occursurum
2526 4228 2614 4267 res
2651 4213 2769 4267 aliae
2803 4212 3087 4267 trahebant
3122 4222 3177 4268 et
3215 4214 3507 4269 transfere-

1870 4324 1913 4380 ο
1942 4306 2086 4360 bant.
2123 4302 2306 4374 Neque
2336 4319 2437 4375 ego
2465 4319 2595 4358 sane
2624 4303 2816 4357 horum
2848 4319 3069 4358 causam
3108 4304 3331 4359 reddere
3356 4306 3503 4373 novi,

1942 4396 2307 4467 libentiusque
2336 4395 2655 4467 prateribo;
2690 4406 3064 4451 verumtamen
3096 4397 3335 4451 nondum
3369 4399 3503 4452 mihi
3540 4448 3545 4453 ,

2162 4606 2541 4684 Ποιούμενος.
2575 4611 2916 4684 llmschelius
2948 4611 3271 4684 ποιούμενοι,

2038 4680 2139 4759 70)_
2172 4680 2377 4749 Ἑπῆν,
2419 4681 2760 4759 συμδαλών.
2818 4683 2939 4736 Ἐπὶ
2987 4680 3117 4738 νοῦν
3159 4684 3334 4753 βαλών
3376 4687 3503 4759 legit

1941 4753 2322 4814 Casaubonus,
2356 4754 2598 4820 utpaqu
2632 4762 2774 4820 post.

2009 4824 2121 4893 (Ἠ)
2166 4820 2881 4895 Τρῦτοεβεηεθυὺημτούτῳ,

2010 4892 2122 4963 (7'2)
2174 4892 2619 4960 Ἐπεφθέγξατο.
2642 4892 3064 4963 Ἀπεφῡέγξατο,
3098 4904 3157 4950 ιιι
3187 4908 3331 4951 mox.
3367 4895 3505 4952 BEN-

1975 4981 2059 5018 ΕΙ..

1940 4980 2121 5115 ὕΕξίίὸ)
2172 5029 2603 5115 Ἀποξςοιόἀσαι.
2656 5031 2983 5115 Hesychius:
3035 5032 3503 5115 φοιὸἀζειέμανά

1938 5105 2174 5158 τεύεται·
2193 5102 2581 5174 Αφοιϐάναι.....
2615 5102 3076 5174 μαντεύσασθαιιζ.
3106 5103 3197 5156 καὶ
3226 5102 3502 5174 φοιϐ-ἀσαι,

1938 5176 2154 5247 ὁμοίως.
2191 5172 2289 5247 Ubi
2316 5175 2437 5229 vide
2476 5174 2551 5229 sis
2589 5172 2928 5229 eruditorum
2964 5187 3120 5229 notas
3147 5175 3287 5242 apud
3331 5172 3503 5228 Joan-

1940 5245 2060 5300 nem
2083 5245 2307 5297 Alberti.

2009 5313 2122 5384 (74)
2174 5312 2554 5383 Ἀποχέουσα.
2593 5312 2951 5377 llmschelius,
2995 5314 3290 5384 ἀπέχουσα.
3326 5312 3503 5367 (ἔπειθέ

1940 5382 2058 5439 rum
2104 5382 2280 5454 ἀποχὴ
2310 5382 2487 5439 etiam
2523 5386 2833 5439 distantiam
2880 5382 3167 5454 significat.
3206 5382 3281 5436 Ex
3308 5400 3374 5438 eo
3403 5398 3506 5439 ali-

1940 5466 2044 5508 tem
2080 5470 2147 5525 an
2173 5452 2356 5525 valeat
2384 5454 2622 5525 ἀποχέω,
2659 5452 2951 5507 videndum
2978 5465 3079 5508 est.
3125 5452 3355 5507 BENOEL.

2011 5524 2120 5596 (75)
2170 5524 2260 5596 Ἐκ
2292 5523 2400 5591 τῆς
2427 5523 2747 5593 Αἰγύπτου.
2817 5525 2908 5577 Ἐκ
2951 5526 3075 5596 γῆς,
3119 5526 3247 5593 quia
3286 5524 3504 5579 additur

1941 5594 2164 5655 πόλεως.
2202 5594 2279 5645 lo.

3143 5688 3220 5749 3h
