3988 6200
355 281 382 332 1
391 276 497 332 069

1350 274 1417 330 ΙΝ
1453 274 1803 332 ORIGENEM
1839 273 2095 332 ORATIO
2133 276 2590 340 PANEGYRICA.

3425 285 3570 342 1070

351 407 506 455 τινας
539 391 761 463 ἀγρίους
789 391 822 461 ἢ
865 392 1070 463 ἰχθύας,
1102 394 1136 463 ἥ
1171 410 1318 458 τινας
1356 393 1552 466 ὄρνεις,
1581 394 1901 464 ἐμπεσόντας

2017 405 2273 466 agrestes,
2305 405 2400 452 aut
2422 397 2620 468 pisces,
2650 403 2746 451 aut
2769 411 2918 460 aves,
2947 396 3002 451 in
3044 399 3178 453 retia
3201 397 3284 454 vel
3312 414 3568 471 sagenam

357 483 458 554 μὲν
490 485 569 547 είς
601 487 701 547 τὰς
727 485 898 554 ἄρκυς
925 486 958 557 ἢ
993 487 1072 549 είς
1109 486 1208 549 τάς
1237 487 1496 558 σαγήνας,
1530 485 1910 550 ἐξολισθαίνειν

350 575 411 628 δὲ
446 575 541 629 καὶ
560 576 969 648 ἀποδιδράσκειν
989 578 1378 650 πειρωμένους,
1416 579 1716 650 ἀναχωρεῖν
1731 597 1789 633 τε
1814 580 1908 633 ἀπ’

351 667 519 721 αὐτοῦ
573 667 928 739 βουλομένους
991 670 1082 722 ἐπὶ
1140 669 1238 742 τὴν
1283 671 1521 742 Βηρυτὸν
1573 673 1604 743 ἢ
1657 671 1750 726 ἐπὶ
1812 671 1910 743 τὴν

354 760 609 832 πατρίδα,
649 761 1008 832 συνδήσασθαι
1040 762 1216 816 πάντα
1261 764 1458 834 τρόπον
1491 765 1904 836 ἐμηχανήσατο·

351 852 560 916 πάντας
582 851 770 920 λόγους
800 853 1066 927 στρέφων,
1101 854 1194 907 καὶ
1225 854 1398 908 πάντα
1430 854 1608 908 κάλων
1640 853 1828 925 (τοῦτο
1845 853 1909 926 δὴ

348 942 414 995 τὸ
442 943 534 996 τοῦ
568 944 748 1013 λόγου)
798 945 983 1010 κινῶν,
1019 945 1112 999 καὶ
1139 946 1317 1009 πάσας
1338 945 1434 1010 τὰς
1460 945 1713 1016 δυνάμεις
1741 944 1907 1000 αὐτοῦ

351 1038 853 1110 προχειριζόμενος·
891 1037 1123 1092 ἐπαινῶν
1161 1038 1260 1108 μὲν
1297 1038 1609 1107 φιλοσοφίας
1656 1037 1905 1110 ἐραστὰς,

353 1132 582 1200 μακροῖς
604 1131 712 1191 τοῖς
729 1129 965 1192 ἐπαίνοις
986 1131 1077 1182 καὶ
1097 1129 1308 1193 πολλοῖς
1327 1133 1438 1193 τοῖς
1458 1147 1516 1182 τε
1542 1132 1872 1202 προσήκουσι
1887 1146 1902 1162 ·

347 1221 573 1283 τούτους
604 1221 792 1292 μόνους
822 1221 919 1291 ζῇν
953 1221 1120 1285 ὅντως
1148 1221 1238 1275 τὸν
1285 1222 1520 1290 λογικοῖς
1565 1223 1908 1293 προσήκοντα

351 1313 486 1384 βίον,
513 1312 704 1380 λέγων,
729 1313 854 1376 τοὺς
878 1312 1051 1386 ὀρθῶς
1080 1313 1224 1383 βιοῦν
1238 1313 1665 1383 ἐπιτηδεύοντας,
1684 1313 1908 1378 ἑαυτούς

345 1425 405 1460 τε
426 1405 804 1476 γινώσκοντας,
831 1405 1041 1477 πρῶτον
1059 1405 1252 1470 οἵτινές
1273 1409 1396 1469 εἰσι,
1410 1405 1641 1460 κᾶπειτα
1656 1405 1720 1459 τὰ
1743 1406 1909 1468 ὅντως

348 1499 531 1568 ἀγαθὰ
565 1499 601 1552 ἃ.
635 1497 984 1569 μεταδιώκειν
1029 1499 1310 1570 ἄνθρωπον
1336 1499 1440 1570 χρὴ
1466 1499 1556 1552 καὶ
1588 1499 1657 1552 τὰ
1694 1497 1909 1570 ἀληθῶς

348 1583 577 1642 κακὰῶν
590 1587 907 1658 ἀποτρέχειν
924 1588 1020 1640 δεῖ·
1039 1586 1217 1656 ψέγων
1227 1587 1282 1640 δὲ
1299 1588 1395 1657 τὴν
1412 1586 1767 1657 ἀμαθίαν,καὶ
1784 1586 1907 1640 πάν-

345 1699 445 1744 τας
457 1682 581 1744 τοὺς
595 1679 842 1751 ἀμαθεῖς·
864 1679 1044 1732 πολλοὶ
1054 1680 1108 1732 δέ
1121 1672 1263 1732 οὗτοι
1280 1679 1394 1732 ὅσοι
1408 1679 1435 1731 θ
1444 1696 1501 1749 ρε
1509 1679 1736 1750 μμάτων
1751 1678 1907 1749 δίκην

2011 487 2251 557 illapsos,
2281 489 2420 544 elabi
2449 498 2502 545 et
2532 487 2765 559 etfugere
2811 498 3092 556 conantes,
3130 501 3184 546 et
3219 492 3470 548 secedere
3497 494 3567 549 ab

2012 576 2149 646 ipso,
2177 578 2430 651 Berytum
2471 595 2690 648 versus,
2733 588 2834 634 aut
2872 580 2928 634 in
2971 582 3197 650 patriam
3245 583 3567 652 cogitantes,

2010 671 2377 741 constringere
2418 674 2644 727 omnino
2690 688 2756 728 ac
2797 674 3033 728 retinere
3076 674 3279 730 studuit
3326 692 3340 729 :
3383 675 3569 730 omnia

2013 764 2297 818 verborum
2318 779 2512 835 genera
2527 765 2767 834 volvens,
2785 779 2998 820 omnem
3022 764 3201 820 funem
3224 766 3390 836 (quod
3407 775 3488 821 est
3511 765 3567 820 in

2009 854 2315 925 proverbio)
2359 871 2612 922 movens,
2647 857 2789 913 vires
2840 873 2969 914 suas
3008 873 3196 913 omnes
3245 874 3311 913 eo
3347 873 3568 914 conver-

2010 955 2130 1002 tens
2159 966 2172 1002 :
2202 947 2330 1003 hinc
2363 949 2763 1021 philosophiam
2803 951 3032 1021 ejusque
3071 959 3343 1007 amatores
3381 951 3566 1008 multis

2010 1041 2262 1112 aptisque
2307 1042 2561 1098 laudibus
2606 1057 2973 1113 prosequens;
3013 1057 3105 1098 eos
3139 1043 3285 1098 solos
3314 1043 3452 1098 bene
3479 1043 3565 1099 vi-

2007 1148 2152 1199 vere,
2185 1133 2461 1204 vitamque
2505 1134 2732 1190 rationis
2767 1150 2868 1190 usu
2898 1135 3139 1206 prmditis
3177 1145 3566 1206 congruentem

2009 1238 2168 1294 agere
2202 1224 2411 1290 dicens,
2454 1223 2547 1293 qui
2590 1239 2710 1278 eam
2752 1234 2900 1280 recte
2954 1224 3233 1279 instituere
3278 1233 3564 1290 conentur,

2009 1325 2062 1371 et
2101 1332 2161 1371 se
2205 1317 2352 1386 ipsos
2395 1316 2631 1386 primum
2683 1332 2864 1380 nosse,
2917 1317 3138 1386 quinam
3190 1316 3337 1382 sint;
3373 1315 3568 1370 deinde

2006 1423 2136 1463 vera
2178 1407 2318 1462 bona
2368 1423 2487 1478 qua:
2520 1408 2770 1478 persequi
2809 1407 3083 1462 hominem
3134 1407 3306 1470 decet,
3347 1415 3400 1460 et
3438 1420 3566 1460 vera

2009 1500 2150 1555 mala
2183 1514 2213 1553 a
2240 1498 2438 1568 quibus
2470 1498 2720 1570 refugere
2746 1510 2986 1569 oportet;
3016 1499 3164 1553 illine
3204 1497 3567 1568 ignorantiam

2009 1591 2428 1662 ignorantesque
2464 1607 2674 1654 omnes,
2717 1606 2949 1660 quorum
2993 1591 3234 1644 maxima
3263 1602 3346 1643 est
3385 1589 3562 1652 turba,

2007 1683 2347 1752 vituperans;
2399 1687 2662 1753 quotquot
2682 1681 2943 1753 pecudum
2974 1681 3101 1748 ritu,
3124 1688 3304 1736 mente
3324 1679 3470 1744 ἐπεὶ,
3495 1694 3566 1736 ne

343 1771 743 1840 τυφλώττοντες
770 1771 858 1824 τὸν
889 1770 1035 1834 νοῦν,
1069 1771 1176 1824 οὐδ’
1223 1771 1353 1823 αὐτὸ
1395 1770 1553 1824 τοῦτο
1591 1771 1726 1842 ὅπερ
1767 1772 1901 1824 εἰσὶν

2008 1770 2111 1826 hoc
2133 1771 2350 1841 quidem
2377 1772 2522 1841 quod
2548 1777 2676 1827 sunt
2721 1769 3050 1839 intelligunt,
3069 1778 3123 1824 et
3146 1769 3300 1839 quasi
3353 1771 3565 1826 ratione

344 1865 670 1933 ἐγνωκότες,
705 1863 890 1938 ὥσπερ
940 1864 1120 1932 ἄλογοι
1165 1863 1597 1934 πεπλανημένοι,
1637 1863 1897 1934 ἀγαθὺνῆ

343 1957 514 2011 κακὸν
538 1957 566 2008 ὅ
595 1956 647 2008 τί
679 1957 807 2008 ποτέ
838 1958 1003 2020 ἐστιν,
1030 1955 1165 2018 ὅλως
1195 1954 1316 2008 οὐτε
1352 1955 1547 2019 εἰδότες
1575 1957 1753 2018 αὐτοὶ,
1778 1954 1901 2008 οὐτε

347 2049 537 2120 μαθεῖν
567 2048 838 2112 θέλοντες,
858 2049 932 2112 ὡς
968 2049 1060 2102 ἐπὶ
1089 2047 1286 2118 ἀγαθὸν
1310 2048 1524 2120 ᾄττουσι
1556 2049 1648 2102 κα)⁵
1677 2048 1900 2119 ἐπτόην-

339 2159 454 2204 ται,
489 2141 744 2212 χρήματα
774 2139 882 2210 (79)
915 2140 1008 2192 καὶ
1030 2137 1186 2203 δόξας
1218 2123 1499 2209 καὶτιμὰς
1535 2137 1632 2200 τὰς
1662 2137 1768 2190 ἀπὸ
1792 2136 1900 2190 τῶν

340 2233 554 2286 πολλῶν
580 2233 674 2286 καὶ
701 2232 798 2303 τὴν
832 2231 928 2284 τοῦ
967 2231 1213 2301 σώματος
1243 2230 1453 2296 εὐεξίαν
1479 2247 1491 2259 ·
1527 2230 1665 2284 αὐτά
1691 2247 1748 2282 τε
1776 2230 1902 2301 περὶ

342 2323 538 2378 πολλοῦ
577 2324 670 2377 καὶ
713 2322 807 2375 τοῦ
845 2323 1044 2386 παντὸς
1084 2321 1383 2391 τιθέμενοι,
1431 2321 1662 2374 καὶτῶν
1698 2321 1901 2392 τεχνῶν

339 2419 465 2472 ὅσαι
513 2416 682 2470 ταῦτα
731 2415 1107 2487 ἐκπορίζεσθαι
1157 2414 1448 2477 δύνανται,
1487 2415 1578 2468 καὶ
1617 2414 1724 2468 τῶν
1772 2415 1900 2484 βίων

341 2511 456 2564 ὅσοι
499 2510 669 2563 ταῦτα
699 2509 1056 2581 παρέξονται,
1095 2509 1348 2580 στρατιὰς
1375 2510 1468 2564 καὶ
1495 2511 1593 2581 τὴν
1623 2509 1899 2581 δικανικὴν

340 2605 439 2657 καὶ
483 2603 785 2673 ἐκμάθησιν
825 2601 922 2672 τὴν
964 2603 1068 2654 τῶν
1113 2602 1323 2672 νόμων
1373 2600 1524 2655 ταῦθ’
1568 2601 1708 2673 ὅιπερ
1755 2603 1901 2672 ἡμᾶς

339 2695 571 2758 ἀνέσειε,
605 2692 832 2763 μάλιστα
862 2692 1033 2759 λέγων
1058 2692 1149 2745 καὶ
1182 2691 1323 2760 μάλα
1355 2691 1644 2761 τεχνικῶς,
1675 2693 1768 2746 τοῦ
1805 2710 1900 2745 κυ-

338 2780 799 2850 ·ριωτάτου,φησὶ,
819 2779 924 2832 τῶν
936 2782 993 2832 ἐν
1018 2781 1146 2850 ἡμῖν
1176 2779 1334 2848 λόγου
1363 2779 1755 2851 ἀμελήσαντας.
1787 2783 1898 2835 Οὐκ

342 2871 457 2940 ἔχω
499 2869 590 2922 νῦν
623 2869 733 2940 ἐγὼ
778 2870 984 2938 λέγειν,
1019 2871 1148 2933 ὅσας
1187 2870 1432 2934 τοιαύτας
1463 2869 1643 2942 ἐξήχει
1679 2871 1859 2941 φωνὰς
1881 2911 1896 2933 ,

344 2962 663 3033 προτρέπων
692 2962 1023 3032 φιλοσοφεῖν·
1058 2963 1117 3014 οὐ
1155 2964 1278 3033 μιᾶς
1309 2963 1517 3034 ἡμέρας
1549 2963 1731 3034 μόνης,
1765 2961 1899 3015 ἀλλὰ

340 3056 440 3108 καὶ
486 3055 740 3108 πλειόνων
772 3056 910 3108 ὅσων
949 3054 1095 3125 αὐτῷ
1133 3056 1463 3126 προσῄειμεν
1496 3054 1604 3108 τῶν
1644 3054 1893 3126 πρώτων,

339 3147 659 3218 βεϐλημένοι
691 3147 786 3218 μὲν
816 3145 1001 3217 ὥσπερ
1020 3146 1124 3199 τινὶ
1152 3145 1290 3216 βέλει
1315 3147 1390 3218 τῷ
1416 3148 1543 3218 παρ’
1569 3146 1730 3199 αὐτοῦ
1759 3145 1899 3217 λόγῳ

338 3240 436 3295 καὶ
465 3243 529 3292 ἐκ
561 3238 783 3310 πρώτης
812 3237 1024 3308 ἡλικίας
1057 3239 1168 3308 (80)
1201 3234 1284 3310 (ἦν
1311 3239 1418 3310 γάρ
1461 3255 1577 3301 πως
1611 3237 1704 3291 καὶ
1748 3237 1899 3309 ἡδείᾳ

337 3333 447 3386 τινί⁵
471 3332 651 3403 χάριτι
695 3332 786 3384 καὶ
814 3331 989 3384 πειθοῖ
1014 3331 1104 3386 καί
1132 3348 1235 3384 τινι
1268 3331 1478 3402 ἀνάγκη
1512 3331 1894 3401 μεμιγμένος),

340 3425 694 3498 στρεφόμενοι
721 3423 779 3476 δέ
814 3441 930 3487 πως
962 3423 1042 3476 ἔτι
1082 3423 1177 3476 καὶ
1221 3422 1555 3492 λογιζόμενοι
1577 3439 1590 3452 ο
1625 3423 1718 3475 καὶ
1749 3423 1896 3492 φιλο-

340 3517 526 3585 σοφεῖν
567 3517 665 3587 μὲν
703 3516 1277 3586 προσκαρτερήσαντες
1318 3514 1527 3567 οὐδέπω
1570 3515 1744 3586 πάντη
1799 3533 1895 3568 πε-

337 3609 650 3679 πεισμένοι,
684 3607 1096 3678 ἀφίστασθαιδέ
1128 3606 1289 3660 πάλιν
1327 3608 1427 3660 οὐκ
1465 3603 1560 3660 οἷδ’
1601 3609 1749 3671 ὅπως
1773 3646 1788 3670 ,
1834 3607 1895 3660 οὐ

334 3703 651 3772 δυνάμενον
685 3702 770 3754 ἀεὶ
801 3701 857 3754 δὲ
882 3701 1071 3772 ὥσπερ
1099 3700 1202 3753 ὐπό
1223 3717 1364 3753 τισιν
1397 3700 1659 3769 ἀνάγκαις
1689 3701 1896 3771 μείζοσι

338 3799 453 3859 τοῖς
489 3795 664 3864 λόγοις
693 3795 856 3848 αὐτοῦ
894 3795 1030 3867 πρὸς
1065 3793 1224 3848 αὐτὸν
1252 3794 1552 3864 ἑλκόμενοι.
1589 3794 1759 3857 Ὂλως
1792 3793 1896 3866 γὰρ

339 3887 446 3941 οὐδ’
472 3887 712 3940 εὐσεϐεῖν
747 3889 825 3951 είς
851 3886 942 3940 τὸν
969 3886 1074 3939 τῶν
1101 3886 1236 3941 ὅλων
1262 3887 1531 3958 Δεσπότην
1556 3886 1744 3958 (τοῦτο
1773 3888 1800 3939 ὅ
1831 3887 1894 3959 δὴ

339 3979 503 4050 μόνος
532 3977 640 4031 τῶν
676 3978 769 4030 ἐπὶ
806 3977 909 4047 γῆς
943 3977 1159 4030 πάντων
1195 3975 1348 4040 ζώων
1383 3979 1410 4030 ὁ
1443 3977 1722 4050 ἄνθρωπος
1754 3978 1896 4050 ἔχειν

338 4070 574 4141 ἐτιμήθη
619 4086 679 4122 τε
712 4068 805 4122 καὶ
838 4066 1040 4140 ἠξιώθη
1061 4108 1076 4133 ,
1110 4070 1201 4122 καὶ
1230 4068 1453 4132 εἰκότως
1487 4072 1592 4133 πᾶς
1619 4069 1892 4136 ὁστισοῦν,

339 4166 433 4218 καὶ
467 4162 626 4231 σοφὸς
652 4163 746 4216 καὶ
768 4161 982 4234 ἀμαθὴς
1005 4201 1020 4225 ,
1054 4161 1366 4232 περιέχεται
1395 4161 1580 4216 τούτου
1600 4203 1614 4229 ,
1643 4165 1789 4227 ὅστις
1823 4165 1895 4237 μὴ

339 4255 621 4318 παντελῶς
653 4254 750 4317 τὰς
781 4255 988 4317 ἐννοίας
1025 4252 1364 4307 ἀπολώλεκεν
1395 4255 1499 4307 ὐπό
1531 4272 1673 4319 τινος
1710 4273 1897 4327 φρενο-

336 4347 597 4410 ϐλαϐείας
615 4347 656 4417 )°
697 4347 757 4400 οὐ
790 4347 965 4400 τοίνυν
992 4345 1111 4399 οὐδέ
1138 4346 1380 4399 εὐσεϐεῖν
1408 4347 1544 4410 ὅλως
1570 4348 1789 4401 δυνατὸν
1819 4347 1896 4401 εἷ-

335 4461 428 4496 ναι
469 4442 734 4510 ἔφασκεν,
775 4439 948 4511 ὀρθῶς
982 4439 1173 4507 λέγων,
1207 4439 1280 4509 μὴ
1315 4439 1730 4511 φιλοσοφήσαντι
1751 4459 1763 4472 ·
1795 4443 1899 4506 ἓως
1927 4471 1977 4531 D

343 4535 570 4598 πολλοὺς
589 4534 855 4597 τοιούτους
875 4532 1062 4595 ἄλλους
1089 4534 1174 4584 ἐπ’
1191 4531 1367 4596 ἄλλοις
1391 4533 1668 4587 ἐπαντλῶν
1682 4534 1892 4604 λόγους,

339 4629 531 4700 ῶσπερ
554 4644 703 4690 τινας
732 4625 1349 4695 καταγεγοητευμένους,
1381 4625 1472 4678 ἐπὶ
1497 4624 1635 4678 τέλει
1663 4629 1780 4690 ταῖς
1803 4627 1898 4679 αὐ-

339 4722 437 4777 τοῦ
478 4721 691 4792 τέχναις
723 4720 1011 4789 ἀκινήτους
1048 4717 1317 4787 ἀτεχνῶς,
1348 4719 1528 4790 φέρων
1557 4721 1705 4791 ἡμᾶς
1735 4738 1898 4792 παρι-

339 4813 597 4885 δρύσατο,
628 4811 804 4880 λόγοις
833 4813 946 4872 τοῖς
977 4806 1163 4872 αὐτοῦ,
1192 4809 1293 4861 οὐκ
1321 4805 1416 4862 οἷδ’
1450 4810 1633 4874 ὅπως,
1665 4810 1760 4865 σύν
1793 4830 1896 4866 τινι

342 4906 466 4976 θείᾳ
511 4904 758 4974 δυνάμει.
819 4902 926 4956 Καὶ⁵
976 4902 1084 4974 γὰρ
1126 4901 1220 4954 καὶ
1265 4901 1443 4970 φιλίας
1491 4905 1622 4973 ήμῖν
1674 4905 1897 4977 κέντρον

343 4996 638 5068 ἐνέσκηψεν
666 4997 764 5050 οὐκ
793 4994 1257 5064 εὐκαταγώνιστόν
1275 5013 1349 5058 τι,
1367 4995 1528 5066 δριμὺ
1559 4995 1615 5048 δὲ
1647 4996 1739 5049 καὶ
1769 4999 1896 5051 ἀνυ-

341 5089 660 5154 τικώτατον,
689 5089 986 5158 δεξιότητος
1012 5088 1104 5141 καὶ
1128 5087 1417 5151 διαθέσεως
1433 5088 1532 5158 τῆς
1553 5089 1780 5160 ἀγαθῆς,
1799 5093 1896 5164 ὅση

345 5181 632 5252 εὐνοητική
661 5197 743 5242 τις
777 5181 906 5250 ἡμῖν
937 5179 1127 5242 αὐταῖς
1161 5181 1364 5247 φωναῖς
1393 5176 1555 5230 αὐτοῦ
1590 5179 1899 5249 προσφθεγ-

425 5379 530 5450 (79)
565 5381 853 5450 Χρήματα.
887 5380 1084 5452 Repete
1115 5381 1204 5434 ἐπί
1235 5397 1266 5436 e
1289 5382 1554 5452 proximo.
1587 5383 1817 5440 BENGEL.

423 5452 532 5519 (80)
580 5452 853 5520 Ἠλικίας.
906 5451 1029 5507 Haec
1064 5467 1166 5506 vox
1218 5451 1399 5522 aperte
1450 5455 1643 5509 aliena.
1677 5455 1900 5511 Videtur

345 5519 655 5597 absolutum
677 5519 956 5597 _loquendi
987 5538 1187 5597 genus,
1207 5519 1281 5597 sic
1313 5522 1574 5597 πρώτηῇ
1601 5535 1663 5579 ιιι
1701 5529 1904 5581 subau-

347 5591 605 5666 diendum
646 5591 1048 5666 sit‘e’proxinio
1068 5635 1082 5653 ,
1114 5591 1368 5666 ἡμέρας(
1391 5591 1857 5666 δῆθ’Τίιιιογάὶίιες
1887 5615 1899 5650 :

349 5661 386 5730 ἦ
421 5663 470 5735 εί
501 5660 854 5735 ἀπὸπρώτης
885 5660 1203 5735 ἀποθέμενοι
1224 5660 1324 5716 ’τὸν
1355 5664 1532 5735 νόμον,
1566 5660 1904 5721 Βίοῖἰτιεεὶιιε

333 5733 574 5802 ,pariter,
608 5730 713 5787 ἀπὺ
746 5730 980 5804 πρώτης.
1021 5730 1110 5789 Sic
1141 5735 1202 5787 ἐκ
1228 5730 1450 5806 καινῆς,
1485 5735 1543 5801 ἐξ
1573 5735 1740 5809 αὐτῆς
1759 5777 1773 5804 ,
1801 5749 1902 5793 δια-

2007 1872 2284 1928 carerent,
2319 1865 2664 1929 aberrantes;
2707 1863 2907 1916 bonum
2960 1863 3228 1917 malumve
3278 1862 3406 1931 quid
3458 1864 3564 1930 sit.

2007 1969 2108 2008 nec
2135 1955 2368 2009 scientes
2399 1953 2503 2025 ipsi
2537 1971 2782 2024 prorsus,
2820 1970 2921 2010 nec
2966 1954 3176 2009 discere
3219 1962 3559 2025 satagentes;

2006 2046 2102 2117 qui
2133 2055 2388 2116 tanquam
2422 2047 2490 2101 ad
2519 2047 2743 2111 bonum,
2777 2046 2841 2100 ad
2869 2045 3126 2115 pecunias
3160 2055 3213 2099 et
3240 2046 3466 2114 gloriam
3499 2062 3565 2102 ac

2005 2139 2154 2208 vulgi
2192 2139 2426 2195 honores
2457 2139 2807 2209 corporisque
2839 2137 3199 2192 valetudinem
3243 2138 3563 2207 prosiliunt.

2003 2233 2294 2304 stolidique
2321 2234 2602 2304 rapiuntur
2627 2275 2642 2300 ,
2676 2234 2791 2288 haec
2812 2233 3079 2300 videlicet,
3109 2231 3289 2304 magni
3319 2241 3414 2288 aut
3446 2248 3565 2288 om—

2005 2322 2155 2376 nium
2186 2324 2366 2392 potius
2393 2324 2566 2378 instar
2595 2323 2885 2388 habentes,
2932 2331 3184 2392 artesque
3229 2338 3322 2379 eas
3366 2323 3565 2393 quibus

2004 2415 2185 2485 parari
2217 2415 2329 2470 hac
2357 2423 2615 2484 possunt,
2645 2424 2699 2470 et
2725 2430 2792 2470 ex
2821 2416 2943 2469 vitae
2982 2415 3268 2486 generibus
3317 2415 3403 2469 illa
3442 2429 3564 2485 quae

2004 2509 2135 2562 talia
2165 2509 2526 2578 suppeditant,
2561 2509 2870 2574 militarem,
2904 2508 3196 2574 forensem,
3229 2509 3404 2578 legum
3439 2518 3561 2563 stu-

2004 2601 2152 2655 dium
2209 2615 2273 2655 ac
2329 2600 2700 2670 disciplinam;
2757 2601 2871 2655 haec
2929 2609 3088 2668 sunt,
3139 2602 3346 2665 aiebat,
3401 2601 3564 2671 idque

2004 2692 2302 2762 aptissime,
2335 2707 2455 2761 quae
2487 2707 2587 2747 nos
2620 2692 2822 2748 inertes
2864 2701 3029 2762 atque
3061 2694 3280 2764 ignaros
3325 2695 3562 2750 maxime

2003 2784 2264 2848 reddunt,
2303 2784 2569 2839 rationem
2615 2799 2735 2853 quae
2765 2784 3031 2838 dominari
3078 2785 3130 2839 in
3172 2786 3328 2842 nobis
3367 2787 3557 2854 debet,

2003 2883 2373 2944 aspernantes.
2406 2873 2594 2931 Dicere
2627 2891 2734 2931 non
2767 2876 2988 2946 possim,
3017 2891 3178 2946 quam
3209 2878 3402 2931 multas
3420 2875 3562 2943 ejus-

1999 2965 2147 3020 modi
2185 2977 2346 3020 voces
2394 2965 2594 3032 ederet,
2623 2965 2690 3020 ad
2715 2967 3200 3037 philosophandum
3234 2982 3334 3022 nos
3358 2969 3558 3023 exhor-

1999 3065 2156 3123 tans;
2189 3071 2364 3126 neque
2393 3056 2445 3110 id
2482 3072 2592 3111 uno
2619 3057 2705 3112 die
2736 3058 3038 3122 duntaxat,
3067 3058 3161 3113 sed
3192 3058 3398 3124 multis,
3422 3075 3560 3128 quo-

2004 3147 2106 3202 ties
2139 3149 2207 3201 ad
2252 3147 2403 3202 illum
2444 3146 2710 3217 principio
2753 3148 3130 3212 veniebamus,
3175 3148 3294 3218 ejus
3341 3150 3558 3218 quidem

2004 3255 2254 3296 sermone
2283 3251 2542 3310 tanquam
2561 3241 2744 3311 jaculo
2758 3243 2991 3310 quodam
3017 3257 3048 3296 a
3070 3242 3242 3312 prima
3268 3241 3383 3312 ipsa
3404 3252 3562 3300 aetate

1998 3332 2200 3387 conﬁxi
2229 3331 2367 3401 (erat
2393 3332 2538 3387 enim
2566 3333 2719 3387 suavi
2747 3333 2917 3400 gratia
2957 3344 3009 3387 et
3047 3332 3263 3388 suadela
3301 3333 3464 3387 simul
3495 3348 3563 3389 ac

2003 3424 2324 3480 necessitate
2358 3425 2588 3495 quadam
2622 3424 2915 3493 conditus),
2960 3410 3209 3480 caeterum
3236 3423 3558 3480 fluctuantes

2003 3518 2178 3572 adhuc
2207 3525 2260 3570 et
2287 3517 2509 3587 ancipiti
2536 3516 2740 3580 animo,
2774 3516 3145 3585 philosophari
3181 3517 3398 3586 quidem
3443 3532 3560 3572 am-

2000 3607 2229 3671 bientes,
2260 3608 2500 3661 nondum
2536 3615 2717 3661 tamen
2745 3606 2968 3662 omnino
2991 3608 3217 3676 permoti
3248 3615 3408 3676 atque
3438 3622 3560 3676 per-

2001 3701 2173 3766 suasi,
2203 3699 2477 3754 discedere
2515 3713 2677 3767 porro
2720 3698 2904 3754 nescio
2935 3698 3204 3772 quomodo
3234 3713 3340 3752 non
3370 3700 3560 3753 vafen-

2003 3802 2119 3854 tes,
2163 3797 2226 3843 ut
2271 3789 2364 3858 qui
2404 3804 2636 3858 semper,
2685 3797 2942 3859 tanquam
2990 3787 3210 3858 majoris
3255 3787 3559 3857 cujuspiam

2001 3883 2339 3937 necessitatis
2386 3882 2654 3951 impulsu,
2707 3883 2772 3936 ad
2826 3883 3002 3951 ipsum
3048 3881 3166 3950 ejus
3215 3882 3560 3938 sermonibus

2000 3974 2362 4045 rapiebamur.
2394 3973 2628 4029 Omnino
2653 3975 2798 4028 enim
2827 3987 2928 4028 nec
2967 3973 3116 4043 pi'um
3145 3988 3272 4045 erga
3307 3989 3558 4030 commu-

2001 4082 2125 4123 nem
2171 4067 2412 4121 omnium
2459 4064 2749 4120 Dominum
2801 4079 2923 4120 esse
2967 4063 3171 4134 absque
3219 4065 3557 4136 philosophia

2000 4175 2329 4232 quemquam
2353 4159 2610 4214 censebat
2633 4160 2764 4229 (quo
2792 4172 3016 4212 munere
3040 4159 3188 4214 solus
3213 4174 3281 4214 ex
3305 4161 3559 4216 omnibus

2003 4259 2160 4306 terrae
2192 4249 2558 4305 animantibus
2585 4251 2747 4305 homo
2781 4249 3070 4304 decoratus
3101 4259 3216 4316 est;
3247 4251 3408 4318 idque
3445 4267 3560 4306 me-

2002 4343 2108 4397 rito
2131 4342 2346 4412 sapiens
2383 4357 2535 4411 atque
2577 4349 2739 4411 atque
2779 4340 3060 4411 imperitus
3091 4341 3320 4411 quisque
3350 4343 3558 4412 ample-

2005 4437 2187 4502 ctitur,
2217 4437 2311 4506 qui
2342 4437 2503 4490 modo
2532 4450 2753 4490 sensum
2797 4449 3010 4490 omnem
3055 4435 3417 4506 intelligentia:
3447 4451 3560 4506 prae

1996 4528 2231 4598 quadam
2262 4527 2496 4583 amentia
2549 4542 2657 4581 non
2709 4527 2994 4597 omiserit).
3044 4525 3153 4583 Nec
3194 4528 3344 4598 pium
3395 4529 3560 4597 igitur

1996 4615 2222 4670 omnino
2259 4630 2380 4669 esse
2429 4629 2590 4684 posse
2637 4614 2966 4679 affirmabat,
3012 4616 3105 4685 qui
3147 4617 3557 4687 philosOpliatus

1996 4722 2104 4762 non
2126 4715 2303 4772 esset;
2335 4707 2514 4775 quoad
2555 4707 2766 4761 tandem
2802 4708 3000 4763 multos
3026 4708 3077 4763 id
3108 4725 3278 4780 genus
3325 4725 3390 4764 ex
3436 4711 3556 4765 aliis

1998 4797 2133 4851 alios
2157 4810 2435 4850 sermones
2462 4795 2753 4861 instillans,
2778 4813 2877 4853 nos
2902 4800 3045 4854 velut
3065 4798 3273 4856 fascino
3297 4803 3552 4870 quodam,

1999 4891 2208 4945 artibus
2248 4890 2362 4945 suis
2397 4892 2747 4954 perdomitos,
2795 4894 3136 4949 sermonibus
3187 4895 3320 4961 suis,
3374 4895 3554 4948 nescio

1998 4996 2107 5052 quo
2136 4989 2316 5050 pacto,
2345 4982 2526 5036 divina
2560 4983 2609 5035 vi
2649 4981 2882 5052 quadam
2915 4985 3294 5050 constabilivit,
3323 4992 3376 5039 et
3399 4984 3554 5054 juxta

2001 5089 2060 5132 se
2092 5073 2392 5129 immobiles
2423 5074 2613 5130 tenuit.
2637 5074 2922 5131 Enimvero
2953 5077 3155 5131 amoris
3186 5091 3398 5146 quoque
3424 5092 3553 5131 aru-

2003 5169 2118 5225 leus
2147 5169 2303 5224 nobis
2334 5169 2534 5225 infixus
2564 5177 2668 5237 est,
2700 5185 2808 5225 non
2841 5171 2974 5225 levis
3013 5169 3101 5224 ille
3141 5180 3195 5225 et
3220 5174 3553 5243 expugnabi-

2005 5396 2098 5447 tim
2120 5411 2138 5448 :
2154 5395 2264 5469 tibi
2296 5393 2614 5469 Lambertus
2647 5393 3050 5469 BosAsneittaw
3083 5395 3300 5469 statuit,
3344 5395 3516 5469 ἀρχῆς
3533 5438 3552 5464 ν

2003 5463 2338 5538 καταϐολῆς,
2383 5466 2562 5536 ὥρας,
2590 5480 2729 5538 qua:
2769 5465 2859 5538 hic
2903 5463 3393 5538 quoquejsuppleri'
3418 5463 3556 5538 'posé-

2005 5541 2150 5607 s_un_t.
2185 5533 2362 5607 Ipsum
2397 5533 2461 5589 ἐκ
2493 5534 2742 5607 πρώτης,
2771 5535 3012 5607 absolute
3033 5536 3167 5589 dixit
3198 5533 3462 5607 Macarius
3490 5541 3556 5593 de

2004 5583 2918 5669 civitate:iatnraiajcnadn
2928 5583 3016 5659 ’ἒξι
3024 5583 3557 5664 signauerat;

2005 5673 2270 5729 domanus
2304 5676 2544 5746 legebant
2573 5674 2784 5746 ὁμιλίας
2817 5690 2914 5744 pro
2946 5675 3176 5747 ἡλικίας.
3213 5677 3286 5734 In.
