3988 6200
458 213 590 273 1071

1606 213 1663 270 S.
1693 209 2025 268 πιιεοοιιίι
2065 208 2247 266 ἸἩΑῙ]
2257 206 2566 264 MATURE-1

3523 203 3660 262 1072

456 337 544 400 lis,
583 335 678 392 sed
713 351 836 392 acer
869 350 1096 406 prorsus
1137 345 1189 390 et
1218 333 1642 401 efﬁcacissimus,
1683 333 1914 391 solertiae
1959 342 2013 388 et

2116 329 2341 400 γομένου
2389 329 2482 383 καὶ
2517 325 2826 399 ὁμιλοῦντος
2868 323 3202 396 ὲνεφαίνετοο
3259 322 3358 378 οὐκ
3405 325 3664 396 ὲκπεριεῖ-

455 430 825 500 benignitatis.
852 428 1360 498 benevolentiaeque,
1387 443 1507 498 quae
1541 428 1597 482 in
1634 428 1766 498 ipsis
1794 441 1894 482 nos
1929 427 2008 480 al-

454 521 727 590 loquentis
763 529 818 576 et
853 518 1228 576 conversantis
1275 519 1500 574 vocibus
1533 518 1849 590 ell‘uigebat,
1899 531 2006 571 non

455 613 844 669 circumvenire
883 629 984 669 nos
1028 611 1183 667 aliter
1231 611 1573 668 sermonibus
1611 610 1884 675 conantis;
1915 608 2009 664 sed

457 706 726 776 prudenti,
762 706 997 760 humana
1045 704 1383 774 benignaque
1414 709 1594 758 mente
1636 717 1851 758 servare
1889 716 2008 766 nos,

456 808 510 853 et
539 797 822 868 participes
848 808 960 852 tum
993 796 1185 852 horum
1213 794 1565 866 philosophia:
1589 793 1854 848 bonorum
1885 790 2011 846 red-

455 891 602 956 dere,
633 898 745 943 tum
776 889 1027 954 aliorum,
1059 896 1172 941 tum
1210 901 1399 941 eorum
1427 885 1678 949 maxime,
1719 897 1840 953 quae
1870 883 2012 938 Deus

457 983 533 1036 illi
566 997 727 1051 supra
760 981 1032 1036 multosac
1052 993 1218 1050 supra
1253 993 1444 1032 omnes
1484 976 1712 1031 fortasse
1733 975 1827 1046 qui
1869 990 2014 1029 nunc

457 1082 584 1128 sunt
626 1073 896 1137 homines,
936 1071 1029 1124 uni
1058 1069 1284 1140 largitus
1305 1079 1424 1122 est:
1453 1067 1666 1138 pietatis
1686 1066 1807 1122 dico
1841 1065 2012 1135 magi-

457 1175 664 1230 strum,
717 1177 1020 1218 sermonem
1078 1161 1403 1227 salutarem,
1439 1159 1506 1215 ad
1554 1158 1756 1213 multos
1796 1157 2013 1226 quidem

457 1265 871 1321 eoznmeantem,
897 1270 1088 1310 omnes
1111 1265 1288 1309 autem
1322 1255 1375 1309 in
1411 1269 1549 1324 quos
1597 1252 1866 1317 inciderit,
1911 1250 2015 1304 sibi

396 1351 398 1353 ’
458 1349 858 1418 subjugantem.
897 1345 1081 1416 Neque
1107 1346 1250 1401 enim
1286 1355 1369 1401 est
1411 1346 1704 1416 quidquam
1745 1341 1889 1412 quod
1927 1356 2015 1395 re-

459 1441 650 1495 sistere
679 1439 752 1492 illi
782 1439 974 1509 possit,
1001 1441 1096 1509 qui
1122 1456 1213 1495 rex
1239 1439 1480 1495 omnium
1514 1448 1567 1492 et
1603 1443 1688 1492 est
1721 1443 1774 1491 et
1803 1436 2016 1488 futurus

459 1542 574 1598 est;
603 1533 695 1587 sed
727 1533 1022 1595 occultumt
1050 1541 1104 1587 et
1141 1532 1233 1602 qui
1276 1546 1376 1586 nec
1418 1529 1574 1584 facile
1605 1543 1705 1584 nec
1744 1524 1954 1582 difﬁcile
1985 1539 2016 1578 a

460 1626 646 1680 multis
673 1625 836 1696 vulgo
859 1634 1236 1695 cognoscatur,
1264 1624 1335 1677 ita
1365 1633 1424 1678 ut
1450 1623 1516 1678 de
1559 1622 1650 1676 illo
1679 1617 2014 1690 interrogati,

460 1718 742 1772 manifeste
781 1718 956 1786 eloqui
1000 1717 1226 1786 possint.
1262 1714 1421 1770 V’elut
1451 1730 1580 1784 ergo
1613 1713 1842 1768 scintilla
1868 1725 2014 1781 quaa-

459 1808 581 1862 dam
616 1809 844 1862 mediam
878 1807 1113 1860 animam
1159 1815 1399 1860 nostram
1437 1803 1714 1868 invadens,
1755 1803 2016 1858 accende-

459 1898 621 1952 liatur
647 1906 700 1952 et
729 1897 1184 1960 inflammabatur,
1219 1906 1330 1950 tum
1370 1910 1496 1966 erga
1535 1895 1730 1964 ipsum,
1762 1893 2013 1948 ineffabili

458 1990 858 2060 pulchritudine
880 2005 1068 2044 omnes
1087 1989 1348 2054 alliciens,
1374 2002 1587 2043 sacrum
1611 1985 1844 2041 Verbum
1868 2001 2016 2040 ama-

459 2085 817 2146 bilissimum;
848 2091 961 2136 tum
983 2095 1109 2150 erga
1140 2079 1314 2132 virum
1346 2079 1508 2144 hunc,
1544 2078 1660 2146 ejus
1699 2078 1929 2131 amicum
1961 2084 2016 2130 et

461 2180 827 2246 interpretem,
859 2188 1049 2240 amor;
1095 2188 1203 2243 quo
1234 2171 1705 2226 vehementissime
1740 2169 1898 2233 ictus,
1926 2183 2014 2222 res

460 2284 650 2324 omnes
679 2282 742 2322 ac
766 2265 1080 2334 disciplinas
1107 2280 1227 2334 quin
1252 2278 1549 2332 congruere
1578 2261 1732 2316 nobis
1760 2259 2015 2314 videban-

459 2370 570 2426 tur,
612 2369 724 2414 tum
763 2366 1004 2419 czeteras.
1041 2365 1156 2410 tum
1198 2356 1342 2425 ipsas
1373 2354 1616 2426 egregias
1658 2352 1799 2420 leges
1844 2365 2012 2414 meas,

461 2463 523 2508 ut
554 2465 885 2522 spernerem,
923 2446 1054 2502 mihi
1090 2445 1364 2516 persuasi;
1395 2445 1527 2514 quin
1573 2451 1627 2498 et
1673 2443 1924 2512 patriam,
1962 2448 2016 2494 et

461 2543 817 2615 propinquos,
845 2549 957 2594 tum
991 2546 1284 2608 praasentes
1312 2536 1406 2606 qui
1435 2534 1682 2600 aderant,
1710 2541 1823 2588 tum
1855 2545 1949 2587 eos
1983 2545 2015 2584 a

461 2634 658 2704 quibus
709 2631 1098 2695 discesseram;
1157 2641 1435 2696 unumque
1493 2623 1627 2679 mihi
1679 2621 1913 2693 optabile
1963 2630 2016 2676 et

461 2723 751 2779 amandum
777 2721 1077 2786 videbatur,
1118 2718 1484 2790 philosophia,
1513 2716 1738 2786 ejusque
1763 2713 2017 2785 magister

461 2817 546 2871 vir
591 2815 682 2871 hic
726 2814 964 2870 divinus.
1005 2812 1072 2866 Et
1106 2812 1468 2883 conglutinata
1510 2819 1585 2864 est
1623 2809 1804 2862 anima
1846 2805 2016 2860 Jona-

464 2909 565 2962 tha:
590 2907 778 2961 animw
810 2904 977 2958 David
1006 2904 1070 2959 ιτ.
1104 2901 1219 2959 Hoc
1243 2902 1493 2974 equidem
1519 2901 1576 2955 in
1597 2899 1767 2956 sacris
1798 2897 2017 2952 Litteris

461 3005 646 3068 postea
671 2994 772 3065 legi
799 3013 814 3049 ι
842 2993 990 3063 prius
1020 2999 1202 3046 autem
1241 2991 1388 3045 sensi
1432 2991 1547 3058 ipse
1590 3003 1698 3041 non
1741 2987 1921 3041 minus
1947 2986 2016 3040 li-

463 3087 650 3158 quido,
686 3101 846 3154 quam
877 3085 1080 3138 dictum
1115 3091 1218 3144 est,
1244 3081 1550 3135 clarissimo
1573 3079 1776 3134 scilicet
1798 3078 2019 3133 oraculo

463 3176 903 3250 praenuntiatum.
929 3173 1044 3228 Non
1089 3173 1236 3226 enim
1273 3171 1588 3240 simpliciter
1620 3170 2021 3240 conglutinatus

462 3278 542 3324 est
577 3266 837 3322 Jonathas
879 3265 1085 3319 David:
1123 3265 1216 3319 sed
1257 3263 1360 3318 illae
1399 3263 1530 3332 ipsae
1560 3278 1683 3330 quae
1723 3261 2017 3332 principem

463 3363 639 3418 locum
671 3368 876 3426 tenent,
920 3361 1149 3426 animm;
1183 3374 1304 3428 qua:
1347 3373 1449 3412 nec
1487 3356 1748 3427 sejunctis
1790 3357 1859 3413 iis
1899 3373 2021 3428 quae

464 3462 722 3524 apparent
747 3462 800 3508 et
839 3452 1246 3522 conspiciuntur
1270 3452 1323 3507 in
1362 3449 1602 3515 homine,
1651 3450 1891 3521 separari
1935 3463 2019 3506 tan

465 3563 586 3602 men
619 3548 746 3617 ipsa:
770 3547 818 3599 vi
845 3545 957 3600 ulla
983 3553 1266 3617 cogantur,
1291 3543 1472 3598 invitae
1497 3553 1642 3599 certe
1664 3543 1810 3599 nullo
1837 3545 2016 3600 modo.

465 3639 657 3696 Libera
706 3637 972 3711 siquidem
1025 3652 1113 3692 res
1155 3644 1243 3692 est
1284 3636 1486 3701 anima,
1532 3643 1586 3690 et
1625 3651 1746 3706 quae
1781 3635 2020 3692 coerceri

463 3733 613 3790 nulla
641 3733 852 3788 ratione
874 3729 1066 3802 possit,
1095 3744 1164 3785 ne
1189 3728 1235 3784 si
1261 3729 1316 3784 in
1349 3728 1606 3798 penetrali
1627 3729 1843 3798 quidem
1864 3728 2021 3784 abdi-

464 3834 574 3879 tam
620 3823 913 3879 custodias.
956 3821 1168 3877 Etenim
1212 3821 1285 3875 ibi
1328 3836 1449 3876 esse
1487 3821 1660 3891 prima
1699 3822 1911 3876 ratione
1957 3836 2022 3877 ac

465 3925 660 3972 natura
693 3930 791 3970 sua
820 3913 1122 3979 consuevit,
1151 3913 1245 3968 ubi
1271 3927 1425 3968 mens
1456 3911 1656 3967 fuerit:
1693 3913 1836 3982 quod
1879 3913 1922 3968 si
1965 3913 2019 3966 in

463 4007 736 4077 ergastulo
769 4006 862 4061 tibi
907 4022 1026 4061 esse
1066 4005 1332 4069 videatur,
1379 4006 1612 4060 secunda
1653 4006 1884 4076 quadam
1927 4021 2019 4060 ra-

468 4100 614 4155 tione
638 4099 748 4155 illic
769 4113 800 4154 a
823 4107 874 4155 te
895 4097 1136 4168 fingitur,
1161 4096 1420 4166 nulloque
1451 4097 1613 4152 modo
1642 4106 1919 4167 propterea
1944 4096 2018 4152 ibi

465 4206 588 4246 esse
612 4190 948 4260 prohibetur,
976 4189 1066 4242 ubi
1102 4202 1222 4244 esse
1258 4187 1518 4253 voluerit;
1541 4188 1672 4259 quin
1698 4189 1808 4243 illic
1840 4189 2016 4244 solum

2109 443 2197 478 ναι
2227 423 2338 494 (81)
2381 422 2526 499 ἡμᾶς
2563 418 2734 482 ἄλλως
2780 417 2957 486 λόγοις
2995 415 3332 488 πειρωμένου
3358 455 3373 480 ,
3414 415 3560 487 δεξιᾷ
3605 416 3662 468 δὲ

2108 517 2201 571 καὶ
2243 510 2601 585 φιλανθρώπῳ
2642 509 2736 564 καὶ
2767 509 3105 580 χρηστοτάτη
3136 507 3328 580 γνώμῃ
3378 507 3566 574 σώζειν
3603 525 3663 562 τε

2107 609 2202 664 καὶ
2229 606 2512 668 κοινωνοὺς
2540 603 2648 658 τῶν
2689 621 2748 656 τε
2794 605 2857 655 ὲκ
2898 598 3211 670 φιλοσοφίας
3251 598 3466 668 ἀγαθῶν
3493 616 3663 652 κατα-

2109 696 2444 767 στήσασθαι,
2472 693 2566 748 καὶ
2609 692 2715 745 τῶν
2758 691 2928 746 ἄλλων
2969 691 3242 762 μάλιστα,
3270 693 3372 745 ὅσα
3413 690 3473 744 τὸ
3513 691 3664 744 Θεῖον

2110 786 2261 859 παρά
2297 789 2422 850 τοὺς
2453 783 2679 847 πολλοὺς
2709 781 2743 854 ἢ
2774 781 2821 834 εἰ
2850 782 2939 834 καὶ
2968 781 3076 852 (82)
3106 781 3258 853 παρά
3293 781 3495 846 πάντας
3537 781 3665 846 ἴσως

2109 884 2234 946 τοὺς
2261 881 2355 935 νῦν
2380 879 2696 953 ἀνθρώπους
2715 917 2729 942 ,
2753 877 2899 948 αὐτῷ
2926 877 3070 948 μόνῳ
3098 877 3408 949 ἐδωρήσατο
3429 894 3442 906 ·
3473 878 3562 931 τὸν
3585 877 3664 930 δι-

2111 972 2370 1027 δάσκαλον
2403 971 2708 1034 εὑσεὸείας,
2725 968 2818 1022 τὸν
2853 970 3112 1040 σωτήριον
3134 969 3310 1036 λόγον,
3333 968 3541 1033 πολλοῖς
3567 969 3666 1039 μὲν

2113 1065 2504 1135 ἐπιφοιτῶντα,
2533 1065 2628 1118 καὶ
2674 1062 2875 1124 πάντας
2917 1061 3379 1131 κατεργαζόμενον
3408 1061 3550 1124 ὅσοις
3599 1060 3667 1114 ἂν

2113 1157 2392 1230 προσ-τύχῃ
2450 1157 2544 1227 (οὐ
2591 1159 2700 1229 γάρ
2748 1160 2893 1212 ἐστιν
2955 1158 2983 1211 ὃ
3022 1173 3075 1207 τι
3138 1153 3284 1224 αὐτῷ
3321 1154 3666 1224 ἐνστήσεται,

2113 1250 2327 1304 πάντων
2356 1248 2448 1301 καὶ
2475 1247 2586 1301 ὄντι
2618 1250 2712 1302 καλ⁸
2741 1249 2978 1320 ἐσομένῳ
3009 1245 3255 1317 βασιλεῖ)·
3293 1245 3670 1316 κρυπτόμενον

2112 1342 2190 1407 δὲ,
2217 1343 2308 1396 καὶ
2331 1342 2391 1394 οὐ
2418 1341 2812 1412 γινωσκόμενον
2838 1339 2959 1394 οὔτε
2998 1337 3193 1409 ῥᾳδίως
3217 1336 3338 1390 οὔτε
3359 1337 3452 1390 καὶ
3473 1337 3668 1406 δυσχε-

2117 1433 2223 1505 ρῶς
2248 1434 2360 1495 τοῖς
2390 1430 2598 1494 πολλοῖς
2616 1464 2631 1494 ,
2671 1431 2746 1495 ώς
2769 1429 3134 1502 ὲρωτηθέντας
3176 1427 3318 1498 ἔχειν
3349 1429 3475 1499 περὶ
3501 1428 3668 1481 αὑτοῦ

2098 1525 2282 1596 ’σαφὲς
2325 1527 2518 1580 είπεῖν.
2559 1519 2680 1590 Dio;
2712 1520 2805 1578 οὖν
2831 1540 2914 1586 τις
2950 1521 3180 1594 σπινθὴρ
3222 1522 3493 1593 ἐνσκήψας
3529 1522 3672 1594 μέσῃ

2113 1621 2179 1689 τῇ
2205 1616 2346 1688 ψυχῇ
2375 1617 2552 1687 ἡμῶν,
2581 1615 2848 1687 ἀνήπτετό
2875 1629 2933 1666 τε
2963 1614 3052 1666 καὶ
3079 1611 3371 1677 ἐξεκαίετο,
3392 1613 3419 1666 ὃ
3447 1629 3506 1664 τε
3532 1613 3672 1683 πρὸς

2116 1709 2205 1762 τὸν
2235 1709 2486 1762 ἁπάντων
2534 1706 2635 1760 ὑπὸ
2682 1706 2906 1768 κάλλους
2953 1705 3187 1775 ἀῤῥητου
3232 1703 3673 1758 ἐπακτικώτατον

2117 1800 2278 1854 αὑτὸν
2305 1799 2471 1869 Λόγον
2493 1799 2582 1852 τὸν
2616 1799 2756 1869 ίερὸν
2787 1799 2876 1852 τὸν
2908 1797 3334 1871 ἐρασμιώτατον,
3355 1797 3449 1850 καὶ
3474 1799 3502 1850 ό
3531 1797 3673 1867 πρὸς

2115 1892 2205 1946 τὸν
2246 1891 2412 1961 ἄνδρα
2453 1891 2630 1955 τόνδε,
2677 1889 2768 1943 τὸν
2825 1890 2988 1944 αὐτοῦ
3038 1890 3188 1960 φίλον
3227 1889 3320 1943 καὶ
3368 1890 3674 1960 προήγορον

2117 1983 2252 2056 ἔρως
2270 1997 2284 2014 ⁸
2317 1978 2360 2052 ᾧ
2393 1982 2618 2055 μάλιστα
2640 1983 2976 2055 τετρωμένος
2997 2023 3011 2048 ,
3036 1983 3287 2036 ἁπάντων
3317 1981 3427 2034 τῶν
3451 1981 3673 2034 δοκούν-

2114 2093 2222 2130 των
2253 2077 2380 2148 ὴμῖν
2408 2077 2700 2148 προσήκειν
2728 2075 3120 2147 πραγμάτωνῆ
3159 2074 3525 2146 μαθημάτων,
3559 2073 3675 2126 τῶν

2115 2187 2174 2223 τε
2206 2171 2378 2224 ἄλλων
2407 2171 2500 2223 καὶ
2530 2169 2704 2223 αὐτῶν
2731 2169 2837 2222 τῶν
2868 2169 3044 2224 καλῶν
3081 2187 3181 2240 μου
3216 2169 3412 2238 νόμων,
3447 2167 3672 2239 ἀμελεῖν

2116 2261 2408 2331 ἐπειθόμην
2431 2277 2444 2292 ·
2479 2259 2730 2331 πατρίδος
2755 2276 2813 2312 τε
2841 2262 2932 2314 καλ¹
2957 2260 3189 2326 οἰκείων,
3237 2259 3345 2312 τῶν
3374 2275 3434 2311 τε
3466 2259 3672 2329 παρόνά

2115 2369 2222 2405 των
2268 2351 2533 2415 ἐνταῦθα,
2583 2353 2672 2405 καὶ
2713 2347 2796 2416 οἷς
2843 2352 3270 2424 ἀπεδημήσαμεν
3298 2367 3312 2381 ο
3376 2350 3434 2404 ἓν
3473 2350 3530 2404 δέ
3580 2367 3675 2421 μοι

2119 2441 2267 2514 φίλον
2290 2439 2358 2514 ἦν
2384 2443 2475 2496 καὶ
2504 2443 2881 2514 ἀγαπώμενον,
2905 2443 3186 2514 φιλοσοφία
3212 2460 3270 2496 τε
3296 2442 3390 2496 καὶ
3413 2442 3441 2495 ὁ
3467 2441 3675 2512 ταύτης

2118 2532 2444 2606 καθηγεμὼν
2474 2530 2624 2599 οὗτος
2652 2537 2680 2588 ὁ
2710 2534 2847 2599 θεῖος
2893 2534 3193 2606 ἄνθρωπος.
3236 2533 3346 2589 Καὶ
3374 2533 3671 2603 συνεδέθη

2117 2627 2156 2696 ἡ
2183 2625 2351 2695 ψυχὴ
2377 2623 2654 2680 Ἰωνάθαν
2686 2625 2880 2680 Δαϐίδ.
2924 2626 3094 2679 Τοῦτο
3124 2625 3360 2694 ἀνέγνων
3390 2625 3486 2697 μὲν
3517 2623 3677 2678 ὔστε-

2121 2732 2212 2788 ρον
2253 2715 2311 2768 ὲν
2341 2717 2452 2778 τοῖς
2498 2717 2659 2786 ἱεροῖς
2703 2715 3054 2788 Γράμμασιν·
3093 2714 3294 2768 ἔπαθον
3321 2714 3379 2768 δὲ
3411 2713 3675 2786 πρότερον

2119 2809 2216 2880 οὐχ
2231 2804 2390 2880 ἦττον
2407 2808 2725 2880 ὲναργῶς,ἢ
2757 2808 2990 2881 εἴρηται,
3027 2805 3264 2876 καίτοιγε
3303 2806 3674 2878 ἐναργέστατα

2121 2903 2660 2975 κεχρησμιεκεημένον.
2682 2901 2758 2957 Οὐ
2780 2903 2886 2975 γὰρ
2920 2901 3169 2972 συνεδέθη
3192 2901 3379 2965 ἁπλῶς
3421 2901 3675 2956 Ἰωνάθαν

2120 2995 2278 3048 Δαϐὶδ
2297 3037 2312 3060 ,
2359 2994 2496 3048 αὑτά
2526 2995 2582 3048 δὲ
2613 2994 2683 3048 τὰ
2729 2993 3038 3066 κυριώτατα
3060 3033 3076 3059 ,
3104 2993 3246 3064 ψυχὴ
3265 3033 3280 3057 ,
3314 2991 3465 3047 ταῦθ’
3494 2993 3673 3065 ἅπερ,

2119 3087 2237 3141 οὐδὲ
2269 3087 2637 3158 χωρισθέντων
2685 3086 2793 3139 τῶν
2825 3087 3158 3157 φαινομένων
3191 3087 3283 3140 καὶ
3330 3085 3678 3157 βλεπομένων

2119 3177 2416 3249 ἀνθρώπῳ,
2461 3177 2791 3248 χωρισθῆναι
2822 3178 2916 3230 καὶ
2947 3179 3087 3232 αὐτά
3119 3179 3328 3250 μηχανῇ
3361 3195 3466 3231 τινι
3509 3195 3678 3230 κατα-ί

2116 3269 2585 3340 ναγκασθήσεται,
2637 3268 2834 3323 ἄκοντα
2888 3269 2987 3340 μὲν
3037 3270 3306 3341 οὐδαμῶς.
3358 3271 3518 3342 Ψυχὴ
3567 3272 3676 3342 γὰρ

2116 3358 2392 3432 ἐλεύθερον
2442 3360 2536 3414 καὶ
2591 3362 2691 3414 οὐκ
2736 3360 3182 3430 ὲγκατάκλειστον
3230 3362 3403 3414 οὐδενὶ
3451 3362 3673 3433 τρόπῳ,

2117 3453 2222 3506 οὐδ’
2246 3452 2310 3507 ἂν
2347 3455 2405 3506 ὲν
2443 3454 2668 3524 οἰκίσκῳ
2711 3450 3004 3524 καθείρξας
3033 3455 3225 3524 τηρῇς.
3263 3454 3381 3519 ,Καὶ
3403 3452 3513 3524 γὰρ
3537 3449 3676 3508 εἶναι

2118 3545 2326 3616 πέφυκε
2350 3546 2439 3599 τόν
2471 3563 2533 3615 γε
2563 3544 2774 3617 πρῶτον
2801 3545 2977 3614 λόγον,
3011 3542 3182 3618 οὗπερ
3213 3545 3280 3600 ἂν
3301 3547 3329 3598 ό
3358 3546 3480 3610 νοῦς
3575 3561 3590 3577 ο
3629 3547 3677 3599 εί

2117 3637 2174 3691 δὲ
2203 3640 2296 3691 κα)⁵
2323 3640 2379 3692 ὲν
2399 3637 2476 3710 τῷ
2502 3639 2727 3710 οἰκίσκῳ
2759 3655 2839 3691 σοι
2872 3633 3009 3692 εἶναι
3039 3637 3212 3703 δοκεῖ,
3250 3639 3390 3692 κατὰ
3424 3637 3677 3710 δεύτερόν

2117 3741 2237 3781 τινα
2279 3727 2432 3797 λόγον
2465 3727 2697 3782 ἐνταῦθά
2735 3745 2816 3781 σοι
2849 3726 3206 3798 φαντάζεταιο
3243 3729 3492 3801 οὐδαμῶς
3535 3725 3676 3783 εἶναι

2117 3821 2232 3873 ἐκεῖ
2251 3819 2336 3874 διὰ
2359 3819 2514 3874 τοῦτο
2539 3817 2914 3893 κεκωλυμένη,
2945 3815 3114 3892 οὗπερ
3137 3820 3201 3874 ἂν
3228 3817 3364 3875 εἶναι
3399 3820 3632 3892 βουληθῇ
3657 3834 3672 3852 ⁸

2121 3911 2316 3982 μᾶλλον
2355 3911 2411 3966 δὲ
2441 3912 2610 3982 πάντη
2641 3911 2856 3975 πάντως
2893 3913 3007 3964 ὲκεῖ
3040 3913 3196 3982 μόνον
3228 3907 3363 3965 εἶναι
3393 3912 3487 3964 καὶ
3518 3911 3678 3965 δυναα

2117 4005 2254 4076 μένη
2283 4003 2374 4059 καὶ
2403 4007 2746 4057 πιστευθεῖσα
2763 4004 2829 4058 ἂν
2849 4004 3070 4068 εἰκότως
3087 4041 3106 4068 ,
3135 3997 3303 4074 οὗπερ
3333 4003 3398 4058 ἂν
3418 4005 3513 4057 καὶ
3539 4005 3678 4074 πρὸς

2115 4093 2144 4149 ὃ
2167 4095 2232 4151 ἂν
2263 4095 2329 4149 τά
2354 4094 2518 4167 μόνης
2545 4095 2712 4165 αὐτῆς
2743 4096 2847 4149 tam
2878 4095 2994 4149 κατ’
3022 4094 3188 4166 αὐτὴν
3219 4094 3352 4166 ἔργα
3464 4095 3674 4148 Οὐκοῦν

2117 4187 2570 4259 περιφανέστατον
2599 4187 2740 4240 τοῦδ’
2773 4188 2909 4258 ὅπερ
2945 4185 3142 4240 έπαθον
3189 4185 3550 4257 βραχυτάταις
3596 4187 3679 4240 λέο

467 4297 692 4354 prorsus
713 4296 834 4336 esse
858 4288 1056 4350 potest,
1080 4287 1132 4334 et
1157 4279 1280 4348 jure
1305 4279 1558 4347 creditur,
1592 4280 1682 4334 ubi
1715 4279 2015 4351 quibusque

2119 4276 2261 4343 ξεσιν
2291 4276 2552 4348 ἐδήλωσε,
2590 4278 2687 4349 τὴν
2718 4277 2892 4350 ψυχὴν
2938 4277 3191 4332 Ἰωνάθαν
3239 4277 3576 4331 συνδεδέσθαι
3608 4281 3676 4348 τῇ

467 4373 522 4428 in
561 4374 724 4428 rebus
749 4372 965 4442 propria
989 4370 1107 4440 ejus
1132 4371 1293 4426 unius
1316 4385 1478 4441 opera
1499 4381 1816 4427 cernuntur.
1839 4371 2015 4438 Quare

2116 4369 2256 4442 ψυχῇ
2299 4370 2491 4424 Δαδίδ·
2525 4370 2674 4424 ταῦθ’
2708 4370 2851 4442 ἆπερ
2894 4369 3093 4424 ἄκοντα
3125 4369 3224 4440 μὲν
3271 4369 3551 4440 οὐδαμῶς,
3599 4369 3674 4432 ὼς

467 4463 766 4518 clarissime
793 4462 896 4516 hoc
923 4462 1098 4531 ipsum
1122 4461 1266 4531 quod
1297 4463 1428 4516 mihi
1474 4461 1716 4533 contigit,
1759 4463 2018 4532 paucissi.

467 4553 571 4608 niis
591 4551 769 4606 verbis
805 4550 1115 4613 declaravit,
1137 4551 1373 4605 animam
1402 4549 1644 4608 Jonatha:
1684 4553 2019 4622 conglutina--

467 4656 578 4700 tam
609 4643 776 4699 fuisse
810 4643 1003 4697 anima:
1043 4642 1238 4711 David;
1267 4646 1398 4712 haec,
1432 4645 1672 4715 inquam,
1703 4661 1822 4716 qua
1851 4646 2018 4702 invita

466 4735 684 4805 quidem
717 4735 865 4789 nullo
897 4735 1060 4788 modo
1103 4735 1312 4804 sejungi
1361 4744 1596 4806 queant;
1645 4747 1835 4808 sponte
1866 4754 2014 4806 vero,

467 4841 577 4880 non
620 4825 776 4880 facile
815 4827 1199 4880 assentiamur.
1252 4824 1370 4881 Non
1422 4832 1566 4884 enim
1617 4831 1672 4884 in
1718 4831 2016 4897 deteriore,

468 4918 684 4988 Opinor,
728 4917 822 4988 qui
861 4918 1105 4975 moribus
1144 4919 1327 4975 varius
1347 4930 1482 4984 erat,
1508 4931 1563 4976 et
1594 4922 1659 4975 ad
1701 4924 2016 4978 mutandum

467 5011 780 5081 proclivior,
803 5025 1082 5065 sacrorum
1118 5012 1321 5067 amoris
1352 5013 1516 5082 hujus
1551 5013 1888 5069 vinculorum
1929 5031 2019 5070 so-

467 5100 689 5156 lutionis
734 5111 998 5172 potestas;
1049 5103 1103 5158 in
1153 5117 1262 5171 quo
1307 5103 1425 5158 solo
1466 5119 1568 5160 nec
1615 5106 1900 5176 colligandi
1938 5111 2018 5163 vis

469 5193 623 5248 initio
660 5192 866 5248 fuerat:
904 5194 998 5250 sed
1030 5195 1085 5250 in
1121 5196 1362 5264 meliore,
1395 5199 1487 5267 qui
1522 5208 1777 5254 constans
1807 5209 1922 5256 erat
1954 5216 2018 5256 ac

537 5303 582 5338 "
624 5307 645 5358 ι
673 5303 802 5376 Reg.
832 5322 995 5373 xvur,
1032 5307 1080 5361 f.

541 5415 649 5502 _(8|)
665 5418 960 5502 aetate...
978 5419 1348 5502 ἐκπερςεῖναι.
1370 5423 1521 5502 sape
1547 5425 1725 5502 αιξτός.
1747 5426 1848 5502 hoc
1863 5443 2014 5497 casu,

468 5486 753 5569 subaudita
779 5489 874 5569 σύν
907 5486 1284 5560 praepositione
1317 5486 1552 5563 ponitur.
1577 5486 1848 5569 Quodliic
1878 5486 2016 5568 quo;

470 5570 578 5635 que
595 5560 772 5635 inagis
795 5560 992 5635 placet,
1007 5578 1170 5630 quam
1197 5560 1398 5632 φωναῖς
1415 5581 1537 5619 cum
1571 5567 1875 5635 ἐνεφαίνετο
1891 5560 2020 5624 con-

473 5573 578 5624 que
595 5573 772 5635 .tnagts
791 5573 992 5681 ἃιαοει,
1007 5578 1170 5630 quam
1197 5573 1398 5632 φωναῖς
1415 5581 1537 5619 cum
1571 5573 1875 5635 ἐνεφαίνετο
1895 5586 2015 5624 con-

473 5623 772 5682 stru1.Mox
842 5630 1562 5710 hodomanus,éx1rspuévatt.
1590 5636 1695 5698 Sed
1718 5636 2015 5710 εἷναι,‹.-υιη

2120 4460 2274 4534 ἔφην,
2298 4463 2621 4534 χωρισθῆναι
2642 4463 3079 4533 ὲκνικηθήσεται,
3097 4458 3288 4518 ἑκόντα
3307 4463 3363 4517 δὲ
3387 4463 3448 4515 οὑ
3477 4459 3676 4534 ῥαδίως

2120 4556 2351 4628 θελήσει.
2381 4556 2455 4609 Οὐ
2483 4555 2591 4627 γὰρ
2631 4556 2723 4609 ἐπὶ
2762 4555 2840 4626 τῷ
2872 4555 3104 4626 χείρονι,
3139 4553 3319 4627 οἶμαι,
3365 4556 3480 4610 ὅντι
3513 4555 3677 4609 πολυδ

2118 4651 2302 4722 τρόπῳ
2333 4651 2426 4704 καὶ
2457 4649 2801 4721 εὐκολωτέρῳ
2835 4649 3312 4720 μεταϐουλεύεσθαι
3341 4651 3375 4721 ἡ
3413 4649 3513 4720 τῆς
3546 4651 3676 4704 ἀνα-

2119 4740 2322 4806 λύσεως
2341 4743 2448 4796 τῶν
2476 4741 2632 4813 ἱερῶν
2659 4741 2765 4794 τῶν
2785 4741 2973 4811 φιλίων
2992 4739 3194 4794 τούτων
3208 4740 3416 4812 δεσμῶν
3437 4741 3674 4805 ἐξουσία,

2120 4834 2202 4904 ἐφ’
2244 4827 2394 4905 ᾧπερ
2424 4835 2543 4887 οὐδὲ
2573 4833 2634 4887 τὸ
2665 4832 3060 4904 καταδήσασθαι
3103 4832 3318 4902 ἐγένετο
3364 4832 3463 4904 τὴν
3498 4833 3674 4903 ἀρχὴν

2123 4927 2295 4998 μόνῳ’
2329 4925 2440 4980 ἁλλ’
2473 4927 2565 4979 ἐπὶ
2593 4925 2669 4997 τῷ
2711 4923 2974 4998 κρείττονι
3017 4924 3128 4978 ὄντι
3178 4924 3415 4996 μονίμῳ,
3447 4925 3541 4978 καὶ
3572 4927 3675 4978 οὐκ

2120 5019 2398 5090 εὐσείστῳ,
2421 5019 2505 5089 ἐφ’
2535 5011 2685 5090 ᾧπερ
2707 5018 2800 5072 καὶ
2830 5019 3264 5091 κατεργάσασθαι
3289 5018 3415 5082 τοὺς
3444 5017 3675 5088 δεσμοὺς

2119 5111 2214 5165 καὶ
2237 5111 2300 5164 τὸ
2344 5110 2485 5183 ἱερὸν
2521 5110 2678 5164 τοῦτο
2707 5111 2866 5182 ἅμμα
2918 5111 3113 5182 μᾶλλον
3143 5107 3229 5182 ἦν.
3261 5107 3518 5181 Συνεδέθη
3543 5110 3675 5179 γοῦν
3697 5106 3710 5128 ⁸

2123 5204 2217 5258 καὶ
2242 5203 2345 5256 ὑπὸ
2369 5203 2462 5256 τοῦ
2501 5201 2644 5256 θείου
2671 5203 2830 5272 λόγου
2860 5204 2957 5274 οὐχ
2988 5205 3021 5274 ἡ
3045 5202 3191 5274 ψυχὴ
3237 5201 3396 5256 Δαδὶδ
3425 5204 3491 5273 τῇ
3527 5202 3672 5275 ψυχῇ

2122 5430 2437 5499 compositis
2458 5473 2472 5496 ,
2502 5429 2756 5501 frequens
2790 5446 2891 5501 pro
2923 5431 3077 5486 ἱέναι.
3119 5430 3209 5487 Sic
3249 5431 3388 5487 infra
3429 5432 3678 5488 invenias

2123 5505 2376 5573 συνεῖναι,
2404 5503 2638 5567 ἀπεῖναι,
2673 5507 2967 5573 προσεῖναι.
3008 5502 3236 5557 Βεαοει.

2197 5572 2304 5652 (82)
2343 5574 2409 5652 “ﬂ
2436 5574 2654 5652 εςκαί..
2678 5571 2750 5625 Τὸ
2787 5577 2834 5652 εἰ
2870 5574 3467 5652 i‘nutileac‘delendum
3500 5589 3516 5626 :
3564 5571 3677 5631 υἱεῖ

2122 5642 2410 5714 peculiaris
2438 5643 2620 5715 aliqua
2641 5643 2842 5701 locutio
2863 5642 3131 5724 Gregorii.
3162 5643 3392 5700 Casum.
