3938 6282
184 345 326 404 1073

1174 350 1243 405 IN
1290 348 1640 408 ORIGENEM
1681 351 1935 408 ORATIO
1974 350 2425 411 PANEGYRICA.

3266 350 3402 406 107‘

194 462 481 517 Ἶωνάθαν·
524 463 756 534 ἔμπαλιν
793 465 851 518 δὲ
887 466 919 535 ἡ
968 464 1062 519 τοῦ
1103 466 1342 538 χείρονος
1372 468 1516 539 ψυχὴ
1560 468 1747 522 τούτου

1867 470 2075 524 ninime
2119 472 2427 539 mutabilis;
2474 486 2569 541 per
2613 484 2773 539 quem
2804 476 2857 523 et
2893 466 3106 521 vincula
3145 479 3402 533 sacerque

182 552 434 607 παθοῦσα
464 554 782 624 συνδεομὲνη
812 554 1026 621 λέγεται
1057 558 1123 625 τῇ
1156 555 1299 627 ψυχῇ
1332 558 1507 611 Δαϐίδ.
1544 560 1617 611 Ob
1642 559 1748 632 γὰρ

183 644 246 696 τὸ
279 646 557 714 κρεῖττον,
603 644 869 715 αὔταρκες
895 645 953 697 ὃν
972 688 986 711 ,
1017 646 1187 700 ἕλοιτο
1220 647 1285 701 ἂν
1317 647 1394 717 τῷ
1426 648 1588 702 αὑτοῦ
1624 667 1747 702 συν-

186 734 431 790 δεδέσθαι
463 736 663 806 χείρονι
682 754 695 767 °
726 736 858 789 ἀλλὰ
878 736 938 789 τὸ
960 740 1138 807 χεῖρον
1164 739 1481 809 ἐπικουρίας
1504 739 1750 808 δεόμενον

184 829 287 896 τῆς
313 828 465 898 παρὰ
484 827 577 879 τοῦ
608 826 867 896 βελτίονος
883 866 897 888 ,
928 828 1177 881 συνδεθέν
1197 828 1274 898 τῷ
1296 831 1561 900 κρείττονι
1594 849 1754 904 προσ·

184 919 460 989 ηρτῆσθαι
489 920 685 990 ἐχρῆνο
721 920 808 972 ἵνα
840 919 900 971 τὸ
933 920 1058 989 μὲν,
1092 919 1249 989 μένον
1279 922 1363 988 ἐφ’
1392 922 1580 975 ἑαυτοῦ
1601 966 1614 989 ,
1652 942 1754 996 μη-

184 1009 382 1080 δεμίας
414 1009 659 1080 ἀπολάϐῃ
694 1009 894 1079 βλάϐης
924 1012 988 1062 ἐκ
1027 1008 1126 1079 τῆς
1159 1008 1294 1080 πρὸς
1329 1010 1389 1063 τὸ
1429 1014 1608 1082 χεῖρον
1648 1030 1756 1067 κοι-

189 1102 425 1165 νωνίας·
480 1102 541 1154 τὸ
584 1102 627 1154 δ’
672 1102 901 1155 ἄτακτον
954 1099 1013 1166 ἐξ
1059 1101 1219 1154 αὑτοῦ
1247 1144 1261 1168 ,
1308 1103 1596 1157 καταδεθέν
1660 1108 1755 1159 καὶ

191 1190 564 1261 συναρμοσθὲν
584 1190 661 1261 τῷ
686 1191 969 1262 κρείττονι,
1000 1192 1165 1262 μηδὲν
1196 1192 1399 1261 βλάψαν
1432 1197 1552 1257 ταῖς
1589 1196 1755 1265 ἀνάγ-

188 1298 317 1345 καις
350 1283 456 1334 τῶν
479 1282 693 1352 δεσμῶν
733 1283 867 1353 πρὸς
890 1284 951 1336 τὸ
972 1286 1213 1354 κρεῖττον
1237 1284 1519 1355 ὲκνικηθῇ.
1542 1286 1632 1339 Διὸ
1664 1289 1756 1340 καὶ

192 1370 631 1441 κατεργάζεσθαι
666 1372 760 1442 μὲν
790 1372 916 1434 τοὺς
959 1371 1185 1441 δεσμοὺς
1233 1372 1327 1425 τοῦ
1372 1373 1717 1445 διαφέροντος
1740 1414 1755 1439 ,

193 1462 312 1517 ἀλλ’
346 1463 407 1515 οὐ
436 1461 530 1514 τοῦ
565 1464 785 1531 ἥττονος
815 1458 911 1532 ἦν*
951 1463 1249 1515 συνδεῖσθαι
1276 1464 1333 1517 δὲ
1360 1465 1453 1517 τοῦ
1484 1466 1723 1536 χείρονος
1742 1507 1756 1534 ,

196 1555 275 1616 ὡς
300 1554 423 1624 μηδ’
447 1554 692 1618 ἐξουσίαν
721 1554 862 1624 ἔχειν
888 1572 1003 1617 πως
1022 1555 1380 1611 ἀπολελύσθαι
1401 1557 1509 1610 τῶν
1527 1558 1758 1629 δεσμῶν.

198 1644 486 1707 Τοιαύταις
518 1646 654 1697 τισὶν
685 1646 947 1713 ἀνάγκαις
972 1645 1133 1699 Δαὸὶδ
1161 1641 1310 1709 οὗτος
1338 1648 1762 1719 συσφιγξάμενος

199 1734 351 1803 ἡμᾶς
382 1733 515 1804 ἔχει,
549 1734 643 1787 νῦν
672 1751 730 1787 τε
762 1736 856 1789 καὶ⁸
887 1735 944 1801 ἐξ
976 1736 1322 1800 ἐκείνου,ούδ’
1343 1740 1391 1793 εί
1419 1738 1758 1810 βουλοίμεθα,

1854 560 1941 613 hic
1967 575 2138 614 nexus
2167 561 2360 616 confici
2382 560 2731 630 copularique
2775 558 2973 612 rectius
3000 563 3228 626 poterat.
3259 554 3402 609 Con-

1854 650 2119 718 glutinata
2154 660 2236 706 est
2282 652 2446 721 igitur
2484 667 2513 706 a
2566 650 2750 704 divino
2798 664 3044 704 sermone
3086 664 3191 701 non
3222 648 3404 701 anima

1858 742 2020 797 David
2053 743 2246 796 animm
2276 742 2554 809 Jonathae;
2598 742 2688 796 sed
2716 750 2925 803 contra,
2970 739 3249 793 deterioris
3282 737 3402 792 ani-

1852 847 1941 885 ma
1980 833 2060 886 sic
2095 831 2304 895 affecta,
2343 831 2707 902 conglutinata
2752 829 2947 884 dicitur
2986 828 3177 882 anima:
3216 826 3402 889 David.

1852 921 1961 977 Nec
1985 922 2131 976 enim
2162 938 2289 992 pars
2310 924 2505 991 potior,
2531 938 2652 977 cum
2682 922 2782 976 sibi
2810 936 2906 990 per
2931 935 2988 975 se
3013 921 3127 989 ipsa
3157 920 3404 981 sufficiat,

1855 1012 2108 1068 deteriori
2134 1028 2192 1067 se
2215 1013 2534 1084 agglutinari
2559 1021 2805 1081 cuperet;
2833 1012 2923 1066 sed
2944 1010 3260 1065 deteriorem
3286 1023 3407 1079 quze

1855 1119 1957 1173 ope
1986 1105 2184 1173 indiget
2225 1104 2485 1170 melioris,
2533 1121 2562 1159 a
2610 1104 2815 1173 potiore
2858 1101 3274 1170 conglutinatam
3314 1100 3407 1154 de.-

1838 1194 2094 1262 ‘pendere
2122 1196 2390 1263 oportuit:
2412 1205 2469 1249 ut
2495 1195 2607 1249 haec
2630 1194 2843 1263 quidem
2872 1192 2924 1246 in
2948 1208 3005 1245 se
3028 1192 3141 1261 ipsa
3162 1206 3404 1257 manens,

1855 1287 2120 1340 damnum
2155 1288 2363 1341 nullum
2406 1304 2469 1341 ex
2517 1286 2801 1342 deterioris
2843 1285 3221 1339 communione
3249 1299 3408 1354 cape-

1858 1385 1967 1429 ret:
2006 1392 2129 1445 qua:
2162 1388 2340 1433 autem
2368 1394 2433 1431 ex
2463 1394 2521 1433 se
2545 1377 2896 1446 incomposita
2924 1384 3058 1439 erat,
3084 1375 3329 1443 colligata
3355 1383 3409 1428 et.

1859 1466 2148 1536 conjuncta
2176 1484 2297 1523 cum
2340 1469 2569 1538 pctiore,
2596 1467 2727 1521 nihil
2764 1468 2882 1536 ipsa
2924 1466 3180 1527 ofﬁciens,
3218 1465 3410 1519 vincu—

1859 1554 2033 1609 lorum
2065 1572 2186 1610 cum
2213 1572 2275 1611 ea
2311 1573 2448 1612 nexu
2471 1567 2524 1611 et
2557 1557 2876 1610 necessitate
2897 1555 3218 1609 vinceretur.
3256 1551 3412 1607 Unde

1862 1646 2075 1701 vincula
2105 1647 2325 1714 inferre,
2362 1648 2750 1718 praestantioris
2774 1656 2910 1713 erat,
2950 1660 3058 1701 non
3106 1644 3413 1710 inferioris;

1864 1736 2187 1805 agglutinari
2218 1745 2418 1803 autem,
2450 1735 2765 1802 deterioris;
2798 1735 2868 1789 ita
2901 1734 3139 1804 quidem,
3183 1743 3243 1788 ut
3285 1734 3413 1786 vin-7

198 1823 309 1879 τῶν
339 1823 551 1894 δεσμῶν
581 1824 744 1878 αὑτοῦ
789 1824 1037 1879 λελύσθαι
1071 1826 1415 1898 δυναμένους.
1458 1829 1531 1882 Οὐ
1563 1830 1758 1892 τοίνυν,

1867 1830 1999 1883 culis
2045 1819 2295 1899 expedire
2340 1845 2399 1885 se
2442 1830 2840 1899 quodammodo
2881 1844 2988 1882 non
3038 1835 3240 1897 posset.
3292 1824 3411 1879 Tali

204 1913 300 1966 καὶ
330 1914 380 1965 εί
400 1912 869 1984 ἀποδημήσαιμεν,
901 1914 1088 1985 ἀνήσει
1111 1916 1204 1979 τὰς
1230 1916 1403 1986 ψυχὰς
1430 1917 1603 1989 ἡμῶν,
1621 1920 1757 1976 κατά

199 2005 262 2057 τὸ
287 2003 430 2057 θεῖον
461 2005 689 2075 γράμμα
719 2005 857 2076 ἔχων
888 2005 1029 2059 οὕτω
1063 2007 1460 2078 συνδεδεμένας.

1860 1921 2095 1990 quodam
2128 1920 2463 1977 necessitatis
2490 1937 2627 1975 nexu
2651 1920 2817 1975 David
2849 1920 2938 1975 hic
2963 1936 3061 1974 nos
3085 1919 3415 1989 astringens,

1859 2025 1926 2065 ex
1964 2027 2029 2066 eo
2069 2021 2309 2082 tempore
2345 2022 2529 2081 captos
2574 2021 2739 2078 tenet,
2784 2028 2882 2066 nec
2926 2012 2971 2066 si
3013 2011 3259 2076 velimus,
3293 2010 3409 2078 ejus

196 2097 434 2152 vinculis
474 2098 707 2152 eximere
744 2114 845 2154 nos
872 2100 1130 2155 valentes.
1161 2099 1269 2156 Nec
1294 2102 1457 2172 igitur
1494 2103 1539 2159 si
1563 2103 1841 2171 abeamus,
1868 2106 2133 2163 relaxabit
2156 2109 2365 2164 animas
2385 2117 2618 2169 nostras.
2644 2124 2799 2178 quas,
2821 2109 2972 2177 juxta
3006 2106 3240 2162 divinam
3266 2104 3413 2160 Scri-

196 2199 437 2263 pturam,
463 2192 853 2260 conglutinatas
887 2194 966 2249 sic
989 2203 1149 2249 tenet.

269 2285 345 2338 Z'.
386 2286 531 2356 Πλὴν
560 2286 729 2349 οὕτως
760 2288 905 2358 ἡμᾶς
948 2288 1005 2356 ἐξ
1037 2291 1208 2361 ἀρχῆς
1244 2290 1375 2344 ἐλὼν
1398 2331 1413 2357 ,
1447 2290 1541 2346 καὶ
1587 2291 1762 2349 πάντα

196 2376 399 2447 τρόπον
430 2378 793 2449 ἐκπεριελθὼν
812 2418 826 2444 ,
853 2380 1036 2451 ἐπειδὴ
1069 2382 1262 2452 ἤνυστο
1292 2383 1439 2454 αύτῷ
1469 2384 1529 2437 τὸ
1560 2384 1760 2450 πλεῖον,

199 2469 295 2521 καὶ
330 2468 509 2538 μένειν
540 2470 741 2535 ἐδόκει,
774 2472 1083 2525 τούντεῦθεν
1102 2512 1116 2536 ,
1149 2474 1333 2545 ὥσπερ
1372 2475 1424 2528 εί
1451 2494 1532 2540 τις
1563 2477 1763 2545 ἀγαθὸς

199 2560 445 2629 γεωργὸς
472 2560 575 2629 γῆν
601 2563 776 2633 ἀργήν
808 2580 925 2616 τινα
944 2604 959 2627 ,
993 2565 1086 2618 καὶ
1118 2565 1233 2635 ἦτοι
1274 2567 1393 2619 ούδέ
1423 2566 1631 2635 εὔγειον
1675 2569 1764 2620 οὐ-

200 2649 425 2720 δαμῶς,
456 2650 590 2705 ἀλλά
620 2669 738 2707 τινα
767 2652 1011 2725 ἁλμυρὰν
1040 2656 1131 2709 καὶ
1164 2657 1527 2728 κεκαυμένην,
1560 2658 1764 2711 ὑπόπε-

203 2740 333 2813 τρὸν
366 2758 423 2793 τε
454 2743 548 2795 καὶ
589 2742 865 2815 ψαφαράν,
892 2746 925 2815 ἢ
955 2746 1014 2798 οὐ
1045 2745 1217 2817 πάντη
1254 2747 1350 2817 μὲν
1380 2747 1579 2819 ἄφορον
1598 2787 1612 2811 ,
1644 2746 1762 2800 οὐδέ

205 2849 269 2901 γε
304 2832 484 2903 ἀφυῆ,
530 2833 662 2887 ἀλλά
693 2836 783 2889 καὶ
824 2836 1066 2909 πολυφυῆ
1115 2837 1243 2909 μὲν,
1290 2838 1481 2909 χέρσον
1515 2838 1571 2891 δέ
1616 2839 1762 2911 ὅμως

206 2924 307 2979 καὶ
358 2924 737 2997 ἠμελημένην,
797 2927 1055 2991 ἀκάνθαις
1121 2929 1215 2982 καὶ
1279 2929 1502 3000 θάμνοις
1554 2930 1764 3000 ἀγρίοις

205 3016 660 3088 ἐστρυφνωμένην
710 3018 802 3071 καὶ
840 3019 1104 3090 δυσεργῆ·
1148 3020 1181 3091 ἢ
1224 3015 1312 3075 οἷά
1350 3039 1434 3086 τις
1466 3022 1763 3093 φυτουργὸς

204 3107 342 3178 ἀνὴρ
367 3109 551 3177 φυτὸν,
580 3110 696 3179 ἦτοι
722 3110 927 3183 ἄγριον,
959 3113 1052 3165 καί
1081 3113 1303 3184 καρπῶν
1325 3114 1543 3187 ἡμέρων
1565 3115 1762 3187 ἄφορον
1794 3141 1833 3198 C

211 3200 328 3273 μὲν,
345 3202 409 3253 οὐ
433 3201 539 3272 μὴν
558 3202 734 3273 πάντη
757 3204 1025 3275 ἄχρηστον
1044 3222 1057 3235 ο
1085 3206 1138 3257 εἴ
1158 3223 1242 3269 τις
1261 3207 1423 3281 τέχνῃ
1440 3211 1505 3279 τῇ
1530 3225 1761 3279 φυτουρ-

207 3294 335 3361 γικῇ
368 3292 547 3361 φέρων
586 3292 808 3362 βλαστὸν
838 3296 1043 3367 ἥμερον
1073 3299 1423 3367 ἐμφυτεύσει,
1455 3301 1614 3371 μέσον
1652 3302 1769 3371 σχίη

210 3398 308 3446 σας
324 3423 340 3447 ,
364 3379 485 3437 εἶτα
513 3384 799 3455 συμϐαλὼν
828 3388 921 3440 καὶ
950 3388 1212 3460 συνδήσας
1232 3430 1246 3452 ,
1268 3390 1424 3463 ἄχρις
1445 3391 1510 3445 ἂν
1533 3410 1594 3445 συ
1603 3391 1765 3463 μϐλύ·

214 3485 387 3523 σαντα
427 3471 503 3535 ὠς
546 3472 653 3543 (85)
689 3474 853 3544 ἄμφω
897 3476 1159 3549 τρέφηται
1192 3477 1350 3545 (οὕτω
1393 3478 1503 3551 γὰρ
1541 3481 1605 3535 ἂν
1637 3481 1764 3544 ἴδοις

214 3558 430 3634 δένδρον
466 3580 519 3616 τι
565 3566 863 3635 συμμιγὲς,
908 3569 999 3621 καὶ
1044 3568 1195 3622 νόθον
1239 3569 1367 3640 μὲν,
1401 3570 1670 3642 εὔκαρπον
1708 3572 1764 3629 δὲ

213 3650 273 3717 ἐξ
289 3652 560 3724 ἀκάρπου,
578 3658 818 3728 καρποὺς
842 3657 1022 3722 ἐλαίας
1046 3659 1144 3729 τῆς
1159 3660 1326 3730 καλῆς
1354 3662 1444 3714 ἐπὶ⁵
1467 3661 1626 3730 ῥιζῶν
1647 3663 1766 3719 ἀνα-

210 3744 380 3815 φέρον
416 3746 651 3817 ἀγρίων·
693 3748 726 3821 ἦ
766 3748 951 3820 ἄγριον
993 3750 1110 3820 μὲν,
1139 3751 1199 3804 οὺ
1234 3751 1337 3824 μὴν
1375 3753 1639 3824 ἄχρηστον
1670 3756 1765 3808 ἀν-

200 3836 292 3904 δρὶ
316 3836 534 3908 τεχνίτῃ
562 3840 845 3911 φυτουργῷ
863 3857 877 3871 θ
904 3840 937 3911 ἦ
964 3841 1058 3895 καὶ
1086 3841 1289 3913 ἥμερον
1334 3844 1453 3913 μὲν,
1495 3843 1765 3917 εῠκαρπον

201 3925 264 3978 δὲ
306 3926 504 3991 ἄλλως,
550 3928 581 3999 ἢ
623 3930 825 4002 ἀπορίᾳ
869 3931 1061 4002 τέχνης
1108 3932 1265 3987 πάλιν
1307 3934 1625 3989 ἀκλάδευτον
1673 3936 1765 3988 καὶ

203 4018 497 4072 ἁπὸτιστον
516 4020 609 4072 καὶ
631 4022 929 4093 αὐχμηρὸν,
946 4023 1262 4094 πνιγόμενον
1283 4024 1385 4078 ὑπὸ
1404 4025 1510 4079 τῶν
1528 4028 1643 4079 ἐκεῖ
1658 4026 1763 4099 (84)

206 4110 423 4163 πολλῶν
445 4110 539 4164 καὶ
572 4114 836 4183 περιττῶν
862 4116 1207 4185 ἐκφυομένων
1235 4117 1474 4187 βλαστῶν
1492 4135 1504 4149 ·
1539 4119 1768 4172 τελειοῦ-

207 4201 337 4255 σθαι
369 4201 426 4254 se
449 4205 515 4273 τῇ
546 4203 765 4276 βλάστῃ,
792 4206 885 4258 καὶ
918 4207 1098 4275 φέρειν
1134 4207 1223 4261 τὸν
1256 4210 1460 4280 καρπὸν
1488 4210 1576 4262 ὑπ’
1611 4211 1767 4281 ἀλλή-

208 4295 319 4346 λων
378 4293 836 4366 ὲμποδιξόμενον)’
888 4297 1154 4362 τοιούτους
1211 4299 1360 4363 τινὰς
1422 4301 1768 4372 παραλαϐὼν,

209 4385 308 4437 καὶ
335 4384 499 4457 τέχνῃ
525 4384 716 4439 ἐαυτοῦ
748 4389 813 4457 τῇ
843 4391 1116 4459 γεωργικῇ
1162 4388 1450 4461 ἐκπεριιὼν
1474 4391 1567 4444 καὶ
1600 4408 1768 4445 κατα-

1939 2293 2048 2349 Vll.
2102 2295 2363 2352 Caeterum
2417 2312 2540 2353 cum
2591 2298 2663 2351 ita
2718 2312 2817 2351 nos
2865 2296 2933 2349 ab
2990 2294 3145 2349 initio
3185 2292 3411 2363 cepisset

1867 2387 2122 2456 omnique
2162 2404 2224 2442 ex
2269 2397 2419 2459 parte
2452 2388 2935 2451 circumvallasset,
2977 2384 3410 2455 quandoquidem

1867 2479 2010 2546 quod
2045 2479 2225 2549 potius
2251 2489 2384 2545 erat,
2406 2480 2519 2551 jam
2542 2478 2836 2549 perfectum
2859 2486 2995 2540 erat,
3028 2486 3077 2528 et
3105 2477 3261 2531 nobis
3292 2489 3411 2528 ma-

1867 2583 1997 2623 nere
2021 2568 2331 2635 collibebat;
2366 2569 2639 2637 deinceps,
2682 2575 2938 2636 tanquam
2984 2566 3029 2619 si
3063 2566 3238 2619 bonus
3258 2560 3405 2630 quis-

1874 2655 2019 2724 piam
2058 2658 2294 2730 agricola
2324 2668 2520 2714 terram
2544 2674 2765 2714 vacuam
2793 2667 2953 2727 atque
2993 2657 3243 2715 otiosam,
3265 2668 3412 2706 cam-

1869 2760 1974 2815 que
2011 2762 2112 2802 nec
2139 2746 2366 2803 fertilem
2394 2764 2639 2818 prorsus,
2667 2749 2757 2804 sed
2782 2748 3171 2817 salsugiuosam
3197 2753 3251 2798 et
3278 2745 3413 2798 adu-

1869 2848 2030 2906 stam,
2061 2840 2314 2910 saxisque
2334 2849 2388 2895 et
2408 2856 2571 2895 arena
2592 2841 2852 2905 obsitam;
2875 2849 2966 2893 aut
2989 2854 3095 2892 non
3118 2839 3272 2907 plane
3293 2836 3415 2905 qui-

1868 2929 1988 2984 dem
2017 2931 2275 2998 sterilem,
2317 2947 2417 2987 nec
2461 2932 2705 2999 inertem,
2744 2932 2835 2986 sed
2881 2940 3073 2985 natura
3114 2927 3411 2999 praestanti,

1870 3034 2055 3074 verum
2087 3021 2342 3076 incultam
2374 3031 2535 3092 atque
2560 3023 2879 3094 neglectam,
2920 3023 3089 3092 spinis
3123 3022 3413 3074 haerentem

1869 3110 2309 3183 silvestribusque
2359 3114 2613 3179 dumetis,
2665 3129 2730 3167 ac
2780 3113 2997 3167 minime
3040 3111 3412 3172 tractabilem;

1869 3204 1962 3249 aut
1980 3196 2451 3265 quemadmodum,
2479 3196 2523 3250 si
2550 3208 2697 3253 sator
2722 3196 2916 3266 aliquis
2940 3196 3176 3266 plantam
3202 3196 3315 3249 sive
3334 3208 3416 3246 ar»

1869 3286 2053 3343 borem
2082 3294 2368 3354 agrestem,
2386 3301 2447 3340 ac
2469 3284 2677 3340 fructus
2700 3286 2904 3340 scilicet
2929 3300 3122 3339 suaves
3154 3298 3262 3337 non
3288 3298 3415 3353 pro-

1868 3376 2147 3443 fcreutem,
2176 3392 2273 3432 nec
2304 3386 2477 3433 tamen
2507 3392 2729 3448 prorsus
2759 3376 2998 3432 inutilem
3041 3383 3249 3438 nactus,
3280 3372 3413 3427 sati-

1869 3482 1948 3521 va:
1977 3482 2186 3519 ramum
2222 3475 2335 3520 arte
2382 3481 2479 3519 sua
2517 3467 2738 3528 inserat,
2781 3465 3009 3518 mediam
3055 3464 3197 3517 illam
3239 3462 3417 3516 diffin-

1868 3557 2030 3623 dens,
2072 3572 2137 3610 ac
2172 3556 2362 3611 deinde
2402 3555 2743 3611 committens
2796 3561 2863 3608 et‘
2901 3555 3177 3625 colligatis,
3237 3550 3417 3622 quoad

1870 3648 2096 3705 bumore
2115 3649 2446 3703 coalescente
2469 3648 2640 3702 ambae
2658 3646 2818 3701 simul
2834 3646 3141 3701 adolescant
3154 3644 3253 3715 (sic
3270 3644 3416 3700 enim

1870 3742 2088 3796 mistam
2118 3741 2363 3795 arborem
2390 3753 2528 3808 saepe
2560 3739 2761 3801 videas,
2791 3746 2884 3791 aut
2908 3738 3145 3807 spuriam
3172 3736 3415 3804 quidem,

1870 3840 1925 3885 at
1966 3830 2194 3885 fertilem
2241 3846 2308 3886 ex
2352 3829 2686 3885 infructuosa
2726 3828 2923 3883 factam
2950 3871 2965 3897 ,
3007 3827 3243 3898 pulchrae
3286 3826 3417 3881 olea

1870 3919 2077 3974 fructus
2106 3920 2159 3973 in
2186 3919 2485 3990 agrestibus
2514 3919 2781 3973 radicibus
2814 3918 3040 3972 alentem
3068 3935 3082 3983 ;
3132 3924 3222 3969 aut
3258 3929 3413 3983 agre-

1870 4022 2004 4066 stem
2033 4026 2248 4081 quoque
2274 4026 2380 4065 non
2408 4010 2647 4063 inutilem
2674 4009 2935 4063 redditam
2968 4006 3231 4061 industrio
3264 4005 3414 4059 colo-

1872 4119 1942 4157 no
1968 4120 1982 4169 ;
2016 4112 2108 4156 aut
2131 4102 2355 4158 salivam
2382 4101 2631 4171 denique,
2664 4107 2717 4153 et
2744 4098 2969 4154 fertilem
3002 4096 3152 4161 alias,
3180 4094 3271 4149 sed
3296 4108 3416 4163 quae

1872 4196 2003 4251 artis
2042 4193 2250 4250 defectu
2293 4208 2400 4248 non
2443 4201 2646 4263 putata,
2674 4206 2902 4247 exsucca
2931 4205 2993 4243 ac
3023 4186 3285 4257 squalida,
3307 4200 3417 4254 prae

1872 4286 2057 4341 multis
2088 4285 2143 4339 in
2177 4299 2239 4338 ea
2268 4283 2551 4353 superfluis
2581 4282 2790 4336 adnatis
2812 4280 3043 4335 surculis
3068 4276 3415 4348 prml‘ocetur;

1872 4375 2337 4431 dcacuminatione
2359 4388 2422 4428 ac
2444 4372 2829 4443 germinatione
2851 4386 2973 4425 mox
3000 4370 3201 4440 perfici,
3230 4377 3283 4421 et
3311 4366 3417 4420 fru-

210 4476 351 4529 νοῶν
392 4477 455 4530 ού
495 4476 564 4529 τὰ
608 4479 772 4531 πᾶσιν
809 4478 1059 4550 ὁρώμενα
1093 4480 1248 4551 μόνον
1281 4481 1373 4533 καὶ
1401 4484 1458 4535 ἐν
1486 4484 1764 4558 ἐπιφανείᾳ

1873 4476 1991 4522 ctus
2028 4467 2177 4533 dare,
2212 4467 2302 4536 qui
2336 4480 2367 4520 a
2412 4464 2725 4518 redundanti
2751 4463 2905 4532 ecpia
2937 4458 3415 4530 impediebantur);

214 4567 556 4637 βλεπόμενα’
596 4568 902 4639 ἀνορύττων
941 4570 997 4623 δὲ
1034 4572 1125 4625 καὶ
1166 4572 1273 4626 τῶν
1305 4573 1595 4627 ἐνδοτάτων
1638 4576 1771 4628 ἀπο-

211 4658 572 4731 πειρώμενος,
598 4659 815 4730 ἐρωτῶν
841 4662 931 4713 καὶ
958 4662 1251 4732 προτείνων
1281 4663 1372 4716 καὶ
1404 4665 1771 4737 ἀποκριναμέ-

211 4766 319 4801 νων
362 4748 596 4812 ἀκούων,
625 4748 809 4820 ἐπειδὴ
854 4751 1145 4821 κατενόησέ
1174 4770 1225 4805 τι
1256 4753 1354 4805 οὐκ
1379 4752 1646 4824 ἄχρηστον
1678 4755 1771 4810 καὶ

215 4839 488 4906 ἀνωφελὲς
528 4839 619 4892 καὶ
650 4840 906 4909 ἀνήνυτον
935 4842 991 4893 ἐν
1024 4842 1173 4911 ἡμῖν,
1216 4842 1487 4908 ἐσκαλλεν,
1517 4845 1771 4915 ἀνέστρε-

217 4948 337 4999 φεν,
375 4930 641 4997 ἐπότιζεν,
681 4932 845 4985 ἐκίνει
889 4932 1083 4996 πάντα,
1131 4933 1345 4988 ἃπασαν
1387 4936 1627 5005 προσῆγε
1673 4935 1770 5008 τὴν

215 5025 349 5094 παρ’
379 5023 544 5077 αὐτοῦ
569 5024 761 5094 τέχνην
793 5025 886 5077 καὶ
909 5024 1240 5094 ἐπιμέλειαν,
1265 5026 1357 5079 καί¹
1383 5028 1771 5100 κατειργάζετο

217 5115 398 5185 ἡμᾶς·
433 5114 671 5178 ἀκάνθας
715 5114 811 5185 μὲν
857 5117 948 5169 καὶ
980 5115 1257 5186 τριὸόλους
1293 5117 1386 5170 καὶ
1428 5120 1534 5171 πᾶν
1573 5120 1633 5173 τὸ
1663 5120 1769 5172 τῶν

220 5206 426 5277 ἀγρίων
469 5205 621 5275 γένος
663 5206 893 5276 βοτανῶν
942 5206 975 5277 ἢ
1019 5206 1217 5276 φυτῶν,
1262 5210 1388 5263 ὅσον
1435 5209 1770 5281 ὑλομανοῦσα

218 5298 503 5368 ἀνέπεμπε
524 5298 619 5352 καὶ
639 5298 872 5353 ἀνεδίδου
896 5298 1226 5372 σεσοδημένη
1254 5301 1288 5371 ἡ
1317 5300 1459 5373 ψυχὴ
1484 5301 1637 5373 ἡμῶν
1665 5296 1771 5374 (οἷα

298 5426 409 5502 (85)
424 5428 854 5502 Συμβϐλιξσαῖτα
874 5428 953 5495 ὡς
972 5429 1047 5483 ἂν
1068 5429 1207 5502 sic).
1228 5429 1403 5486 Malim
1424 5432 1773 5502 συμφύσαντα

218 5500 301 5570 εἰς
323 5498 402 5560 ἒν,
431 5496 602 5561 vehi»;
633 5499 709 5551 ἐν.
734 5496 1267 5570 (lassum—Optime
1297 5502 1439 5565 ὼςέν
1458 5518 1471 5555 :
1490 5496 1588 5569 sic,
1612 5512 1671 5557 ut
1699 5503 1773 5567 ὡς

220 5569 304 5621 vel
337 5583 435 5642 pro
471 5576 739 5636 umquam,
765 5570 848 5622 vel
881 5586 974 5637 pro
995 5573 1073 5642 εἰς
1100 5569 1151 5623 in
1183 5573 1348 5640 accipi
1376 5573 1562 5642 possit.
1590 5572 1774 5640 Neque

223 5636 614 5712 συμδλύσαντᾳιΔ
644 5654 749 5692 non
792 5636 1108 5712 mutandum
1142 5636 1351 5712 videtur
1376 5636 1400 5696 ἰ
1437 5658 1559 5697 nam
1597 5636 1771 5712 βλύζω

223 5706 341 5769 sive
372 5706 517 5780 βλύω
548 5708 782 5765 alienum
815 5719 914 5765 cst.
969 5710 1075 5766 Sed
1122 5710 1472 5778 συαφύσαντα
1497 5706 1621 5785 plus
1651 5728 1769 5768 mu-

1873 4558 2005 4611 tales
2037 4558 2124 4610 ille
2177 4571 2275 4611 nos
2303 4570 2614 4618 assumens,
2649 4562 2703 4609 et
2743 4553 2895 4623 quasi
2940 4552 3142 4607 rustica
3185 4551 3417 4622 quadam

1868 4656 1980 4703 arte
2012 4663 2132 4713 sua,
2165 4647 2403 4701 lustrans
2442 4661 2504 4700 ac
2529 4646 2744 4717 penitus
2785 4644 3178 4713 introspiciens,
3209 4658 3314 4697 non
3353 4657 3417 4696 ea

1867 4741 2038 4795 solum
2058 4755 2177 4809 quae
2199 4740 2439 4793 omnium
2471 4740 2643 4793 oculis
2673 4747 2853 4807 patent
2872 4746 3031 4806 atque
3058 4737 3109 4788 in
3139 4735 3418 4803 superficie

1866 4840 2177 4896 cernuntur,
2207 4829 2299 4883 sed
2321 4828 2480 4883 altius
2515 4827 2768 4883 effodiens
2795 4836 2846 4881 et
2868 4826 3053 4879 intima
3075 4833 3416 4895 pertentans;

1869 4923 2204 4991 interrogans
2224 4929 2275 4975 et
2296 4935 2622 4990 proponens,
2649 4919 3134 4989 respondentesque
3164 4916 3414 4980 audiens;

1872 5018 1931 5064 ut
1958 5008 2209 5079 cognovit
2234 5008 2435 5077 aliquid
2463 5023 2570 5061 non
2598 5005 2967 5076 infrugifcrum
2992 5018 3090 5057 nec
3116 5002 3302 5054 inutile
3326 5008 3419 5053 aut

1872 5102 2083 5156 irritum
2112 5101 2167 5154 in
2191 5100 2345 5155 nobis
2374 5114 2493 5153 esse
2514 5139 2528 5163 ,
2568 5106 2680 5153 tum
2716 5098 2982 5167 subigere,
3018 5097 3278 5149 invertere
3298 5133 3313 5157 ,
3356 5092 3419 5143 ir-

1873 5195 2080 5264 rigare,
2122 5195 2302 5247 omnia
2350 5206 2604 5257 movere,
2655 5206 2869 5244 omnem
2915 5189 3198 5242 admovere
3246 5191 3417 5236 artem

1873 5298 2027 5338 suam
2043 5300 2106 5339 ac
2122 5298 2327 5347 curam,
2366 5280 2661 5349 seduloque
2686 5292 2934 5333 exercere
2960 5290 3056 5328 nos
3087 5272 3275 5341 C(Bpil;
3313 5268 3415 5338 spi-

1882 5440 1999 5503 tat,
2022 5447 2184 5501 quam
2219 5431 2264 5503 si
2301 5432 2446 5503 legas
2470 5426 2997 5503 pro_qup6)ni_aav~ra,
3022 5430 3319 5503 permutata
3351 5420 3418 5503 li:

1878 5491 2074 5573 quida',’
2119 5491 2519 5573 συμϐρύσὲιντᾶ.
2575 5498 2627 5550 Id
2665 5491 2993 5573 quadrabit,
3025 5491 3089 5548 isi
3128 5493 3233 5546 vim
3273 5491 3419 5545 verbi

1880 5567 2025 5641 βρύω
2059 5567 2526 5641 ειιῐηόόιηροείιιε
2552 5568 2886 5641 expenderis,
2928 5567 3156 5619 BENGEL.

1948 5640 2053 5712 (84)
2096 5640 2269 5695 Ἐκεῖ.
2301 5629 2601 5709 Bengelius,
2621 5629 2981 5692 ilmschelium
3014 5644 3249 5699 secutus.
3275 5629 3431 5706 diu.”
