3988 6200
541 341 678 398 ἰοῗε

1679 340 1736 397 S.
1778 337 2104 396 GREGORII
2142 336 2638 396 THAUMATURGI

3608 333 3747 390 1076

542 476 643 516 nas
681 460 897 532 quidem
941 477 1004 518 ac
1031 461 1278 529 tribulos,
1311 473 1363 518 et
1388 477 1558 533 genus
1600 477 1760 517 omne
1803 461 2068 533 agrestium

2198 459 2261 530 δὴ
2301 459 2529 522 ἄτακτος
2564 454 2695 512 οὖσα
2731 457 2822 510 καὶ
2858 455 3173 527 προπετὴς),
3212 456 3317 508 πᾶν
3348 452 3628 507 ἐκκόπτων
3654 451 3753 507 καὶ

543 553 829 607 herbarum
858 561 1018 624 atque
1041 554 1310 624 stirpium,
1335 564 1597 626 quotquot
1616 553 1896 609 luxurians
1919 561 1973 608 et
2000 553 2095 608 sil-

539 659 784 704 vescens.
816 655 998 715 utpote
1038 645 1392 715 incomposita
1420 657 1474 701 et
1495 661 1749 717 praeceps,
1785 646 1964 700 anima
2003 662 2094 701 no-

537 741 650 788 stra
682 732 895 786 turbida
942 733 1325 802 profundebat,
1373 735 1584 805 penitus
1631 750 1881 791 resecans
1912 751 1976 790 ac
2006 736 2094 790 de-

534 824 777 886 tra'hens,
817 824 1280 892 reprehendendo,
1315 827 1782 896 probibendoque;
1826 842 1969 881 nunc
2001 825 2097 881 So-

535 914 739 969 cratico
765 929 912 970 more
947 916 1184 986 sciteque
1219 919 1507 974 admodum
1547 935 1647 975 nos
1685 921 2087 991 perstringens;

535 1021 680 1060 nunc
707 1006 870 1060 etiam
919 1007 1160 1062 oratione
1202 1023 1299 1064 sua
1345 1020 1729 1080 prosternens,
1778 1011 1948 1066 sicubi
1990 1025 2091 1068 nos

535 1093 689 1151 freno
716 1097 1062 1162 reluctantes,
1097 1107 1353 1170 tanquam
1398 1099 1542 1157 feros
1578 1101 1839 1172 quosdam
1875 1117 2044 1172 equos
2070 1143 2086 1170 ,

533 1197 684 1241 extra
726 1187 868 1242 viam
895 1189 1202 1245 exsilientes
1251 1205 1314 1245 ac
1357 1199 1558 1248 temere
1605 1193 2090 1250 circumcursantes

532 1278 779 1347 videbat;
818 1282 994 1351 quoad
1021 1285 1367 1352 persuasione
1406 1285 1636 1355 quadam
1666 1294 1827 1355 atque
1863 1286 2094 1341 necessi-

515 1377 642 1422 tate
684 1371 828 1426 velut
864 1373 1036 1437 freno,
1079 1388 1178 1430 suo
1223 1390 1324 1431 nos
1369 1391 1619 1432 sermone
1645 1378 1856 1448 quietos
1880 1378 2089 1448 sibique

532 1461 899 1531 obsequentes
919 1463 1167 1519 reddidit.
1190 1465 1269 1520 Ac
1297 1467 1582 1522 molestum
1606 1468 1658 1522 id
1679 1468 1892 1538 quidem
1912 1469 2084 1535 nobis,

534 1565 635 1605 nec
662 1552 776 1606 sine
808 1553 993 1609 dolore
1024 1554 1290 1624 principio
1320 1557 1543 1622 accidit,
1590 1573 1712 1613 cum
1747 1544 1975 1614 insuetis
2011 1559 2087 1613 ni-

511 1642 732 1706 ,mirum
760 1643 1067 1714 rationique
1101 1661 1292 1716 parere
1317 1649 1552 1703 nondum
1579 1649 1782 1705 edoctis
1810 1665 2085 1706 sermones

529 1746 660 1786 suos
682 1732 990 1790 admoveret
1020 1745 1074 1791 et
1106 1749 1445 1807 expurgaret.
1490 1737 1558 1796 Ut
1586 1756 1709 1796 vero
1735 1741 1955 1798 idoneos
1983 1757 2082 1797 nos

2201 548 2431 619 ἐξαίρων
2469 551 2579 613 τοῖς
2628 547 2865 616 ἐλέγχοις
2908 545 3001 597 καὶ
3047 544 3125 614 τῷ
3169 543 3430 597 κωλύειν·
3478 540 3753 596 καθαπτό-

2200 657 2356 710 μενος
2395 639 2568 709 ὴμῶν,
2602 640 2694 692 καὶ
2739 638 2880 708 μάλα
2926 636 3302 708 Σωκρατικῶς,
3347 635 3488 688 ἐστιν
3531 635 3618 688 ὅτε
3649 635 3751 687 καὶ

2197 729 2560 796 ὑποσκελίζων
2600 729 2676 800 τῷ
2720 729 2860 799 λόγῳ
2888 772 2902 796 ,
2954 729 3080 798 ετπη
3133 727 3308 798 πάντη
3353 725 3750 796 ἀφηνιάζοντας

2194 824 2360 892 ἡμᾶς,
2391 821 2576 892 ὥσπερ
2611 819 2763 883 τινὰς
2793 818 2900 872 τῶν
2927 819 3130 890 ἀγρίων
3171 819 3369 880 ἵππων,
3399 815 3562 888 ἐώρα,
3593 833 3754 887 σκιρ-

2193 916 2398 979 τῶντας
2421 915 2524 982 ἔξω
2541 915 2639 984 τῆς
2661 913 2780 967 ὁδοῦ
2804 913 2897 967 καὶ
2915 912 3080 966 πολλά
3097 911 3574 983 ἐκπεριτρέχοντας
3595 908 3748 977 εἰκῆ,

2193 1006 2296 1069 ἕως
2324 1001 2384 1060 οὗ
2432 1006 2608 1060 πειθοῖ
2646 1024 2749 1059 τινι
2793 1005 2883 1058 καὶ
2915 1005 3121 1074 ἀνάγκη
3165 1003 3240 1066 ὡς
3281 1002 3384 1054 ὑπὸ
3429 999 3625 1071 χαλινῷ
3664 998 3755 1069 τῷ

2193 1099 2257 1152 ἐκ
2303 1099 2567 1168 στόματος
2613 1097 2768 1168 ἡμῶν
2811 1097 2972 1166 λόγῳ,
3004 1095 3259 1167 ήσυχίους
3290 1093 3436 1164 αὐτῷ
3483 1092 3756 1161 κατεστή-

2195 1207 2322 1244 σατο
2343 1207 2356 1220 ο
2381 1189 2652 1261 δυσχερῶς
2695 1189 2790 1260 μὲν
2831 1189 2958 1258 ⁴ἡμῖν
2991 1187 3082 1239 καὶ
3123 1185 3222 1238 οὐκ
3259 1183 3475 1246 ἀλύπως
3502 1182 3559 1235 τὸ
3584 1179 3752 1252 πρῶ-

2191 1298 2300 1347 τον,
2332 1276 2420 1334 οἷα
2451 1281 2513 1352 δὴ
2561 1279 2752 1352 ἀήθεσι
2795 1281 2888 1332 καὶ
2922 1276 3331 1332 κατακολουθεῖν
3375 1274 3449 1344 τῷ
3477 1273 3615 1342 λόγῳ
3648 1272 3753 1324 οὖ-

2190 1369 2336 1424 δέπω
2372 1370 2781 1441 μεμελετηκόσι,
2807 1370 3094 1441 προσάγων
3128 1367 3254 1430 τοὺς
3284 1366 3411 1438 παρ’
3443 1364 3614 1433 ἐαυτῷ
3653 1363 3753 1416 λὸ-

2190 1480 2347 1533 γουςο
2375 1461 2510 1517 ἀλλὰ
2547 1462 2655 1535 γὰρ
2691 1461 3028 1534 ἐκκαθαίρων
3063 1461 3228 1532 ὅμως.
3261 1455 3338 1530 τῌ
3379 1459 3424 1512 δ’
3455 1457 3518 1512 ἂν
3549 1460 3755 1530 ἐπιτηο

2187 1555 2358 1618 δείους
2389 1555 2535 1625 ἡμᾶς
2567 1554 2875 1624 ἐποιήσατο,
2901 1553 2993 1606 καὶ
3017 1551 3520 1622 εὐπαρεσκευάσατο
3540 1551 3618 1612 εἰς
3640 1567 3756 1601 πασς

2192 1643 2418 1716 ραδοχὴν
2462 1643 2569 1697 τῶν
2613 1645 2708 1714 τῆς
2739 1643 2991 1713 ἀληθείας
3032 1642 3230 1710 λόγων·
3271 1641 3390 1694 τότε
3429 1640 3493 1711 δὴ
3531 1635 3620 1692 οἷα
3650 1639 3757 1692 εὐ-

2187 1730 2618 1804 κατειργασμένῃ
2651 1734 2741 1802 γῇ,
2787 1732 2879 1784 καὶ
2911 1731 3111 1802 ἁπαλῇ,
3148 1730 3338 1804 ἑτοίμῃ
3377 1748 3436 1783 τε
3480 1729 3751 1798 ἀναφύειν

527 1823 787 1890 reddidit,
834 1825 1041 1895 riteque
1062 1829 1129 1884 ad
1156 1829 1497 1898 excipiendos
1523 1832 1769 1889 veritatis
1805 1848 2068 1890 sermone:

2183 1820 2252 1874 τά
2303 1821 2602 1892 ἐπαχθέντα
2649 1823 2754 1876 τῶν
2805 1821 3152 1895 σπερμάτων,
3193 1821 3454 1893 ἐπέφερεν
3502 1819 3751 1891 ἀφειδῶς

527 1915 885 1982 preparavit;
917 1923 1030 1968 tum
1058 1931 1184 1970 vero
1213 1926 1468 1988 tanquam
1512 1920 1646 1976 bene
1689 1922 1924 1977 subactae
1955 1923 2081 1978 mol-

525 2004 673 2074 lique
701 2015 857 2060 terraa
874 2047 889 2072 ,
923 2007 1116 2077 injecta
1144 2011 1348 2065 semina
1376 2013 1599 2068 reddere
1623 2022 1820 2084 parata:
1839 2057 1853 2082 ,
1880 2031 2080 2087 oppor-

525 2108 710 2150 tunam
741 2096 1006 2150 seminum
1036 2098 1376 2166 injectionem
1402 2102 1602 2157 affatim
1625 2104 1912 2174 inferebat;
1945 2118 2079 2162 tem-

522 2187 784 2257 pestivam
825 2189 986 2243 simul
1029 2191 1290 2261 reliquam
1335 2195 1600 2249 culturam
1649 2212 1860 2253 omnem
1887 2239 1902 2264 ,
1939 2201 2079 2270 aptis

522 2277 734 2348 singula
794 2281 1008 2348 modis,
1061 2297 1357 2352 exercens;
1409 2287 1670 2357 quidquid
1715 2290 1966 2346 obtusum
2013 2307 2077 2348 ac

521 2369 764 2439 spurium
792 2371 845 2425 in
875 2373 1052 2428 anima
1079 2384 1216 2442 erat,
1252 2376 1364 2431 sive
1385 2378 1464 2432 sic
1487 2388 1631 2444 nata,
1656 2380 1769 2436 sive
1791 2383 2076 2452 superfluis

520 2465 764 2533 corporis
787 2464 1057 2520 alimentis
1081 2467 1428 2535 condensata,
1453 2486 1740 2542 exacuens,
1771 2483 2076 2531 attenuans-

520 2565 626 2620 que
666 2553 954 2610 subtilibus
1002 2557 1198 2612 rationi
1265 2561 1676 2630 congruentium
1734 2563 2072 2620 aﬂectionum

520 2647 861 2700 sermonibus
888 2661 950 2701 ac
975 2648 1176 2713 modis;
1211 2651 1302 2719 qui
1340 2666 1403 2706 ex
1442 2652 1630 2721 primis
1659 2654 2073 2724 simplicissimis

517 2739 715 2792 evoluti
743 2739 833 2792 alii
857 2754 923 2794 ex
954 2740 1095 2806 aliis,
1119 2741 1374 2812 varieque
1404 2746 1668 2810 conversi,
1702 2747 1754 2801 in
1785 2748 2073 2803 admirabi-

517 2827 622 2882 lem
671 2831 958 2899 quemdam
1009 2831 1547 2906 inexplicabilemque
1594 2840 2072 2909 progrediebantur

517 2930 851 2988 contextum,
887 2938 986 2977 nos
1023 2924 1169 2978 velut
1194 2940 1223 2979 e
1252 2941 1444 2980 somno
1470 2929 1785 2994 excitantes,
1820 2941 1979 3000 atque
2015 2932 2069 2984 in

515 3014 797 3081 proposito
833 3029 1041 3082 semper
1090 3015 1375 3081 insistere,
1419 3027 1472 3072 et
1517 3021 1820 3076 nullatenus
1862 3038 1961 3076 nec
2001 3022 2070 3077 ob

513 3104 934 3176 longitudinem,
988 3120 1086 3159 nec
1144 3107 1214 3161 ob
1258 3109 1608 3164 subtilitatem
1652 3113 1756 3166 labi
1795 3114 2064 3169 docentes.

515 3195 784 3265 Quidquid
809 3211 969 3264 porro
990 3195 1176 3263 judicii
1204 3213 1393 3268 expers
1434 3216 1496 3255 ac
1535 3217 1771 3272 praeceps
1812 3204 1866 3258 in
1913 3205 2067 3260 nobis
2096 3177 2142 3238 C

514 3296 666 3354 erat,
704 3288 786 3341 vel
827 3286 1169 3341 assentiendo
1199 3289 1266 3344 iis
1294 3305 1414 3360 quae
1443 3292 1599 3346 obvia
1647 3293 1801 3359 fiunt,
1857 3296 2066 3365 qualia-

515 3392 728 3447 cunque
772 3378 910 3442 sint,
950 3378 1162 3434 etiamsi
1192 3381 1322 3436 falsa
1372 3397 1429 3437 se
1471 3383 1733 3450 oll‘erant;
1781 3386 1863 3440 vel
1907 3402 2066 3457 repu-

511 3471 725 3542 gnando
755 3486 1009 3540 persaepe,
1047 3473 1294 3541 quamvis
1323 3490 1446 3529 vera
1488 3475 1733 3544 quaedam
1768 3478 2015 3541 dicantur
2043 3499 2061 3534 :

511 3564 615 3618 hoc
644 3579 858 3618 rursum
883 3548 1176 3635 castigabat
1205 3567 1630 3639 corrigebatque,
1681 3581 1789 3625 tum
1832 3571 1897 3627 iis
1926 3589 2060 3642 quos

509 3657 778 3724 diximus,
823 3667 931 3711 tum
977 3658 1095 3713 aliis
1137 3659 1361 3714 diversis
1395 3664 1733 3719 sermonibus
1764 3664 2061 3736 (multiplex

508 3748 652 3802 enim
682 3758 764 3804 est
787 3765 849 3804 ac
869 3750 1076 3805 varium
1108 3751 1212 3806 hoc
1247 3752 1600 3823 philosophiae
1627 3756 1848 3827 genus);
1882 3774 2062 3814 assue-

506 3841 732 3905 faciens,
764 3856 869 3895 non
896 3850 1093 3898 temere
1135 3857 1233 3898 nec
1257 3852 1316 3897 ut
1354 3860 1512 3901 casus
1550 3847 1750 3913 tulerit,
1779 3865 2057 3905 assensum

504 3932 791 4002 projicere,
824 3942 877 3988 et
900 3943 1082 4002 postea
1113 3935 1373 4002 abnuere;
1417 3937 1508 3991 sed
1546 3939 1826 4008 diligenter
1851 3944 2056 3997 exami-

504 4025 705 4089 nando,
751 4040 859 4079 non
892 4037 1071 4095 aperta
1103 4030 1298 4094 solum,
1323 4029 1414 4082 sed
1459 4038 1511 4082 et
1553 4030 1752 4085 abdita.
1789 4030 1950 4086 Multa
1985 4034 2058 4088 si-

503 4117 744 4187 quidem,
768 4133 864 4172 ceu
890 4118 1115 4174 illustria
1138 4137 1232 4190 per
1255 4137 1312 4177 se
1331 4132 1383 4176 et
1405 4122 1648 4189 honesta,
1677 4124 1778 4177 sub
1800 4126 2056 4193 speciosis

501 4208 725 4262 vocibus
754 4207 806 4261 in
837 4224 994 4264 aures
1023 4221 1236 4266 nostras
1264 4220 1515 4280 tanquam
1546 4229 1669 4267 vera
1711 4229 1770 4269 se
1807 4214 2054 4269 insinua-

499 4310 648 4364 runt,
685 4316 806 4370 qua:
852 4317 1013 4370 prava
1047 4311 1100 4356 et
1144 4301 1277 4357 falsa
1319 4319 1440 4359 cum
1487 4315 1698 4373 essent,
1739 4306 2050 4377 sullragium

497 4399 677 4444 tamen
712 4406 739 4443 a
769 4390 925 4444 nobis
958 4403 1337 4462 expresserunt
1398 4395 1741 4466 tuleruntque
1776 4397 2048 4466 veritatis;

498 4498 618 4552 qua:
630 4482 972 4551 postmodum
987 4484 1176 4540 vitiosa
1194 4488 1404 4542 etnulla
1419 4489 1520 4543 fide
1540 4489 1697 4559 digna
1718 4489 2050 4560 deprehensa

495 4581 655 4639 sunt,
690 4573 964 4626 veritatem
1004 4575 1274 4633 incassum
1303 4579 1702 4647 assimulantia;
1733 4596 1938 4653 nosque
1974 4583 2052 4638 fa-

496 4668 599 4723 cile
622 4683 686 4722 ac
712 4667 937 4724 ridicule
962 4670 1215 4740 deceptos
1255 4671 1625 4740 prodiderunt,
1667 4681 1718 4728 et
1756 4673 1956 4730 frustra
1986 4691 2050 4731 ea

493 4758 896 4826 confirmantes,
933 4778 1053 4832 qua:
1084 4763 1306 4817 minime
1341 4765 1618 4833 oportebat
1645 4784 1658 4819 :
1689 4765 1794 4820 alia
1825 4778 2007 4821 contra
2033 4809 2046 4833 ,

491 4849 721 4906 honesta
757 4867 980 4922 prorsus
1007 4869 1071 4909 ac
1095 4855 1317 4910 minime
1344 4855 1601 4924 fallentia,
1631 4859 1722 4912 sed
1751 4861 2048 4928 probabili.-

487 4941 594 4996 bus
622 4944 800 4998 verbis
830 4960 938 4999 non
959 4961 1232 5017 expressa,
1259 4948 1529 5016 paradoxa
1557 4958 1608 5002 et
1636 4952 1858 5004 omnino
1885 4952 2051 5005 incre-

430 5040 436 5046 '
488 5031 677 5088 dibilia
703 5049 798 5104 per
829 5049 886 5090 se
913 5036 1046 5101 visa,
1080 5046 1133 5092 et
1175 5039 1370 5108 rejecta
1425 5055 1519 5109 pro
1546 5039 1716 5106 falsis,
1748 5041 2046 5096 immerito-

488 5138 594 5192 que
617 5139 715 5194 per
744 5127 1126 5181 contumeliam
1157 5129 1405 5198 explosa;
1437 5137 1623 5198 postea
1648 5129 2045 5185 consideranti-

485 5213 589 5270 bus
612 5225 771 5285 atque
793 5217 1236 5290 investigantibus
1264 5221 1589 5287 accuratius,
1613 5222 1856 5275 omnium
1880 5223 2042 5278 veris-

482 5307 622 5362 sima
651 5311 907 5380 omnique
930 5312 1242 5381 exceptione
1265 5311 1471 5381 majora
1501 5312 1713 5382 cognita
1741 5323 1894 5380 sunt,
1921 5329 2042 5384 qua:

481 5398 645 5465 paulo
691 5409 814 5456 ante
865 5401 1155 5470 rejicienda
1198 5411 1252 5458 et
1300 5401 1652 5472 improbanda
1687 5404 2036 5473 putabantur.

481 5485 599 5541 Non
628 5500 808 5558 aperta
839 5494 1048 5560 solum,
1088 5495 1306 5565 inquam
1326 5534 1341 5559 ,
1373 5502 1424 5550 et
1457 5495 1769 5564 eminentia,
1795 5512 1915 5567 quae
1941 5496 2040 5552 fal-

483 5575 620 5630 lacia
653 5579 921 5637 interdum
953 5593 1006 5638 et
1029 5583 1206 5639 fucata
1232 5595 1386 5652 sunt;
1427 5584 1521 5641 sed
1551 5585 1805 5641 interiora
1826 5587 2036 5657 singula

481 5665 808 5734 explorando
851 5689 914 5728 ac
957 5678 1304 5743 penetrando,
1336 5692 1404 5732 ne
1442 5677 1569 5767 quid
1615 5678 1912 5734 marcidum
1948 5694 2032 5734 s0-

2185 1912 2432 1985 εῠκαιρον
2467 1913 2558 1967 καὶ
2587 1914 2683 1985 τὴν
2709 1912 2816 1966 τῶν
2845 1914 3170 1985 σπερμάτων
3209 1911 3506 1982 καταϐολὴν
3547 1910 3748 1966 ποιού-

2186 2021 2359 2074 μενος,
2391 2003 2640 2078 εὔκαιρον
2685 2007 2776 2059 καὶ
2801 2005 2898 2077 τὴν
2921 2005 3112 2076 λοιπὴν
3161 2002 3471 2074 ἐπιμέλειαν
3519 2003 3748 2056 ἅπασαν

2181 2099 2389 2162 οἰκείως
2432 2098 2636 2152 ἕκαστα
2683 2099 3184 2170 κατεργαζόμενος,
3233 2095 3327 2148 καὶ
3368 2097 3478 2158 τοῖς
3515 2093 3750 2157 οἰκείοις

2180 2191 2272 2245 τοῦ
2302 2191 2457 2260 λόγου
2491 2193 2596 2245 πᾶν
2639 2192 2734 2262 μὲν
2766 2191 2887 2244 ὅσον
2917 2189 3093 2260 ἀμϐλὺ
3127 2189 3220 2242 καὶ
3251 2187 3403 2241 νόθον
3433 2187 3534 2257 τῆς
3556 2186 3747 2257 ψυχῆς

2183 2283 2234 2356 (ἢ
2268 2283 2569 2352 πεφυκυίας
2617 2283 2869 2354 οὓτως,ἢ
2918 2283 3009 2337 καὶ
3054 2281 3158 2336 ὑπὸ
3210 2280 3422 2351 τροφῶν
3465 2279 3744 2351 περιττῶν

2179 2373 2272 2428 τοῦ
2319 2374 2563 2446 σώματος
2613 2374 3030 2446 παχυνομένης),
3080 2372 3396 2445 παροξύνων
3445 2372 3537 2425 καὶ
3590 2370 3742 2436 ἐξισ-

2179 2467 2404 2539 χναίνων
2446 2471 2560 2532 τοῖς
2605 2468 2817 2532 λεπτοῖς
2857 2467 2964 2520 τῶν
2996 2466 3225 2536 λογικῶν
3271 2465 3604 2536 παθημάτων
3644 2465 3740 2518 λό-

2177 2573 2292 2625 γοις
2335 2559 2428 2611 καὶ
2467 2558 2703 2629 τρόποις,
2749 2559 2797 2611 οἳ
2843 2557 2902 2622 ἐξ
2937 2557 3316 2612 ἀπλουστάτων
3361 2556 3467 2610 τῶν
3499 2555 3735 2626 πρώτων

2176 2647 2535 2719 ἀνειλούμενοι
2571 2649 2875 2720 ἐπάλληλοι,
2913 2649 3004 2702 καὶ⁸
3049 2649 3304 2710 ποικίλως
3347 2647 3729 2718 στρεφόμενοι,

2176 2742 2256 2804 εἰς
2278 2741 2548 2812 ἀμήχανόν
2585 2758 2704 2794 τινα
2733 2742 2823 2794 καὶ
2857 2741 3219 2806 δυσεξέλικτον
3251 2741 3468 2812 προῐᾶσι
3495 2738 3670 2808 πλοκὴ
3684 2755 3728 2799 θ,

2175 2830 2552 2896 ἐξανιστῶντες
2580 2834 2726 2904 ἡμᾶς
2768 2832 2952 2904 ῶσπερ
2981 2833 3350 2896 καθεύδοντας,
3380 2833 3472 2884 καὶ
3507 2829 3730 2900 ἔχεσθαι

2175 2925 2260 2977 ἀεὶ
2283 2924 2388 2979 τῶν
2411 2928 2798 2996 προκειμένων,
2822 2927 3079 2997 μηδαμῶς
3100 2924 3568 2988 ὑπολισθαίνοντας
3587 2924 3724 2995 μήτε

2174 3014 2276 3067 ὑπὸ
2327 3016 2530 3086 μήκους
2579 3017 2713 3086 μήτε
2754 3016 2857 3068 ὑπὸ
2903 3014 3221 3086 λεπτοτητος
3273 3013 3723 3082 ἐκδιδασκόμενοι.

2177 3108 2335 3160 Ὅσον
2351 3107 2408 3160 δέ
2422 3107 2637 3176 ἄκριτον
2669 3108 2761 3160 καὶ
2791 3109 3076 3177 προπετὲς,
3106 3104 3634 3176 συγκατατιθεμένων
3662 3121 3725 3156 τε

2169 3202 2281 3263 τοῖς
2314 3200 2671 3270 ἐπιτυχοῦσιν,
2705 3202 2860 3254 όποῖά
2887 3202 3002 3254 ποτ’
3031 3203 3096 3255 ἂν
3127 3198 3182 3273 ᾖ,
3213 3202 3316 3256 κᾶν
3343 3201 3510 3272 ψευδῆ
3545 3201 3718 3272 τύχῃ*

2171 3291 2262 3344 καὶ
2305 3291 2683 3360 ἀντιλεγόντων
2731 3293 3005 3357 πολλάκις,
3056 3295 3160 3348 κᾶν
3204 3294 3374 3365 ἀληθῆ
3420 3311 3538 3347 τινα
3569 3295 3719 3364 είρη-

2172 3383 2304 3454 μένα
2382 3401 2396 3413 ⁸
2423 3384 2516 3437 καὶ
2542 3384 2696 3438 τοῦτο
2725 3387 3052 3440 ἐκπαιδεύων
3081 3387 3287 3449 τούτοις
3311 3404 3368 3440 τε
3396 3388 3506 3448 τοῖς
3536 3400 3721 3457 προει-

2170 3476 2422 3547 ρημένοις
2453 3476 2544 3529 καὶ
2568 3477 2770 3548 ἐτέροις
2802 3479 3059 3543 ποικίλοις
3087 3479 3261 3548 λόγοις
3288 3478 3581 3548 (πολυειδὲς
3608 3475 3719 3548 γὰρ

2165 3568 2312 3621 τουτὶ
2338 3569 2398 3621 τὸ
2427 3568 2588 3639 μέρος
2612 3569 2709 3640 τῆς
2748 3569 3106 3641 φιλοσοφίας)ο
3141 3569 3426 3634 συνεθίζων
3463 3570 3537 3640 μὴ
3569 3568 3713 3638 είκῆ,

2170 3657 2286 3727 μηδ’
2317 3657 2392 3721 ὡς
2422 3657 2574 3728 έτυχε
2607 3660 2812 3729 ῥίπτειν
2841 3677 2900 3712 τε
2938 3660 3034 3724 τὰς
3083 3660 3380 3732 μαρτυρίας
3422 3661 3516 3712 καὶ
3555 3659 3718 3712 πάλιν

2164 3749 2460 3812 ἀνανεύειν,
2488 3751 2598 3804 ἀλλ’
2621 3750 2962 3818 ἐξετάζοντας
2990 3752 3228 3823 ἀκριϐῶς
3265 3753 3340 3824 μὴ
3370 3752 3436 3806 τά
3461 3751 3714 3823 προφανῆ

2168 3839 2344 3909 μόνον,
2374 3839 2506 3894 ἀλλά
2531 3842 2624 3894 καὶ
2652 3843 3000 3912 κεκρυμμένα
3032 3842 3163 3912 (85).
3192 3841 3364 3895 Πολλά
3391 3841 3499 3913 γάρ
3532 3840 3717 3905 ἔνδοξα

2162 3937 2384 3989 αὐτόθεν
2415 3937 2506 3989 καὶ
2555 3935 2851 4007 σεμνοειδῆ,
2881 3934 2984 3986 ὑπὸ
3017 3934 3310 4003 εὐσχήμοσι
3353 3934 3473 3995 ταῖς
3513 3935 3716 4001 φωναῖς

2161 4028 2514 4101 είσδραμόντα
2547 4029 2626 4091 εἰς
2664 4027 2760 4090 τὰς
2787 4025 2952 4089 ἀκοάς
2979 4025 3154 4096 ἡμῶν,
3186 4026 3258 4088 ὡς
3290 4023 3481 4094 ἀληθῆ,
3509 4023 3714 4076 ὕπουλα

2159 4118 2285 4171 ὅντα
2316 4118 2618 4187 καὶψευδῆ,
2648 4118 3062 4189 συναρπάσαντα
3089 4118 3178 4170 καὶ
3209 4115 3434 4169 λαϐόντα
3456 4115 3711 4187 ψήφισμα

2159 4209 2412 4280 ἀληθείας
2459 4211 2586 4280 παρ’
2629 4209 2802 4280 ἡμῶν,
2841 4212 2954 4281 μετ’
2989 4210 3048 4262 οὐ
3092 4209 3223 4262 πολὺ
3267 4209 3439 4280 σαθρά
3478 4209 3572 4262 καὶ
3611 4209 3709 4261 οὐκ

2157 4301 2438 4365 ἀξιόπιστα
2486 4301 2841 4372 κατεφωράθη
2889 4301 3034 4365 ὄντα,
3087 4302 3261 4370 μάτην
3308 4299 3406 4371 τὴν
3450 4300 3708 4370 ἀλήθειαν

2157 4391 2547 4462 ὑποκρινόμενα
2569 4409 2581 4422 ·
2612 4394 2704 4446 καὶ
2747 4395 2888 4463 ὑμᾶς
2919 4392 3148 4457 εὐκόλως
3183 4393 3425 4463 ἀπέφηνε
3471 4408 3703 4460 καταγε-

2154 4481 2360 4545 λάστως
2384 4481 2838 4554 ἐξηπατημένους,
2870 4484 3452 4553 κάπιμαρτυρήσαντας
3479 4481 3600 4551 είκῆ
3625 4476 3708 4543 οἷς

2152 4573 2349 4644 ἥκιστα
2395 4575 2589 4645 ὲχρῆνο
2637 4573 2794 4628 πάλιν
2843 4591 2900 4628 τε
2945 4571 3010 4628 αὖ
3039 4575 3200 4644 ἕτερα
3245 4572 3412 4644 σεμνὰ
3465 4573 3584 4643 μὲν,
3614 4573 3708 4625 καὶ

2151 4665 2251 4718 οὐκ
2285 4664 2704 4737 ἀλαζονευόμενα
2736 4665 2852 4736 μὲν,
2881 4667 2912 4738 ἢ
2948 4668 3045 4721 οὐκ
3081 4667 3407 4736 ἀξιοπίστοις
3439 4669 3561 4729 ταῖς
3597 4683 3707 4734 φω-

2153 4760 2268 4820 ναῖς
2295 4758 2538 4829 κείμενα,
2587 4757 2860 4829 παράδοξα
2891 4759 2985 4815 καὶ
3013 4760 3227 4814 πάντων
3260 4762 3591 4818 ἀπιστότατα
3617 4759 3705 4810 δο-

2154 4848 2370 4912 κοῦντα,
2403 4848 2621 4902 αὐτόθεν
2653 4867 2710 4902 τε
2741 4849 3238 4921 ἀποδοκιμασθέντα
3277 4851 3351 4915 ὡς
3393 4853 3582 4926 ψευδῆ,
3611 4855 3704 4909 καὶ

2152 4939 2470 5010 ὑϐρισθέντα
2512 4941 2761 5007 ἀναξίοις,
2809 4939 2906 4996 εἶθ’
2961 4942 3183 5014 ὕστερον
3227 4943 3561 5015 ἐξιχνεύσασι
3609 4949 3704 5001 καὶ

2147 5035 2540 5104 κατανοήσασιν
2605 5035 2884 5106 ἀκριϐῶς,
2940 5035 3150 5090 πάντων
3215 5037 3552 5109 ἀληθέστατα
3607 5041 3705 5096 καὶ

2146 5125 2334 5197 ἄμαχα
2374 5127 2611 5198 ἀτεχνῶς
2639 5124 2773 5182 εἶναι
2808 5129 3127 5201 κατενοήθη,
3156 5129 3223 5183 τά
3260 5132 3392 5195 τέως
3420 5132 3703 5204 ἀπόϐλητα

2147 5219 2242 5272 καὶ
2276 5217 2506 5287 ἀδόκιμα
2552 5219 2886 5288 νομισθέντα.
2931 5221 3021 5292 Μὴ
3064 5221 3127 5292 δὴ
3153 5220 3221 5273 τὰ
3263 5222 3506 5293 προφανῆ
3541 5223 3704 5293 μόνον

2145 5312 2237 5364 καὶ
2296 5310 2690 5382 προκύπτοντα,
2741 5310 2855 5365 ἔστι
2895 5311 2940 5365 δ’
2982 5313 3068 5366 ὅτε
3112 5313 3300 5386 δολερά
3342 5315 3436 5367 καὶ
3484 5331 3707 5383 σεσοφι-

2146 5405 2316 5475 σμένα
2331 5420 2345 5434 ·
2371 5403 2440 5458 τά
2458 5404 2513 5457 δὲ
2541 5404 2686 5458 ἔνδον
2706 5405 3157 5477 διερευνωμένους
3177 5405 3274 5477 μὲν
3294 5407 3386 5460 καὶ
3405 5407 3704 5478 περικρούυ

2141 5513 2296 5560 οντας
2338 5496 2584 5562 ἕκαστον,
2618 5498 2689 5569 μή
2734 5499 2808 5570 πή
2841 5516 2895 5551 τι
2929 5498 3123 5569 σαθρὸν
3152 5500 3284 5570 ἠχῇ,
3311 5499 3404 5553 καὶ
3430 5502 3488 5552 ἐν
3514 5501 3704 5565 αὐτοῖς

2143 5588 2528 5660 πιστουμένους
2566 5590 2788 5654 ἑαυτοὺς
2825 5590 3057 5662 πρῶτον,
3087 5589 3256 5655 οὕτως
3282 5591 3375 5644 καὶ
3404 5594 3514 5655 τοῖς
3537 5592 3705 5656 ἐκτὸς

2142 5682 2514 5754 συνομολογεῖν
2544 5683 2638 5737 καὶ
2666 5683 3053 5751 ἀποφαίνεσθαι
3093 5684 3218 5751 περὶ
3247 5684 3486 5739 ἑκάστων
3518 5683 3704 5739 ἐδίδα-

554 5759 664 5832 (85)
707 5760 878 5819 Ἀλλὰ
905 5768 998 5821 καὶ
1030 5770 1418 5842 κεκρυμμένα.
1451 5759 1570 5829 Πωο
1597 5782 1794 5832 temere
1821 5773 2021 5830 omissa
2053 5773 2068 5829 i

2171 5777 2456 5836 ditionibus
2477 5775 2852 5835 Hoescheliana
2883 5785 2934 5834 et
2967 5775 3304 5848 Bengcliana.
