3988 6200
299 297 438 357 1077

1302 293 1367 349 ΙΝ
1405 291 1755 348 ORIGEN‘EM
1792 285 2049 345 ORATIO
2087 283 2542 342 PANEGYRICA.

3391 276 3526 335 1078

293 434 442 473 σκεν.
477 414 660 478 Οῦτως
688 415 783 484 μὲν
825 413 882 466 τὸ
916 413 1040 483 περὶ
1073 412 1168 474 τὰς
1191 410 1365 474 λέξεις
1394 410 1487 462 καὶ
1510 409 1634 471 τοὺς
1662 407 1843 476 λόγους

1958 412 2066 466 net,
2098 417 2162 456 ac
2195 401 2262 455 de
2303 399 2388 454 his
2417 398 2670 474 primum
2697 393 2857 448 tidem
2884 392 3038 448 nobis
3095 393 3224 462 ipsis
3256 391 3527 461 faciendo,

286 508 534 581 κριτικὸν
581 507 736 578 ἡμῶν
779 505 878 577 τῆς
924 504 1102 574 ψυχῆς
1163 502 1323 574 μέρος
1359 500 1592 568 λογικῶς
1636 497 1853 563 ὲξεπαι-

286 601 474 656 δεύετο
496 617 510 630 °
543 601 603 652 οὐ
649 597 791 651 κατά
834 597 931 661 τὰς
965 595 1141 649 καλῶν
1175 595 1418 666 ρητόρων
1449 592 1679 664 κρίσεις,
1711 589 1765 642 εί
1799 607 1854 642 τι

298 690 610 763 Ἑλληνικὸν
655 690 688 761 ἢ
730 689 999 762 βάρϐαρόν
1045 691 1159 740 ἐστι
1200 689 1266 756 τῇ
1318 687 1467 755 φωνῇ
1529 682 1609 754 (τὸ
1663 681 1854 752 μικρὸν

282 784 448 839 τοῦτο
470 784 564 837 καὶ
597 783 695 836 οὐκ
718 784 1012 851 ἀναγκαῖον
1051 780 1322 852 μάθημα),
1357 776 1491 831 ἀλλά
1512 775 1669 829 τοῦτο
1685 777 1856 846 πᾶσιν

280 875 712 944 ἀναγκαιότατον
745 873 967 944 Ἕλλησί
1000 890 1061 925 τε
1092 873 1185 925 καὶ
1229 871 1524 943 βαρϐάροις
1557 869 1649 922 καὶ
1676 870 1856 936 σοφοῖς

282 968 379 1020 καὶ
409 965 659 1032 ἰδιώταις,
682 967 775 1018 καὶ
803 965 937 1027 ὅλως
965 963 1073 1034 (ἵνα
1108 963 1180 1033 μὴ
1218 962 1423 1033 μακρὸς
1448 961 1531 1032 εἴη
1563 977 1650 1031 μοι
1675 959 1850 1026 λόγος,

281 1062 522 1124 ἑκάστας
564 1060 756 1130 τέχνας
799 1059 892 1112 καὶ
944 1056 1347 1127 ἐπιτηδεύματα
1394 1052 1642 1124 ἐπεξιὼν)
1689 1053 1852 1105 πᾶσιν

278 1153 597 1225 ἀνθρώποις
627 1155 739 1213 τοῖς
777 1149 1015 1204 ὁντινοῦν
1065 1150 1174 1220 βίον
1209 1147 1509 1218 ἑλομένοιςο
1545 1145 1595 1198 εί
1622 1161 1684 1213 γε
1719 1145 1851 1196 πᾶσι

275 1251 401 1312 τοῖς
444 1246 571 1315 περὶ
597 1245 918 1315 ὁτουδήποτε
953 1239 1443 1310 κοινολογουμένοις
1486 1236 1637 1308 μέλει
1671 1251 1730 1288 τε
1759 1234 1852 1289 καὶ

275 1339 704 1395 διεσπούδασται
760 1335 833 1408 μὴ
859 1332 1191 1405 ἡπατῆσθαι.

1954 496 2027 549 ita
2057 493 2276 547 demum
2304 487 2660 545 exterioribus
2689 485 2939 540 assentiri
2969 495 3023 540 et
3054 486 3120 540 de
3155 485 3383 555 singulis
3411 503 3525 554 pro-

1957 585 2208 639 nuntiare
2227 581 2469 637 docebat.
2496 577 2652 633 Hunc
2676 578 2838 647 igitur
2861 577 2915 630 in
2940 578 3159 632 modum
3187 593 3313 647 pars
3334 579 3529 632 animae

1957 685 2194 736 nostrae,
2241 689 2364 742 qua;
2405 673 2547 727 circa
2597 683 2758 725 voces
2806 683 3218 738 sermonemque
3260 668 3526 738 judicium

1957 777 2192 833 exercet,
2217 766 2515 822 secundum
2543 764 2806 817 rationem
2837 761 3212 827 erudiebatur;
3241 778 3346 816 non
3373 763 3526 832 juxta

1957 859 2295 931 egregiorum
2331 858 2609 911 rhetorum
2636 853 2841 923 judicia
2863 893 2878 915 ,
2917 852 2962 906 si
2992 854 3122 922 quid
3153 855 3523 910 Graecanicum

1958 965 2052 1007 aut
2082 951 2373 1007 barbarum
2400 949 2516 1004 voci
2544 948 2688 1013 insit,
2723 947 2918 1002 exilem
2956 947 3100 1001 illam
3131 955 3184 1002 et
3208 962 3316 1002 non
3346 963 3526 1002 neces-

1957 1045 2158 1100 sariam
2184 1041 2542 1110 disciplinam,
2584 1039 2676 1093 sed
2714 1038 2854 1092 hanc
2877 1037 3131 1093 omnibus
3153 1045 3206 1092 et
3239 1037 3439 1092 Graecis
3470 1046 3525 1092 et

1959 1134 2226 1200 barbaris,
2251 1141 2305 1186 et
2343 1131 2678 1200 sapientibus
2725 1139 2778 1185 et
2806 1129 3006 1192 idiotis,
3049 1139 3102 1184 et
3125 1128 3214 1195 (ne
3242 1138 3385 1183 artes
3409 1130 3522 1182 sin-

1957 1229 2111 1299 gulas
2147 1241 2212 1281 ac
2252 1225 2430 1280 studia
2461 1222 2829 1278 enumerando
2869 1221 2970 1275 sim
3002 1222 3234 1292 longior)
3268 1222 3521 1278 omnibus

1956 1318 2303 1383 hominibus,
2359 1317 2721 1386 quodcunque
2765 1315 2888 1369 vitae
2945 1329 3115 1382 genus
3177 1316 3517 1386 delegerint,

277 1432 528 1503 apprime
587 1428 987 1491 necessariam;
1042 1423 1307 1495 siquidem
1355 1418 1608 1476 omnibus
1661 1416 1729 1472 de
1769 1427 2091 1486 quacunque
2140 1424 2200 1466 re
2245 1423 2423 1465 sermo
2483 1409 2816 1476 instituatur,
2894 1425 3038 1466 cura:
3083 1421 3164 1466 est
3211 1428 3276 1468 ac
3314 1413 3516 1480 studio,

285 1541 400 1580 non
433 1523 626 1594 decipi.

357 1619 438 1674 H'.
468 1619 578 1672 Καὶ
615 1616 688 1688 μὴ
710 1615 856 1670 τοῦθ’
888 1615 1023 1687 ὅπερ
1053 1609 1191 1676 εἶδος
1213 1607 1521 1680 διαλεκτικὴ
1549 1604 1843 1678 κατορθοῦν

2020 1599 2152 1656 Vlll.
2192 1601 2380 1671 Neque
2418 1601 2558 1655 hanc
2584 1600 2752 1655 solam
2779 1607 3006 1670 partem,
3046 1615 3207 1669 quam
3235 1600 3512 1655 dialectica

285 1716 424 1788 μόνη
463 1711 680 1782 εἴληχε*
719 1709 780 1762 τὸ
817 1707 874 1762 δέ
923 1723 984 1775 γε
1029 1705 1187 1758 πάλιν
1237 1701 1486 1757 ταπεινὸν
1529 1699 1630 1768 τῆς
1673 1697 1843 1788 ψυχῆς

1949 1694 2319 1765 corrigendam
2365 1693 2480 1749 sola
2530 1693 2720 1748 sortita
2752 1700 2869 1757 est,
2931 1691 3020 1746 sed
3072 1691 3329 1745 humilem
3384 1708 3515 1746 sane

276 1786 316 1877 ἦ
327 1804 441 1876 μῶν
465 1799 956 1871 ὲκτεθαμϐημένων
990 1796 1087 1868 μὲν
1113 1797 1179 1866 τῇ
1215 1791 1580 1864 μεγαλουργίᾳ
1608 1788 1702 1842 καὶ
1724 1786 1844 1838 θαυ-

285 1894 592 1968 ματουργία
624 1893 717 1945 καὶ
760 1889 977 1960 ποικίλῃ
1023 1888 1116 1941 κα)⁵
1150 1885 1406 1954 πανσόφῳ
1429 1879 1750 1952 δημιουργίᾳ
1776 1880 1842 1948 τῇ

277 1990 380 2046 τοῦ
415 1987 640 2057 κόσμου,
695 1983 787 2036 καὶ
838 1977 1254 2050 τεθαυμακότων
1309 1977 1404 2046 μὲν
1447 1973 1672 2041 ἀλόγως,
1712 1972 1843 2023 ὐπε-

279 2079 566 2152 πτηχότων
599 2076 658 2130 δὲ
688 2073 790 2128 ὐπὸ
823 2071 1133 2142 ἐκπλήξεως
1153 2087 1166 2099 ο
1200 2069 1414 2122 εἰδότων
1445 2065 1501 2119 δὲ
1533 2063 1645 2117 οὐθ’
1668 2061 1842 2115 ὁτιοῦν

279 2169 714 2241 ἐπιλογίσασθαι,
763 2167 917 2236 δίκην
949 2164 1156 2231 ἀλόγων
1196 2160 1372 2224 ζώων·
1420 2156 1703 2227 ἐξεγείρων
1750 2155 1842 2207 καὶ

278 2263 521 2336 ἀνορθῶν
548 2261 856 2333 μαθήμασιν
883 2257 1085 2327 ἑτέροις
1106 2257 1216 2316 τοῖς
1243 2252 1511 2321 φυσικοῖς*
1537 2244 1841 2318 σαφηνίξων

278 2360 486 2412 ἕκαστα
515 2354 623 2407 τῶν
670 2353 835 2404 ὄντων
881 2349 974 2402 καῖ⁴
1001 2346 1306 2418 διακρίνων,
1337 2343 1429 2398 καὶ
1477 2341 1618 2412 μάλα
1658 2338 1840 2407 σαφῶς

279 2453 362 2516 είς
394 2449 462 2504 τὰ
508 2446 788 2520 πρώτιστα
831 2446 1082 2513 στοιχεῖα,
1114 2436 1523 2494 κατεπιπλέκων
1554 2433 1631 2504 τῷ
1678 2433 1837 2502 λόγῳ,

279 2543 375 2597 καὶ
420 2538 876 2611 ἐπιπορευόμενος
925 2536 1023 2605 τήν
1063 2550 1122 2585 τε
1163 2530 1269 2584 τῶν
1310 2529 1443 2582 ὅλων
1490 2528 1582 2580 καὶ
1621 2526 1718 2597 τὴν
1751 2525 1840 2577 ἐπὶ

284 2633 481 2705 μέρους
509 2629 736 2683 ἑκάστου
779 2627 936 2694 φύσιν
955 2641 966 2654 ·
997 2623 1203 2694 τροπήν
1229 2637 1288 2672 τε
1320 2620 1415 2690 τὴν
1450 2615 1716 2685 πολυειδῆ,
1748 2613 1841 2667 καὶ

283 2722 584 2795 μεταϐολὴν
611 2719 718 2772 τῶν
747 2720 803 2771 ὲν
838 2716 915 2788 τῶ
943 2716 1130 2785 κόσμῳ
1152 2730 1163 2742 ·
1218 2712 1321 2775 ἓως
1371 2710 1549 2780 φέρων
1601 2707 1704 2795 ὑπό
1746 2723 1838 2759 σα-

282 2792 420 2883 φοῦς
450 2813 545 2883 τῆς
583 2809 713 2881 παρ’
749 2806 910 2862 αὐτοῦ
941 2803 1284 2866 διδασκαλίας
1312 2803 1405 2854 καὶ
1442 2801 1613 2868 λόγων
1659 2792 1732 2851 ὧν
1780 2813 1838 2849 τε

281 2906 486 2978 ἔμαθεν
517 2899 588 2958 ὧν
612 2922 669 2957 τε
701 2902 970 2974 ἐξεύρετο,
1002 2900 1128 2970 περὶ
1165 2897 1264 2967 τῆς
1308 2897 1413 2948 τῶν
1459 2893 1594 2948 ὅλων
1641 2893 1840 2944 οἰκονο-

285 2999 418 3071 μίας
463 2997 559 3066 τῆς
607 2996 776 3065 ἱερᾶς,
813 2993 905 3046 καὶ
955 2991 1165 3060 φύσεως
1211 2988 1307 3058 τῆς
1351 2985 1669 3056 ἀμωμήτου,
1719 2982 1837 3036 ἀντὶ

1945 1787 2092 1841 illam
2141 1786 2380 1842 vicissim
2418 1787 2585 1840 animi
2614 1785 2782 1839 nostri
2819 1797 3044 1854 partem,
3070 1799 3176 1853 qua
3212 1785 3279 1839 ad
3308 1786 3514 1854 magni-

1943 1879 2212 1936 ﬁcentiam
2239 1887 2292 1932 et
2321 1878 2619 1933 mirabilem
2651 1885 3004 1943 structuram,
3036 1878 3247 1932 varium
3292 1879 3510 1947 sapien-

1944 1973 2320 2040 tissimumque
2354 1970 2542 2024 mundi
2582 1971 2858 2041 opificium
2897 1970 3356 2039 obstupescimus,
3405 1970 3505 2023 ωι-

1942 2063 2310 2130 miranturque
2341 2060 2460 2114 sine
2489 2061 2716 2124 ratione,
2749 2076 2812 2115 ac
2841 2075 2950 2129 pra:
2980 2060 3170 2114 timore
3193 2069 3510 2114 consterna-

1941 2169 2085 2218 mur,
2127 2161 2180 2206 et
2215 2152 2305 2222 qui
2356 2152 2658 2206 belluarum
2707 2167 2854 2206 more
2882 2167 3002 2220 quas
3041 2152 3245 2206 ratione
3275 2160 3461 2206 carent
3490 2189 3509 2214 ,

1941 2244 2254 2298 ratiocinari
2285 2244 2417 2297 nihil
2447 2245 2716 2310 novimus,
2748 2244 3017 2299 excitabat
3044 2245 3390 2315 erigebatquc
3418 2261 3511 2298 nar

1940 2335 2209 2390 turalibus
2245 2335 2366 2390 aliis
2407 2335 2747 2406 disciplinis;
2795 2336 3007 2405 singula
3033 2377 3046 2400 ,
3080 2352 3200 2406 qua:
3228 2338 3280 2390 in
3324 2351 3506 2391 rerum

1941 2435 2067 2481 sunt
2104 2435 2294 2480 natura
2325 2426 2606 2481 declarans
2636 2442 2700 2480 ac
2733 2427 3093 2494 distinguens,
3125 2436 3177 2480 et
3219 2427 3506 2496 pers'picua

1939 2520 2182 2575 oratione
2204 2521 2258 2575 in
2281 2521 2454 2592 prima
2477 2537 2576 2576 sua
2609 2522 2874 2576 elementa
2900 2520 3194 2584 resolvens,
3230 2528 3507 2572 naturam-

1938 2627 2044 2682 que
2080 2620 2195 2666 tum
2246 2626 2588 2666 communem
2622 2612 3038 2675 universorum,
3071 2618 3182 2662 tum
3231 2609 3502 2684 propriam

1939 2704 2230 2772 cujusque;
2260 2703 2640 2756 conversiones
2679 2717 2894 2771 quoque
2941 2716 3118 2754 rerum
3149 2699 3505 2754 multiformes

1938 2805 2098 2865 atque
2135 2795 2461 2850 mutationes
2501 2793 2826 2858 edisserens,
2873 2793 3052 2863 quoad
3094 2792 3352 2846 doctrina:
3393 2805 3506 2848 suta

1938 2888 2318 2957 rationumque
2357 2903 2494 2958 quas
2536 2887 2728 2956 partim
2769 2886 2976 2950 didicit,
3022 2886 3218 2955 partim
3263 2885 3376 2954 ipse
3404 2901 3502 2938 εις-η

1939 2979 2222 3049 cegitavit,
2273 2979 2654 3049 perspicuitate
2699 2993 2796 3047 pro
2838 2976 3139 3031 irrationali
3182 2977 3500 3031 rationalem

279 3062 476 3157 ἀλόγου
502 3062 714 3155 λογικόν
741 3088 859 3148 ταῖς
889 3083 1085 3153 ψυχαῖς
1110 3083 1140 3151 ή
1150 3079 1262 3151 μῶν
1288 3077 1605 3146 ἐγκατέθετο
1637 3075 1835 3145 θαῦμα.

1943 3072 2138 3127 animis
2166 3072 2370 3126 nostris
2394 3086 2562 3126 sacrae
2601 3071 2765 3125 totius
2800 3069 3039 3125 universi
3061 3069 3499 3139 dispensationis,

278 3182 440 3235 Τοῦθ’
488 3182 517 3234 ὅ
563 3181 626 3252 δὴ
679 3178 902 3249 μάθημα
935 3174 1132 3246 ὑψηλόν
1166 3173 1259 3225 καὶ⁵
1288 3170 1464 3224 ἔνθεον
1501 3170 1579 3234 ὃν,
1610 3171 1643 3239 ἡ
1683 3171 1842 3240 ἐρασ-

282 3275 525 3346 μιωτάτη
564 3275 727 3326 πᾶσιν
753 3270 1052 3324 ἐκδιδάσκει
1084 3265 1414 3336 φυσιολογία.
1460 3265 1524 3316 Τί
1560 3263 1640 3316 δεῖ
1665 3263 1838 3331 λέγειν

274 3367 346 3419 τὰ
370 3366 477 3420 τῶν
507 3365 666 3435 ἱερῶν
700 3356 1415 3438 μαθημάτωνηγεωμετρίαν
1458 3355 1554 3426 μὲν
1581 3356 1677 3424 τὴν
1708 3356 1838 3406 πᾶσι

276 3451 439 3522 φίλην
491 3451 585 3504 καὶ
635 3446 1134 3518 ἀναμφισϐήτητον,
1186 3444 1278 3496 καὶ
1333 3443 1691 3514 ἀστρονομίαν
1740 3442 1838 3512 τὴν

278 3541 720 3614 μετεωροπόρον;
752 3541 786 3595 ἀ
813 3540 876 3611 δὴ
909 3537 1114 3591 ἕκαστα
1142 3539 1260 3598 ταῖς
1289 3535 1483 3604 ψυχαῖς
1527 3533 1690 3604 ἡμῶν
1724 3534 1838 3584 ἐνε-

272 3631 532 3696 τυποῦτο,
579 3629 862 3692 διδάσκων,
903 3627 939 3698 ἢ
986 3624 1494 3697 ἀναμιμνήσκων,ἢ
1543 3623 1642 3674 οὐκ
1687 3615 1782 3673 οἷδ’
1808 3621 1836 3672 ὅ

271 3743 328 3779 τι
382 3724 489 3796 χρὴ
537 3723 746 3790 λέγειν’
799 3720 898 3791 τὴν
944 3719 1077 3790 μὲν,
1129 3716 1203 3779 ὡς
1255 3714 1566 3786 ὐποϐάθραν
1622 3713 1836 3766 πάντων

274 3817 464 3880 ἁπλῶς
495 3815 854 3885 ποιησάμενος
877 3809 1040 3866 οὖσαν
1070 3813 1334 3873 ἄσειστον,
1355 3809 1452 3879 τὴν
1475 3806 1832 3878 γεωμετρίαν,

274 3903 375 3956 καὶ
402 3898 644 3973 κρηπῖδά
667 3917 787 3955 τινα
817 3899 1029 3970 ἀσφαλῆ
1051 3917 1063 3930 ι
1098 3900 1312 3968 ἀνάγων
1343 3897 1399 3948 δὲ
1424 3897 1516 3950 καὶ
1547 3896 1706 3966 μέχρι
1728 3893 1834 3946 τῶν

275 3994 539 4049 ἀνωτάτω
562 3992 648 4047 διά
691 3994 788 4063 τῆς
819 3991 1197 4063 ἀστρονομίας,
1233 3991 1419 4062 ῶσπερ
1459 3988 1548 4042 διὰ
1576 3988 1837 4058 κλίμακός

273 4105 422 4147 τινος
455 4087 882 4157 οὐρανομήκους,
910 4086 1169 4156 ἑκατέρου
1188 4082 1280 4136 τοῦ
1310 4083 1643 4154 μαθήματος,
1678 4081 1838 4133 Βατὺν

274 4181 410 4251 ἡμῖν
437 4179 529 4230 τὸν
552 4177 774 4248 οὐρανὸν
802 4176 1237 4246 παρασκευάσας.

1943 3164 2463 3233 αυεοιυιίεεὶηιωιιυθ
2487 3173 2693 3217 natura:
2715 3161 3123 3218 admirationem
3148 3161 3350 3231 injecit.
3380 3159 3504 3216 llaec

1942 3255 2195 3309 nimirum
2219 3257 2314 3310 illa
2338 3265 2419 3311 est
2443 3256 2692 3311 sublimis
2721 3271 2784 3310 ac
2806 3255 2983 3309 divina
3005 3253 3309 3321 disciplina,
3341 3269 3504 3323 quam

1942 3351 2195 3404 onmibus
2219 3351 2607 3406 amabilissima
2629 3350 2786 3405 docet
2808 3347 3158 3418 physiologia.
3189 3345 3327 3411 Quid
3358 3361 3503 3400 [tunc

1940 3456 2077 3508 opus
2110 3449 2194 3495 est
2220 3457 2403 3496 sacras
2436 3441 2845 3496 mathematicas
2883 3437 3348 3495 commemorare?
3374 3451 3502 3506 geo-

1936 3533 2181 3587 metriam
2233 3532 2486 3585 omnibus
2533 3533 2749 3587 charam
2798 3539 2959 3600 atque
3007 3529 3401 3595 indubitatam,
3447 3537 3502 3583 et

1937 3625 2322 3680 astronomiam
2357 3639 2588 3693 superna
2631 3623 3046 3692 pervagantem?
3091 3638 3228 3691 quas
3260 3622 3503 3692 singulas

1936 3715 2136 3770 animis
2159 3716 2379 3779 nostris,
2426 3716 2625 3770 docens
2657 3713 3024 3782 insculpebat;
3071 3722 3166 3767 aut
3211 3714 3263 3767 in
3297 3728 3502 3767 memo-

1939 3807 2075 3860 riam
2102 3822 2382 3871 revocans,
2413 3816 2507 3859 aut
2546 3807 2728 3859 nescio
2753 3805 2880 3874 quid
2909 3805 3014 3859 dici
3051 3807 3234 3875 potius
3267 3805 3496 3859 debeat:

1939 3897 2086 3951 illam
2133 3897 2351 3967 quidem
2404 3897 2549 3950 velut
2595 3897 2837 3948 omnium
2887 3895 3044 3962 plane
3087 3896 3499 3950 fundamentum

1942 3997 2204 4055 statuens,
2251 3998 2304 4042 et
2346 3988 2497 4058 quasi
2543 3988 2694 4042 basin
2728 3989 3083 4050 tutissimam,
3117 3987 3496 4041 inconcussam

1939 4082 2328 4151 geometriam;
2376 4097 2469 4151 per
2511 4081 2892 4134 astronomiam
2952 4090 3129 4133 autem
3175 4080 3240 4132 ad
3285 4096 3498 4135 summa

1939 4174 2259 4244 perducens,
2295 4183 2548 4242 tanquam
2576 4189 2670 4241 per
2699 4173 2896 4226 scalam
2930 4171 3216 4240 quamdam
3242 4171 3306 4223 ad
3329 4173 3498 4228 caelos

1939 4267 2348 4336 pertingcntem,
2371 4265 2608 4334 pervium
2636 4265 2790 4318 nobis
2812 4264 3006 4318 caelum
3034 4262 3313 4332 utriusque
3333 4263 3498 4318 disci-

1945 4357 2103 4425 plinae
2131 4370 2293 4424 opera
2318 4354 2572 4410 elﬁciens.

349 4453 426 4508 9'.
464 4455 530 4504 Ἀ
556 4452 611 4506 δὲ
636 4453 886 4506 ἁπάντων
915 4452 1030 4505 ἐστὶ
1054 4452 1472 4522 κορυφαιότατα,
1505 4453 1598 4504 καὶ
1627 4443 1700 4503 ὧν
1734 4451 1836 4521 μά-

2011 4446 2099 4500 IX.
2141 4445 2294 4511 Quod
2322 4460 2450 4498 vero
2476 4443 2715 4498 omnium
2744 4453 2827 4498 est
2855 4443 3025 4498 multo
3047 4445 3364 4510 maximum,
3399 4459 3497 4499 cu-

275 4550 435 4600 λιστα
467 4545 625 4599 ἓνεκα
655 4547 758 4598 πᾶν
777 4544 884 4615 (86)
913 4545 974 4597 τὸ
999 4545 1282 4614 φιλόσοφον
1312 4543 1640 4596 διαπονεῖται
1661 4544 1836 4613 γένος,

273 4638 465 4708 ὥσπερ
495 4638 559 4690 ὲκ
582 4635 804 4706 φυτείας
843 4636 1090 4706 ποικίλης
1113 4635 1220 4689 τῶν
1246 4635 1418 4689 ἀλλων
1450 4637 1701 4690 ἀπάντων
1735 4653 1838 4706 μα-

275 4729 559 4798 θημάτων,
589 4729 682 4781 καὶ
711 4728 1022 4798 φιλοσοφίας
1067 4730 1301 4799 μακρᾶς,
1332 4729 1574 4800 καρποὺς
1603 4727 1835 4794 ἀγαθοὺς

276 4819 651 4890 ἐκδεχόμενον,
705 4819 802 4882 τὰς
843 4818 991 4884 θείας
1033 4820 1234 4890 ἀρετὰς
1275 4820 1372 4882 τὰς
1415 4820 1540 4891 περὶ
1584 4815 1734 4890 ἦθος,
1777 4818 1834 4885 ἐξ

274 4903 354 4963 ὧν
383 4912 416 4982 ἡ
459 4911 726 4982 ἀτάραχος
755 4911 847 4964 καὶ
879 4910 1142 4980 εὐσταθὴς
1172 4910 1279 4963 τῶν
1321 4909 1505 4980 ὁρμῶν
1531 4909 1629 4979 τῆς
1659 4909 1833 4980 ψυχῆς

277 5002 610 5064 κατάστασις
651 5001 884 5070 γίνεται·
921 5003 1014 5054 καὶ
1054 5000 1290 5064 ἀλύπους
1336 5001 1432 5071 μὲν
1482 5001 1574 5054 καὶ
1605 5001 1833 5064 ἀπαθεῖς

276 5097 535 5150 ἁπάντων
553 5095 758 5160 κακῶν,
776 5097 1067 5160 εὐτάκτους
1081 5097 1136 5150 δὲ
1156 5097 1248 5150 καί¹
1263 5095 1540 5158 εὐσταθεῖς
1556 5097 1648 5148 καὶ
1669 5095 1834 5147 θεοει-

273 5192 388 5253 δεῖς
417 5188 646 5261 ⁴ἤμελλεν
677 5191 822 5260 ἡμᾶς
853 5189 1018 5253 ὅντως
1045 5191 1137 5243 καὶ
1183 5188 1480 5260 μακαρίους
1505 5189 1833 5260 καταστήσε-

276 5279 438 5332 σθαι·
504 5280 598 5332 καὶ
653 5279 824 5334 ταῦτα
877 5281 933 5333 δὲ
986 5280 1284 5345 ἐξεπονεῖτο
1339 5280 1518 5349 λόγοις
1575 5297 1634 5332 τε
1687 5280 1834 5343 ίδίοις

273 5370 579 5440 πραΰνουσι
602 5373 695 5424 καλ¹
721 5375 920 5440 σοφοῖς,
936 5374 1034 5443 οὐχ
1052 5373 1251 5443 ἥκιστα
1274 5373 1367 5426 καὶ
1389 5371 1835 5440 ἀναγκαιοτάτοις

272 5462 405 5534 περὶ
429 5460 537 5514 τῶν
570 5460 716 5530 ἠθῶν
747 5462 966 5517 καὶτῶν
991 5464 1204 5535 τρόπων
1234 5467 1265 5535 ή
1275 5465 1389 5535 μῶν
1412 5482 1425 5496 °
1459 5464 1551 5518 καὶ
1576 5465 1634 5516 οὐ
1659 5463 1834 5532 λόγοις

277 5553 461 5624 μόνον,
488 5549 604 5605 ἀλλ’
760 5555 852 5606 καὶ
877 5554 1051 5624 ἔργοις
1080 5557 1277 5625 τρόπον
1307 5555 1426 5610 τινά
1457 5555 1832 5624 διεκυϐερνᾶτο

1935 4542 2130 4611 jusque
2150 4541 2320 4610 gratia
2342 4539 2552 4592 laborat
2567 4553 2695 4606 gens
2719 4545 2828 4590 tota
2852 4536 3317 4606 philosophorum,
3339 4538 3496 4608 quasi

1938 4649 2002 4686 ex
2035 4633 2181 4685 varia
2223 4632 2552 4701 reliquarum
2584 4631 2825 4684 omnium
2866 4629 3275 4699 disciplinarum
3313 4631 3495 4686 consi-

1938 4726 2106 4786 tione,
2135 4723 2510 4792 diuturnzeque
2535 4722 2889 4792 philosophia:
2933 4723 3133 4788 studio,
3180 4722 3353 4777 bonos
3379 4723 3495 4775 fru-

1938 4827 2056 4872 ctus
2095 4817 2374 4886 colligens,
2417 4815 2629 4871 divinas
2675 4830 2886 4869 morum
2923 4816 3168 4876 virtutes,
3202 4830 3266 4867 ex
3297 4814 3495 4883 quibus

1939 4908 2262 4980 tranquillus
2287 4917 2342 4962 et
2363 4915 2618 4963 constans
2645 4909 2808 4962 animi
2833 4907 3132 4962 motionum
3149 4916 3322 4962 status
3353 4907 3496 4962 exsi-

1940 5002 2068 5066 stit;
2113 5009 2166 5057 et
2193 5003 2444 5056 mmroris
2481 5002 2698 5071 quidem
2729 5010 2996 5072 expertes,
3033 5010 3197 5070 atque
3235 5008 3296 5053 ut
3335 4999 3498 5053 nullis

1939 5094 2099 5148 malis
2124 5093 2495 5148 vehementius
2518 5108 2999 5155 commoveremur,
3032 5091 3122 5146 sed
3146 5090 3407 5144 moderati
3433 5103 3498 5146 ac

1940 5185 2134 5251 sedati,
2169 5184 2369 5254 Deique
2391 5186 2592 5240 similes
2613 5201 2734 5239 vere
2764 5201 2826 5239 ac
2852 5184 3013 5250 beati,
3043 5184 3161 5253 ejus
3184 5197 3346 5250 opera
3376 5183 3498 5236 red-

1941 5281 2226 5346 deremur,
2270 5281 2631 5336 annitebatur.
2679 5280 2853 5350 Atque
2890 5281 3003 5332 haec
3035 5279 3256 5333 curabat
3285 5287 3339 5332 et
3367 5293 3497 5348 age-

1941 5371 2033 5426 bat
2063 5372 2170 5434 ille.
2202 5380 2315 5425 tum
2343 5373 2686 5427 sermonibus
2714 5371 2976 5440 propriis,
3024 5369 3500 5426 mansuefacienti-

1938 5463 2039 5517 bus
2067 5477 2129 5516 ac
2155 5462 2349 5529 doctis,
2382 5479 2480 5519 nec
2507 5465 2702 5518 'minus
2737 5462 3077 5528 necessariis,
3109 5477 3246 5532 quos
3280 5464 3346 5518 de
3376 5477 3496 5518 mea

1936 5556 2088 5610 ribus
2114 5553 2340 5625 vitaeque
2370 5565 2566 5611 nostrae
2601 5554 2773 5609 modis
2806 5554 3062 5622 habebat;
3097 5563 3207 5610 tum
3235 5571 3362 5612 vero
3387 5572 3503 5610 non

351 5739 460 5812 (86)
492 5738 709 5795 Ἕνεκα
747 5739 880 5798 πᾶν.
916 5743 1195 5817 Bcngclius
1226 5763 1287 5802 ex
1322 5745 1643 5818 llmschelio,
1671 5743 1831 5802 ἕνεκά
1865 5765 1991 5811 πως.
