3988 6200
605 284 743 342 10⁸79

1729 283 1783 337 S.
1829 278 2153 339 GREGONI
2193 275 2692 336 THAUMATURGI

3627 289 3736 348 ιοθο

599 407 777 462 verbis
807 406 1004 470 solum,
1035 406 1126 462 sed
1149 408 1259 477 jam
1291 406 1451 462 etiam
1479 405 1635 462 factis
1655 402 2055 477 quodammodo
2084 417 2145 456 re

2264 401 2394 472 παρ’
2426 401 2581 472 ήμῶν
2605 400 2703 466 τὰς
2732 400 2926 471 όρμάς,
2959 403 3095 473 αὐτῇ
3124 405 3185 473 τῇ
3214 402 3315 456 τῶν
3345 403 3514 475 ὁρμῶν
3553 407 3634 460 καὶ
3656 424 3741 464 πα·

600 498 757 569 gebat
773 497 1009 569 impetus
1031 506 1282 559 nostros;
1307 497 1421 568 ipsa
1444 497 1650 553 scilicet
1673 496 1972 551 motionum
1996 492 2164 547 animi

598 590 1172 663 perturbationumque
1183 587 1632 657 contemplatione
1642 594 1805 657 atque
1820 584 2127 656 cognitione
2141 624 2157 649 ,

597 697 665 738 ex
699 698 805 752 qua
838 680 1178 751 potissimum
1218 679 1470 749 componi
1499 694 1655 733 mens
1696 687 1879 733 nostra
1910 677 2074 743 solet,
2107 684 2162 732 et

598 773 667 829 ad
694 781 899 830 rectum
931 773 1378 841 moderatumque
1414 782 1613 827 statum
1641 787 1705 826 ex
1734 769 1960 825 confuso
1989 778 2163 823 trans-

598 861 730 917 ferri
758 880 770 915 :
798 870 857 917 ut
886 870 1142 933 tanquam
1169 862 1223 917 in
1250 862 1468 932 speculo
1495 878 1554 918 se
1583 863 1755 933 ipsam
1784 861 2003 916 intuens
2029 859 2159 931 (ini-

599 951 675 1005 tia
698 951 813 1021 ipsa
837 951 1107 1023 fibrasque
1132 953 1398 1011 malorum
1417 991 1433 1017 ,
1468 963 1523 1008 et
1547 952 1689 1023 quod
1716 967 1746 1006 a
1790 951 2002 1007 ratione
2028 949 2162 1006 alie-

598 1059 728 1097 nnm
761 1045 816 1099 in
843 1059 906 1100 ea
933 1052 1037 1112 est,
1063 1045 1208 1103 unde
1230 1045 1477 1101 absurda:
1505 1046 1559 1101 in
1587 1044 1744 1105 nobis
1767 1044 2077 1101 atl‘ectiones
2095 1058 2161 1099 ac

598 1135 1031 1205 perturbationes
1061 1146 1393 1209 exsurgunt;
1419 1145 1471 1191 et
1511 1151 1751 1201 rursum,
1782 1151 1905 1206 quae
1935 1134 2159 1191 rationis

596 1242 820 1298 compos
841 1243 967 1299 pars
994 1228 1113 1299 ejus
1137 1237 1220 1283 est
1249 1229 1474 1298 optima,
1502 1245 1607 1299 qua
1633 1228 1964 1292 dominante,
1991 1228 2156 1290 illaesa

593 1330 648 1375 et
672 1320 1094 1391 perturbationis
1121 1335 1313 1391 expers
1332 1321 1446 1391 ipsa
1473 1323 1772 1391 permanet)
1790 1338 1807 1389 ;
1824 1321 2020 1376 deinde
2043 1320 2159 1376 haec

593 1410 650 1465 in
682 1425 743 1463 se
766 1420 1020 1465 accurate
1056 1410 1434 1479 considerans,
1464 1413 1647 1466 omnia
1674 1411 1892 1481 quidem
1925 1410 2014 1472 illa
2037 1426 2160 1482 quae

2265 490 2373 546 θῶν
2410 492 2518 545 τῶν
2557 491 2656 562 τῆς
2688 492 2863 564 ψυχῆς
2901 492 3103 564 θεωρίᾳ
3143 494 3234 548 καὶ
3274 496 3590 567 κατανοήσει,
3617 498 3666 566 ἐξ
3688 492 3743 571 ἧς

2267 584 2498 657 μάλιστα
2539 586 2989 656 κατεγνωσμένης
3034 584 3412 658 κατορθοῦσθαι
3455 587 3507 652 ἐξ
3545 589 3746 662 ἀναρμο-

2264 673 2416 738 στίας
2458 673 2699 743 πέφυκεν
2729 673 2884 744 ήμῶν
2914 675 2949 744 ἡ
2972 673 3135 745 ψυχὴ,
3159 675 3251 728 καὶ
3273 675 3361 728 ἐπὶ
3384 675 3443 729 τὸ
3477 679 3748 749 κεκριμένον

2263 766 2356 821 καὶ
2398 764 2656 837 εὓτακτον
2704 768 2767 820 ἐκ
2819 767 3255 837 συγκεχυσμένης
3298 766 3666 836 μετατίθεσθαι·
3692 769 3745 825 ἶν’

2261 836 2448 930 ὥσπέρ
2474 859 2532 911 ἐν
2573 859 2860 930 κατόπτρῳ
2902 836 3107 930 ἑαυτὴν
3131 836 3439 930 θεωρήσασα
3468 858 3643 930 (αὑτὰς
3670 860 3749 927 τὰς

2260 947 2432 1020 ἀρχὰς
2471 950 2565 1013 καὶ
2597 951 2749 1021 ῥίζας
2779 950 2887 1004 τῶν
2931 950 3132 1015 κακῶν,
3162 950 3220 1004 τὸ
3257 950 3437 1019 ἄλογον
3471 952 3620 1023 αὐτῆς
3646 954 3749 1020 πᾶν,

2259 1042 2319 1107 ἐξ
2352 1037 2414 1097 οὗ
2445 1043 2515 1097 τὰ
2551 1044 2724 1107 ἄτοπα
2760 1046 2891 1116 ήμῖν
2923 1045 3267 1098 ἐπανίσταται
3296 1043 3435 1116 πάθη
3452 1062 3466 1076 ·
3503 1046 3587 1101 καὶ
3624 1046 3753 1101 πάλιν
3844 1108 3857 1130 ί

2259 1133 2381 1187 ὅσον
2406 1133 2626 1206 ἄριστον
2649 1134 2818 1206 αὐτῆς
2849 1136 3031 1207 μέρος,
3051 1135 3261 1205 λογικὸν
3288 1136 3373 1205 ὑφ’
3398 1130 3454 1190 οὗ
3478 1136 3752 1207 κρατοῦντος

2260 1226 2411 1296 μένει
2437 1243 2500 1295 γε
2526 1226 2615 1297 ὑφ’
2643 1227 2841 1298 ἑαυτῆς
2868 1227 2977 1300 (87)
3003 1226 3241 1298 ἀόλαϐής
3277 1226 3367 1280 καὶ
3392 1225 3634 1298 ἀπαθής)’
3660 1224 3755 1283 εἶτα

2258 1319 2427 1375 ταῦτα
2465 1322 2523 1373 ἐν
2552 1320 2689 1391 αὐτῇ
2718 1321 3090 1391 κατανοήσασα
3128 1316 3384 1390 ἀκριόῶς,
3412 1316 3572 1371 πάντα
3599 1317 3681 1387 μὲν
3700 1317 3757 1371 τὰ

2256 1414 2320 1467 ἐκ
2353 1411 2447 1467 τοῦ
2475 1410 2710 1485 χείρονος
2735 1411 3061 1483 ἐκφυόμενα,
3089 1410 3346 1481 ἐκχέοντα
3374 1410 3509 1480 ήμᾶς
3533 1408 3626 1461 ὑπὸ
3647 1409 3752 1463 ἀκο-

590 1514 658 1554 ex
706 1500 973 1557 deteriore
1020 1511 1336 1567 nascuntur,
1381 1513 1436 1558 et
1479 1518 1577 1559 nos
1607 1503 1694 1559 vel
1740 1502 2016 1559 offendunt
2062 1517 2145 1573 pet

2255 1506 2461 1570 λασίας,
2491 1505 2524 1578 ἢ
2566 1504 2915 1558 συστέλλοντα
2945 1503 3039 1558 καὶ
3078 1504 3437 1575 συμπνίγοντα
3474 1501 3570 1555 ὑπὸ
3601 1518 3753 1556 ταπειτ

592 1591 1097 1661 intemperantiam,
1140 1594 1225 1649 vel
1269 1595 1600 1652 contrahunt
1646 1602 1700 1650 et
1745 1602 2025 1650 coarctant
2060 1608 2145 1664 pel

2254 1598 2507 1667 νότητος,
2555 1589 2663 1649 οἷον
2702 1595 2892 1668 ήδονάς
2929 1596 3026 1650 καὶ
3066 1595 3375 1666 ἐπιθυμίας,
3412 1594 3445 1665 ἢ
3487 1592 3643 1658 λύπας
3680 1594 3752 1647 καὶ

592 1682 758 1737 animi
779 1682 1164 1755 dejectionem;
1193 1693 1249 1739 ut
1280 1685 1581 1756 voluptates
1615 1694 1670 1741 et
1693 1685 2036 1756 cupiditates,
2058 1692 2145 1742 aut

2254 1688 2467 1758 φόϐους,
2511 1687 2603 1741 κα)⁴
2637 1689 2758 1751 ὅσος
2795 1689 2907 1751 τοῖς
2945 1687 3123 1756 γένεσι
3156 1686 3329 1741 τοῖσδε
3366 1684 3548 1739 ἐπεται
3586 1687 3753 1753 στοῖχος

593 1789 855 1829 maerores
884 1790 948 1831 ac
983 1775 1228 1841 timores,
1261 1787 1313 1831 et
1354 1793 1475 1847 quae
1506 1778 1574 1833 ab
1604 1776 1689 1832 bis
1719 1778 2006 1848 generibus
2036 1793 2145 1832 ma-

2254 1778 2466 1832 κακῶν·
2511 1776 2683 1831 ταῦτα
2724 1778 2820 1848 μὲν
2857 1775 3103 1830 ἐκόάλλοι
3147 1775 3245 1830 καὶ
3281 1776 3344 1828 ἐκ
3374 1772 3538 1827 ποδῶν
3572 1775 3753 1836 ποιοῖτο,

591 1866 767 1920 lorum
812 1866 967 1922 turba
1014 1866 1321 1934 suboritur;
1358 1869 1491 1935 base,
1538 1868 1781 1938 inquam,
1831 1869 2039 1939 rejiciat
2085 1884 2145 1925 ac

2251 1870 2329 1923 ἐτι
2378 1870 2697 1943 ἀρχομένοις
2742 1870 2834 1924 καὶ
2878 1871 3001 1942 ἄρτι
3043 1869 3332 1939 φυομένοις
3370 1865 3753 1936 ἐπανισταμένη,

592 1955 859 2026 proﬂiget,
883 1958 1265 2029 incipientibus
1293 1960 1471 2015 adhuc
1486 1961 1947 2030 nascentibusque
1967 1976 2145 2015 occurs

2251 1964 2344 2015 καὶ
2368 1964 2470 2015 οὐκ
2517 1961 2661 2017 ἐῶσα
2690 1961 2809 2015 οὐδὲ
2852 1961 3045 2032 μικρὸν
3086 1959 3294 2026 αὖξειν,
3331 1958 3441 2014 ἀλλ’
3468 1955 3752 2014 ἀπολλύουσα

591 2063 740 2113 rens,
762 2063 828 2104 ac
858 2064 924 2104 ne
949 2050 1237 2105 minimum
1265 2051 1483 2122 quidem
1532 2067 1776 2108 crescere
1813 2053 2020 2119 sinens,
2055 2051 2145 2108 sed

2249 2056 2342 2109 καὶ
2370 2052 2761 2123 ὲξαφανίζουσα
2784 2071 2799 2087 θ
2821 2055 2924 2108 ὅσα
2948 2053 3005 2113 δέ
3038 2055 3103 2107 ἐκ
3134 2053 3231 2107 τοῦ
3259 2052 3548 2125 κρείττονος
3572 2049 3750 2105 ἀνατέλ-

592 2142 864 2212 perimens
893 2158 957 2198 ac
983 2143 1167 2199 delens
1195 2160 1226 2200 e
1249 2146 1509 2216 vestigio;
1537 2160 1659 2215 qua:
1685 2160 1814 2215 vero
1837 2160 1904 2201 ex
1928 2146 2145 2202 meliore

2248 2146 2328 2200 λει
2366 2148 2495 2218 ἡμῖν
2537 2146 2716 2214 ἀγαθὰ
2741 2145 2889 2209 ὄντα,
2920 2145 3089 2200 ταῦτα
3118 2144 3372 2215 ἐκτρέφοι
3404 2159 3459 2195 τε
3494 2141 3580 2195 καὶ
3601 2138 3754 2194 διασώ-

590 2233 732 2289 bona
771 2234 929 2290 nobis
975 2235 1311 2301 exoriuntur,
1347 2237 1461 2293 haec
1502 2238 1612 2293 alat
1654 2253 1718 2292 ac
1768 2222 1969 2304 foveat,
2015 2237 2145 2293 inci-

2247 2236 2352 2302 ζοι,
2375 2239 2468 2291 καί
2488 2238 2762 2309 ἀρχόμενα
2785 2235 3074 2310 τιθηνοῦσα
3096 2236 3188 2290 καὶ
3219 2233 3640 2307 συμφυλάττοντα
3657 2231 3752 2301 ἄχρι

589 2324 792 2398 pientia
817 2326 1043 2391 lactans,
1079 2341 1517 2400 conservansque
1557 2329 1734 2399 quoad
1777 2329 2145 2400 perficiantur.

2246 2332 2596 2402 τελειότητος·
2639 2328 2792 2384 οὕτω
2823 2328 2930 2400 γὰρ
2970 2328 3035 2383 ἄν
3066 2343 3194 2381 ποτε
3232 2323 3612 2423 παραγενέσθξιι
3640 2321 3750 2423 ψυζῇ

590 2418 683 2474 Sic
713 2420 857 2475 enim
889 2422 1085 2477 animae
1130 2423 1348 2481 tandem
1390 2425 1595 2483 innasci
1639 2425 1851 2483 divinas
1882 2427 2143 2487 virtutes:

2246 2427 2342 2491 τὰς
2369 2424 2518 2487 θείας
2542 2422 2773 2494 ἀρετάς·
2805 2420 3062 2493 φρόνησιν
3097 2437 3155 2473 τε
3192 2420 3301 2492 τὴν
3338 2416 3658 2521 adfusi“.

588 2513 951 2581 prudentiam,
979 2528 1101 2583 quae
1128 2513 1231 2570 hos
1257 2515 1406 2586 ipsos
1433 2515 1599 2571 animi
1631 2527 1809 2573 motus
1836 2517 2145 2574 discernere

2242 2516 2417 2587 ψυχῆς
2442 2513 2511 2568 τὰ
2533 2514 2801 2585 κινήματα
2825 2514 3026 2584 κρίνειν
3054 2509 3274 2582 πρῶτον
3302 2504 3659 2607 δυναμένηνὲξ

586 2606 760 2674 prima
786 2612 966 2673 potest
995 2619 1060 2660 ex
1093 2603 1248 2675 ipsis,
1280 2615 1334 2665 et
1375 2622 1441 2662 ex
1488 2607 1753 2663 bonorum
1798 2618 2145 2664 externorum

2244 2606 2371 2672 τῶν,
2393 2607 2488 2660 κα)⁵
2512 2606 2610 2677 τῆς
2629 2607 2758 2679 περὶ
2775 2604 2842 2660 τὰ
2864 2603 2966 2670 ἔξω
2987 2603 3162 2676 ήμῶν,
3186 2603 3247 2657 εἴ
3263 2602 3383 2658 τινά
3403 2603 3556 2667 ἐστιν,
3577 2596 3750 2705 ἀγαθῶν

586 2698 984 2769 malorumque,
1034 2698 1078 2754 si
1124 2714 1230 2769 qua
1276 2700 1330 2754 in
1373 2701 1532 2759 nobis
1579 2710 1740 2768 sunt,
1783 2703 2045 2771 scientia;
2092 2713 2145 2763 et

2245 2700 2338 2753 καὶ
2383 2699 2563 2754 κακῶν
2605 2699 2911 2770 ἐπιστήμης
2950 2695 3282 2767 γενομένης·
3328 2696 3419 2749 καὶ
3461 2695 3751 2765 σωφρσεύνην

587 2791 1022 2861 temperantiam,
1046 2807 1167 2861 quae
1210 2793 1263 2847 in
1306 2795 1617 2850 earumdem
1657 2795 1825 2852 initiis
1866 2806 2009 2855 recte
2048 2799 2145 2852 eli.

2242 2791 2339 2862 τὴν
2363 2790 2532 2846 ταῦτα
2555 2792 2612 2844 ἐν
2645 2791 2838 2863 ἀρχαῖς
2870 2787 3042 2860 ὀρθῶς
3068 2788 3399 2860 αἱρουμένην
3423 2785 3630 2859 δύναμιν
3646 2799 3658 2813 ·
3682 2780 3750 2834 καὶ

585 2882 744 2954 gendi
776 2883 884 2937 vini
914 2882 1108 2951 habet;
1134 2895 1187 2941 et
1207 2885 1499 2955 justitiam,
1523 2903 1646 2957 quae
1676 2898 1799 2958 apta
1828 2899 1882 2944 et
1907 2906 2145 2961 congrua

2241 2882 2599 2953 δικαιοσύνην,
2627 2882 2661 2953 ἢ
2702 2881 2772 2936 τὰ
2807 2880 2931 2946 ἄξια
2957 2880 3206 2944 ἑκάστοις
3256 2880 3507 2950 ἀπονέμει
3534 2876 3628 2947 (88)
3646 2892 3658 2907 '
3680 2871 3750 2928 καὶ

584 2971 781 3041 cuique
813 2972 1031 3037 tribuit;
1066 2981 1120 3033 et
1159 2974 1351 3030 borum
1393 2978 1634 3031 omnium
1666 2982 2140 3046 conservatricem,

2240 2976 2337 3048 τὴν
2370 2975 2585 3030 πάντων
2619 2973 2818 3029 τούτων
2851 2972 3119 3044 σωτηρίαν
3143 2969 3263 3043 (89)
3301 2970 3555 3042 ἀνδρείαν.
3586 2967 3650 3021 Ui:
3685 2966 3749 3018 λό-

583 3060 976 3119 fortitudinem.
1019 3063 1137 3129 Non
1171 3066 1345 3122 verbis
1384 3067 1547 3138 igitur
1574 3068 1987 3137 assuefaciebat,
2026 3088 2145 3142 qua:

2246 3079 2364 3136 γοις
2405 3062 2580 3116 τοίνυν
2617 3061 3107 3131 ἀπαγγελλομένοις
3154 3059 3454 3126 συνείθιζεν
3490 3058 3560 3121 ὡς
3596 3056 3651 3128 δὴ
3686 3054 3750 3124 εἴη

584 3152 968 3208 denuntiarent
1008 3162 1171 3223 atque
1212 3155 1611 3225 profiterentur,
1651 3159 1933 3215 scientiam
1971 3161 2127 3215 bono.

586 3258 708 3299 rum
735 3243 1101 3307 etmalorum,
1132 3246 1215 3300 vel
1246 3246 1615 3303 faciendorum
1647 3257 1702 3303 et
1727 3265 1834 3304 non
1871 3252 2148 3306 faciendo-

583 3348 728 3399 rum,
750 3348 870 3389 esse
899 3335 1269 3404 prudentiam;
1296 3337 1476 3394 inanis
1519 3340 1706 3410 utique
1747 3350 1910 3411 atque
1939 3343 2146 3399 inutilis

585 3424 701 3478 bene
725 3422 1030 3495 disciplina,
1062 3425 1108 3481 si
1134 3427 1293 3482 verba
1338 3425 1497 3487 factis
1524 3440 1775 3498 careant;
1809 3449 2052 3505 vanaque
2082 3451 2144 3493 ea

582 3513 893 3587 prudentia,
939 3532 1061 3587 quae
1106 3532 1213 3575 non
1256 3534 1318 3573 ea
1366 3519 1531 3576 faciat
1573 3539 1693 3593 qua:
1734 3523 1973 3580 facienda
2015 3528 2143 3591 sint,

583 3623 687 3671 nec
716 3607 786 3663 ab
816 3608 883 3663 iis
907 3624 1028 3680 qua:
1051 3624 1159 3664 non
1191 3620 1319 3667 sunt
1341 3614 1568 3685 agenda,
1593 3615 1892 3684 deterreat,
1922 3619 2016 3673 sed
2055 3635 2145 3674 so-

582 3698 695 3755 lum
744 3701 1112 3772 cognitionem
1154 3703 1351 3761 horum
1398 3706 1704 3777 suppeditet
1757 3708 1824 3764 iis
1883 3710 1978 3782 qui
2023 3725 2145 3768 eam

581 3792 895 3867 possident,
927 3794 1119 3864 quales
1149 3797 1424 3854 cernimus
1456 3799 1774 3870 permultos.
1799 3799 1911 3858 Nec
1941 3812 2145 3874 tempe-

580 3886 813 3941 rantiam
833 3902 892 3942 ru
901 3903 1072 3956 rsum,
1084 3889 1451 3960 eligendorum
1470 3892 1961 3967 fugiendorumquo
1974 3898 2145 3953 scien-

584 3977 712 4035 tiam
737 3980 1027 4049 quamdam
1062 3996 1217 4051 esse;
1241 4000 1407 4056 quam
1436 3985 1684 4043 videlicet
1709 4002 1817 4043 non
1851 3989 2140 4046 admodum

581 4069 807 4125 doceant
843 4072 1021 4130 caeteri
1046 4074 1387 4144 philosophi,
1420 4091 1484 4131 ac
1528 4077 1798 4151 przecipue
1840 4080 2138 4148 neoterici;

581 4158 673 4227 qui
701 4159 878 4217 verbis
920 4161 1140 4231 quidem
1182 4163 1391 4223 strenui
1432 4163 1707 4236 fortesque
1749 4176 1880 4222 sunt
1931 4168 2141 4240 (quales

579 4262 681 4317 ego
698 4263 933 4321 persaepe
955 4251 1183 4313 miratus
1205 4268 1348 4321 sum,
1362 4271 1488 4321 cum
1503 4258 1745 4313 eamdem
1768 4260 2018 4316 virtutem
2043 4260 2138 4318 Dei

578 4349 634 4393 et
666 4339 966 4409 hominum,
992 4350 1047 4397 et
1070 4342 1181 4398 Deo
1206 4343 1259 4398 in
1292 4346 1478 4416 primis
1505 4349 1735 4405 similem
1763 4353 1820 4407 in
1852 4364 1994 4409 terra
2010 4344 2139 4410 esse

2246 3156 2517 3224 ἐπιστήμη
2563 3152 2780 3221 ἀγαθῶν
2824 3154 2917 3206 καὶ
2961 3152 3166 3215 κακῶν,
3217 3152 3257 3224 ἢ
3299 3150 3549 3224 ποιητέων
3591 3149 3669 3203 καὶ
3704 3146 3749 3199 ού

2222 3247 2509 3319 ποιητέων
2541 3248 2574 3319 ἡ
2606 3247 2862 3316 φρόνησις
2883 3262 2897 3276 ·
2932 3244 3087 3299 τοῦτο
3109 3246 3173 3317 δὴ
3209 3247 3277 3300 τὸ
3302 3246 3452 3299 κενὸν
3477 3245 3563 3301 καὶ
3588 3244 3750 3310 ἀνωφε-

2244 3340 2333 3403 λές
2373 3338 2617 3410 μάθημα,
2661 3340 2709 3391 εί
2750 3339 2779 3391 ό
2817 3337 2973 3405 λόγος
3011 3338 3095 3410 εἴη
3144 3338 3262 3393 τῶν
3306 3339 3476 3412 ἔργων
3519 3337 3645 3406 δίχα,
3680 3332 3751 3385 καὶ

2244 3430 2500 3503 φρόνησις
2534 3427 2652 3499 ούχὶ
2694 3427 2919 3482 ποιοῦσα
2947 3426 3021 3483 τὰ
3049 3430 3274 3499 ποιητὰ,
3308 3429 3399 3485 καὶ
3428 3426 3750 3497 ἀποτρέπουσα

2243 3521 2349 3578 τῶν
2384 3522 2445 3575 οὐ
2486 3520 2721 3592 ποιητῶν
2749 3518 2895 3592 (90),
2926 3518 3214 3587 γινώσκειν
3261 3521 3319 3575 δὲ
3362 3518 3526 3575 ταῦτα
3565 3530 3751 3587 παρεχο-

2247 3615 2379 3687 μένη
2411 3616 2523 3679 τοῖς
2563 3613 2776 3686 ἔχουσιν
2803 3612 2991 3684 αὐτὴν,
3023 3611 3166 3676 οἴους
3195 3613 3429 3677 πολλοὺς
3463 3610 3669 3684 ὁρῶμεν.
3699 3602 3750 3707 :ﬂ

2242 3707 2299 3763 δὲ
2321 3705 2637 3778 σωφροσύνη
2666 3705 2823 3760 πάλιν
2845 3705 2927 3759 ὅτι
2950 3704 3013 3776 δὴ
3045 3703 3131 3776 εἴη
3152 3721 3243 3770 τις
3275 3705 3542 3775 ἐπιστήμη
3566 3703 3749 3758 αἱρετῶν

2244 3796 2337 3852 καὶ
2360 3798 2457 3868 οὐχ
2489 3795 2737 3868 αἱρετῶν,
2766 3796 2827 3850 ού
2857 3794 2997 3848 πάνυ
3019 3811 3073 3848 τι
3104 3794 3461 3850 διδασκόντων
3497 3789 3649 3859 αὐτὴν
3668 3786 3749 3839 τῶν

2242 3889 2413 3945 ἄλλων
2451 3889 2770 3959 φιλοσόφων,
2815 3890 2910 3941 καὶ
2956 3883 3191 3958 μάλιστά
3225 3901 3293 3955 γε
3348 3885 3456 3941 τῶν
3498 3880 3748 3950 νεωτέρων,

2240 3983 2405 4037 ὄντων
2429 3984 2523 4054 μὲν
2546 3981 2774 4035 εύτόνων
2797 3981 2890 4036 καὶ
2911 3978 3237 4053 ἐρρωμένων
3260 3982 3374 4044 τοῖς
3416 3977 3583 4068 λόγοις
3622 3971 3749 4068 (οἵα-»ξ

2240 4074 2349 4143 ἐγὼ
2375 4075 2628 4138 πολλάκις
2652 4072 2951 4144 ἐθαύμασα,
2979 4072 3106 4129 ὅταν
3124 4070 3224 4142 τὴν
3250 4072 3419 4144 αὐτὴν
3442 4065 3626 4141 ἀρετὴν
3644 4062 3748 4116 Θεοῦ

2241 4164 2333 4219 καὶ
2357 4162 2674 4234 ἀνθρώπων,
2702 4163 2795 4217 καὶ
2819 4162 2911 4215 ἐπὶ
2933 4161 3036 4232 γῆς
3059 4159 3127 4216 τὰ
3150 4161 3347 4232 πρῶτα
3373 4160 3491 4230 Θεῷ
3515 4153 3619 4211 ἶσον
3639 4149 3749 4207 εἶναι

2238 4254 2328 4307 τὸν
2362 4254 2524 4323 σοφὸν
2558 4253 2835 4325 ἄνθρωπον
2857 4251 3228 4323 ἀποδείξωσιν)
3249 4270 3263 4284 ·
3294 4251 3416 4306 οὔτε
3452 4250 3506 4303 δέ
3536 4248 3625 4318 τὴν
3647 4241 3749 4315 φρό-

2237 4363 2390 4417 νησιν
2417 4344 2491 4408 ὡς
2532 4347 2625 4400 καὶ
2651 4348 2793 4399 ποιεῖ
2819 4344 2925 4414 (91)
2947 4362 3033 4408 τις
3058 4343 3127 4398 τὰ
3166 4345 3507 4415 φρονήσεως·
3540 4338 3649 4392 οὔτε
3674 4332 3748 4402 τὴν

578 4433 875 4503 sapientem
909 4435 1389 4510 demonstrarent);
1423 4456 1523 4496 nec
1559 4444 1923 4517 prudentiam,
1959 4456 2020 4503 ut
2051 4447 2133 4503 fa-

2242 4436 2587 4509 σωφροσύνην
2628 4437 2703 4500 ὡς
2741 4438 2833 4492 καὶ
2869 4436 3071 4510 αίρεῖτό
3106 4453 3189 4501 τις
3224 4435 3377 4490 ταῦθ’
3418 4434 3552 4503 ᾇπερ
3590 4424 3748 4500 ἔμαθεν

576 4528 690 4583 ciat
711 4527 979 4599 quispiam
1008 4546 1132 4603 quae
1170 4542 1299 4588 sunt
1329 4534 1655 4603 prudentiae;
1689 4551 1788 4593 nec
1834 4549 2135 4610 temperan-

577 4621 731 4686 tiam,
762 4628 906 4676 utea
936 4622 1101 4693 eligat
1139 4640 1261 4694 quae
1300 4626 1506 4695 didicit,
1551 4628 1785 4686 tribuere
1821 4632 2032 4699 valent;
2069 4633 2137 4689 de

579 4710 845 4781 injustitia
877 4711 1059 4769 itidem
1097 4730 1163 4773 ac
1207 4714 1525 4776 fortitudine
1564 4721 1799 4783 inaniter
1836 4724 2131 4795 disputant.

575 4802 696 4868 Non
730 4805 811 4861 sic
833 4805 935 4862 iste
954 4807 1112 4867 nobis
1134 4809 1202 4866 de
1224 4811 1513 4872 virtutibus
1541 4815 1721 4873 verbis
1754 4817 1929 4873 solum
1963 4819 2137 4876 disse-

576 4895 749 4961 rebat,
775 4897 871 4953 sed
915 4897 984 4957 ad
1030 4912 1193 4973 opera
1236 4903 1417 4971 potius
1456 4903 1743 4975 incitabat;
1784 4915 1838 4963 et
1878 4907 2136 4973 incitabat

573 4988 830 5058 operibus
861 4990 1034 5061 inagis
1059 4989 1323 5062 factisque
1344 5010 1507 5063 quam
1531 4996 1729 5054 verbis.

647 5078 715 5135 Χ.
756 5078 911 5151 Rogo
935 5090 1117 5137 autem
1143 5083 1497 5156 philosophos
1520 5088 1612 5161 qui
1639 5104 1786 5145 nunc
1808 5099 2131 5161 sunt,quot-i

574 5178 706 5241 quot
745 5171 871 5226 novi
910 5171 1047 5245 ipse,
1098 5182 1151 5237 et
1180 5188 1318 5245 quos
1352 5175 1474 5233 aliis
1517 5180 1864 5236 narrantibus
1914 5180 2095 5236 audivi
2112 5200 2132 5245 ς,

801 5354 929 5435 Ὑφ’
959 5354 1505 5435 ἐᾳυτῆςλβειεεειίιιε
1527 5358 1775 5415 rescribit
1800 5361 1884 5435 ἐφζ
1911 5362 2128 5435 ἑαυτῆς.

649 5373 761 5424 tot)
828 5373 927 5425 ιφ
959 5373 1196 5425 εαυτης.
1220 5373 1328 5412 ben
1366 5373 1505 5413 enus
1527 5373 1775 5415 rescribit
1800 5373 1827 5415 ε
1874 5373 1883 5382 '
1911 5373 2128 5435 εαυτῆς.

649 5425 769 5496 (88)
805 5424 1121 5496 Ἀπονέμει.
1177 5426 1269 5482 Sic
1308 5373 1537 5485 ‘yossius
1579 5438 1633 5485 et
1691 5445 1791 5485 ms.
1830 5378 2131 5490 i’aticauus

572 5495 990 5576 aptI‘t‘LPelarue.
1008 5495 1305 5576 Bengelius
1334 5498 1809 5576 cum_Hmsc_helio,
1845 5503 2127 5576 ἀπονέμει.

647 5563 788 5641 (89)__
802 5563 1433 5641 ΣωτηριιινῘΣὼτειραν
1464 5570 1747 5641 legendum
1786 5563 2133 5631 existimabat

574 5630 898 5708 Bengel_ius,_
932 5630 999 5689 ei
1043 5637 1111 5708 iis
1157 5654 1279 5708 quae
1323 5630 1461 5695 infra
1507 5630 1803 5699 occurrunt
1836 5645 1938 5703 sub
1969 5630 2128 5702 finem

574 5701 812 5784 σηιξη,
837 5701 1094 5778 σώτειραν
1114 5701 1236 5764 τινα
1267 5710 1359 5763 καὶ
1389 5711 1622 5785 φύλακα.

2238 4528 2567 4601 παραδοῦναι
2597 4528 2937 4600 δυναμένων
2976 4527 3170 4599 ὁμοίως
3206 4526 3265 4580 δὲ
3307 4527 3441 4581 κάπὶ
3469 4524 3563 4594 τῆς
3585 4522 3750 4575 δικαιο-

2236 4617 2421 4689 σύνης,
2468 4618 2561 4671 και
2592 4618 2685 4672 ἐπὶ
2731 4618 2828 4689 τῆς
2858 4616 3125 4689 ἀνδρείας.
3173 4617 3285 4688 Οὐχ
3323 4615 3490 4678 οὕτως
3528 4608 3664 4673 οὗτος
3696 4604 3750 4657 τὰ

2235 4711 2362 4784 περὶ
2400 4710 2608 4784 ἀρετῶν
2651 4713 2782 4784 ἡμῖν
2822 4710 3019 4783 διεξῄει
3061 4710 3260 4780 λόγοις,
3304 4711 3397 4765 ἐπὶ
3439 4708 3495 4764 δὲ
3536 4705 3598 4761 τὰ
3639 4703 3749 4774 ἔργα

2236 4804 2434 4877 μᾶλλον
2462 4804 2756 4876 παρεκάλει
2775 4820 2790 4835 ⁶
2819 4804 2913 4859 καὶ
2942 4802 3234 4877 παρεκάλει
3259 4803 3422 4861 πλέον
3446 4802 3552 4865 τοῖς
3578 4798 3747 4871 ἔργοις,

2234 4896 2268 4970 ἢ
2299 4889 2379 4960 οἷς
2410 4894 2612 4965 ἔλεγεν.
3314 4908 3319 4921 '

2302 5079 2361 5130 ιι.
2404 5074 2749 5147 Ἐξαιτοῦμαι
2791 5076 2848 5131 δὲ
2892 5075 3041 5149 παρά
3084 5093 3144 5130 τε
3191 5074 3489 5146 φιλοσόφων
3532 5069 3631 5124 τῶν
3670 5062 3747 5118 νῦν

2230 5168 2416 5233 ὄντων,
2450 5169 2607 5231 ὅσους
2638 5167 2798 5232 αὐτὸς
2821 5167 3011 5238 ἔγνων,
3045 5168 3139 5222 καὶ
3177 5168 3332 5231 ὅσους
3365 5165 3534 5220 ἄλλων
3560 5160 3747 5231 διηγω-

2302 5366 2415 5440 (90)
2452 5368 2738 5440 Romae...
2782 5366 3057 5436 ποιητῶν.
3102 5367 3262 5425 Forte
3305 5362 3582 5439 legendum
3615 5369 3749 5426 ποιη-

2231 5438 2395 5496 τέα...
2428 5438 2717 5510 ποιητέων,
2743 5448 2799 5493 ut
2830 5441 2994 5508 paulo
3022 5448 3166 5496 ante.

2303 5510 2413 5582 (9i)
2449 5497 2626 5587 Ποὶεξ.
2661 5497 2945 5587 Bcngelius
2971 5512 3100 5581 legit
3129 5509 3285 5587 ποιοῖ.
3312 5504 3522 5587 Etmox
3549 5497 3745 5587 αἱροίῇ

2231 5574 2383 5655 Hane
2396 5574 2757 5655 posteriorem
2777 5574 3068 5655 lectionem
3097 5576 3512 5655 sequituretiam
3538 5574 3747 5655 ηυρεςιξε

2233 5633 2420 5705 ξτθίιοὶ
2434 5648 2777 5718 Parisiensis,
2812 5633 2904 5722 qui
2920 5633 2933 5635 _
2947 5633 3351 5709 tamennetinet
3377 5645 3597 5716 priorem
3611 5633 3745 5695 'Voi'

2238 5735 2466 5785 sianam.
