3988 6200
308 260 444 318 1981

1293 257 1361 313 IN
1384 256 1566 329 _ORIG
1577 253 1761 310 ENEM
1802 252 2057 309 ORATIO
2094 249 2549 309 PANEGYRICA.

3392 252 3528 308 1082

308 380 487 451 μένων
518 378 725 449 ἥκουσα
750 394 763 407 °
800 378 892 432 καὶ
925 377 1071 448 παρὰ
1103 378 1208 431 τῶν
1240 378 1410 432 ἄλλων
1454 378 1510 430 δὲ
1546 375 1865 447 ἀνθρώπων,

1972 373 2221 437 homines
2251 374 2375 428 item
2410 382 2656 437 caeteros,
2688 378 2747 434 ut
2779 386 2900 441 quae
2926 387 2955 425 a
2983 370 3141 427 nobis
3168 387 3312 427 nunc
3338 372 3531 429 dicun-

305 471 659 540 ἀνεμεσήτως
688 467 828 537 ἔχειν
853 467 986 539 πρὸς
1008 467 1075 521 τὰ
1099 466 1193 520 νῦν
1227 468 1356 537 ἡμῖν
1380 465 1665 535 λεγόμενα.
1697 463 1786 534 Μὴ
1814 463 1868 516 δέ

310 562 380 633 μέ
410 578 494 624 τις
523 561 557 631 ἢ
593 558 742 629 φιλίᾳ
768 561 835 630 τῇ
870 558 1007 630 πρὸς
1028 558 1119 611 τὸν
1149 558 1335 630 ἄνδρα,
1372 558 1405 628 ἢ
1438 558 1532 610 καὶ
1570 554 1870 625 ἀπεχθανό-

309 669 471 724 μενον
497 650 575 703 ἔτι
597 654 707 713 τοῖς
731 650 931 714 λοιποῖς
966 648 1269 719 φιλοσόφοις
1298 641 1392 719 (ὧν
1423 650 1578 718 εἴπερ
1605 664 1687 710 τις
1714 644 1868 709 ἄλλος

305 746 405 799 καὶ
437 744 601 806 αὐτὸς
643 743 875 813 ἐραστής
915 758 972 794 τε
1000 739 1093 815 διὰ
1134 740 1259 803 τοὺς
1302 739 1492 808 λόγους
1530 735 1667 791 εἶναι
1708 736 1866 799 θέλω,

303 839 401 891 καὶ
431 838 696 907 εὐφημεῖν
727 835 921 899 αὐτοὺς
965 832 1241 904 βούλομαι,
1270 833 1431 897 αὑτός
1463 849 1522 884 τε
1554 832 1644 884 καὶ
1672 829 1870 899 ἐτέρων

302 930 376 983 ’τὰ
407 928 667 982 κάλλιστα
690 926 948 996 λεγόντων
975 926 1099 997 περὶ
1125 924 1303 979 αὐτῶν
1328 924 1541 977 ἀκούειν
1563 941 1575 953 ·
1604 921 1738 976 ἀλλὰ
1763 921 1869 991 γὰρ

301 1019 530 1074 τοιαῦτά
569 1020 736 1082 ἐστιν,
776 1016 851 1080 ὡς
894 1018 972 1081 είς
1014 1016 1237 1086 ἔσχατον
1287 1012 1723 1087 περιυϐρίζεσθαι
1773 1012 1872 1082 μὲν

305 1110 415 1163 ὑπὸ
440 1108 656 1162 πάντων
686 1108 867 1177 σχεδὸν
901 1107 994 1161 καὶ
1019 1106 1251 1177 τοῦνομα
1276 1106 1374 1175 τῆς
1402 1104 1714 1176 φιλοσοφίας
1733 1120 1745 1132 ·
1771 1103 1870 1172 ἐμὲ

299 1202 362 1255 δὲ
412 1199 607 1272 μικροῦ
653 1199 763 1252 δεῖν
804 1198 1093 1251 ἰδιωτεύειν
1142 1197 1353 1251 ἑλέσθαι
1393 1196 1774 1265 πάντη,’ἧπερ
1817 1212 1868 1247 τι

307 1291 502 1365 μαθεῖν
550 1285 625 1345 ὧν
661 1286 799 1344 οὗτοι
835 1288 1286 1358 ἀπαγγέλλουσιν,
1317 1285 1395 1352 οἷς
1436 1288 1521 1341 διὰ
1554 1288 1643 1341 τὸν
1684 1286 1870 1339 λοιπὸν

308 1370 424 1452 βίον
454 1380 575 1434 οὐδὲ
600 1380 876 1447 προσιέναι
899 1378 1045 1444 ἄξιον
1077 1373 1215 1431 εἶναι
1240 1377 1472 1442 ἐδόκουν,
1500 1376 1627 1441 ἴσως
1658 1379 1757 1430 οὐκ
1782 1378 1871 1447 ὀρ·-

304 1473 418 1536 θῶς
448 1471 603 1525 τοῦτο
633 1469 884 1543 φρονῶν).
914 1469 1061 1539 Πλὴν
1103 1470 1175 1541 μή
1211 1470 1281 1541 μέ
1313 1487 1395 1533 τις
1437 1469 1712 1539 φιλοτιμίᾳ
1739 1468 1867 1532 τινὶ,

303 1566 427 1635 ἦτοι
459 1564 565 1617 τῶν
596 1566 674 1627 είς
706 1563 796 1617 τὸν
828 1564 993 1635 ἄνδρα
1019 1562 1270 1625 ἐπαίνων,
1297 1562 1328 1633 ἢ
1356 1565 1421 1632 τῇ
1455 1562 1589 1633 πρὸς
1613 1562 1737 1623 τοὺς
1767 1560 1870 1624 ἔξω

303 1654 626 1723 φιλοσόφους
656 1653 786 1725 ἄλλῃ
821 1654 993 1728 ταύτῃ
1036 1654 1311 1725 φιλοτιμίᾳ
1344 1653 1451 1724 (92)
1491 1652 1663 1707 ταῦτα
1694 1652 1870 1720 λέγειν

306 1745 659 1817 ὑπονοησάτω
682 1763 695 1776 ·
740 1744 874 1800 ἀλλὰ
900 1746 994 1799 καὶ
1034 1746 1330 1817 μικρότερα
1371 1746 1519 1816 ἡμᾶς
1563 1744 1670 1797 τῶν
1705 1744 1867 1798 αὑτοῦ

305 1838 503 1910 ἔργων,
556 1837 628 1909 μὴ
669 1838 980 1892 κολακεύειν
1013 1838 1316 1907 δοκοίημεν,
1360 1838 1533 1905 λέγειν
1574 1839 1870 1900 πεπείσθω,

307 1923 430 1993 οὐχὶ
474 1923 691 1994 ῥήματα
735 1922 828 1974 καὶ
875 1922 1140 1993 ὀνόματα,
1176 1922 1268 1975 καὶ
1308 1919 1561 1992 ἀφορμὰς
1591 1916 1865 1986 ἐντέχνους

308 2013 599 2083 ἐγκωμίων
634 2013 844 2076 ἑαυτοῖς
882 2013 1332 2085 ἐκποριζομένους
1373 2013 1485 2081 (95)
1506 2050 1521 2075 ,
1551 2010 1609 2074 ὃς
1642 2010 1746 2063 οὐδ’
1778 2010 1866 2062 ὅτε

310 2103 594 2174 μειράκιον
617 2101 713 2167 ὣν,
742 2104 839 2174 τὴν
860 2102 1080 2175 δημώδη
1111 2105 1401 2175 ῥητορικὴν
1426 2104 1489 2155 ἐκ
1512 2103 1735 2174 ῥήτορος
1763 2102 1869 2155 ἐδι-

306 2194 623 2265 δασκόμην,
666 2195 936 2256 ἐπαινεῖν,
970 2192 1061 2246 καὶ
1088 2192 1263 2260 λέγειν
1294 2192 1419 2263 περί
1453 2209 1543 2244 του
1573 2190 1863 2261 ἐγκώμιον,

216 2350 221 2355 τ
308 2286 338 2338 ὃ
364 2302 419 2337 τι
466 2284 540 2355 μὴ
572 2282 770 2355 ἀληθὲς
805 2279 902 2355 ἦν,
946 2283 1085 2337 ἑκὼν
1117 2284 1400 2354 ὑπέμενον.
1443 2285 1517 2336 Οὐ
1549 2283 1726 2337 τοίνυν
1750 2282 1866 2336 οὐδὲ

306 2372 425 2436 νῦν,
454 2374 695 2427 ἐπαινεῖν
724 2373 1053 2445 προθέμενος
1078 2373 1260 2437 ἁπλῶς
1279 2413 1293 2437 ,
1319 2377 1429 2437 τοῖς
1466 2374 1659 2444 ἑτέρων
1683 2373 1867 2442 ψόγοις

309 2464 498 2518 τοῦτον
545 2463 778 2535 ἐξαίρειν
820 2459 973 2534 οἶμαι
1006 2464 1145 2517 δεῖν·
1177 2465 1209 2535 ἢ
1248 2465 1430 2529 κακῶς
1452 2465 1517 2518 ἂν
1545 2465 1651 2535 (94)
1683 2464 1866 2534 ἔλεγον

302 2555 397 2609 τὸν
428 2555 613 2627 ἄνδρα,
646 2558 758 2618 τοῖς
787 2554 958 2609 ἄλλων
989 2555 1339 2626 πταίσμασιν,
1367 2557 1451 2608 ἵνα
1475 2574 1525 2609 τι
1550 2556 1676 2628 περὶ
1701 2555 1863 2610 αὑτοῦ

307 2647 493 2719 μεῖζον
537 2647 599 2718 δὴ
648 2646 823 2715 λέγειν
867 2647 1078 2718 ἔχοιμι,
1117 2647 1442 2720 παραϐαλὼν
1483 2648 1572 2701 τὸν
1600 2650 1865 2720 μακάριον

310 2738 477 2794 αὑτοῦ
509 2739 617 2810 βίον
637 2756 651 2770 ο
682 2740 780 2809 οὐχ
809 2738 981 2802 οὕτως
1013 2740 1341 2810 ἀφραίνομεν
1359 2757 1373 2771 ο
1412 2739 1526 2794 ἀλλ’
1556 2740 1682 2793 αὐτὸ
1709 2740 1737 2793 ὃ
1765 2739 1862 2794 πέ-

304 2832 498 2897 πονθα,
527 2834 646 2903 δίχα
686 2833 828 2895 τινὸς
856 2832 1166 2903 παραϐολῆς
1200 2833 1290 2885 καὶ
1322 2831 1649 2902 πανουργίας
1678 2832 1774 2902 τῆς
1806 2834 1863 2886 ἐν

290 2921 505 2989 λόγοις,
530 2921 855 2991 ὁμολογήσω.

375 3014 477 3065 lA'.
507 3010 670 3078 Οὗτός
704 3034 772 3087 με
801 3016 1012 3089 πρῶτος
1043 3017 1138 3071 καὶ
1171 3018 1327 3090 μόνος
1350 3020 1442 3073 καὶ
1474 3020 1569 3092 τὴν
1602 3021 1867 3093 Ἐλλήνων

301 3105 619 3175 φιλοσοφίαν
651 3108 955 3176 φιλοσοφεῖν
998 3108 1393 3180 προὺτρέψατο,
1422 3114 1533 3174 τοῖς
1568 3110 1720 3183 ἤθεσι
1751 3116 1864 3177 τοῖς
1890 3128 1932 3187 C

302 3196 455 3261 ἰδίοις
485 3197 669 3262 αὐτοῦ,
710 3200 803 3252 καὶ
846 3200 939 3252 τοῦ
982 3201 1109 3273 περ)¹
1150 3200 1294 3270 ἠθῶν
1325 3201 1555 3255 ἀκοῦσαι
1599 3204 1691 3256 καὶ
1730 3205 1862 3258 ἁνα-

302 3286 526 3357 σχέσθαι
574 3288 732 3358 λόγου
778 3292 989 3356 πείσας,
1034 3294 1133 3345 οὐκ
1177 3291 1242 3347 ἂν
1284 3292 1571 3348 πεισθέντα
1609 3295 1731 3348 ὅσον
1773 3298 1865 3350 ἐπὶ

296 3383 413 3444 τοῖς
443 3380 621 3446 ἄλλοις
657 3383 963 3454 φιλοσόφοις
994 3384 1188 3455 (πάλιν
1223 3385 1522 3458 ὁμολογῶ),
1555 3388 1654 3443 οὐκ
1690 3388 1865 3461 ὀρθῶς

301 3471 425 3541 μὲν,
446 3470 721 3543 δυστυχῶς
736 3473 812 3538 δὲ,
841 3474 1033 3544 μικροῦ
1056 3475 1184 3538 δεῖν,
1214 3476 1344 3546 ἡμῖν
1368 3515 1381 3530 .
1406 3478 1479 3529 Οὐ
1510 3478 1699 3548 μενοῦν
1750 3479 1862 3551 (95)

295 3560 423 3614 οὐδὲ
466 3561 704 3616 πλείοσιν
747 3563 994 3633 ἐνέτυχον
1035 3564 1096 3617 τὸ
1148 3563 1381 3635 πρῶτον,
1420 3563 1618 3633 ὀλίγοις
1656 3564 1713 3617 δέ
1756 3583 1863 3618 τισι

294 3654 414 3715 τοῖς
441 3652 707 3708 διδάσκειν
739 3654 1243 3727 ἐπαγγελλομένοις,
1280 3655 1411 3710 ἀλλὰ
1453 3655 1559 3727 γὰρ
1593 3658 1721 3709 πᾶσι
1771 3657 1865 3727 μέ-

296 3762 393 3815 χρι
438 3744 694 3817 ῥημάτων
732 3747 793 3800 τὸ
838 3747 1142 3817 φιλοσοφεῖν
1184 3748 1462 3820 στήσασιν.
1496 3743 1659 3812 Οὗτος
1704 3748 1760 3801 δέ
1796 3767 1863 3820 με

298 3835 517 3905 πρῶτος
541 3838 633 3890 καὶ
658 3841 770 3902 τοῖς
798 3839 975 3908 λόγοις
1002 3840 1306 3910 φιλοσοφεῖν
1338 3839 1728 3913 προὺτρέψατο,
1753 3843 1864 3905 τοῖς

297 3930 483 4001 ἔργοις
510 3930 719 4001 φθάσας
748 3932 845 4004 τὴν
869 3933 957 3987 διὰ
986 3932 1156 4004 λόγων
1188 3933 1522 4007 προτροπὴν,
1552 3934 1649 3987 οὐκ
1681 3935 1864 4003 ἀπαγ-

296 4022 504 4091 γέλλων
542 4024 700 4094 μόνον
746 4026 959 4096 ῥήματα
1001 4026 1431 4099 μεμελετημένα,
1465 4027 1580 4081 ἀλλ’
1612 4027 1731 4081 οὐδὲ
1780 4027 1865 4081 λέ-

295 4131 420 4183 γειν
440 4113 625 4183 ἀξιῶν,
648 4118 697 4168 εἰ
722 4115 796 4187 μὴ
823 4118 917 4170 σὺν
936 4118 1216 4191 εἰλικρινεῖ
1240 4122 1305 4190 τῇ
1330 4118 1522 4193 γνώμῃ
1546 4120 1639 4175 καὶ
1661 4119 1863 4191 πρᾶξαι

293 4205 371 4259 τὰ
394 4206 657 4278 εἰρημένα
690 4209 1058 4282 ἀγωνιουμένῃ
1086 4210 1241 4265 τοῦτο
1277 4214 1419 4264 ποιοῖ
1451 4211 1590 4283 (96)·
1627 4214 1659 4283 ἧ
1694 4211 1865 4265 τοιοῦ-

294 4313 392 4350 τον
419 4298 609 4351 ἐαυτὸν
639 4300 1013 4372 παρασχέσθαι
1039 4302 1392 4374 πειρώμενος,
1425 4299 1534 4357 οἷον
1554 4309 1666 4368 τοῖς
1692 4304 1863 4372 λόγοις

295 4388 521 4454 διέξεισι
545 4390 636 4443 τὸν
660 4392 839 4455 καλῶς
873 4392 1217 4464 βιωσόμενον,
1244 4396 1335 4449 καὶ
1361 4397 1705 4468 παράδειγμα
1742 4399 1859 4468 μὲν,

296 4478 598 4553 ἐϐουλόμην
637 4485 826 4548 εἰπεῖν,
865 4484 1151 4555 ἐκθέμενος
1182 4487 1365 4555 σοφοῦ.
1578 4465 1699 4541 ἐπεὶ
1729 4465 1860 4560 άλή-
1893 4465 1938 4525 D

296 4572 451 4627 θειαν
480 4575 630 4645 ἡμῖν,
655 4576 714 4629 οὺ
738 4576 999 4647 κομψείαν
1028 4578 1385 4649 ἐπηγγείλατο
1409 4581 1437 4632 ὁ
1459 4579 1615 4647 λόγος
1640 4579 1861 4644 ἄνωθεν,

294 4666 645 4737 παράδειγμα
678 4668 775 4738 μὲν
816 4669 981 4722 αὐτὸν
1014 4670 1175 4738 σοφοῦ
1220 4670 1427 4723 οὐδέπω
1470 4671 1642 4739 λέγω·
1688 4672 1864 4724 καίτοι

292 4773 363 4827 τι
394 4760 568 4811 εἰπεῖν
601 4758 797 4813 ἐθέλων
824 4755 964 4814 εἷναί
996 4778 1055 4813 τε
1097 4760 1291 4831 ἀληθές
1327 4762 1435 4833 (97)
1457 4778 1469 4792 °
1504 4761 1638 4815 ἀλλὰ
1666 4762 1739 4815 ἐῶ
1770 4762 1864 4816 νῦν

372 4868 486 4939 (92)
526 4871 853 4943 dialogum}.
890 4870 982 4943 Bis
1022 4872 1125 4943 hoc
1168 4872 1441 4943 librarius.
1469 4884 1527 4927 ιιι
1561 4874 1637 4936 ﬁt,
1664 4889 1861 4943 prope-

300 4954 434 4994 rans
463 4940 663 5013 posuit.
689 4939 1000 5013 Legendum
1028 4942 1372 5013 φιλονεικείᾳ.
1408 4942 1497 4998 Sic
1523 4939 1865 5012 enim—poscit

293 5012 552 5081 superius
592 5010 1065 5081 ἀπεχθανόμενον,
1101 5014 1267 5081 quod,
1310 5010 1618 5081 parenthesi
1653 5010 1860 5080 clausa,

297 5080 357 5135 in
395 5095 695 5151 synonymo
724 5080 949 5151 (resumi
986 5080 1191 5137 debuit.
1228 5080 1369 5139 Bene
1419 5084 1741 5141 Sirmondus
1765 5124 1780 5149 ,
1806 5087 1863 5139 in

295 5150 633 5221 philosophos
665 5150 804 5205 odio.
832 5150 1064 5206 Bencen.

371 5220 484 5293 (93)
531 5220 1065 5293 Ἐκοτξοριζομένους.
1093 5221 1183 5277 Sic
1220 5238 1461 5293 nuperus
1511 5225 1684 5279 editor
1710 5224 1861 5280 Pari-

295 5288 521 5413 siensiés.
551 5292 619 5343 At
648 5288 898 5359 Vossius,
931 5291 1273 5348 Hmscbelius
1292 5288 1346 5348 et
1368 5294 1673 5365 Bengelius,
1698 5298 1861 5351 ἐκπο-

296 5376 463 5413 moon.
494 5378 623 5413 νοις.

334 5376 623 5430 ιςομενοις.

295 5379 623 5433 ριςομενοις.

342 5429 500 5504 -.(94)
520 5434 662 5504 ’H...
685 5432 781 5487 ἄν.
806 5431 872 5504 Et
901 5433 1023 5504 hoc,
1044 5443 1096 5488 et
1124 5433 1374 5488 Latinum
1397 5445 1507 5496 aut,
1545 5435 1659 5504 pari
1688 5438 1738 5489 vi
1765 5451 1862 5503 pro

295 5498 502 5574 alioqui
540 5502 790 5574 ponitur.
820 5501 943 5574 Yid.
980 5504 1301 5566 Sehwartz.,
1353 5504 1428 5558 De
1471 5498 1660 5574 paitic.
1688 5498 1857 5565 L.L..

293 5586 418 5645 cap.
444 5571 534 5645 σι,
564 5587 620 5645 n.
650 5572 707 5637 4,
740 5573 831 5627 ubi
856 5582 1159 5645 opportune
1190 5571 1586 5645 observat,'aut
1618 5576 1697 5629 sic
1733 5576 1857 5645 poni

295 5642 357 5716 ἐκ
406 5641 558 5695 rebus
583 5643 835 5716 ingratis.
866 5641 992 5716 Μοξ
1018 5644 1118 5716 οὐχ
1155 5642 1335 5716 οὕτως
1358 5645 1712 5716 ἀφραίνομεν,
1734 5641 1859 5697 ’νει--

297 5710 428 5769 bum
454 5710 745 5791 poeticum.
777 5717 848 5769 In.
869 5710 1241 5770 —-Exis'timat
1275 5710 1452 5771 editor
1473 5710 1643 5771 Paris.
1674 5715 1856 5788 legen-

1970 474 2077 528 tur,
2102 480 2258 533 azquo
2294 465 2477 519 animo
2503 462 2789 532 accipiant.
2820 460 2930 517 Nec
2958 478 3086 520 vero
3126 479 3213 518 me
3242 462 3532 533 quisquam

1969 558 2085 612 haec
2128 556 2308 610 dicere
2351 555 2641 610 arbitretur
2682 564 2774 609 aut
2816 568 2999 608 amore
3043 570 3168 625 erga
3210 554 3407 620 virum,
3440 570 3533 611 aut

1970 646 2299 715 reliquorum
2329 645 2775 715 philosophorum
2797 645 2922 699 odio
2947 645 3125 714 (quos,
3152 645 3197 700 si
3225 645 3345 716 quis
3371 646 3530 711 alius,

1970 746 2025 793 et
2049 752 2233 791 amare
2263 746 2481 806 preptcr
2519 751 2819 798 sermones,
2865 744 2919 791 et
2962 736 3181 791 laudare
3230 738 3344 807 ipse
3388 737 3535 809 volo,

1971 839 2028 886 et
2060 831 2195 885 alios
2228 830 2591 899 pulcherrima
2629 831 2696 886 de
2734 830 2867 901 ipsis
2908 830 3149 888 dicentes
3184 832 3411 890 audire:
3439 851 3533 890 ve-

1971 924 2231 978 rumhaec
2264 924 2480 978 illorum
2523 924 2652 983 talia
2696 933 2845 992 sunt,
2879 934 2939 980 ut
2987 940 3200 981 summa
3241 927 3363 981 inde
3403 942 3536 984 con-

1970 1014 2192 1071 tumelia
2225 1014 2291 1069 ab
2331 1015 2588 1069 omnibus
2620 1016 3009 1085 pr0pcmodum
3041 1016 3303 1071 aﬁiciatur
3337 1032 3536 1072 nomen

1971 1106 2149 1176 ipsum
2196 1106 2586 1177 philosophiae;
2635 1118 2687 1163 et
2723 1124 2822 1178 ego
2867 1109 3086 1174 malim,
3135 1123 3284 1176 paene
3333 1108 3531 1174 dicam,

1970 1198 2257 1268 imperitus
2282 1200 2441 1269 plane
2468 1214 2611 1267 esse,
2645 1216 2808 1271 quam
2859 1201 3062 1272 aliquid
3092 1216 3279 1255 eorum
3323 1200 3536 1258 discere

1965 1307 2091 1361 quae
2132 1291 2236 1360 ipsi
2268 1290 2622 1362 proﬁtentur;
2662 1292 2727 1347 ad
2760 1309 2898 1363 quos
2936 1293 3051 1363 ipse
3094 1292 3300 1362 reliqua
3336 1293 3393 1348 in
3420 1293 3532 1350 vita

1970 1380 2246 1448 accedere,
2278 1381 2559 1453 indignum
2589 1383 2881 1449 ducebam;
2914 1398 3193 1453 perperam
3225 1383 3457 1439 fortasse
3478 1383 3534 1439 id

1971 1472 2253 1543 sentiens).
2304 1471 2414 1528 Nec
2472 1489 2622 1542 vero,
2682 1474 2923 1545 inquam,
2980 1490 3066 1529 me
3118 1475 3404 1545 quisquam
3449 1475 3535 1537 vel

1970 1566 2152 1621 studio
2191 1566 2373 1636 aliquo
2412 1566 2666 1627 laudandi
2699 1567 2837 1633 viri,
2872 1568 2957 1621 vel
3003 1568 3111 1627 ullo
3152 1568 3206 1621 in
3247 1576 3537 1624 extraneos.

1971 1658 2325 1728 philosophos
2357 1660 2501 1726 odio,
2538 1660 2653 1715 haec
2682 1660 2860 1715 dicere
2910 1660 3246 1730 suspicetur;
3292 1660 3386 1715 sed
3431 1661 3537 1715 mi-

1971 1770 2105 1810 nora
2154 1756 2317 1811 etiam
2352 1756 2497 1812 illius
2541 1755 2719 1823 factis,
2762 1771 2831 1811 ne
2877 1756 3084 1811 adulari
3123 1756 3322 1821 videar,
3354 1755 3539 1812 dicere

1971 1847 2187 1914 credat;
2238 1862 2345 1901 non
2375 1848 2539 1903 verba
2586 1857 2641 1903 et
2682 1847 2923 1910 nomina,
2957 1847 3386 1916 artiﬁciosasque
3416 1846 3535 1902 lau-

1970 1936 2098 1990 dum
2129 1936 2444 1992 occasiones
2475 1939 2885 2008 exquirentem;
2918 1937 3012 2006 qui
3057 1952 3123 1991 ne
3161 1936 3534 1992 adolescentu-

1970 2026 2055 2081 lus
2079 2027 2320 2096 quidem,
2348 2044 2471 2082 cum
2516 2029 2831 2098 popularem
2862 2028 3221 2098 eloquentiam
3250 2043 3281 2081 a
3319 2028 3535 2082 rhetore

1968 2119 2211 2185 doerrer,
2267 2119 2455 2175 laudes
2504 2121 2808 2191 cujuspiam
2851 2130 3042 2190 sponte
3087 2121 3337 2190 persequi
3378 2128 3531 2191 pote-

1969 2226 2108 2274 ram,
2142 2228 2263 2280 qua:
2289 2228 2427 2266 verae
2459 2228 2566 2265 non
2595 2222 2797 2271 essent.
2829 2212 3007 2278 Quare
3038 2228 3213 2282 neque
3233 2225 3377 2265 nunc
3401 2211 3533 2266 sim-

1967 2303 2179 2373 pliciter
2202 2302 2424 2357 laudare
2454 2302 2764 2367 instituens,
2790 2304 3017 2359 aliorum
3046 2303 3534 2372 vituperationibus

1968 2394 2149 2449 extolli
2183 2395 2326 2448 hunc
2351 2406 2598 2464 oportere
2618 2396 2869 2450 arbitror.
2904 2393 2970 2449 Et
2994 2395 3110 2448 viro
3135 2409 3267 2449 sane
3296 2394 3533 2464 injurius

1967 2502 2167 2554 essent,
2195 2486 2239 2541 si
2267 2486 2497 2540 aliorum
2537 2487 2706 2553 vitiis,
2739 2496 2796 2540 ut
2835 2486 3014 2554 majus
3057 2484 3256 2553 aliquid
3307 2483 3373 2538 de
3412 2485 3535 2553 ipso

1967 2575 2147 2630 dicere
2181 2576 2428 2639 habeam,
2462 2576 2672 2630 beatam
2698 2576 2817 2644 ejus
2848 2576 3011 2628 vitam
3045 2574 3293 2630 conferre
3323 2574 3481 2627 velim
3512 2591 3528 2629 :

1968 2683 2077 2721 non
2109 2668 2243 2721 adeo
2270 2684 2387 2721 sum
2417 2682 2638 2733 amens;
2682 2668 2773 2722 sed
2810 2667 2955 2737 quod
2985 2666 3119 2720 mihi
3154 2666 3369 2732 accidit,
3412 2666 3533 2721 sine

1966 2760 2077 2813 ulla
2124 2761 2469 2815 contentione
2511 2759 2767 2829 nulloque
2811 2759 3074 2814 orationis
3129 2757 3256 2814 l’uco
3307 2758 3532 2815 conﬁte-

1966 2850 2087 2905 hor.

2036 3006 2126 3062 XI.
2169 3007 2265 3063 Hic
2302 3023 2388 3063 me
2424 3009 2632 3078 primus
2672 3023 2735 3063 ac
2768 2990 2945 3075 solus,
2974 3017 3034 3064 ut
3065 3009 3372 3065 Graecorum
3407 3008 3530 3079 phi-

1967 3098 2226 3168 losophia:
2259 3113 2477 3168 operam
2510 3099 2717 3163 darem,
2762 3099 3009 3154 hortatus
3045 3107 3160 3166 est;
3202 3101 3315 3153 suis
3358 3101 3529 3169 ipsius

1968 3192 2210 3247 moribus
2237 3201 2296 3245 ut
2322 3206 2534 3245 morum
2579 3191 2880 3245 doctrinam
2925 3200 2979 3246 et
3016 3190 3278 3246 discerem
3318 3200 3372 3244 et
3408 3207 3527 3243 am-

1963 3284 2225 3354 plecterer
2254 3282 2605 3353 persuadens,
2636 3283 3055 3352 haudquaquam
3089 3282 3266 3336 adhuc
3304 3282 3373 3336 ab
3407 3282 3528 3337 aliis

1962 3375 2301 3446 philosophis
2358 3390 2677 3445 persuasum
2742 3375 2977 3445 (rursus
3034 3374 3363 3445 conﬁteor),
3418 3389 3529 3430 non

1966 3474 2112 3520 recte
2158 3466 2209 3519 id
2255 3466 2506 3535 quidem,
2553 3465 2646 3520 sed
2694 3464 2838 3521 malo
2886 3465 3273 3534 propemodum
3318 3474 3525 3521 nostro.

1963 3554 2079 3609 lmo
2112 3570 2239 3609 vero
2282 3570 2389 3609 non
2440 3555 2495 3609 in
2538 3555 2739 3610 multos
2780 3554 3042 3624 principio
3088 3555 3285 3622 incidi;
3335 3556 3429 3610 sed
3470 3556 3525 3609 in

1964 3663 2167 3717 paucos
2191 3648 2454 3718 quosdam
2477 3688 2493 3712 ,
2534 3649 2627 3719 qui
2672 3650 2924 3705 doctores
2967 3663 3085 3702 sese
3117 3648 3524 3717 proﬁterentur;

1964 3737 2057 3791 sed
2109 3752 2300 3792 omnes
2344 3738 2634 3793 verborum
2682 3748 2839 3795 tenus
2885 3740 3282 3810 philosophiam
3322 3741 3527 3794 consti-

1963 3838 2196 3886 tuerent.
2243 3828 2343 3884 llic
2376 3845 2505 3885 vero
2552 3846 2639 3886 me
2680 3832 2890 3901 primus
2933 3834 3095 3887 etiam
3130 3830 3310 3885 verbis
3352 3830 3526 3898 philo-

1964 3922 2180 3991 SOphari
2214 3922 2465 3977 hortatus
2506 3933 2621 3988 est,
2658 3939 2779 3979 cum
2824 3922 2979 3978 factis
3017 3922 3303 3987 verborum
3332 3921 3527 3975 cohor-

1962 4016 2223 4070 tationem
2250 4014 2639 4085 praevertisset,
2671 4030 2778 4069 non
2802 4015 2963 4070 verba
2991 4013 3363 4069 tantummodo
3390 4028 3526 4083 prte-

1964 4108 2220 4163 meditata
2263 4107 2660 4177 pronuntians;
2705 4107 2835 4177 quin
2871 4122 2939 4162 ne
2974 4106 3151 4176 eloqui
3187 4106 3401 4177 quidem
3441 4104 3521 4159 di-

1964 4217 2129 4272 gnum
2176 4209 2411 4271 putans,
2461 4200 2567 4255 nisi
2610 4215 2746 4271 puro
2798 4210 2959 4269 atque
3009 4199 3220 4254 sincero
3273 4208 3327 4253 et
3381 4198 3522 4257 dicta

1965 4295 2082 4365 ipsa
2112 4294 2334 4364 exsequi
2373 4294 2622 4349 studente
2666 4294 2846 4345 animo
2883 4291 2936 4345 id
2977 4290 3209 4358 faceret;
3253 4290 3524 4358 talemque

1966 4403 2024 4442 se
2069 4387 2243 4457 ipsum
2282 4386 2523 4457 prmbere
2570 4392 2876 4448 conaretur,
2923 4384 3136 4453 qualem
3175 4382 3354 4437 verbis
3395 4396 3520 4435 cum

1964 4480 2054 4550 qui
2081 4489 2223 4534 recte
2248 4480 2489 4534 victurus
2524 4478 2612 4542 sit,
2646 4476 3006 4543 describebat;
3038 4476 3338 4546 exemplum
3368 4490 3519 4541 sane,

1964 4574 2143 4627 dicere
2180 4570 2359 4638 dolui,
2394 4586 2699 4642 proponens
2744 4570 3020 4638 sapientis.
3070 4569 3175 4627 Sed
3222 4569 3347 4640 quia
3383 4569 3521 4622 veri-

1964 4671 2127 4717 tatem
2180 4663 2372 4726 nobis,
2421 4677 2530 4717 non
2580 4676 2831 4732 pompam
2882 4671 2935 4717 et
2977 4671 3229 4717 ornatum
3273 4660 3521 4733 promisit

1962 4755 2136 4810 oratio
2186 4755 2241 4809 in
2296 4755 2551 4823 exordio,
2607 4754 2911 4825 exemplum
2958 4756 3174 4827 quidem
3221 4756 3372 4809 illum
3427 4770 3518 4809 sa-

1962 4866 2371 4939 (Ιιιῐηηὰφραίνω
2408 4867 2525 4937 μέν.

2033 4937 2143 5009 (95)
2187 4936 2475 5007 Ἡμῖν·ὀὺ
2491 4937 2734 5007 μενοῦν.
2778 4937 2939 5008 Ἡμῖν
2964 4946 3218 5009 construe
3240 4951 3361 4989 cum
3395 4936 3517 5009 δυσ-

1961 5006 2157 5080 τυχῶς.
2194 5006 2283 5063 Sic
2313 5009 2700 5080 superiuscap.
2728 5025 2781 5071 ν,
2819 5006 2922 5062 sub
2952 5006 3134 5080 ﬁnem,
3165 5007 3518 5080 σωτηριῳδιῖις

1960 5076 2124 5150 ἡμῖν·
2165 5087 2219 5132 et
2265 5076 2397 5147 cap;
2425 5077 2486 5143 7,
2533 5076 2677 5133 circa
2713 5080 2948 5150 medium
2974 5119 3015 5150 ,μ
3040 5076 3321 5150 δυσχερῶς
3362 5078 3513 5145 ἡμῖν,

1968 5146 2184 5205 Veteres
2205 5146 2489 5212 editiones,
2518 5165 2641 5203 cum
2668 5165 2872 5217 nupera
2897 5146 3211 5211 Parisiensi,
3234 5146 3515 5217 οῠμενουν,

1962 5232 2022 5276 ιιι
2047 5220 2200 5275 multi
2229 5219 2466 5274 scribere
2502 5220 2676 5274 solent
2704 5235 2716 5272 :
2756 5220 2916 5288 idque
2962 5233 3083 5271 cum
3116 5218 3392 5287 superiore
3424 5232 3517 5288 pe-

1961 5292 2117 5345 riodo
2178 5290 2532 5359 conjunguut.
2594 5288 2700 5342 Sed
2754 5286 3145 5354 CaSaubonus,
3179 5286 3259 5359 ςοὺ
3323 5286 3518 5359 μενοῦν

1959 5362 2082 5415 οὐδὲ
2114 5360 2229 5423 πλ.,
2257 5358 2416 5427 cujus
2441 5360 2760 5415 sententiam
2797 5359 3139 5414 conﬁrmabit
3175 5358 3434 5412 Devarius
3461 5358 3517 5413 in

1962 5431 2231 5510 particula
2264 5426 2382 5500 μέν,
2408 5446 2529 5499 pag.
2562 5430 2663 5485 127
2689 5428 3017 5515 edit..Rom.
3055 5427 3242 5500 Itaque
3276 5429 3336 5481 οὺ
3364 5426 3519 5553 (ante

1965 5501 2176 5553 uevouv‘t
2220 5515 2343 5553 cum
2403 5501 2763 5553 subsequente
2793 5499 2913 5551 ουδέ
2956 5498 3329 5553 nleonasmum
3388 5509 3514 5553 acu.

1963 5498 2176 5572 μενοῦν)
2220 5498 2343 5554 cum
2403 5498 2913 5572 ὲιιϋεθίιιιειιιοοὺδέ
2956 5498 3329 5567 pleonasmum
3364 5498 3514 5560 facit.

1962 5568 2020 5625 ut
2058 5568 2219 5639 paulo
2249 5578 2373 5625 ante
2397 5572 2457 5624 οὐ
2492 5568 2669 5623 τοίνυν
2694 5569 2835 5621 οὐδέ.
2867 5568 3095 5623 Βειςοιιι..

2029 5641 2142 5712 (96)
2182 5640 2367 5695 Ποιοῖ.
2398 5640 2549 5711 Legit
2578 5640 2861 5708 Bengclius
2896 5639 3084 5712 ποιῶν.

2030 5710 2143 5787 (97)
2181 5713 2377 5768 Καίτοι
2570 5711 2721 5765 εἶναι
2755 5728 2816 5764 τε
2848 5710 3085 5782 ἀληθές.
3120 5714 3191 5769 Te
3240 5729 3336 5779 per
3374 5712 3515 5785 pleo-
