3988 6200
261 305 416 368 1085
1234 302 1306 358 ΙΝ
1344 300 1700 360 ORIGENEM
1733 303 1991 362 ORATIO
2029 303 2482 361 PANEGYRICA.
3347 302 3486 359 1086

259 423 437 476 ’πᾶσιν
467 419 800 492 ἐμμένοντας
832 421 949 482 ταῖς
979 417 1292 489 εἰρημέναις
1321 418 1711 490 ἐπιτηδεύσεσι,
1739 419 1830 471 καὶ

1932 417 2052 473 Pari
2085 401 2262 473 autem
2293 418 2453 473 modo
2481 424 2534 472 et
2555 422 2915 486 temperanter
2938 416 3138 483 vivere,
3162 425 3215 472 et
3244 415 3486 472 fortiter:

252 513 372 566 οὐκ
430 511 834 574 ἀποπίπτοντας
879 509 988 563 οὐθ’
1052 510 1308 574 ἑκουσίως
1365 508 1476 562 οὐθ’
1535 510 1637 563 ὐπό
1691 526 1832 572 τινος

1934 519 2296 581 temperanter
2326 509 2565 579 quidem,
2595 509 2736 563 hanc
2771 509 2942 577 ipsam
2974 509 3167 562 animae.
3210 522 3269 563 se
3316 507 3489 576 ipsam

254 603 534 672 ἀνάγκης,
565 601 930 671 φυλάσσοντας
962 601 1018 656 δὲ
1049 602 1139 655 καὶ
1161 604 1444 673 ἐγκρατεῖς
1477 601 1586 654 τῶν
1613 601 1830 672 είρημέ-

1932 600 2328 670 cognoscentis,
2353 600 2398 654 si
2423 598 2642 668 quando
2675 597 2724 651 id
2752 597 2799 651 ei
2826 597 3121 666 contingat,
3147 594 3488 665 prudentiam

253 711 377 748 νων
395 710 408 724 °
445 693 537 746 καὶ
567 691 767 762 ταύτην
794 687 930 744 εἶναι
965 690 1226 760 σώτειράν
1248 708 1366 743 τινα
1391 690 1483 744 καὶ
1512 688 1722 759 φύλακα
1749 688 1832 741 δο-

1932 691 2334 758 conservando;
2366 706 2486 745 eam
2512 689 2656 744 enim
2674 703 2889 742 rursum
2913 703 3034 742 esse
3057 687 3488 757 temperantiam,

259 783 550 856 γματίζων
573 780 736 838 οὖσαν
768 782 863 855 τὴν
891 783 1088 855 ἀρετὴν
1117 781 1337 854 ταύτην.

1932 799 2054 854 qua:
2086 785 2243 854 quasi
2269 783 2636 838 conservatrix
2665 780 2910 851 quaedam
2933 788 3017 835 est
3043 779 3354 850 prudentia;
3380 776 3491 832 for-

258 877 398 940 titer
421 891 548 930 vero
579 877 635 930 in
679 875 951 946 praedictis
995 875 1248 931 omnibus
1291 873 1609 930 muneribus
1657 877 2015 945 persistendo,
2076 891 2175 931 nec
2204 876 2404 930 abillis
2438 875 2521 930 vel
2578 883 2769 945 sponte
2812 874 2895 927 vel
2947 874 2997 926 vi
3054 871 3165 926 ulla
3195 869 3489 925 decidendo

255 968 735 1035 autdeflectendo,
765 969 857 1024 sed
889 969 1094 1037 omnia,
1125 979 1184 1024 ut
1211 967 1351 1024 dicta
1381 979 1530 1036 sunt,
1577 970 1850 1026 mordicus
1889 970 2260 1036 observando;
2289 969 2430 1025 hanc
2465 968 2662 1039 quippe
2707 965 3157 1025 conservatricem
3205 971 3258 1019 ct
3309 972 3492 1020 custo-

258 1061 393 1116 dem
437 1061 682 1114 virtutem
717 1074 836 1114 esse
867 1061 1086 1116 docens.

341 1150 437 1202 lB'.
477 1149 586 1202 Καὶ
611 1147 747 1218 δῆτα
779 1149 1018 1212 δικαίους
1049 1151 1145 1220 μὲν
1168 1149 1260 1202 καὶ
1287 1150 1578 1222 φρονίμους
1608 1152 1701 1204 καὶ
1734 1168 1836 1204 σω-

259 1241 546 1313 φρονας,ῆ
578 1240 849 1312 ἀνδρείους
880 1242 1026 1312 ἡμᾶς
1057 1241 1160 1294 ὑπὸ
1201 1241 1470 1313 ἡμετέρας
1515 1242 1836 1314 βραδυτῆτος

265 1334 368 1386 καὶ
413 1331 684 1402 νωχελίας,
729 1331 1021 1387 καὶταῦτα
1065 1332 1205 1386 πάνυ
1236 1333 1497 1396 σπεύδων,
1531 1332 1611 1386 ἔτι
1653 1334 1833 1405 μέλλει

193 1442 196 1446 ·
262 1420 703 1492 καταστήσεσθαι
732 1419 872 1492 (οὐτε
905 1421 1140 1492 ἔχοντας,
1163 1421 1284 1476 οὐτε
1310 1421 1475 1490 ἐγγύς
1496 1439 1582 1475 πω
1612 1422 1833 1493 γενομέ-

266 1533 417 1580 νους,
436 1515 541 1570 οὐδ’
563 1513 872 1586 ἡστινοσοῦν
891 1514 1086 1586 ἀρετῆς
1111 1513 1429 1586 ἀνθρώπων,
1462 1515 1495 1587 ἢ
1519 1514 1682 1579 θείας,
1707 1517 1833 1570 πολ-

263 1607 363 1661 λοῦ
398 1624 459 1675 γε
489 1607 582 1660 δεῖ·
619 1599 776 1661 αὐται
817 1607 925 1678 γὰρ
961 1607 1209 1677 μέγισται
1243 1608 1337 1659 καὶ
1375 1606 1592 1679 ὑψηλαί·
1625 1610 1716 1661 καὶ
1740 1609 1829 1661 οὐ-

263 1699 463 1770 δετέρα
483 1698 708 1769 ληπτέα,
733 1698 852 1751 οὐδέ
880 1697 956 1768 τῷ
982 1700 1164 1768 τυχεῖν
1197 1697 1294 1768 (4),
1341 1698 1448 1769 ὅτῳ
1498 1699 1570 1770 μὴ
1609 1699 1738 1763 Θεός
1765 1717 1829 1768 γε

2013 1150 2124 1206 ΧΠ.
2165 1151 2229 1207 Et
2280 1168 2410 1207 sane
2456 1151 2635 1221 justos
2680 1151 2896 1221 quidem
2946 1159 2998 1205 et
3041 1149 3350 1220 prudentes,
3397 1159 3490 1206 aut

1943 1253 2299 1314 temperantes
2341 1243 2613 1312 fortesque
2642 1257 2744 1296 nos
2772 1256 2883 1311 prae
2909 1241 3120 1311 ignavia
3151 1257 3214 1296 ac
3240 1241 3490 1297 tarditate

1937 1347 2142 1402 nostra,
2174 1334 2423 1406 quamvis
2449 1348 2664 1388 onmem
2699 1334 2979 1388 adhiberet
2999 1347 3239 1403 operam,
3266 1334 3490 1389 reddere

1937 1426 2178 1480 nondum
2207 1425 2413 1495 potuit;
2443 1423 2534 1493 qui
2559 1439 2658 1478 nec
2688 1423 2972 1486 habemus.
2999 1441 3098 1481 nec
3122 1441 3286 1495 prope
3311 1425 3490 1480 adhuc

1937 1516 2214 1587 attigimus
2240 1516 2405 1570 ullam
2449 1513 2699 1569 virtutem
2749 1515 3051 1579 hominum,
3095 1525 3188 1571 aut
3226 1518 3486 1583 divinam,

1935 1609 2362 1680 longissimeque
2389 1611 2650 1667 absumus
2681 1631 2694 1666 :
2725 1627 2848 1665 nam
2883 1610 3132 1664 maximae
3161 1619 3287 1665 sunt
3310 1610 3412 1664 illa:
3434 1619 3488 1665 et

1934 1703 2181 1764 excelsae,
2213 1711 2266 1757 et
2309 1713 2502 1758 neutra
2547 1703 2850 1773 comparari
2897 1710 3094 1772 potest,
3135 1702 3374 1772 nullique
3404 1700 3488 1757 fas

271 1791 498 1863 ἐμπνέοι
535 1790 777 1862 δύναμιν.
822 1791 1010 1862 Ἡμεῖς
1053 1807 1112 1843 τε
1142 1789 1264 1844 οὐτε
1313 1791 1634 1862 πεφύκαμεν
1665 1791 1832 1855 οὔτως

1934 1802 2017 1848 est
2043 1796 2323 1864 consequi,
2351 1795 2455 1850 nisi
2482 1805 2624 1850 certe
2655 1795 2744 1850 cui
2774 1794 2914 1850 Deus
2938 1794 3273 1863 aspiraverit.
3299 1793 3366 1848 Et
3386 1809 3489 1850 nos

271 1884 610 1955 ἐπιτηδείως,
657 1882 779 1936 οὐτε
826 1882 918 1935 καὶ
959 1882 1095 1949 ἄξιοι
1130 1878 1266 1936 εἶναι
1307 1885 1580 1954 ἐπιτυχεῖν
1625 1883 1834 1938 οὐδέπω

265 1974 656 2046 ὁμολογοῦμεν·
675 1974 734 2026 οὐ
770 1975 1084 2045 ποιήσαντες
1115 1975 1224 2028 ἀπὸ
1257 1975 1524 2046 ρᾳθυμίὰς
1555 1976 1646 2029 κα).
1671 1974 1833 2028 ἀσθε-

265 2069 422 2132 νείας
453 2069 651 2132 πάντα,
696 2066 836 2138 άπερ
883 2067 1008 2130 τούς
1053 2066 1161 2120 τῶν
1205 2067 1439 2140 ἀρίστων
1498 2069 1830 2145 ἐφιεμένους,

266 2159 366 2212 καὶ
398 2157 464 2211 τὰ
511 2157 688 2210 τέλεια
727 2156 1038 2228 μνωμένους
1083 2159 1231 2229 χρή).
1273 2159 1478 2213 Δίκαιοι
1520 2160 1617 2230 μὲν
1665 2155 1756 2213 οὖν
1797 2159 1831 2230 ἢ

262 2251 566 2322 σώφρονες,
601 2252 635 2321 ἡ
661 2267 780 2303 τινα
802 2247 918 2324 τῶν,
935 2248 1106 2303 ἄλλων
1126 2249 1266 2320 ἔχειν
1298 2252 1504 2323 ἀρετῶν
1535 2251 1614 2305 ἔτι
1650 2251 1833 2322 μέλλο-

272 2361 393 2416 μεν-
419 2342 654 2414 ἐραστὰς
687 2342 744 2396 δὲ
783 2345 928 2415 ἡμᾶς
957 2345 1038 2397 ὃτι
1064 2343 1387 2415 δριμύτατον
1428 2344 1668 2415 ἐρῶντας
1698 2344 1835 2415 ἔρω-

265 2450 358 2497 τα,
386 2433 522 2503 ὅπερ
551 2432 636 2484 ἐπ’
682 2431 828 2502 αὐτῷ
861 2432 1018 2502 μόνον
1048 2430 1194 2497 ἴσως,
1222 2433 1315 2485 καὶ
1365 2433 1528 2487 πάλαι
1574 2435 1834 2504 κατεστή-

267 2540 402 2580 σατο
425 2525 451 2576 ὁ
485 2523 793 2594 θαυμαστὸς
821 2518 992 2588 οὗτος,
1039 2525 1131 2577 καὶ
1167 2524 1315 2592 φίλος
1357 2525 1464 2578 τῶν
1505 2525 1709 2596 ἀρετῶν
1738 2527 1831 2579 καὶ

265 2617 592 2688 προήγοροςσ
625 2617 928 2688 ἐμποιήσας
951 2617 1126 2688 ἔρωτα
1154 2620 1218 2688 τῇ
1242 2617 1402 2671 αὐτοῦ
1433 2620 1598 2690 ἀρετῇ
1623 2619 1714 2671 καὶ
1738 2618 1830 2672 τοῦ

267 2709 498 2773 κάλλους
531 2709 630 2779 τῆς
658 2709 1018 2781 δικαιοσύνης,
1052 2704 1120 2781 ἦς
1145 2709 1206 2762 τὸ
1237 2709 1462 2781 χρύσεον
1495 2709 1663 2773 ὅντως
1695 2709 1830 2763 ἐδει-

269 2799 364 2867 ξεν
397 2803 525 2872 ἡμῖν
555 2801 862 2872 πρόσωπον,
882 2803 977 2856 καὶ
999 2802 1308 2873 φρονήσεως
1339 2802 1436 2872 τῆς
1455 2803 1615 2854 πᾶσιν
1648 2801 1829 2870 ἐφεσί-

274 2910 402 2963 μου,
435 2893 526 2946 καὶ
553 2893 650 2963 τῆς
679 2894 1096 2965 ἐρασμιωτάτης
1124 2893 1313 2962 σοφίας
1339 2894 1436 2963 τῆς
1463 2891 1710 2964 ἀληθοῦς,
1737 2893 1829 2947 καὶ

266 2991 623 3062 σωφροσύνης
648 2992 744 3060 τῆς
783 2990 1064 3054 θεοειδοῦς,
1097 2991 1132 3060 ἦ
1173 2992 1288 3044 ἐστι
1317 2989 1492 3060 ψυχῆς
1524 2988 1828 3052 εὐστάθεια,

267 3085 366 3139 καὶ
385 3085 570 3156 εἰρήνη
590 3087 721 3137 πᾶσι
746 3087 855 3148 τοῖς
880 3083 1236 3154 κτησαμένοις
1263 3083 1448 3153 αὐτὴν,
1472 3082 1564 3135 καὶ
1585 3081 1828 3151 ἀνδρείας

1937 1901 2111 1955 neque
2154 1895 2345 1941 natura
2384 1887 2518 1941 adeo
2567 1887 2844 1959 przestanti
2883 1902 3094 1954 sumus,
3147 1902 3246 1942 nec
3293 1886 3490 1958 dignos

1933 1975 2113 2031 adhuc
2163 1991 2283 2032 esse
2321 1978 2416 2048 qui
2467 1993 2884 2048 consequamur,
2919 1978 3270 2046 confitemur;
3307 1986 3365 2033 ιιι
3393 1978 3488 2049 qui

1932 2082 2030 2137 per
2057 2069 2359 2124 socordiam
2397 2078 2451 2126 et
2480 2070 2900 2126 imbecillitatem
2927 2071 3156 2126 necdum
3185 2071 3366 2127 omnia
3401 2071 3482 2127 fe-

1933 2158 2129 2227 cimus,
2161 2175 2282 2230 quae
2321 2161 2388 2215 ab
2418 2161 2487 2216 iis
2516 2163 2608 2231 qui
2639 2163 2840 2232 optima
2862 2162 3086 2230 cupiunt
3116 2172 3169 2217 et
3206 2162 3272 2216 ad
3312 2159 3490 2230 perfe-

1932 2263 2017 2306 cta
2054 2252 2406 2319 contendunt,
2437 2253 2549 2308 fieri
2581 2262 2808 2323 oportet.
2853 2252 2988 2308 Justi
3027 2268 3155 2323 ergo
3199 2263 3251 2308 et
3285 2262 3489 2322 tempe-

1930 2351 2134 2406 rantes,
2181 2354 2274 2399 aut
2323 2344 2427 2399 alia
2483 2347 2736 2416 quapiam
2789 2347 2982 2400 virtute
3010 2345 3213 2414 praediti
3245 2345 3487 2399 nondum

1932 2451 2153 2502 sumus;
2183 2447 2456 2492 amatores
2481 2446 2660 2492 autem
2689 2455 2790 2493 nos
2817 2455 2978 2508 quam
3009 2439 3488 2493 vehementissimo

1931 2535 2178 2582 amantes
2216 2542 2420 2592 amore,
2475 2528 2617 2597 quod
2658 2545 2825 2582 unum
2873 2527 3102 2581 fortasse
3147 2528 3388 2596 prtestari
3419 2527 3488 2580 ab

1929 2634 1995 2672 eo
2030 2627 2262 2688 poterat,
2285 2619 2398 2690 jam
2428 2619 2632 2674 dudum
2666 2618 2794 2674 fecit
2826 2619 3177 2673 admirandus
3205 2619 3291 2673 hic
3319 2619 3490 2673 virtu-

1930 2718 2044 2764 tum
2073 2711 2282 2766 amicus
2328 2719 2383 2765 et
2428 2727 2660 2781 praeses;
2717 2726 2954 2766 amorem
2997 2712 3154 2767 nobis
3191 2727 3287 2766 sua
3318 2711 3488 2781 ipsius

1931 2803 2128 2857 virtute
2166 2803 2510 2875 ingenerans,
2547 2814 2658 2860 tum
2688 2805 3104 2874 pulchritudinis
3131 2805 3356 2874 iustitia:
3387 2821 3486 2859 cu-

1926 2895 2017 2964 jus
2047 2911 2266 2950 auream
2318 2898 2476 2966 plane
2519 2899 2675 2952 nobis
2705 2897 2896 2952 faciem
2925 2897 3190 2962 ostendit;
3218 2906 3330 2952 tum
3363 2913 3491 2966 pru-

1932 2989 2127 3044 dentia:
2169 2991 2423 3046 omnibus
2461 2990 2770 3060 echtendze
2803 2999 2856 3045 et
2896 2990 3299 3044 amabilissime
3347 3004 3488 3043 verre

1933 3084 2242 3152 sapientiae;
2293 3093 2405 3137 tum
2456 3083 2822 3153 temperantiae
2857 3082 3334 3152 przestantissimae,
3369 3095 3490 3149 qua:

265 3171 369 3242 τῆς
420 3147 890 3243 θαυμασιωτάτης·
945 3147 1220 3242 ὑπομονῆς
1263 3147 1418 3242 ἡμῶν
1465 3171 1560 3243 (5),
1612 3147 1704 3224 καῖ
1742 3172 1832 3224 ἐπὶ

1932 3186 2015 3231 est
2042 3176 2207 3230 animi
2239 3176 2563 3239 constantia,
2591 3185 2645 3230 et
2674 3192 2777 3246 pax
2807 3174 3060 3228 omnibus
3088 3172 3490 3242 possidentibus

270 3265 456 3325 πᾶσιν,
484 3264 783 3327 εὐσεϐείας,
805 3265 868 3335 ἢν
897 3264 1101 3337 μητέρα
1135 3265 1266 3332 φασὶ
1295 3263 1400 3316 τῶν
1432 3263 1638 3335 ἀρετῶν
1659 3263 1833 3333 ὀρθῶς

267 3357 534 3426 λέγοντες.
570 3357 714 3429 Αὐτη
763 3357 868 3430 γάρ
902 3359 1047 3410 ἐστιν
1075 3356 1216 3428 ἀρχὴ
1248 3357 1340 3409 καὶ
1380 3356 1601 3426 τελευτὴ
1650 3355 1834 3408 πασῶν

264 3449 377 3503 τῶν
400 3449 624 3518 ἀρετῶνο
652 3448 757 3503 ἀπὸ
788 3447 987 3518 ταύτης
1016 3464 1075 3500 τε
1122 3446 1230 3518 γὰρ
1269 3447 1622 3518 ὁρμωμένοις,
1663 3448 1832 3519 ῥᾷστα

267 3539 338 3595 ἂν
367 3541 494 3611 ἡμῖν
531 3541 858 3608 ἐπιγένοιντο
886 3540 979 3592 καὶ
1024 3540 1078 3592 αῖ
1125 3538 1306 3591 λοιπαὶ
1346 3538 1554 3609 ἀρεταίο
1599 3540 1646 3590 εί
1687 3537 1832 3590 τοῦθ’

263 3629 380 3701 ὃδὴ
403 3629 476 3701 (6)
511 3630 686 3683 πάντα
717 3628 1016 3700 ἄνθρωπον,
1041 3629 1130 3682 τόν
1154 3647 1217 3698 γε
1254 3630 1326 3701 μὴ
1373 3629 1528 3684 ἄθεον
1561 3629 1592 3700 ἢ
1623 3629 1834 3701 φιλήδο-

267 3740 380 3782 νον,
407 3721 467 3774 τὺ
499 3722 648 3790 φίλον
676 3721 924 3789 γενέσθαι
962 3722 1053 3774 καὶ
1085 3723 1385 3793 προήγορον
1417 3721 1535 3792 Θεῷ
1567 3722 1664 3792 (7),
1707 3725 1834 3794 κτή-

267 3811 466 3866 σασθαι
518 3813 723 3875 ἑαυτοῖς
769 3813 1153 3884 ἐπιθυμοῦντες
1208 3813 1299 3865 καὶ
1346 3813 1682 3878 σπεύδοντες,
1725 3815 1833 3870 τῶν

263 3903 470 3959 λοιπῶν
499 3903 706 3976 ἀρετῶν
753 3903 1156 3975 ἐπιμελοίμεθα·
1201 3905 1347 3968 ὅπως
1381 3904 1454 3975 μὴ
1501 3905 1702 3971 ἀνάξιοι
1741 3906 1834 3959 καὶ

268 3996 567 4069 ρυπῶντες,
607 3995 741 4066 μετά
761 3996 818 4049 δὲ
858 3995 1036 4068 πάσης
1063 3995 1261 4066 ἀρετῆς
1299 3995 1391 4049 καὶ
1424 3995 1611 4064 σοφίας
1649 3996 1833 4068 ὥσπερ

265 4106 413 4156 τινος
444 4087 644 4157 ἀγαθοῦ
676 4087 890 4159 πομποῦ
923 4089 1012 4140 καὶ
1047 4088 1234 4159 ἱερέως
1262 4087 1569 4157 σοφωτάτου
1598 4089 1834 4159 προσίοι-

270 4199 373 4252 μεν
404 4179 483 4251 τῷ
514 4180 650 4250 Θεῷ.
671 4181 744 4232 Τό
783 4197 846 4248 γε
881 4181 1093 4234 πάντων
1123 4179 1274 4244 τέλος
1309 4179 1406 4250 οὐχ
1437 4179 1619 4252 ἕτερόν
1663 4199 1714 4233 τι
1755 4179 1833 4234 οῖ-

270 4290 390 4344 μαι,
422 4271 478 4343 ἢ,
507 4271 746 4344 Καθαρῷ
783 4271 861 4341 τῷ
887 4271 961 4342 νῷ
1008 4270 1358 4342 ἐξομοιώθητι
1401 4270 1474 4342 (8)
1522 4271 1834 4344 προσελθεῖν

265 4362 348 4434 τῷ
372 4363 510 4434 Θεῷ,
547 4364 639 4418 καὶ
673 4364 849 4434 μένειν
875 4366 932 4417 ὲν
953 4363 1118 4434 αὐτῷ.

270 4688 481 4761 Ὀνομα
523 4688 726 4761 ταύτης
774 4686 903 4761 ἴδιον
945 4689 1041 4759 τῆς
1084 4689 1274 4761 ὐγείας
1322 4689 1434 4742 ἐστὶ
1478 4689 1829 4761 σωφροσύνη,

270 4759 564 4832 σωτηρίαν
591 4758 688 4832 τῷ
711 4758 1008 4832 φρονοῦντι
1042 4760 1149 4812 τῶν
1189 4760 1306 4830 (τῷ)
1337 4762 1393 4811 ἐν
1425 4761 1552 4830 ἡμῖν
1572 4758 1832 4832 ἀπεργα-

267 4829 497 4899 ζομένη.
541 4829 624 4883 Al.
644 4829 782 4883 alia.

339 4901 419 4973 (ᾧ)
460 4900 612 4973 οὐδὲ
637 4899 717 4964 τῷ
737 4900 969 4973 ςιύχεῖνζ
1003 4901 1106 4973 Ληρ,
1131 4900 1249 4973 οὐδέ
1273 4919 1348 4973 τῳ
1384 4901 1540 4972 θέμις
1567 4902 1779 4973 τυχεῖνῖ

342 4972 436 5042 (ὃ)
462 4970 798 5042 ’Υπομονῆς
846 4971 1046 5042 ἡμῶν,
1082 4969 1158 5024 Ita
1192 4969 1475 5042 Bengelius
1528 4969 1664 5027 cunt
1705 4972 1833 5028 Hre-

265 5041 499 5098 SCheliO.
537 5040 759 5096 Vossius
789 5040 911 5096 cum
963 5041 1084 5096 aliis
1121 5043 1276 5111 ἡμῶν
1307 5040 1524 5098 omittit.
1570 5042 1741 5108 Quem
1779 5045 1832 5097 in

267 5112 448 5164 locum
473 5113 586 5166 haec
615 5111 836 5166 adnotat
869 5111 1044 5166 editor
1077 5111 1500 5178 Sttttgartliensis
1527 5132 1538 5167 :
1566 5133 1582 5163 ‹
1610 5113 1721 5168 Non
1751 5115 1833 5167 vi-

267 5183 452 5253 detur;
483 5183 600 5253 hoc_
641 5183 1081 5253 coniungendum
1133 5198 1230 5251 per
1270 5185 1658 5253 appositionem
1709 5200 1830 5237 eum

264 5252 541 5321 ἀνδρείας.
577 5251 679 5306 Sed
703 5252 1016 5322 Gregorius,
1047 5265 1167 5322 post
1189 5251 1420 5323 quatuor
1446 5255 1672 5307 virtutes
1697 5271 1835 5322 quas

267 5323 581 5393 philosophi
604 5323 901 5377 cardinales
937 5332 1202 5386 statuunt,
1236 5326 1369 5378 duas
1395 5325 1543 5378 addit
1573 5325 1837 5378 Christia-

269 5410 369 5464 nas
396 5433 411 5455 ,
454 5393 790 5464 tolerantiam
816 5403 870 5448 et
911 5408 1030 5462 quae
1075 5393 1190 5462 ipse
1223 5397 1388 5450 cardo
1425 5405 1529 5456 est,
1558 5396 1831 5464 pietatem.

267 5462 346 5518 Ita
375 5463 534 5535 ἡμῶν
565 5462 797 5519 refertur
828 5465 896 5519 ad
946 5472 1187 5532 ascetas,
1211 5466 1288 5519 uti
1328 5481 1448 5535 cap.
1492 5462 1596 5530 16—,
1635 5467 1736 5521 sub
1772 5469 1834 5518 fl-

269 5549 420 5588 nem.
457 5553 476 5583 ι

342 5605 423 5672 (6)
466 5605 534 5656 '0
573 5602 671 5668 δή.
708 5602 1049 5658 Hmscheltus
1084 5603 1333 5659 emendat
1360 5605 1388 5658 ὃ
1415 5603 1512 5658 δεῖ.
1549 5605 1726 5674 Atque
1765 5604 1836 5658 ita

273 5672 473 5741 legisse
504 5674 715 5728 videtur
745 5675 1028 5741 interpres.

343 5733 424 5813 i7)
464 5743 805 5815 Προήγορον
834 5733 972 5809 Θὲῷ.
999 5741 1094 5800 Vis
1119 5744 1280 5815 hujus
1323 5745 1696 5816 appellationis
1739 5759 1834 5815 ap-

1932 3285 2086 3335 eam;
2122 3278 2237 3323 tum
2273 3268 2604 3323 fortitudinis
2655 3267 3171 3332 admirabilissitnw;
3214 3276 3328 3320 tum
3363 3265 3492 3318 tole-

1931 3362 2125 3415 rantia:
2155 3371 2371 3424 nostrae,
2408 3371 2482 3425 et,
2525 3369 2649 3414 ante
2692 3359 2897 3424 omnia,
2931 3358 3165 3427 pietatis,
3202 3371 3364 3425 quam
3395 3370 3492 3424 pa-

1931 3462 2135 3508 rentem
2163 3454 2420 3508 virtutum
2448 3453 2639 3507 merito
2661 3452 2950 3522 appellant.
2971 3449 3094 3506 Haec
3112 3450 3376 3520 siquidem
3407 3456 3491 3503 est

1932 3544 2146 3598 initium
2181 3545 2412 3612 finisque
2439 3542 2682 3597 omnium
2706 3542 2967 3595 virtutum
2999 3558 3012 3593 :
3049 3540 3115 3593 ab
3141 3540 3245 3592 hac
3272 3539 3317 3592 si
3349 3539 3490 3592 inci-

1932 3636 2168 3704 piamus,
2217 3634 2472 3689 facillime
2503 3633 2662 3687 nobis
2694 3633 2916 3701 reliquae
2948 3632 3110 3685 etiam
3142 3631 3370 3684 virtutes
3399 3644 3492 3684 aco

1931 3735 2206 3790 crescent;
2242 3727 2287 3780 si
2313 3725 2454 3794 quod
2480 3724 2757 3778 hominem
2791 3736 3232 3791 unumquemque
3254 3721 3346 3789 qui
3374 3735 3490 3774 mo-

1932 3817 2002 3872 do
2029 3817 2228 3886 impius
2254 3825 2307 3870 et
2338 3815 2672 3884 voluptarius
2707 3829 2815 3867 non
2850 3813 2939 3879 sit,
2968 3828 3158 3881 parare
3187 3811 3292 3866 sibi
3326 3824 3490 3880 Opor-

1933 3916 2029 3975 tet,
2077 3921 2134 3962 ut
2166 3908 2372 3961 amicus
2419 3905 2810 3973 familiarisque
2855 3905 2924 3958 sit
2967 3919 3089 3958 cum
3139 3902 3283 3966 Deo,
3329 3902 3488 3955 nobis

1935 3999 2067 4068 ipsis
2108 4006 2419 4067 expetentes
2455 4004 2509 4049 et
2559 3995 2775 4063 assequi
2813 3993 3114 4054 studentes,
3151 3991 3485 4057 reliquarum

1934 4089 2097 4144 simul
2122 4090 2381 4143 virtutum
2409 4101 2592 4141 curam
2616 4084 3037 4154 amplectamur;
3067 4090 3124 4135 ut
3144 4094 3254 4134 non
3279 4079 3486 4147 indigni

1934 4197 2034 4236 nec
2049 4181 2299 4252 squalidi,
2321 4179 2412 4235 sed
2442 4180 2586 4234 onmi
2610 4177 2810 4232 virtute
2830 4192 2893 4230 ac
2917 4173 3201 4245 sapientia,
3225 4180 3485 4241 tanquam

1934 4275 2075 4330 bono
2098 4275 2330 4344 quodam
2344 4274 2564 4328 ductore
2580 4271 3086 4342 sapientissimoque
3115 4269 3392 4322 sacerdote
3409 4279 3490 4320 se-

1937 4369 2033 4438 pti,
2065 4367 2130 4421 ad
2159 4365 2326 4421 Deum
2356 4368 2691 4421 accedamus.
2722 4363 2906 4418 Finem
2933 4377 3066 4416 sane
3099 4361 3340 4415 omnium
3377 4375 3486 4413 non

1861 4491 1906 4546 Β
1939 4461 2104 4514 alium
2123 4460 2394 4522 existimo,
2419 4475 2580 4528 quam
2611 4473 2746 4528 pura
2779 4466 2955 4510 mente
2985 4455 3050 4509 ad
3079 4453 3488 4510 similitudinem

1936 4551 2352 4616 conformatum,
2377 4553 2627 4606 accedere
2646 4553 2709 4605 ad
2727 4548 2916 4611 Deum,
2935 4560 2986 4602 et
3015 4549 3066 4602 in
3098 4547 3216 4618 ipso
3247 4560 3486 4600 manere.

1931 4698 2083 4760 paret
2115 4703 2177 4742 ex
2211 4687 2636 4760 teqttipolleruia,
2700 4685 2772 4756 μὴ
2831 4682 3007 4760 ἄθεον,
3045 4682 3156 4760 _qtti
3208 4682 3485 4760 veritatem

1932 4754 1998 4814 de
2063 4759 2170 4812 Deo
2225 4754 2422 4810 tuetur.
2483 4756 2649 4809 Paulo
2703 4754 2851 4819 ante,
2897 4754 3108 4827 ἀρετῶν
3162 4755 3485 4827 προηγοροςε

1932 4829 1998 4883 Ει
2046 4845 2168 4897 cap.
2223 4831 2254 4881 6
2313 4839 2432 4897 post
2499 4827 2768 4908 tnetrl‘ium,
2826 4821 2950 4908 τοῦ
2978 4825 3149 4908 ,λύγου
3203 4821 3309 4908 τοῦ.
3345 4821 3487 4908 ἱεροῦ

1933 4900 2080 4969 φίλος
2109 4894 2202 4951 καὶ
2229 4894 2552 4969 πρὸήγορος.
2584 4895 2794 4969 Et__cap.
2823 4897 2890 4949 15
2911 4896 3010 4969 sub
3035 4897 3271 4969 initium,
3293 4894 3488 4969 λογίων

1933 4965 2256 5043 προήχορος.
2274 4965 2518 5043 Bri-scum
2547 4999 2614 5043 τ
2642 4967 2802 5043 Yiros
2829 4968 3067 5043 eruditos
3097 4966 3347 5043 fugerunt
3369 4965 3488 5043 huic

1934 5031 2429 5110 lo'ea'Cr'chriana,
2456 5040 2521 5092 ad
2555 5038 2820 5092 Pollucem
2849 5039 2938 5092 lib.
2970 5053 3111 5110 tt,_e.
3139 5031 3190 5099 «f,
3223 5051 3330 5103 seg.
3343 5031 3484 5110 1‘26,

1935 5102 2258 5180 Ιίοεξνριιίιῆιι
2314 5126 2365 5164 v.
2417 5102 2882 5180 Προηγόρησιιν,
2939 5117 2992 5161 et
3034 5102 3304 5180 Thomam
3342 5102 3480 5180 Mag.

1934 5171 2142 5237 noviss.
2186 5183 2315 5236 edit.
2352 5171 2813 5250 pag.'7-50,'qttos
2861 5189 3036 5232 tamen
3067 5177 3132 5230 ad
3179 5177 3286 5250 vim
3336 5171 3487 5228 vocis

1935 5253 2325 5324 assequendam
2352 5247 2656 5324 Ῐειζιιςυιιις)Δ
2675 5247 2853 5324 velim.
2888 5251 3150 5324 Caeterum
3208 5247 3485 5324 advertere

1935 5315 2218 5380 libet-cum
2270 5321 2484 5375 Ktthnio
2515 5323 2580 5376 ad
2622 5321 2828 5374 Polluc.
2861 5320 3160 5390 προήγορον
3181 5315 3486 5390 ,ῄρτωάξεα-

1937 5405 2116 5464 torem,
2151 5408 2454 5464 prmconeut,
2477 5391 2615 5464 licet
2653 5392 2856 5464 rarius,
2887 5385 3159 5464 denotare.
3197 5386 3329 5452 Quae
3359 5385 3482 5464 qui-

1935 5466 2055 5518 dem
2086 5456 2452 5532 interpretatio
2473 5460 2936 5532 Bengelioarrisit
2963 5477 2975 5510 :
3001 5473 3170 5526 eaque
3195 5471 3326 5532 sane
3360 5456 3486 5509 huic

1937 5534 2053 5586 loco
2086 5528 2250 5586 altera
2294 5528 2914 5600 Sirmondi,'famil:'art's,
2940 5528 3320 5599 congruentior
3366 5541 3486 5581 esse

1935 5603 2280 5671 comperitur.

2007 5668 2084 5742 (8)
2127 5671 2548 5742 Ἐξομοιώθητι.
2581 5669 2670 5726 Sic
2706 5669 3020 5742 Bengelius,
3054 5668 3357 5727 Hmsrhelio
3385 5669 3485 5742 ad-

1937 5738 2167 5801 haerens.
2206 5738 2620 5816 Vbssius,quem
2650 5738 2891 5812 sequitur
2918 5757 3151 5815 nuperus
3181 5743 3352 5799 editor
3383 5738 3489 5796 Pa-
