3988 6200
513 255 650 315 1087

1625 260 1682 317 8.
1720 259 2041 318 GREGORH
2079 259 2580 320 THAUMATURGI

3572 260 3736 320 {088

581 370 718 428 χιιι.
756 370 876 428 Jam
901 381 1097 443 praeter
1116 379 1367 431 ceteram
1399 388 1614 431 omnem
1656 376 1977 432 industriam
2001 392 2064 433 ac

2234 378 2331 432 II".
2379 379 2501 432 Ἐπὶ
2535 380 2602 450 τῇ
2622 376 2754 450 ἀλλῃ
2775 377 2922 449 πάσῃ
2947 375 3229 450 φιλοπονίᾳ
3253 378 3345 433 καὶ
3373 376 3596 450 σπουδῇ,
3614 380 3737 450 τὴν

512 465 774 530 studium,
815 464 951 520 illud
999 482 1107 536 quo
1136 467 1192 521 in
1218 467 1500 538 theologia:
1529 469 1773 525 doctrina
1807 480 1863 527 et
1904 487 2054 526 reve-

512 557 688 613 rentia
729 557 888 613 nobis
928 558 1276 614 instituendis
1319 567 1402 613 est
1446 575 1597 629 usus,
1643 564 1841 632 quibus
1881 565 2058 619 verbis

509 649 690 720 eloqui
720 649 948 720 possim,
981 659 1076 704 aut
1106 651 1254 720 ipsos
1273 650 1376 704 viri
1400 667 1593 709 sensus
1621 665 1923 725 penetrare,
1950 673 2060 727 quo

511 737 742 794 consilio
770 745 824 793 et
854 749 1113 809 apparatu
1144 755 1335 797 omnes
1359 741 1427 798 de
1453 739 1562 798 Deo
1596 759 1873 802 sermones
1901 754 2062 817 atque

509 830 810 888 sententias
853 831 1095 888 ediscere
1140 847 1238 890 nos
1267 835 1461 903 vellet;
1507 835 1696 892 sedulo
1739 853 1954 905 cavens,
1993 853 2062 894 ne

511 923 724 993 uspiam
757 924 811 978 in
843 939 902 978 re
933 924 1176 980 omnium
1216 927 1453 983 maxime
1487 929 1813 996 necessaria,
1845 931 1950 987 hoc
1979 939 2063 987 est

510 1014 567 1070 in
609 1015 798 1084 prima:
836 1015 1081 1071 omnium
1122 1032 1300 1073 causa)
1346 1019 1688 1087 cognitione,
1733 1022 2063 1091 periclitare-

510 1105 676 1159 mur?
702 1103 1080 1175 Philosophari
1109 1122 1238 1177 ergo
1267 1122 1366 1162 nos
1395 1107 1466 1161 ita
1485 1106 1727 1177 jubebat,
1762 1116 1822 1163 ut
1860 1110 2062 1176 omnia,

509 1204 778 1265 quotquot
823 1205 1066 1262 exstant,
1123 1208 1362 1254 veterum
1421 1208 1537 1255 tum
1599 1201 2063 1271 philosophorum,

510 1297 625 1342 tum
656 1296 937 1358 poetarum
969 1291 1167 1360 scripta
1201 1292 1536 1362 colligentes,
1565 1292 1700 1347 nihil
1731 1294 1954 1349 omnino
1977 1311 2065 1349 re-

508 1379 820 1449 jiceremus,
875 1381 1118 1452 nihilque
1172 1385 1579 1452 repudiaremus
1627 1387 1875 1456 (necdum
1922 1386 2065 1441 enim

512 1472 622 1526 vim
674 1473 876 1528 habere
911 1474 1191 1544 judicandi
1224 1479 1580 1546 poteramus),
1630 1488 1823 1547 praeter
1857 1494 1920 1534 ea
1949 1494 2069 1548 qua:

512 1563 797 1619 atheorum
828 1575 1029 1632 essent,
1075 1566 1243 1637 qui,a
1285 1570 1560 1624 communi
1594 1570 1870 1624 hominum
1903 1584 2068 1625 sensu

512 1655 872 1725 discedentes,
924 1656 1092 1712 Deum
1144 1667 1239 1713 aut
1289 1659 1686 1715 Providentiam
1717 1675 1836 1716 esse
1872 1670 2068 1732 negant

2164 467 2294 536 περὶ
2336 466 2610 537 θεολογίας
2652 466 2994 523 διδασκαλίαν
3047 467 3141 522 καὶ
3182 467 3465 525 εὐλάῦειαν
3491 469 3610 533 πῶς
3658 468 3739 522 ἂν

2165 555 2435 626 ἐξέλθοιμι
2466 555 2544 627 τῷ
2582 555 2744 627 λόγῳ,
2777 557 2857 620 είς
2900 555 3068 628 αὐτὴν
3113 556 3215 629 τὴν
3262 556 3495 615 διάθεσιν
3540 557 3744 620 εἰσδὺς

2161 647 2255 703 τοῦ
2288 647 2502 720 ἀνδρὸς,
2537 649 2632 702 σὺν
2654 648 2741 719 οἵᾳ
2771 646 2962 722 γνώμῃ
2983 647 3076 702 κα)⁵
3099 652 3412 721 παρασκευῇ
3445 651 3569 714 τοὺς
3591 652 3745 720 περὶ

2159 739 2260 792 τοῦ
2287 739 2444 793 Θείου
2489 739 2696 804 πάντας
2726 740 3079 812 ἐκμανθάνειν
3123 737 3269 813 ἡμᾶς
3311 741 3466 813 ἧθελε
3507 742 3745 812 λόγους,

2162 832 2569 903 φυλαττόμενος
2598 833 2669 905 μή
2711 849 2786 902 πη
2824 831 3270 904 κινδυνεύσωμεν
3306 833 3431 904 περὶ
3459 833 3519 888 τὸ
3550 834 3746 901 ἀναγ-

2165 923 2444 978 καιότατον
2471 923 2745 988 ἀπάντων,
2791 923 2887 994 τὴν
2915 921 3008 978 τοῦ
3041 922 3255 977 πάντων
3285 924 3454 977 αίτίου
3483 923 3700 992 γνῶσιν
3723 939 3743 988 ;

2165 1013 2472 1082 φιλοσοφεῖν
2506 1011 2603 1084 μὲν
2651 1011 2759 1083 γὰρ
2806 1010 2976 1082 ἠξίου,
3021 1010 3438 1081 ἀναλεγομένους
3476 1009 3584 1063 τῶν
3624 1012 3746 1081 ἀρ-

2164 1105 2334 1177 χαίων
2369 1105 2545 1159 πάντα
2589 1105 2690 1157 ὃσα
2723 1104 2812 1157 καὶ
2842 1103 3143 1174 φιλοσόφων
3176 1103 3269 1160 καὶ
3311 1101 3565 1173 ὑμνῳδῶν
3606 1105 3745 1158 ἐστι

2163 1197 2465 1266 γράμματα
2497 1195 2647 1268 πάσῃ
2687 1195 2910 1267 δυνάμει
2957 1196 3122 1266 μηδὲν
3165 1195 3575 1267 ἐκποιουμένους
3625 1193 3743 1266 (9),

2169 1287 2291 1358 μηδ’
2323 1286 2817 1359 ἀποδοκιμάζοντας
2845 1287 3069 1358 (οὐδέπω
3107 1286 3215 1360 γὰρ
3253 1287 3372 1341 οὐδὲ
3407 1287 3504 1360 τὴν
3539 1288 3742 1359 κρίσιν

2166 1374 2432 1448 ἐχεινμθ)
2453 1376 2798 1448 ἐδυνάμεθα),
2839 1376 2974 1449 πλὴν
3005 1379 3106 1431 ὅσα
3131 1378 3237 1432 τῶν
3269 1377 3439 1434 ἀθέων
3467 1379 3574 1450 εἴη,
3606 1380 3741 1432 ὅσοι

2166 1468 2571 1532 ἐκκυλισθέντες
2598 1468 2732 1539 ὁμοῦ
2779 1468 2888 1538 (11)
2934 1469 3030 1523 καὶ
3084 1468 3192 1523 τῶν
3239 1468 3589 1541 ἀνθρωπίνων
3641 1471 3739 1522 ὲν-

2166 1560 2342 1624 νοιῶν,
2364 1561 2464 1614 οὐκ
2497 1556 2634 1618 εῖναι
2659 1559 2788 1614 Θεὸν
2816 1560 2849 1631 ἢ
2873 1560 3134 1632 Πρόνοιαν
3161 1561 3372 1630 λέγουσι
3404 1561 3593 1632 (ταῦτα
3613 1563 3739 1634 γὰρ

2167 1652 2279 1706 οὖτ’
2306 1652 2699 1721 ἀναγινώσκειν
2729 1653 2898 1718 ἀξιον,
2933 1655 3020 1709 ἵνα
3049 1655 3170 1726 μηδ’
3201 1655 3259 1708 ἐν
3281 1645 3358 1726 τῷ
3387 1655 3596 1726 τυχόντι
3633 1672 3738 1726 μο-

514 1749 653 1816 (hmc
680 1749 826 1803 enim
861 1763 930 1804 ne
959 1749 1119 1820 digna
1153 1749 1368 1818 quidem
1403 1765 1524 1805 esse
1548 1766 1668 1820 qua:
1698 1725 1969 1820 legantur,
1998 1766 2066 1806 ne

2167 1743 2361 1798 λύνοιθ’
2400 1746 2535 1816 ⁴ἡμῖν
2572 1747 2605 1817 ἡ
2635 1745 2801 1818 ψυχὴ,
2851 1725 3088 1799 εὐσεὸεἶν
3114 1725 3413 1816 μέλλουσα,
3460 1745 3638 1816 λόγων
3675 1746 3735 1800 δὲ

513 1855 622 1910 qua
669 1839 808 1895 forte
845 1855 904 1894 re
946 1839 1323 1908 inquinaretur
1350 1840 1507 1897 nobis
1543 1841 1781 1905 animus,
1807 1841 1899 1911 qui
1941 1856 2063 1896 cum

514 1933 768 2003 pietatem
793 1931 972 1987 colere
993 1932 1207 1997 debeat,
1237 1947 1518 1988 sermones
1547 1933 1730 1988 audiat
1750 1933 1932 1987 divino
1956 1933 2069 1987 cul-

515 2024 595 2078 tui
628 2033 1006 2094 repugnantes.
1030 2021 1214 2092 Neque
1242 2024 1387 2078 enim
1431 2024 1470 2079 ii
1505 2024 1599 2094 qui
1632 2024 1828 2094 templa
1848 2023 2066 2092 adeunt,

516 2113 832 2184 religiosum
891 2123 1101 2184 putant,
1156 2114 1451 2184 quidquam
1511 2116 1733 2170 omnino
1784 2115 2066 2187 profanum

515 2212 874 2259 contrectare.
915 2202 1120 2258 Horum
1154 2204 1335 2274 itaque
1362 2205 1530 2261 libros
1568 2205 1636 2260 iis
1681 2205 1774 2276 qui
1816 2206 2066 2276 pietatem

515 2293 890 2364 proﬁteantur,
920 2295 1067 2349 nullo
1094 2295 1144 2350 in
1174 2310 1399 2350 numero
1429 2310 1550 2352 esse
1579 2295 1828 2366 debere);
1863 2297 2066 2367 reliqua

515 2402 648 2442 vero
669 2386 865 2457 scripta
891 2389 1062 2442 evolvi
1090 2389 1298 2460 legique
1317 2388 1396 2444 sic
1415 2398 1680 2458 oportere,
1700 2399 1758 2444 ut
1777 2405 1878 2447 nec
1901 2406 2068 2459 genus

519 2474 716 2541 ullum,
751 2491 852 2531 nec
872 2475 1008 2530 liber
1031 2485 1125 2531 aut
1145 2491 1327 2532 sermo
1352 2479 1600 2534 eruditus
1624 2478 1959 2548 praeferatur,
1984 2495 2070 2536 ne-

517 2583 624 2638 que
655 2577 844 2624 contra
874 2569 1209 2640 rejieiantur,
1244 2571 1358 2626 sive
1382 2571 1621 2635 Gnaeus,
1647 2572 1761 2628 sive
1787 2573 2068 2638 barbarus,

517 2659 614 2714 sed
644 2673 832 2716 omnes
857 2661 1166 2716 audiantur.
1201 2661 1483 2732 Sapienter
1527 2663 1580 2718 id
1612 2678 1857 2734 prorsus,
1889 2672 1944 2718 et
1975 2679 2071 2734 ap-

515 2750 723 2821 posite,
763 2767 831 2807 ue
865 2752 1072 2808 scilicet
1100 2768 1210 2808 una
1254 2755 1517 2825 quaepiam
1556 2755 1747 2810 horum
1791 2756 2072 2814 illorumve

517 2843 784 2898 sententia
812 2843 993 2899 audita
1021 2852 1074 2899 et
1119 2845 1174 2899 in
1218 2846 1390 2915 pretio
1433 2846 1634 2914 habita,
1670 2849 1917 2917 quamvis
1945 2864 2069 2904 vera

516 2949 628 2988 non
672 2935 762 3000 sit,
804 2945 1060 3013 tanquam
1104 2951 1228 2992 vera
1259 2938 1373 2992 sola
1401 2949 1563 3004 esset,
1598 2940 1643 2995 si
1673 2943 1837 2997 semel
1867 2942 1920 2996 in
1955 2942 2070 2997 ani-

2169 1835 2458 1903 ἁκούουσα,
2489 1837 2821 1892 ὑπεναντίων
2853 1840 2920 1910 τῇ
2964 1836 3057 1891 τοῦ
3093 1836 3227 1890 Θεοῦ
3273 1837 3554 1909 θεραπείᾳ.
3589 1839 3735 1892 οὐδὲ

2167 1929 2274 2003 γὰρ
2301 1930 2428 1995 τοὺς
2458 1933 2572 1996 τοῖς
2606 1933 2750 1995 ναοῖς
2788 1930 3106 2002 προσιόντας
3141 1929 3436 1994 εὐσεὸείας,
3466 1925 3536 2001 ἧς
3587 1930 3734 1983 οἴον-

2165 2037 2255 2074 ται
2293 2020 2426 2093 (12),
2475 2021 2805 2092 ἐφάπτεσθαι
2853 2040 2996 2088 τινος
3032 2022 3167 2086 ὅλως
3205 2023 3311 2076 τῶν
3350 2022 3606 2094 βεϐήλων.
3647 2024 3735 2077 Τὰ

2165 2113 2367 2170 τούτων
2397 2114 2574 2169 τοίνυν
2601 2116 2707 2169 οὐδ’
2736 2116 2869 2179 ὅλως
2889 2116 3006 2168 οὐδὲ
3034 2115 3374 2188 ἀριθμεῖσθαι
3409 2115 3558 2182 ἀξιον
3592 2117 3735 2188 παρ’

2167 2205 2416 2277 ἀνδράσιν
2444 2205 2682 2260 εὐσεϐεῖν
2710 2206 3158 2277 ἐπανελομένοις)ο
3185 2209 3296 2270 τοῖς
3317 2207 3373 2260 δὲ
3394 2206 3596 2270 λοιποῖς
3617 2209 3734 2260 πᾶ·-

2170 2314 2253 2350 σιν
2275 2297 2616 2368 ἐντυγχάνειν
2649 2300 2742 2352 καὶ
2773 2298 3138 2372 προσομιλεῖν,
3161 2299 3314 2368 γένος
3358 2300 3453 2370 μὲν
3483 2299 3603 2352 οὐδὲ
3647 2300 3730 2363 ἓν,

2166 2388 2285 2442 οὐδὲ
2312 2389 2468 2458 λόγον
2491 2389 2772 2460 φιλόσοφον
2796 2392 3248 2462 προτιμήσαντας,
3282 2389 3400 2443 οὔτε
3433 2388 3499 2446 αὖ
3533 2391 3730 2445 ἀποδο-

2167 2473 2523 2545 κιμάσαντας,
2553 2474 2676 2529 οὗτε
2711 2477 3010 2549 Ἑλληνικὸν
3039 2476 3159 2531 οὔτε
3186 2477 3475 2550 βάρϐαρον,
3504 2480 3730 2534 πάντων

2165 2566 2223 2620 δὲ
2251 2567 2559 2632 ἀκούοντας.
2584 2568 2766 2638 Σοφῶς
2793 2569 2946 2624 τοῦτο
2969 2571 3060 2624 καὶ
3092 2571 3232 2642 μάλα
3260 2571 3537 2642 ἐντέχνως
3566 2575 3726 2645 μήπη

2169 2650 2248 2720 εἷς
2283 2675 2367 2722 τις
2407 2659 2501 2713 καὶ
2532 2658 2652 2712 καθ’
2682 2660 2866 2714 ἐαυτὸν
2900 2661 3062 2714 τῶνδέ
3093 2679 3272 2727 τινων,
3307 2662 3341 2734 ἢ
3370 2662 3535 2716 τῶνδε
3567 2663 3729 2733 λόγος

2169 2748 2328 2813 αὐτὸς
2356 2749 2513 2819 μόνος
2547 2750 2830 2815 ἀκουσθείς
2860 2753 2954 2805 καὶ
2984 2752 3252 2824 τιμηθεὶς,
3288 2755 3390 2808 κᾶν
3426 2755 3498 2827 μὴ
3539 2757 3732 2828 ἀληθι-

2168 2838 2256 2902 νὸς
2276 2838 2350 2892 ὢν
2372 2839 2527 2914 τύχῃ,
2556 2840 2631 2904 ὡς
2661 2841 2818 2913 μόνος
2840 2841 3042 2913 ἀληθὴς
3072 2842 3166 2908 ὢν,
3188 2843 3364 2908 εἰσδὺς
3400 2846 3479 2908 είς
3504 2845 3602 2916 τὴν
3623 2847 3733 2916 ψυ-

2169 2929 2268 3000 Χὴν
2317 2930 2505 3002 ἡμῶν,
2561 2931 2905 3005 ἐξαπατήσῃ,
2966 2936 3058 2988 καὶ
3097 2936 3216 2989 καθ’
3269 2937 3457 2990 ἐαυτὸν
3499 2937 3728 3006 διαθεὶς,

515 3040 666 3079 mum
696 3034 941 3081 nostrum
972 3028 1269 3098 irrepserit,
1299 3027 1546 3096 decipiat,
1571 3029 1779 3100 sibique
1814 3047 1914 3088 nos
1951 3032 2066 3086 vin-

2173 3019 2334 3084 ίδίους
2376 3021 2522 3091 ἡμᾶς
2556 3025 2862 3094 ποιήσηται,
2925 3024 3102 3079 οὐκέτ’
3149 3026 3447 3097 ἀποστῆναι
3486 3027 3726 3097 δυναμέ-

517 3115 705 3172 dicans
733 3118 814 3173 sic
838 3119 1052 3186 aﬂiciat,
1079 3129 1139 3174 ut
1164 3134 1266 3173 nec
1286 3120 1355 3176 ab
1385 3134 1445 3174 ea
1479 3120 1774 3190 discedere,
1798 3141 1898 3180 nec
1922 3125 2066 3180 illam

2168 3127 2308 3174 νους,
2337 3111 2454 3165 οὐδὲ
2484 3112 2911 3178 ἀποπλύνασθαι,
2944 3115 3130 3188 ὥσπερ
3159 3116 3226 3170 τά
3251 3116 3557 3172 δευσοποιόν
3601 3137 3726 3173 τινα

515 3209 672 3278 quasi
706 3209 885 3265 lanam
912 3212 1092 3267 colore
1118 3210 1372 3281 quopiam
1402 3211 1652 3268 infectam
1682 3215 1861 3272 eluere
1889 3217 2067 3287 possi-

515 3315 660 3356 mus.
690 3298 994 3358 Vehemens
1023 3304 1169 3359 enim
1198 3311 1253 3358 et
1285 3303 1536 3361 volubilis
1572 3307 1816 3376 quaedam
1855 3323 1942 3363 res
1988 3320 2070 3366 est

515 3391 797 3447 hominum
845 3393 1040 3462 oratio,
1078 3396 1226 3451 varia
1269 3395 1687 3463 sophismatibus
1719 3407 1879 3469 atque
1912 3398 2070 3456 falla-

515 3483 638 3548 ciis,
675 3491 740 3538 ut
771 3498 895 3539 cum
940 3500 1099 3546 aures
1136 3488 1383 3558 subierit,
1428 3492 1594 3547 menti
1643 3492 1750 3548 cito
1783 3509 1906 3564 qua:
1940 3494 2071 3550 velit

516 3573 730 3642 ingerat
760 3583 922 3644 atque
966 3573 1266 3647 insculpat;
1309 3587 1364 3635 et
1403 3595 1542 3652 quos
1573 3581 1737 3637 semel
1769 3584 2066 3652 occuparit,

517 3662 606 3717 his
634 3671 697 3718 ut
731 3664 904 3734 ipsam
948 3679 1046 3734 pro
1076 3681 1202 3721 vera
1241 3668 1442 3734 colant,
1478 3671 1700 3725 omnino
1730 3671 2067 3740 persuadeat.

517 3754 704 3826 Itaque
731 3757 898 3812 haeret
933 3757 1100 3823 intus,
1139 3761 1386 3830 quamvis
1415 3759 1548 3817 falsa
1577 3761 1879 3833 fallaxque,
1910 3772 1963 3818 et
1989 3763 2071 3818 in-

517 3857 633 3902 star
664 3850 1073 3920 praestigiatoris
1105 3851 1354 3922 alicujus,
1383 3867 1608 3923 regnum
1639 3854 1864 3921 obtinet,
1897 3855 2070 3924 ipsius

517 3956 678 4011 quem
706 3942 976 4013 deceperit
994 3943 1211 4000 defensa
1237 3955 1582 4016 protectaque
1599 3947 1869 4016 praesidio.
1893 3947 2070 4003 Prona

514 4047 706 4088 rursus
723 4034 788 4089 ad
804 4034 1065 4090 orationis
1087 4033 1326 4090 fraudem
1340 4036 1718 4106 recipiendam,
1732 4054 2073 4110 praecepsque

516 4123 586 4179 ad
624 4139 910 4181 assensum
949 4126 1184 4182 humana
1205 4142 1359 4183 mens
1377 4136 1430 4183 et
1448 4137 1727 4200 prompta;
1754 4131 2070 4202 priusquam

516 4217 778 4286 dijudicet
802 4235 1100 4290 omnesque
1142 4221 1194 4275 in
1223 4229 1402 4290 partes
1434 4222 1702 4292 exploret,
1729 4224 1815 4279 vel
1852 4235 2071 4296 propter

2167 3199 2340 3272 βαφὴν
2365 3201 2600 3272 βαφέντα
2627 3201 2733 3256 τῶν
2769 3204 2949 3276 ἐρίων.
2982 3207 3160 3260 Δεινόν
3191 3224 3250 3261 τε
3277 3208 3386 3281 γάρ
3419 3210 3606 3282 χρῆμα
3630 3213 3726 3265 καὶ

2165 3291 2458 3365 εὔστροφον
2490 3293 2643 3364 λόγος
2673 3296 2702 3348 ό
2736 3296 3059 3368 ἀνθρώπων,
3109 3300 3348 3366 ποικίλος
3387 3318 3450 3357 τε
3484 3306 3598 3367 τοῖς
3632 3321 3726 3358 σο-

2165 3383 2414 3454 φίσμασι,
2452 3385 2545 3439 καὶ
2570 3385 2695 3452 ὀξὺς
2719 3387 3027 3460 είσδραμὼν
3062 3391 3142 3455 είς
3183 3391 3511 3458 τὰς·ἀκοάς,
3544 3395 3726 3448 τυπῶ-

2168 3475 2256 3529 σαί
2285 3493 2346 3529 τε
2393 3476 2483 3531 τὸν
2520 3477 2642 3532 νοῦν
2672 3481 2765 3534 καὶ
2801 3479 3092 3552 προθέσθαι
3137 3480 3244 3554 (15)
3290 3483 3385 3538 καὶ
3427 3484 3724 3550 ἀναπείσας

2164 3569 2290 3633 τοὺς
2331 3568 2478 3635 ἅπαξ
2513 3571 2906 3642 ἀρπασθέντας,
2935 3572 3010 3637 ὼς
3036 3573 3240 3646 ἀληθὴς
3265 3575 3598 3644 ἀγαπᾶσθαι·
3629 3578 3724 3630 καὶ

2169 3661 2349 3734 μένειν
2367 3661 2512 3717 ἔνδον
2537 3662 2639 3717 κάν
2663 3664 2860 3737 ψευδὴς
2885 3666 2978 3719 καὶ
3009 3666 3281 3737 ἀπατηλὸς
3323 3663 3380 3739 ᾖ,
3418 3667 3610 3740 ὥσπερ
3640 3686 3722 3733 τις

2166 3754 2299 3825 γόης
2333 3755 2570 3828 κρατῶν,
2604 3756 2916 3828 ὑπερμαχον
2947 3756 3083 3828 ἔχων
3108 3759 3268 3812 αὐτὸν
3310 3759 3400 3813 τὸν
3440 3762 3724 3831 ἠπατημέ-

2165 3862 2275 3899 νον.
2307 3845 2716 3918 Εὐεξαπάτητόν
2755 3865 2816 3900 τε
2852 3848 3011 3902 πάλιν
3046 3847 3149 3902 ὑπὸ
3176 3849 3334 3917 λόγου
3371 3850 3466 3904 καὶ
3502 3849 3721 3904 εὔκολον

2169 3938 2304 4009 πρὸς
2331 3938 2720 4008 συγκατάθεσιν
2753 3938 2896 4011 ψυχὴ
2926 3939 3210 4011 ἀνθρώπου
3245 3941 3433 4012 ἑτοίμη
3471 3959 3553 4006 τε,
3593 3945 3722 4014 πρὶν

2166 4029 2411 4102 διακρίνῃ
2443 4029 2537 4085 καὶ
2567 4028 2792 4101 ἐξετάσῃ
2837 4030 3011 4084 πάντα
3040 4031 3256 4101 τρόπον,
3293 4032 3396 4085 ὑπὸ
3441 4033 3723 4104 ἀμϐλύτη-

2165 4139 2259 4184 τος
2300 4121 2392 4174 καὶ
2429 4119 2705 4184 ἀσθενείας
2743 4121 2844 4191 τῆς
2879 4120 3032 4185 ίδίας,
3061 4121 3095 4193 ἢ
3134 4122 3236 4175 ὑπὸ
3273 4123 3598 4194 λεπτότητος
3621 4124 3720 4193 τῆς

2166 4211 2259 4266 τοῦ
2283 4211 2459 4281 λόγου,
2481 4211 2616 4282 πρὸς
2645 4211 2744 4282 τὴν
2770 4211 3046 4282 ἀκρίϐειαν
3067 4213 3164 4281 τῆς
3189 4211 3482 4278 ἐξετάσεως
3515 4215 3722 4268 ἀποκα-

515 4307 892 4366 hebetudinem
919 4312 1447 4386 imbecillitatemque
1476 4331 1653 4381 suam,
1678 4317 1761 4370 vel
1787 4317 1856 4372 ob
1877 4320 2066 4373 oratio-

2175 4302 2374 4374 μοῦσαν
2418 4300 2612 4372 ἑαυτὴν
2656 4301 3160 4374 ἀπραγμονέστερον
3210 4304 3551 4374 παραδιδόναι
3590 4306 3720 4358 πολ-

513 4399 600 4454 nis
634 4398 806 4468 ipsius
854 4401 1224 4470 subtilitatem,
1260 4405 1328 4461 ad
1375 4413 1623 4461 exactum
1666 4420 1891 4461 examen
1930 4407 2058 4462 deli-

2166 4394 2315 4457 λάκις
2331 4391 2547 4463 ψευδέσι
2574 4391 2748 4460 λόγοις
2769 4392 2863 4446 καὶ¹
2888 4391 3136 4463 δόγμασι,
3165 4393 3594 4466 πεπλανημένοις
3622 4397 3720 4468 μὲν

513 4555 783 4640 risiensis,
809 4556 1305 4640 egop0tw0éwa.—
1340 4557 1740 4640 Ἐξομοιώθητι,
1767 4564 1923 4619 lectio
1957 4583 2063 4621 non

2166 4570 2285 4623 loco
2308 4565 2598 4640 Gregorius
2622 4566 3291 4640 esquisite‘eomplectjtur
3346 4569 3611 4640 quidquid
3641 4571 3713 4626 de

513 4626 806 4703 mutanda.
828 4626 1090 4703 Amarunt
1119 4643 1326 4687 veteres
1357 4626 1568 4689 decreta
1594 4626 1937 4703 ac'praacepta
1967 4653 2064 4692 sua

513 4697 806 4774 imperandi
855 4699 1020 4774 modo
1063 4703 1405 4768 exprimere:
1463 4697 1702 4774 Tempoth
1751 4697 1942 4774 parce,
1997 4706 2067 4761 Te

514 4767 932 4845 noscqxdbstine
956 4779 1005 4845 et
1033 4767 1472 4845 contine,_"E7roo
1504 4767 1640 4845 Θεῷ.
1674 4767 1763 4830 Sic
1793 4777 1844 4829 in
1875 4767 2062 4842 sacris,

513 4835 886 4914 καταλλάγητε
913 4838 1160 4914 «Questa,
1182 4842 1229 4914 ill
1253 4843 1376 4896 Cor.
1405 4861 1456 4909 v,
1488 4835 1732 4913 20,'quze
1761 4846 1876 4914 ipsa
1909 4835 2066 4901 lectio

512 4917 704 4986 contra
739 4909 946 4986 aliquot
964 4909 1138 4986 libros
1180 4913 1250 4966 ita
1281 4909 1658 4986 conﬁrmatur.
1697 4909 1883 4986 Itaque
1915 4917 2068 4972 locus

513 4977 722 5047 integer
759 4978 837 5033 sic
885 4979 1221 5035 reddendus:
1273 4981 1459 5036 Finem
1507 5000 1634 5038 sane
1682 4977 1914 5039 omnium
1965 5002 2067 5040 non

513 5045 680 5121 aliain
708 5063 819 5102 esse
841 5049 1060 5121 decrevi,
1099 5060 1254 5121 atque
1274 5051 1408 5105 illud
1431 5068 1450 5105 :
1477 5051 1623 5107 Pura
1649 5064 1812 5109 mente
1831 5056 2068 5110 assimila

515 5127 564 5172 te
592 5117 720 5182 Deo,
743 5128 800 5172 ut
829 5119 897 5172 ad
932 5134 1050 5172 eum
1073 5117 1289 5175 accedas
1317 5131 1364 5175 et
1400 5123 1451 5175 in
1478 5139 1535 5175 eo
1582 5140 1812 5178 maneas.
1834 5125 2068 5181 Proinde

511 5187 590 5258 τῷ
630 5187 747 5265 Θεῷ
783 5191 1124 5265 construitur
1169 5201 1222 5265 et
1269 5207 1393 5247 cum
1445 5192 1792 5265 ἐξομοιώθητι
1833 5205 1887 5248 et
1943 5212 2066 5250 cum

515 5259 853 5333 προσελθεῖν.
887 5259 1028 5333 S_unt
1068 5261 1314 5333 homines
1339 5299 1358 5333 ,ν
1398 5259 1685 5332 caeteroqui
1723 5259 2066 5333 excellentes,

514 5329 604 5400 qui
657 5345 825 5384 unum
879 5331 1169 5400 aliquando
1221 5332 1460 5387 libellum
1508 5329 1740 5387 naturali
1787 5329 2064 5400 refertum,

512 5398 697 5471 divino
717 5416 947 5456 vacuum
973 5398 1105 5466 Sale,
1124 5409 1404 5471 tantopere
1428 5401 1780 5470 admirentur,
1805 5416 1864 5460 ut
1885 5398 2068 5461 multis

514 5464 738 5524 Patrum
789 5464 1160 5542 voluminibus
1219 5464 1568 5542 anteponant.
1618 5471 1729 5530 Hac
1769 5464 1970 5531 trutina
2021 5477 2068 5531 si

518 5551 762 5612 agamus,
790 5541 883 5594 uni
913 5542 1153 5597 vicissim
1184 5541 1454 5612 periocme
1481 5541 1720 5610 Patrum,
1758 5546 1917 5600 etiam
1943 5561 2064 5601 cum

521 5605 665 5660 aliud
697 5619 881 5684 agant,
914 5626 1054 5684 saepe
1086 5605 1208 5684 plus
1233 5613 1554 5684 tribuamus,
1576 5605 1738 5684 quam
1763 5617 2067 5684 ingentibus

522 5691 772 5748 quamvis
799 5680 1444 5756 subtilium’ingeniorum
1482 5680 1754 5758 operibus.
1787 5680 1897 5743 Hoc
1926 5694 2066 5744 certe

2167 4638 2456 4694 virtutibus
2489 4645 2544 4691 et
2585 4637 2771 4691 olliciis
2809 4637 2910 4690 dici
2942 4647 3138 4705 potest.
3167 4637 3397 4692 Benest.

2239 4709 2320 4777 (9)
2350 4707 2552 4777 Μηδὲν
2581 4706 3060 4776 ἐκποιουμένους.
3090 4707 3239 4762 Nihil
3263 4709 3490 4763 alienum
3514 4727 3544 4763 a
3567 4711 3716 4765 nobis

2165 4775 2426 4833 ducentes.
2462 4775 2578 4831 Vox
2596 4789 2632 4846 re
2650 4777 2774 4845 jure
2801 4775 2980 4846 petita.
3003 4777 3230 4834 Caseus.

2239 4848 2349 4919 (10)
2392 4845 2769 4919 'E5v11dys0q.
2797 4845 2956 4902 Deest
2986 4849 3100 4904 haec
3146 4865 3249 4904 vox
3288 4850 3344 4904 in
3377 4849 3538 4907 editis
3583 4850 3717 4908 Hoe-

2165 4916 2440 4976 sclieli’ano
2467 4927 2519 4972 et
2546 4916 2890 4985 Bengeliano.

2237 4989 2358 5060 (li)
2395 4985 2815 5060 'onr'z._Potest_
2818 4987 3014 5055 exponi
3044 4990 3447 5060 propemodum:
3476 4993 3571 5048 sed
3596 5009 3719 5049 ma-

2161 5056 2280 5126 jore
2311 5058 2362 5110 vi
2377 5057 2565 5126 simul,
2579 5058 2755 5126 juxta.
2781 5056 3008 5111 BENGEL.

2238 5128 2355 5199 (12)
2377 5121 2482 5192 Ἦς
2509 5121 2747 5199 οἴργται.
2778 5127 2854 5181 lta
2886 5127 3220 5186 Huaschelius
3233 5146 3389 5199 quem
3410 5143 3716 5189 assectatur

2165 5195 2542 5268 Bengelius.—
2562 5195 2702 5272 Nam
2729 5214 2790 5252 ne
2811 5214 2894 5252 eos
2917 5200 3124 5272 quidem
3150 5195 3456 5271 qui—templa
3476 5205 3714 5272 pietatis,

2165 5284 2322 5342 quam
2360 5275 2573 5342 putant,
2601 5268 2814 5342 adeunt,
2862 5269 3069 5342 ontnino
3097 5268 3378 5339 quidquam
3427 5268 3717 5342 profanum

2167 5332 2439 5412 attingere.
2458 5332 2676 5412 Tilcpro
2697 5339 2784 5412 ἠν,
2807 5340 2884 5393 uti
2907 5354 3020 5410 seq.
3045 5332 3164 5411 cap.
3199 5332 3264 5397 ιι
3283 5332 3717 5412 οίτοιίωέόίυιη,

2167 5354 2301 5390 num
2337 5354 2439 5391 ere.
2468 5354 2566 5400 ‘nc;
2581 5354 2676 5404 pro
2697 5354 2784 5405 τν,
2807 5354 2884 5393 uti
2907 5354 2951 5394 st

2165 5400 2239 5460 ὧν
2266 5354 2431 5459 egeat
2459 5406 2689 5476 ἀληθῶν.
2723 5375 2951 5464 blenni-11..

2239 5478 2349 5552 (15)
2378 5477 2732 5552 _Hp00é0'0at.
2770 5478 3009 5552 διήφυόί
3037 5479 3282 5552 γνώμην,
3323 5492 3416 5537 aut
3442 5482 3718 5552 ejusmodi

2169 5549 2334 5602 aliud.
2375 5546 2630 5618 Suspecta
2677 5549 2834 5604 lectio
2860 5546 3182 5604 Casaubono
3219 5546 3283 5606 ἐι
3331 5546 3718 5618 Rhodomano,

2168 5633 2396 5690 quorum
2429 5617 2515 5672 hic
2533 5618 2775 5690 Aconjeeit
2807 5620 3152 5690 προσθέσθαι.
3180 5621 3390 5679 Mallem
3426 5624 3690 5690 προέσθαι

2168 5687 2413 5757 prodere;
2455 5688 2547 5744 sed
2580 5687 2685 5743 non
2713 5687 2961 5760 Opus'est
2991 5700 3216 5747 mutare.
3253 5692 3326 5749 In.
