  <div class='ocr_page' id='page_1' title='image "/cluster/home/n/w/nwhite01/storage/ocr_20150623/10/hvd.32044073501330/564.png"; bbox 0 0 3988 6200; ppageno 0'>
   <div class='ocr_carea' id='block_1_1' title="bbox 214 249 359 308">
    <p class='ocr_par' dir='ltr' id='par_1_1' title="bbox 214 249 359 308">
     <span class='ocr_line' id='line_1_1' title="bbox 214 249 359 308; baseline 0 -2"><span class='ocrx_word' id='word_1_1' title='bbox 214 249 359 308; x_wconf 79' lang='lat'><strong>1039</strong></span> 
     </span>
    </p>
   </div>
   <div class='ocr_carea' id='block_1_2' title="bbox 1193 219 2492 313">
    <p class='ocr_par' dir='ltr' id='par_1_2' title="bbox 1193 219 2492 313">
     <span class='ocr_line' id='line_1_2' title="bbox 1193 219 2492 313; baseline 0.005 -8"><span class='ocrx_word' id='word_1_2' title='bbox 1193 247 1260 305; x_wconf 85' lang='lat' dir='ltr'>1N</span> <span class='ocrx_word' id='word_1_3' title='bbox 1299 244 1649 309; x_wconf 80' lang='lat' dir='ltr'><strong>ORIGENEM</strong></span> <span class='ocrx_word' id='word_1_4' title='bbox 1687 251 1941 311; x_wconf 68' lang='lat' dir='ltr'><strong>omne</strong></span> <span class='ocrx_word' id='word_1_5' title='bbox 1978 246 2427 313; x_wconf 78' lang='lat' dir='ltr'><strong>PANEGYRICA.</strong></span> <span class='ocrx_word' id='word_1_6' title='bbox 2484 219 2492 225; x_wconf 69' lang='grc'><strong>’</strong></span> 
     </span>
    </p>
   </div>
   <div class='ocr_carea' id='block_1_3' title="bbox 3293 260 3426 325">
    <p class='ocr_par' dir='ltr' id='par_1_3' title="bbox 3293 260 3426 325">
     <span class='ocr_line' id='line_1_3' title="bbox 3293 260 3426 325; baseline 0.038 -5"><span class='ocrx_word' id='word_1_7' title='bbox 3293 260 3426 325; x_wconf 78' lang='lat'><strong>1090</strong></span> 
     </span>
    </p>
   </div>
   <div class='ocr_carea' id='block_1_4' title="bbox 212 362 1760 459">
    <p class='ocr_par' dir='ltr' id='par_1_4' title="bbox 212 362 1760 445">
     <span class='ocr_line' id='line_1_4' title="bbox 212 362 1760 445; baseline 0.005 -22"><span class='ocrx_word' id='word_1_8' title='bbox 212 368 423 431; x_wconf 83' lang='grc' dir='ltr'>αὐτοῖς.</span> <span class='ocrx_word' id='word_1_9' title='bbox 477 366 714 422; x_wconf 85' lang='grc' dir='ltr'>πλανῶσι</span> <span class='ocrx_word' id='word_1_10' title='bbox 755 362 810 445; x_wconf 75' lang='grc' dir='ltr'>δὲ</span> <span class='ocrx_word' id='word_1_11' title='bbox 866 368 958 427; x_wconf 74' lang='grc' dir='ltr'><strong>καὶ</strong></span> <span class='ocrx_word' id='word_1_12' title='bbox 997 370 1120 434; x_wconf 78' lang='grc' dir='ltr'>τοὺς</span> <span class='ocrx_word' id='word_1_13' title='bbox 1183 372 1511 444; x_wconf 79' lang='grc' dir='ltr'><strong>ἐσχηκότας·</strong></span> <span class='ocrx_word' id='word_1_14' title='bbox 1572 375 1667 430; x_wconf 77' lang='grc' dir='ltr'><strong>καὶ</strong></span> <span class='ocrx_word' id='word_1_15' title='bbox 1713 376 1760 430; x_wconf 69' lang='lat' dir='ltr'><strong>oi</strong></span> 
     </span>
    </p>
   </div>
   <div class='ocr_carea' id='block_1_5' title="bbox 1858 362 3423 459">
    <p class='ocr_par' dir='ltr' id='par_1_5' title="bbox 1876 374 3423 459">
     <span class='ocr_line' id='line_1_5' title="bbox 1876 374 3423 459; baseline 0.006 -28"><span class='ocrx_word' id='word_1_16' title='bbox 1876 380 2044 459; x_wconf 77' lang='lat' dir='ltr'><strong>ciens.</strong></span> <span class='ocrx_word' id='word_1_17' title='bbox 2070 392 2270 435; x_wconf 98' lang='lat' dir='ltr'><strong>temere</strong></span> <span class='ocrx_word' id='word_1_18' title='bbox 2295 395 2352 434; x_wconf 91' lang='lat' dir='ltr'><strong>se</strong></span> <span class='ocrx_word' id='word_1_19' title='bbox 2385 378 2554 448; x_wconf 86' lang='lat' dir='ltr'><strong>ipsam</strong></span> <span class='ocrx_word' id='word_1_20' title='bbox 2589 374 2739 435; x_wconf 78' lang='lat' dir='ltr'><strong>falsis</strong></span> <span class='ocrx_word' id='word_1_21' title='bbox 2777 379 3090 450; x_wconf 86' lang='lat' dir='ltr'><strong>plerumque</strong></span> <span class='ocrx_word' id='word_1_22' title='bbox 3122 382 3423 440; x_wconf 89' lang='lat' dir='ltr'><strong>rationihu</strong></span> 
     </span>
    </p>
   </div>
   <div class='ocr_carea' id='block_1_6' title="bbox 211 459 1773 537">
    <p class='ocr_par' dir='ltr' id='par_1_6' title="bbox 211 459 1773 537">
     <span class='ocr_line' id='line_1_6' title="bbox 211 459 1773 537; baseline 0.006 -25"><span class='ocrx_word' id='word_1_23' title='bbox 211 459 375 513; x_wconf 79' lang='grc' dir='ltr'>τοῦτο</span> <span class='ocrx_word' id='word_1_24' title='bbox 410 459 587 529; x_wconf 85' lang='grc' dir='ltr'>μόνον·</span> <span class='ocrx_word' id='word_1_25' title='bbox 621 460 758 513; x_wconf 82' lang='grc' dir='ltr'>ἀλλὰ</span> <span class='ocrx_word' id='word_1_26' title='bbox 785 459 884 513; x_wconf 83' lang='grc' dir='ltr'>κᾶν</span> <span class='ocrx_word' id='word_1_27' title='bbox 916 461 1244 532; x_wconf 77' lang='grc' dir='ltr'><strong>ἐπανορθοῦν</strong></span> <span class='ocrx_word' id='word_1_28' title='bbox 1270 465 1454 537; x_wconf 81' lang='grc' dir='ltr'>ἕτερος</span> <span class='ocrx_word' id='word_1_29' title='bbox 1489 468 1658 521; x_wconf 77' lang='grc' dir='ltr'><strong>ἐθέλοι</strong></span> <span class='ocrx_word' id='word_1_30' title='bbox 1686 468 1773 521; x_wconf 79' lang='grc' dir='ltr'>λό-</span> 
     </span>
    </p>
   </div>
   <div class='ocr_carea' id='block_1_7' title="bbox 210 550 1774 630">
    <p class='ocr_par' dir='ltr' id='par_1_7' title="bbox 210 550 1774 630">
     <span class='ocr_line' id='line_1_7' title="bbox 210 550 1774 630; baseline 0.008 -29"><span class='ocrx_word' id='word_1_31' title='bbox 210 566 333 619; x_wconf 86' lang='grc' dir='ltr'>γος,</span> <span class='ocrx_word' id='word_1_32' title='bbox 354 550 453 603; x_wconf 85' lang='grc' dir='ltr'><strong>ούκ</strong></span> <span class='ocrx_word' id='word_1_33' title='bbox 483 550 563 603; x_wconf 79' lang='grc' dir='ltr'>ἔτι</span> <span class='ocrx_word' id='word_1_34' title='bbox 593 551 942 623; x_wconf 74' lang='grc' dir='ltr'><strong>προσιεμένη,</strong></span> <span class='ocrx_word' id='word_1_35' title='bbox 979 553 1097 607; x_wconf 78' lang='grc' dir='ltr'>οὐδὲ</span> <span class='ocrx_word' id='word_1_36' title='bbox 1125 557 1574 630; x_wconf 85' lang='grc' dir='ltr'>μεταπειθομένη,</span> <span class='ocrx_word' id='word_1_37' title='bbox 1600 559 1691 613; x_wconf 81' lang='grc' dir='ltr'>τοῦ</span> <span class='ocrx_word' id='word_1_38' title='bbox 1718 560 1774 613; x_wconf 79' lang='grc' dir='ltr'>δὲ</span> 
     </span>
    </p>
   </div>
   <div class='ocr_carea' id='block_1_8' title="bbox 210 641 1775 725">
    <p class='ocr_par' dir='ltr' id='par_1_8' title="bbox 210 641 1775 725">
     <span class='ocr_line' id='line_1_8' title="bbox 210 641 1775 725; baseline 0.01 -33"><span class='ocrx_word' id='word_1_39' title='bbox 210 641 276 694; x_wconf 75' lang='grc' dir='ltr'>ὲν</span> <span class='ocrx_word' id='word_1_40' title='bbox 299 642 433 712; x_wconf 78' lang='grc' dir='ltr'>αὐτῇ</span> <span class='ocrx_word' id='word_1_41' title='bbox 458 642 837 713; x_wconf 79' lang='grc' dir='ltr'>περιεχομένη,</span> <span class='ocrx_word' id='word_1_42' title='bbox 869 644 1053 717; x_wconf 85' lang='grc' dir='ltr'>ὥσπερ</span> <span class='ocrx_word' id='word_1_43' title='bbox 1088 648 1230 713; x_wconf 78' lang='grc' dir='ltr'>τινὸς</span> <span class='ocrx_word' id='word_1_44' title='bbox 1261 651 1519 722; x_wconf 82' lang='grc' dir='ltr'>τυράννου</span> <span class='ocrx_word' id='word_1_45' title='bbox 1547 653 1775 725; x_wconf 83' lang='grc' dir='ltr'>ἀπαραι-</span> 
     </span>
    </p>
   </div>
   <div class='ocr_carea' id='block_1_9' title="bbox 209 734 1027 808">
    <p class='ocr_par' dir='ltr' id='par_1_9' title="bbox 209 734 1027 808">
     <span class='ocr_line' id='line_1_9' title="bbox 209 734 1027 808; baseline 0.006 -21"><span class='ocrx_word' id='word_1_46' title='bbox 209 734 382 806; x_wconf 78' lang='grc' dir='ltr'>τήτου</span> <span class='ocrx_word' id='word_1_47' title='bbox 409 735 578 805; x_wconf 78' lang='grc' dir='ltr'>αὐτῆς</span> <span class='ocrx_word' id='word_1_48' title='bbox 612 739 1027 808; x_wconf 70' lang='grc' dir='ltr'><strong>κεκρατηκότος.</strong></span> 
     </span>
    </p>
   </div>
   <div class='ocr_carea' id='block_1_10' title="bbox 283 1001 1771 1085">
    <p class='ocr_par' dir='ltr' id='par_1_10' title="bbox 283 1001 1771 1085">
     <span class='ocr_line' id='line_1_10' title="bbox 283 1001 1771 1085; baseline 0.005 -24"><span class='ocrx_word' id='word_1_49' title='bbox 283 1010 382 1063; x_wconf 87' lang='grc' dir='ltr'><strong>ΙΔ’.</strong></span> <span class='ocrx_word' id='word_1_50' title='bbox 420 1001 498 1061; x_wconf 79' lang='grc' dir='ltr'><strong><em>Ἥ</em></strong></span> <span class='ocrx_word' id='word_1_51' title='bbox 525 1008 632 1080; x_wconf 74' lang='grc' dir='ltr'>γὰρ</span> <span class='ocrx_word' id='word_1_52' title='bbox 671 1007 778 1080; x_wconf 75' lang='grc'><strong>(14)</strong></span> <span class='ocrx_word' id='word_1_53' title='bbox 811 1010 928 1080; x_wconf 66' lang='grc' dir='ltr'>οὐχ).</span> <span class='ocrx_word' id='word_1_54' title='bbox 966 1010 1137 1064; x_wconf 80' lang='grc' dir='ltr'>ταῦτα</span> <span class='ocrx_word' id='word_1_55' title='bbox 1175 1011 1452 1083; x_wconf 82' lang='grc' dir='ltr'><strong>δογμάτων</strong></span> <span class='ocrx_word' id='word_1_56' title='bbox 1480 1030 1539 1065; x_wconf 85' lang='grc' dir='ltr'><strong>τε</strong></span> <span class='ocrx_word' id='word_1_57' title='bbox 1564 1012 1632 1067; x_wconf 73' lang='grc' dir='ltr'>τὰ</span> <span class='ocrx_word' id='word_1_58' title='bbox 1667 1032 1771 1085; x_wconf 88' lang='grc' dir='ltr'>μα·-</span> 
     </span>
    </p>
   </div>
   <div class='ocr_carea' id='block_1_11' title="bbox 208 1099 1771 1173">
    <p class='ocr_par' dir='ltr' id='par_1_11' title="bbox 208 1099 1771 1173">
     <span class='ocr_line' id='line_1_11' title="bbox 208 1099 1771 1173; baseline 0.003 -20"><span class='ocrx_word' id='word_1_59' title='bbox 208 1100 415 1172; x_wconf 88' lang='grc' dir='ltr'>χόμενα</span> <span class='ocrx_word' id='word_1_60' title='bbox 441 1101 532 1152; x_wconf 74' lang='grc' dir='ltr'><strong>καὶ</strong></span> <span class='ocrx_word' id='word_1_61' title='bbox 563 1099 938 1170; x_wconf 74' lang='grc' dir='ltr'><strong>ἐναντιούμενα</strong></span> <span class='ocrx_word' id='word_1_62' title='bbox 968 1100 1231 1170; x_wconf 77' lang='grc' dir='ltr'>ἀλλήλοις,</span> <span class='ocrx_word' id='word_1_63' title='bbox 1256 1104 1551 1173; x_wconf 87' lang='grc' dir='ltr'>φιλοσόφων</span> <span class='ocrx_word' id='word_1_64' title='bbox 1578 1121 1637 1157; x_wconf 87' lang='grc' dir='ltr'><strong>τε</strong></span> <span class='ocrx_word' id='word_1_65' title='bbox 1672 1106 1771 1170; x_wconf 86' lang='grc' dir='ltr'><strong>τὰς</strong></span> 
     </span>
    </p>
   </div>
   <div class='ocr_carea' id='block_1_12' title="bbox 211 1192 1770 1267">
    <p class='ocr_par' dir='ltr' id='par_1_12' title="bbox 211 1192 1770 1267">
     <span class='ocr_line' id='line_1_12' title="bbox 211 1192 1770 1267; baseline 0.005 -24"><span class='ocrx_word' id='word_1_66' title='bbox 211 1192 428 1255; x_wconf 78' lang='grc' dir='ltr'><strong>στάσεις</strong></span> <span class='ocrx_word' id='word_1_67' title='bbox 464 1192 767 1262; x_wconf 83' lang='grc' dir='ltr'>εἰσήγαγεν,</span> <span class='ocrx_word' id='word_1_68' title='bbox 818 1192 989 1245; x_wconf 82' lang='grc' dir='ltr'>ἄλλων</span> <span class='ocrx_word' id='word_1_69' title='bbox 1033 1198 1144 1258; x_wconf 82' lang='grc' dir='ltr'>τοῖς</span> <span class='ocrx_word' id='word_1_70' title='bbox 1194 1194 1363 1248; x_wconf 87' lang='grc' dir='ltr'>ἄλλων</span> <span class='ocrx_word' id='word_1_71' title='bbox 1409 1196 1770 1267; x_wconf 71' lang='grc' dir='ltr'>ἐνισταμένων</span> 
     </span>
    </p>
   </div>
   <div class='ocr_carea' id='block_1_13' title="bbox 206 1282 1768 1357">
    <p class='ocr_par' dir='ltr' id='par_1_13' title="bbox 206 1282 1768 1357">
     <span class='ocr_line' id='line_1_13' title="bbox 206 1282 1768 1357; baseline 0.004 -22"><span class='ocrx_word' id='word_1_72' title='bbox 206 1282 460 1352; x_wconf 79' lang='grc' dir='ltr'><strong>δόγμασι,</strong></span> <span class='ocrx_word' id='word_1_73' title='bbox 490 1282 581 1335; x_wconf 77' lang='grc' dir='ltr'>καὶ</span> <span class='ocrx_word' id='word_1_74' title='bbox 613 1282 785 1336; x_wconf 80' lang='grc' dir='ltr'>ἄλλων</span> <span class='ocrx_word' id='word_1_75' title='bbox 815 1284 948 1337; x_wconf 85' lang='grc' dir='ltr'>ἄλλα</span> <span class='ocrx_word' id='word_1_76' title='bbox 987 1285 1342 1357; x_wconf 76' lang='grc' dir='ltr'>κρατούντων,</span> <span class='ocrx_word' id='word_1_77' title='bbox 1378 1285 1551 1339; x_wconf 82' lang='grc' dir='ltr'>ἄλλων</span> <span class='ocrx_word' id='word_1_78' title='bbox 1581 1305 1639 1339; x_wconf 89' lang='grc' dir='ltr'><strong>τε</strong></span> <span class='ocrx_word' id='word_1_79' title='bbox 1672 1288 1768 1341; x_wconf 79' lang='grc' dir='ltr'>άλ-</span> 
     </span>
    </p>
   </div>
   <div class='ocr_carea' id='block_1_14' title="bbox 207 1372 1768 1447">
    <p class='ocr_par' dir='ltr' id='par_1_14' title="bbox 207 1372 1768 1447">
     <span class='ocr_line' id='line_1_14' title="bbox 207 1372 1768 1447; baseline 0.005 -23"><span class='ocrx_word' id='word_1_80' title='bbox 207 1372 319 1436; x_wconf 85' lang='grc' dir='ltr'>λοις</span> <span class='ocrx_word' id='word_1_81' title='bbox 352 1373 815 1445; x_wconf 83' lang='grc' dir='ltr'>προστιθεμένων;</span> <span class='ocrx_word' id='word_1_82' title='bbox 868 1377 975 1429; x_wconf 77' lang='grc' dir='ltr'><strong>Καὶ</strong></span> <span class='ocrx_word' id='word_1_83' title='bbox 1023 1376 1325 1446; x_wconf 80' lang='grc' dir='ltr'>φιλοσοφεῖν</span> <span class='ocrx_word' id='word_1_84' title='bbox 1371 1377 1467 1447; x_wconf 83' lang='grc' dir='ltr'>μὲν</span> <span class='ocrx_word' id='word_1_85' title='bbox 1518 1379 1768 1432; x_wconf 84' lang='grc' dir='ltr'>ἁπάντων</span> 
     </span>
    </p>
   </div>
   <div class='ocr_carea' id='block_1_15' title="bbox 210 1463 1769 1544">
    <p class='ocr_par' dir='ltr' id='par_1_15' title="bbox 210 1463 1769 1544">
     <span class='ocr_line' id='line_1_15' title="bbox 210 1463 1769 1544; baseline 0.005 -27"><span class='ocrx_word' id='word_1_86' title='bbox 210 1465 561 1536; x_wconf 78' lang='grc' dir='ltr'><strong>βουλομένων,</strong></span> <span class='ocrx_word' id='word_1_87' title='bbox 594 1467 687 1520; x_wconf 74' lang='grc' dir='ltr'>καὶ</span> <span class='ocrx_word' id='word_1_88' title='bbox 711 1468 1188 1539; x_wconf 74' lang='grc' dir='ltr'>ἐπαγγελλομένων</span> <span class='ocrx_word' id='word_1_89' title='bbox 1219 1469 1277 1534; x_wconf 74' lang='grc' dir='ltr'><strong>ἐξ</strong></span> <span class='ocrx_word' id='word_1_90' title='bbox 1307 1463 1366 1522; x_wconf 82' lang='lat' dir='ltr'><strong>o6</strong></span> <span class='ocrx_word' id='word_1_91' title='bbox 1402 1488 1465 1540; x_wconf 91' lang='grc' dir='ltr'><strong>γε</strong></span> <span class='ocrx_word' id='word_1_92' title='bbox 1499 1472 1769 1544; x_wconf 77' lang='grc' dir='ltr'>προύτρά-</span> 
     </span>
    </p>
   </div>
   <div class='ocr_carea' id='block_1_16' title="bbox 207 1556 1768 1637">
    <p class='ocr_par' dir='ltr' id='par_1_16' title="bbox 207 1556 1768 1637">
     <span class='ocr_line' id='line_1_16' title="bbox 207 1556 1768 1637; baseline 0.008 -30"><span class='ocrx_word' id='word_1_93' title='bbox 207 1574 389 1627; x_wconf 85' lang='grc' dir='ltr'>πησαν</span> <span class='ocrx_word' id='word_1_94' title='bbox 415 1556 475 1609; x_wconf 83' lang='grc' dir='ltr'><strong>τὸ</strong></span> <span class='ocrx_word' id='word_1_95' title='bbox 499 1557 732 1628; x_wconf 74' lang='grc' dir='ltr'>πρῶτον,</span> <span class='ocrx_word' id='word_1_96' title='bbox 768 1560 860 1611; x_wconf 75' lang='grc' dir='ltr'>καὶ</span> <span class='ocrx_word' id='word_1_97' title='bbox 894 1561 1203 1629; x_wconf 86' lang='grc' dir='ltr'>φασκόντων</span> <span class='ocrx_word' id='word_1_98' title='bbox 1242 1561 1443 1617; x_wconf 76' lang='grc' dir='ltr'>ἐθέλειν</span> <span class='ocrx_word' id='word_1_99' title='bbox 1476 1565 1571 1634; x_wconf 78' lang='grc' dir='ltr'><strong>οὐχ</strong></span> <span class='ocrx_word' id='word_1_100' title='bbox 1608 1559 1768 1637; x_wconf 82' lang='grc' dir='ltr'>ἧττον</span> 
     </span>
    </p>
   </div>
   <div class='ocr_carea' id='block_1_17' title="bbox 205 1648 1767 1728">
    <p class='ocr_par' dir='ltr' id='par_1_17' title="bbox 205 1648 1767 1728">
     <span class='ocr_line' id='line_1_17' title="bbox 205 1648 1767 1728; baseline 0.005 -26"><span class='ocrx_word' id='word_1_101' title='bbox 205 1650 297 1702; x_wconf 82' lang='grc' dir='ltr'>ὅτε</span> <span class='ocrx_word' id='word_1_102' title='bbox 328 1648 610 1717; x_wconf 85' lang='grc' dir='ltr'>γεγόνασιν</span> <span class='ocrx_word' id='word_1_103' title='bbox 648 1652 703 1702; x_wconf 81' lang='grc' dir='ltr'>ὲν</span> <span class='ocrx_word' id='word_1_104' title='bbox 739 1654 850 1715; x_wconf 85' lang='grc' dir='ltr'>τοῖς</span> <span class='ocrx_word' id='word_1_105' title='bbox 896 1650 1090 1721; x_wconf 85' lang='grc' dir='ltr'>λόγοις,</span> <span class='ocrx_word' id='word_1_106' title='bbox 1130 1654 1163 1726; x_wconf 78' lang='grc' dir='ltr'><strong>ἢ</strong></span> <span class='ocrx_word' id='word_1_107' title='bbox 1198 1653 1272 1717; x_wconf 84' lang='grc' dir='ltr'>ὡς</span> <span class='ocrx_word' id='word_1_108' title='bbox 1303 1655 1480 1708; x_wconf 83' lang='grc' dir='ltr'>αὐτῶν</span> <span class='ocrx_word' id='word_1_109' title='bbox 1515 1657 1623 1728; x_wconf 81' lang='lat'>(15)</span> <span class='ocrx_word' id='word_1_110' title='bbox 1670 1658 1767 1728; x_wconf 79' lang='grc' dir='ltr'>ῆρ-</span> 
     </span>
    </p>
   </div>
   <div class='ocr_carea' id='block_1_18' title="bbox 205 1740 1765 1820">
    <p class='ocr_par' dir='ltr' id='par_1_18' title="bbox 205 1740 1765 1820">
     <span class='ocr_line' id='line_1_18' title="bbox 205 1740 1765 1820; baseline 0.007 -28"><span class='ocrx_word' id='word_1_111' title='bbox 205 1758 363 1811; x_wconf 82' lang='grc' dir='ltr'>χοντο</span> <span class='ocrx_word' id='word_1_112' title='bbox 383 1756 396 1770; x_wconf 73' lang='grc'><strong>⁸</strong></span> <span class='ocrx_word' id='word_1_113' title='bbox 433 1740 628 1811; x_wconf 80' lang='grc' dir='ltr'>μᾶλλον</span> <span class='ocrx_word' id='word_1_114' title='bbox 662 1742 719 1794; x_wconf 79' lang='grc' dir='ltr'>δὲ</span> <span class='ocrx_word' id='word_1_115' title='bbox 765 1743 857 1797; x_wconf 76' lang='grc' dir='ltr'>καὶ</span> <span class='ocrx_word' id='word_1_116' title='bbox 891 1745 1110 1801; x_wconf 83' lang='grc' dir='ltr'>πλείονα</span> <span class='ocrx_word' id='word_1_117' title='bbox 1156 1745 1246 1799; x_wconf 78' lang='grc' dir='ltr'><strong>τὸν</strong></span> <span class='ocrx_word' id='word_1_118' title='bbox 1291 1746 1468 1818; x_wconf 85' lang='grc' dir='ltr'>ἔρωτα</span> <span class='ocrx_word' id='word_1_119' title='bbox 1499 1748 1592 1802; x_wconf 79' lang='grc' dir='ltr'>νῦν</span> <span class='ocrx_word' id='word_1_120' title='bbox 1623 1748 1765 1820; x_wconf 73' lang='grc' dir='ltr'>ἔχειν</span> 
     </span>
    </p>
   </div>
   <div class='ocr_carea' id='block_1_19' title="bbox 203 1831 1768 1907">
    <p class='ocr_par' dir='ltr' id='par_1_19' title="bbox 203 1831 1768 1907">
     <span class='ocr_line' id='line_1_19' title="bbox 203 1831 1768 1907; baseline 0.007 -25"><span class='ocrx_word' id='word_1_121' title='bbox 203 1831 309 1900; x_wconf 86' lang='grc' dir='ltr'><strong>τῆς</strong></span> <span class='ocrx_word' id='word_1_122' title='bbox 336 1831 663 1900; x_wconf 79' lang='grc' dir='ltr'>φιλοσοφίας,</span> <span class='ocrx_word' id='word_1_123' title='bbox 697 1834 784 1886; x_wconf 82' lang='grc' dir='ltr'><strong>ὅτε</strong></span> <span class='ocrx_word' id='word_1_124' title='bbox 817 1835 984 1905; x_wconf 82' lang='grc' dir='ltr'>αὐτῆς</span> <span class='ocrx_word' id='word_1_125' title='bbox 1019 1834 1112 1890; x_wconf 78' lang='grc' dir='ltr'>καὶ</span> <span class='ocrx_word' id='word_1_126' title='bbox 1142 1836 1435 1905; x_wconf 73' lang='grc' dir='ltr'>γεύσασθαι</span> <span class='ocrx_word' id='word_1_127' title='bbox 1463 1838 1570 1907; x_wconf 81' lang='grc' dir='ltr'><strong>(ὡς</strong></span> <span class='ocrx_word' id='word_1_128' title='bbox 1599 1839 1663 1892; x_wconf 77' lang='grc' dir='ltr'>ἂν</span> <span class='ocrx_word' id='word_1_129' title='bbox 1692 1841 1768 1893; x_wconf 79' lang='grc' dir='ltr'>εί-</span> 
     </span>
    </p>
   </div>
   <div class='ocr_carea' id='block_1_20' title="bbox 205 1923 1767 2002">
    <p class='ocr_par' dir='ltr' id='par_1_20' title="bbox 205 1923 1767 2002">
     <span class='ocr_line' id='line_1_20' title="bbox 205 1923 1767 2002; baseline 0.006 -29"><span class='ocrx_word' id='word_1_130' title='bbox 205 1939 298 1974; x_wconf 83' lang='grc' dir='ltr'><strong>ποι</strong></span> <span class='ocrx_word' id='word_1_131' title='bbox 331 1923 430 1992; x_wconf 81' lang='grc' dir='ltr'>τις)</span> <span class='ocrx_word' id='word_1_132' title='bbox 462 1923 665 1995; x_wconf 78' lang='grc' dir='ltr'>ὑπῆρξε</span> <span class='ocrx_word' id='word_1_133' title='bbox 691 1925 783 1978; x_wconf 76' lang='grc' dir='ltr'><strong>καὶ</strong></span> <span class='ocrx_word' id='word_1_134' title='bbox 817 1924 1227 1999; x_wconf 56' lang='grc' dir='ltr'>προσδιατρίᾳαι</span> <span class='ocrx_word' id='word_1_135' title='bbox 1257 1931 1367 1992; x_wconf 86' lang='grc' dir='ltr'>τοῖς</span> <span class='ocrx_word' id='word_1_136' title='bbox 1403 1928 1595 1997; x_wconf 82' lang='grc' dir='ltr'>λόγοις,</span> <span class='ocrx_word' id='word_1_137' title='bbox 1629 1931 1767 2002; x_wconf 71' lang='grc' dir='ltr'>ἤπερ</span> 
     </span>
    </p>
   </div>
   <div class='ocr_carea' id='block_1_21' title="bbox 202 2013 1767 2091">
    <p class='ocr_par' dir='ltr' id='par_1_21' title="bbox 202 2013 1767 2091">
     <span class='ocr_line' id='line_1_21' title="bbox 202 2013 1767 2091; baseline 0.004 -24"><span class='ocrx_word' id='word_1_138' title='bbox 202 2016 296 2068; x_wconf 77' lang='grc' dir='ltr'><strong>ὅτε</strong></span> <span class='ocrx_word' id='word_1_139' title='bbox 348 2014 561 2087; x_wconf 82' lang='grc' dir='ltr'>πρῶτον</span> <span class='ocrx_word' id='word_1_140' title='bbox 610 2018 850 2091; x_wconf 81' lang='grc' dir='ltr'>ἀπείρως</span> <span class='ocrx_word' id='word_1_141' title='bbox 895 2016 1104 2088; x_wconf 78' lang='grc' dir='ltr'>ἔχοντες</span> <span class='ocrx_word' id='word_1_142' title='bbox 1151 2013 1249 2071; x_wconf 80' lang='grc' dir='ltr'>εἷθ’</span> <span class='ocrx_word' id='word_1_143' title='bbox 1283 2018 1387 2073; x_wconf 83' lang='grc' dir='ltr'><strong>ὑπὸ</strong></span> <span class='ocrx_word' id='word_1_144' title='bbox 1424 2020 1595 2091; x_wconf 83' lang='grc' dir='ltr'>ὁρμῆς</span> <span class='ocrx_word' id='word_1_145' title='bbox 1627 2038 1767 2084; x_wconf 89' lang='grc' dir='ltr'>τινος</span> 
     </span>
    </p>
   </div>
   <div class='ocr_carea' id='block_1_22' title="bbox 207 2105 1765 2179">
    <p class='ocr_par' dir='ltr' id='par_1_22' title="bbox 207 2105 1765 2179">
     <span class='ocr_line' id='line_1_22' title="bbox 207 2105 1765 2179; baseline 0.004 -22"><span class='ocrx_word' id='word_1_146' title='bbox 207 2105 509 2175; x_wconf 77' lang='grc' dir='ltr'>φιλοσοφεῖν</span> <span class='ocrx_word' id='word_1_147' title='bbox 542 2106 883 2178; x_wconf 73' lang='grc' dir='ltr'>ἐπήρθησανο</span> <span class='ocrx_word' id='word_1_148' title='bbox 919 2107 1178 2176; x_wconf 84' lang='grc' dir='ltr'>λεγόντων</span> <span class='ocrx_word' id='word_1_149' title='bbox 1226 2108 1324 2179; x_wconf 83' lang='grc' dir='ltr'><strong>μὲν</strong></span> <span class='ocrx_word' id='word_1_150' title='bbox 1364 2108 1553 2173; x_wconf 82' lang='grc' dir='ltr'>ταῦτα,</span> <span class='ocrx_word' id='word_1_151' title='bbox 1587 2110 1765 2163; x_wconf 81' lang='grc' dir='ltr'>οὐκέτι</span> 
     </span>
    </p>
   </div>
   <div class='ocr_carea' id='block_1_23' title="bbox 204 2196 1767 2273">
    <p class='ocr_par' dir='ltr' id='par_1_23' title="bbox 204 2196 1767 2273">
     <span class='ocr_line' id='line_1_23' title="bbox 204 2196 1767 2273; baseline 0.004 -24"><span class='ocrx_word' id='word_1_152' title='bbox 204 2196 251 2250; x_wconf 83' lang='grc' dir='ltr'>δ’</span> <span class='ocrx_word' id='word_1_153' title='bbox 281 2197 698 2252; x_wconf 79' lang='grc' dir='ltr'>ὑπακουσάντων</span> <span class='ocrx_word' id='word_1_154' title='bbox 741 2198 916 2267; x_wconf 83' lang='grc' dir='ltr'>λόγοις</span> <span class='ocrx_word' id='word_1_155' title='bbox 963 2199 1196 2253; x_wconf 74' lang='grc' dir='ltr'>οὐδένεσι</span> <span class='ocrx_word' id='word_1_156' title='bbox 1230 2200 1337 2271; x_wconf 84' lang='lat'>(16)</span> <span class='ocrx_word' id='word_1_157' title='bbox 1383 2200 1489 2255; x_wconf 83' lang='grc' dir='ltr'><strong>τῶν</strong></span> <span class='ocrx_word' id='word_1_158' title='bbox 1530 2202 1767 2273; x_wconf 78' lang='grc' dir='ltr'>ἑτεροδό-</span> 
     </span>
    </p>
   </div>
   <div class='ocr_carea' id='block_1_24' title="bbox 208 2285 1765 2363">
    <p class='ocr_par' dir='ltr' id='par_1_24' title="bbox 208 2285 1765 2363">
     <span class='ocr_line' id='line_1_24' title="bbox 208 2285 1765 2363; baseline 0.005 -24"><span class='ocrx_word' id='word_1_159' title='bbox 208 2286 329 2353; x_wconf 83' lang='grc' dir='ltr'>ξων.</span> <span class='ocrx_word' id='word_1_160' title='bbox 350 2287 474 2340; x_wconf 74' lang='grc' dir='ltr'><strong>οὕτ⁹</strong></span> <span class='ocrx_word' id='word_1_161' title='bbox 492 2286 583 2342; x_wconf 78' lang='grc' dir='ltr'><strong>οὖν</strong></span> <span class='ocrx_word' id='word_1_162' title='bbox 614 2285 695 2352; x_wconf 73' lang='grc' dir='ltr'>εἷς</span> <span class='ocrx_word' id='word_1_163' title='bbox 726 2307 809 2353; x_wconf 86' lang='grc' dir='ltr'><strong>τις</strong></span> <span class='ocrx_word' id='word_1_164' title='bbox 840 2290 944 2342; x_wconf 83' lang='grc' dir='ltr'>τῶν</span> <span class='ocrx_word' id='word_1_165' title='bbox 977 2290 1217 2344; x_wconf 83' lang='grc' dir='ltr'>παλαιῶν</span> <span class='ocrx_word' id='word_1_166' title='bbox 1252 2292 1619 2363; x_wconf 69' lang='grc' dir='ltr'>προύτρέψατό</span> <span class='ocrx_word' id='word_1_167' title='bbox 1645 2311 1765 2348; x_wconf 89' lang='grc' dir='ltr'>τινα</span> 
     </span>
    </p>
   </div>
   <div class='ocr_carea' id='block_1_25' title="bbox 204 2379 1766 2453">
    <p class='ocr_par' dir='ltr' id='par_1_25' title="bbox 204 2379 1766 2453">
     <span class='ocr_line' id='line_1_25' title="bbox 204 2379 1766 2453; baseline 0.004 -20"><span class='ocrx_word' id='word_1_168' title='bbox 204 2379 311 2433; x_wconf 84' lang='grc' dir='ltr'>τῶν</span> <span class='ocrx_word' id='word_1_169' title='bbox 339 2380 613 2452; x_wconf 83' lang='grc' dir='ltr'>νεωτέρων</span> <span class='ocrx_word' id='word_1_170' title='bbox 644 2381 676 2451; x_wconf 86' lang='grc' dir='ltr'>ἢ</span> <span class='ocrx_word' id='word_1_171' title='bbox 705 2381 811 2433; x_wconf 82' lang='grc' dir='ltr'><strong>τῶν</strong></span> <span class='ocrx_word' id='word_1_172' title='bbox 844 2380 935 2434; x_wconf 81' lang='grc' dir='ltr'>τοῦ</span> <span class='ocrx_word' id='word_1_173' title='bbox 960 2382 1262 2452; x_wconf 75' lang='grc' dir='ltr'>Περιπάτου</span> <span class='ocrx_word' id='word_1_174' title='bbox 1297 2383 1431 2453; x_wconf 84' lang='grc' dir='ltr'>πρὸς</span> <span class='ocrx_word' id='word_1_175' title='bbox 1461 2384 1620 2438; x_wconf 79' lang='grc' dir='ltr'>αὐτὸν</span> <span class='ocrx_word' id='word_1_176' title='bbox 1648 2388 1766 2439; x_wconf 80' lang='grc' dir='ltr'>ἐπι-</span> 
     </span>
    </p>
   </div>
   <div class='ocr_carea' id='block_1_26' title="bbox 208 2472 1764 2545">
    <p class='ocr_par' dir='ltr' id='par_1_26' title="bbox 208 2472 1764 2545">
     <span class='ocr_line' id='line_1_26' title="bbox 208 2472 1764 2545; baseline 0.004 -20"><span class='ocrx_word' id='word_1_177' title='bbox 208 2472 475 2544; x_wconf 75' lang='grc' dir='ltr'>στρέφειν,</span> <span class='ocrx_word' id='word_1_178' title='bbox 515 2473 608 2526; x_wconf 77' lang='grc' dir='ltr'><strong>καὶ</strong></span> <span class='ocrx_word' id='word_1_179' title='bbox 632 2473 727 2544; x_wconf 80' lang='grc' dir='ltr'><strong>τὴν</strong></span> <span class='ocrx_word' id='word_1_180' title='bbox 762 2473 922 2527; x_wconf 78' lang='grc' dir='ltr'>αὐτοῦ</span> <span class='ocrx_word' id='word_1_181' title='bbox 957 2474 1263 2543; x_wconf 82' lang='grc' dir='ltr'>φιλοσοφίαν</span> <span class='ocrx_word' id='word_1_182' title='bbox 1292 2474 1615 2545; x_wconf 83' lang='grc' dir='ltr'>φιλοσοφεῖν,</span> <span class='ocrx_word' id='word_1_183' title='bbox 1641 2477 1764 2532; x_wconf 69' lang='grc' dir='ltr'>οὔτε</span> 
     </span>
    </p>
   </div>
   <div class='ocr_carea' id='block_1_27' title="bbox 202 2564 1764 2641">
    <p class='ocr_par' dir='ltr' id='par_1_27' title="bbox 202 2564 1764 2641">
     <span class='ocr_line' id='line_1_27' title="bbox 202 2564 1764 2641; baseline 0.003 -23"><span class='ocrx_word' id='word_1_184' title='bbox 202 2564 487 2629; x_wconf 76' lang='grc' dir='ltr'>ἀνάπαλιν,</span> <span class='ocrx_word' id='word_1_185' title='bbox 523 2565 615 2617; x_wconf 76' lang='grc' dir='ltr'>καὶ</span> <span class='ocrx_word' id='word_1_186' title='bbox 647 2564 779 2627; x_wconf 80' lang='grc' dir='ltr'>ὅλως</span> <span class='ocrx_word' id='word_1_187' title='bbox 806 2565 977 2628; x_wconf 78' lang='grc' dir='ltr'>οὐδεὶς</span> <span class='ocrx_word' id='word_1_188' title='bbox 1000 2565 1203 2623; x_wconf 77' lang='grc' dir='ltr'>οὐδένα.</span> <span class='ocrx_word' id='word_1_189' title='bbox 1229 2567 1300 2621; x_wconf 81' lang='grc' dir='ltr'><strong>Οὐ</strong></span> <span class='ocrx_word' id='word_1_190' title='bbox 1336 2568 1443 2640; x_wconf 82' lang='grc' dir='ltr'>γὰρ</span> <span class='ocrx_word' id='word_1_191' title='bbox 1471 2568 1535 2622; x_wconf 83' lang='grc' dir='ltr'><strong>ἂν</strong></span> <span class='ocrx_word' id='word_1_192' title='bbox 1570 2570 1764 2641; x_wconf 78' lang='grc' dir='ltr'>ῥᾳδίως</span> 
     </span>
    </p>
   </div>
   <div class='ocr_carea' id='block_1_28' title="bbox 208 2654 1766 2732">
    <p class='ocr_par' dir='ltr' id='par_1_28' title="bbox 208 2654 1766 2732">
     <span class='ocr_line' id='line_1_28' title="bbox 208 2654 1766 2732; baseline 0.004 -24"><span class='ocrx_word' id='word_1_193' title='bbox 208 2656 590 2727; x_wconf 80' lang='grc' dir='ltr'>μεταπεισθείη</span> <span class='ocrx_word' id='word_1_194' title='bbox 644 2674 724 2719; x_wconf 88' lang='grc' dir='ltr'><strong>τις</strong></span> <span class='ocrx_word' id='word_1_195' title='bbox 774 2654 1120 2727; x_wconf 76' lang='grc' dir='ltr'>προσθέσθαι,</span> <span class='ocrx_word' id='word_1_196' title='bbox 1155 2657 1260 2711; x_wconf 86' lang='grc' dir='ltr'>τῶν</span> <span class='ocrx_word' id='word_1_197' title='bbox 1291 2660 1455 2713; x_wconf 77' lang='grc' dir='ltr'>αὑτοῦ</span> <span class='ocrx_word' id='word_1_198' title='bbox 1489 2662 1766 2732; x_wconf 87' lang='grc' dir='ltr'>μετατιθέ-</span> 
     </span>
    </p>
   </div>
   <div class='ocr_carea' id='block_1_29' title="bbox 206 2747 1761 2827">
    <p class='ocr_par' dir='ltr' id='par_1_29' title="bbox 206 2747 1761 2827">
     <span class='ocr_line' id='line_1_29' title="bbox 206 2747 1761 2827; baseline 0.006 -29"><span class='ocrx_word' id='word_1_199' title='bbox 206 2763 383 2817; x_wconf 89' lang='grc' dir='ltr'>μενος,</span> <span class='ocrx_word' id='word_1_200' title='bbox 418 2747 650 2818; x_wconf 77' lang='grc' dir='ltr'>ὲτέροιςο</span> <span class='ocrx_word' id='word_1_201' title='bbox 701 2748 794 2801; x_wconf 79' lang='grc' dir='ltr'><strong>καὶ</strong></span> <span class='ocrx_word' id='word_1_202' title='bbox 834 2749 1003 2802; x_wconf 83' lang='grc' dir='ltr'>ταῦτα</span> <span class='ocrx_word' id='word_1_203' title='bbox 1048 2748 1255 2813; x_wconf 83' lang='grc' dir='ltr'>τούτοις</span> <span class='ocrx_word' id='word_1_204' title='bbox 1298 2752 1446 2816; x_wconf 80' lang='grc' dir='ltr'>ἴσως,</span> <span class='ocrx_word' id='word_1_205' title='bbox 1481 2750 1561 2818; x_wconf 75' lang='grc' dir='ltr'>οἷς</span> <span class='ocrx_word' id='word_1_206' title='bbox 1606 2754 1761 2827; x_wconf 69' lang='grc' dir='ltr'>εἰπερ</span> 
     </span>
    </p>
   </div>
   <div class='ocr_carea' id='block_1_30' title="bbox 202 2838 1759 2917">
    <p class='ocr_par' dir='ltr' id='par_1_30' title="bbox 202 2838 1759 2917">
     <span class='ocr_line' id='line_1_30' title="bbox 202 2838 1759 2917; baseline 0.007 -28"><span class='ocrx_word' id='word_1_207' title='bbox 202 2838 432 2909; x_wconf 76' lang='grc' dir='ltr'>ἐπείσθη</span> <span class='ocrx_word' id='word_1_208' title='bbox 476 2839 601 2909; x_wconf 71' lang='grc' dir='ltr'>πρὶν</span> <span class='ocrx_word' id='word_1_209' title='bbox 639 2839 983 2912; x_wconf 85' lang='grc' dir='ltr'>φιλοσοφήσει</span> <span class='ocrx_word' id='word_1_210' title='bbox 1022 2841 1331 2912; x_wconf 87' lang='grc' dir='ltr'>προσελθεῖν</span> <span class='ocrx_word' id='word_1_211' title='bbox 1362 2844 1494 2916; x_wconf 90' lang='lat'>(17),</span> <span class='ocrx_word' id='word_1_212' title='bbox 1522 2845 1581 2898; x_wconf 76' lang='grc' dir='ltr'><strong>τὸ</strong></span> <span class='ocrx_word' id='word_1_213' title='bbox 1609 2847 1759 2917; x_wconf 86' lang='grc' dir='ltr'>πρῶ-</span> 
     </span>
    </p>
   </div>
   <div class='ocr_carea' id='block_1_31' title="bbox 199 2930 1758 3014">
    <p class='ocr_par' dir='ltr' id='par_1_31' title="bbox 199 2930 1758 3014">
     <span class='ocr_line' id='line_1_31' title="bbox 199 2930 1758 3014; baseline 0.008 -31"><span class='ocrx_word' id='word_1_214' title='bbox 199 2946 295 2983; x_wconf 83' lang='grc' dir='ltr'><strong>τον</strong></span> <span class='ocrx_word' id='word_1_215' title='bbox 333 2930 400 2985; x_wconf 85' lang='grc' dir='ltr'>ἂν</span> <span class='ocrx_word' id='word_1_216' title='bbox 438 2932 529 2984; x_wconf 72' lang='grc' dir='ltr'>καὶ</span> <span class='ocrx_word' id='word_1_217' title='bbox 557 2934 759 3002; x_wconf 79' lang='grc' dir='ltr'>ἠγάπα,</span> <span class='ocrx_word' id='word_1_218' title='bbox 794 2934 885 2987; x_wconf 74' lang='grc' dir='ltr'>καὶ</span> <span class='ocrx_word' id='word_1_219' title='bbox 930 2934 1151 3006; x_wconf 81' lang='grc' dir='ltr'>ἐπείσθη</span> <span class='ocrx_word' id='word_1_220' title='bbox 1190 2936 1385 3007; x_wconf 76' lang='grc' dir='ltr'>ῥᾳδίως</span> <span class='ocrx_word' id='word_1_221' title='bbox 1407 2953 1421 2969; x_wconf 77' lang='grc'><strong>⁸</strong></span> <span class='ocrx_word' id='word_1_222' title='bbox 1467 2934 1554 2993; x_wconf 73' lang='grc' dir='ltr'><strong>οἷα</strong></span> <span class='ocrx_word' id='word_1_223' title='bbox 1589 2940 1650 3012; x_wconf 83' lang='grc' dir='ltr'>δὴ</span> <span class='ocrx_word' id='word_1_224' title='bbox 1686 2942 1758 3014; x_wconf 82' lang='grc' dir='ltr'>μὴ</span> 
     </span>
    </p>
   </div>
   <div class='ocr_carea' id='block_1_32' title="bbox 204 3025 1827 3124">
    <p class='ocr_par' dir='ltr' id='par_1_32' title="bbox 204 3025 1827 3124">
     <span class='ocr_line' id='line_1_32' title="bbox 204 3025 1827 3124; baseline 0.01 -49"><span class='ocrx_word' id='word_1_225' title='bbox 204 3025 748 3124; x_wconf 30' lang='grc' dir='ltr'>προκατεῼιλημμένης</span> <span class='ocrx_word' id='word_1_226' title='bbox 762 3030 857 3100; x_wconf 89' lang='grc' dir='ltr'><strong>τῆς</strong></span> <span class='ocrx_word' id='word_1_227' title='bbox 873 3028 1048 3099; x_wconf 76' lang='grc' dir='ltr'>ψυχῆς</span> <span class='ocrx_word' id='word_1_228' title='bbox 1072 3030 1291 3101; x_wconf 80' lang='grc' dir='ltr'>μηδέπω</span> <span class='ocrx_word' id='word_1_229' title='bbox 1320 3031 1495 3103; x_wconf 89' lang='grc' dir='ltr'>λόγοις</span> <span class='ocrx_word' id='word_1_230' title='bbox 1524 3052 1758 3107; x_wconf 89' lang='grc' dir='ltr'>προσαν-</span> <span class='ocrx_word' id='word_1_231' title='bbox 1787 3068 1827 3124; x_wconf 77' lang='lat' dir='ltr'>C</span> 
     </span>
    </p>
   </div>
   <div class='ocr_carea' id='block_1_33' title="bbox 210 3117 1761 3197">
    <p class='ocr_par' dir='ltr' id='par_1_33' title="bbox 210 3117 1761 3197">
     <span class='ocr_line' id='line_1_33' title="bbox 210 3117 1761 3197; baseline 0.012 -31"><span class='ocrx_word' id='word_1_232' title='bbox 210 3117 385 3185; x_wconf 86' lang='grc' dir='ltr'>είχετο</span> <span class='ocrx_word' id='word_1_233' title='bbox 430 3117 515 3182; x_wconf 78' lang='grc' dir='ltr'>ἂν,</span> <span class='ocrx_word' id='word_1_234' title='bbox 560 3123 653 3174; x_wconf 77' lang='grc' dir='ltr'><strong>καὶ</strong></span> <span class='ocrx_word' id='word_1_235' title='bbox 680 3122 866 3191; x_wconf 69' lang='grc' dir='ltr'>ἠγάπα</span> <span class='ocrx_word' id='word_1_236' title='bbox 889 3124 1084 3192; x_wconf 85' lang='grc' dir='ltr'>ὁμοίως</span> <span class='ocrx_word' id='word_1_237' title='bbox 1115 3126 1514 3197; x_wconf 78' lang='grc' dir='ltr'>ἐναντιούμενος</span> <span class='ocrx_word' id='word_1_238' title='bbox 1543 3129 1607 3182; x_wconf 89' lang='grc' dir='ltr'>δι’</span> <span class='ocrx_word' id='word_1_239' title='bbox 1629 3132 1761 3184; x_wconf 81' lang='grc' dir='ltr'>ἐκεῖ·</span> 
     </span>
    </p>
   </div>
   <div class='ocr_carea' id='block_1_34' title="bbox 203 3208 1760 3287">
    <p class='ocr_par' dir='ltr' id='par_1_34' title="bbox 203 3208 1760 3287">
     <span class='ocr_line' id='line_1_34' title="bbox 203 3208 1760 3287; baseline 0.01 -28"><span class='ocrx_word' id='word_1_240' title='bbox 203 3224 267 3259; x_wconf 89' lang='grc' dir='ltr'><strong>να</strong></span> <span class='ocrx_word' id='word_1_241' title='bbox 296 3208 522 3273; x_wconf 81' lang='grc' dir='ltr'>τούτοις,</span> <span class='ocrx_word' id='word_1_242' title='bbox 554 3211 589 3264; x_wconf 79' lang='grc' dir='ltr'>ἂ</span> <span class='ocrx_word' id='word_1_243' title='bbox 621 3211 714 3265; x_wconf 83' lang='grc' dir='ltr'>νῦν</span> <span class='ocrx_word' id='word_1_244' title='bbox 742 3212 871 3282; x_wconf 75' lang='grc' dir='ltr'>ἔχει.</span> <span class='ocrx_word' id='word_1_245' title='bbox 908 3215 1139 3269; x_wconf 78' lang='grc' dir='ltr'>Τοιαῦτα</span> <span class='ocrx_word' id='word_1_246' title='bbox 1170 3218 1323 3287; x_wconf 85' lang='grc' dir='ltr'>ἡμῶν</span> <span class='ocrx_word' id='word_1_247' title='bbox 1371 3220 1418 3271; x_wconf 84' lang='grc' dir='ltr'>οἱ</span> <span class='ocrx_word' id='word_1_248' title='bbox 1470 3218 1622 3274; x_wconf 77' lang='grc' dir='ltr'>καλοὶ</span> <span class='ocrx_word' id='word_1_249' title='bbox 1666 3222 1760 3275; x_wconf 76' lang='grc' dir='ltr'><strong>καὶ</strong></span> 
     </span>
    </p>
   </div>
   <div class='ocr_carea' id='block_1_35' title="bbox 203 3297 1762 3377">
    <p class='ocr_par' dir='ltr' id='par_1_35' title="bbox 203 3297 1762 3377">
     <span class='ocr_line' id='line_1_35' title="bbox 203 3297 1762 3377; baseline 0.007 -27"><span class='ocrx_word' id='word_1_250' title='bbox 203 3297 510 3366; x_wconf 82' lang='grc' dir='ltr'>λογιώτατοι</span> <span class='ocrx_word' id='word_1_251' title='bbox 558 3301 651 3354; x_wconf 77' lang='grc' dir='ltr'><strong>καὶ</strong></span> <span class='ocrx_word' id='word_1_252' title='bbox 692 3301 1165 3366; x_wconf 80' lang='grc' dir='ltr'>ὲξεταστικώτατοι</span> <span class='ocrx_word' id='word_1_253' title='bbox 1195 3305 1450 3377; x_wconf 86' lang='grc' dir='ltr'>Ἕλληνες</span> <span class='ocrx_word' id='word_1_254' title='bbox 1480 3308 1762 3377; x_wconf 81' lang='grc' dir='ltr'>πεφιλοσο-</span> 
     </span>
    </p>
   </div>
   <div class='ocr_carea' id='block_1_36' title="bbox 205 3386 1759 3469">
    <p class='ocr_par' dir='ltr' id='par_1_36' title="bbox 205 3386 1759 3469">
     <span class='ocr_line' id='line_1_36' title="bbox 205 3386 1759 3469; baseline 0.008 -28"><span class='ocrx_word' id='word_1_255' title='bbox 205 3390 469 3459; x_wconf 78' lang='grc' dir='ltr'>φήκασιν’</span> <span class='ocrx_word' id='word_1_256' title='bbox 504 3386 583 3454; x_wconf 70' lang='grc' dir='ltr'>οἷς</span> <span class='ocrx_word' id='word_1_257' title='bbox 620 3394 949 3465; x_wconf 86' lang='grc' dir='ltr'>προσέτυχεν</span> <span class='ocrx_word' id='word_1_258' title='bbox 986 3396 1211 3460; x_wconf 74' lang='grc' dir='ltr'>ἕκαστος</span> <span class='ocrx_word' id='word_1_259' title='bbox 1241 3397 1299 3462; x_wconf 77' lang='grc' dir='ltr'>ἐξ</span> <span class='ocrx_word' id='word_1_260' title='bbox 1329 3399 1520 3469; x_wconf 84' lang='grc' dir='ltr'>ἀρχῆς,</span> <span class='ocrx_word' id='word_1_261' title='bbox 1552 3400 1759 3465; x_wconf 74' lang='grc' dir='ltr'>ἐλαθεὶς</span> 
     </span>
    </p>
   </div>
   <div class='ocr_carea' id='block_1_37' title="bbox 206 3480 1757 3563">
    <p class='ocr_par' dir='ltr' id='par_1_37' title="bbox 206 3480 1757 3563">
     <span class='ocr_line' id='line_1_37' title="bbox 206 3480 1757 3563; baseline 0.01 -32"><span class='ocrx_word' id='word_1_262' title='bbox 206 3480 306 3533; x_wconf 81' lang='grc' dir='ltr'><strong>ὑπό</strong></span> <span class='ocrx_word' id='word_1_263' title='bbox 336 3499 479 3546; x_wconf 88' lang='grc' dir='ltr'>τινος</span> <span class='ocrx_word' id='word_1_264' title='bbox 510 3484 702 3556; x_wconf 80' lang='grc' dir='ltr'>ὁρμῆς,</span> <span class='ocrx_word' id='word_1_265' title='bbox 732 3485 901 3539; x_wconf 79' lang='grc' dir='ltr'>ταῦτα</span> <span class='ocrx_word' id='word_1_266' title='bbox 933 3488 1066 3558; x_wconf 86' lang='grc' dir='ltr'>μόνα</span> <span class='ocrx_word' id='word_1_267' title='bbox 1105 3488 1276 3556; x_wconf 82' lang='grc' dir='ltr'>λέγων</span> <span class='ocrx_word' id='word_1_268' title='bbox 1304 3486 1439 3543; x_wconf 81' lang='grc' dir='ltr'>εἶναι</span> <span class='ocrx_word' id='word_1_269' title='bbox 1466 3491 1657 3563; x_wconf 84' lang='grc' dir='ltr'>ἀληθῆ,</span> <span class='ocrx_word' id='word_1_270' title='bbox 1689 3493 1757 3547; x_wconf 80' lang='grc' dir='ltr'><strong>τά</strong></span> 
     </span>
    </p>
   </div>
   <div class='ocr_carea' id='block_1_38' title="bbox 203 3571 1757 3654">
    <p class='ocr_par' dir='ltr' id='par_1_38' title="bbox 203 3571 1757 3654">
     <span class='ocr_line' id='line_1_38' title="bbox 203 3571 1757 3654; baseline 0.007 -28"><span class='ocrx_word' id='word_1_271' title='bbox 203 3571 264 3626; x_wconf 73' lang='grc' dir='ltr'><strong>δὲ</strong></span> <span class='ocrx_word' id='word_1_272' title='bbox 280 3572 440 3628; x_wconf 72' lang='grc' dir='ltr'>λοιπά</span> <span class='ocrx_word' id='word_1_273' title='bbox 466 3575 639 3629; x_wconf 84' lang='grc' dir='ltr'>πάντα</span> <span class='ocrx_word' id='word_1_274' title='bbox 657 3576 763 3629; x_wconf 84' lang='grc' dir='ltr'><strong>τῶν</strong></span> <span class='ocrx_word' id='word_1_275' title='bbox 791 3578 961 3633; x_wconf 77' lang='grc' dir='ltr'>ἄλλων</span> <span class='ocrx_word' id='word_1_276' title='bbox 986 3578 1284 3648; x_wconf 86' lang='grc' dir='ltr'>φιλοσόφων</span> <span class='ocrx_word' id='word_1_277' title='bbox 1309 3582 1521 3654; x_wconf 83' lang='grc' dir='ltr'>ἀπάτην</span> <span class='ocrx_word' id='word_1_278' title='bbox 1552 3583 1644 3637; x_wconf 78' lang='grc' dir='ltr'>καὶ</span> <span class='ocrx_word' id='word_1_279' title='bbox 1669 3584 1757 3653; x_wconf 85' lang='grc' dir='ltr'>λῆ-</span> 
     </span>
    </p>
   </div>
   <div class='ocr_carea' id='block_1_39' title="bbox 206 3665 1757 3745">
    <p class='ocr_par' dir='ltr' id='par_1_39' title="bbox 206 3665 1757 3745">
     <span class='ocr_line' id='line_1_39' title="bbox 206 3665 1757 3745; baseline 0.008 -29"><span class='ocrx_word' id='word_1_280' title='bbox 206 3681 295 3734; x_wconf 89' lang='grc' dir='ltr'><strong>ρον</strong></span> <span class='ocrx_word' id='word_1_281' title='bbox 317 3682 331 3695; x_wconf 78' lang='grc'><strong>’</strong></span> <span class='ocrx_word' id='word_1_282' title='bbox 369 3665 508 3736; x_wconf 86' lang='grc' dir='ltr'>λόγῳ</span> <span class='ocrx_word' id='word_1_283' title='bbox 541 3667 639 3738; x_wconf 71' lang='grc' dir='ltr'><strong>μὲν</strong></span> <span class='ocrx_word' id='word_1_284' title='bbox 671 3669 820 3722; x_wconf 79' lang='grc' dir='ltr'>οὐδὲν</span> <span class='ocrx_word' id='word_1_285' title='bbox 856 3670 1049 3740; x_wconf 72' lang='grc' dir='ltr'>μᾶλλον</span> <span class='ocrx_word' id='word_1_286' title='bbox 1077 3671 1238 3735; x_wconf 80' lang='grc' dir='ltr'>αὐτὸς</span> <span class='ocrx_word' id='word_1_287' title='bbox 1267 3671 1335 3724; x_wconf 84' lang='grc' dir='ltr'>τὰ</span> <span class='ocrx_word' id='word_1_288' title='bbox 1364 3672 1528 3726; x_wconf 83' lang='grc' dir='ltr'>αὑτοῦ</span> <span class='ocrx_word' id='word_1_289' title='bbox 1559 3674 1757 3745; x_wconf 77' lang='grc' dir='ltr'>κρατύ-</span> 
     </span>
    </p>
   </div>
   <div class='ocr_carea' id='block_1_40' title="bbox 204 3755 1752 3833">
    <p class='ocr_par' dir='ltr' id='par_1_40' title="bbox 204 3755 1752 3833">
     <span class='ocr_line' id='line_1_40' title="bbox 204 3755 1752 3833; baseline 0.008 -26"><span class='ocrx_word' id='word_1_290' title='bbox 204 3755 392 3825; x_wconf 84' lang='grc' dir='ltr'>νων,ἢ</span> <span class='ocrx_word' id='word_1_291' title='bbox 440 3756 545 3809; x_wconf 83' lang='grc' dir='ltr'><strong>τῶν</strong></span> <span class='ocrx_word' id='word_1_292' title='bbox 589 3758 761 3812; x_wconf 77' lang='grc' dir='ltr'>ἄλλων</span> <span class='ocrx_word' id='word_1_293' title='bbox 798 3760 1012 3813; x_wconf 74' lang='grc' dir='ltr'>ἔκαστοι</span> <span class='ocrx_word' id='word_1_294' title='bbox 1043 3762 1390 3833; x_wconf 75' lang='grc' dir='ltr'>προΐστανται</span> <span class='ocrx_word' id='word_1_295' title='bbox 1432 3762 1538 3817; x_wconf 88' lang='grc' dir='ltr'><strong>τῶν</strong></span> <span class='ocrx_word' id='word_1_296' title='bbox 1590 3764 1752 3830; x_wconf 86' lang='grc' dir='ltr'>ίδίων,</span> 
     </span>
    </p>
   </div>
   <div class='ocr_carea' id='block_1_41' title="bbox 202 3847 1755 3927">
    <p class='ocr_par' dir='ltr' id='par_1_41' title="bbox 202 3847 1755 3927">
     <span class='ocr_line' id='line_1_41' title="bbox 202 3847 1755 3927; baseline 0.008 -26"><span class='ocrx_word' id='word_1_297' title='bbox 202 3847 295 3901; x_wconf 74' lang='grc' dir='ltr'>τοῦ</span> <span class='ocrx_word' id='word_1_298' title='bbox 351 3849 425 3921; x_wconf 81' lang='grc' dir='ltr'>μὴ</span> <span class='ocrx_word' id='word_1_299' title='bbox 469 3850 661 3921; x_wconf 81' lang='grc' dir='ltr'>χρῆναι</span> <span class='ocrx_word' id='word_1_300' title='bbox 718 3852 1091 3922; x_wconf 84' lang='grc' dir='ltr'>μετατίθεσθαι</span> <span class='ocrx_word' id='word_1_301' title='bbox 1136 3856 1228 3909; x_wconf 75' lang='grc' dir='ltr'>καὶ</span> <span class='ocrx_word' id='word_1_302' title='bbox 1278 3856 1755 3927; x_wconf 74' lang='grc' dir='ltr'>μεταϐουλεύεσθαι</span> 
     </span>
    </p>
   </div>
   <div class='ocr_carea' id='block_1_42' title="bbox 200 3942 1756 4021">
    <p class='ocr_par' dir='ltr' id='par_1_42' title="bbox 200 3942 1756 4021">
     <span class='ocr_line' id='line_1_42' title="bbox 200 3942 1756 4021; baseline 0.006 -26"><span class='ocrx_word' id='word_1_303' title='bbox 200 3942 413 4014; x_wconf 77' lang='grc' dir='ltr'>ἀνάγκη</span> <span class='ocrx_word' id='word_1_304' title='bbox 443 3944 475 4014; x_wconf 78' lang='grc' dir='ltr'><strong>ἢ</strong></span> <span class='ocrx_word' id='word_1_305' title='bbox 508 3944 711 3997; x_wconf 78' lang='grc' dir='ltr'>πειθοῖ·</span> <span class='ocrx_word' id='word_1_306' title='bbox 753 3946 852 3999; x_wconf 81' lang='grc' dir='ltr'><strong>οὐκ</strong></span> <span class='ocrx_word' id='word_1_307' title='bbox 884 3947 1044 4018; x_wconf 82' lang='grc' dir='ltr'>ἄλλην</span> <span class='ocrx_word' id='word_1_308' title='bbox 1085 3948 1207 4001; x_wconf 80' lang='grc' dir='ltr'>τινὰ</span> <span class='ocrx_word' id='word_1_309' title='bbox 1259 3948 1346 4019; x_wconf 87' lang='grc' dir='ltr'>(εί</span> <span class='ocrx_word' id='word_1_310' title='bbox 1377 3950 1456 4002; x_wconf 89' lang='grc' dir='ltr'><strong>δεῖ</strong></span> <span class='ocrx_word' id='word_1_311' title='bbox 1485 3948 1531 4003; x_wconf 73' lang='grc' dir='ltr'>τ’</span> <span class='ocrx_word' id='word_1_312' title='bbox 1561 3950 1756 4021; x_wconf 84' lang='grc' dir='ltr'>ἀληθὲς</span> 
     </span>
    </p>
   </div>
   <div class='ocr_carea' id='block_1_43' title="bbox 201 4035 1754 4111">
    <p class='ocr_par' dir='ltr' id='par_1_43' title="bbox 201 4035 1754 4111">
     <span class='ocr_line' id='line_1_43' title="bbox 201 4035 1754 4111; baseline 0.006 -24"><span class='ocrx_word' id='word_1_313' title='bbox 201 4036 395 4106; x_wconf 74' lang='grc' dir='ltr'>εἰπεῖν)</span> <span class='ocrx_word' id='word_1_314' title='bbox 423 4035 559 4106; x_wconf 77' lang='grc' dir='ltr'>ἔχων</span> <span class='ocrx_word' id='word_1_315' title='bbox 584 4036 616 4107; x_wconf 82' lang='grc' dir='ltr'>ἢ</span> <span class='ocrx_word' id='word_1_316' title='bbox 651 4038 746 4109; x_wconf 80' lang='grc' dir='ltr'>τὴν</span> <span class='ocrx_word' id='word_1_317' title='bbox 775 4039 910 4111; x_wconf 77' lang='grc' dir='ltr'>πρὸς</span> <span class='ocrx_word' id='word_1_318' title='bbox 936 4039 1032 4108; x_wconf 84' lang='grc' dir='ltr'><strong>τῆς</strong></span> <span class='ocrx_word' id='word_1_319' title='bbox 1060 4041 1368 4109; x_wconf 89' lang='grc' dir='ltr'>φιλοσοφίας</span> <span class='ocrx_word' id='word_1_320' title='bbox 1396 4041 1503 4111; x_wconf 92' lang='lat'>(18)</span> <span class='ocrx_word' id='word_1_321' title='bbox 1534 4042 1625 4095; x_wconf 70' lang='grc' dir='ltr'><strong>ἐπὶ</strong></span> <span class='ocrx_word' id='word_1_322' title='bbox 1657 4043 1754 4096; x_wconf 55' lang='grc' dir='ltr'>τά-</span> 
     </span>
    </p>
   </div>
   <div class='ocr_carea' id='block_1_44' title="bbox 198 4126 1753 4203">
    <p class='ocr_par' dir='ltr' id='par_1_44' title="bbox 198 4126 1753 4203">
     <span class='ocr_line' id='line_1_44' title="bbox 198 4126 1753 4203; baseline 0.005 -24"><span class='ocrx_word' id='word_1_323' title='bbox 198 4126 255 4180; x_wconf 83' lang='grc' dir='ltr'><strong>δε</strong></span> <span class='ocrx_word' id='word_1_324' title='bbox 303 4126 374 4180; x_wconf 82' lang='grc' dir='ltr'>τὰ</span> <span class='ocrx_word' id='word_1_325' title='bbox 414 4128 659 4199; x_wconf 84' lang='grc' dir='ltr'>δόγματα</span> <span class='ocrx_word' id='word_1_326' title='bbox 686 4130 874 4199; x_wconf 83' lang='grc' dir='ltr'>ἄλογον</span> <span class='ocrx_word' id='word_1_327' title='bbox 906 4132 1105 4202; x_wconf 74' lang='grc' dir='ltr'>ὁρμήνο</span> <span class='ocrx_word' id='word_1_328' title='bbox 1147 4133 1238 4185; x_wconf 79' lang='grc' dir='ltr'><strong>καὶ</strong></span> <span class='ocrx_word' id='word_1_329' title='bbox 1278 4133 1453 4203; x_wconf 86' lang='grc' dir='ltr'>κρίσιν</span> <span class='ocrx_word' id='word_1_330' title='bbox 1483 4126 1556 4188; x_wconf 84' lang='grc' dir='ltr'>ὧν</span> <span class='ocrx_word' id='word_1_331' title='bbox 1587 4133 1753 4187; x_wconf 78' lang='grc' dir='ltr'>οἴεται</span> 
     </span>
    </p>
   </div>
   <div class='ocr_carea' id='block_1_45' title="bbox 272 4280 1752 4359">
    <p class='ocr_par' dir='ltr' id='par_1_45' title="bbox 272 4280 1752 4359">
     <span class='ocr_line' id='line_1_45' title="bbox 272 4280 1752 4359; baseline 0.005 -22"><span class='ocrx_word' id='word_1_332' title='bbox 272 4283 386 4355; x_wconf 66' lang='lat' dir='ltr'><strong>(ll)</strong></span> <span class='ocrx_word' id='word_1_333' title='bbox 411 4280 487 4359; x_wconf 53' lang='lat' dir='ltr'><strong>:H_</strong></span> <span class='ocrx_word' id='word_1_334' title='bbox 512 4284 637 4355; x_wconf 66' lang='grc' dir='ltr'>γάρ.</span> <span class='ocrx_word' id='word_1_335' title='bbox 681 4283 963 4356; x_wconf 84' lang='lat' dir='ltr'><strong>Bengelius</strong></span> <span class='ocrx_word' id='word_1_336' title='bbox 1006 4285 1133 4357; x_wconf 84' lang='lat' dir='ltr'><strong>legit</strong></span> <span class='ocrx_word' id='word_1_337' title='bbox 1179 4280 1215 4356; x_wconf 78' lang='grc' dir='ltr'>ἦ</span> <span class='ocrx_word' id='word_1_338' title='bbox 1253 4301 1350 4355; x_wconf 88' lang='lat' dir='ltr'><strong>pro</strong></span> <span class='ocrx_word' id='word_1_339' title='bbox 1388 4284 1752 4359; x_wconf 64' lang='lat' dir='ltr'><strong>hpraeceden-</strong></span> 
     </span>
    </p>
   </div>
   <div class='ocr_carea' id='block_1_46' title="bbox 202 4356 682 4410">
    <p class='ocr_par' dir='ltr' id='par_1_46' title="bbox 202 4356 682 4410">
     <span class='ocr_line' id='line_1_46' title="bbox 202 4356 682 4410; baseline -0.002 0"><span class='ocrx_word' id='word_1_340' title='bbox 202 4356 336 4410; x_wconf 86' lang='lat' dir='ltr'><strong>tium</strong></span> <span class='ocrx_word' id='word_1_341' title='bbox 365 4356 682 4409; x_wconf 89' lang='lat' dir='ltr'><strong>editionum.</strong></span> 
     </span>
    </p>
   </div>
   <div class='ocr_carea' id='block_1_47' title="bbox 1875 464 3424 538">
    <p class='ocr_par' dir='ltr' id='par_1_47' title="bbox 1875 464 3424 538">
     <span class='ocr_line' id='line_1_47' title="bbox 1875 464 3424 538; baseline 0.001 -17"><span class='ocrx_word' id='word_1_342' title='bbox 1875 464 2036 538; x_wconf 84' lang='lat' dir='ltr'><strong>atque</strong></span> <span class='ocrx_word' id='word_1_343' title='bbox 2083 468 2362 523; x_wconf 74' lang='lat' dir='ltr'><strong>sententiis</strong></span> <span class='ocrx_word' id='word_1_344' title='bbox 2406 466 2589 532; x_wconf 84' lang='lat' dir='ltr'><strong>tradit,</strong></span> <span class='ocrx_word' id='word_1_345' title='bbox 2629 483 2750 536; x_wconf 69' lang='lat' dir='ltr'><strong>quae</strong></span> <span class='ocrx_word' id='word_1_346' title='bbox 2788 476 2843 521; x_wconf 90' lang='lat' dir='ltr'><strong>et</strong></span> <span class='ocrx_word' id='word_1_347' title='bbox 2883 477 3064 522; x_wconf 81' lang='lat' dir='ltr'><strong>errent</strong></span> <span class='ocrx_word' id='word_1_348' title='bbox 3104 468 3254 538; x_wconf 60' lang='lat' dir='ltr'><strong>ipsae,</strong></span> <span class='ocrx_word' id='word_1_349' title='bbox 3286 481 3341 524; x_wconf 90' lang='lat' dir='ltr'><strong>et</strong></span> <span class='ocrx_word' id='word_1_350' title='bbox 3368 470 3424 523; x_wconf 90' lang='lat' dir='ltr'><strong>in</strong></span> 
     </span>
    </p>
   </div>
   <div class='ocr_carea' id='block_1_48' title="bbox 1876 554 3425 627">
    <p class='ocr_par' dir='ltr' id='par_1_48' title="bbox 1876 554 3425 627">
     <span class='ocr_line' id='line_1_48' title="bbox 1876 554 3425 627; baseline 0.001 -17"><span class='ocrx_word' id='word_1_351' title='bbox 1876 572 2011 625; x_wconf 88' lang='lat' dir='ltr'><strong>quos</strong></span> <span class='ocrx_word' id='word_1_352' title='bbox 2041 556 2354 624; x_wconf 81' lang='lat' dir='ltr'><strong>invaserint,</strong></span> <span class='ocrx_word' id='word_1_353' title='bbox 2379 557 2683 627; x_wconf 81' lang='lat' dir='ltr'><strong>impellant:</strong></span> <span class='ocrx_word' id='word_1_354' title='bbox 2716 570 2890 625; x_wconf 91' lang='lat' dir='ltr'><strong>neque</strong></span> <span class='ocrx_word' id='word_1_355' title='bbox 2910 554 3012 610; x_wconf 89' lang='lat' dir='ltr'><strong>hoc</strong></span> <span class='ocrx_word' id='word_1_356' title='bbox 3043 563 3281 625; x_wconf 85' lang='lat' dir='ltr'><strong>tantum;</strong></span> <span class='ocrx_word' id='word_1_357' title='bbox 3329 556 3425 611; x_wconf 84' lang='lat' dir='ltr'><strong>sed</strong></span> 
     </span>
    </p>
   </div>
   <div class='ocr_carea' id='block_1_49' title="bbox 1873 646 3422 719">
    <p class='ocr_par' dir='ltr' id='par_1_49' title="bbox 1873 646 3422 719">
     <span class='ocr_line' id='line_1_49' title="bbox 1873 646 3422 719; baseline 0 -17"><span class='ocrx_word' id='word_1_358' title='bbox 1873 648 1919 702; x_wconf 88' lang='lat' dir='ltr'><strong>si</strong></span> <span class='ocrx_word' id='word_1_359' title='bbox 1958 648 2227 719; x_wconf 82' lang='lat' dir='ltr'><strong>corrigere</strong></span> <span class='ocrx_word' id='word_1_360' title='bbox 2268 649 2440 718; x_wconf 88' lang='lat' dir='ltr'><strong>ipsam</strong></span> <span class='ocrx_word' id='word_1_361' title='bbox 2468 649 2568 703; x_wconf 85' lang='lat' dir='ltr'><strong>alia</strong></span> <span class='ocrx_word' id='word_1_362' title='bbox 2601 648 2863 719; x_wconf 73' lang='lat' dir='ltr'><strong>quaepiam</strong></span> <span class='ocrx_word' id='word_1_363' title='bbox 2898 646 3072 701; x_wconf 89' lang='lat' dir='ltr'><strong>oratio</strong></span> <span class='ocrx_word' id='word_1_364' title='bbox 3098 647 3244 710; x_wconf 86' lang='lat' dir='ltr'><strong>velit,</strong></span> <span class='ocrx_word' id='word_1_365' title='bbox 3276 647 3422 702; x_wconf 84' lang='lat' dir='ltr'><strong>haud</strong></span> 
     </span>
    </p>
   </div>
   <div class='ocr_carea' id='block_1_50' title="bbox 1870 737 3428 809">
    <p class='ocr_par' dir='ltr' id='par_1_50' title="bbox 1870 737 3428 809">
     <span class='ocr_line' id='line_1_50' title="bbox 1870 737 3428 809; baseline -0.002 -17"><span class='ocrx_word' id='word_1_366' title='bbox 1870 753 1989 792; x_wconf 85' lang='lat' dir='ltr'><strong>eam</strong></span> <span class='ocrx_word' id='word_1_367' title='bbox 2018 738 2131 809; x_wconf 89' lang='lat' dir='ltr'><strong>jam</strong></span> <span class='ocrx_word' id='word_1_368' title='bbox 2169 738 2433 802; x_wconf 84' lang='lat' dir='ltr'><strong>admittat,</strong></span> <span class='ocrx_word' id='word_1_369' title='bbox 2478 754 2650 809; x_wconf 90' lang='lat' dir='ltr'><strong>neque</strong></span> <span class='ocrx_word' id='word_1_370' title='bbox 2678 739 2820 792; x_wconf 90' lang='lat' dir='ltr'><strong>aliud</strong></span> <span class='ocrx_word' id='word_1_371' title='bbox 2859 737 2960 793; x_wconf 90' lang='lat' dir='ltr'><strong>sibi</strong></span> <span class='ocrx_word' id='word_1_372' title='bbox 2998 738 3309 807; x_wconf 87' lang='lat' dir='ltr'><strong>persuaderi</strong></span> <span class='ocrx_word' id='word_1_373' title='bbox 3348 738 3428 793; x_wconf 58' lang='lat' dir='ltr'><strong>si-</strong></span> 
     </span>
    </p>
   </div>
   <div class='ocr_carea' id='block_1_51' title="bbox 1871 829 3425 900">
    <p class='ocr_par' dir='ltr' id='par_1_51' title="bbox 1871 829 3425 900">
     <span class='ocr_line' id='line_1_51' title="bbox 1871 829 3425 900; baseline 0.001 -17"><span class='ocrx_word' id='word_1_374' title='bbox 1871 839 1982 895; x_wconf 84' lang='lat' dir='ltr'><strong>nat,</strong></span> <span class='ocrx_word' id='word_1_375' title='bbox 2011 830 2262 900; x_wconf 81' lang='lat' dir='ltr'><strong>Opinione</strong></span> <span class='ocrx_word' id='word_1_376' title='bbox 2290 832 2387 886; x_wconf 88' lang='lat' dir='ltr'><strong>hac</strong></span> <span class='ocrx_word' id='word_1_377' title='bbox 2419 831 2693 886; x_wconf 87' lang='lat' dir='ltr'><strong>obsessam</strong></span> <span class='ocrx_word' id='word_1_378' title='bbox 2724 837 2957 895; x_wconf 89' lang='lat' dir='ltr'><strong>tenente,</strong></span> <span class='ocrx_word' id='word_1_379' title='bbox 2990 838 3043 883; x_wconf 88' lang='lat' dir='ltr'><strong>et</strong></span> <span class='ocrx_word' id='word_1_380' title='bbox 3077 829 3288 899; x_wconf 87' lang='lat' dir='ltr'><strong>tyranni</strong></span> <span class='ocrx_word' id='word_1_381' title='bbox 3328 831 3425 884; x_wconf 56' lang='lat' dir='ltr'><strong>ima</strong></span> 
     </span>
    </p>
   </div>
   <div class='ocr_carea' id='block_1_52' title="bbox 1870 922 2871 990">
    <p class='ocr_par' dir='ltr' id='par_1_52' title="bbox 1870 922 2871 990">
     <span class='ocr_line' id='line_1_52' title="bbox 1870 922 2871 990; baseline 0 -16"><span class='ocrx_word' id='word_1_382' title='bbox 1870 922 2147 990; x_wconf 85' lang='lat' dir='ltr'><strong>placabilis</strong></span> <span class='ocrx_word' id='word_1_383' title='bbox 2180 922 2348 975; x_wconf 85' lang='lat' dir='ltr'><strong>instar</strong></span> <span class='ocrx_word' id='word_1_384' title='bbox 2376 922 2427 975; x_wconf 91' lang='lat' dir='ltr'><strong>in</strong></span> <span class='ocrx_word' id='word_1_385' title='bbox 2455 937 2515 976; x_wconf 89' lang='lat' dir='ltr'><strong>ea</strong></span> <span class='ocrx_word' id='word_1_386' title='bbox 2540 922 2871 976; x_wconf 89' lang='lat' dir='ltr'><strong>dominante.</strong></span> 
     </span>
    </p>
   </div>
   <div class='ocr_carea' id='block_1_53' title="bbox 1942 1011 3422 1084">
    <p class='ocr_par' dir='ltr' id='par_1_53' title="bbox 1942 1011 3422 1084">
     <span class='ocr_line' id='line_1_53' title="bbox 1942 1011 3422 1084; baseline 0.003 -21"><span class='ocrx_word' id='word_1_387' title='bbox 1942 1011 2080 1066; x_wconf 76' lang='lat' dir='ltr'><strong>XIV.</strong></span> <span class='ocrx_word' id='word_1_388' title='bbox 2119 1011 2256 1078; x_wconf 88' lang='lat' dir='ltr'><strong>Quid</strong></span> <span class='ocrx_word' id='word_1_389' title='bbox 2286 1013 2427 1067; x_wconf 91' lang='lat' dir='ltr'><strong>enim</strong></span> <span class='ocrx_word' id='word_1_390' title='bbox 2449 1051 2464 1077; x_wconf 95' lang='lat'><strong>,</strong></span> <span class='ocrx_word' id='word_1_391' title='bbox 2511 1028 2579 1066; x_wconf 93' lang='lat' dir='ltr'><strong>an</strong></span> <span class='ocrx_word' id='word_1_392' title='bbox 2608 1013 2753 1067; x_wconf 86' lang='lat' dir='ltr'><strong>aliud</strong></span> <span class='ocrx_word' id='word_1_393' title='bbox 2783 1021 2898 1080; x_wconf 89' lang='lat' dir='ltr'><strong>est,</strong></span> <span class='ocrx_word' id='word_1_394' title='bbox 2932 1013 3075 1083; x_wconf 89' lang='lat' dir='ltr'><strong>quod</strong></span> <span class='ocrx_word' id='word_1_395' title='bbox 3122 1022 3422 1084; x_wconf 80' lang='lat' dir='ltr'><strong>pugnantes</strong></span> 
     </span>
    </p>
   </div>
   <div class='ocr_carea' id='block_1_54' title="bbox 1872 1102 3421 1175">
    <p class='ocr_par' dir='ltr' id='par_1_54' title="bbox 1872 1102 3421 1175">
     <span class='ocr_line' id='line_1_54' title="bbox 1872 1102 3421 1175; baseline 0.003 -21"><span class='ocrx_word' id='word_1_396' title='bbox 1872 1102 2012 1155; x_wconf 89' lang='lat' dir='ltr'><strong>inter</strong></span> <span class='ocrx_word' id='word_1_397' title='bbox 2046 1118 2108 1167; x_wconf 31' lang='lat' dir='ltr'><strong>se,</strong></span> <span class='ocrx_word' id='word_1_398' title='bbox 2127 1104 2490 1173; x_wconf 88' lang='lat' dir='ltr'><strong>adversasque</strong></span> <span class='ocrx_word' id='word_1_399' title='bbox 2515 1105 2809 1159; x_wconf 85' lang='lat' dir='ltr'><strong>sententias</strong></span> <span class='ocrx_word' id='word_1_400' title='bbox 2830 1145 2843 1168; x_wconf 92' lang='lat'><strong>,</strong></span> <span class='ocrx_word' id='word_1_401' title='bbox 2890 1116 2943 1159; x_wconf 91' lang='lat' dir='ltr'><strong>et</strong></span> <span class='ocrx_word' id='word_1_402' title='bbox 2972 1106 3421 1175; x_wconf 87' lang='lat' dir='ltr'><strong>philosophorum</strong></span> 
     </span>
    </p>
   </div>
   <div class='ocr_carea' id='block_1_55' title="bbox 1869 1192 3420 1265">
    <p class='ocr_par' dir='ltr' id='par_1_55' title="bbox 1869 1192 3420 1265">
     <span class='ocr_line' id='line_1_55' title="bbox 1869 1192 3420 1265; baseline 0.003 -20"><span class='ocrx_word' id='word_1_403' title='bbox 1869 1192 2239 1247; x_wconf 86' lang='lat' dir='ltr'><strong>contentiones</strong></span> <span class='ocrx_word' id='word_1_404' title='bbox 2272 1192 2505 1260; x_wconf 76' lang='lat' dir='ltr'><strong>invexit;</strong></span> <span class='ocrx_word' id='word_1_405' title='bbox 2557 1194 2684 1248; x_wconf 93' lang='lat' dir='ltr'><strong>dum</strong></span> <span class='ocrx_word' id='word_1_406' title='bbox 2720 1195 2808 1249; x_wconf 88' lang='lat' dir='ltr'><strong>alii</strong></span> <span class='ocrx_word' id='word_1_407' title='bbox 2835 1195 3062 1249; x_wconf 88' lang='lat' dir='ltr'><strong>aliorum</strong></span> <span class='ocrx_word' id='word_1_408' title='bbox 3100 1196 3312 1265; x_wconf 90' lang='lat' dir='ltr'><strong>placitis</strong></span> <span class='ocrx_word' id='word_1_409' title='bbox 3336 1212 3420 1250; x_wconf 83' lang='lat' dir='ltr'><strong>re-</strong></span> 
     </span>
    </p>
   </div>
   <div class='ocr_carea' id='block_1_56' title="bbox 1868 1282 3422 1357">
    <p class='ocr_par' dir='ltr' id='par_1_56' title="bbox 1868 1282 3422 1357">
     <span class='ocr_line' id='line_1_56' title="bbox 1868 1282 3422 1357; baseline 0.006 -24"><span class='ocrx_word' id='word_1_410' title='bbox 1868 1291 2129 1351; x_wconf 79' lang='lat' dir='ltr'><strong>pugnant,</strong></span> <span class='ocrx_word' id='word_1_411' title='bbox 2158 1282 2248 1336; x_wconf 85' lang='lat' dir='ltr'><strong>alii</strong></span> <span class='ocrx_word' id='word_1_412' title='bbox 2276 1283 2379 1337; x_wconf 91' lang='lat' dir='ltr'><strong>alia</strong></span> <span class='ocrx_word' id='word_1_413' title='bbox 2407 1284 2681 1339; x_wconf 88' lang='lat' dir='ltr'><strong>mordicus</strong></span> <span class='ocrx_word' id='word_1_414' title='bbox 2707 1285 2964 1349; x_wconf 89' lang='lat' dir='ltr'><strong>retinent,</strong></span> <span class='ocrx_word' id='word_1_415' title='bbox 2998 1287 3088 1340; x_wconf 90' lang='lat' dir='ltr'><strong>alii</strong></span> <span class='ocrx_word' id='word_1_416' title='bbox 3116 1287 3216 1341; x_wconf 92' lang='lat' dir='ltr'><strong>alia</strong></span> <span class='ocrx_word' id='word_1_417' title='bbox 3240 1289 3422 1357; x_wconf 79' lang='lat' dir='ltr'><strong>potius</strong></span> 
     </span>
    </p>
   </div>
   <div class='ocr_carea' id='block_1_57' title="bbox 1868 1374 3418 1446">
    <p class='ocr_par' dir='ltr' id='par_1_57' title="bbox 1868 1374 3418 1446">
     <span class='ocr_line' id='line_1_57' title="bbox 1868 1374 3418 1446; baseline 0.004 -20"><span class='ocrx_word' id='word_1_418' title='bbox 1868 1374 2289 1427; x_wconf 88' lang='lat' dir='ltr'><strong>consectantur?</strong></span> <span class='ocrx_word' id='word_1_419' title='bbox 2338 1376 2416 1428; x_wconf 78' lang='lat' dir='ltr'><strong>Ac</strong></span> <span class='ocrx_word' id='word_1_420' title='bbox 2437 1374 2806 1444; x_wconf 89' lang='lat' dir='ltr'><strong>philosophari</strong></span> <span class='ocrx_word' id='word_1_421' title='bbox 2839 1377 3054 1446; x_wconf 87' lang='lat' dir='ltr'><strong>quidem</strong></span> <span class='ocrx_word' id='word_1_422' title='bbox 3097 1393 3284 1433; x_wconf 89' lang='lat' dir='ltr'><strong>omnes</strong></span> <span class='ocrx_word' id='word_1_423' title='bbox 3319 1394 3418 1432; x_wconf 81' lang='lat' dir='ltr'><strong>vo-</strong></span> 
     </span>
    </p>
   </div>
   <div class='ocr_carea' id='block_1_58' title="bbox 1867 1463 3419 1539">
    <p class='ocr_par' dir='ltr' id='par_1_58' title="bbox 1867 1463 3419 1539">
     <span class='ocr_line' id='line_1_58' title="bbox 1867 1463 3419 1539; baseline 0.003 -22"><span class='ocrx_word' id='word_1_424' title='bbox 1867 1463 2021 1531; x_wconf 89' lang='lat' dir='ltr'><strong>lunt,</strong></span> <span class='ocrx_word' id='word_1_425' title='bbox 2067 1472 2121 1518; x_wconf 90' lang='lat' dir='ltr'><strong>et</strong></span> <span class='ocrx_word' id='word_1_426' title='bbox 2153 1464 2253 1520; x_wconf 90' lang='lat' dir='ltr'><strong>hoc</strong></span> <span class='ocrx_word' id='word_1_427' title='bbox 2284 1479 2393 1533; x_wconf 71' lang='lat' dir='ltr'><strong>prae</strong></span> <span class='ocrx_word' id='word_1_428' title='bbox 2421 1479 2479 1520; x_wconf 89' lang='lat' dir='ltr'><strong>se</strong></span> <span class='ocrx_word' id='word_1_429' title='bbox 2507 1464 2686 1520; x_wconf 85' lang='lat' dir='ltr'><strong>ferunt</strong></span> <span class='ocrx_word' id='word_1_430' title='bbox 2730 1482 2795 1520; x_wconf 82' lang='lat' dir='ltr'><strong>ex</strong></span> <span class='ocrx_word' id='word_1_431' title='bbox 2837 1482 2945 1535; x_wconf 93' lang='lat' dir='ltr'><strong>quo</strong></span> <span class='ocrx_word' id='word_1_432' title='bbox 2984 1468 3151 1522; x_wconf 88' lang='lat' dir='ltr'><strong>semel</strong></span> <span class='ocrx_word' id='word_1_433' title='bbox 3182 1468 3419 1539; x_wconf 77' lang='lat' dir='ltr'><strong>aggressi</strong></span> 
     </span>
    </p>
   </div>
   <div class='ocr_carea' id='block_1_59' title="bbox 1868 1554 3418 1629">
    <p class='ocr_par' dir='ltr' id='par_1_59' title="bbox 1868 1554 3418 1629">
     <span class='ocr_line' id='line_1_59' title="bbox 1868 1554 3418 1629; baseline 0.003 -19"><span class='ocrx_word' id='word_1_434' title='bbox 1868 1562 2029 1621; x_wconf 90' lang='lat' dir='ltr'><strong>sunt,</strong></span> <span class='ocrx_word' id='word_1_435' title='bbox 2059 1554 2299 1611; x_wconf 89' lang='lat' dir='ltr'><strong>dicentes</strong></span> <span class='ocrx_word' id='word_1_436' title='bbox 2322 1571 2429 1611; x_wconf 92' lang='lat' dir='ltr'><strong>non</strong></span> <span class='ocrx_word' id='word_1_437' title='bbox 2463 1557 2643 1612; x_wconf 89' lang='lat' dir='ltr'><strong>minus</strong></span> <span class='ocrx_word' id='word_1_438' title='bbox 2676 1556 2728 1611; x_wconf 90' lang='lat' dir='ltr'><strong>id</strong></span> <span class='ocrx_word' id='word_1_439' title='bbox 2754 1556 2887 1612; x_wconf 83' lang='lat' dir='ltr'><strong>velle</strong></span> <span class='ocrx_word' id='word_1_440' title='bbox 2917 1573 2975 1613; x_wconf 89' lang='lat' dir='ltr'><strong>se</strong></span> <span class='ocrx_word' id='word_1_441' title='bbox 2998 1599 3013 1625; x_wconf 91' lang='lat'><strong>,</strong></span> <span class='ocrx_word' id='word_1_442' title='bbox 3047 1558 3175 1613; x_wconf 88' lang='lat' dir='ltr'><strong>dum</strong></span> <span class='ocrx_word' id='word_1_443' title='bbox 3202 1559 3255 1613; x_wconf 91' lang='lat' dir='ltr'><strong>in</strong></span> <span class='ocrx_word' id='word_1_444' title='bbox 3283 1560 3418 1629; x_wconf 86' lang='lat' dir='ltr'><strong>ipsis</strong></span> 
     </span>
    </p>
   </div>
   <div class='ocr_carea' id='block_1_60' title="bbox 1866 1646 3416 1720">
    <p class='ocr_par' dir='ltr' id='par_1_60' title="bbox 1866 1646 3416 1720">
     <span class='ocr_line' id='line_1_60' title="bbox 1866 1646 3416 1720; baseline 0.005 -20"><span class='ocrx_word' id='word_1_445' title='bbox 1866 1646 2322 1717; x_wconf 88' lang='lat' dir='ltr'><strong>disputationibus</strong></span> <span class='ocrx_word' id='word_1_446' title='bbox 2353 1658 2657 1716; x_wconf 86' lang='lat' dir='ltr'><strong>versantur,</strong></span> <span class='ocrx_word' id='word_1_447' title='bbox 2681 1666 2844 1720; x_wconf 88' lang='lat' dir='ltr'><strong>quam</strong></span> <span class='ocrx_word' id='word_1_448' title='bbox 2876 1664 2997 1705; x_wconf 89' lang='lat' dir='ltr'><strong>eum</strong></span> <span class='ocrx_word' id='word_1_449' title='bbox 3022 1666 3115 1705; x_wconf 89' lang='lat' dir='ltr'><strong>eas</strong></span> <span class='ocrx_word' id='word_1_450' title='bbox 3143 1650 3416 1720; x_wconf 85' lang='lat' dir='ltr'><strong>inierunt;</strong></span> 
     </span>
    </p>
   </div>
   <div class='ocr_carea' id='block_1_61' title="bbox 1868 1739 3415 1811">
    <p class='ocr_par' dir='ltr' id='par_1_61' title="bbox 1868 1739 3415 1811">
     <span class='ocr_line' id='line_1_61' title="bbox 1868 1739 3415 1811; baseline 0.001 -17"><span class='ocrx_word' id='word_1_451' title='bbox 1868 1741 1976 1796; x_wconf 89' lang='lat' dir='ltr'><strong>imo</strong></span> <span class='ocrx_word' id='word_1_452' title='bbox 2027 1755 2156 1796; x_wconf 87' lang='lat' dir='ltr'><strong>vero</strong></span> <span class='ocrx_word' id='word_1_453' title='bbox 2196 1739 2405 1795; x_wconf 86' lang='lat' dir='ltr'><strong>acriore</strong></span> <span class='ocrx_word' id='word_1_454' title='bbox 2450 1755 2595 1795; x_wconf 92' lang='lat' dir='ltr'><strong>nunc</strong></span> <span class='ocrx_word' id='word_1_455' title='bbox 2636 1741 2987 1811; x_wconf 73' lang='lat' dir='ltr'><strong>phi1050phize</strong></span> <span class='ocrx_word' id='word_1_456' title='bbox 3013 1740 3192 1796; x_wconf 91' lang='lat' dir='ltr'><strong>studio</strong></span> <span class='ocrx_word' id='word_1_457' title='bbox 3221 1740 3415 1807; x_wconf 88' lang='lat' dir='ltr'><strong>teneri,</strong></span> 
     </span>
    </p>
   </div>
   <div class='ocr_carea' id='block_1_62' title="bbox 1866 1832 3418 1905">
    <p class='ocr_par' dir='ltr' id='par_1_62' title="bbox 1866 1832 3418 1905">
     <span class='ocr_line' id='line_1_62' title="bbox 1866 1832 3418 1905; baseline 0.001 -17"><span class='ocrx_word' id='word_1_458' title='bbox 1866 1842 2151 1904; x_wconf 89' lang='lat' dir='ltr'><strong>postquam</strong></span> <span class='ocrx_word' id='word_1_459' title='bbox 2187 1844 2403 1905; x_wconf 88' lang='lat' dir='ltr'><strong>gustum</strong></span> <span class='ocrx_word' id='word_1_460' title='bbox 2435 1834 2553 1903; x_wconf 83' lang='lat' dir='ltr'><strong>ejus</strong></span> <span class='ocrx_word' id='word_1_461' title='bbox 2586 1833 2820 1903; x_wconf 88' lang='lat' dir='ltr'><strong>aliquem</strong></span> <span class='ocrx_word' id='word_1_462' title='bbox 2850 1841 3125 1903; x_wconf 74' lang='lat' dir='ltr'><strong>Ceperunt,</strong></span> <span class='ocrx_word' id='word_1_463' title='bbox 3158 1832 3214 1887; x_wconf 91' lang='lat' dir='ltr'><strong>in</strong></span> <span class='ocrx_word' id='word_1_464' title='bbox 3244 1848 3418 1903; x_wconf 87' lang='lat' dir='ltr'><strong>eoque</strong></span> 
     </span>
    </p>
   </div>
   <div class='ocr_carea' id='block_1_63' title="bbox 1866 1924 3418 1995">
    <p class='ocr_par' dir='ltr' id='par_1_63' title="bbox 1866 1924 3418 1995">
     <span class='ocr_line' id='line_1_63' title="bbox 1866 1924 3418 1995; baseline 0.001 -16"><span class='ocrx_word' id='word_1_465' title='bbox 1866 1940 2085 1995; x_wconf 86' lang='lat' dir='ltr'><strong>operam</strong></span> <span class='ocrx_word' id='word_1_466' title='bbox 2110 1934 2425 1995; x_wconf 88' lang='lat' dir='ltr'><strong>posuerunt,</strong></span> <span class='ocrx_word' id='word_1_467' title='bbox 2456 1940 2618 1995; x_wconf 91' lang='lat' dir='ltr'><strong>quam</strong></span> <span class='ocrx_word' id='word_1_468' title='bbox 2644 1940 2767 1979; x_wconf 91' lang='lat' dir='ltr'><strong>cum</strong></span> <span class='ocrx_word' id='word_1_469' title='bbox 2795 1924 2956 1979; x_wconf 87' lang='lat' dir='ltr'><strong>rudes</strong></span> <span class='ocrx_word' id='word_1_470' title='bbox 2987 1924 3161 1980; x_wconf 86' lang='lat' dir='ltr'><strong>adhuc</strong></span> <span class='ocrx_word' id='word_1_471' title='bbox 3182 1935 3236 1980; x_wconf 87' lang='lat' dir='ltr'><strong>et</strong></span> <span class='ocrx_word' id='word_1_472' title='bbox 3264 1926 3418 1981; x_wconf 80' lang='lat' dir='ltr'><strong>inex-</strong></span> 
     </span>
    </p>
   </div>
   <div class='ocr_carea' id='block_1_64' title="bbox 1865 2015 3414 2086">
    <p class='ocr_par' dir='ltr' id='par_1_64' title="bbox 1865 2015 3414 2086">
     <span class='ocr_line' id='line_1_64' title="bbox 1865 2015 3414 2086; baseline 0.001 -16"><span class='ocrx_word' id='word_1_473' title='bbox 1865 2016 2037 2086; x_wconf 91' lang='lat' dir='ltr'><strong>perti,</strong></span> <span class='ocrx_word' id='word_1_474' title='bbox 2088 2015 2156 2071; x_wconf 89' lang='lat' dir='ltr'><strong>ad</strong></span> <span class='ocrx_word' id='word_1_475' title='bbox 2202 2016 2693 2086; x_wconf 77' lang='lat' dir='ltr'><strong>phiIOSOphandum</strong></span> <span class='ocrx_word' id='word_1_476' title='bbox 2738 2016 2939 2086; x_wconf 91' lang='lat' dir='ltr'><strong>impetu</strong></span> <span class='ocrx_word' id='word_1_477' title='bbox 2972 2016 3207 2086; x_wconf 87' lang='lat' dir='ltr'><strong>quodam</strong></span> <span class='ocrx_word' id='word_1_478' title='bbox 3253 2016 3414 2072; x_wconf 84' lang='lat' dir='ltr'><strong>delati</strong></span> 
     </span>
    </p>
   </div>
   <div class='ocr_carea' id='block_1_65' title="bbox 1864 2104 3417 2177">
    <p class='ocr_par' dir='ltr' id='par_1_65' title="bbox 1864 2104 3417 2177">
     <span class='ocr_line' id='line_1_65' title="bbox 1864 2104 3417 2177; baseline 0.002 -17"><span class='ocrx_word' id='word_1_479' title='bbox 1864 2115 2009 2160; x_wconf 89' lang='lat' dir='ltr'><strong>sunt.</strong></span> <span class='ocrx_word' id='word_1_480' title='bbox 2048 2104 2173 2161; x_wconf 70' lang='lat' dir='ltr'><strong>Haec</strong></span> <span class='ocrx_word' id='word_1_481' title='bbox 2202 2107 2275 2161; x_wconf 91' lang='lat' dir='ltr'><strong>illi</strong></span> <span class='ocrx_word' id='word_1_482' title='bbox 2303 2108 2490 2162; x_wconf 71' lang='lat' dir='ltr'><strong>dicunt</strong></span> <span class='ocrx_word' id='word_1_483' title='bbox 2525 2124 2538 2161; x_wconf 94' lang='lat'>:</span> <span class='ocrx_word' id='word_1_484' title='bbox 2575 2121 2675 2162; x_wconf 91' lang='lat' dir='ltr'><strong>nec</strong></span> <span class='ocrx_word' id='word_1_485' title='bbox 2690 2106 2801 2177; x_wconf 89' lang='lat' dir='ltr'><strong>jam</strong></span> <span class='ocrx_word' id='word_1_486' title='bbox 2835 2121 3161 2177; x_wconf 89' lang='lat' dir='ltr'><strong>quemquam</strong></span> <span class='ocrx_word' id='word_1_487' title='bbox 3190 2108 3417 2163; x_wconf 88' lang='lat' dir='ltr'><strong>audiunt</strong></span> 
     </span>
    </p>
   </div>
   <div class='ocr_carea' id='block_1_66' title="bbox 1862 2196 3415 2270">
    <p class='ocr_par' dir='ltr' id='par_1_66' title="bbox 1862 2196 3415 2270">
     <span class='ocr_line' id='line_1_66' title="bbox 1862 2196 3415 2270; baseline 0.003 -19"><span class='ocrx_word' id='word_1_488' title='bbox 1862 2211 2075 2263; x_wconf 89' lang='lat' dir='ltr'><strong>eorum,</strong></span> <span class='ocrx_word' id='word_1_489' title='bbox 2103 2199 2193 2269; x_wconf 89' lang='lat' dir='ltr'><strong>qui</strong></span> <span class='ocrx_word' id='word_1_490' title='bbox 2227 2199 2383 2254; x_wconf 90' lang='lat' dir='ltr'><strong>aliter</strong></span> <span class='ocrx_word' id='word_1_491' title='bbox 2408 2199 2673 2254; x_wconf 87' lang='lat' dir='ltr'><strong>sentiunt.</strong></span> <span class='ocrx_word' id='word_1_492' title='bbox 2731 2196 2914 2268; x_wconf 87' lang='lat' dir='ltr'><strong>Neque</strong></span> <span class='ocrx_word' id='word_1_493' title='bbox 2937 2198 3102 2269; x_wconf 88' lang='lat' dir='ltr'><strong>igitur</strong></span> <span class='ocrx_word' id='word_1_494' title='bbox 3124 2200 3415 2270; x_wconf 88' lang='lat' dir='ltr'><strong>quisquam</strong></span> 
     </span>
    </p>
   </div>
   <div class='ocr_carea' id='block_1_67' title="bbox 1862 2290 3419 2363">
    <p class='ocr_par' dir='ltr' id='par_1_67' title="bbox 1862 2290 3419 2363">
     <span class='ocr_line' id='line_1_67' title="bbox 1862 2290 3419 2363; baseline 0.003 -19"><span class='ocrx_word' id='word_1_495' title='bbox 1862 2304 1925 2344; x_wconf 79' lang='lat' dir='ltr'><strong>ex</strong></span> <span class='ocrx_word' id='word_1_496' title='bbox 1964 2290 2232 2344; x_wconf 85' lang='lat' dir='ltr'><strong>veteribus</strong></span> <span class='ocrx_word' id='word_1_497' title='bbox 2256 2290 2423 2344; x_wconf 90' lang='lat' dir='ltr'><strong>ullum</strong></span> <span class='ocrx_word' id='word_1_498' title='bbox 2460 2306 2524 2345; x_wconf 83' lang='lat' dir='ltr'><strong>ex</strong></span> <span class='ocrx_word' id='word_1_499' title='bbox 2553 2291 2963 2358; x_wconf 86' lang='lat' dir='ltr'><strong>recentioribus,</strong></span> <span class='ocrx_word' id='word_1_500' title='bbox 2988 2301 3082 2346; x_wconf 91' lang='lat' dir='ltr'><strong>aut</strong></span> <span class='ocrx_word' id='word_1_501' title='bbox 3109 2308 3175 2347; x_wconf 82' lang='lat' dir='ltr'><strong>ex</strong></span> <span class='ocrx_word' id='word_1_502' title='bbox 3196 2291 3419 2363; x_wconf 87' lang='lat' dir='ltr'><strong>Peripa-</strong></span> 
     </span>
    </p>
   </div>
   <div class='ocr_carea' id='block_1_68' title="bbox 1863 2379 3413 2453">
    <p class='ocr_par' dir='ltr' id='par_1_68' title="bbox 1863 2379 3413 2453">
     <span class='ocr_line' id='line_1_68' title="bbox 1863 2379 3413 2453; baseline 0.004 -20"><span class='ocrx_word' id='word_1_503' title='bbox 1863 2380 2038 2435; x_wconf 88' lang='lat' dir='ltr'><strong>teticis</strong></span> <span class='ocrx_word' id='word_1_504' title='bbox 2068 2379 2152 2434; x_wconf 77' lang='lat' dir='ltr'><strong>&#39;ad</strong></span> <span class='ocrx_word' id='word_1_505' title='bbox 2194 2396 2252 2435; x_wconf 88' lang='lat' dir='ltr'><strong>se</strong></span> <span class='ocrx_word' id='word_1_506' title='bbox 2302 2382 2671 2451; x_wconf 85' lang='lat' dir='ltr'><strong>sequendum,</strong></span> <span class='ocrx_word' id='word_1_507' title='bbox 2726 2396 2988 2452; x_wconf 86' lang='lat' dir='ltr'><strong>suamque</strong></span> <span class='ocrx_word' id='word_1_508' title='bbox 3016 2383 3413 2453; x_wconf 87' lang='lat' dir='ltr'><strong>philosophiam</strong></span> 
     </span>
    </p>
   </div>
   <div class='ocr_carea' id='block_1_69' title="bbox 1862 2472 3413 2543">
    <p class='ocr_par' dir='ltr' id='par_1_69' title="bbox 1862 2472 3413 2543">
     <span class='ocr_line' id='line_1_69' title="bbox 1862 2472 3413 2543; baseline 0.003 -18"><span class='ocrx_word' id='word_1_509' title='bbox 1862 2472 2284 2541; x_wconf 85' lang='lat' dir='ltr'><strong>amplectendam</strong></span> <span class='ocrx_word' id='word_1_510' title='bbox 2308 2474 2522 2529; x_wconf 85' lang='lat' dir='ltr'><strong>allicere</strong></span> <span class='ocrx_word' id='word_1_511' title='bbox 2542 2482 2768 2528; x_wconf 87' lang='lat' dir='ltr'><strong>conatus</strong></span> <span class='ocrx_word' id='word_1_512' title='bbox 2790 2484 2906 2536; x_wconf 85' lang='lat' dir='ltr'><strong>est;</strong></span> <span class='ocrx_word' id='word_1_513' title='bbox 2949 2490 3048 2530; x_wconf 85' lang='lat' dir='ltr'><strong>nec</strong></span> <span class='ocrx_word' id='word_1_514' title='bbox 3070 2477 3413 2543; x_wconf 87' lang='lat' dir='ltr'><strong>econtrario;</strong></span> 
     </span>
    </p>
   </div>
   <div class='ocr_carea' id='block_1_70' title="bbox 1862 2564 3410 2635">
    <p class='ocr_par' dir='ltr' id='par_1_70' title="bbox 1862 2564 3410 2635">
     <span class='ocr_line' id='line_1_70' title="bbox 1862 2564 3410 2635; baseline 0.004 -17"><span class='ocrx_word' id='word_1_515' title='bbox 1862 2580 1961 2619; x_wconf 89' lang='lat' dir='ltr'><strong>nec</strong></span> <span class='ocrx_word' id='word_1_516' title='bbox 2003 2564 2237 2635; x_wconf 88' lang='lat' dir='ltr'><strong>denique</strong></span> <span class='ocrx_word' id='word_1_517' title='bbox 2266 2566 2407 2621; x_wconf 90' lang='lat' dir='ltr'><strong>ullus</strong></span> <span class='ocrx_word' id='word_1_518' title='bbox 2441 2567 2632 2624; x_wconf 90' lang='lat' dir='ltr'><strong>ullum.</strong></span> <span class='ocrx_word' id='word_1_519' title='bbox 2674 2565 2843 2622; x_wconf 86' lang='lat' dir='ltr'><strong>Nemo</strong></span> <span class='ocrx_word' id='word_1_520' title='bbox 2870 2569 3014 2624; x_wconf 90' lang='lat' dir='ltr'><strong>enim</strong></span> <span class='ocrx_word' id='word_1_521' title='bbox 3043 2570 3200 2626; x_wconf 82' lang='lat' dir='ltr'><strong>facile</strong></span> <span class='ocrx_word' id='word_1_522' title='bbox 3237 2571 3410 2625; x_wconf 88' lang='lat' dir='ltr'><strong>addu-</strong></span> 
     </span>
    </p>
   </div>
   <div class='ocr_carea' id='block_1_71' title="bbox 1860 2656 3413 2733">
    <p class='ocr_par' dir='ltr' id='par_1_71' title="bbox 1860 2656 3413 2733">
     <span class='ocr_line' id='line_1_71' title="bbox 1860 2656 3413 2733; baseline 0.005 -24"><span class='ocrx_word' id='word_1_523' title='bbox 1860 2656 2022 2722; x_wconf 92' lang='lat' dir='ltr'><strong>citur,</strong></span> <span class='ocrx_word' id='word_1_524' title='bbox 2044 2665 2099 2711; x_wconf 89' lang='lat' dir='ltr'><strong>ut</strong></span> <span class='ocrx_word' id='word_1_525' title='bbox 2122 2657 2381 2712; x_wconf 87' lang='lat' dir='ltr'><strong>sententia</strong></span> <span class='ocrx_word' id='word_1_526' title='bbox 2409 2666 2615 2713; x_wconf 86' lang='lat' dir='ltr'><strong>mutata</strong></span> <span class='ocrx_word' id='word_1_527' title='bbox 2640 2660 2829 2714; x_wconf 91' lang='lat' dir='ltr'><strong>alienis</strong></span> <span class='ocrx_word' id='word_1_528' title='bbox 2856 2661 3182 2716; x_wconf 85' lang='lat' dir='ltr'><strong>assentiatur</strong></span> <span class='ocrx_word' id='word_1_529' title='bbox 3199 2680 3214 2728; x_wconf 90' lang='lat'><strong>;</strong></span> <span class='ocrx_word' id='word_1_530' title='bbox 3232 2671 3413 2733; x_wconf 85' lang='lat' dir='ltr'><strong>&#39;atque</strong></span> 
     </span>
    </p>
   </div>
   <div class='ocr_carea' id='block_1_72' title="bbox 1860 2748 3410 2820">
    <p class='ocr_par' dir='ltr' id='par_1_72' title="bbox 1860 2748 3410 2820">
     <span class='ocr_line' id='line_1_72' title="bbox 1860 2748 3410 2820; baseline 0.005 -18"><span class='ocrx_word' id='word_1_531' title='bbox 1860 2748 1995 2803; x_wconf 90' lang='lat' dir='ltr'><strong>adeo</strong></span> <span class='ocrx_word' id='word_1_532' title='bbox 2036 2748 2103 2803; x_wconf 90' lang='lat' dir='ltr'><strong>iis</strong></span> <span class='ocrx_word' id='word_1_533' title='bbox 2146 2750 2307 2818; x_wconf 89' lang='lat' dir='ltr'><strong>ipsis,</strong></span> <span class='ocrx_word' id='word_1_534' title='bbox 2342 2750 2539 2819; x_wconf 88' lang='lat' dir='ltr'><strong>quibus</strong></span> <span class='ocrx_word' id='word_1_535' title='bbox 2573 2750 2617 2805; x_wconf 90' lang='lat' dir='ltr'><strong>si</strong></span> <span class='ocrx_word' id='word_1_536' title='bbox 2654 2752 2702 2807; x_wconf 92' lang='lat' dir='ltr'><strong>ei</strong></span> <span class='ocrx_word' id='word_1_537' title='bbox 2724 2767 3041 2820; x_wconf 90' lang='lat' dir='ltr'><strong>persuasum</strong></span> <span class='ocrx_word' id='word_1_538' title='bbox 3073 2753 3261 2809; x_wconf 80' lang='lat' dir='ltr'><strong>fuisset</strong></span> <span class='ocrx_word' id='word_1_539' title='bbox 3290 2765 3410 2809; x_wconf 82' lang='lat' dir='ltr'><strong>stu-</strong></span> 
     </span>
    </p>
   </div>
   <div class='ocr_carea' id='block_1_73' title="bbox 1861 2822 3427 2916">
    <p class='ocr_par' dir='ltr' id='par_1_73' title="bbox 1861 2822 3427 2916">
     <span class='ocr_line' id='line_1_73' title="bbox 1861 2822 3427 2916; baseline 0.004 -21"><span class='ocrx_word' id='word_1_540' title='bbox 1861 2839 1989 2895; x_wconf 87' lang='lat' dir='ltr'><strong>dere</strong></span> <span class='ocrx_word' id='word_1_541' title='bbox 2018 2849 2303 2911; x_wconf 90' lang='lat' dir='ltr'><strong>antequam</strong></span> <span class='ocrx_word' id='word_1_542' title='bbox 2332 2841 2591 2911; x_wconf 87' lang='lat' dir='ltr'><strong>inciperet</strong></span> <span class='ocrx_word' id='word_1_543' title='bbox 2619 2843 3009 2913; x_wconf 81' lang='lat' dir='ltr'><strong>philosOphari,</strong></span> <span class='ocrx_word' id='word_1_544' title='bbox 3037 2854 3147 2900; x_wconf 91' lang='lat' dir='ltr'><strong>tum</strong></span> <span class='ocrx_word' id='word_1_545' title='bbox 3175 2822 3427 2916; x_wconf 55' lang='lat' dir='ltr'><strong>primum.</strong></span> 
     </span>
    </p>
   </div>
   <div class='ocr_carea' id='block_1_74' title="bbox 1861 2932 3413 3004">
    <p class='ocr_par' dir='ltr' id='par_1_74' title="bbox 1861 2932 3413 3004">
     <span class='ocr_line' id='line_1_74' title="bbox 1861 2932 3413 3004; baseline 0.003 -17"><span class='ocrx_word' id='word_1_546' title='bbox 1861 2940 2005 2987; x_wconf 89' lang='lat' dir='ltr'><strong>certe</strong></span> <span class='ocrx_word' id='word_1_547' title='bbox 2033 2932 2259 2986; x_wconf 87' lang='lat' dir='ltr'><strong>libenter</strong></span> <span class='ocrx_word' id='word_1_548' title='bbox 2284 2947 2540 2989; x_wconf 88' lang='lat' dir='ltr'><strong>assensus</strong></span> <span class='ocrx_word' id='word_1_549' title='bbox 2586 2943 2726 2987; x_wconf 90' lang='lat' dir='ltr'><strong>esset</strong></span> <span class='ocrx_word' id='word_1_550' title='bbox 2751 2970 2766 2997; x_wconf 94' lang='lat'><strong>,</strong></span> <span class='ocrx_word' id='word_1_551' title='bbox 2803 2935 3000 3004; x_wconf 89' lang='lat' dir='ltr'><strong>quippe</strong></span> <span class='ocrx_word' id='word_1_552' title='bbox 3032 2936 3270 2990; x_wconf 87' lang='lat' dir='ltr'><strong>nondum</strong></span> <span class='ocrx_word' id='word_1_553' title='bbox 3293 2938 3413 2992; x_wconf 87' lang='lat' dir='ltr'><strong>ani-</strong></span> 
     </span>
    </p>
   </div>
   <div class='ocr_carea' id='block_1_75' title="bbox 1862 3024 3414 3095">
    <p class='ocr_par' dir='ltr' id='par_1_75' title="bbox 1862 3024 3414 3095">
     <span class='ocr_line' id='line_1_75' title="bbox 1862 3024 3414 3095; baseline 0.003 -18"><span class='ocrx_word' id='word_1_554' title='bbox 1862 3039 1951 3078; x_wconf 90' lang='lat' dir='ltr'><strong>mo</strong></span> <span class='ocrx_word' id='word_1_555' title='bbox 1978 3024 2096 3078; x_wconf 88' lang='lat' dir='ltr'><strong>aliis</strong></span> <span class='ocrx_word' id='word_1_556' title='bbox 2126 3032 2408 3093; x_wconf 87' lang='lat' dir='ltr'><strong>occupato,</strong></span> <span class='ocrx_word' id='word_1_557' title='bbox 2444 3040 2619 3094; x_wconf 89' lang='lat' dir='ltr'><strong>neque</strong></span> <span class='ocrx_word' id='word_1_558' title='bbox 2644 3026 2747 3079; x_wconf 89' lang='lat' dir='ltr'><strong>alia</strong></span> <span class='ocrx_word' id='word_1_559' title='bbox 2777 3027 2890 3095; x_wconf 85' lang='lat' dir='ltr'><strong>jam</strong></span> <span class='ocrx_word' id='word_1_560' title='bbox 2925 3027 3264 3095; x_wconf 85' lang='lat' dir='ltr'><strong>admitteret;</strong></span> <span class='ocrx_word' id='word_1_561' title='bbox 3301 3028 3414 3082; x_wconf 87' lang='lat' dir='ltr'><strong>imo</strong></span> 
     </span>
    </p>
   </div>
   <div class='ocr_carea' id='block_1_76' title="bbox 1867 3117 3415 3188">
    <p class='ocr_par' dir='ltr' id='par_1_76' title="bbox 1867 3117 3415 3188">
     <span class='ocr_line' id='line_1_76' title="bbox 1867 3117 3415 3188; baseline 0.003 -17"><span class='ocrx_word' id='word_1_562' title='bbox 1867 3133 1994 3173; x_wconf 89' lang='lat' dir='ltr'><strong>vero</strong></span> <span class='ocrx_word' id='word_1_563' title='bbox 2026 3134 2197 3187; x_wconf 88' lang='lat' dir='ltr'><strong>neque</strong></span> <span class='ocrx_word' id='word_1_564' title='bbox 2227 3118 2281 3171; x_wconf 90' lang='lat' dir='ltr'><strong>in</strong></span> <span class='ocrx_word' id='word_1_565' title='bbox 2311 3117 2376 3172; x_wconf 90' lang='lat' dir='ltr'><strong>iis</strong></span> <span class='ocrx_word' id='word_1_566' title='bbox 2403 3118 2790 3187; x_wconf 78' lang='lat' dir='ltr'><strong>acquiesceret,</strong></span> <span class='ocrx_word' id='word_1_567' title='bbox 2824 3136 2887 3174; x_wconf 89' lang='lat' dir='ltr'><strong>ac</strong></span> <span class='ocrx_word' id='word_1_568' title='bbox 2915 3130 3130 3188; x_wconf 86' lang='lat' dir='ltr'><strong>propter</strong></span> <span class='ocrx_word' id='word_1_569' title='bbox 3159 3121 3243 3173; x_wconf 90' lang='lat' dir='ltr'><strong>illa</strong></span> <span class='ocrx_word' id='word_1_570' title='bbox 3264 3161 3278 3185; x_wconf 92' lang='lat'><strong>,</strong></span> <span class='ocrx_word' id='word_1_571' title='bbox 3325 3122 3415 3176; x_wconf 85' lang='lat' dir='ltr'><strong>his</strong></span> 
     </span>
    </p>
   </div>
   <div class='ocr_carea' id='block_1_77' title="bbox 1861 3209 3408 3279">
    <p class='ocr_par' dir='ltr' id='par_1_77' title="bbox 1861 3209 3408 3279">
     <span class='ocr_line' id='line_1_77' title="bbox 1861 3209 3408 3279; baseline 0.002 -17"><span class='ocrx_word' id='word_1_572' title='bbox 1861 3209 1993 3279; x_wconf 84' lang='lat' dir='ltr'><strong>ipsis</strong></span> <span class='ocrx_word' id='word_1_573' title='bbox 2025 3210 2401 3264; x_wconf 87' lang='lat' dir='ltr'><strong>adversaretur</strong></span> <span class='ocrx_word' id='word_1_574' title='bbox 2442 3224 2563 3279; x_wconf 75' lang='lat' dir='ltr'><strong>quae</strong></span> <span class='ocrx_word' id='word_1_575' title='bbox 2584 3209 2695 3279; x_wconf 88' lang='lat' dir='ltr'><strong>jam</strong></span> <span class='ocrx_word' id='word_1_576' title='bbox 2726 3211 2887 3264; x_wconf 87' lang='lat' dir='ltr'><strong>sentit</strong></span> <span class='ocrx_word' id='word_1_577' title='bbox 2916 3226 2978 3265; x_wconf 89' lang='lat' dir='ltr'><strong>ac</strong></span> <span class='ocrx_word' id='word_1_578' title='bbox 3006 3218 3167 3265; x_wconf 87' lang='lat' dir='ltr'><strong>tenet.</strong></span> <span class='ocrx_word' id='word_1_579' title='bbox 3223 3209 3408 3265; x_wconf 87' lang='lat' dir='ltr'><strong>Talem</strong></span> 
     </span>
    </p>
   </div>
   <div class='ocr_carea' id='block_1_78' title="bbox 1860 3300 3411 3371">
    <p class='ocr_par' dir='ltr' id='par_1_78' title="bbox 1860 3300 3411 3371">
     <span class='ocr_line' id='line_1_78' title="bbox 1860 3300 3411 3371; baseline 0.003 -18"><span class='ocrx_word' id='word_1_580' title='bbox 1860 3300 2017 3355; x_wconf 88' lang='lat' dir='ltr'><strong>nobis</strong></span> <span class='ocrx_word' id='word_1_581' title='bbox 2045 3300 2239 3371; x_wconf 80' lang='lat' dir='ltr'><strong>egregii</strong></span> <span class='ocrx_word' id='word_1_582' title='bbox 2281 3311 2336 3355; x_wconf 92' lang='lat' dir='ltr'><strong>et</strong></span> <span class='ocrx_word' id='word_1_583' title='bbox 2379 3300 2722 3357; x_wconf 86' lang='lat' dir='ltr'><strong>disertissimi</strong></span> <span class='ocrx_word' id='word_1_584' title='bbox 2757 3301 3203 3371; x_wconf 83' lang='lat' dir='ltr'><strong>solertissimique</strong></span> <span class='ocrx_word' id='word_1_585' title='bbox 3238 3300 3411 3357; x_wconf 64' lang='lat' dir='ltr'><strong>Graeci</strong></span> 
     </span>
    </p>
   </div>
   <div class='ocr_carea' id='block_1_79' title="bbox 1858 3390 3413 3462">
    <p class='ocr_par' dir='ltr' id='par_1_79' title="bbox 1858 3390 3413 3462">
     <span class='ocr_line' id='line_1_79' title="bbox 1858 3390 3413 3462; baseline 0.003 -20"><span class='ocrx_word' id='word_1_586' title='bbox 1858 3390 2256 3459; x_wconf 88' lang='lat' dir='ltr'><strong>philosophiam</strong></span> <span class='ocrx_word' id='word_1_587' title='bbox 2305 3391 2667 3446; x_wconf 74' lang='lat' dir='ltr'><strong>exltibuerunt</strong></span> <span class='ocrx_word' id='word_1_588' title='bbox 2701 3410 2713 3444; x_wconf 92' lang='lat'><strong>:</strong></span> <span class='ocrx_word' id='word_1_589' title='bbox 2746 3407 2866 3460; x_wconf 71' lang='lat' dir='ltr'><strong>qua:</strong></span> <span class='ocrx_word' id='word_1_590' title='bbox 2907 3391 3140 3461; x_wconf 90' lang='lat' dir='ltr'><strong>primum</strong></span> <span class='ocrx_word' id='word_1_591' title='bbox 3179 3391 3413 3462; x_wconf 85' lang='lat' dir='ltr'><strong>quisque</strong></span> 
     </span>
    </p>
   </div>
   <div class='ocr_carea' id='block_1_80' title="bbox 1858 3480 3411 3550">
    <p class='ocr_par' dir='ltr' id='par_1_80' title="bbox 1858 3480 3411 3550">
     <span class='ocr_line' id='line_1_80' title="bbox 1858 3480 3411 3550; baseline 0.003 -17"><span class='ocrx_word' id='word_1_592' title='bbox 1858 3488 2050 3535; x_wconf 90' lang='lat' dir='ltr'><strong>nactus</strong></span> <span class='ocrx_word' id='word_1_593' title='bbox 2075 3488 2188 3544; x_wconf 90' lang='lat' dir='ltr'><strong>est,</strong></span> <span class='ocrx_word' id='word_1_594' title='bbox 2224 3480 2426 3549; x_wconf 85' lang='lat' dir='ltr'><strong>impetu</strong></span> <span class='ocrx_word' id='word_1_595' title='bbox 2454 3482 2684 3550; x_wconf 90' lang='lat' dir='ltr'><strong>quodam</strong></span> <span class='ocrx_word' id='word_1_596' title='bbox 2725 3481 2950 3547; x_wconf 86' lang='lat' dir='ltr'><strong>ductus,</strong></span> <span class='ocrx_word' id='word_1_597' title='bbox 2991 3481 3105 3537; x_wconf 82' lang='lat' dir='ltr'><strong>haec</strong></span> <span class='ocrx_word' id='word_1_598' title='bbox 3137 3482 3249 3538; x_wconf 92' lang='lat' dir='ltr'><strong>sola</strong></span> <span class='ocrx_word' id='word_1_599' title='bbox 3282 3498 3411 3537; x_wconf 84' lang='lat' dir='ltr'><strong>vera</strong></span> 
     </span>
    </p>
   </div>
   <div class='ocr_carea' id='block_1_81' title="bbox 1856 3570 3410 3642">
    <p class='ocr_par' dir='ltr' id='par_1_81' title="bbox 1856 3570 3410 3642">
     <span class='ocr_line' id='line_1_81' title="bbox 1856 3570 3410 3642; baseline -0.001 -15"><span class='ocrx_word' id='word_1_600' title='bbox 1856 3586 1979 3627; x_wconf 89' lang='lat' dir='ltr'><strong>esse</strong></span> <span class='ocrx_word' id='word_1_601' title='bbox 2010 3570 2216 3633; x_wconf 87' lang='lat' dir='ltr'><strong>dicens,</strong></span> <span class='ocrx_word' id='word_1_602' title='bbox 2252 3572 2456 3640; x_wconf 88' lang='lat' dir='ltr'><strong>reliqua</strong></span> <span class='ocrx_word' id='word_1_603' title='bbox 2484 3572 2663 3625; x_wconf 89' lang='lat' dir='ltr'><strong>omnia</strong></span> <span class='ocrx_word' id='word_1_604' title='bbox 2688 3571 2914 3625; x_wconf 84' lang='lat' dir='ltr'><strong>aliorum</strong></span> <span class='ocrx_word' id='word_1_605' title='bbox 2940 3572 3410 3642; x_wconf 88' lang='lat' dir='ltr'><strong>philosophorum,</strong></span> 
     </span>
    </p>
   </div>
   <div class='ocr_carea' id='block_1_82' title="bbox 1857 3661 3409 3733">
    <p class='ocr_par' dir='ltr' id='par_1_82' title="bbox 1857 3661 3409 3733">
     <span class='ocr_line' id='line_1_82' title="bbox 1857 3661 3409 3733; baseline 0.003 -17"><span class='ocrx_word' id='word_1_606' title='bbox 1857 3678 2028 3733; x_wconf 88' lang='lat' dir='ltr'><strong>nugas</strong></span> <span class='ocrx_word' id='word_1_607' title='bbox 2056 3672 2240 3717; x_wconf 88' lang='lat' dir='ltr'><strong>censet</strong></span> <span class='ocrx_word' id='word_1_608' title='bbox 2268 3672 2429 3731; x_wconf 88' lang='lat' dir='ltr'><strong>atque</strong></span> <span class='ocrx_word' id='word_1_609' title='bbox 2460 3661 2759 3727; x_wconf 82' lang='lat' dir='ltr'><strong>fallaciam;</strong></span> <span class='ocrx_word' id='word_1_610' title='bbox 2794 3678 2916 3717; x_wconf 88' lang='lat' dir='ltr'><strong>cum</strong></span> <span class='ocrx_word' id='word_1_611' title='bbox 2946 3664 3061 3731; x_wconf 91' lang='lat' dir='ltr'><strong>ipse</strong></span> <span class='ocrx_word' id='word_1_612' title='bbox 3097 3665 3265 3720; x_wconf 91' lang='lat' dir='ltr'><strong>nihilo</strong></span> <span class='ocrx_word' id='word_1_613' title='bbox 3290 3680 3409 3721; x_wconf 64' lang='lat' dir='ltr'><strong>mev</strong></span> 
     </span>
    </p>
   </div>
   <div class='ocr_carea' id='block_1_83' title="bbox 1856 3754 3413 3823">
    <p class='ocr_par' dir='ltr' id='par_1_83' title="bbox 1856 3754 3413 3823">
     <span class='ocr_line' id='line_1_83' title="bbox 1856 3754 3413 3823; baseline -0.001 -13"><span class='ocrx_word' id='word_1_614' title='bbox 1856 3756 1961 3810; x_wconf 80' lang='lat' dir='ltr'><strong>lius</strong></span> <span class='ocrx_word' id='word_1_615' title='bbox 1990 3770 2089 3809; x_wconf 91' lang='lat' dir='ltr'><strong>sua</strong></span> <span class='ocrx_word' id='word_1_616' title='bbox 2114 3754 2418 3816; x_wconf 85' lang='lat' dir='ltr'><strong>conﬁrmet,</strong></span> <span class='ocrx_word' id='word_1_617' title='bbox 2443 3768 2603 3822; x_wconf 91' lang='lat' dir='ltr'><strong>quam</strong></span> <span class='ocrx_word' id='word_1_618' title='bbox 2632 3754 2808 3807; x_wconf 71' lang='lat' dir='ltr'><strong>caeteri</strong></span> <span class='ocrx_word' id='word_1_619' title='bbox 2835 3767 3022 3808; x_wconf 89' lang='lat' dir='ltr'><strong>omnes</strong></span> <span class='ocrx_word' id='word_1_620' title='bbox 3052 3768 3151 3807; x_wconf 92' lang='lat' dir='ltr'><strong>sua</strong></span> <span class='ocrx_word' id='word_1_621' title='bbox 3171 3756 3413 3823; x_wconf 78' lang='lat' dir='ltr'><strong>quisque</strong></span> 
     </span>
    </p>
   </div>
   <div class='ocr_carea' id='block_1_84' title="bbox 1854 3844 3408 3915">
    <p class='ocr_par' dir='ltr' id='par_1_84' title="bbox 1854 3844 3408 3915">
     <span class='ocr_line' id='line_1_84' title="bbox 1854 3844 3408 3915; baseline -0.003 -12"><span class='ocrx_word' id='word_1_622' title='bbox 1854 3846 2182 3913; x_wconf 87' lang='lat' dir='ltr'><strong>defendunt;</strong></span> <span class='ocrx_word' id='word_1_623' title='bbox 2220 3860 2288 3899; x_wconf 89' lang='lat' dir='ltr'><strong>ne</strong></span> <span class='ocrx_word' id='word_1_624' title='bbox 2319 3845 2384 3899; x_wconf 90' lang='lat' dir='ltr'><strong>de</strong></span> <span class='ocrx_word' id='word_1_625' title='bbox 2427 3844 2591 3915; x_wconf 86' lang='lat' dir='ltr'><strong>gradu</strong></span> <span class='ocrx_word' id='word_1_626' title='bbox 2620 3845 2799 3910; x_wconf 79' lang='lat' dir='ltr'><strong>exire,</strong></span> <span class='ocrx_word' id='word_1_627' title='bbox 2849 3846 3279 3913; x_wconf 89' lang='lat' dir='ltr'><strong>sententiamque</strong></span> <span class='ocrx_word' id='word_1_628' title='bbox 3311 3854 3408 3898; x_wconf 86' lang='lat' dir='ltr'><strong>aut</strong></span> 
     </span>
    </p>
   </div>
   <div class='ocr_carea' id='block_1_85' title="bbox 1853 3934 3403 4007">
    <p class='ocr_par' dir='ltr' id='par_1_85' title="bbox 1853 3934 3403 4007">
     <span class='ocr_line' id='line_1_85' title="bbox 1853 3934 3403 4007; baseline -0.003 -14"><span class='ocrx_word' id='word_1_629' title='bbox 1853 3939 1906 3993; x_wconf 88' lang='lat' dir='ltr'><strong>vi</strong></span> <span class='ocrx_word' id='word_1_630' title='bbox 1948 3945 2050 4004; x_wconf 81' lang='lat' dir='ltr'><strong>aut_</strong></span> <span class='ocrx_word' id='word_1_631' title='bbox 2086 3935 2437 4007; x_wconf 83' lang='lat' dir='ltr'><strong>persuasione</strong></span> <span class='ocrx_word' id='word_1_632' title='bbox 2463 3943 2668 3989; x_wconf 90' lang='lat' dir='ltr'><strong>mutare</strong></span> <span class='ocrx_word' id='word_1_633' title='bbox 2702 3944 2959 4005; x_wconf 87' lang='lat' dir='ltr'><strong>cogatur;</strong></span> <span class='ocrx_word' id='word_1_634' title='bbox 3003 3935 3210 3989; x_wconf 90' lang='lat' dir='ltr'><strong>nullum</strong></span> <span class='ocrx_word' id='word_1_635' title='bbox 3237 3934 3403 3989; x_wconf 88' lang='lat' dir='ltr'><strong>alium</strong></span> 
     </span>
    </p>
   </div>
   <div class='ocr_carea' id='block_1_86' title="bbox 1855 4024 3404 4098">
    <p class='ocr_par' dir='ltr' id='par_1_86' title="bbox 1855 4024 3404 4098">
     <span class='ocr_line' id='line_1_86' title="bbox 1855 4024 3404 4098; baseline -0.003 -14"><span class='ocrx_word' id='word_1_636' title='bbox 1855 4028 1923 4098; x_wconf 91' lang='lat' dir='ltr'><strong>(si</strong></span> <span class='ocrx_word' id='word_1_637' title='bbox 1950 4043 2138 4082; x_wconf 89' lang='lat' dir='ltr'><strong>verum</strong></span> <span class='ocrx_word' id='word_1_638' title='bbox 2167 4024 2322 4081; x_wconf 84' lang='lat' dir='ltr'><strong>fateri</strong></span> <span class='ocrx_word' id='word_1_639' title='bbox 2346 4025 2497 4097; x_wconf 84' lang='lat' dir='ltr'><strong>libet)</strong></span> <span class='ocrx_word' id='word_1_640' title='bbox 2527 4026 2727 4081; x_wconf 85' lang='lat' dir='ltr'><strong>habens</strong></span> <span class='ocrx_word' id='word_1_641' title='bbox 2750 4036 2943 4095; x_wconf 65' lang='lat' dir='ltr'><strong>praeter</strong></span> <span class='ocrx_word' id='word_1_642' title='bbox 2964 4026 3205 4096; x_wconf 91' lang='lat' dir='ltr'><strong>ineptum</strong></span> <span class='ocrx_word' id='word_1_643' title='bbox 3230 4041 3260 4080; x_wconf 91' lang='lat' dir='ltr'><strong>a</strong></span> <span class='ocrx_word' id='word_1_644' title='bbox 3283 4026 3404 4097; x_wconf 90' lang='lat' dir='ltr'><strong>phi-</strong></span> 
     </span>
    </p>
   </div>
   <div class='ocr_carea' id='block_1_87' title="bbox 1854 4117 3411 4191">
    <p class='ocr_par' dir='ltr' id='par_1_87' title="bbox 1854 4117 3411 4191">
     <span class='ocr_line' id='line_1_87' title="bbox 1854 4117 3411 4191; baseline -0.002 -15"><span class='ocrx_word' id='word_1_645' title='bbox 1854 4118 2095 4191; x_wconf 88' lang='lat' dir='ltr'><strong>losophia</strong></span> <span class='ocrx_word' id='word_1_646' title='bbox 2127 4117 2197 4174; x_wconf 90' lang='lat' dir='ltr'><strong>ad</strong></span> <span class='ocrx_word' id='word_1_647' title='bbox 2223 4119 2336 4173; x_wconf 63' lang='lat' dir='ltr'><strong>haec</strong></span> <span class='ocrx_word' id='word_1_648' title='bbox 2363 4118 2611 4188; x_wconf 88' lang='lat' dir='ltr'><strong>dogmata</strong></span> <span class='ocrx_word' id='word_1_649' title='bbox 2642 4131 2706 4171; x_wconf 91' lang='lat' dir='ltr'><strong>ac</strong></span> <span class='ocrx_word' id='word_1_650' title='bbox 2726 4117 2924 4187; x_wconf 87' lang='lat' dir='ltr'><strong>placita</strong></span> <span class='ocrx_word' id='word_1_651' title='bbox 2959 4132 3080 4188; x_wconf 80' lang='lat' dir='ltr'><strong>qua:</strong></span> <span class='ocrx_word' id='word_1_652' title='bbox 3119 4132 3244 4172; x_wconf 88' lang='lat' dir='ltr'><strong>vera</strong></span> <span class='ocrx_word' id='word_1_653' title='bbox 3286 4132 3411 4173; x_wconf 64' lang='lat' dir='ltr'><strong>cre-r</strong></span> 
     </span>
    </p>
   </div>
   <div class='ocr_carea' id='block_1_88' title="bbox 1852 4278 3409 4351">
    <p class='ocr_par' dir='ltr' id='par_1_88' title="bbox 1852 4278 3409 4351">
     <span class='ocr_line' id='line_1_88' title="bbox 1852 4278 3409 4351; baseline 0.001 -18"><span class='ocrx_word' id='word_1_654' title='bbox 1852 4278 2231 4351; x_wconf 85' lang='grc' dir='ltr'>προσανείχετο</span> <span class='ocrx_word' id='word_1_655' title='bbox 2264 4278 2463 4351; x_wconf 85' lang='lat' dir='ltr'><strong>legitur</strong></span> <span class='ocrx_word' id='word_1_656' title='bbox 2497 4294 2620 4332; x_wconf 84' lang='lat' dir='ltr'><strong>mox</strong></span> <span class='ocrx_word' id='word_1_657' title='bbox 2663 4278 2752 4351; x_wconf 91' lang='lat' dir='ltr'><strong>hic</strong></span> <span class='ocrx_word' id='word_1_658' title='bbox 2796 4278 2937 4351; x_wconf 87' lang='lat' dir='ltr'><strong>apud</strong></span> <span class='ocrx_word' id='word_1_659' title='bbox 2976 4278 3152 4348; x_wconf 84' lang='lat' dir='ltr'><strong>ipsum</strong></span> <span class='ocrx_word' id='word_1_660' title='bbox 3200 4278 3409 4350; x_wconf 51' lang='lat' dir='ltr'><strong>Gregoa</strong></span> 
     </span>
    </p>
   </div>
   <div class='ocr_carea' id='block_1_89' title="bbox 1851 4350 3403 4420">
    <p class='ocr_par' dir='ltr' id='par_1_89' title="bbox 1851 4350 3403 4420">
     <span class='ocr_line' id='line_1_89' title="bbox 1851 4350 3403 4420; baseline 0.001 -17"><span class='ocrx_word' id='word_1_661' title='bbox 1851 4350 2024 4413; x_wconf 81' lang='lat' dir='ltr'><strong>rium,</strong></span> <span class='ocrx_word' id='word_1_662' title='bbox 2058 4360 2111 4403; x_wconf 88' lang='lat' dir='ltr'><strong>et</strong></span> <span class='ocrx_word' id='word_1_663' title='bbox 2154 4350 2312 4418; x_wconf 88' lang='lat' dir='ltr'><strong>paulo</strong></span> <span class='ocrx_word' id='word_1_664' title='bbox 2352 4358 2471 4418; x_wconf 87' lang='lat' dir='ltr'><strong>post</strong></span> <span class='ocrx_word' id='word_1_665' title='bbox 2515 4350 2840 4420; x_wconf 77' lang='grc' dir='ltr'>προσέχειν),</span> <span class='ocrx_word' id='word_1_666' title='bbox 2869 4359 3046 4404; x_wconf 88' lang='lat' dir='ltr'><strong>tamen</strong></span> <span class='ocrx_word' id='word_1_667' title='bbox 3090 4362 3143 4405; x_wconf 87' lang='lat' dir='ltr'><strong>et</strong></span> <span class='ocrx_word' id='word_1_668' title='bbox 3184 4351 3403 4418; x_wconf 86' lang='lat' dir='ltr'><strong>adjuvat</strong></span> 
     </span>
    </p>
   </div>
   <div class='ocr_carea' id='block_1_90' title="bbox 273 4421 3401 4495">
    <p class='ocr_par' dir='ltr' id='par_1_90' title="bbox 273 4421 3401 4495">
     <span class='ocr_line' id='line_1_90' title="bbox 273 4421 3401 4495; baseline -0.002 -16"><span class='ocrx_word' id='word_1_669' title='bbox 273 4425 388 4495; x_wconf 61' lang='lat'>(15)</span> <span class='ocrx_word' id='word_1_670' title='bbox 434 4424 656 4479; x_wconf 76' lang='grc' dir='ltr'>Αὐτῶν.</span> <span class='ocrx_word' id='word_1_671' title='bbox 717 4425 997 4495; x_wconf 84' lang='lat' dir='ltr'><strong>Bengelius</strong></span> <span class='ocrx_word' id='word_1_672' title='bbox 1047 4441 1169 4480; x_wconf 91' lang='lat' dir='ltr'><strong>cum</strong></span> <span class='ocrx_word' id='word_1_673' title='bbox 1224 4424 1529 4482; x_wconf 70' lang='lat' dir='ltr'><strong>Hmschelio</strong></span> <span class='ocrx_word' id='word_1_674' title='bbox 1585 4428 1751 4482; x_wconf 63' lang='lat' dir='ltr'><strong>edidit</strong></span> <span class='ocrx_word' id='word_1_675' title='bbox 1781 4429 1823 4484; x_wconf 85' lang='lat' dir='ltr'><strong>D</strong></span> <span class='ocrx_word' id='word_1_676' title='bbox 1856 4421 1940 4495; x_wconf 86' lang='lat' dir='ltr'><strong>hic</strong></span> <span class='ocrx_word' id='word_1_677' title='bbox 1970 4421 2107 4474; x_wconf 90' lang='lat' dir='ltr'><strong>idem</strong></span> <span class='ocrx_word' id='word_1_678' title='bbox 2134 4421 2314 4495; x_wconf 84' lang='lat' dir='ltr'><strong>locus,</strong></span> <span class='ocrx_word' id='word_1_679' title='bbox 2355 4421 2678 4495; x_wconf 70' lang='lat' dir='ltr'><strong>eumverbis</strong></span> <span class='ocrx_word' id='word_1_680' title='bbox 2718 4421 3183 4495; x_wconf 57' lang='lat' dir='ltr'><strong>aequipollentibus</strong></span> <span class='ocrx_word' id='word_1_681' title='bbox 3210 4421 3401 4495; x_wconf 81' lang='grc' dir='ltr'>ἐντυγ-</span> 
     </span>
    </p>
   </div>
   <div class='ocr_carea' id='block_1_91' title="bbox 198 4493 1746 4568">
    <p class='ocr_par' dir='ltr' id='par_1_91' title="bbox 198 4493 1746 4568">
     <span class='ocr_line' id='line_1_91' title="bbox 198 4493 1746 4568; baseline 0.001 -20"><span class='ocrx_word' id='word_1_682' title='bbox 198 4493 390 4568; x_wconf 45' lang='lat' dir='ltr'><strong>aliter&quot;),</strong></span> <span class='ocrx_word' id='word_1_683' title='bbox 423 4496 659 4568; x_wconf 83' lang='lat' dir='ltr'><strong>illudque</strong></span> <span class='ocrx_word' id='word_1_684' title='bbox 692 4493 852 4568; x_wconf 76' lang='lat' dir='ltr'><strong>refert</strong></span> <span class='ocrx_word' id='word_1_685' title='bbox 889 4498 953 4549; x_wconf 87' lang='lat' dir='ltr'><strong>ad</strong></span> <span class='ocrx_word' id='word_1_686' title='bbox 982 4497 1300 4565; x_wconf 82' lang='grc' dir='ltr'>φιλοσοφεῖν.</span> <span class='ocrx_word' id='word_1_687' title='bbox 1330 4498 1431 4550; x_wconf 83' lang='lat' dir='ltr'><strong>Aut</strong></span> <span class='ocrx_word' id='word_1_688' title='bbox 1470 4497 1746 4568; x_wconf 85' lang='grc' dir='ltr'>παρέλκει,</span> 
     </span>
    </p>
   </div>
   <div class='ocr_carea' id='block_1_92' title="bbox 200 4565 1622 4636">
    <p class='ocr_par' dir='ltr' id='par_1_92' title="bbox 200 4565 1622 4636">
     <span class='ocr_line' id='line_1_92' title="bbox 200 4565 1622 4636; baseline 0.001 -16"><span class='ocrx_word' id='word_1_689' title='bbox 200 4566 400 4634; x_wconf 88' lang='lat' dir='ltr'><strong>inquit,</strong></span> <span class='ocrx_word' id='word_1_690' title='bbox 430 4574 484 4618; x_wconf 82' lang='lat' dir='ltr'><strong>ut</strong></span> <span class='ocrx_word' id='word_1_691' title='bbox 517 4565 655 4636; x_wconf 82' lang='lat' dir='ltr'><strong>apud</strong></span> <span class='ocrx_word' id='word_1_692' title='bbox 684 4565 920 4636; x_wconf 58' lang='lat' dir='ltr'><strong>Latinos,</strong></span> <span class='ocrx_word' id='word_1_693' title='bbox 957 4568 1126 4635; x_wconf 83' lang='lat' dir='ltr'><strong>quoad</strong></span> <span class='ocrx_word' id='word_1_694' title='bbox 1156 4568 1272 4636; x_wconf 89' lang='lat' dir='ltr'><strong>ejus</strong></span> <span class='ocrx_word' id='word_1_695' title='bbox 1296 4569 1410 4636; x_wconf 78' lang='lat' dir='ltr'><strong>ﬁeri</strong></span> <span class='ocrx_word' id='word_1_696' title='bbox 1439 4565 1622 4634; x_wconf 78' lang='lat' dir='ltr'><strong>potest.</strong></span> 
     </span>
    </p>
   </div>
   <div class='ocr_carea' id='block_1_93' title="bbox 273 4634 1750 4707">
    <p class='ocr_par' dir='ltr' id='par_1_93' title="bbox 273 4634 1750 4707">
     <span class='ocr_line' id='line_1_93' title="bbox 273 4634 1750 4707; baseline 0.003 -20"><span class='ocrx_word' id='word_1_697' title='bbox 273 4635 386 4704; x_wconf 84' lang='lat'>(16)</span> <span class='ocrx_word' id='word_1_698' title='bbox 426 4634 728 4707; x_wconf 75' lang='grc' dir='ltr'>Οὺδένεσι.</span> <span class='ocrx_word' id='word_1_699' title='bbox 774 4634 1061 4707; x_wconf 14' lang='grc' dir='ltr'>Βατείνυκ,</span> <span class='ocrx_word' id='word_1_700' title='bbox 1095 4634 1196 4707; x_wconf 69' lang='lat' dir='ltr'><strong>sed</strong></span> <span class='ocrx_word' id='word_1_701' title='bbox 1237 4634 1355 4707; x_wconf 83' lang='lat' dir='ltr'><strong>non</strong></span> <span class='ocrx_word' id='word_1_702' title='bbox 1394 4638 1607 4707; x_wconf 79' lang='lat' dir='ltr'><strong>indigna</strong></span> <span class='ocrx_word' id='word_1_703' title='bbox 1647 4636 1750 4692; x_wconf 87' lang='lat' dir='ltr'><strong>hoc</strong></span> 
     </span>
    </p>
   </div>
   <div class='ocr_carea' id='block_1_94' title="bbox 199 4705 1749 4776">
    <p class='ocr_par' dir='ltr' id='par_1_94' title="bbox 199 4705 1749 4776">
     <span class='ocr_line' id='line_1_94' title="bbox 199 4705 1749 4776; baseline 0.001 -18"><span class='ocrx_word' id='word_1_704' title='bbox 199 4708 485 4772; x_wconf 75' lang='lat' dir='ltr'><strong>scriptore.</strong></span> <span class='ocrx_word' id='word_1_705' title='bbox 519 4705 753 4776; x_wconf 0' lang='lat' dir='ltr'><strong>(Casum.</strong></span> <span class='ocrx_word' id='word_1_706' title='bbox 775 4736 842 4744; x_wconf 95' lang='lat'><strong><em>—</em></strong></span> <span class='ocrx_word' id='word_1_707' title='bbox 868 4706 1114 4759; x_wconf 79' lang='grc' dir='ltr'>Οὐδένεσι</span> <span class='ocrx_word' id='word_1_708' title='bbox 1152 4705 1274 4761; x_wconf 89' lang='lat' dir='ltr'><strong>Ger.</strong></span> <span class='ocrx_word' id='word_1_709' title='bbox 1317 4706 1473 4763; x_wconf 86' lang='lat' dir='ltr'><strong>Voss.</strong></span> <span class='ocrx_word' id='word_1_710' title='bbox 1516 4705 1619 4776; x_wconf 83' lang='lat' dir='ltr'><strong>pro</strong></span> <span class='ocrx_word' id='word_1_711' title='bbox 1657 4707 1749 4760; x_wconf 83' lang='grc' dir='ltr'><strong>οὐ-</strong></span> 
     </span>
    </p>
   </div>
   <div class='ocr_carea' id='block_1_95' title="bbox 198 4775 1751 4843">
    <p class='ocr_par' dir='ltr' id='par_1_95' title="bbox 198 4775 1751 4843">
     <span class='ocr_line' id='line_1_95' title="bbox 198 4775 1751 4843; baseline 0.002 -15"><span class='ocrx_word' id='word_1_712' title='bbox 198 4776 336 4839; x_wconf 77' lang='grc' dir='ltr'>δέσι,</span> <span class='ocrx_word' id='word_1_713' title='bbox 364 4791 473 4843; x_wconf 86' lang='lat' dir='ltr'><strong>quo</strong></span> <span class='ocrx_word' id='word_1_714' title='bbox 499 4775 760 4830; x_wconf 84' lang='lat' dir='ltr'><strong>Aristides</strong></span> <span class='ocrx_word' id='word_1_715' title='bbox 796 4776 966 4830; x_wconf 89' lang='lat' dir='ltr'><strong>utitur</strong></span> <span class='ocrx_word' id='word_1_716' title='bbox 1011 4777 1062 4830; x_wconf 91' lang='lat' dir='ltr'><strong>in</strong></span> <span class='ocrx_word' id='word_1_717' title='bbox 1110 4775 1608 4838; x_wconf 81' lang='lat' dir='ltr'><strong>Panathenaico,et</strong></span> <span class='ocrx_word' id='word_1_718' title='bbox 1643 4776 1751 4831; x_wconf 86' lang='lat' dir='ltr'><strong>Lu-</strong></span> 
     </span>
    </p>
   </div>
   <div class='ocr_carea' id='block_1_96' title="bbox 198 4844 1750 4902">
    <p class='ocr_par' dir='ltr' id='par_1_96' title="bbox 198 4844 1750 4902">
     <span class='ocr_line' id='line_1_96' title="bbox 198 4844 1750 4902; baseline 0.003 -5"><span class='ocrx_word' id='word_1_719' title='bbox 198 4848 394 4899; x_wconf 82' lang='lat' dir='ltr'><strong>cianus</strong></span> <span class='ocrx_word' id='word_1_720' title='bbox 449 4845 500 4898; x_wconf 92' lang='lat' dir='ltr'><strong>in</strong></span> <span class='ocrx_word' id='word_1_721' title='bbox 546 4844 874 4899; x_wconf 83' lang='lat' dir='ltr'><strong>Charidemo.</strong></span> <span class='ocrx_word' id='word_1_722' title='bbox 904 4844 1123 4902; x_wconf 74' lang='lat' dir='ltr'><strong>Huzscu.</strong></span> <span class='ocrx_word' id='word_1_723' title='bbox 1150 4876 1220 4885; x_wconf 94' lang='lat'><strong>—</strong></span> <span class='ocrx_word' id='word_1_724' title='bbox 1254 4846 1432 4902; x_wconf 87' lang='lat' dir='ltr'><strong>Prima</strong></span> <span class='ocrx_word' id='word_1_725' title='bbox 1474 4846 1750 4902; x_wconf 80' lang='lat' dir='ltr'><strong>enimvero</strong></span> 
     </span>
    </p>
   </div>
   <div class='ocr_carea' id='block_1_97' title="bbox 198 4913 1750 4985">
    <p class='ocr_par' dir='ltr' id='par_1_97' title="bbox 198 4913 1750 4985">
     <span class='ocr_line' id='line_1_97' title="bbox 198 4913 1750 4985; baseline 0.002 -18"><span class='ocrx_word' id='word_1_726' title='bbox 198 4913 468 4970; x_wconf 84' lang='lat' dir='ltr'><strong>Vossiana</strong></span> <span class='ocrx_word' id='word_1_727' title='bbox 503 4916 666 4969; x_wconf 89' lang='lat' dir='ltr'><strong>editio</strong></span> <span class='ocrx_word' id='word_1_728' title='bbox 697 4915 1005 4985; x_wconf 77' lang='lat' dir='ltr'><strong>Moguntina</strong></span> <span class='ocrx_word' id='word_1_729' title='bbox 1034 4933 1159 4970; x_wconf 91' lang='lat' dir='ltr'><strong>ann.</strong></span> <span class='ocrx_word' id='word_1_730' title='bbox 1192 4917 1328 4970; x_wconf 68' lang='lat'><strong>1604</strong></span> <span class='ocrx_word' id='word_1_731' title='bbox 1355 4918 1571 4971; x_wconf 84' lang='lat' dir='ltr'><strong>exhibet</strong></span> <span class='ocrx_word' id='word_1_732' title='bbox 1605 4918 1750 4970; x_wconf 80' lang='grc' dir='ltr'>οὐδέ-</span> 
     </span>
    </p>
   </div>
   <div class='ocr_carea' id='block_1_98' title="bbox 196 4985 1747 5054">
    <p class='ocr_par' dir='ltr' id='par_1_98' title="bbox 196 4985 1747 5054">
     <span class='ocr_line' id='line_1_98' title="bbox 196 4985 1747 5054; baseline 0.001 -15"><span class='ocrx_word' id='word_1_733' title='bbox 196 5002 339 5051; x_wconf 79' lang='grc' dir='ltr'>νεσι,</span> <span class='ocrx_word' id='word_1_734' title='bbox 373 4986 516 5054; x_wconf 91' lang='lat' dir='ltr'><strong>quod</strong></span> <span class='ocrx_word' id='word_1_735' title='bbox 540 4996 723 5053; x_wconf 88' lang='lat' dir='ltr'><strong>postea</strong></span> <span class='ocrx_word' id='word_1_736' title='bbox 752 4986 805 5039; x_wconf 90' lang='lat' dir='ltr'><strong>in</strong></span> <span class='ocrx_word' id='word_1_737' title='bbox 836 4985 1124 5042; x_wconf 86' lang='lat' dir='ltr'><strong>Parisiensi</strong></span> <span class='ocrx_word' id='word_1_738' title='bbox 1150 5004 1277 5042; x_wconf 88' lang='lat' dir='ltr'><strong>ann.</strong></span> <span class='ocrx_word' id='word_1_739' title='bbox 1313 4987 1443 5041; x_wconf 74' lang='lat'>1621</span> <span class='ocrx_word' id='word_1_740' title='bbox 1482 4994 1747 5041; x_wconf 88' lang='lat' dir='ltr'><strong>mutatum</strong></span> 
     </span>
    </p>
   </div>
   <div class='ocr_carea' id='block_1_99' title="bbox 194 5055 1750 5125">
    <p class='ocr_par' dir='ltr' id='par_1_99' title="bbox 194 5055 1750 5125">
     <span class='ocr_line' id='line_1_99' title="bbox 194 5055 1750 5125; baseline 0.003 -17"><span class='ocrx_word' id='word_1_741' title='bbox 194 5065 284 5110; x_wconf 77' lang='lat' dir='ltr'><strong>est</strong></span> <span class='ocrx_word' id='word_1_742' title='bbox 316 5058 370 5109; x_wconf 93' lang='lat' dir='ltr'><strong>in</strong></span> <span class='ocrx_word' id='word_1_743' title='bbox 394 5055 544 5125; x_wconf 72' lang='grc' dir='ltr'>οὐδέν</span> <span class='ocrx_word' id='word_1_744' title='bbox 576 5056 691 5108; x_wconf 72' lang='grc' dir='ltr'>ἐστι</span> <span class='ocrx_word' id='word_1_745' title='bbox 726 5075 738 5109; x_wconf 93' lang='lat'><strong>:</strong></span> <span class='ocrx_word' id='word_1_746' title='bbox 765 5071 924 5124; x_wconf 89' lang='lat' dir='ltr'><strong>quam</strong></span> <span class='ocrx_word' id='word_1_747' title='bbox 956 5058 1172 5125; x_wconf 87' lang='lat' dir='ltr'><strong>quidem</strong></span> <span class='ocrx_word' id='word_1_748' title='bbox 1206 5058 1488 5113; x_wconf 89' lang='lat' dir='ltr'><strong>lectionem</strong></span> <span class='ocrx_word' id='word_1_749' title='bbox 1528 5058 1750 5112; x_wconf 87' lang='lat' dir='ltr'><strong>retinuit</strong></span> 
     </span>
    </p>
   </div>
   <div class='ocr_carea' id='block_1_100' title="bbox 194 5124 1053 5182">
    <p class='ocr_par' dir='ltr' id='par_1_100' title="bbox 194 5124 1053 5182">
     <span class='ocr_line' id='line_1_100' title="bbox 194 5124 1053 5182; baseline 0.003 -3"><span class='ocrx_word' id='word_1_750' title='bbox 194 5126 367 5180; x_wconf 84' lang='lat' dir='ltr'><strong>altera</strong></span> <span class='ocrx_word' id='word_1_751' title='bbox 394 5124 713 5180; x_wconf 83' lang='lat' dir='ltr'><strong>Parisiensis</strong></span> <span class='ocrx_word' id='word_1_752' title='bbox 735 5141 861 5179; x_wconf 89' lang='lat' dir='ltr'><strong>ann.</strong></span> <span class='ocrx_word' id='word_1_753' title='bbox 896 5126 1053 5182; x_wconf 78' lang='lat'><strong>1759.</strong></span> 
     </span>
    </p>
   </div>
   <div class='ocr_carea' id='block_1_101' title="bbox 273 5191 1747 5265">
    <p class='ocr_par' dir='ltr' id='par_1_101' title="bbox 273 5191 1747 5265">
     <span class='ocr_line' id='line_1_101' title="bbox 273 5191 1747 5265; baseline 0.003 -17"><span class='ocrx_word' id='word_1_754' title='bbox 273 5196 387 5265; x_wconf 89' lang='lat'>(17)</span> <span class='ocrx_word' id='word_1_755' title='bbox 422 5191 521 5259; x_wconf 69' lang='grc' dir='ltr'><strong>Οἷς</strong></span> <span class='ocrx_word' id='word_1_756' title='bbox 646 5197 1045 5264; x_wconf 66' lang='grc' dir='ltr'>φιλοσοφήσει</span> <span class='ocrx_word' id='word_1_757' title='bbox 1079 5197 1447 5265; x_wconf 73' lang='grc' dir='ltr'>προσελθεῖν.</span> <span class='ocrx_word' id='word_1_758' title='bbox 1489 5192 1584 5263; x_wconf 76' lang='grc' dir='ltr'><strong>Οἷς</strong></span> <span class='ocrx_word' id='word_1_759' title='bbox 1624 5212 1747 5252; x_wconf 89' lang='lat' dir='ltr'><strong>cum</strong></span> 
     </span>
    </p>
   </div>
   <div class='ocr_carea' id='block_1_102' title="bbox 192 5264 1749 5338">
    <p class='ocr_par' dir='ltr' id='par_1_102' title="bbox 192 5264 1749 5338">
     <span class='ocr_line' id='line_1_102' title="bbox 192 5264 1749 5338; baseline 0.003 -19"><span class='ocrx_word' id='word_1_760' title='bbox 192 5264 424 5335; x_wconf 65' lang='grc' dir='ltr'>ἐπείσθη</span> <span class='ocrx_word' id='word_1_761' title='bbox 450 5275 499 5338; x_wconf 65' lang='lat' dir='ltr'><strong>et</strong></span> <span class='ocrx_word' id='word_1_762' title='bbox 522 5281 646 5338; x_wconf 86' lang='lat' dir='ltr'><strong>cum</strong></span> <span class='ocrx_word' id='word_1_763' title='bbox 677 5266 862 5335; x_wconf 75' lang='grc' dir='ltr'>ἠγάπα</span> <span class='ocrx_word' id='word_1_764' title='bbox 889 5264 1303 5322; x_wconf 83' lang='lat' dir='ltr'><strong>construendum</strong></span> <span class='ocrx_word' id='word_1_765' title='bbox 1345 5279 1447 5324; x_wconf 92' lang='lat' dir='ltr'><strong>est.</strong></span> <span class='ocrx_word' id='word_1_766' title='bbox 1472 5267 1749 5338; x_wconf 86' lang='lat' dir='ltr'><strong>Frequens</strong></span> 
     </span>
    </p>
   </div>
   <div class='ocr_carea' id='block_1_103' title="bbox 195 5334 1750 5397">
    <p class='ocr_par' dir='ltr' id='par_1_103' title="bbox 195 5334 1750 5397">
     <span class='ocr_line' id='line_1_103' title="bbox 195 5334 1750 5397; baseline 0.001 -8"><span class='ocrx_word' id='word_1_767' title='bbox 195 5334 426 5397; x_wconf 75' lang='lat' dir='ltr'><strong>zeugma</strong></span> <span class='ocrx_word' id='word_1_768' title='bbox 452 5334 670 5395; x_wconf 65' lang='lat' dir='ltr'><strong>Graecis.</strong></span> <span class='ocrx_word' id='word_1_769' title='bbox 702 5334 757 5388; x_wconf 82' lang='lat' dir='ltr'><strong>ut</strong></span> <span class='ocrx_word' id='word_1_770' title='bbox 788 5351 927 5390; x_wconf 88' lang='lat' dir='ltr'><strong>unus</strong></span> <span class='ocrx_word' id='word_1_771' title='bbox 954 5352 1115 5391; x_wconf 88' lang='lat' dir='ltr'><strong>casus</strong></span> <span class='ocrx_word' id='word_1_772' title='bbox 1155 5354 1185 5391; x_wconf 91' lang='lat' dir='ltr'><strong>a</strong></span> <span class='ocrx_word' id='word_1_773' title='bbox 1215 5340 1425 5393; x_wconf 87' lang='lat' dir='ltr'><strong>duobus</strong></span> <span class='ocrx_word' id='word_1_774' title='bbox 1459 5334 1637 5394; x_wconf 84' lang='lat' dir='ltr'><strong>verbis</strong></span> <span class='ocrx_word' id='word_1_775' title='bbox 1663 5354 1750 5391; x_wconf 64' lang='lat' dir='ltr'><strong>reo</strong></span> 
     </span>
    </p>
   </div>
   <div class='ocr_carea' id='block_1_104' title="bbox 193 5406 1750 5477">
    <p class='ocr_par' dir='ltr' id='par_1_104' title="bbox 193 5406 1750 5477">
     <span class='ocr_line' id='line_1_104' title="bbox 193 5406 1750 5477; baseline 0.002 -18"><span class='ocrx_word' id='word_1_776' title='bbox 193 5418 378 5473; x_wconf 77' lang='lat' dir='ltr'><strong>gatur.</strong></span> <span class='ocrx_word' id='word_1_777' title='bbox 410 5407 533 5477; x_wconf 28' lang='lat' dir='ltr'><strong>Mo‘x</strong></span> <span class='ocrx_word' id='word_1_778' title='bbox 583 5406 927 5475; x_wconf 82' lang='grc' dir='ltr'>φιλοσοφήσει</span> <span class='ocrx_word' id='word_1_779' title='bbox 972 5408 1213 5477; x_wconf 77' lang='lat' dir='ltr'><strong>verbale,</strong></span> <span class='ocrx_word' id='word_1_780' title='bbox 1257 5409 1604 5477; x_wconf 87' lang='lat' dir='ltr'><strong>contemptim</strong></span> <span class='ocrx_word' id='word_1_781' title='bbox 1662 5408 1750 5462; x_wconf 92' lang='lat' dir='ltr'><strong>hic</strong></span> 
     </span>
    </p>
   </div>
   <div class='ocr_carea' id='block_1_105' title="bbox 194 5474 1749 5547">
    <p class='ocr_par' dir='ltr' id='par_1_105' title="bbox 194 5474 1749 5547">
     <span class='ocr_line' id='line_1_105' title="bbox 194 5474 1749 5547; baseline 0.001 -18"><span class='ocrx_word' id='word_1_782' title='bbox 194 5477 440 5545; x_wconf 88' lang='lat' dir='ltr'><strong>loquenti</strong></span> <span class='ocrx_word' id='word_1_783' title='bbox 478 5474 981 5547; x_wconf 68' lang='lat' dir='ltr'><strong>Gregorionatum.</strong></span> <span class='ocrx_word' id='word_1_784' title='bbox 1012 5474 1199 5531; x_wconf 90' lang='lat' dir='ltr'><strong>Latine</strong></span> <span class='ocrx_word' id='word_1_785' title='bbox 1242 5474 1625 5547; x_wconf 78' lang='lat' dir='ltr'><strong>philosophatio</strong></span> <span class='ocrx_word' id='word_1_786' title='bbox 1654 5494 1749 5547; x_wconf 86' lang='lat' dir='ltr'><strong>per</strong></span> 
     </span>
    </p>
   </div>
   <div class='ocr_carea' id='block_1_106' title="bbox 194 5544 1745 5616">
    <p class='ocr_par' dir='ltr' id='par_1_106' title="bbox 194 5544 1745 5616">
     <span class='ocr_line' id='line_1_106' title="bbox 194 5544 1745 5616; baseline 0.001 -17"><span class='ocrx_word' id='word_1_787' title='bbox 194 5562 300 5616; x_wconf 64' lang='lat' dir='ltr'><strong>nos</strong></span> <span class='ocrx_word' id='word_1_788' title='bbox 329 5548 499 5599; x_wconf 78' lang='lat' dir='ltr'><strong>dicas.</strong></span> <span class='ocrx_word' id='word_1_789' title='bbox 531 5544 867 5616; x_wconf 84' lang='grc' dir='ltr'>Προσελθείν.</span> <span class='ocrx_word' id='word_1_790' title='bbox 902 5545 1190 5613; x_wconf 83' lang='lat' dir='ltr'><strong>Apostolus</strong></span> <span class='ocrx_word' id='word_1_791' title='bbox 1214 5544 1427 5616; x_wconf 85' lang='lat' dir='ltr'><strong>quoque</strong></span> <span class='ocrx_word' id='word_1_792' title='bbox 1445 5544 1474 5600; x_wconf 73' lang='grc' dir='ltr'>Ἰ</span> <span class='ocrx_word' id='word_1_793' title='bbox 1497 5547 1637 5601; x_wconf 80' lang='lat' dir='ltr'><strong>Tim.</strong></span> <span class='ocrx_word' id='word_1_794' title='bbox 1656 5544 1745 5608; x_wconf 31' lang='lat' dir='ltr'><strong>’vt,</strong></span> 
     </span>
    </p>
   </div>
   <div class='ocr_carea' id='block_1_107' title="bbox 188 5612 1745 5685">
    <p class='ocr_par' dir='ltr' id='par_1_107' title="bbox 188 5612 1745 5685">
     <span class='ocr_line' id='line_1_107' title="bbox 188 5612 1745 5685; baseline 0.004 -21"><span class='ocrx_word' id='word_1_795' title='bbox 188 5612 249 5681; x_wconf 79' lang='lat'><strong>5,</strong></span> <span class='ocrx_word' id='word_1_796' title='bbox 289 5616 454 5678; x_wconf 77' lang='grc' dir='ltr'>εἴτις</span> <span class='ocrx_word' id='word_1_797' title='bbox 494 5612 964 5685; x_wconf 69' lang='grc' dir='ltr'>μῆπροσέρχεται</span> <span class='ocrx_word' id='word_1_798' title='bbox 1008 5612 1299 5682; x_wconf 67' lang='grc' dir='ltr'>ὑγιαίνοιὶσι</span> <span class='ocrx_word' id='word_1_799' title='bbox 1339 5612 1535 5685; x_wconf 84' lang='grc' dir='ltr'>λόγοις.</span> <span class='ocrx_word' id='word_1_800' title='bbox 1574 5616 1745 5683; x_wconf 86' lang='lat' dir='ltr'><strong>Quam</strong></span> 
     </span>
    </p>
   </div>
   <div class='ocr_carea' id='block_1_108' title="bbox 190 5685 1745 5759">
    <p class='ocr_par' dir='ltr' id='par_1_108' title="bbox 190 5685 1745 5759">
     <span class='ocr_line' id='line_1_108' title="bbox 190 5685 1745 5759; baseline -0.002 -16"><span class='ocrx_word' id='word_1_801' title='bbox 190 5686 506 5753; x_wconf 79' lang='lat' dir='ltr'><strong>lectionem,</strong></span> <span class='ocrx_word' id='word_1_802' title='bbox 536 5686 638 5741; x_wconf 84' lang='lat' dir='ltr'><strong>etsi</strong></span> <span class='ocrx_word' id='word_1_803' title='bbox 664 5685 767 5739; x_wconf 90' lang='lat' dir='ltr'><strong>fuit</strong></span> <span class='ocrx_word' id='word_1_804' title='bbox 789 5688 880 5756; x_wconf 87' lang='lat' dir='ltr'><strong>qui</strong></span> <span class='ocrx_word' id='word_1_805' title='bbox 916 5686 1231 5757; x_wconf 79' lang='grc' dir='ltr'>προσέχεται</span> <span class='ocrx_word' id='word_1_806' title='bbox 1259 5688 1622 5759; x_wconf 88' lang='lat' dir='ltr'><strong>suspicaretur</strong></span> <span class='ocrx_word' id='word_1_807' title='bbox 1647 5686 1745 5757; x_wconf 86' lang='lat' dir='ltr'><strong>(uti</strong></span> 
     </span>
    </p>
   </div>
   <div class='ocr_carea' id='block_1_109' title="bbox 1850 4489 3399 4560">
    <p class='ocr_par' dir='ltr' id='par_1_109' title="bbox 1850 4489 3399 4560">
     <span class='ocr_line' id='line_1_109' title="bbox 1850 4489 3399 4560; baseline 0.002 -17"><span class='ocrx_word' id='word_1_808' title='bbox 1850 4491 2028 4559; x_wconf 86' lang='grc' dir='ltr'>χάνειν</span> <span class='ocrx_word' id='word_1_809' title='bbox 2063 4491 2156 4543; x_wconf 73' lang='grc' dir='ltr'><strong>καὶ</strong></span> <span class='ocrx_word' id='word_1_810' title='bbox 2189 4489 2549 4560; x_wconf 85' lang='grc' dir='ltr'>προσομιλεῖν,</span> <span class='ocrx_word' id='word_1_811' title='bbox 2579 4490 2679 4544; x_wconf 88' lang='lat' dir='ltr'><strong>sub</strong></span> <span class='ocrx_word' id='word_1_812' title='bbox 2713 4490 2873 4544; x_wconf 86' lang='lat' dir='ltr'><strong>linem</strong></span> <span class='ocrx_word' id='word_1_813' title='bbox 2906 4493 3132 4559; x_wconf 63' lang='lat' dir='ltr'><strong>praeced.</strong></span> <span class='ocrx_word' id='word_1_814' title='bbox 3167 4508 3284 4560; x_wconf 89' lang='lat' dir='ltr'><strong>cap.</strong></span> <span class='ocrx_word' id='word_1_815' title='bbox 3312 4489 3399 4560; x_wconf 76' lang='lat'><strong>13,</strong></span> 
     </span>
    </p>
   </div>
   <div class='ocr_carea' id='block_1_110' title="bbox 1848 4560 3401 4633">
    <p class='ocr_par' dir='ltr' id='par_1_110' title="bbox 1848 4560 3401 4633">
     <span class='ocr_line' id='line_1_110' title="bbox 1848 4560 3401 4633; baseline 0.001 -21"><span class='ocrx_word' id='word_1_816' title='bbox 1848 4570 2009 4629; x_wconf 88' lang='lat' dir='ltr'><strong>atque</strong></span> <span class='ocrx_word' id='word_1_817' title='bbox 2051 4562 2152 4614; x_wconf 85' lang='lat' dir='ltr'><strong>hoc</strong></span> <span class='ocrx_word' id='word_1_818' title='bbox 2197 4561 2314 4633; x_wconf 71' lang='lat' dir='ltr'><strong>ipsp</strong></span> <span class='ocrx_word' id='word_1_819' title='bbox 2352 4576 2403 4613; x_wconf 77' lang='lat' dir='ltr'><strong>in</strong></span> <span class='ocrx_word' id='word_1_820' title='bbox 2445 4560 3091 4633; x_wconf 38' lang='grc' dir='ltr'>θερμὴ-προστίθεσθαι,</span> <span class='ocrx_word' id='word_1_821' title='bbox 3129 4578 3401 4633; x_wconf 74' lang='grc' dir='ltr'>προστυγ-</span> 
     </span>
    </p>
   </div>
   <div class='ocr_carea' id='block_1_111' title="bbox 1847 4629 3404 4703">
    <p class='ocr_par' dir='ltr' id='par_1_111' title="bbox 1847 4629 3404 4703">
     <span class='ocr_line' id='line_1_111' title="bbox 1847 4629 3404 4703; baseline 0.002 -18"><span class='ocrx_word' id='word_1_822' title='bbox 1847 4632 2048 4703; x_wconf 69' lang='grc' dir='ltr'>χάνεινς</span> <span class='ocrx_word' id='word_1_823' title='bbox 2079 4640 2133 4684; x_wconf 91' lang='lat' dir='ltr'><strong>et</strong></span> <span class='ocrx_word' id='word_1_824' title='bbox 2164 4629 2448 4703; x_wconf 73' lang='lat' dir='ltr'><strong>confirmat</strong></span> <span class='ocrx_word' id='word_1_825' title='bbox 2472 4630 2703 4703; x_wconf 76' lang='lat' dir='ltr'><strong>(collatis</strong></span> <span class='ocrx_word' id='word_1_826' title='bbox 2728 4629 2849 4684; x_wconf 87' lang='lat' dir='ltr'><strong>aliis</strong></span> <span class='ocrx_word' id='word_1_827' title='bbox 2871 4629 3213 4703; x_wconf 73' lang='lat' dir='ltr'><strong>synonymis,</strong></span> <span class='ocrx_word' id='word_1_828' title='bbox 3241 4629 3404 4703; x_wconf 86' lang='grc' dir='ltr'>προσ-</span> 
     </span>
    </p>
   </div>
   <div class='ocr_carea' id='block_1_112' title="bbox 1846 4700 3401 4774">
    <p class='ocr_par' dir='ltr' id='par_1_112' title="bbox 1846 4700 3401 4774">
     <span class='ocr_line' id='line_1_112' title="bbox 1846 4700 3401 4774; baseline 0.001 -20"><span class='ocrx_word' id='word_1_829' title='bbox 1846 4700 2132 4774; x_wconf 42' lang='grc' dir='ltr'>διατρίψαι-</span> <span class='ocrx_word' id='word_1_830' title='bbox 2161 4700 2319 4769; x_wconf 87' lang='lat' dir='ltr'><strong>paulo</strong></span> <span class='ocrx_word' id='word_1_831' title='bbox 2352 4712 2476 4754; x_wconf 87' lang='lat' dir='ltr'><strong>ante</strong></span> <span class='ocrx_word' id='word_1_832' title='bbox 2510 4700 2925 4774; x_wconf 54' lang='lat' dir='ltr'><strong>eteuvﬁtatpwr’)</strong></span> <span class='ocrx_word' id='word_1_833' title='bbox 2959 4700 3067 4757; x_wconf 77' lang='lat' dir='ltr'><strong>sub</strong></span> <span class='ocrx_word' id='word_1_834' title='bbox 3099 4702 3256 4755; x_wconf 86' lang='lat' dir='ltr'><strong>finem</strong></span> <span class='ocrx_word' id='word_1_835' title='bbox 3288 4700 3401 4774; x_wconf 46' lang='lat' dir='ltr'><strong>:hu-</strong></span> 
     </span>
    </p>
   </div>
   <div class='ocr_carea' id='block_1_113' title="bbox 1843 4770 3399 4842">
    <p class='ocr_par' dir='ltr' id='par_1_113' title="bbox 1843 4770 3399 4842">
     <span class='ocr_line' id='line_1_113' title="bbox 1843 4770 3399 4842; baseline 0 -17"><span class='ocrx_word' id='word_1_836' title='bbox 1843 4770 1996 4842; x_wconf 80' lang='lat' dir='ltr'><strong>jusce</strong></span> <span class='ocrx_word' id='word_1_837' title='bbox 2019 4770 2230 4842; x_wconf 84' lang='lat' dir='ltr'><strong>capitis,</strong></span> <span class='ocrx_word' id='word_1_838' title='bbox 2256 4771 2687 4842; x_wconf 77' lang='lat' dir='ltr'><strong>occurrentibus)</strong></span> <span class='ocrx_word' id='word_1_839' title='bbox 2712 4770 2814 4842; x_wconf 58' lang='lat' dir='ltr'><strong>vox</strong></span> <span class='ocrx_word' id='word_1_840' title='bbox 2838 4770 3105 4839; x_wconf 80' lang='lat' dir='ltr'><strong>opposita,</strong></span> <span class='ocrx_word' id='word_1_841' title='bbox 3136 4771 3399 4842; x_wconf 85' lang='grc' dir='ltr'>παραδια-</span> 
     </span>
    </p>
   </div>
   <div class='ocr_carea' id='block_1_114' title="bbox 1846 4839 3217 4914">
    <p class='ocr_par' dir='ltr' id='par_1_114' title="bbox 1846 4839 3217 4914">
     <span class='ocr_line' id='line_1_114' title="bbox 1846 4839 3217 4914; baseline 0 -20"><span class='ocrx_word' id='word_1_842' title='bbox 1846 4839 2042 4914; x_wconf 69' lang='grc' dir='ltr'><strong>τριθοιίτ</strong></span> <span class='ocrx_word' id='word_1_843' title='bbox 2060 4839 2111 4893; x_wconf 91' lang='lat' dir='ltr'><strong>in</strong></span> <span class='ocrx_word' id='word_1_844' title='bbox 2143 4839 2383 4914; x_wconf 72' lang='lat' dir='ltr'><strong>ejusdem</strong></span> <span class='ocrx_word' id='word_1_845' title='bbox 2418 4851 2594 4914; x_wconf 65' lang='lat' dir='ltr'><strong>textus</strong></span> <span class='ocrx_word' id='word_1_846' title='bbox 2619 4840 2880 4914; x_wconf 52' lang='lat' dir='ltr'><strong>Paulini)</strong></span> <span class='ocrx_word' id='word_1_847' title='bbox 2988 4842 3217 4914; x_wconf 53' lang='lat' dir='ltr'><strong>Bessan.</strong></span> 
     </span>
    </p>
   </div>
   <div class='ocr_carea' id='block_1_115' title="bbox 1919 4908 3398 4983">
    <p class='ocr_par' dir='ltr' id='par_1_115' title="bbox 1919 4908 3398 4983">
     <span class='ocr_line' id='line_1_115' title="bbox 1919 4908 3398 4983; baseline 0.002 -19"><span class='ocrx_word' id='word_1_848' title='bbox 1919 4912 2029 4983; x_wconf 83' lang='grc'><strong>(18)</strong></span> <span class='ocrx_word' id='word_1_849' title='bbox 2054 4909 2209 4977; x_wconf 80' lang='grc' dir='ltr'>Πρὸς</span> <span class='ocrx_word' id='word_1_850' title='bbox 2244 4908 2768 4983; x_wconf 16' lang='grc' dir='ltr'>τῆςᾼςριλοσοδρίᾳς.</span> <span class='ocrx_word' id='word_1_851' title='bbox 2815 4908 3131 4983; x_wconf 65' lang='lat' dir='ltr'><strong>suspicatur</strong></span> <span class='ocrx_word' id='word_1_852' title='bbox 3175 4911 3398 4967; x_wconf 89' lang='lat' dir='ltr'><strong>Vossius</strong></span> 
     </span>
    </p>
   </div>
   <div class='ocr_carea' id='block_1_116' title="bbox 1846 4979 3396 5052">
    <p class='ocr_par' dir='ltr' id='par_1_116' title="bbox 1846 4979 3396 5052">
     <span class='ocr_line' id='line_1_116' title="bbox 1846 4979 3396 5052; baseline -0.001 -16"><span class='ocrx_word' id='word_1_853' title='bbox 1846 4979 2131 5052; x_wconf 66' lang='lat' dir='ltr'><strong>legendum</strong></span> <span class='ocrx_word' id='word_1_854' title='bbox 2166 4979 2300 5051; x_wconf 81' lang='grc' dir='ltr'>πρὸς</span> <span class='ocrx_word' id='word_1_855' title='bbox 2319 4980 2424 5052; x_wconf 79' lang='grc' dir='ltr'><strong>τὴν</strong></span> <span class='ocrx_word' id='word_1_856' title='bbox 2457 4980 2764 5052; x_wconf 63' lang='grc' dir='ltr'>φιλοσοφίαν</span> <span class='ocrx_word' id='word_1_857' title='bbox 2797 4983 2887 5035; x_wconf 76' lang='grc' dir='ltr'><strong>καὶ</strong></span> <span class='ocrx_word' id='word_1_858' title='bbox 2922 4979 3023 5034; x_wconf 63' lang='grc' dir='ltr'><strong>επὶ</strong></span> <span class='ocrx_word' id='word_1_859' title='bbox 3049 4982 3172 5035; x_wconf 85' lang='grc' dir='ltr'>τάδε</span> <span class='ocrx_word' id='word_1_860' title='bbox 3210 4983 3277 5034; x_wconf 79' lang='grc' dir='ltr'>τὰ</span> <span class='ocrx_word' id='word_1_861' title='bbox 3308 4983 3396 5035; x_wconf 87' lang='grc' dir='ltr'>δό-</span> 
     </span>
    </p>
   </div>
   <div class='ocr_carea' id='block_1_117' title="bbox 1846 5049 3397 5133">
    <p class='ocr_par' dir='ltr' id='par_1_117' title="bbox 1846 5049 3397 5133">
     <span class='ocr_line' id='line_1_117' title="bbox 1846 5049 3397 5133; baseline 0.001 -30"><span class='ocrx_word' id='word_1_862' title='bbox 1846 5049 2067 5133; x_wconf 49' lang='grc' dir='ltr'><strong>γριςιιτα.⁸</strong></span> <span class='ocrx_word' id='word_1_863' title='bbox 2083 5049 2249 5133; x_wconf 78' lang='lat' dir='ltr'><strong>Magis</strong></span> <span class='ocrx_word' id='word_1_864' title='bbox 2282 5049 2718 5133; x_wconf 23' lang='grc' dir='ltr'><strong>ριειὶειίϐριιβςιὶὶ</strong></span> <span class='ocrx_word' id='word_1_865' title='bbox 2745 5054 3004 5133; x_wconf 77' lang='lat' dir='ltr'><strong>sententia</strong></span> <span class='ocrx_word' id='word_1_866' title='bbox 3042 5053 3397 5133; x_wconf 41' lang='lat' dir='ltr'><strong>legentisfrpo</strong></span> 
     </span>
    </p>
   </div>
   <div class='ocr_carea' id='block_1_118' title="bbox 1845 5120 3395 5192">
    <p class='ocr_par' dir='ltr' id='par_1_118' title="bbox 1845 5120 3395 5192">
     <span class='ocr_line' id='line_1_118' title="bbox 1845 5120 3395 5192; baseline 0.002 -18"><span class='ocrx_word' id='word_1_867' title='bbox 1845 5120 1945 5192; x_wconf 86' lang='grc' dir='ltr'><strong>τῆς</strong></span> <span class='ocrx_word' id='word_1_868' title='bbox 1990 5121 2329 5192; x_wconf 77' lang='grc' dir='ltr'>φιλοσοφίας,</span> <span class='ocrx_word' id='word_1_869' title='bbox 2385 5131 2503 5175; x_wconf 82' lang='lat' dir='ltr'><strong>ante</strong></span> <span class='ocrx_word' id='word_1_870' title='bbox 2547 5122 2886 5190; x_wconf 71' lang='lat' dir='ltr'><strong>philosophia:</strong></span> <span class='ocrx_word' id='word_1_871' title='bbox 2935 5120 3185 5175; x_wconf 75' lang='lat' dir='ltr'><strong>studium.</strong></span> <span class='ocrx_word' id='word_1_872' title='bbox 3237 5120 3395 5177; x_wconf 77' lang='lat' dir='ltr'><strong>Modo</strong></span> 
     </span>
    </p>
   </div>
   <div class='ocr_carea' id='block_1_119' title="bbox 1846 5190 3393 5264">
    <p class='ocr_par' dir='ltr' id='par_1_119' title="bbox 1846 5190 3393 5264">
     <span class='ocr_line' id='line_1_119' title="bbox 1846 5190 3393 5264; baseline 0 -19"><span class='ocrx_word' id='word_1_873' title='bbox 1846 5190 2011 5264; x_wconf 85' lang='lat' dir='ltr'><strong>enim</strong></span> <span class='ocrx_word' id='word_1_874' title='bbox 2033 5193 2241 5264; x_wconf 73' lang='lat' dir='ltr'><strong>dixerat</strong></span> <span class='ocrx_word' id='word_1_875' title='bbox 2270 5190 2586 5264; x_wconf 63' lang='lat' dir='ltr'><strong>Gregorips,</strong></span> <span class='ocrx_word' id='word_1_876' title='bbox 2618 5193 2745 5264; x_wconf 76' lang='grc' dir='ltr'>πρὶν</span> <span class='ocrx_word' id='word_1_877' title='bbox 2780 5192 3133 5263; x_wconf 80' lang='grc' dir='ltr'>φιλοσοφήσει</span> <span class='ocrx_word' id='word_1_878' title='bbox 3161 5194 3393 5263; x_wconf 83' lang='grc' dir='ltr'>προσελ-</span> 
     </span>
    </p>
   </div>
   <div class='ocr_carea' id='block_1_120' title="bbox 1848 5261 3391 5331">
    <p class='ocr_par' dir='ltr' id='par_1_120' title="bbox 1848 5261 3391 5331">
     <span class='ocr_line' id='line_1_120' title="bbox 1848 5261 3391 5331; baseline 0.001 -15"><span class='ocrx_word' id='word_1_879' title='bbox 1848 5263 1980 5316; x_wconf 79' lang='grc' dir='ltr'>θεῖν.</span> <span class='ocrx_word' id='word_1_880' title='bbox 2031 5262 2297 5316; x_wconf 65' lang='lat' dir='ltr'><strong>Caeterum</strong></span> <span class='ocrx_word' id='word_1_881' title='bbox 2347 5262 2437 5316; x_wconf 87' lang='lat' dir='ltr'><strong>hic</strong></span> <span class='ocrx_word' id='word_1_882' title='bbox 2478 5261 2853 5331; x_wconf 81' lang='lat' dir='ltr'><strong>Bengelianam</strong></span> <span class='ocrx_word' id='word_1_883' title='bbox 2909 5261 3391 5331; x_wconf 71' lang='lat' dir='ltr'><strong>inter-punctionem</strong></span> 
     </span>
    </p>
   </div>
   <div class='ocr_carea' id='block_1_121' title="bbox 1847 5330 3394 5402">
    <p class='ocr_par' dir='ltr' id='par_1_121' title="bbox 1847 5330 3394 5402">
     <span class='ocr_line' id='line_1_121' title="bbox 1847 5330 3394 5402; baseline -0.001 -14"><span class='ocrx_word' id='word_1_884' title='bbox 1847 5333 2016 5388; x_wconf 88' lang='lat' dir='ltr'><strong>secuti</strong></span> <span class='ocrx_word' id='word_1_885' title='bbox 2061 5348 2269 5397; x_wconf 78' lang='lat' dir='ltr'><strong>sumus,</strong></span> <span class='ocrx_word' id='word_1_886' title='bbox 2303 5332 2502 5402; x_wconf 81' lang='lat' dir='ltr'><strong>quippe</strong></span> <span class='ocrx_word' id='word_1_887' title='bbox 2515 5330 2661 5402; x_wconf 72' lang='lat' dir='ltr'><strong>_qti-.e</strong></span> <span class='ocrx_word' id='word_1_888' title='bbox 2697 5334 2955 5402; x_wconf 81' lang='lat' dir='ltr'><strong>aptiorem</strong></span> <span class='ocrx_word' id='word_1_889' title='bbox 3000 5330 3224 5387; x_wconf 86' lang='lat' dir='ltr'><strong>fundere</strong></span> <span class='ocrx_word' id='word_1_890' title='bbox 3271 5349 3394 5387; x_wconf 88' lang='lat' dir='ltr'><strong>sen-</strong></span> 
     </span>
    </p>
   </div>
   <div class='ocr_carea' id='block_1_122' title="bbox 1848 5400 3394 5458">
    <p class='ocr_par' dir='ltr' id='par_1_122' title="bbox 1848 5400 3394 5458">
     <span class='ocr_line' id='line_1_122' title="bbox 1848 5400 3394 5458; baseline -0.001 0"><span class='ocrx_word' id='word_1_891' title='bbox 1848 5419 1967 5458; x_wconf 88' lang='lat' dir='ltr'><strong>sum</strong></span> <span class='ocrx_word' id='word_1_892' title='bbox 2020 5404 2174 5457; x_wconf 87' lang='lat' dir='ltr'><strong>nobis</strong></span> <span class='ocrx_word' id='word_1_893' title='bbox 2201 5403 2313 5455; x_wconf 89' lang='lat' dir='ltr'><strong>visa</strong></span> <span class='ocrx_word' id='word_1_894' title='bbox 2348 5400 2449 5456; x_wconf 48' lang='lat' dir='ltr'><strong>sit;</strong></span> <span class='ocrx_word' id='word_1_895' title='bbox 2487 5400 2750 5456; x_wconf 80' lang='lat' dir='ltr'><strong>Nimirum</strong></span> <span class='ocrx_word' id='word_1_896' title='bbox 2784 5418 2797 5453; x_wconf 92' lang='lat'><strong>:</strong></span> <span class='ocrx_word' id='word_1_897' title='bbox 2831 5401 2999 5454; x_wconf 80' lang='lat' dir='ltr'><strong>Nulla</strong></span> <span class='ocrx_word' id='word_1_898' title='bbox 3046 5405 3095 5455; x_wconf 80' lang='lat' dir='ltr'><strong>ei</strong></span> <span class='ocrx_word' id='word_1_899' title='bbox 3137 5413 3248 5456; x_wconf 85' lang='lat' dir='ltr'><strong>erat</strong></span> <span class='ocrx_word' id='word_1_900' title='bbox 3282 5403 3394 5458; x_wconf 81' lang='lat' dir='ltr'><strong>alia</strong></span> 
     </span>
    </p>
   </div>
   <div class='ocr_carea' id='block_1_123' title="bbox 1847 5470 3393 5593">
    <p class='ocr_par' dir='ltr' id='par_1_123' title="bbox 1847 5470 3393 5593">
     <span class='ocr_line' id='line_1_123' title="bbox 1847 5470 3393 5593; baseline 0.001 -68"><span class='ocrx_word' id='word_1_901' title='bbox 1847 5474 2102 5526; x_wconf 78' lang='lat' dir='ltr'><strong>sententia</strong></span> <span class='ocrx_word' id='word_1_902' title='bbox 2132 5472 2214 5539; x_wconf 79' lang='lat' dir='ltr'><strong>(si</strong></span> <span class='ocrx_word' id='word_1_903' title='bbox 2259 5488 2433 5524; x_wconf 76' lang='lat' dir='ltr'><strong>verum</strong></span> <span class='ocrx_word' id='word_1_904' title='bbox 2474 5483 2548 5525; x_wconf 81' lang='lat' dir='ltr'><strong>est</strong></span> <span class='ocrx_word' id='word_1_905' title='bbox 2592 5470 2898 5593; x_wconf 58' lang='lat' dir='ltr'><strong>dicendumd)</strong></span> <span class='ocrx_word' id='word_1_906' title='bbox 2947 5474 3048 5526; x_wconf 76' lang='lat' dir='ltr'><strong>nisi</strong></span> <span class='ocrx_word' id='word_1_907' title='bbox 3098 5489 3265 5526; x_wconf 73' lang='lat' dir='ltr'><strong>aecus</strong></span> <span class='ocrx_word' id='word_1_908' title='bbox 3305 5474 3393 5529; x_wconf 82' lang='lat' dir='ltr'><strong>ille</strong></span> 
     </span>
     <span class='ocr_line' id='line_1_124' title="bbox 1847 5542 3389 5593; baseline 0 0"><span class='ocrx_word' id='word_1_909' title='bbox 1847 5542 2112 5593; x_wconf 80' lang='lat' dir='ltr'><strong>stimulus.</strong></span> <span class='ocrx_word' id='word_1_910' title='bbox 2132 5558 2231 5593; x_wconf 84' lang='lat' dir='ltr'><strong>auo</strong></span> <span class='ocrx_word' id='word_1_911' title='bbox 2262 5552 2381 5593; x_wconf 83' lang='lat' dir='ltr'><strong>ante</strong></span> <span class='ocrx_word' id='word_1_912' title='bbox 2406 5542 2739 5593; x_wconf 72' lang='lat' dir='ltr'><strong>vhilosonhiw</strong></span> <span class='ocrx_word' id='word_1_913' title='bbox 2768 5551 2849 5593; x_wconf 77' lang='lat' dir='ltr'><strong>stu</strong></span> <span class='ocrx_word' id='word_1_914' title='bbox 2892 5542 3001 5593; x_wconf 79' lang='lat' dir='ltr'><strong>iam</strong></span> <span class='ocrx_word' id='word_1_915' title='bbox 3033 5543 3087 5593; x_wconf 78' lang='lat' dir='ltr'><strong>in</strong></span> <span class='ocrx_word' id='word_1_916' title='bbox 3110 5545 3214 5593; x_wconf 77' lang='lat' dir='ltr'><strong>ista</strong></span> <span class='ocrx_word' id='word_1_917' title='bbox 3242 5556 3389 5593; x_wconf 75' lang='lat' dir='ltr'><strong>actus</strong></span> 
     </span>
    </p>
   </div>
   <div class='ocr_carea' id='block_1_124' title="bbox 1847 5542 3389 5610">
    <p class='ocr_par' dir='ltr' id='par_1_124' title="bbox 1847 5542 3389 5610">
     <span class='ocr_line' id='line_1_125' title="bbox 1847 5542 3389 5610; baseline 0.001 -14"><span class='ocrx_word' id='word_1_918' title='bbox 1847 5542 2112 5607; x_wconf 78' lang='lat' dir='ltr'><strong>stimulus,</strong></span> <span class='ocrx_word' id='word_1_919' title='bbox 2132 5558 2231 5610; x_wconf 85' lang='lat' dir='ltr'><strong>quo</strong></span> <span class='ocrx_word' id='word_1_920' title='bbox 2262 5552 2381 5595; x_wconf 83' lang='lat' dir='ltr'><strong>ante</strong></span> <span class='ocrx_word' id='word_1_921' title='bbox 2405 5542 2739 5610; x_wconf 69' lang='lat' dir='ltr'><strong>philosophia</strong></span> <span class='ocrx_word' id='word_1_922' title='bbox 2768 5542 3001 5595; x_wconf 76' lang='lat' dir='ltr'><strong>studium</strong></span> <span class='ocrx_word' id='word_1_923' title='bbox 3033 5543 3087 5595; x_wconf 78' lang='lat' dir='ltr'><strong>in</strong></span> <span class='ocrx_word' id='word_1_924' title='bbox 3110 5545 3214 5596; x_wconf 77' lang='lat' dir='ltr'><strong>ista</strong></span> <span class='ocrx_word' id='word_1_925' title='bbox 3242 5556 3389 5599; x_wconf 82' lang='lat' dir='ltr'><strong>actus</strong></span> 
     </span>
    </p>
   </div>
   <div class='ocr_carea' id='block_1_125' title="bbox 1847 5611 3385 5683">
    <p class='ocr_par' dir='ltr' id='par_1_125' title="bbox 1847 5611 3385 5683">
     <span class='ocr_line' id='line_1_126' title="bbox 1847 5611 3385 5683; baseline 0.003 -19"><span class='ocrx_word' id='word_1_926' title='bbox 1847 5624 1959 5665; x_wconf 83' lang='lat' dir='ltr'><strong>erat</strong></span> <span class='ocrx_word' id='word_1_927' title='bbox 1991 5612 2222 5681; x_wconf 78' lang='lat' dir='ltr'><strong>placita;</strong></span> <span class='ocrx_word' id='word_1_928' title='bbox 2262 5627 2420 5680; x_wconf 68' lang='lat' dir='ltr'><strong>neque</strong></span> <span class='ocrx_word' id='word_1_929' title='bbox 2452 5612 2596 5664; x_wconf 81' lang='lat' dir='ltr'><strong>aliud</strong></span> <span class='ocrx_word' id='word_1_930' title='bbox 2633 5611 2896 5683; x_wconf 66' lang='lat' dir='ltr'><strong>judicium</strong></span> <span class='ocrx_word' id='word_1_931' title='bbox 2922 5628 3100 5665; x_wconf 87' lang='lat' dir='ltr'><strong>eorum</strong></span> <span class='ocrx_word' id='word_1_932' title='bbox 3128 5630 3242 5683; x_wconf 70' lang='lat' dir='ltr'><strong>quae</strong></span> <span class='ocrx_word' id='word_1_933' title='bbox 3268 5630 3385 5668; x_wconf 85' lang='lat' dir='ltr'><strong>vera</strong></span> 
     </span>
    </p>
   </div>
   <div class='ocr_carea' id='block_1_126' title="bbox 1846 5678 3383 5753">
    <p class='ocr_par' dir='ltr' id='par_1_126' title="bbox 1846 5678 3383 5753">
     <span class='ocr_line' id='line_1_127' title="bbox 1846 5678 3383 5753; baseline 0.001 -17"><span class='ocrx_word' id='word_1_934' title='bbox 1846 5678 2053 5751; x_wconf 77' lang='lat' dir='ltr'><strong>putaret</strong></span> <span class='ocrx_word' id='word_1_935' title='bbox 2082 5683 2164 5753; x_wconf 88' lang='lat' dir='ltr'><strong>(ne</strong></span> <span class='ocrx_word' id='word_1_936' title='bbox 2189 5678 2379 5735; x_wconf 79' lang='lat' dir='ltr'><strong>mirum</strong></span> <span class='ocrx_word' id='word_1_937' title='bbox 2414 5682 2480 5735; x_wconf 81' lang='lat' dir='ltr'><strong>sit</strong></span> <span class='ocrx_word' id='word_1_938' title='bbox 2504 5678 2687 5752; x_wconf 77' lang='lat' dir='ltr'><strong>dicta),</strong></span> <span class='ocrx_word' id='word_1_939' title='bbox 2720 5678 2823 5736; x_wconf 73' lang='lat' dir='ltr'><strong>nisi</strong></span> <span class='ocrx_word' id='word_1_940' title='bbox 2850 5681 3073 5751; x_wconf 64' lang='lat' dir='ltr'><strong>fortuna</strong></span> <span class='ocrx_word' id='word_1_941' title='bbox 3103 5678 3383 5740; x_wconf 71' lang='lat' dir='ltr'><strong>temeritas.</strong></span> 
     </span>
    </p>
   </div>
  </div>
