3938 6282
192 268 332 327 {095

1127 266 1195 325 IN
1234 270 1580 331 ORIGENEM
1623 277 1880 335 ORATIO
1913 276 2370 337 PANEGYRICA.

3277 286 3414 344 £095

193 383 316 437 οὐδὲ
377 385 493 437 κατ’
526 383 717 448 αὐτοὺς
765 383 978 438 ἀπιέναι
1032 385 1212 455 ἠξίου·
1270 391 1405 460 πρὸς
1453 391 1508 444 δὲ
1554 395 1745 459 πάντας

1870 399 2116 466 phorum.
2170 397 2334 455 Nobis
2367 413 2496 470 ergo
2540 413 2608 453 ne
2657 397 2709 452 id
2754 399 2928 468 ipsum
2978 398 3118 470 quod
3154 399 3414 469 imperitae.

184 471 348 546 ἦγεν,
370 475 578 539 οὐδενὸς
607 477 962 546 άπειράστους
988 473 1123 530 εἶναι
1157 479 1324 533 θέλων
1356 483 1620 554 δόγματος
1653 488 1760 540 Ἐλ-

188 567 436 636 ληνικοῦ.
469 568 578 620 Καὶ
622 569 780 632 αὐτὸς
822 569 877 621 δὲ
931 570 1197 640 συνεισῄει
1231 575 1634 646 προηγούμενος
1667 581 1760 632 καὶ

187 657 568 728 χειραγωγῶν,
601 657 788 728 ῶσπερ
829 661 884 711 ὲν
916 660 1211 733 ὁδοιπορίᾳ,
1246 666 1298 715 εῖ
1327 682 1428 717 που
1473 669 1564 720 καὶ
1595 670 1761 722 ὑπαν-

185 748 355 818 τῆσαί
387 766 440 801 τι
470 749 675 801 σκολιὸν
707 751 798 802 καὶ
831 749 1057 804 ὕπουλον
1091 757 1182 806 καὶ
1219 757 1638 826 σοφισματῶόες,
1671 753 1758 812 οἷα

186 842 253 912 δὴ
282 841 530 912 τεχνίτης
561 843 623 893 ὲκ
656 842 754 912 τῆς
781 843 844 894 ἐκ
881 842 1074 896 πολλοῦ
1111 847 1221 908 τοῖς
1245 845 1420 913 λόγοις
1455 849 1756 919 συνδιατρι-

190 934 316 1003 ϐἧς,
345 935 444 986 οὐκ
485 933 656 1004 ἀήθης
697 934 904 997 οὐδενὸς
937 936 1054 988 οὐδὲ
1098 937 1321 1008 ἄπειρος
1364 938 1459 999 ῶν.
1491 941 1757 1012 μετέωρος

189 1027 352 1088 αὐτὸς
390 1043 448 1078 τε
495 1028 550 1078 ὲν
578 1026 804 1094 ἀσφαλεῖ
831 1028 1003 1096 μένοι,
1035 1030 1128 1082 καὶ
1159 1029 1332 1093 ἄλλοις
1362 1031 1566 1102 ὀρέγων
1602 1036 1756 1102 χεῖρα

187 1118 506 1181 ὁιασώζοιτο
547 1117 731 1189 ὥσπερ
783 1118 1201 1190 βαπτιζομένους
1252 1123 1613 1194 ἁνιμώμενοςο
1649 1127 1755 1176 πᾶν

189 1211 292 1278 μὲν
321 1212 349 1263 ὃ
381 1229 433 1263 τι
463 1213 726 1285 χρήσιμον
752 1212 1048 1281 φιλοσόφων
1074 1213 1314 1266 ἑκάστων
1337 1215 1429 1268 καὶ
1449 1215 1642 1286 ἀληθὲς
1663 1212 1751 1286 ἦν,

186 1301 490 1370 ἁναλέγων,
525 1303 615 1354 καὶ
659 1303 1085 1373 παρατιθέμενος
1132 1306 1259 1375 ἡμῖν
1283 1321 1295 1334 ·
1344 1305 1442 1358 ὅσα
1471 1306 1525 1358 δὲ
1557 1307 1745 1376 ψευδῆ,

184 1392 490 1462 ἐκκρίνων·
542 1393 610 1445 τά
652 1411 710 1445 τε
758 1393 911 1458 ἄλλα,
951 1395 1041 1447 καὶ
1076 1396 1304 1465 μαλίστα
1340 1396 1440 1450 ὅσα
1485 1397 1587 1449 ῖδια
1621 1398 1754 1468 πρὸς

185 1484 471 1537 εὐσέϐειαν
505 1481 572 1556 ἦν
597 1476 914 1556 ἀνθρώπων.

1864 491 2193 547 multitudini
2223 492 2503 558 eveniret,
2539 492 2606 546 ad
2633 491 2851 546 unicum
2881 507 2980 547 nos
3006 493 3411 562 philosophica-

1859 597 1980 636 rum
2020 583 2332 652 opinionum
2380 599 2548 653 genus
2599 597 2704 636 non
2739 583 3087 648 admovebat,
3123 599 3221 638 nec
3261 586 3314 637 in
3346 598 3414 638 eo

1859 674 2154 728 consistere
2183 674 2422 738 sinebat;
2461 674 2554 730 sed
2584 689 2678 743 per
2703 675 2884 728 omnia
2911 675 3166 738 ducebat,
3213 675 3414 731 nullius

1860 781 1958 819 nos
1987 765 2283 821 Grzecanici
2308 767 2577 836 dogmatis
2601 766 2761 820 rudes
2793 775 2887 818 aut
2911 765 3128 834 ignaros
3153 782 3270 820 esse
3294 782 3414 835 per-

1860 857 2098 910 mittens.
2161 855 2277 926 lpse
2305 866 2484 912 autem
2533 857 2696 912 simul
2725 857 2978 910 incedens
3005 857 3258 926 praeibat;
3294 875 3411 912 ma-

1859 960 2040 1014 nuque
2064 945 2288 1011 ducens,
2326 955 2582 1016 tanquam
2607 947 2661 999 in
2692 946 2796 1011 via,
2829 945 2875 999 si
2909 945 3038 1014 quid
3070 961 3295 1014 usquam
3321 946 3414 1000 tle-

1858 1049 2089 1088 xuosum
2143 1047 2484 1100 occurreret,
2542 1047 2635 1092 aut
2685 1037 2908 1092 infidum
2961 1046 3014 1092 et
3059 1037 3125 1092 ad
3169 1038 3410 1093 fraudem

1858 1126 2250 1194 compositum;
2285 1129 2430 1182 velut
2453 1129 2654 1196 peritus
2680 1128 2892 1194 artifex,
2929 1129 3015 1184 cui
3039 1145 3103 1183 ex
3129 1129 3284 1199 longo
3310 1145 3411 1183 usu

1857 1226 2019 1286 atque
2051 1219 2434 1273 exercitatione
2460 1220 2873 1289 philosophandi
2907 1221 3040 1274 nihil
3076 1222 3315 1276 insolens
3341 1223 3413 1277 sit

1859 1324 1957 1362 nec
1981 1309 2341 1378 inexpertum,
2387 1321 2442 1365 et
2467 1311 2716 1366 sublimis
2749 1312 2861 1382 ipse
2889 1313 2942 1366 in
2967 1322 3082 1366 tuto
3109 1325 3307 1378 manet,
3346 1330 3410 1370 ac

1858 1413 2078 1451 manum
2107 1397 2228 1451 aliis
2256 1400 2569 1469 porrigens,
2602 1403 2767 1454 veluti
2793 1402 2885 1470 qui
2913 1402 3290 1472 demerganlur
3317 1419 3411 1458 ex-

1862 1489 2081 1541 trahens
2104 1527 2120 1552 ,
2171 1496 2348 1541 servat
2391 1506 2403 1540 :
2451 1488 2521 1542 ita
2550 1488 2810 1560 quidquid
2841 1491 2979 1558 apud
3013 1491 3252 1558 singulos
3284 1492 3408 1562 phi-

186 1577 451 1648 1050phos
499 1581 628 1634 utile
674 1595 738 1634 ac
788 1595 972 1634 verum
1012 1588 1162 1644 erat,
1191 1581 1428 1652 deligens
1489 1583 1750 1652 nobisque
1802 1595 2110 1650 apponens;
2163 1595 2284 1649 quae.
2325 1594 2453 1635 vero
2500 1579 2672 1648 falsa,
2732 1598 3050 1650 secernens;
3106 1593 3219 1637 tum
3280 1585 3406 1643 alia.

185 1681 306 1724 tum
342 1672 612 1736 maxime,
647 1687 768 1740 qtue
798 1673 1076 1727 hominum
1119 1673 1333 1741 propria
1367 1683 1493 1728 sunt
1524 1676 1589 1728 ad
1625 1675 1899 1744 pietatem.

261 1765 360 1818 lE'.
401 1764 535 1835 Περὶ
589 1765 787 1817 τούτων
840 1766 936 1836 μὲν
989 1766 1152 1836 μηδὲν
1196 1767 1477 1837 προσέχειν
1519 1767 1745 1839 συμϐου-

1925 1766 2040 1821 XV.
2068 1767 2133 1821 Et
2160 1767 2353 1821 horum
2378 1767 2594 1836 quidem
2620 1778 2676 1822 ut
2702 1769 2834 1823 nihil
2859 1770 3256 1825 attenderemus
3281 1787 3405 1827 sna-

185 1854 380 1917 λεύων,
418 1854 549 1924 μηδὲ
585 1857 634 1906 εί
662 1855 933 1923 πάνσοφός
962 1873 1046 1919 τις
1076 1857 1178 1908 ὑπὸ
1211 1857 1422 1910 πάντων
1454 1857 1751 1930 ἀνθρώπων

190 1965 370 2018 μαρτυ
379 1946 566 2017 ρηθείη
584 1963 598 1976 ·
629 1947 770 2019 μόνῳ
796 1948 851 2001 δὲ
879 1949 1162 2021 προσέχειν
1185 1949 1300 2019 Θεῷ
1323 1949 1544 2014 καὶτοῖς
1565 1951 1751 2003 τούτου

187 2039 526 2108 προφήταις·
592 2039 751 2102 αὐτὸς
784 2039 1136 2112 ὑποφητεύων
1164 2039 1272 2110 (26)
1300 2040 1392 2093 καὶ
1422 2040 1750 2113 σαφηνίζων,

186 2126 218 2179 ὃ
243 2128 296 2180 τί
327 2144 456 2180 ποτε
487 2128 756 2181 σκοτεινὸν
789 2129 880 2182 καὶ
933 2130 1325 2200 αἰνιγματῶδες
1435 2126 1541 2201 (οἷα
1590 2133 1752 2187 πολλὰ

187 2219 248 2271 ὲν
273 2222 394 2283 ταῖς
423 2220 596 2290 ίεραῖς
628 2221 742 2272 ὲστι
789 2221 1015 2285 Φωναῖς
1052 2222 1169 2292 ἤτοι
1211 2221 1352 2276 οὕτω
1398 2224 1548 2292 φίλον
1580 2223 1638 2279 ὃν
1671 2225 1746 2297 τῷ

186 2309 311 2380 Θεῷ
345 2309 688 2382 προσομιλεῖν
720 2310 1042 2383 ἀνθρώποις,
1078 2313 1150 2376 ὡς
1181 2314 1252 2385 μὴ
1279 2317 1377 2369 καὶ
1397 2316 1618 2382 ἀναξίαν
1647 2319 1750 2388 ψυ-

189 2401 314 2470 χὴν,
352 2395 461 2453 οἶαι
513 2404 568 2455 αἱ
604 2402 822 2464 πολλαὶ,
871 2404 1072 2474 γυμνὸς
1123 2407 1215 2458 καὶ
1269 2408 1512 2479 ἀσκεπὴς
1555 2411 1583 2462 ὁ
1612 2409 1752 2474 θεῖος

189 2493 336 2564 εἰσίῃ
389 2492 561 2560 λόγος’
614 2494 775 2564 ἧκα).
816 2499 883 2566 τῇ
933 2495 1092 2564 φύσει
1148 2498 1246 2568 μὲν
1299 2501 1625 2568 σαφέστατον
1660 2502 1751 2556 καὶ

190 2584 558 2638 ἁπλούστατον
611 2588 717 2638 πᾶν
750 2586 807 2638 τὸ
844 2587 983 2640 θεῖον
1015 2588 1190 2656 λόγιον
1239 2589 1348 2660 (27)
1403 2591 1482 2653 ὃν,
1521 2593 1648 2662 ἡμῖν
1695 2593 1750 2645 δὲ

186 2678 457 2730 ἀποστᾶσι
487 2677 640 2739 Θεοῦ,
665 2679 758 2730 κα)⁸
798 2679 1275 2750 άπομεμαθηκόσιν
1319 2681 1617 2758 ἀκροᾶσθαι
1649 2684 1750 2736 ὑπὸ

188 2768 381 2841 χρόνου
405 2770 498 2823 καὶ⁵
525 2769 900 2840 παλαιότητος,
932 2772 1135 2839 ἀσαφὲς
1165 2773 1258 2826 καὶ
1290 2773 1557 2826 σκοτεινὸν
1579 2791 1746 2828 κατα-

191 2862 533 2932 φαινόμενον,
590 2862 689 2915 ούκ
739 2862 845 2932 ἔχω
891 2863 1112 2933 λέγειν)·
1145 2864 1279 2934 πλὴν
1324 2865 1626 2936 σαφηνίζων
1655 2869 1746 2920 καὶ

189 2953 272 3014 είς
297 2952 410 3020 φῶς
439 2951 714 3024 προάγων,
740 2952 848 3004 εἴτε
871 2952 1163 3021 αίνίγματα
1191 2953 1315 3005 ὄντα
1337 2954 1608 3022 τυγχάνοι,
1639 2955 1744 3007 δει-

187 3042 279 3105 νὸς
304 3041 380 3094 ῶν
412 3043 682 3113 ἀκροατὴς
697 3041 830 3095 Θεοῦ
855 3043 946 3096 καὶ
973 3042 1348 3106 συνετώτατος·
1375 3045 1483 3097 εἴτε
1513 3047 1605 3098 καὶ
1631 3046 1740 3117 (2-3)
1771 3027 1811 3083 (ἶ

187 3134 340 3186 οὐδὲν
371 3133 576 3187 σκολιὸν
623 3134 810 3204 ἔχοντα
835 3138 900 3207 τῇ
935 3135 1110 3204 φύσει,
1161 3136 1267 3188 οὐδ’
1293 3136 1544 3188 ἀσύνετον
1575 3137 1738 3207 αύτῷ,

188 3226 362 3290 οὕτως
394 3226 566 3296 ἔχοντι
601 3227 746 3297 μόνῳ
769 3226 876 3280 τῶν
909 3226 1004 3281 νῦν
1059 3219 1378 3298 ἀνθρώπων,
1403 3223 1475 3282 ὧν
1499 3231 1655 3293 αὑτός
1684 3247 1740 3282 τε

185 3319 382 3389 ἔγνων,
417 3319 511 3372 καὶ
539 3319 736 3392 ἐτέρων
759 3321 965 3390 ἥκουσα
994 3320 1120 3390 περί
1151 3338 1309 3373 τινων
1336 3321 1618 3390 λεγόντων,
1648 3341 1742 3392 με-

191 3415 513 3486 μελετηκότι
540 3413 650 3486 (29)
690 3414 758 3467 τὰ
789 3413 1002 3485 καθαρὰ
1043 3413 1148 3467 τῶν
1179 3414 1370 3482 λογίων
1402 3417 1634 3483 φωτεινά
1660 3433 1738 3481 τε,

188 3506 585 3579 παραδέχεσθαι
607 3505 770 3558 αὑτοῦ
804 3507 868 3576 τῇ
913 3505 1056 3576 ψυχῇ
1109 3507 1202 3558 καὶ
1243 3506 1580 3559 διδάσκεσθαι
1623 3507 1740 3559 ἑτέ-

184 3611 334 3668 ρους*
361 3599 442 3651 ὃτι
474 3595 646 3650 αὐτῶν
680 3597 789 3668 (50)
825 3599 853 3649 ὁ
881 3597 1095 3650 πάντων
1141 3598 1407 3668 ἀρχηγὸς,
1438 3599 1466 3650 ὁ
1492 3601 1604 3660 τοῖς
1645 3596 1738 3651 τοῦ

177 3689 322 3744 θεοῦ
357 3687 530 3757 φίλοις
554 3689 858 3758 προφήταις
892 3687 1114 3758 ὑπηχῶν
1175 3689 1268 3742 καὶ
1299 3689 1609 3742 ὑποϐάλλων
1633 3693 1739 3744 πᾶ-

186 3797 286 3833 σαν
309 3779 638 3851 προφητείαν
675 3778 765 3830 καὶ
791 3777 944 3846 λόγον
987 3780 1242 3849 μυστικὸν
1265 3779 1356 3832 καὶ
1379 3779 1537 3843 Θεῖον,
1571 3779 1740 3843 οὕτως

179 3871 349 3926 αὑτὸν
375 3873 608 3942 τιμήσας
659 3869 733 3932 ὡς
777 3869 946 3939 φίλον,
1001 3873 1301 3942 προήγορον
1351 3870 1735 3940 κατεστήσατο·

165 3961 265 4021 ,ὧν
285 3967 354 4020 δι’
385 3965 584 4035 ἑτέρων
610 3963 828 4034 ᾐνίξατο
883 3965 1058 4034 μόνον,
1092 3963 1295 4017 τούτων
1325 3963 1412 4016 διὰ
1430 3961 1616 4016 τούτου
1643 3963 1740 4032 τὴν

183 4057 536 4113 διδασκαλίαν
571 4055 904 4125 ποιούμενος·
934 4057 1032 4108 ὅσα
1063 4073 1142 4119 τε,
1170 4055 1602 4122 ἀξιοπιστότατος
1640 4053 1736 4120 ὢν,

183 4153 218 4224 ῆ
249 4151 549 4223 προσέταξε
607 4149 896 4220 βασιλικῶς
934 4148 966 4219 ἢ
1023 4147 1113 4200 καὶ⁸
1157 4149 1484 4218 ἀπεφήνατο,
1535 4146 1738 4201 τούτων

182 4244 311 4306 τοὺς
331 4242 522 4310 λόγους
575 4238 945 4312 διερευνᾶσθαί
975 4255 1035 4290 τε
1079 4238 1170 4291 καὶ
1201 4237 1528 4310 ἐξευρίσκειν
1568 4237 1738 4309 τούτῳ

183 4336 602 4407 δωρησάμενος·
667 4333 731 4385 ἵν’
782 4331 836 4384 εῖ
861 4349 944 4395 τις
999 4329 1226 4402 σκληρὸς
1273 4331 1370 4401 τὴν
1418 4329 1593 4402 ψυχὴν
1645 4333 1736 4384 καὶ

185 4404 463 4497 ἄπιστοςῆ
485 4428 579 4480 καὶ
609 4424 908 4496 φιλομαθὴς
937 4423 1010 4477 ὢν
1039 4422 1208 4494 τύχοι,
1241 4421 1388 4496 παρὰ
1410 4423 1598 4476 τούτου
1631 4441 1732 4494 μα-
1759 4404 1808 4464 Ῑ)

185 4519 314 4583 θὼν,
355 4519 447 4572 καὶ
479 4522 712 4572 συνεῖναι
771 4518 862 4570 καὶ
911 4515 1180 4569 πιστεύειν
1233 4513 1442 4568 ἑλέσθαι
1499 4517 1736 4584 ἀναγκά-

186 4611 334 4677 ζοιτο
362 4610 557 4681 τρόπον
587 4609 724 4675 τινὰ,
760 4610 850 4662 καὶ
878 4607 1102 4661 ἕπεσθαι
1125 4607 1261 4676 Θεῷ.
1291 4608 1452 4675 Λέγει
1477 4624 1536 4659 τε
1565 4606 1735 4660 ταῦτα

183 4704 287 4758 οὐκ
328 4703 521 4769 ἄλλως,
552 4699 722 4772 οἶμαι,
758 4701 790 4772 ἧ
832 4700 1082 4770 κοινωνία
1102 4698 1193 4751 τοῦ
1227 4697 1368 4750 θείου
1401 4696 1730 4767 Πνεύματοςο

185 4797 286 4866 τῆς
327 4795 435 4866 γάρ
483 4795 647 4864 αὐτῆς
688 4792 962 4862 δυνάμεως
993 4790 1072 4842 δεῖ
1122 4787 1512 4860 προφητεύουσί
1543 4805 1600 4840 τε
1643 4789 1736 4842 καὶ

186 4889 550 4962 ἀκροωμένοις
577 4887 885 4959 προφητῶνο
921 4884 1013 4937 καὶ⁹
1044 4883 1142 4935 οὐκ
1173 4882 1238 4936 ἂν
1270 4879 1491 4934 ἀκούσαι
1524 4881 1733 4950 προφή-

185 4996 302 5044 του,
337 4971 380 5046 ᾧ
416 4979 488 5050 μὴ
517 4977 645 5032 αὐτὸ
672 4977 730 5030 τὸ
763 4974 984 5044 Πνεῦμα
1007 4973 1066 5026 τὸ
1093 4971 1470 5044 προφητεῦσαν
1495 4970 1589 5041 τὴν
1615 4971 1735 5025 σύν-

185 5091 302 5129 εσιν
332 5072 438 5126 τῶν
485 5071 647 5126 αὑτοῦ
671 5070 843 5137 λόγων
884 5069 1207 5138 ἐδωρήσατο.
1230 5064 1476 5119 Τοιοῦτον
1495 5063 1731 5133 ἔγκειται

254 5271 367 5342 (26)
405 5270 823 5340 Ὑπορητεύων.
843 5266 1153 5342 ’Υποφλήτης
1175 5265 1390 5328 dicitur,
1414 5264 1731 5342 quLoraeu-

181 5335 294 5400 lum
312 5335 616 5412 a'prOphéta
628 5347 934 5412 susceptum
959 5335 1178 5412 ad_’alios
1196 5343 1467 5405 propagat.
1498 5335 1725 5412 BeucaL.

254 5405 377 5482 (27)·
405 5405 634 5482 Aerior.
668 5405 992 5482 Diminutjva
1022 5406 1235 5482 forma;
1278 5421 1399 5458 nam
1427 5405 1650 5482 oracula
1676 5414 1730 5482 et

254 5431 367 5482 (τί)
405 5431 634 5534 Λοῖιον.
668 5431 992 5462 mmmutlva
1022 5431 1235 5486 turma}
1278 5431 1399 5458 natu
1427 5431 1640 5486 mucuru
1676 5431 1727 5459 ct

181 5484 420 5558 ﬁdelium
451 5482 468 5551 (
521 5481 666 5534 Sam.
691 5494 855 5558 sint“,
891 5477 984 5558 2).,
1008 5486 1060 5558 et
1086 5486 1342 5558 gepttum,
1389 5491 1444 5528 v.
1485 5491 1564 5544 gr.
1598 5475 1727 5528 illud

179 5554 325 5622 quod
354 5547 574 5622 (lt-(esus
601 5551 792 5613 audiit.
826 5547 1124 5602 brevitatem
1157 5547 1389 5600 habuere
1423 5560 1584 5614 quam
1615 5561 1728 5598 ma-

182 5621 534 5764 Ὓεῖῗέἶὲ
567 5690 683 5744 καί.
736 5686 848 5746 Hoc
878 5686 985 5741 είτε
1025 5685 1283 5758 apodosin
1317 5699 1443 5741 mox
1471 5684 1631 5740 habet
1669 5683 1722 5737 in

1848 1857 2012 1922 dens,
2053 1873 2122 1912 ne
2149 1860 2191 1913 si
2224 1867 2283 1911 ut
2313 1859 2746 1928 sapientissimus
2792 1861 3007 1928 quidem
3041 1862 3304 1930 quispiam
3335 1863 3406 1919 ab

1848 1950 2098 2004 omnibus
2129 1950 2432 2004 celebretur
2456 1990 2470 2012 ,
2509 1952 2600 2005 sed
2635 1962 2691 2006 ut
2726 1953 2818 2005 uni
2855 1951 2960 2006 Deo
2999 1969 3218 2023 operam
3250 1956 3406 2009 dare-

1849 2055 1971 2095 mus
1999 2041 2224 2111 ejusque
2245 2041 2554 2111 prophetis;
2591 2042 2704 2110 ipse
2733 2043 3115 2112 prephetarum
3141 2045 3402 2114 interpre-

1848 2140 1955 2185 tem
1989 2147 2173 2200 agens,
2214 2141 2268 2186 et
2312 2131 2608 2200 explanans
2649 2131 2909 2202 quidquid
2948 2150 3175 2202 usquam
3211 2136 3406 2190 obscu-

1849 2239 1968 2279 rum
1994 2232 2048 2277 ct
2071 2224 2468 2293 aenigmaticum
2494 2233 2608 2279 erat
2631 2225 2832 2294 (qualia
2864 2233 2991 2279 sunt
3015 2226 3065 2279 in
3091 2227 3264 2282 sacris
3294 2225 3407 2281 Lit-

1851 2315 1980 2369 teris
2015 2315 2310 2384 permulta;
2347 2317 2459 2370 sive
2491 2316 2565 2370 ita
2595 2315 2701 2370 Deo
2737 2316 2901 2371 libeat
2937 2332 3060 2371 cum
3092 2317 3404 2372 hominibus

1851 2423 2028 2478 agere,
2049 2424 2115 2463 ne
2132 2409 2405 2479 indignam
2428 2409 2687 2473 animam,
2715 2409 3022 2478 cujusmodi
3047 2411 3226 2464 multa:
3252 2421 3400 2475 sunt,

1849 2501 2029 2555 nudus
2058 2501 2370 2565 et,intectus
2401 2501 2617 2554 divinus
2647 2516 2827 2554 sermo
2853 2501 3074 2565 subeat;
3111 2501 3222 2555 sive
3258 2502 3402 2570 quod

1851 2593 2250 2661 apertissimum
2279 2593 2496 2661 quidem
2531 2601 2723 2646 natura
2749 2609 2813 2647 ac
2839 2594 3296 2663 simplicissimum
3331 2596 3402 2649 sit

1849 2695 2011 2734 omne
2041 2681 2320 2734 oraculum
2355 2681 2635 2748 divinum;
2674 2683 2767 2736 sed
2811 2682 2968 2736 nobis
2995 2682 3088 2751 qui
3125 2699 3155 2737 a
3185 2682 3292 2737 Deo
3318 2699 3404 2737 re-

1847 2771 2130 2836 cessimus,
2155 2781 2206 2826 et
2236 2771 2424 2826 audire
2451 2781 2670 2841 prapter
2703 2781 2912 2842 tempus
2937 2781 2990 2826 et
3024 2773 3398 2842 antiquitatem

1846 2862 2209 2929 desuevimus,
2243 2862 2534 2918 obscurum
2584 2877 2647 2916 ac
2691 2863 3087 2918 tenebricosum
3133 2865 3397 2928 videatur,

1851 2955 2029 3008 dicere
2058 2970 2162 3008 non
2199 2955 2429 3024 habeo);
2466 2962 2585 3007 utut
2615 2954 2704 3020 sit,
2757 2954 3035 3009 declarans
3066 2965 3118 3010 et
3147 2956 3196 3008 in
3224 2955 3398 3009 lucem

1845 3045 2150 3116 proferens,
2176 3045 2286 3102 sive
2315 3046 2597 3116 a'nigmata
2623 3046 2746 3108 sint,
2790 3055 3042 3115 tanquam
3084 3047 3308 3102 idoneus
3346 3056 3398 3100 et

1845 3135 2364 3206 intelligentissimus
2411 3135 2501 3190 Dei
2547 3137 2792 3198 auditor;
2842 3136 2952 3190 sive
2995 3136 3286 3191 obscurum
3337 3152 3400 3191 ac

1845 3227 2142 3282 ﬂexuosum
2175 3237 2367 3280 natura
2411 3227 2545 3280 nihil
2578 3227 2831 3293 habeant,
2872 3243 2971 3281 nec
3006 3227 3278 3281 intellectu
3309 3243 3399 3282 ar-

1843 3319 2009 3373 duum
2045 3319 2183 3388 ipsi,
2208 3320 2299 3390 qui
2340 3334 2480 3374 unus
2519 3319 2760 3373 omnium
2795 3319 2886 3388 qui
2917 3333 3062 3373 nunc
3090 3321 3273 3373 vivunt
3301 3319 3400 3373 ho-

1844 3412 2074 3475 minum,
2099 3426 2239 3479 quos
2266 3411 2349 3464 vel
2377 3410 2616 3464 noverim
2642 3409 2772 3480 ipse,
2807 3411 2886 3465 vel
2913 3411 3035 3465 aliis
3055 3412 3398 3468 narrantibus

1842 3500 2158 3564 audiverim,
2197 3515 2329 3569 pura
2361 3509 2522 3569 atque
2566 3500 2846 3568 perspicua
2883 3503 3101 3557 oracula
3135 3504 3398 3558 meditan-

1841 3592 1932 3658 do,
1963 3604 2016 3647 et
2051 3605 2226 3646 mente
2265 3593 2378 3661 ipse
2419 3593 2690 3662 percipere
2721 3604 2916 3663 potest,
2950 3604 3002 3650 ct
3031 3598 3266 3665 reliquos
3300 3597 3397 3650 do—

1841 3700 1992 3751 cere;
2026 3685 2278 3754 quoniam
2312 3684 2398 3738 ille
2427 3685 2668 3739 omnium
2708 3687 2978 3755 princeps,
3011 3688 3102 3756 qui
3134 3687 3241 3741 Deo
3263 3687 3395 3741 cha~

1839 3779 1916 3832 ris
1947 3777 2222 3847 prophetis
2255 3777 2494 3847 suggerit
2533 3787 2696 3846 atque
2739 3778 2966 3848 inspirat
3006 3794 3220 3833 omnem
3262 3794 3393 3848 pro-

1840 3869 2073 3939 phetiam
2125 3881 2537 3935 sermonemque
2585 3867 2874 3938 mysticum
2917 3883 2982 3923 ac
3023 3868 3285 3932 divinum,
3325 3881 3392 3922 eo

1839 3961 1989 4015 illum
2033 3959 2234 4013 honore
2283 3958 2517 4013 alliciens
2567 3959 2713 4012 velut
2757 3959 3011 4025 amicum,
3042 3961 3390 4029 interpretem

1839 4052 2119 4108 constituit
2145 4071 2156 4105 :
2189 4067 2308 4121 qua:
2331 4051 2453 4107 aliis
2485 4051 2743 4105 indicavit
2771 4051 3051 4117 duntaxat,
3085 4066 3270 4105 eorum
3297 4067 3392 4122 per

1838 4147 1984 4201 hunc
2035 4143 2323 4199 instituens
2377 4141 2752 4210 disciplinam;
2795 4155 2846 4196 et
2887 4157 3221 4212 quaecunque
3251 4142 3386 4212 ipse,

1837 4236 1982 4291 omni
2013 4236 2115 4290 ﬁde
2153 4233 2368 4305 dignus,
2410 4242 2502 4288 aut
2538 4233 2687 4303 regio
2731 4247 2880 4286 more
2909 4233 3071 4302 jussit
3104 4241 3198 4287 aut
3222 4235 3385 4287 etiam

1838 4326 2230 4395 pronuntiavit,
2286 4340 2472 4380 eorum
2535 4325 2772 4378 rationes
2822 4326 3142 4395 investigare
3197 4333 3250 4378 et
3301 4326 3390 4377 ad-

1835 4418 2076 4472 invenire
2122 4417 2248 4471 huic
2294 4416 2521 4486 largitus
2553 4433 2564 4468 :
2601 4425 2658 4470 ut
2692 4415 2735 4468 si
2769 4415 2892 4484 quis
2924 4414 3104 4467 animo
3129 4415 3299 4469 durus
3333 4425 3388 4468 et

1836 4507 2166 4570 incredulus,
2185 4514 2278 4560 aut
2305 4504 2543 4560 discendi
2571 4503 2731 4556 etiam
2771 4501 3001 4570 cupidus
3019 4502 3243 4556 exsistat
3268 4543 3282 4567 ,
3316 4502 3385 4556 ab

1836 4601 1940 4655 hoc
1970 4600 2208 4664 discens,
2249 4606 2301 4651 et
2334 4595 2628 4665 intelligere
2661 4603 2714 4647 et
2741 4594 2958 4648 credere
2987 4593 3384 4662 quodammodo

1834 4701 2081 4762 cogatur,
2127 4698 2182 4743 et
2219 4686 2385 4740 Deum
2418 4686 2589 4754 sequi.
2625 4683 2748 4738 Hau:
2771 4699 2902 4738 vero
2933 4685 3018 4738 ille
3052 4700 3158 4740 non
3203 4685 3380 4753 aliter,

1833 4785 2046 4853 opinor,
2077 4781 2340 4845 enuntiat,
2372 4793 2534 4847 quam
2568 4793 2632 4832 ex
2667 4776 2833 4831 divini
2875 4774 3107 4845 Spiritus
3136 4793 3384 4830 commu-

1833 4875 2104 4932 nicatione
2136 4892 2149 4927 :
2182 4872 2367 4927 eadem
2399 4870 2542 4926 enim
2579 4869 2660 4924 vis
2690 4869 2986 4939 prophetis,
3014 4878 3066 4922 et
3096 4871 3382 4938 propheta-

1833 4982 1953 5022 rum
1997 4963 2335 5020 auditoribus
2371 4969 2454 5016 est
2493 4975 2662 5030 opus;
2709 4975 2806 5013 nec
2840 4961 3151 5028 prophetam
3188 4975 3382 5028 capere

1832 5059 1956 5130 quis
1983 5055 2174 5127 possit,
2203 5055 2290 5110 cui
2317 5051 2551 5123 Spiritus
2577 5053 2716 5107 idem
2751 5052 2840 5121 qui
2877 5050 3230 5120 prophetarit,
3262 5065 3379 5106 ser-

1830 5260 1936 5315 ούδ’
1965 5259 2218 5312 ἀσύνετον
2258 5253 2423 5324 αὐτῷ,
2471 5253 2675 5309 scilicet
2706 5252 2912 5322 ἔχοντα.
2941 5249 3140 5304 Confer
3177 5249 3220 5303 ll
3245 5249 3370 5306 Cor.

1828 5347 1950 5394 vui,
1973 5330 2063 5392 23,
2092 5328 2144 5380 εἴ
2168 5324 2346 5380 12.11).

1901 5391 2010 5470 (‘21))
2055 5401 2356 5470 'Exorqe".
2382 5393 2827 5470 ,ιιεμιεδλξετηκρτιἶ
2872 5391 3224 5470 G_r:e_cismu_s,
3263 5391 3372 5470 ἔχει

1875 5461 2229 5590 εέιελεῖηδιώς.
2264 5461 2546 5520 Nonnullis
2568 5463 2862 5532 interjeetis
2903 5462 3127 5530 legimus
3152 5461 3237 5515 hic
3259 5461 3371 5531 ἔχει

1875 5557 1892 5590 ι
1930 5556 2020 5589 ων.
2071 5555 2121 5590 n.

1857 5555 2266 5678 αῖὲθΐῖὗτῷν.
2313 5603 2560 5662 Refertur
2610 5601 2676 5658 ad
2726 5599 2952 5668 λογίων,
2992 5611 3045 5657 et
3094 5600 3298 5670 regitur
3337 5615 3367 5655 a

1827 5675 2141 5752 προηγορον.
2177 5675 2250 5730 In.
