3938 6282
599 205 740 264 1095

1716 204 1777 268 8.
1813 211 2145 268 GREGORII
2187 212 2692 270 TilAUMATURGl

3597 233 3705 291 {096

596 342 822 382 monum
853 327 970 398 ejus
999 327 1402 398 intelligentiam
1430 343 1538 382 non
1561 329 1787 386 dederit.
1822 331 2076 402 Talisque
2098 333 2128 386 ἱι

2216 365 2229 392 ι
2253 329 2430 399 λόγιον
2457 333 2551 386 καὶ
2597 335 2654 385 ὲν
2695 334 2810 396 τοῖς
2860 333 3020 403 ἱεροῖς
3052 335 3344 409 Γράμμασι,
3395 342 3473 396 τὸν
3514 344 3709 404 κλείοντα

597 419 767 474 sacris
786 419 948 473 etiam
981 417 1201 476 Litteris
1235 423 1506 477 sententia
1533 423 1789 491 exstat",
1818 440 1944 479 eum
1976 425 2152 480 solum

595 511 690 581 qui
720 511 935 573 clausit,
961 513 1169 582 aperire
1192 512 1484 578 afﬁrmans,
1508 515 1674 569 alium
1704 527 1830 570 vero
1850 517 2150 571 neminem:

593 603 780 658 clausa
810 613 988 659 autem
1023 606 1213 674 aperit,
1240 606 1668 678 dumaeuigmata
1697 609 1954 676 declarat,
1975 624 2155 665 sermo

595 695 830 751 divinus.
863 692 1016 762 Quod
1039 697 1258 765 quidem
1289 697 1490 752 donum
1522 700 1816 754 maximum
1845 701 1934 756 hic
1957 701 2154 756 divini-

597 795 686 842 tus
715 796 990 856 acceptum
1024 800 1333 858 sortemque
1363 790 1578 846 ctelitus
1605 792 1863 861 optimam
1893 794 2070 861 habet,
2095 803 2154 849 ut

593 877 689 933 Dei
727 890 1038 934 sermonum
1069 879 1336 950 interpres
1375 882 1444 936 sit
1475 883 1616 952 apud
1651 885 1920 948 homines,
1951 886 2152 956 Deique

590 972 777 1036 verba,
806 971 882 1025 uti
914 969 1021 1025 Deo
1043 972 1296 1042 loquente
1318 973 1606 1044 intelligat;
1629 983 1683 1030 et
1711 975 2044 1040 hominibus,
2073 979 2150 1034 uti

592 1062 838 1118 homines
871 1063 1187 1133 percipiant,
1228 1074 1463 1118 enarret.
1489 1064 1668 1131 Quare
1709 1067 1842 1121 nihil
1876 1070 2032 1124 nobis
2067 1071 2151 1124 in-

591 1156 826 1222 dictum;
860 1171 1033 1226 neque
1077 1156 1222 1210 enim
1270 1153 1509 1212 abditum
1538 1168 1591 1214 et
1618 1159 1952 1215 inaccessum
1983 1171 2100 1217 erat
2131 1178 2146 1217 :

589 1247 721 1317 quin
742 1247 923 1301 omnia
946 1247 1252 1317 perdiscere
1268 1247 1517 1318 dogmata
1543 1249 1758 1317 licebat,
1781 1262 1834 1306 et
1858 1253 2147 1308 barbarum

587 1347 642 1394 et
686 1338 952 1406 Graecum,
1004 1347 1058 1393 et
1097 1339 1387 1410 mysticum
1417 1347 1470 1394 et
1494 1340 1670 1408 civile,
1707 1354 1762 1397 et
1807 1343 2048 1399 divinum
2095 1356 2148 1402 et

588 1430 910 1494 humanum,
961 1446 1085 1485 cum
1120 1429 1268 1484 omni
1305 1430 1552 1486 libertate
1599 1441 1791 1488 cuncta
1824 1434 2147 1495 obeuntibus

587 1527 750 1588 atque
775 1520 1165 1585 scrutantibus,
1203 1528 1266 1573 ut
1294 1520 1548 1577 omnibus
1570 1523 1929 1592 expleremur,
1951 1535 2004 1582 et
2025 1529 2149 1583 ani-

585 1609 660 1663 mi
693 1609 849 1664 bonis
874 1602 1076 1664 affatim
1109 1609 1544 1680 perfrueremur;
1575 1613 1690 1669 sive
1711 1616 1946 1685 priscum
1972 1621 2144 1690 quod-

2257 420 2562 489 ἀνοιγνύναι
2625 421 2779 491 μόνον
2826 422 2998 491 λέγον,
3045 423 3196 479 ἄλλον
3245 427 3297 481 δὲ
3352 431 3456 500 μηδ’
3503 432 3708 489 ὁντινοῦν·

2255 513 2459 581 ἀνοίγει
2493 513 2549 567 δὲ
2575 513 2642 568 τὰ
2667 513 3040 586 κεκλεισμένα,
3095 519 3382 589 σαφηνίζων
3404 522 3464 576 τὰ
3481 525 3714 597 αἰνίγματα

2253 605 2282 656 ὁ
2309 603 2448 668 θεῖος
2475 605 2651 675 λόγος.
2683 607 2861 678 Δῶρον
2890 608 2948 662 τὸ
2977 611 3224 681 μέγιστον
3254 606 3395 676 οὗτος
3417 615 3550 670 τοῦτο
3571 618 3714 673 θεόθεν

2254 695 2368 765 ἔχει
2397 695 2596 784 λαϐὼν,
2633 700 2724 754 κα).
2753 704 2944 773 μοῖραν
2977 704 3257 776 παγκάλην
3287 707 3558 776 οὐρανόθεν,
3584 712 3717 784 ἑρμη-

2251 786 2375 848 νεὺς
2393 781 2530 840 εἶναι
2559 787 2664 841 τῶν
2687 788 2779 842 τοῦ
2795 790 2928 844 Θεοῦ
2956 792 3127 861 λόγων
3156 795 3284 863 πρὸς
3309 781 3717 866 ἀνθρώπουςίσυν-

2252 875 2389 930 ιέναι
2437 878 2506 931 τὰ
2551 879 2683 933 Θεοῦ
2726 881 2802 943 ὡς
2842 881 2974 936 Θεοῦ
3023 883 3318 949 λαλοῦντος,
3352 887 3435 941 καὶ
3477 887 3717 961 διηγεῖσθαι

2250 966 2574 1037 ἀνθρώποις,
2604 969 2680 1036 ὡς
2711 971 3011 1027 ἀκούσωσιν
3045 975 3157 1045 (51)
3186 976 3456 1048 ἄνθρωποι.
3481 981 3716 1054 Τοιγαροῦν

2248 1059 2400 1112 οὐδὲν
2429 1063 2565 1132 ἡμῖν
2585 1062 2840 1132 ἄρρητον,
2875 1064 2994 1118 οὐδὲ
3033 1068 3140 1137 γὰρ
3174 1065 3281 1136 (52)
3310 1071 3634 1141 κεκρυμμένον
3653 1075 3718 1126 καὶ

2248 1149 2444 1204 ἄϐατον
2475 1147 2561 1221 ἦνλ
2595 1150 2720 1222 ἐξῆν
2741 1153 2797 1206 δὲ
2841 1154 2936 1206 καὶ
2994 1155 3281 1224 μανθάνειν
3306 1158 3465 1211 πάντα
3489 1160 3632 1229 λόγον,
3652 1167 3718 1216 καὶ

2249 1241 2521 1312 βάρϐαρον
2549 1243 2643 1295 καὶ
2678 1243 2931 1315 Ἕλληνα,
2983 1247 3079 1300 καὶ
3123 1231 3498 1318 μυστικώτερόν
3515 1253 3594 1304 κα).
3618 1254 3720 1309 πολι-

2247 1331 2558 1404 τικώτερον,
2579 1332 2672 1386 καὶ
2697 1334 2837 1388 θεῖον
2869 1335 2964 1388 καὶ
2995 1335 3343 1408 ἀνθρώπινον,
3375 1341 3461 1391 σὺν
3480 1341 3603 1413 πάσῃ
3621 1347 3719 1415 παῤ-

2250 1425 2412 1496 ρησίᾳ
2439 1425 2771 1497 ὲκπεριιοῦσι
2821 1427 2932 1498 (55)
2975 1428 3154 1482 πάντα
3201 1429 3294 1482 καὶ
3335 1430 3716 1504 διερευνωμένοις.

2245 1516 2342 1570 καὶ
2373 1517 2588 1570 πάντων
2614 1517 3060 1590 ὲμφορουμένοις,
3093 1521 3184 1574 καὶ
3214 1520 3520 1576 ἀπολαύουσι
3541 1525 3628 1576 τῶν
3652 1528 3718 1597 τῆς

2245 1604 2423 1676 ψυχῆς
2447 1607 2683 1676 ἀγαθῶνο
2718 1608 2830 1662 εἴτε
2875 1627 2927 1663 τι
2989 1611 3217 1666 παλαιὸν
3267 1611 3504 1682 ἀληθείας
3533 1615 3716 1686 μάθημα,

587 1703 732 1773 piam
761 1703 1006 1757 veritatis
1041 1703 1447 1772 documentum,
1480 1705 1594 1762 sive
1625 1706 1732 1762 alio
1770 1710 1893 1778 quis
1922 1713 2128 1769 nomint

2243 1695 2351 1748 εἴτε
2382 1696 2477 1750 καὶ
2509 1696 2635 1751 ἄλλο
2681 1713 2765 1761 τις
2814 1697 3077 1769 ὀνομάσαι.
3103 1700 3336 1754 τοιοῦτον
3365 1701 3568 1772 ἔχοι,-ὲν
3617 1707 3718 1775 αὐτῷ

586 1795 856 1865 appellare
897 1795 1069 1858 malit,
1104 1795 1403 1851 mirabilem
1438 1797 1493 1852 in
1532 1798 1623 1854 illo
1655 1800 1982 1872 plenumque
2022 1806 2142 1874 pul-

585 1885 976 1940 cherrimarum
1005 1902 1184 1941 rerum
1223 1897 1538 1958 apparatum
1574 1905 1637 1946 ac
1668 1893 1877 1961 copiam
1911 1893 2142 1951 habeba-

586 1987 728 2028 mus.
770 1975 946 2046 Atque
989 1976 1071 2046 (ut
1117 1977 1304 2044 paucis
1345 1977 1543 2049 dicam)
1585 1981 1773 2037 hortus
1803 1984 2021 2052 quidam
2055 2003 2140 2042 re-

584 2080 711 2120 vera
740 2065 893 2122 nobis
921 2075 1056 2133 erat,
1095 2068 1275 2138 magni
1302 2068 1449 2126 illius
1477 2073 1714 2140 paradisi
1754 2071 1846 2130 Dei
1882 2076 2138 2133 similitu-

586 2157 765 2212 dinem
797 2157 1038 2215 refcrens
1069 2180 1081 2213 :
1118 2161 1171 2215 in
1199 2177 1329 2232 quo,
1355 2179 1462 2218 non
1490 2172 1686 2219 terram
1715 2167 1932 2236 quidem
1966 2170 2142 2225 colere

550 2249 726 2308 .hauc
772 2250 1106 2313 inferiorem,
1147 2269 1247 2310 nec
1296 2257 1543 2326 corporis
1598 2257 1870 2314 alimentis
1914 2260 2140 2332 pingue-

526 2332 554 2368 ·’
581 2355 732 2398 scere
761 2359 774 2407 ;
807 2343 898 2398 sed
933 2345 1079 2400 solas
1107 2347 1271 2401 animi
1305 2364 1454 2418 opes,
1482 2349 1638 2418 quasi
1671 2350 1943 2419 speciosas
1975 2369 2139 2423 quas-

581 2436 705 2492 dam
754 2438 996 2503 arbores,
1045 2438 1127 2493 vel
1171 2454 1201 2493 a
1246 2438 1401 2495 nobis
1450 2440 1580 2510 ipsis
1622 2441 1912 2511 plantatas,
1954 2444 2038 2498 vel
2070 2446 2138 2500 ab

577 2527 823 2581 omnium
873 2538 1094 2584 auctore
1130 2530 1287 2584 nobis
1317 2531 1529 2601 insitas,
1577 2548 1774 2604 augere
1799 2549 1922 2589 cum
1952 2535 2136 2592 laetitia

576 2627 631 2671 et
658 2617 930 2688 voluptate
960 2633 1280 2675 concessum
1307 2631 1410 2676 est.

646 2727 784 2785 XVI.
823 2729 921 2788 Hic
945 2748 1070 2788 vere
1097 2733 1380 2802 paradisus
1406 2733 1718 2805 voluptatis,
1750 2737 1864 2793 haec
1887 2753 2011 2794 vera
2039 2739 2132 2793 la:-

573 2821 692 2876 titia
733 2831 894 2892 atque
935 2822 1162 2890 delicize,
1202 2826 1400 2894 quibus
1426 2825 1610 2895 elapso
1639 2825 1741 2881 hoc
1772 2836 2012 2898 tempore
2035 2833 2133 2884 ob-

571 2913 751 2970 lectati
791 2931 1000 2981 sumus,
1047 2925 1102 2970 et
1149 2916 1365 2986 quidem
1415 2931 1522 2971 non
1567 2916 1791 2985 exiguo;
1837 2927 1891 2972 at
1934 2919 2128 2989 exiguo

2239 1779 2382 1855 ἦμεν
2428 1785 2638 1857 ἔχοντες
2687 1787 2786 1859 τὴν
2836 1787 3154 1861 θαυμαστὴν
3181 1791 3272 1844 καὶ
3298 1792 3468 1864 πλήρη
3507 1793 3597 1846 τῶν
3629 1796 3717 1847 καλε

2239 1878 2431 1932 λίστων
2474 1878 2760 1950 θεαμάτων
2817 1882 3173 1954 παρασκευὴν
3230 1883 3322 1937 καὶ
3377 1883 3610 1949 ἐξουσίαν.
3644 1889 3718 1941 Καὶ

2241 1969 2532 2038 (συνελόντι
2575 1971 2766 2042 εἰπεῖν)
2802 1972 3130 2044 παράδεισος
3163 1975 3292 2045 ἡμῖν
3337 1975 3491 2040 ὅντως
3519 1971 3642 2042 οὗτος
3655 1975 3716 2050 ἦν,

2242 2062 2480 2134 μιμητὴς
2511 2062 2602 2116 τοῦ
2627 2063 2856 2134 μεγάλου
2891 2066 3222 2136 παραδείσου
3254 2067 3345 2122 τοῦ
3362 2067 3505 2138 Θεοῦ,
3527 2073 3576 2125 ὲν
3597 2063 3717 2142 ᾧγῆι

2241 2152 2340 2223 μὲν
2373 2152 2697 2224 ἐργάζεσθαι
2722 2155 2821 2208 οὐκ
2847 2150 2916 2225 ἦν
2939 2156 3038 2228 τὴν
3086 2158 3256 2235 κάτω,
3302 2158 3418 2213 οὐδὲ
3449 2176 3717 2235 σωματοιρο-

2238 2247 2357 2314 φεῖν
2385 2246 2808 2316 παχυνομένους·
2835 2247 2903 2300 τὰ
2943 2247 3000 2301 δὲ
3033 2231 3213 2320 ψυχῆς
3243 2250 3396 2321 μόνον
3425 2250 3585 2318 αὔξειν
3609 2231 3716 2306 πλεο.

2237 2337 2574 2408 νεκτήματα,
2619 2337 2806 2409 ῶσπερ
2855 2339 2975 2392 τινὰ
3029 2341 3173 2410 φυτά
3215 2341 3388 2412 ὡραῖα
3432 2339 3622 2405 ἑαυτοὺς
3650 2361 3718 2412 φυιι

2234 2430 2607 2504 τεύσαντας,ἢ
2659 2433 3092 2504 ὲμιρυτευθέντας
3121 2437 3252 2507 ἡμῖν
3297 2437 3398 2491 ὑπὸ
3441 2437 3524 2492 τοῦ
3560 2440 3716 2494 πάντων

2238 2525 2434 2590 αἰτίου,
2467 2525 2919 2596 εὐφραινομένους
2940 2527 3038 2582 καὶ
3064 2528 3399 2598 τρυφῶντας.

2303 2703 2419 2779 ις’.
2445 2705 2607 2776 Οὗτος
2636 2712 2956 2785 παράδεισος
2979 2711 3199 2784 ἀληθῶς
3230 2714 3452 2786 τρυφῆς,
3480 2712 3595 2783 αὕτη
3616 2713 3714 2782 άλη-

2231 2802 2329 2877 θὴς
2358 2804 2657 2876 εὐφροσύνη
2715 2805 2808 2858 καὶ
2841 2805 3038 2878 τρυφὴ,
3094 2807 3160 2877 ἣν
3213 2808 3568 2879 ὲτρυφήσαμεν
3600 2809 3644 2860 ὲν
3665 2804 3716 2874 τῷ

2229 2899 2565 2969 διηνυσμένῳ
2609 2898 2741 2969 τῷδε
2790 2898 2984 2969 χρόνῳ,
3020 2899 3120 2952 καὶ
3164 2899 3265 2952 οὐκ
3316 2900 3471 2969 ὀλίγῳ
3508 2901 3610 2970 ἥδη,
3649 2899 3713 2951 καὶ

568 3021 814 3075 prorsus,
862 3007 908 3062 si
950 3007 1108 3061 nobis
1153 3007 1279 3062 hinc
1315 3007 1674 3078 migrantibus
1715 3015 1770 3062 et
1803 3009 2126 3065 abeuntibus

2228 2990 2392 3060 ὀλίγῳ
2425 2989 2618 3060 πάντη,
2657 2993 2704 3043 εἰ
2733 2991 2892 3062 μέχρι
2924 2991 3118 3044 τούτου
3145 2992 3419 3062 στήσεται,
3463 2989 3714 3044 ἀπελθοῦσιν

569 3098 692 3154 tinis
727 3099 816 3153 hic
845 3100 968 3153 erit.
1008 3097 1200 3154 Nescio
1234 3101 1376 3154 enim
1405 3114 1513 3168 quo
1549 3115 1670 3153 meo
1703 3099 1999 3156 infortunio
2032 3113 2124 3158 aut

2229 3080 2330 3151 ἤδη
2362 3081 2456 3134 καὶ
2507 3082 2922 3152 ἀναχωρήσασιν
2980 3077 3253 3135 ἐντεῦθεν.
3309 3083 3417 3136 Οὐκ
3445 3077 3546 3135 οἶδα
3572 3081 3655 3151 γὰρ
3678 3080 3714 3130 τί

565 3201 814 3260 peccato,
869 3191 1064 3244 iterum
1117 3190 1356 3254 discedo,
1414 3191 1673 3259 expellor.
1734 3192 1874 3258 Quid
1923 3194 2120 3258 dicam,

566 3282 783 3346 nescio;
809 3281 912 3334 nisi
944 3281 1089 3351 quod
1119 3280 1260 3336 sicut
1284 3280 1416 3335 alter
1438 3281 1606 3334 Adam
1638 3289 1789 3336 extra
1814 3283 2123 3351 paradisum

563 3372 714 3441 loqui
760 3370 919 3442 coepi.
974 3361 1148 3438 Quam
1178 3379 1322 3426 recte
1366 3369 1632 3436 vivebam,
1676 3371 1984 3442 loquentem
2018 3389 2120 3428 au-

564 3462 719 3518 diens
742 3463 1081 3534 magistrum,
1114 3478 1177 3517 ac
1202 3462 1394 3528 silens;
1425 3475 1585 3533 quam
1607 3462 1765 3517 debui
1791 3464 1953 3519 etiam
1979 3481 2124 3522 nunc

563 3552 746 3618 silere,
769 3554 1044 3608 disceham
1067 3563 1282 3620 tacens;
1314 3553 1406 3608 sed
1430 3567 1537 3606 non
1565 3567 1766 3608 novum
1795 3556 1898 3610 hoc
1920 3567 2123 3625 specta-

561 3644 765 3709 culum,
792 3645 845 3698 in
867 3658 976 3716 quo
998 3645 1314 3716 magistrum
1344 3647 1518 3717 ipsum
1543 3645 1771 3702 facerem
1793 3647 2116 3704 auditorem.

560 3735 702 3802 Quid
735 3735 878 3791 enim
908 3736 1042 3791 mihi
1083 3737 1184 3792 hac
1211 3752 1350 3807 opus
1389 3747 1505 3792 erat
1549 3738 1829 3793 oratione?
1874 3739 2003 3808 quid
2035 3739 2119 3795 his

561 3823 717 3878 affari
748 3823 948 3890 verbis,
989 3839 1114 3879 cum
1145 3841 1253 3880 non
1294 3825 1464 3894 abire,
1495 3827 1586 3882 sed
1628 3828 1919 3897 persistere
1949 3841 2115 3898 Opor-

559 3915 762 3971 tuerit?
807 3917 878 3970 At
918 3916 1064 3972 enim
1113 3917 1348 3987 antiqua:
1387 3915 1594 3974 fraudis
1635 3918 1833 3973 similia
1863 3919 2117 3975 videntur

557 4006 676 4062 haec
715 4008 929 4074 delicta,
958 4017 1012 4063 et
1053 4018 1294 4064 veterum
1323 4024 1496 4079 poenae
1527 4010 1645 4066 ista:
1676 4026 1763 4066 me
1790 4012 1967 4066 adhuc
1995 4026 2112 4066 ma-

557 4105 710 4152 nent.
743 4096 939 4152 Annon
988 4113 1178 4153 rursus
1225 4096 1483 4169 refragari
1531 4109 1691 4170 atque
1730 4101 1995 4156 obsistere
2036 4102 2117 4156 vi-

555 4187 708 4256 deor,
739 4187 833 4244 Dei
857 4203 1042 4246 vocem
1067 4189 1368 4257 transgredi
1392 4189 1616 4256 audens,
1642 4205 1764 4246 cum
1790 4191 1840 4246 ei
1865 4191 2116 4248 insistere

554 4288 609 4334 ct
639 4281 691 4335 in
721 4296 785 4336 ea
811 4297 1030 4336 manere
1055 4280 1343 4336 deberem?
1377 4280 1532 4347 Quod
1557 4290 1734 4336 autem
1765 4282 2004 4349 discedo,
2035 4281 2116 4337 fu-

2223 3171 2490 3243 παθὼν,ἢ
2539 3171 2698 3225 πάλιν
2737 3171 3016 3244 ἁμαρτὼν,
3069 3171 3457 3244 ἐκπορεύομαι,
3501 3171 3715 3239 ἐξελαύνο-

2225 3283 2340 3337 μαι.
2369 3264 2432 3317 Τί
2460 3264 2564 3336 χρὴ
2585 3264 2782 3332 λέγειν,
2810 3263 3004 3333 ἀγνοῶ·
3045 3266 3166 3319 ἀλλ’
3195 3268 3278 3320 ὃτι
3313 3265 3542 3337 δεύτερος
3564 3266 3615 3318 ἐκ
3636 3281 3710 3316 πα-

2223 3359 2466 3432 ραδείσου
2513 3358 2681 3429 ’Ᾱδάμ
2714 3353 2823 3426 ἐγὼ
2849 3351 2983 3430 (54),
3036 3359 3136 3412 καὶ
3169 3359 3349 3438 λαλεῖν
3387 3359 3623 3431 ἠρξάμην.
3651 3355 3713 3418 Ὦς

2221 3451 2399 3514 καλῶς
2436 3450 2591 3515 ἔζων,
2617 3447 2826 3504 ἀκούων
2852 3449 3105 3518 λέγοντος
3143 3450 3476 3514 διδασκάλου,
3514 3450 3594 3504 καὶ
3627 3465 3714 3501 σιω-

2221 3543 2354 3596 πῶν·
2379 3543 2453 3606 ὡς
2469 3541 2658 3612 ὄφελον
2678 3543 2769 3596 καὶ
2784 3542 2874 3596 νῦν
2903 3543 3135 3614 ἡσυχίαν
3164 3543 3318 3613 ἄγειν
3362 3541 3624 3613 ἐμάνθανον
3635 3535 3713 3608 (55)

2223 3633 2460 3687 σιωπῶν’
2488 3632 2621 3686 ἀλλά
2674 3633 2770 3704 μὴ,
2797 3632 2856 3686 τὸ
2883 3633 3066 3686 καινὸν
3095 3633 3260 3687 τοῦτο
3296 3632 3483 3703 θέαμα,
3503 3627 3713 3700 ἀκροατὴν

2219 3724 2307 3778 τὸν
2338 3723 2652 3778 διδάσκαλον
2705 3724 3047 3793 ποιήσασθαι.
3089 3722 3155 3778 Τί
3181 3724 3291 3796 γάρ
3313 3739 3401 3794 μοι
3421 3722 3520 3775 ἔδει
3541 3719 3630 3772 τῶν
3653 3715 3714 3769 λό-

2217 3834 2328 3885 γων
2369 3816 2606 3881 τούτων;
2638 3814 2691 3868 τί
2712 3815 2768 3868 δὲ
2798 3813 2891 3868 καὶ
2922 3813 3399 3886 προσφθέγγεσθαι
3423 3811 3632 3872 τοιαῦτα,
3663 3806 3715 3877 μὴ

2217 3910 2451 3972 ἀπεῖναι,
2474 3907 2898 3978 προσκαρτερεῖν
2926 3905 3004 3968 δὲ,
3026 3905 3179 3969 δέους
3243 3904 3400 3958 Ἀλλά
3421 3903 3514 3972 τῆς
3534 3899 3714 3959 παλαιᾶς

2216 4002 2430 4071 ἀπάτης
2461 3999 2634 4052 ἔοικεν
2665 3994 2799 4051 εἶναι
2853 3997 3024 4051 ταῦτα
3071 3995 3530 4068 πλημμελήματα,
3575 3991 3659 4046 τῶν
3675 4006 3714 4042 τε

2214 4093 2454 4166 ἀρχαίων
2505 4084 2648 4145 δίκαι
2683 4090 2795 4144 αἵδε
2830 4106 2895 4160 με
2946 4089 3202 4160 μένουσιν
3233 4089 3331 4142 ἔτι.
3369 4085 3444 4142 Ἦ
3495 4085 3577 4140 καὶ
3604 4080 3715 4144 αὖθις

2215 4185 2458 4240 ἀπειθεῖν
2491 4182 2602 4254 (56)
2653 4199 2742 4252 μοι
2788 4179 2949 4245 δοκῶ,
3000 4179 3356 4252 ὑπερϐαίνειν
3391 4178 3586 4250 τολμῶν
3627 4177 3716 4235 τοὺς

2213 4279 2403 4346 λόγους
2429 4274 2523 4329 τοῦ
2549 4274 2701 4340 Θεοῦ,
2737 4273 2916 4343 μένειν
2956 4272 3072 4326 δέον
3095 4273 3157 4325 ὲν
3184 4271 3368 4336 αὐτοῖς
3399 4274 3488 4328 καὶ
3515 4269 3628 4341 πρὸς
3647 4265 3713 4319 αὖα

554 4371 708 4440 giens
737 4371 804 4425 ab
834 4371 935 4426 hac
964 4371 1120 4426 beata
1147 4371 1276 4436 vita,
1302 4386 1409 4425 non
1439 4371 1620 4427 minus
1654 4383 1870 4442 egomet
1895 4387 2054 4442 quam
2081 4388 2111 4427 a

2216 4371 2359 4432 τοῖς;
2398 4368 2461 4419 "0
2485 4366 2541 4418 δὲ
2567 4364 2780 4436 ἄπειμι,
2835 4361 3046 4433 φεύγων
3098 4364 3200 4434 μὲν
3239 4365 3347 4419 ἀπὸ
3370 4365 3463 4435 τῆς
3499 4357 3714 4434 μακαρίας

555 4463 691 4518 facie
714 4461 809 4518 Dei
837 4471 992 4518 vetus
1021 4463 1110 4518 ille
1137 4464 1319 4528 homo,
1352 4473 1406 4520 et
1437 4464 1492 4520 in
1522 4473 1722 4518 terram
1747 4474 2020 4520 revertens
2041 4479 2107 4520 ex

624 4615 668 4648 "
691 4613 942 4685 lsa.xxu,
973 4617 1075 4686 ‘22;
1113 4620 1274 4692 Apoc.
1302 4636 1385 4688 ιιι,
1419 4621 1469 4675 7.

620 4733 731 4806 (51)
777 4735 1294 4808 Ἀκούσωσινηδίο
1339 4729 1567 4808 Vossius
1598 4744 1651 4791 et
1690 4735 1993 4808 Bengelius.
2037 4739 2106 4790 At

550 4817 790 4874 nuperus
819 4807 992 4860 editor
1016 4805 1356 4871 Parisiensis,
1386 4806 1697 4860 ἀκούουσιν.

621 4874 733 4948 (52)
777 4876 927 4948 Οῄδὲ
946 4875 1100 4948 ᾍγάρ.
1126 4875 1527 4948 ΠΗωεοιιθιὶιιε,
1558 4875 1842 4947 legendum
1908 4885 2099 4948 putat,

547 4944 668 5019 ούδέ
819 4945 920 5000 Sed
946 4944 1265 5015 Beugelius:
1297 4947 1439 5002 Bene
1467 4946 1592 5019 γάρ,
1615 4944 1693 5001 ait
1717 4964 1728 4998 :
1756 4961 1878 4998 nam
1915 4944 2103 5016 Cogni-

549 5015 627 5068 tio
654 5017 792 5083 parit
821 5033 1146 5071 sermonem.

623 5086 735 5156 (55)
782 5086 1188 5155 Ἐκπεριιοῦσι.
1218 5085 1690 5155 Elegantissimum
1723 5085 1978 5149 verbum,
2006 5083 2100 5154 ju-

547 5153 668 5209 dice
697 5153 1039 5211 Casaubono.
1073 5157 1180 5219 AL,
1212 5153 1543 5225 ἐκπέριοῦσι.

621 5226 732 5298 (54)
775 5226 937 5296 Ἐγώ.
969 5227 1102 5298 Cum
1140 5226 1270 5296 ἐγώ,
1315 5226 1546 5298 subaudi
1597 5225 1744 5298 εἰμί,
1781 5225 2095 5298 s_ive,_qu_od

548 5295 788 5364 prastat,
821 5295 916 5350 ὢν..
973 5297 1229 5367 Sequitur
1267 5297 1622 5363 exclamatio,
1656 5295 1752 5367 icui
1780 5295 1854 5359 ὡς
1902 5295 2098 5363 duplex

547 5381 562 5429 ι
586 5382 690 5447 non
724 5369 1038 5447 mutandum
1063 5366 1139 5422 "in
1166 5370 1382 5447 dicunt
1405 5366 1917 5447 @asaubono).cum
1968 5380 2097 5446 ana-

547 5433 717 5503 phora
750 5437 854 5518 vim
888 5440 1070 5492 addit:
1106 5439 1180 5494 uti
1213 5438 1497 5510 Dionysius
1525 5439 1693 5491 Halic.
1719 5433 1873 5490 initio
1907 5435 2096 5516 cujus:

547 5503 670 5582 tiam
696 5509 976 5582 orationis,
1003 5509 1274 5582 ὡςκαλῶς
1302 5509 1454 5582 ἡμῶν
1491 5507 1933 5580 ὲστρατηγήκατε
1953 5521 1966 5534 ·
2006 5505 2093 5558 ubi

545 5520 670 5557 uani
696 5520 976 5580 orationis,
1003 5520 1274 5580 ωςκαλως
1302 5520 1454 5580 ημων
1491 5520 1933 5580 εστρατηγηκατε
1953 5521 1966 5534 ο

547 5528 670 5557 ιιίιιιι
696 5528 976 5574 orauoms,
1003 5528 1078 5572 ως
1098 5528 1274 5572 καΑως
1302 5528 1454 5582 ημων
1491 5528 1798 5580 εστρατηγη

547 5581 726 5644 tamen
758 5578 928 5631 ironia
958 5589 1056 5632 est.
1084 5579 1316 5635 Βεσςει..
1790 5636 1798 5644 .,

615 5642 726 5718 (35)
770 5647 861 5715 Ὡς
890 5647 1106 5720 ὄφελον
1136 5650 1486 5721 ἐμάνθανον.
1515 5648 1742 5720 Ὄφελον
1780 5642 2092 5704 adverbium

2211 4459 2413 4530 ταύτης
2443 4449 2607 4527 ζωῆς,
2633 4456 2731 4526 οὐχ
2780 4451 2941 4526 ἦττον
2983 4454 3056 4508 ὅδ’
3085 4454 3200 4522 ἐγὼ
3223 4455 3338 4528 (57)
3365 4456 3398 4526 ἢ
3430 4454 3530 4508 ἀπὸ
3553 4445 3715 4524 προσώ·

2203 4743 2317 4797 est,
2368 4733 2614 4786 utinam:
2663 4737 2717 4783 et
2763 4725 2924 4781 modo
2970 4724 3324 4780 indicativum
3380 4722 3546 4797 regit,
3588 4715 3713 4797 modo

2201 4788 2506 4874 optativum
2520 4808 2721 4874 ;7atq_u‘e
2748 4797 3014 4874 interdum
3145 4806 3274 4874 ante
3309 4788 3560 4874 sehlttihet.
3587 4788 3712 4874 hac!

2201 4859 2428 4928 Etrasmo
2475 4859 2752 4943 Schmidio
2803 4865 3015 4943 not._ad
3226 4863 3423 4943 “‘12..
3455 4859 3711 4943 Βιῖιιειθιὶιιιξἶ

2199 4921 2504 5013 adﬁgunt}
2523 4921 2854 5013 ἰίῦίίιέῂιράι
2899 4935 2979 4990 sic
3012 4936 3188 5013 reddit
3217 4952 3230 4988 :
3267 4921 3423 5000 Quod
3451 4921 3632 5013 utinam
3653 4921 3712 5013 rei

2199 5004 2353 5067 Iiodie
2391 5004 2650 5080 quiescere
2683 5007 2982 5080 didicissent
3017 5004 3203 5080 siiens,
3226 5022 3292 5058 ac
3337 5020 3466 5080 non,
3493 5004 3580 5080 hoc
3615 5009 3714 5080 nova

2201 5074 2515 5153 spectaculo,
2535 5079 2832 5153 _auditorem
2853 5091 2920 5153 ea:
2941 5076 3150 5153 doct-ore
3175 5076 3368 5153 facere.
3391 5074 3579 5153 Aderat
3599 5074 3711 5153 enim

2203 5145 2431 5223 ipsemet
2458 5149 2737 5223 Origenes,
2765 5156 2819 5201 et
2846 5145 3163 5218 Gregoriqu
3184 5151 3429 5200 orantem
3452 5145 3713 5214 gratiasque

2202 5219 2917 5294 εἱεεηιειηειυάίβιιτιιο-..η
2993 5286 3006 5294 .
3451 5278 3490 5294 ..

2271 5272 2724 5364 (ὃδῖἎ-πίιθεῖν.
2767 5285 2946 5364 Edidit
2983 5283 3233 5364 ἀπελθεῖν
3279 5272 3710 5364 eum‘flmscbeiifl

2200 5345 2503 5448 Be‘ngelius.
2522 5358 2644 5413 Mox
2673 5358 2812 5413 idem
2839 5357 2966 5428 legit
2993 5357 3127 5428 πρὸς
3154 5355 3337 5416 αὐτοῖς
3362 5345 3494 5406 meo
3531 5349 3709 5416 ἀπειμι.

2200 5448 2380 5577 9.5
2411 5498 2532 5577 ’ρξ’
2559 5497 2694 5577 έτῴο
2727 5494 2852 5577 Ηξθίέ
2881 5495 3261 5577 ἀβειεηῐλρυρ,
3276 5491 3544 5577 Vossium.
3573 5483 3707 5556 Hesy-

2201 5563 2398 5629 chius':
2430 5570 2459 5624 ὃ
2479 5570 2524 5623 δ’
2557 5563 2695 5637 ἐγώ*
2730 5567 2889 5631 αὐτὸς
2917 5564 3045 5634 ἐγώ.
3079 5563 3198 5620 Vid.
3227 5563 3381 5620 Suid.
