3988 6200
300 300 444 360 1097

301 515 648 586 ἐπιστρέφων
707 514 766 581 ἐξ
799 511 866 587 ἦς
912 515 1170 586 ἐλήφθην·
1224 517 1326 587 γῆν
1371 515 1654 589 τοιγαροῦν
1675 517 1862 588 ἔδομαι

304 609 486 672 πάσας
512 609 612 672 τὰς
632 608 845 681 ἡμέρας
868 609 969 680 τῆς
1008 611 1123 662 ἐκεῖ
1156 609 1266 681 (58)
1302 608 1444 682 ζωῆς
1475 628 1596 682 μου,
1642 611 1735 664 καὶ
1759 611 1864 682 γῆν

303 698 634 770 ἐργάσομαι,
666 698 758 750 καὶ
801 697 1005 768 ταύτην
1033 699 1274 763 ἀκάνθας
1298 701 1392 754 καὶ
1409 700 1684 772 τριϐόλους
1730 702 1853 755 ἀνα-

300 791 590 845 τέλλουσάν
615 802 723 862 μοι,
773 791 872 854 τὰς
902 790 1040 862 ἐμάς
1069 790 1242 855 λύπας
1299 793 1391 846 καὶ
1433 791 1714 864 φροντίδας
1765 795 1864 859 τὰς

301 880 715 944 ἐπονειδίστους,
764 880 1053 952 ἀφειμένος
1105 882 1214 934 τῶν
1266 882 1442 936 καλῶν
1493 881 1586 938 καὶ
1647 884 1863 954 ἀγαθῶν

303 973 620 1046 φροντίδωνο
655 974 745 1026 καὶ
774 961 809 1028 ἀ
857 973 1236 1039 καταλέλοιπα,
1293 975 1427 1045 πρὸς
1481 975 1652 1030 ταῦτα
1708 977 1866 1030 πάλιν

301 1066 647 1138 ἐπιστρέφων
678 1065 808 1137 (59),
842 1064 938 1136 τὴν
965 1067 1066 1136 γῆν
1092 1065 1212 1119 ὅθεν
1241 1066 1478 1142 ἐξῆλθον,
1499 1067 1594 1120 καὶ
1625 1067 1720 1139 τήν
1742 1085 1868 1137 συγ-

303 1159 518 1226 γένειαν
541 1157 637 1228 τήν
666 1158 802 1228 ἐμὴν
831 1157 1000 1220 κάτω,
1032 1157 1123 1211 κα).
1152 1159 1230 1221 είς
1252 1159 1343 1212 τὸν
1373 1154 1519 1212 οἶκον
1547 1159 1640 1212 τοῦ
1664 1159 1868 1232 πατρός

307 1265 434 1319 μου·
466 1245 746 1300 ἀπολιπὼν
777 1247 880 1318 γῆν
935 1247 1032 1318 τὴν
1077 1247 1308 1320 ἀγαθὴν,
1351 1248 1478 1302 ἔνθα
1535 1267 1623 1320 μοι
1672 1246 1804 1304 οὖσα
1830 1253 1864 1322 ἡ

299 1338 482 1409 ἀγαθὴ
512 1331 709 1409 πατρὶς
763 1341 1008 1409 ἠγνοεῖτο
1057 1339 1242 1393 πάλαι·
1305 1341 1400 1394 καὶ
1441 1345 1736 1411 συγγενεῖς,
1773 1341 1868 1407 οὓς

299 1431 443 1502 ἔχων
471 1430 642 1501 ψυχῆς
671 1431 807 1501 ἐμῆς
837 1433 1087 1494 οἰκείους,
1143 1431 1364 1506 ὕστερον
1393 1430 1674 1503 γινώσκειν
1705 1436 1870 1507 ἠρξά-

302 1541 435 1594 μην·
471 1523 562 1577 καὶ
593 1522 684 1576 τὸν
707 1517 852 1576 οἷκον
882 1523 974 1577 τοῦ
1030 1523 1241 1594 άληθῶς
1276 1527 1479 1598 πατρὸς
1525 1528 1698 1599 ήμῶν,
1745 1531 1801 1582 ἐν
1827 1521 1871 1597 ᾧ

301 1615 506 1686 μένων,
532 1611 638 1668 ὑπὸ
658 1615 765 1667 τῶν
795 1617 850 1667 ὲν
878 1615 1024 1686 αὐτῷ
1052 1615 1231 1687 μένειν
1267 1617 1556 1673 ἐθελόντων
1588 1620 1717 1673 υἱῶν
1761 1621 1869 1674 τῶν

296 1707 538 1816 ἀληθῶν,
592 1708 802 1777 σεμνῶς
847 1710 1067 1778 τιμᾶται
1117 1703 1210 1763 κα).
1247 1709 1560 1782 γεραίρεται
1605 1715 1633 1766 ὁ
1661 1713 1862 1786 πατήρ.
1897 1761 1940 1816 Β

310 1794 454 1869 Ἐγὼ
475 1798 529 1852 δὲ
559 1798 790 1870 ἄσεμνος
819 1801 910 1853 καὶ
937 1800 1150 1867 ἀνάξιος
1171 1802 1456 1875 ἐξέρχομαι
1484 1802 1670 1866 τῶνδε,
1703 1822 1864 1876 στρα-

297 1890 424 1958 φεὶς
454 1890 533 1952 είς
584 1889 650 1941 τὰ
687 1888 880 1952 ὀπίσω,
935 1887 1029 1943 καὶ
1077 1891 1473 1963 παλινδρομῶν.
1527 1893 1757 1962 Λέγεταί
1780 1907 1865 1958 τις

297 1981 422 2046 υίὸς
455 1983 605 2052 παρὰ
629 1980 831 2053 πατρὸς
875 1981 1162 2036 ἀπολαὸὼν
1214 1980 1304 2037 τὸν
1338 1984 1690 2040 ὲπιῦάλλοντα
1719 1987 1865 2059 αὐτῷ

298 2074 440 2146 πρὸς
459 2073 641 2144 ἕτερον
666 2072 776 2144 (40)
806 2073 968 2127 αὑτοῦ
1015 2073 1240 2144 ἀδελφὸν
1266 2076 1483 2150 κλῆρον,
1518 2078 1865 2151 ἀποδημῆσαι

297 2165 397 2220 τοῦ
429 2166 632 2238 πατρὸς
664 2167 743 2230 είς
771 2165 952 2238 χώραν
987 2167 1200 2240 μακρὰν
1248 2168 1476 2240 θελήσας
1520 2171 1694 2225 τοῦτο.
1753 2171 1867 2226 Ζῶν

299 2257 360 2312 δὲ
409 2257 651 2322 ἀσώτως,
706 2258 1086 2330 διασκορπίσαι
1122 2259 1232 2332 (41)
1260 2261 1358 2333 τὴν
1402 2263 1657 2335 πατρῴαν
1683 2263 1868 2320 οὐσίαν

299 2351 396 2404 καὶ
451 2349 858 2403 καταναλῶσαι·
904 2346 1054 2414 τέλος
1109 2348 1165 2405 δὲ
1220 2353 1360 2407 κατά
1397 2354 1628 2426 ἀπορίαν
1681 2352 1868 2411 ἑαυτὸν

304 2440 583 2513 μισθώσας
612 2441 920 2514 συφορϐεῖν.
958 2442 1094 2496 Ὑπὸ
1136 2443 1298 2514 λιμοῦ
1349 2445 1404 2498 δὲ
1431 2446 1871 2519 ἀναγκαζόμενος

299 2535 397 2586 καὶ
425 2537 698 2588 κοινωνεῖν
751 2533 859 2587 τῶν
904 2534 1116 2606 τροφῶν
1170 2538 1284 2600 τοῖς
1339 2537 1540 2609 χοίροις
1586 2539 1871 2610 ἐπιθυμεῖν

307 2625 431 2696 μὲν,
463 2627 536 2697 μή
571 2627 853 2698 τυγχάνειν
879 2627 935 2680 δὲ
972 2627 1104 2698 μηδὲ
1131 2626 1338 2682 τούτου.
1361 2629 1522 2702 Δίκην
1549 2627 1640 2685 οῦν
1668 2630 1872 2697 ἐξέτισε

298 2718 404 2788 τῆς
429 2717 640 2772 ἀσώτου
672 2715 804 2789 (42),
834 2718 952 2772 ἀντὶ
976 2719 1251 2791 τραπέζης
1284 2720 1384 2791 τῆς
1401 2724 1689 2794 πατρικῆς,
1711 2722 1874 2793 οῦσης

309 2809 611 2880 βασιλικῆς,
664 2810 1056 2881 ἀμειψάμενος,
1090 2810 1158 2875 ἀς
1205 2812 1264 2864 ού
1296 2813 1585 2884 προείδετο,
1628 2815 1725 2879 τὰς
1763 2830 1876 2886 χοι-

308 2902 488 2974 ρείους
507 2900 597 2954 καὶ
624 2901 722 2965 τὰς
751 2903 807 2955 ἐν
838 2901 1025 2974 θητείᾳ
1041 2903 1245 2974 τροφάς
1269 2902 1397 2974 (45).
1425 2904 1672 2958 Τοιοῦτόν
1697 2923 1748 2959 τι
1766 2907 1876 2961 πεί·

305 2993 500 3048 σεσθαι
523 2994 772 3064 ἐοίκαμεν
814 2992 1159 3060 ἀπελθόντες,
1205 2995 1298 3047 καὶ
1328 2993 1448 3048 οὐδὲ
1475 2997 1568 3050 σὺν
1607 2998 1766 3051 παντὶ
1796 2997 1874 3069 τῷ

1270 301 1339 356 ΙΝ
1375 300 1724 360 ORIGENEM
1759 302 2017 362 ORATIO
2053 303 2506 362 PANEGYRiCA.

269 473 271 475 .
297 439 404 476 που
428 417 564 474 Θεοῦ
593 420 622 472 ό
653 418 876 485 παλαιὸς
906 420 1107 485 ἐκεῖνος
1131 418 1431 493 ἄνθρωπος,
1453 425 1531 487 είς
1557 422 1614 475 δὲ
1641 423 1738 494 τὴν
1757 423 1859 493 γῆν

1968 425 2066 493 qua
2099 433 2347 493 sumptus
2376 439 2496 480 sum
2526 443 2540 489 ;
2589 433 2786 480 terram
2821 426 3044 495 proinde
3079 427 3356 482 comedam
3399 445 3520 484 om~
3622 454 3625 456 -

3375 275 3538 366 lt98'

1966 514 2128 570 nibus
2173 515 2364 571 diebus
2411 517 2537 571 vitae
2579 531 2731 582 meae,
2758 525 2811 570 et
2842 526 3038 571 terram
3067 509 3269 582 colam,
3287 531 3518 588 eamque

1965 606 2150 676 spinas
2174 607 2309 661 mihi
2339 622 2402 662 ac
2428 607 2656 662 tribulos
2681 607 3086 676 producentem,
3117 608 3392 664 molestias
3413 612 3517 664 sci-

1964 696 2093 755 licet
2125 715 2271 756 meas
2308 709 2362 755 et
2390 715 2550 754 curas
2591 699 2750 754 hasce
2794 700 3104 768 probrosas,
3148 700 3388 756 honestis
3424 701 3522 756 bo-

1967 793 2158 862 nisque
2186 791 2332 847 curis
2365 791 2687 858 destitutus;
2720 800 2773 846 et
2806 790 2873 846 ad
2904 805 2967 846 ea
2999 793 3212 848 rediens
3239 809 3360 863 qua:
3391 795 3520 850 reli-

1966 898 2214 960 queram,
2251 887 2315 940 ad
2343 895 2539 939 terram
2566 884 2707 938 unde
2738 883 3031 949 exiveram,
3070 893 3124 939 et
3154 885 3218 940 ad
3242 886 3521 956 cognatio—

1967 996 2092 1035 nem
2123 993 2297 1033 meam
2333 976 2665 1042 inferiorem,
2711 983 2765 1030 et
2803 975 3125 1040 ad,domum
3170 977 3336 1046 patris
3378 979 3519 1047 mei;

1968 1080 2169 1128 terram
2204 1073 2456 1126 deserens
2502 1070 2718 1133 bonam,
2763 1069 2854 1122 ubi
2888 1086 3070 1125 veram
3106 1071 3236 1124 mihi
3270 1087 3393 1127 esse
3421 1089 3522 1143 pa-

1968 1161 2129 1216 triam
2174 1161 2522 1232 ignorabam;
2554 1170 2607 1216 et
2642 1170 2917 1230 cognatos,
2966 1177 3104 1230 quos
3149 1163 3343 1216 animae
3389 1179 3524 1218 mea:

1919 1298 1932 1313 ,
1971 1251 2217 1322 proprios
2247 1266 2308 1306 ac
2339 1250 2654 1313 familiares,
2694 1260 2874 1319 postea
2905 1265 3067 1305 nosse
3109 1251 3280 1320 cmpi;
3325 1262 3379 1306 et
3407 1252 3521 1306 veri

1969 1345 2138 1414 patris
2166 1343 2272 1398 mei
2315 1342 2559 1405 domum,
2597 1342 2648 1394 in
2689 1357 2792 1410 qua
2825 1355 3070 1402 manens.
3096 1344 3164 1397 ab
3191 1345 3256 1399 iis
3281 1346 3372 1414 qui
3405 1360 3523 1398 ma~

1970 1450 2098 1490 nere
2128 1436 2181 1488 in
2210 1449 2273 1489 ea
2305 1435 2513 1497 volunt,
2543 1435 2684 1486 veris
2716 1432 2840 1488 ﬁliis
2873 1434 2958 1501 pie
2987 1435 3282 1490 honoratur
3312 1445 3366 1491 ct
3392 1436 3526 1491 coli-

1970 1536 2062 1582 tur
2089 1533 2260 1595 pater.
2291 1525 2359 1579 At
2379 1540 2476 1595 ego
2503 1523 2713 1593 pietatis
2743 1535 2807 1578 ac
2835 1525 3113 1595 gravitatis
3145 1539 3355 1596 etpers,
3383 1527 3523 1580 indi-

1972 1633 2217 1691 gnusque
2243 1618 2368 1672 inde
2395 1617 2606 1680 recedo,
2643 1615 2830 1670 oculos
2863 1624 3005 1670 retro
3029 1619 3360 1688 gradumque
3386 1635 3526 1675 con~

1971 1719 2205 1764 vertens.
2235 1707 2432 1761 Filium
2458 1707 2744 1777 quemdam
2780 1707 2956 1763 ferunt
2979 1709 3042 1776 '9,
3066 1720 3283 1779 accepta
3314 1725 3343 1764 a
3368 1719 3523 1780 patro

1969 1809 2114 1856 sorte
2152 1799 2390 1870 legitima
2413 1814 2534 1869 quae
2565 1798 2666 1870 ipsi
2696 1814 2818 1852 cum
2849 1800 3018 1854 altero
3045 1799 3212 1855 fratre
3241 1812 3521 1872 compote.

1963 1893 2078 1956 bat,
2123 1900 2315 1962 sponte
2343 1907 2442 1947 sua
2488 1906 2520 1946 a
2569 1892 2736 1961 patris
2775 1893 3052 1947 consortio
3092 1893 3420 1950 abscessisse
3467 1896 3522 1952 in

1965 1985 2238 2056 regionem
2285 1983 2666 2054 longinquam,
2709 1985 2923 2052 vitaque
2957 1984 3067 2038 illic
3102 1985 3525 2056 intemperanter

1966 2087 2086 2133 acta
2143 2076 2472 2146 abligurisse
2521 2085 2776 2144 paternas
2829 2073 3150 2144 facultates,
3201 2077 3525 2148 penitusque

1966 2169 2296 2240 dissipasse;
2345 2168 2559 2223 tandem
2611 2179 2740 2222 vero
2795 2168 2977 2238 inopia
3036 2185 3307 2240 pressum,
3367 2183 3524 2242 pacta

1967 2261 2216 2317 mercede
2259 2259 2544 2330 pascendis
2588 2259 2768 2329 porcis
2805 2274 3024 2328 operam
3069 2261 3309 2328 locasse;
3355 2262 3527 2318 fame-

1968 2369 2074 2425 que
2098 2360 2343 2423 urgente,
2393 2366 2708 2426 communes
2763 2366 2886 2405 cum
2944 2353 3123 2420 porcis
3165 2368 3318 2409 escas
3359 2369 3522 2424 expe-

1968 2449 2145 2513 tiisse,
2186 2461 2285 2501 nec
2332 2445 2587 2514 consequi
2631 2445 2892 2514 potuisse.
2935 2444 3131 2501 Poenas
3167 2462 3295 2515 ergo
3321 2447 3521 2502 intem-

1969 2536 2209 2607 perantis
2258 2535 2380 2589 vitze
2412 2534 2532 2600 luit,
2580 2533 2672 2603 qui
2721 2549 2816 2602 pro
2853 2543 3076 2603 paterna
3123 2548 3330 2601 mensa,
3373 2536 3522 2606 regia

1970 2630 2060 2684 illa
2105 2644 2170 2684 ac
2212 2627 2510 2699 splendida,
2554 2626 2821 2696 porcinas,
2849 2642 2986 2696 quas
3012 2642 3118 2680 non
3149 2638 3522 2698 prospexerat,

1973 2723 2194 2778 serviles
2241 2736 2394 2776 escas
2445 2724 2823 2774 commutarat.
2882 2717 3010 2772 Tale
3056 2719 3308 2782 quiddam
3365 2721 3525 2776 nobis

1972 2823 2288 2870 eventurum
2316 2812 2711 2866 discedentibus
2746 2810 2974 2876 videtur,
3022 2826 3119 2866 nec
3171 2820 3346 2867 tamen
3397 2829 3523 2867 cum

1973 2905 2182 2976 integra
2215 2913 2552 2974 competente
2579 2911 2743 2958 sorte.
2774 2900 2959 2971 Neque
2986 2902 3128 2955 enim
3174 2902 3240 2957 iis
3268 2905 3523 2973 acceptis,

1974 3015 2095 3071 quae
2121 2997 2506 3068 congruebant,
2538 2995 2859 3052 discedimus
2889 3005 3088 3057 tamen,
3131 2995 3272 3048 bona
3307 2997 3524 3066 quidem

300 3086 643 3141 ἐπιδάλλοντι
678 3086 882 3157 κλήρῳ.
907 3086 1041 3164 Οὐδὲ
1061 3085 1170 3157 γὰρ
1201 3086 1459 3150 λαϐόντες
1487 3087 1522 3140 ἃ
1547 3089 1734 3160 ἐχρῆν,
1754 3089 1869 3144 ἄπι-

1975 3111 2038 3150 ac
2077 3093 2241 3149 chara
2273 3101 2446 3146 tecum
2474 3097 2529 3144 et
2556 3089 2694 3159 apud
2727 3097 2777 3142 te
2805 3088 3186 3157 relinquentes,
3214 3089 3397 3158 pejora
3423 3107 3525 3144 au-

306 3196 407 3251 μεν
437 3179 494 3233 δὲ
516 3181 664 3250 ὅμως
702 3178 833 3249 (44),
861 3177 928 3231 τὰ
964 3175 1059 3249 μὲν
1091 3178 1230 3232 καλά
1263 3178 1356 3233 καὶ
1394 3179 1522 3248 φίλα
1546 3181 1868 3236 καταλιπόν·

301 3289 397 3334 τες
420 3271 554 3341 μετά
584 3271 675 3325 σοῦ
709 3271 801 3325 καὶ
827 3270 975 3342 παρὰ
1001 3267 1101 3335 σοὶ,
1127 3271 1486 3342 ἀμειψάμενοι
1505 3271 1560 3325 δὲ
1587 3271 1656 3325 τὰ
1681 3275 1867 3346 χείρω.

303 3360 613 3427 Διαδέξεται
661 3362 768 3434 γὰρ
829 3363 976 3433 ἡμᾶς
1041 3363 1335 3435 σκυθρωπὰ
1394 3363 1602 3425 πάντα,
1647 3363 1870 3437 θόρυϐος

306 3456 402 3509 καὶ
429 3455 663 3526 τάραχος
701 3454 760 3520 ἐξ
800 3455 1040 3528 είρήνης,
1082 3457 1174 3508 κα).
1227 3454 1286 3520 ἐξ
1333 3455 1532 3528 ἡσύχου
1576 3459 1668 3510 καὶ
1710 3458 1870 3513 εὐτά-

303 3564 460 3610 κτου,
506 3545 617 3617 βίος
663 3547 894 3610 ἄτακτος
917 3564 930 3577 ·
967 3548 1030 3600 ὲκ
1068 3547 1123 3600 δὲ
1165 3547 1471 3620 ἐλευθερίας
1508 3548 1726 3619 ταύτης,
1757 3551 1874 3605 δου-

303 3638 426 3693 λεία
453 3639 694 3710 χαλεπὴ,
736 3638 928 3711 ἀγοραὶ
966 3640 1059 3692 καὶ
1087 3639 1231 3693 δίκαι
1252 3640 1344 3692 καὶ
1374 3639 1544 3710 ὄχλοι·
1577 3639 1671 3694 καὶ
1699 3642 1869 3712 χλιδὴν

304 3733 404 3785 καὶ
443 3730 604 3802 σχολή
653 3730 750 3801 μὲν
795 3733 924 3802 ἡμῖν
970 3731 1150 3784 οὐκέτι
1197 3731 1332 3802 πρὸς
1374 3732 1444 3784 τὰ
1492 3732 1723 3804 κρείττω
1763 3731 1870 3787 οὐδ’

305 3825 547 3894 ἡτισοῦν.
591 3823 724 3878 Οὐδὲ
757 3823 909 3892 λόγια
935 3822 1003 3876 τὰ
1045 3823 1163 3877 θεῖα
1200 3822 1530 3894 λαλήσομεν·
1570 3824 1871 3896 λαλήσομεν

305 3915 363 3969 δὲ
387 3916 458 3969 τὰ
487 3915 620 3989 ἔργα
650 3917 756 3970 τῶν
785 3914 1082 3990 ἀνθρώπων
1113 3915 1288 3982 (τοῦτο
1316 3917 1378 3989 δὴ
1415 3915 1507 3970 καὶ
1538 3917 1737 3981 ἁπλοῦς
1758 3918 1866 3989 (45)

308 4008 422 4080 ἀρά
454 4026 538 4072 τις
573 4003 708 4063 εἶναι
743 4008 1046 4080 νενόμισται
1085 4007 1240 4079 ἀνδρὶ
1271 4009 1538 4081 προφήτῃ)
1563 4027 1575 4040 ο
1622 4012 1778 4082 ἡμεῖς
1813 4012 1868 4065 δὲ

310 4101 407 4154 καὶ
449 4100 696 4172 πονηρῶν
736 4100 1053 4173 ἀνθρώπων.
1085 4100 1198 4168 Νὺξ
1229 4101 1394 4165 ὅντως
1434 4102 1493 4166 ἐξ
1525 4103 1769 4176 ἡμέρας·
1804 4107 1868 4158 ἐκ

386 4237 431 4269 ¹⁹
456 4236 588 4293 Luc.
623 4253 712 4303 xv,
751 4239 810 4292 ll
846 4247 899 4294 ct
923 4254 1075 4308 seqq.
1151 4239 1196 4270 ’θ
1231 4237 1370 4294 Psal.
1402 4255 1513 4293 xw.

382 4332 504 4456 (38)
537 4333 709 4387 Ἐκεῖ.
737 4333 884 4388 Hanc
907 4349 1091 4388 vocem
1129 4335 1327 4388 omittit
1361 4334 1602 4398 Vossius,
1634 4351 1863 4406 eamque

387 4419 437 4456 ιιι
505 4402 784 4456 Imschclio
826 4405 1058 4456 restituit
1089 4404 1409 4456 Benaelius:
1451 4406 1542 4456 aui
1598 4422 1723 4456 mox
1769 4423 1863 4456 nm

293 4419 378 4457 ἐι]
387 4419 437 4456 m

311 4474 408 4546 agi.
435 4474 785 4546 radtqvlegit
813 4474 906 4527 καὶ
935 4474 1130 4546 μάτην,
1159 4491 1282 4530 cum
1309 4476 1505 4546 eodem,
1525 4475 1862 4531 llmschelio:

314 4543 532 4616 Terram
570 4543 702 4616 colo,
719 4543 887 4614 idque
929 4543 1163 4614 frustra,
1197 4546 1374 4615 spinas
1419 4545 1606 4616 quippe
1637 4548 1763 4600 mihi
1806 4565 1867 4602 ac

313 4614 537 4666 tribulos
563 4615 950 4682 producentem.

381 4684 494 4753 (59)
541 4681 956 4755 Ἐπιστρέρων.
1002 4681 1378 4755 llmschclius,
1424 4685 1752 4755 ὲπιστρέφω.
1807 4685 1870 4741 Et

313 4755 480 4876 paulo
510 4765 650 4822 post,
675 4754 770 4824 τὴν
797 4755 934 4825 ἐμήν
961 4754 1056 4825 τὴν
1080 4754 1246 4809 κάτω.
1282 4755 1428 4809 lianc
1460 4754 1742 4810 lectiunem
1769 4772 1866 4810 cx~

337 4823 468 4876 libet
497 4823 796 4876 Benuulius.

337 4823 470 4894 libet
497 4823 796 4894 Bengt‘elius.

393 4893 505 4962 (40)
545 4892 696 4962 Πρὸς
716 4895 933 4962 ἕτερον.
961 4892 1226 4949 Notabilis
1265 4910 1396 4949 usus
1433 4894 1862 4962 praepositionis:

314 4963 404 5017 cui
431 4965 601 5035 aginis
633 4964 718 5018 ille
749 4961 849 5026 est,
890 4981 1010 5018 cum
1060 4961 1194 5035 πρὸς
1242 4961 1743 5035 compensationem,
1785 4968 1868 5019 in-

312 5036 436 5102 quit
463 5032 719 5088 Devarius
752 5051 869 5104 cap.
897 5035 987 5095 2'5.
1011 5035 1080 5088 De
1105 5032 1292 5102 partio.
1323 5032 1510 5098 Gram,
1538 5035 1592 5086 id
1615 5046 1689 5087 est
1717 5038 1866 5104 pari-

317 5114 479 5174 tolem
505 5106 657 5172 pretii
685 5116 732 5158 et
763 5106 1127 5160 wstimationis
1159 5105 1456 5174 aliquarum
1499 5121 1666 5157 rerum
1705 5107 1867 5174 signi-

312 5173 480 5296 gat;
509 5183 564 5226 ut
597 5176 734 5241 apud
771 5173 1273 5260 Theophrastumde
1301 5175 1565 5234 balsamo,
1612 5173 1866 5257 πωλεῖται

405 5242 466 5296 τὸ
496 5244 591 5296 μὲν
616 5247 845 5296 ἄκρατον
871 5242 952 5296 δὶς
976 5245 1108 5296 πρὸς
1129 5247 1385 5296 ἀογυοιον
1401 5262 1416 5275 ·
1453 5246 1752 5296 rependitur
1789 5246 1865 5296 bis

405 5242 466 5296 τὸ
496 5244 591 5313 μὲν
616 5247 845 5320 ἄκρατον
871 5242 952 5310 δὶς
976 5245 1108 5316 πρὸς
1129 5242 1385 5320 ἀργύριον
1401 5262 1416 5275 ο
1453 5246 1752 5314 rependitur
1789 5246 1865 5300 bis

319 5324 471 5384 tanta
497 5325 729 5384 argento.
756 5315 985 5369 BENGEL.

393 5383 1007 5457 (Ai)_dtaoxopaiaat.
1058 5383 1432 5450 Hmschelius,
1485 5385 1860 5457 διασπαθήσαι.

317 5452 415 5509 Sic
441 5464 496 5508 et
521 5452 822 5524 Bengzelius.
985 5517 1001 5524 ν,
1333 5518 1336 5522 ,

377 5525 507 5596 ,(42)
549 5517 662 5593 Τῆξί
686 5525 937 5596 ἀσώτου.
970 5517 1208 5582 Subaudi
1243 5518 1388 5596 ζωῆς
1417 5539 1446 5578 e
1472 5525 1738 5596 proximo,
1759 5522 1865 5596 ζῶν

317 5591 376 5649 δέ
405 5591 648 5659 ἀσώτως.
691 5595 1044 5666 Haeschelius,
1075 5612 1196 5651 cum
1230 5591 1438 5666 nupcro
1474 5591 1676 5650 editore
1715 5595 1866 5648 Pari-

209 5703 212 5706 -
318 5666 509 5731 siensi,
540 5667 638 5737 τῆς
675 5663 940 5737 ἀσωτίαςε
972 5665 1204 5731 Mallem,
1243 5663 1542 5737 si'tuutato
1585 5681 1720 5737 opus
1761 5672 1863 5727 est,

316 5737 420 5807 τήν
446 5735 656 5791 ἀσώτου
681 5736 894 5808 (δίκην).
920 5735 1008 5790 Sic
1029 5738 1172 5791 enim
1200 5736 1507 5807 expressius
1529 5735 1697 5790 multo
1723 5743 1867 5790 esset

635 5818 912 5893 Paeon:
951 5831 1066 5893 Gn.
1112 5830 1193 5891 Χ.

1974 3199 2082 3244 tem
2116 3187 2298 3242 omnia
2335 3192 2724 3255 permutantes.
2774 3179 3056 3250 Excipient
3107 3169 3214 3236 nos.
3260 3182 3524 3252 siquidem

1975 3280 2288 3341 tristissima
2323 3279 2533 3344 omnia;
2567 3277 2733 3330 turbae
2761 3275 3133 3346 tumultusque
3166 3291 3262 3345 pro
3295 3292 3443 3347 pace,
3472 3287 3528 3334 et

1975 3374 2216 3444 inquieta
2255 3388 2319 3427 ac
2351 3370 2659 3426 turbulenta
2699 3370 2806 3422 vita
2842 3383 2938 3438 pro
2976 3368 3265 3437 tranquilla
3290 3377 3343 3421 et
3377 3383 3527 3422 com-

1975 3465 2188 3536 posita;
2216 3480 2312 3534 pro
2352 3463 2593 3517 libertate
2634 3461 2754 3524 hac,
2799 3459 3030 3514 servitus
3071 3461 3270 3529 gravis,
3303 3459 3440 3526 fora,
3469 3470 3526 3517 et

1973 3556 2117 3618 lites,
2154 3564 2207 3608 et
2243 3554 2648 3624 contentiones;
2699 3566 2762 3606 ac
2797 3550 3020 3615 delicize,
3055 3551 3331 3621 otiumque
3373 3553 3526 3607 dein-

1973 3661 2099 3716 ceps
2127 3644 2283 3699 nobis
2313 3645 2379 3698 ad
2410 3643 2633 3697 meliora
2684 3640 2890 3694 nullum
2920 3643 3037 3694 erit.
3070 3639 3180 3696 Nec
3203 3643 3384 3697 divina
3409 3645 3524 3700 elo-

1974 3737 2100 3808 quia
2146 3736 2466 3804 loquemur:
2497 3733 2587 3788 sed
2630 3733 2914 3801 loquemur
2967 3745 3131 3799 Opera
3179 3733 3457 3786 hominum
3477 3735 3528 3768 ³ο

1974 3824 2139 3896 (quod
2189 3838 2320 3878 sane
2369 3823 2528 3876 etiam
2565 3822 2742 3876 dirum
2782 3820 3057 3890 quidpiam
3095 3826 3318 3878 omnino
3348 3825 3523 3880 visum

1972 3925 2055 3972 est
2081 3913 2373 3986 propheta)
2401 3931 2414 3968 :
2445 3929 2543 3968 nos
2571 3927 2717 3975 vero,
2742 3915 3006 3967 malorum
3035 3915 3195 3969 etiam
3219 3917 3519 3973 hominum.

1972 4008 2089 4064 Nox
2119 4022 2242 4063 vere
2269 4021 2370 4076 pro
2393 4005 2499 4073 die,
2531 4020 2628 4074 pro
2655 4005 2801 4058 clara
2827 4005 2945 4060 luce
2973 4007 3226 4072 tenehm,
3261 4024 3356 4077 pro
3385 4008 3524 4064 festa

1973 4103 2284 4161 celebritate
2328 4101 2536 4166 luctus;
2575 4114 2672 4169 pro
2720 4099 2913 4168 patria,
2955 4099 3150 4155 hostile
3198 4116 3296 4157 nos
3344 4101 3520 4157 solum

1968 4335 2346 4406 epiphonema.
2377 4331 2482 4406 Sed
2511 4330 2611 4406 τῆς
2639 4327 2848 4384 ἀσώτου
2875 4330 3093 4397 dicitur,
3120 4331 3198 4387 uti
3221 4331 3319 4404 τὴν
3345 4329 3522 4406 ἀληθῆ

505 4402 784 4467 Iteschclio
826 4405 1058 4458 restituit
1089 4404 1409 4473 Bengelius;
1451 4406 1542 4474 qui
1598 4422 1724 4461 mox
1769 4401 1863 4470 pro
1896 4447 1940 4474 η
1968 4401 2074 4463 sub
2097 4408 2256 4460 tinem
2281 4421 2399 4473 cap.
2433 4404 2485 4457 5.
2511 4401 2741 4456 ΒεΝοει..

2042 4478 2168 4546 (45)·
2199 4477 2299 4530 Ἐν
2334 4469 2541 4546 (intem
2578 4469 2818 4546 τροφάς.
2869 4471 3336 4546 Quibusaluntur
3369 4471 3527 4546 θῆτες

1969 4556 2023 4603 et
2044 4541 2220 4614 operae
2252 4541 2612 4614 mercenarim.
2637 4541 3023 4614 βιςιιυιιπέϐὶ.
3048 4542 3158 4614 Al,
3188 4541 3440 4614 uril’ted;
3471 4545 3523 4610 4,

1967 4611 2305 4687 Μεμέρισται
2337 4613 2393 4667 δὲ
2415 4613 2598 4687 ultimi;
2631 4611 3195 4687 Onesiajtokuoxtatbq.
3217 4613 3522 4687 ⁸Ηςιιιῑδριιιῖι..

1967 4635 2049 4671 me
2098 4635 2305 4687 ερισται
2337 4635 2393 4667 οε
2415 4635 2593 4674 auset;
2631 4635 2816 4683 υητεια
2845 4635 3195 4682 πολυσχιοως.
3235 4635 3521 4669 "meum!"

1966 4635 2352 4754 —-ﬁesychius
2387 4703 2404 4754 :7
2425 4682 2681 4754 7911181515
2723 4681 3078 4754 μισθῶσεις,η
3113 4684 3521 4753 μισθοδουλείκι.

1968 4756 2134 4826 lbid.,
2161 4751 2294 4826 Θὴς,
2329 4753 2531 4826 δοῦλος,
2566 4751 2850 4826 μισθωτός.
2884 4751 3004 4806 Vid.
3039 4751 3521 4826 Ila'rpou-ationem

1966 4844 2024 4880 υ.
2056 4821 2248 4893 Θῆτις,
2274 4834 2326 4879 et
2357 4821 2620 4877 Thomam
2657 4821 2970 4892 Magistrum
2999 4843 3055 4877 υ.
3090 4823 3228 4889 θ’ήςο
3257 4825 3346 4877 ubi
3374 4826 3527 4892 plura

1967 4897 2071 4950 viri
2096 4895 2312 4950 eruditi.
2345 4893 2530 4964 Neque
2563 4895 2782 4948 omittas
2823 4896 2980 4948 velim
3016 4893 3286 4949 Pollucem
3322 4894 3416 4947 lib.
3441 4910 3523 4958 ut,

1967 4982 2086 5036 cap.
2116 4965 2169 5030 8,
2196 4981 2364 5036 segni.
2392 4964 2480 5036 82.

2040 5029 2163 5105 Z44)
2197 5029 2347 5088 Οὐδὲ
2386 5035 2561 5104 γὰρ...
2605 5029 2777 5104 ὅμως.
2819 5033 3036 5105 Nullum
3091 5031 3350 5105 d_ubium,_
3377 5033 3527 5105 exei-

1968 5102 2114 5161 diSse
2138 5102 2332 5176 vocem
2360 5102 2652 5176 hocmodo
2681 5104 3104 5176 restituendam,
3122 5102 3248 5176 λαό,
3274 5102 3308 5156 ὃ.
3335 5103 3522 5174 ἐχρῆν,

1967 5177 2170 5247 ἄπιμεν
2188 5189 2202 5208 ο
2234 5175 2436 5247 ἄπιμεν
2465 5174 2521 5228 δὲ
2554 5176 2720 5247 ὅμως.
2747 5175 3044 5247 (λείους-ς
3067 5172 3283 5247 Ellipsis
3307 5172 3524 5247 estnon

1968 5242 2229 5301 insolens.
2257 5242 2514 5316 Exempla
2546 5242 2862 5316 cullegimus
2884 5247 2951 5300 ad
2979 5243 3093 5298 Cic.
3118 5246 3299 5313 epistt,
3325 5259 3378 5313 p.
3398 5242 3522 5310 εει,

1967 5316 2090 5371 886.
2124 5316 2353 5370 Benene.
3364 5339 3379 5354 .

2038 5387 2147 5457 (45)
2201 5386 2466 5452 Ἁπλοῦς.
2508 5385 2615 5440 Pro
2655 5382 2841 5457 ἁπλῶς
2880 5381 3296 5457 ρθνεηιιιῑξιεεη
3313 5383 3521 5457 partis.

1970 5450 2059 5510 Sic
2086 5450 2204 5519 cap.
2237 5457 2269 5508 6
2301 5450 2435 5511 ante
2467 5457 2724 5517 medium,
2760 5455 2866 5506 τῶν
2883 5450 3127 5522 ’πρῶτων
3158 5451 3400 5522 ἡμερῶν,
3429 5467 3528 5520 pro

1965 5525 2035 5577 τά
2067 5524 2272 5596 πρῶτα..
2448 5526 2772 5596 Apollonius
2804 5523 3198 5596 Alexandrinus
3249 5523 3338 5574 ιιι›.
3386 5537 3433 5596 ιΔ
3456 5522 3528 5596 [ζα

1967 5589 2128 5664 θεμιιᾲ
2159 5610 2275 5664 cap.
2314 5589 2453 5664 30,ή
2484 5589 2714 5664 συνήθης
2755 5593 2874 5661 (pro
2909 5591 3168 5664 συνήθως,
3201 5602 3353 5647 notat
3402 5589 3526 5663 Syl-

1968 5663 2212 5736 b’urgius)
2230 5663 2659 5736 ἐπιτασσομένη.
2696 5664 2930 5718 Bessan.

3218 5821 3296 5882 35
