3988 6200
321 315 457 372 MOI

1288 314 1358 369 IN
1395 314 1746 372 ORIGENEM
1783 317 2041 374 ORATIO
2073 317 2532 376 PANEGYRICA.

3420 328 3564 385 1103

387 437 488 490 ῐΖ’.
549 433 708 487 Ἀλλὰ
730 432 782 486 τι
811 431 984 488 ταῦτα
1015 433 1224 507 θρηνῶς
1263 436 1451 489 Ἔστιν
1471 438 1499 490 6
1532 437 1724 508 Σωτὴρ
1759 438 1867 491 πάν

2064 435 2232 494 XVII.
2263 437 2367 493 Sed
2397 453 2661 508 quorsum
2707 439 2824 494 baac
2873 439 3178 497 lamentor?
3227 441 3324 497 Est
3372 447 3562 515 utique

313 544 447 591 των,
489 527 584 580 καὶ
637 524 746 579 τῶν
796 525 1074 597 ήμιθανῶν
1124 527 1219 580 κα)⁹
1266 527 1374 581 τῶν
1428 527 1888 602 λελῃστευμένων,

313 621 532 674 πάντων
560 616 814 689 κηδεμὼν
840 619 936 672 καὶ
973 620 1173 692 ἰατρὸς,
1205 619 1397 689 Λόγος,
1429 621 1459 672 6
1483 621 1757 691 ἄγρυπνος
1785 621 1889 690 φύ-

312 711 414 778 λαξ
449 711 560 782 (55)
599 710 816 764 πάντων
845 711 1175 782 ἀνθρώπων.
1223 713 1410 766 Ἔστιν
1443 715 1577 783 ἡμῖν
1607 715 1698 766 καὶ
1726 715 1890 784 σπέρ-

315 823 462 877 ματα
500 805 536 858 ὅ.
568 822 629 858 τε
678 803 896 875 ἔχοντας
940 807 1085 874 ἡμᾶς
1143 804 1449 871 άνέδειξας,
1492 807 1583 858 καὶ
1611 807 1710 859 ὅσα
1739 808 1890 879 παρὰ

312 898 410 951 σοῦ
436 898 752 969 εἰλήφαμεν,
778 896 878 959 τὰς
904 896 1072 960 καλάς
1103 896 1400 969 ὑποθήκας,
1427 899 1522 952 σὺν
1548 892 1627 961 οἷς
1652 897 1853 969 ἄπιμεν
1871 915 1884 928 ·

308 991 568 1062 κλάοντες
600 991 717 1060 μὲν,
761 990 837 1053 ὡς
871 989 1241 1061 πορευόμενοι,
1284 990 1539 1061 φέροντες
1577 990 1633 1042 δὲ
1663 991 1759 1043 σὺν
1789 993 1888 1044 αὑ-

305 1083 422 1143 τοῖς
447 1081 594 1151 ὅμως
623 1080 693 1133 τὰ
727 1081 1015 1152 σπέρματα
1034 1080 1227 1134 ταῦτα.
1257 1082 1415 1144 Ἴσως
1451 1081 1547 1151 μὲν
1579 1077 1670 1135 οὖν
1698 1081 1892 1135 διασώ-

308 1189 466 1226 σεται
504 1174 649 1243 ἡμᾶς
690 1174 718 1224 6
749 1173 920 1242 φύλαξ
957 1173 1212 1237 ὲπιστάς’
1245 1173 1372 1236 ἴσως
1393 1173 1449 1226 δὲ
1479 1175 1888 1246 ὑποστρέῲομεν

307 1266 451 1336 πρὸς
489 1265 550 1318 σὲ
584 1264 764 1332 πάλιν,
794 1267 1047 1338 φέροντες
1070 1269 1134 1320 ἐκ
1153 1266 1259 1320 τῶν
1293 1267 1619 1338 σπερμάτων
1641 1269 1733 1320 καὶ
1761 1271 1887 1333 τοὺς

305 1361 556 1430 καρποὺς
589 1360 682 1412 καὶ
727 1357 826 1422 τὰς
866 1359 1182 1430 δραγμίδας,
1231 1359 1440 1422 τελείας
1478 1359 1574 1429 μὲν
1603 1359 1720 1430 οὐχὶ
1751 1359 1888 1429 (πῶς

304 1450 472 1522 γάρ;)
527 1451 641 1514 οἵας
687 1451 745 1504 δὲ
793 1451 1012 1504 δυνατὸν
1055 1453 1185 1522 ἡμῖν
1233 1450 1340 1504 ἀπὸ
1384 1450 1489 1504 τῶν
1539 1454 1597 1504 ὲν
1644 1452 1886 1523 πολιτείᾳ

302 1545 599 1616 πράξεων,
652 1545 1050 1616 διεφθαρμένας
1105 1546 1202 1615 μὲν
1253 1548 1318 1616 τῇ
1375 1545 1600 1615 δυνάμει
1666 1544 1796 1615 (56),
1849 1545 1883 1615 ἢ

301 1637 541 1708 ἀκάρπῳ
571 1638 603 1708 ἢ
639 1637 974 1708 κακοκάρπῳ
1001 1637 1128 1701 τινὶ,
1167 1636 1238 1707 μὴ
1272 1637 1363 1689 καὶ
1385 1637 1885 1709 προσδιαφθαρησο-

306 1728 446 1801 μένῃ
475 1728 531 1781 δὲ
561 1730 696 1801 παρ’
728 1728 882 1800 ἡμῶν
909 1728 1019 1800 (57)
1038 1771 1052 1795 ,
1087 1731 1134 1781 εἰ
1166 1731 1194 1782 ὁ
1222 1728 1352 1792 Θεὸς
1380 1729 1638 1784 ὲπινεύοι.

259 1981 261 1983 ι
375 1914 482 1966 lH'.
529 1912 682 1983 Ἐμοὶ
714 1911 810 1982 μὲν
835 1907 926 1965 οὖν
955 1910 1186 1966 ἐνταῦθα
1218 1912 1520 1966 παυέσθωό
1544 1914 1716 1984 λόγος,
1749 1915 1879 1988 θρα-

303 2004 595 2073 συνόμενος
634 2004 731 2073 μὲν
765 2005 848 2071 ἐφ’
891 1996 950 2056 οὗ
992 2004 1102 2074 (58)
1131 2004 1328 2074 ἣκιστα
1355 2005 1542 2079 ὲχρῆν.
1584 2008 1878 2079 Εὑγνωμό-

299 2112 411 2158 νως
430 2095 485 2147 δὲ
511 2096 601 2149 καὶ
617 2096 1010 2166 εὐχαριστήσας
1039 2113 1162 2160 που,
1182 2091 1352 2167 οἶμαι,
1372 2099 1514 2152 κατὰ
1536 2098 1758 2170 δύναμιν
1779 2101 1878 2172 τὴν

296 2186 602 2259 ἡμετέραν,
645 2187 793 2252 ἄξιον
827 2188 923 2259 μὲν
949 2189 1099 2242 οὐδὲν
1129 2189 1414 2258 λεγόντων,
1445 2194 1504 2245 οὐ
1545 2193 1648 2264 μὴν
1676 2211 1880 2266 σιωπη-

299 2283 512 2336 σάντων
535 2283 840 2346 παντελῶς’
883 2285 974 2337 καὶ
1009 2284 1086 2338 ἔτι
1115 2285 1224 2356 (59)
1253 2288 1345 2340 καὶ
1375 2288 1876 2362 ἀποκλαυσάμενος,

294 2369 414 2428 οἷον
445 2375 494 2427 οἱ
525 2374 927 2446 ἀποδημοῦντες
955 2375 1062 2428 τῶν
1097 2376 1263 2445 φίλων
1293 2377 1534 2434 εἰώθασι.
1567 2383 1880 2452 Μειρακιῶ-

294 2466 390 2530 δες
449 2466 521 2537 μὴ
549 2507 563 2528 ,
613 2467 851 2530 θωπείας
903 2467 1158 2538 ἐχόμενον
1208 2470 1380 2534 οὐδὲν,
1435 2472 1554 2525 οὐδὲ
1598 2473 1880 2544 ἀρχαιότε-

299 2576 396 2630 ρον
427 2558 560 2626 (60),
602 2559 634 2630 ἦ
673 2560 1086 2632 περιεργότερον
1106 2601 1121 2624 ,
1148 2563 1246 2615 οὐκ
1273 2559 1390 2616 οἶδα
1413 2581 1427 2593 ·
1461 2563 1717 2633 πρόσεστι
1747 2564 1876 2633 μέν·

291 2668 383 2703 τοι
412 2650 580 2721 αὐτῷ,
630 2651 723 2704 καὶ
750 2650 808 2704 τὸ
837 2651 909 2722 μὴ
943 2653 1319 2723 πεπλασμένον
1344 2694 1358 2717 ,
1393 2654 1550 2708 τοῦτο
1576 2656 1758 2724 σαφῶς
1795 2673 1878 2723 γι-

293 2743 514 2807 νώσκω,
539 2743 734 2815 ἀληθὲς
766 2744 823 2796 δὲ
850 2745 1048 2816 πάντη,
1083 2745 1275 2820 γνώμῃ
1305 2746 1464 2815 ὑγιεῖ,
1496 2748 1589 2801 καὶ
1619 2747 1875 2819 προαιρέ-

303 2851 390 2887 σει
423 2834 700 2906 εἰλικρινεῖ
719 2835 813 2887 καὶ
831 2834 1019 2905 όλοκλή
1031 2852 1125 2906 ρῳ.

378 2927 477 2979 ΙΘ’.
502 2927 571 2980 Σὺ
597 2927 651 2978 δὲ
685 2927 941 2990 ἀναστάς,
970 2920 1014 2979 ὦ
1043 2927 1170 2998 φίλη
1187 2926 1414 2999 κεφαλὴ,
1438 2927 1531 2981 καὶ
1559 2921 1871 3001 εὐξάμενος,

294 3019 401 3090 ἤδη
443 3019 621 3090 πέμπε
656 3021 824 3091 ἡμᾶς,
869 3020 1046 3084 σώσας
1095 3021 1192 3091 μὲν
1239 3021 1511 3092 παρόντας
1555 3023 1666 3084 τοῖς
1710 3023 1874 3092 ἱεροῖς

295 3128 396 3163 σου
430 3109 746 3182 μαθήμασι,
791 3109 975 3173 σώζων
1015 3110 1071 3163 δὲ
1102 3112 1220 3172 ταῖς
1257 3110 1440 3180 εὐχαῖς
1466 3112 1559 3164 καὶ
1593 3111 1874 3181 ἀποδημή-

295 3217 532 3266 σαντας·
571 3203 663 3255 καὶ
694 3201 756 3272 δὴ
787 3201 1076 3274 παραδίδου
1101 3203 1536 3275 καὶπαρατίθεσο
1565 3201 1694 3274 (GI),
1727 3203 1863 3272 μάλ-

408 3315 452 3346 ’⁸
483 3314 621 3370 Psal.
647 3330 808 3380 cxxv,
832 3314 886 3369 6.

293 3453 404 3506 bus
438 3453 590 3516 locis,
623 3450 1021 3506 Nazianzenum
1068 3461 1206 3505 orat.
1253 3452 1464 3507 funebri
1501 3454 1551 3508 in
1591 3453 1864 3520 Basil.M.,

288 3523 569 3593 ἡμιθανὴς
592 3538 716 3577 vero
739 3521 878 3590 apud
908 3523 1177 3594 eumdem,
1203 3539 1371 3577 carm.
1402 3526 1488 3589 εἰς
1520 3523 1634 3590 τὴν
1663 3526 1733 3578 ἐν
1757 3544 1864 3594 νη-

288 3592 532 3666 animo
551 3594 804 3666 σιωπήν,
836 3607 889 3644 v.
915 3592 1039 3651 H6.
1080 3607 1314 3666 proauo
1343 3595 1502 3666 etiam
1548 3592 1860 3666 ﬂammeae,

289 3663 350 3716 id
394 3673 509 3735 est,
533 3665 938 3735 semimortuus,
981 3663 1336 3730 semianimis,
1378 3663 1858 3735 dicitut‘Sapient.

289 3749 458 3795 xvm,
493 3732 578 3786 I8.
611 3732 897 3787 Ηιεεειιει..

367 3804 482 3873 (55)
522 3803 574 3854 Ὁ
602 3803 903 3872 ἄγρυπνος
934 3801 1152 3870 φύλαξ.
1204 3801 1334 3875 Alii,
1365 3804 1718 3875 6_&ypur:vog,
1755 3806 1860 3861 alia

287 3871 668 3934 distinctione,
701 3881 1024 3928 construunt
1051 3889 1173 3926 cum
1204 3871 1378 3941 λόγος.
1409 3871 1552 3927 ldein
1581 3877 1858 3943 epitheton

286 3949 454 4001 aliter
498 3943 732 4012 positum
766 3944 1017 4011 superius
1064 3958 1182 4011 cap.
1219 3943 1284 4006 5,
1324 3954 1446 3997 ante
1479 3947 1735 4006 medium,
1769 3948 1858 4000 ubi

287 4017 420 4088 sici:
452 4015 724 4088 ἄγρυπνος
756 4013 829 4065 ὢν
860 4013 889 4064 6
932 4012 1069 4076 θεῖος
1124 4013 1466 4082 παιδαγωγὸς
1512 4016 1606 4068 καὶ
1655 4015 1858 4088 ἀληθὴς

287 4083 566 4157 κηδεμὼν.
579 4155 588 4157 _
603 4085 832 4157 Iisngep.

366 4151 476 4225 (56)
509 4155 634 4208 Μὲν
661 4153 735 4221 τῇ
773 4151 1041 4221 δυνάμει.
1083 4154 1197 4206 Μέν
1230 4170 1310 4206 τοι
1342 4152 1584 4224 δυνάμει.
1617 4153 1736 4209 Mox
1769 4156 1859 4210 ubi

292 4227 372 4298 μὴ
408 4225 520 4288 καί,
561 4226 662 4298 hoc
699 4225 771 4295 μή
805 4233 980 4293 potest
1021 4225 1183 4278 etiam
1234 4226 1376 4278 sumi
1409 4233 1468 4279 ut
1507 4226 1855 4292 ἀπευκτικόν,

286 4293 501 4351 iuian
533 4311 610 4348 ne.
648 4293 722 4348 In.

366 4367 481 4432 (57)
509 4367 645 4432 Παρ’
679 4365 864 4434 ἡμῶν.
903 4368 979 4420 Ita
1021 4363 1243 4418 Vossius
1288 4373 1342 4418 et
1390 4364 1694 4434 Bengelius.
1743 4366 1853 4429 AL,

290 4437 426 4508 παρ’
459 4438 611 4505 ἡμῖν,
646 4435 762 4504 ipso
783 4435 978 4492 Vossio
1002 4437 1542 4508 admonentezquam
1571 4436 1854 4491 lectionem

289 4504 520 4563 secutus
553 4516 636 4560 est
665 4521 905 4574 nuperus
927 4507 1101 4562 editor
1130 4504 1471 4574 Parisiensis.

365 4577 480 4646 (58)
526 4577 649 4644 Ἐφ’
676 4573 766 4628 οὗ.
797 4575 988 4632 Coram
1027 4593 1149 4642 quo,
1192 4575 1395 4646 scilicet
1419 4573 1670 4646 Origene.
1698 4576 1857 4631 Dixe--

290 4645 383 4703 rat
414 4647 704 4718 Gregorius
734 4663 852 4715 cap.
881 4648 916 4701 2
943 4657 1064 4718 post
1089 4645 1325 4718 medium
1363 4661 1375 4695 :
1403 4645 1598 4718 Καὶίεὶ
1629 4647 1727 4718 μὲν
1760 4648 1856 4700 ἁλ-

287 4715 874 4789 λαχόθι-που-καὶ-ὲπ
913 4715 1085 4789 ἄλλων
1130 4715 1352 4789 τοιαῦτα
1399 4715 1857 4789 προεθυμήθημεν

289 4785 724 4860 νεανιεύσασθαι,
746 4787 981 4860 θρασεῖς
998 4786 1099 4860 μεν
1131 4785 1418 4860 καὶ-οὓτως
1450 4786 1591 4860 ἦμεν
1609 4785 1714 4840 ut
1741 4785 1859 4860 τολ-

294 4857 462 4930 μηροί
513 4874 673 4930 τινες
705 4859 764 4909 οὐ
791 4856 805 4930 ί
819 4859 929 4930 μὴν
962 4856 1077 4930 ἀλλ]
1127 4856 1364 4930 ἀναίδεια
1409 4856 1506 4930 τῆς
1532 4859 1859 4930 προπετείας

291 4925 468 5007 agite,
493 4926 574 4991 τῷ
615 4930 687 4998 μὴ
729 4925 834 5007 trgi;
863 4925 944 5007 dot
979 4926 1149 5007 ταξτα
1199 4925 1587 5007 θρασύνεσθαι.
1617 4929 1769 5007 Quod
1811 4931 1858 4982 si

291 4999 430 5052 alibi
456 5008 502 5049 et
533 4997 708 5050 coram
741 4997 862 5050 aliis
905 4999 958 5050 in
1003 4997 1194 5050 talibus
1221 4997 1522 5066 juveniliter
1564 5000 1859 5052 conandum

290 5078 645 5138 putassemus,
677 5068 899 5120 audaces
929 5068 1003 5120 sic
1047 5083 1244 5137 quoque
1275 5083 1336 5120 ac
1363 5071 1691 5138 prw/identes
1720 5086 1858 5123 esse-

291 5155 414 5192 mus
446 5154 464 5191 :
495 5140 583 5190 sed
621 5147 790 5191 tamen
815 5138 1154 5206 impudentia:
1186 5143 1424 5193 accusari
1458 5141 1721 5194 temeritas
1755 5157 1856 5192 non

288 5218 489 5280 posset,
516 5209 741 5280 quoddea
775 5224 874 5261 non
898 5225 1074 5280 coram
1115 5217 1162 5262 te
1198 5209 1524 5280 auderemus.
1549 5210 1782 5264 BENGEL.

365 5278 479 5348 (59)
507 5277 616 5350 Kal
647 5278 754 5344 ἔτι,
787 5296 833 5331 κ.
875 5296 921 5331 τ.
959 5277 1245 5350 λαιλοειιιη
1293 5279 1365 5350 ita
1410 5281 1684 5350 distinguo
1716 5297 1728 5332 :
1762 5281 1857 5332 καὶ

287 5346 383 5422 ξτι-
412 5346 1149 5422 ...λεῖώθασιημειραξιιῷδεςζ
1195 5348 1432 5422 θωπείας
1467 5346 1720 5422 ἐχόμενον
1763 5350 1856 5403 οὺ-

287 5365 375 5402 ετι
501 5365 1148 5472 ειιουασι,1μειρακιωοες·
1195 5365 1432 5414 υωπειας
1467 5365 1720 5422 εχομενον
1763 5365 1854 5403 ou-

287 5418 556 5492 6év,_o'56_s
590 5419 713 5490 ἀρχ.
800 5421 849 5492 ic
894 5419 965 5490 μή
999 5419 1108 5472 vim
1139 5419 1296 5473 habet
1327 5421 1691 5492 interrogandi
1729 5436 1854 5475 cum

287 5489 636 5562 dubitatione
669 5507 682 5542 ε
715 5489 1019 5562 et._intacto
1046 5500 1310 5543 commate
1353 5489 1734 5562 subsequente.
1763 5505 1856 5562 co-

289 5559 464 5613 bazret
510 5575 632 5613 cum
685 5559 822 5612 οὐδέ.
875 5557 985 5612 Iloc
1031 5565 1206 5612 autem
1263 5557 1562 5624 commate}
1615 5561 1854 5624 θωπείας

289 5628 550 5700 ἐχόμενον
594 5630 764 5692 οὐδέν,
807 5629 1096 5697 Gregorius
1129 5631 1380 5684 virtutem
1430 5632 1693 5685 orationis
1743 5646 1855 5700 suae

291 5699 437 5769 hanc
477 5702 623 5769 quod
671 5715 794 5754 vera
840 5702 1002 5763 dicat,
1034 5701 1152 5752 κατ’
1195 5700 1350 5767 ἄρσιν
1392 5701 1666 5765 describit,
1709 5699 1855 5752 κατὰ

291 5768 439 5822 Θέσιν
465 5768 594 5826 vero
621 5787 743 5825 mox
773 5771 876 5824 illis
905 5771 1080 5824 verbis
1114 5789 1126 5823 :
1167 5770 1420 5840 πρόσεστι
1548 5769 1848 5841 ὁλοκλήρῳ.

1997 530 2246 585 balvator
2284 533 2550 597 omnium,
2590 531 2973 587 semivivorum
3021 543 3077 588 ct
3123 551 3153 588 a
3211 536 3560 604 praedonibus

1991 633 2336 691 vexatorum,
2377 625 2620 678 omnium
2653 633 2875 678 curator
2907 639 2973 678 ac
2998 625 3261 684 medicus.
3293 625 3555 693 Verbum,

1989 717 2221 786 vigilans
2252 715 2340 770 ille
2368 715 2610 770 omnium
2648 715 2932 772 hominum
2961 728 3166 774 custos.
3203 718 3342 773 Sunt
3370 728 3422 773 et
3452 735 3558 773 no-

1991 807 2076 861 bis
2119 806 2350 871 semina,
2396 822 2519 876 qua:
2553 806 2759 862 habere
2796 823 2896 863 nos
2918 809 3173 875 docuisti,
3203 820 3252 865 et
3289 827 3553 881 quaecun-

1990 912 2096 966 que
2120 914 2151 951 a
2181 907 2232 950 te
2258 898 2590 966 accepimus,
2621 898 2878 968 praeclara
2912 901 3120 954 monita
3161 910 3323 972 atque
3351 919 3554 973 przcce-

1991 997 2101 1058 pta,
2128 988 2453 1058 quibuscum
2502 990 2837 1045 discedimus
2861 1009 2876 1058 ;
2906 991 3153 1061 lugentes
3178 995 3394 1063 quidem
3412 996 3478 1061 “,
3497 1004 3557 1051 ut

1988 1081 2081 1150 qui
2116 1081 2218 1135 iter
2241 1081 2507 1148 facimus;
2538 1083 2633 1138 sed
2674 1083 2960 1138 nobiscum
2995 1097 3174 1140 tamen
3209 1086 3322 1141 haec
3345 1089 3558 1144 semina

1988 1171 2312 1227 deferentes.
2349 1171 2603 1228 Fortasse
2646 1190 2775 1243 ergo
2821 1177 3168 1231 conservabit
3216 1193 3316 1232 nos
3350 1194 3555 1248 praeses

1985 1274 2205 1331 custos;
2242 1264 2475 1320 fortasse
2501 1267 2696 1320 iterum
2717 1266 2781 1320 ad
2814 1276 2864 1322 te
2882 1277 3237 1334 revertemur,
3263 1270 3557 1326 aﬂ‘erentes

1986 1369 2053 1408 ex
2087 1354 2391 1410 seminibus
2435 1355 2585 1410 hisce
2614 1355 2824 1412 fructus
2855 1368 2907 1411 et
2930 1359 3262 1428 manipulos,
3283 1359 3555 1430 perfectos

1971 1450 2202 1522 quidem
2238 1450 2659 1518 haudquaquam
2697 1451 2810 1517 (qui
2845 1451 2988 1505 enim
3005 1452 3069 1520 ?),
3100 1452 3192 1506 sed
3231 1455 3421 1523 quales
3455 1472 3552 1509 uo—

1985 1543 2069 1598 bis
2097 1559 2163 1597 ex
2195 1542 2372 1598 civilis
2409 1543 2533 1596 vita:
2559 1543 2867 1598 actionibus
2894 1544 3050 1600 liceat
3074 1563 3087 1598 :
3116 1557 3402 1615 corruptos
3423 1548 3551 1617 qui-

1984 1636 2106 1690 dem
2134 1634 2387 1691 facultate
2407 1635 2492 1688 vel
2513 1634 2852 1705 infrugifera,
2889 1637 2973 1690 vel
2997 1637 3151 1691 malae
3174 1637 3409 1708 alicujus
3436 1639 3551 1694 fru-

1986 1727 2099 1796 gis;
2129 1727 2223 1781 sed
2255 1742 2365 1780 non
2416 1725 2648 1794 amplius
2683 1726 2824 1794 apud
2882 1742 2982 1780 nos
3044 1729 3464 1798 corrumpenda,
3500 1729 3552 1786 si

1985 1818 2129 1874 Deus
2156 1819 2428 1872 annuerit.

2053 1908 2240 1962 XVIII.
2276 1909 2407 1963 Mihi
2458 1924 2587 1980 ergo
2639 1911 2741 1964 hoc
2797 1911 2850 1962 in
2911 1912 3030 1964 loco
3079 1911 3294 1968 desinat
3345 1911 3544 1978 oratio,

1987 2002 2248 2057 audacius
2295 2003 2513 2072 quidem
2561 2002 2812 2068 fortasse,
2841 2004 2907 2059 de
2946 2021 3054 2074 quo
3089 2006 3314 2061 minime
3342 2007 3545 2072 decuit,

1984 2095 2228 2160 elocuta;
2265 2095 2359 2149 sed
2389 2096 2616 2165 gratias,
2644 2096 2699 2150 ui
2742 2095 2918 2164 fallor,
2958 2107 3056 2167 pro
3100 2099 3308 2154 viribus
3341 2099 3548 2155 nostris

1984 2195 2038 2240 et
2064 2201 2127 2239 cx
2161 2185 2343 2240 animo
2388 2185 2613 2241 reddere
2657 2187 3002 2256 conata:qui
3034 2187 3256 2258 dignum
3303 2203 3435 2243 sane
3464 2187 3550 2240 ni-

1987 2276 2063 2330 hil
2086 2277 2354 2343 diximus,
2385 2292 2485 2332 nec
2511 2286 2689 2332 tamen
2729 2278 2955 2332 omnino
2992 2279 3376 2334 conticuimus.
3414 2280 3546 2345 Qua:

1984 2379 2243 2438 praeterea
2288 2370 2451 2424 etiam
2489 2371 2812 2439 deploravit,
2839 2370 2978 2425 sicut
3022 2371 3113 2439 qui
3142 2372 3211 2425 ab
3241 2372 3431 2426 amicis
3456 2372 3546 2426 di-

1985 2459 2323 2530 grediuntur,
2351 2461 2525 2514 facere
2559 2462 2751 2516 solent.
2789 2465 2870 2514 An
2905 2463 3111 2530 puerile
3138 2463 3276 2516 nihil
3301 2465 3382 2517 vel
3410 2464 3545 2518 adu-

1985 2551 2259 2617 latorium,
2289 2552 2490 2606 nihilve
2512 2553 2817 2607 obsoletum
2851 2553 2935 2606 vel
2959 2553 3291 2623 superﬂuum
3322 2556 3541 2622 habeat,

1983 2645 2204 2709 nescio;
2252 2645 2542 2699 confictum
2586 2655 2731 2700 certe
2776 2646 2914 2699 nihil
2961 2645 3010 2700 ei
3053 2646 3223 2712 inest;
3257 2647 3360 2701 hoc
3385 2648 3544 2716 plane

1983 2736 2100 2790 scio
2131 2754 2144 2790 :
2175 2736 2377 2790 veritas
2406 2737 2550 2791 enim
2580 2737 2782 2807 ubique
2804 2746 2952 2793 recto
2983 2753 3192 2806 sensu,,
3222 2747 3277 2795 et
3325 2739 3543 2796 sincera

1982 2842 2046 2882 ac
2069 2827 2277 2897 integra
2310 2837 2490 2883 mente
2512 2837 2675 2898 atque
2698 2830 2947 2884 consilio.

2049 2919 2193 2974 XIX.
2227 2919 2307 2975 Tu
2335 2937 2464 2976 vero
2496 2936 2746 2992 exsurge,
2775 2937 2808 2976 ο
2833 2923 3060 2976 charum
3091 2933 3275 2994 caput,
3311 2934 3366 2980 ct
3405 2926 3543 2980 bene

1979 3014 2350 3081 precatusjam
2381 3029 2481 3069 nos
2506 3014 2750 3078 dimitte;
2778 3015 2873 3084 qui
2915 3026 3205 3084 praesentes
3235 3018 3408 3073 sacris
3435 3019 3542 3073 tuis

1979 3104 2283 3174 disciplinis
2307 3106 2556 3170 servasti,
2590 3120 2745 3159 serva
2774 3106 2937 3160 etiam
2964 3109 3216 3177 precibus
3249 3109 3536 3163 abeuntes.

1973 3196 2248 3252 Continuo
2278 3197 2440 3252 redde
2469 3213 2532 3254 ac
2561 3200 2742 3268 trade;
2777 3201 2872 3256 sed
2918 3201 3083 3257 redde
3129 3203 3310 3272 potius
3340 3202 3410 3267 ei,
3445 3202 3540 3272 qui

1971 3452 2110 3508 Huic
2136 3460 2317 3506 autem
2361 3452 2546 3517 virtuti
2593 3467 2714 3520 quae
2739 3451 2799 3504 τὸ
2847 3451 3006 3522 μέσον
3043 3450 3095 3504 in
3129 3449 3399 3519 loquendo
3425 3465 3542 3522 ser-

1969 3531 2079 3584 vat.
2113 3523 2338 3591 opponit
2368 3523 2476 3577 duo
2506 3523 2633 3576 vitia
2681 3521 2936 3590 tanquam
2987 3529 3261 3587 extrema;
3296 3536 3418 3574 cum
3453 3521 3538 3574 vel

1969 3593 2321 3664 ἀρχαιότερον
2361 3592 2587 3653 dicitur,
2635 3593 2718 3646 vel
2769 3591 3183 3664 περιεργότερον
3235 3605 3252 3643 :
3302 3606 3536 3659 quorum

1970 3663 2259 3728 utrumvis,
2293 3664 2470 3715 medio
2499 3678 2606 3715 non
2652 3671 2886 3724 servato,
2918 3663 2972 3715 in
3013 3678 3170 3715 suum
3208 3675 3538 3727 sermonem,

1969 3735 2164 3802 quippe
2215 3732 2569 3802 μειρακιῶδες
2614 3731 3118 3799 ἁποκλαυσάμενον,
3159 3732 3396 3802 irrepere
3443 3746 3540 3798 po-

1968 3800 2137 3857 tuisse
2163 3800 2335 3871 putat.
2382 3801 2514 3855 Nam
2549 3803 2641 3871 qui
2675 3803 2885 3856 veritati
2935 3801 3219 3871 incumbit,
3258 3800 3414 3871 facile
3460 3803 3540 3853 lo-

1968 3869 2531 3944 (ιυίιιιιδάρχαιότερον
2550 3869 2783 3926 σ’ἁείιιιιθ
2811 3874 2912 3944 qui
2943 3870 3166 3944 refugit_
3185 3869 3537 3944 άρχαιότερον

1967 3941 2136 4012 loqui,
2182 3941 2338 3997 I'aCiIe
2381 3941 2618 4011 loquitur
2655 3942 3105 4013 περιεργότερον·
3157 3941 3205 3993 id
3239 3941 3383 4008 quod
3411 3956 3539 4008 pro-

1968 3959 2136 4012 loqui,
2182 3959 2338 3997 Iacue
2381 3959 2618 4011 loquntur
2655 3959 3105 4064 napisEpYOtS-pow
3157 3959 3205 3993 tu
3239 3959 3383 4008 quon
3411 3959 3535 4008 pro-

1965 4017 2089 4084 pius
2121 4014 2328 4067 accedit
2373 4014 2437 4084 ad
2487 4012 2744 4065 θωπείαν.
2781 4015 2792 4031 ’
2839 4013 3086 4084 χύμενον,
3127 4019 3535 4084 tietitrutli,_i‘e-

1967 4079 2126 4156 spicit
2154 4083 2527 4156 μειρακιῶδες,
2565 4079 3214 4156 poniturque'ga_forma,
3247 4095 3354 4148 qua
3395 4079 3534 4147 δέον,

1967 4153 2082 4220 ἐξόν
2111 4150 2164 4208 et
2189 4150 2290 4208 alia
2324 4157 2488 4208 multa
2519 4150 2672 4224 capp.
2703 4154 2767 4206 16
2795 4150 2846 4208 et
2880 4153 2961 4206 I7.
2996 4150 3070 4224 lu.

2038 4226 2147 4295 (60)
2191 4218 2914 4296 Ἀρχαιότεροιηξ”Αρχαῖος,
2949 4222 3213 4296 antiquus.
3246 4218 3374 4296 inde
3405 4221 3532 4289 quia

1966 4291 2346 4365 antiquissima
2371 4291 2597 4365 quaeque
2619 4291 2921 4365 severitatis
2946 4307 3107 4365 qliam
3139 4291 3456 4365 plurimum,
3477 4302 3533 4346 et

1965 4359 2468 4442 quam_minimum
2488 4359 2835 4442 _'call_idi_'ta_tis
2887 4359 3084 4416 habent
3107 4363 3396 4442 ,“o‘tpxaio;
3440 4361 3535 4430 (ut

1967 4433 2108 4504 apud
2137 4436 2373 4490 Tullium
2417 4436 2644 4506 priscas)
2677 4436 2872 4489 dicitur
2902 4448 3008 4506 pro
3039 4433 3179 4506 rudi,
3215 4433 3533 4506 id_est,‘p_ro

1885 4517 1938 4575 ι)
1966 4501 2176 4575 illepido
2201 4507 2283 4561 vel
2311 4501 2496 4561 inscito
2533 4522 2550 4559 :
2580 4501 2644 4560 ac
2685 4507 2844 4560 modo
2890 4501 3232 4575 euphemiam
3280 4501 3528 4575 involvit,

1965 4571 2127 4646 modo
2168 4579 2233 4632 ad
2279 4577 2663 4632 contumeliam
2709 4571 2976 4646 pertinetf
3004 4573 3306 4646 Ilesychius
3345 4587 3368 4646 ί
3398 4571 3530 4646 ’ᾼρ-

1959 4645 2152 4712 καῖον,
2187 4648 2446 4724 παλαιὸν,
2481 4641 2727 4724 πρῶτον,
2777 4645 3012 4724 ἁπλοῷν,
3043 4641 3280 4724 ἄκακον,
3301 4641 3527 4724 ,ερηθεᾳ

1958 4721 2147 4787 Itaque
2179 4719 2472 4788 Gregorius
2502 4713 2832 4787 exquisitum
2880 4717 2969 4788 hic
3001 4715 3162 4768 habet
3200 4713 3528 4788 antithetou,

1959 4783 2372 4861 ἀρχαιότερονῆ
2410 4783 3360 4861 περιεργότερονηνονειυιχεοίιιεεῐ,
3405 4783 3531 4861 hinc

1963 4853 2233 4911 nenimis
2255 4853 2401 4914 vertis
2451 4853 2627 4913 I'uerit'
2663 4853 2746 4912 de'
2775 4857 3027 4924 Origene,
3075 4855 3128 4908 id
3159 4865 3259 4914 US!»
3292 4867 3359 4906 lle
3383 4853 3527 4913 Pulli.

1961 4929 2117 5001 arido
2159 4938 2213 4982 ct
2259 4929 2493 5001 strigoso
2544 4945 2805 5001 sermone
2841 4930 3030 5001 minus
3075 4925 3526 5001 _dixerit,__quam

1961 4999 2238 5053 debuisset
2274 5018 2285 5051 :
2325 4993 2466 5071 inde,
2504 5017 2590 5065 ne,
2622 5003 2725 5055 hoc
2760 4999 2948 5052 vitium
2979 4995 3222 5065 fugiens,
3252 4993 3528 5071 edivcrso

1961 5085 2061 5121 non
2089 5071 2218 5123 satis
2245 5086 2392 5123 verus
2424 5061 2604 5134 fuerit,
2629 5073 2833 5124 minuta
2857 5061 3085 5136 quaeque
3113 5064 3267 5134 quasi
3296 5061 3530 5132 Origene

1960 5139 2123 5209 digna
2159 5151 2479 5195 consectans
2511 5141 2871 5195 ambitiosius.
2900 5137 2978 5191 In.
3129 5203 3180 5209 __
3488 5145 3501 5209 _‘

2032 5201 2144 5282 (61)
2179 5211 2518 5284 μαραδζδου
2565 5213 2660 5265 καὶ
2705 5210 3100 5284 παρατίθεσοη
3129 5203 3183 5257 Id
3227 5212 3344 5266 est,
3376 5201 3530 5284 trade

1961 5277 2048 5336 me
2080 5277 2138 5336 ut
2171 5277 2282 5335 Dei,
2310 5282 2524 5352 κτῆμα,
2589 5284 2750 5352 idque
2787 5277 3199 5352 custodiendum
3265 5290 3328 5327 ex
3374 5277 3532 5352 initio

1960 5368 2080 5428 cap.
2113 5353 2201 5416 I7,
2230 5351 2611 5428 etcom’menda
2639 5351 2885 5428 eumdem
2914 5363 3018 5408 me.
3050 5356 3111 5428 ut
3126 5355 3290 5428 ἐπεξίω
3316 5351 3528 5428 κτῆμα,

1959 5415 2121 5499 idque
2144 5415 2508 5499 recipiendum
2554 5437 2618 5499 ei:
2676 5421 2914 5490 ejusdem
2939 5416 3154 5499 cap.
3185 5415 3310 5499 line.
3349 5415 3527 5499 Adjiei

1959 5486 2064 5546 hoc
2106 5486 2284 5560 potest
2323 5493 2640 5547 differentiis
2681 5486 3141 5560 vocum._7$ubdit
3179 5486 3361 5560 statim
3391 5486 3527 5538 Gre-

1959 5554 2142 5632 goriu's
2174 5578 2186 5613 :
2219 5561 2414 5631 μᾶλλον
2460 5563 2515 5615 δὲ
2558 5561 2869 5632 παραδίδου.
2910 5556 3015 5632 Pro
3055 5554 3350 5632 παραδξδου
3400 5570 3530 5608 sen-

1959 5623 2081 5685 sum
2120 5623 2397 5700 requirere
2443 5623 2689 5685 ἀποδίδόυ
2716 5673 2732 5696 ,
2779 5628 3048 5683 statuebat
3107 5623 3528 5700 Rhodomanus.

1960 5701 2063 5755 Sed
2095 5698 2213 5755 non
2230 5716 2366 5769 opus
2393 5714 2474 5756 est
2503 5711 2728 5755 "uitato.
2773 5700 3070 5768 Gregorius
3101 5698 3328 5750 verbum
3354 5709 3532 5768 παρα-

1957 5771 2094 5825 δίδου
2123 5773 2299 5837 iterat,
2325 5787 2387 5826 ac
2410 5773 2573 5829 verbo
2603 5771 2931 5842 παρατίθεσο
2962 5785 3064 5826 non
3094 5769 3251 5838 plane
3281 5777 3533 5833 resorpto
