3988 6200
239 308 379 365 1105

1500 314 1688 368 ΚΑΤΑ
1723 312 1951 369 ΜΕΡΟΣ
1977 313 2225 369 ΠΙΣΤΙΣ.

3345 306 3487 365 1106

309 431 585 503 Ἔχθιστοι
621 434 717 487 καὶ
756 433 1033 507 ἀλλότριοι
1077 436 1176 507 τῆς
1230 437 1593 511 άποστολικῆς
1637 439 1818 510 ὁμολο-

1997 436 2359 493 lnimieissimi
2407 446 2460 492 et
2503 436 2665 492 alieni
2719 450 2751 490 a
2788 433 3145 490 confessione
3184 433 3484 503 apostolica

236 523 364 593 γίας
407 524 457 578 σί
494 525 585 578 τὸν
616 525 742 578 Υίὸν
784 525 844 590 ἐξ
882 526 982 580 οὐκ
1020 527 1189 581 ὄντων
1223 531 1318 583 καὶ
1348 531 1819 604 άποστελλομένης

235 615 414 686 ἀρχῆς
460 610 601 671 εἶναι
644 616 936 689 ἐπίκτητον
978 618 1227 688 λέγοντες
1276 621 1354 693 τῷ
1395 623 1603 694 Πατρίυ
1646 624 1739 677 καὶ
1769 625 1820 677 oi

235 708 367 775 περὶ
398 707 492 762 τοῦ
525 708 682 777 ἁγίου
721 710 1035 781 Πνεύματος
1067 711 1135 765 τὰ
1173 712 1314 766 αὐτὰ
1344 713 1742 786 διανοούμενοι·
1768 719 1816 770 oi

232 794 380 849 δόσει
416 798 510 850 καὶ
543 798 724 869 χάριτι
749 798 1109 855 θεοποιεῖσθαι
1146 802 1395 872 λέγοντες
1420 803 1511 858 τὸν
1537 806 1689 870 Υἱὸν,
1725 809 1819 861 καὶ

233 888 297 941 τὸ
329 887 553 959 Πνεῦμα
592 888 653 942 τὸ
678 889 829 959 ᾶγιον
859 890 1177 960 ἁγιάζεσθαι
1197 910 1210 923 ⁸
1242 894 1290 947 οἱ
1324 893 1386 947 τὸ
1418 894 1511 948 τοῦ
1549 895 1680 949 Υἰοῦ
1705 913 1819 949 κοι-

234 980 578 1045 νοποιοῦντες
612 981 782 1054 ὄνομα
807 984 945 1055 πρὸς
982 985 1108 1049 τοὺς
1130 985 1379 1050 δούλους,
1421 988 1514 1041 καὶ
1551 989 1820 1057 πρωτότο-

234 1090 336 1127 κον
373 1073 605 1137 κτίσεως
638 1072 782 1128 οὕτω
810 1075 1075 1145 λέγοντες,
1103 1077 1178 1143 ὡς
1199 1081 1402 1150 ὁμοίως
1432 1082 1497 1134 ἐκ
1517 1079 1609 1134 τοῦ
1638 1081 1712 1153 μὴ
1744 1077 1820 1135 εἴ·

234 1180 329 1217 ναι
353 1163 446 1219 καὶ
465 1162 626 1218 αὐτὸν
650 1164 799 1229 ὄντα,
837 1168 932 1221 καὶ
962 1168 1038 1231 ώς
1061 1168 1275 1240 πρῶτον
1299 1173 1688 1242 πεποιημένον,
1725 1173 1820 1227 καὶ

231 1251 336 1325 οὐχ
362 1255 747 1325 ὁμολογοῦντες
776 1259 1035 1331 μονογενῆ
1065 1260 1213 1324 Υίὸν,
1251 1262 1409 1333 μόνον
1443 1262 1570 1317 ὄντα
1605 1263 1682 1334 τῷ
1705 1265 1817 1317 Πα-

232 1346 349 1417 τρὶ,
387 1345 657 1400 δεδωκότα
685 1346 741 1399 δὲ
780 1348 971 1402 ἑαυτὸν
1018 1351 1097 1413 εἰς
1118 1351 1511 1423 συναρίθμησιν
1551 1351 1659 1405 τῶν
1703 1352 1820 1424 θνη-

233 1438 371 1505 τῶν,
411 1439 506 1493 καὶ
548 1439 691 1492 οὕτω
737 1442 1080 1514 πρωτότοκον
1135 1443 1533 1517 ἀριθμούμενον
1560 1462 1573 1475 ⁸
1622 1448 1668 1500 οἱ
1722 1447 1819 1519 τὴν

232 1529 493 1600 γέννησιν
520 1528 613 1584 τοῦ
643 1530 771 1584 Υἱοῦ
807 1532 906 1604 τὴν
934 1535 998 1587 ἐκ
1035 1534 1248 1606 Πατρᾲς
1288 1534 1640 1606 ἀνθρωπίνως
1666 1554 1820 1613 περι-

232 1621 540 1691 γράφοντες
571 1621 897 1695 διαστήματι
927 1627 1307 1698 μετρουμένῳ,
1340 1627 1434 1682 καὶ
1465 1629 1563 1683 οὐκ
1588 1629 1819 1700 ἄναρχον

164 1723 179 1755 (
230 1711 331 1765 τὸν
362 1710 533 1766 αἰῶνα
554 1712 646 1766 τοῦ
678 1714 1001 1787 Γεννήτορος
1021 1716 1114 1770 καὶ
1143 1716 1238 1769 τοῦ
1267 1718 1606 1790 Γεννήματος
1630 1720 1818 1789 ὁμολο-

233 1800 493 1869 γοῦντες·
530 1803 582 1856 οἱ
604 1806 754 1877 τρεῖς
782 1807 1183 1879 ἀκοινωνήτους
1206 1808 1300 1861 καὶ
1333 1806 1488 1878 ξένας
1510 1808 1819 1878 εἰσάγοντες
1851 1798 1892 1853 Β

231 1892 515 1965 λατρείας,
561 1895 689 1966 μιᾶς
738 1897 833 1950 καὶ
865 1898 1031 1968 μόνης
1071 1897 1237 1970 οῦσης
1272 1900 1369 1970 τῆς
1410 1899 1639 1971 νομίμου
1683 1898 1819 1971 θρη-

236 1988 449 2053 σκείας,
492 1988 558 2060 ἦν
591 1989 801 2044 ἄνωθεν
831 1991 895 2045 ὲκ
927 1992 1092 2064 νόμου
1127 1994 1218 2047 καὶ
1258 1993 1549 2065 προφητῶν
1576 1994 1818 2067 παραλα-

233 2080 426 2144 ϐόντες
451 2081 646 2152 ἔχομεν
683 2082 777 2135 καὶ
804 2083 910 2137 ὑπὸ
934 2083 1028 2139 τοῦ
1052 2080 1257 2158 Κυρίου
1294 2085 1702 2156 βεϐαιωθεῖσαν,
1723 2087 1817 2140 καὶ

228 2173 343 2227 ὑπὸ
366 2174 474 2228 τῶν
511 2176 821 2230 ἀποστόλων
844 2180 1264 2251 κεκηρυγμένην
1282 2196 1295 2211 ·
1333 2179 1603 2251 ἀλλότριοι
1634 2179 1691 2233 δὲ
1720 2180 1817 2252 οὐχ

227 2257 399 2335 ⁴ἦττον
425 2265 517 2318 καὶ
545 2266 596 2319 οἱ
630 2266 730 2339 τὴν
769 2268 972 2340 Τριάδα
997 2270 1071 2342 μὴ
1096 2270 1236 2324 κατὰ
1265 2269 1519 2341 ἀλήθειαν
1553 2272 1617 2328 ἐκ
1651 2270 1819 2343 τριῶν

186 2392 205 2459 ί
231 2355 545 2459 προσώπων
576 2358 995 2429 ὁμολογοῦντες,
1032 2363 1146 2418 ἀλλ’
1178 2364 1235 2415 ὲν
1271 2362 1457 2434 μονάδι
1480 2360 1540 2415 τὸ
1562 2362 1816 2433 τριπλοῦν

232 2448 450 2514 ἀσεϐῶς
481 2450 622 2505 κατὰ
655 2450 901 2506 σύνθεσιν
933 2454 1326 2526 φανταζόμενοι
1345 2473 1359 2487 ⁸
1407 2459 1501 2512 καὶ
1545 2460 1735 2531 σοφίαν
1760 2460 1816 2511 ἐν

230 2544 355 2616 Θεῷ
385 2546 477 2600 τὸν
513 2546 636 2600 rem
661 2547 737 2612 ὼς
770 2549 827 2601 ὲν
856 2548 1128 2621 ἀνθρώπῳ
1149 2552 1247 2622 τὴν
1279 2551 1624 2625 ἀνθρωπίνην
1650 2553 1814 2624 ἡγού-

236 2655 411 2709 μενοι,
442 2638 509 2692 δι’
535 2636 604 2713 ἧς
624 2640 654 2694 ὁ
679 2640 964 2714 ἅνθρωπός
983 2643 1099 2696 ἐστι
1126 2643 1307 2712 σοφὸς,
1333 2645 1425 2697 καὶ
1437 2645 1604 2713 Λόγον
1620 2644 1817 2715 ὁμοίως

233 2731 314 2804 τῷ
337 2731 477 2786 κατά
507 2732 785 2806 προφορὰν
813 2734 848 2804 ἦ
880 2733 1118 2789 διάνοιαν
1151 2735 1529 2808 εἰσηγούμενοι
1550 2777 1565 2802 ,
1595 2737 1816 2811 οὐδεμιᾷ

234 2826 533 2882 ὑποστάσει
554 2827 676 2882 οὐδὲ
694 2827 850 2902 μόνῃ.

321 3009 773 3084 Ἐκκλησιαστικὴ
810 3011 868 3065 δὲ
899 3012 1157 3084 ὁμολογία
1188 3014 1282 3067 καὶ
1324 3012 1517 3085 κόσμῳ
1552 3015 1818 3086 σωτήριος

238 3100 423 3166 πίστις
454 3104 487 3175 ἡ
522 3105 649 3176 περὶ
676 3106 772 3175 τῆς
796 3104 886 3160 τοῦ
916 3105 1088 3175 Λόγου
1120 3105 1447 3179 σαρκώσεως
1470 3147 1485 3171 ,
1518 3107 1697 3171 δόντος
1718 3108 1816 3179 μὲν

235 3194 432 3248 ἑαυτὸν
471 3196 785 3270 ἀνθρωπίνῃ
824 3198 987 3271 σαρκὶ
1007 3198 1074 3271 ἢν
1107 3199 1172 3252 ἐκ
1193 3198 1411 3272 Μαρίας
1432 3200 1813 3271 προσελάϐετο,

240 3287 523 3359 μείναντος
565 3289 622 3342 δὲ
654 3291 710 3342 ὲν
725 3291 1061 3363 ταυτότητι,
1104 3292 1199 3345 καὶ
1235 3292 1503 3372 μηδεμίαν
1538 3291 1820 3364 θείανμε-

235 3380 520 3453 τακίνησιν
559 3382 691 3453 μηδὲ
711 3382 991 3435 ἀλλοίωσιν
1023 3384 1377 3449 ὑποστάντος,
1408 3386 1818 3457 συναιρεθέντος

234 3471 296 3528 δὲ
326 3472 464 3544 πρὸς
488 3471 586 3544 τὴν
614 3471 793 3542 σάρκα
831 3472 953 3525 καθ’
982 3472 1243 3543 ὁμοίωσιν
1274 3474 1646 3547 ἀνθρωπίνην,
1679 3477 1817 3531 ὥστε

235 3564 341 3637 τὴν
396 3564 572 3636 σάρκα
614 3564 751 3635 πρὸς
800 3566 901 3637 τὴν
955 3565 1180 3635 θεότητα
1222 3567 1507 3638 ἐνωθῆναι,
1556 3570 1655 3639 τῆς
1696 3570 1816 3624 θεό-

235 3673 400 3720 τητος
430 3657 491 3710 τὸ
522 3656 821 3729 παθητικὸν
847 3659 944 3729 τῆς
970 3658 1172 3729 σαρκὸς
1203 3660 1261 3712 ὲν
1288 3661 1355 3729 τῇ
1388 3660 1482 3713 τοῦ
1520 3661 1817 3731 μυστηρίου

236 3746 519 3820 πληρώσει
561 3748 929 3820 ἀνῃρηκυίας⁹
984 3746 1123 3819 μετὰ
1163 3748 1219 3802 δὲ
1253 3747 1481 3803 θανάτου
1524 3734 1818 3806 κατάλυσιν

237 3843 373 3915 περὶ
416 3843 517 3915 τὴν
567 3843 745 3913 σάρκα
792 3842 891 3914 τὴν
948 3841 1107 3911 ἁγίαν
1176 3842 1421 3896 ἀπάθεια
1456 3842 1706 3914 διηνεκὴς
1726 3845 1818 3897 καὶ

236 3930 508 4000 ἄτρεπτος
545 3930 815 3984 ἀθανασία
838 3948 851 3961 “
889 3930 1287 4002 άνειλημμένου
1331 3931 1429 4002 μὲν
1455 3931 1546 3984 τοῦ
1570 3934 1688 3986 κατ’
1721 3935 1819 4006 ἀρ-

238 4023 345 4103 χὴν
389 4022 729 4095 ἀνθρωπίνου
763 4022 992 4088 κάλλους
1044 4025 1102 4077 ἐν
1132 4025 1198 4094 τῇ
1226 4022 1326 4093 τῆς
1362 4022 1613 4095 θεότητος
1660 4025 1818 4079 δυνά-

244 4135 358 4188 μει,
403 4118 803 4190 χορηγουμένου
844 4117 900 4171 δὲ
944 4118 1036 4171 ἐπὶ
1075 4117 1282 4181 πάντας
1325 4117 1639 4190 ἀνθρώπους
1664 4120 1723 4172 ὲν
1749 4121 1817 4195 τῇ

238 4210 344 4280 τῆς
372 4210 609 4274 πίστεως
636 4210 927 4266 οἰκειώσει.

310 4301 375 4353 Εἰ
406 4300 465 4354 δέ
481 4317 628 4365 τινες
650 4300 741 4355 καὶ
761 4299 996 4354 ἐνταῦθα
1020 4301 1506 4374 παραχαράττουσι
1530 4302 1629 4374 τὴν
1665 4300 1821 4374 ἱερὰν

238 4393 447 4457 πίστιν,
486 4392 521 4463 ἢ
559 4394 624 4464 τῇ
671 4391 884 4463 θεότητι
919 4393 987 4446 τὰ
1012 4392 1330 4467 ἀνθρώπινα
1361 4394 1819 4463 προσιδιοποιοῦν-

1922 541 2072 598 sunt,
2106 533 2200 603 qui
2231 532 2418 586 dicunt
2463 546 2586 587 esse
2630 528 2831 583 Filium
2862 543 2930 583 ex
2961 543 3068 583 non
3116 524 3486 587 exstantibus,

1920 635 1974 680 et
2008 640 2073 679 ex
2102 626 2368 695 principio
2397 625 2696 688 emittente,
2723 631 3007 677 externum
3067 630 3124 675 et
3169 618 3304 674 foris
3348 618 3493 671 asci-

1920 726 2037 771 tum
2084 716 2275 773 Patri:
2308 727 2362 773 et
2394 717 2488 787 qui
2514 717 2701 771 eadem
2750 715 2816 769 de
2856 713 3067 783 Spiritu
3094 714 3307 767 sancto
3356 724 3488 763 sen-

1927 810 2099 875 tiunt;
2140 811 2343 880 quique
2367 811 2558 866 dicunt
2585 808 2806 864 datione
2841 816 2896 862 et
2927 807 3117 879 gratia:
3141 807 3339 861 factum
3369 819 3493 860 esse

1923 902 2128 969 Deum;
2164 913 2217 957 et
2252 903 2513 973 Spiritum
2568 912 2821 957 sanctum
2865 900 3230 966 sanctitieari;
3263 898 3355 969 qui
3390 911 3491 951 no-

1923 1010 2052 1048 men
2108 994 2231 1049 Filii
2280 1011 2403 1049 eum
2452 996 2623 1050 servis
2672 1007 2963 1049 commune
3014 990 3251 1057 faciunt;
3292 988 3490 1059 quisic

1920 1082 2109 1137 dicunt
2138 1098 2262 1137 eum
2287 1082 2703 1153 primogenitum
2749 1090 3035 1147 creaturae,
3070 1096 3134 1135 ae
3159 1080 3206 1135 si
3235 1088 3380 1135 esset
3406 1079 3488 1134 si-

1921 1174 2125 1228 militer
2154 1173 2348 1238 factus,
2376 1190 2500 1229 cum
2535 1189 2643 1228 non
2674 1182 2839 1237 esset,
2874 1182 2929 1228 et
2957 1182 3214 1242 tanquam
3250 1173 3487 1241 primum

1920 1264 2203 1320 factuszet
2242 1282 2350 1320 non
2391 1266 2721 1320 confitentur
2765 1264 3102 1336 unigenitum
3146 1262 3361 1325 Filium,
3393 1262 3489 1332 qui

1921 1357 2072 1413 solus
2117 1359 2189 1413 sit
2235 1357 2378 1412 Patri
2408 1357 2599 1420 Filius,
2626 1357 2719 1427 qui
2750 1358 2898 1411 dedit
2939 1356 3205 1425 seipsum,
3235 1363 3295 1409 ut
3318 1370 3491 1408 annu-

1920 1460 2226 1504 merarctur
2267 1448 2606 1510 mortalibus,
2653 1457 2816 1517 atque
2852 1449 2926 1501 ita
2975 1456 3122 1501 esset
3171 1454 3489 1500 numeratus

1919 1539 2311 1611 primogenitus
2341 1558 2354 1594 :
2379 1540 2472 1609 qui
2500 1540 2901 1609 generationem
2949 1535 3068 1590 Filii
3095 1551 3159 1589 ex
3199 1534 3354 1589 Patre
3381 1535 3486 1587 hu-

1920 1648 2078 1687 mane
2113 1631 2566 1688 circumscribunt
2600 1630 2777 1699 spatio
2800 1629 3058 1682 de’menso
3090 1644 3104 1691 ;
3137 1634 3191 1680 et
3223 1641 3327 1679 non
3353 1639 3486 1679 oon-

1921 1728 2141 1784 ﬁtentur
2172 1744 2345 1784 aevum
2369 1727 2640 1783 Genitoris
2687 1733 2742 1780 ct
2803 1724 2981 1779 Geniti
3025 1722 3144 1778 sine
3181 1720 3507 1790 principio;

1923 1821 2014 1891 qui
2049 1828 2158 1875 tres
2179 1819 2390 1883 latrias,
2422 1818 2474 1873 id
2506 1831 2607 1879 est,
2637 1816 2816 1871 cultus
2855 1815 2923 1870 ab
2960 1830 3066 1868 una
3097 1812 3495 1867 communione-

1923 1922 2211 1981 separatos
2249 1920 2304 1965 et
2342 1911 2549 1965 alienos
2586 1908 2969 1974 introducunt;
3018 1922 3141 1961 cum
3188 1904 3258 1959 sit
3292 1921 3401 1961 una
3431 1909 3488 1958 et

1923 2006 2039 2060 sola
2083 2003 2320 2074 legitima
2361 2002 2572 2072 religio,
2603 2014 2767 2072 quam
2813 2015 2841 2053 a
2890 1998 3157 2069 principio
3181 2013 3248 2052 ex
3289 1997 3404 2068 lege
3430 2002 3489 2052 et
3570 2026 3585 2049 ι

1922 2093 2202 2166 prophetis
2232 2101 2536 2162 acceptam,
2570 2101 2623 2146 et
2655 2107 2685 2145 a
2724 2089 2957 2144 Domino
3006 2090 3403 2151 conﬁrmatam,
3432 2094 3488 2143 et

1923 2203 1953 2241 a
1987 2186 2190 2241 sanctis
2217 2185 2478 2255 apostolis
2511 2183 2857 2254 praedicatam
2904 2181 3190 2236 habemus.
3222 2178 3340 2233 Non
3385 2178 3489 2233 mi-

1924 2294 2027 2334 nus
2056 2276 2217 2332 alieni
2251 2285 2398 2352 sunt,
2421 2276 2515 2346 qui
2545 2275 2865 2330 Trinitatem
2903 2291 3010 2328 non
3050 2272 3349 2328 secundum
3394 2286 3486 2326 ve-

1921 2375 2134 2427 ritatem
2163 2386 2226 2426 ex
2268 2371 2442 2431 tribus
2466 2368 2719 2423 Personis
2756 2366 3105 2431 conﬁtentur,
3142 2364 3235 2420 sed
3277 2364 3330 2417 in
3366 2364 3487 2417 uni-

1924 2474 2034 2520 tate
2084 2464 2410 2534 triplicatam
2476 2461 2775 2517 secundum
2824 2457 3271 2527 compositionem
3324 2456 3487 2525 impie

1922 2559 2151 2626 ﬁngunt,
2181 2566 2234 2610 et
2258 2554 2576 2625 sapientiam
2611 2553 2665 2606 in
2701 2551 2810 2606 Deo
2842 2550 3157 2605 existimant
3193 2564 3314 2603 esse
3346 2552 3486 2603 sicut

1922 2648 1978 2702 in
2004 2646 2223 2702 homine
2252 2645 2575 2717 sapientiam
2614 2644 2932 2707 humanam,
2973 2657 3080 2711 qua
3117 2640 3337 2710 sapiens
3360 2645 3480 2705 est;

1920 2747 1974 2793 et
2001 2736 2238 2793 Verbum
2271 2736 2449 2792 simile
2495 2751 2617 2791 esse
2661 2736 3087 2803 interpretantur
3136 2731 3304 2786 verbo
3338 2728 3482 2800 quod

1921 2845 2017 2884 ore
2047 2828 2353 2899 profertur,
2395 2828 2482 2884 vel
2526 2836 2706 2886 mente
2746 2824 3072 2895 concipitur,
3118 2817 3267 2879 nulla
3313 2823 3485 2896 hypo-

1922 2920 2073 2979 stasi.

1992 3012 2373 3068 Ecciesiastica
2399 3027 2531 3067 vero
2566 3010 2841 3066 confessio
2867 3017 2922 3065 et
2954 3010 3158 3065 mundo
3201 3007 3482 3074 salutaris,

1920 3109 2007 3155 est
2032 3101 2164 3156 ﬁdes
2194 3102 2261 3157 de
2286 3102 2662 3158 incarnatione
2692 3101 2876 3167 Verbi,
2905 3103 3049 3173 quod
3073 3101 3290 3172 quidem
3334 3114 3480 3170 prte-

1919 3194 2037 3248 buit
2072 3195 2311 3265 seipsum
2347 3196 2600 3251 humana:
2636 3197 2809 3262 carni,
2865 3212 3028 3267 quam
3071 3211 3136 3250 ex
3182 3192 3350 3249 Maria
3396 3210 3487 3250 as-

1919 3288 2151 3357 sumpsit
2187 3304 2414 3343 mancns
2460 3288 2603 3343 idern
2643 3288 2850 3358 ipsum,
2880 3288 3194 3358 nullamque
3241 3285 3482 3342 divinam

1922 3380 2280 3436 mutationem
2340 3397 2516 3452 neque
2565 3382 2922 3436 variationem
2961 3381 3287 3450 suscipiens,
3320 3393 3486 3448 copu-

1916 3472 2087 3528 latum
2125 3488 2250 3528 cum
2290 3488 2455 3535 carne
2501 3473 2569 3527 ad
2619 3473 3033 3528 similitudinem
3080 3473 3397 3534 humanam,
3428 3479 3486 3524 ut

1918 3579 2048 3619 caro
2080 3565 2315 3618 situnita
2341 3566 2632 3626 divinitati,
2659 3574 2909 3635 suscepta
2932 3581 2963 3620 a
2996 3565 3278 3620 divinitate
3326 3563 3486 3617 Verbi

1918 3656 2277 3726 passibilitate
2305 3657 2493 3711 carnis
2522 3658 2589 3710 ad
2621 3658 2953 3728 implendum
2982 3657 3322 3727 mysterium.
3356 3654 3488 3709 Post

1918 3750 2147 3805 deletam
2198 3763 2327 3802 vero
2366 3757 2593 3802 mortem
2646 3758 2907 3818 perpetua
2968 3746 3379 3817 impassibilitas
3426 3746 3482 3799 in

1918 3852 2106 3899 sancta
2129 3858 2315 3907 carne,
2345 3850 2399 3895 et
2438 3841 2821 3895 immortalitas
2856 3838 3218 3893 immutabilis
3255 3838 3481 3903 mansit,

1919 3943 2235 4005 recuperata
2272 3932 2327 3986 in
2368 3931 2568 3985 virtute
2619 3930 2918 3985 divinitatis
2947 3928 3347 3999 pulchritttdine
3376 3928 3480 3984 hu-

1920 4043 2102 4091 mana,
2133 4040 2253 4096 qua:
2292 4040 2323 4078 a
2371 4022 2640 4093 principio
2672 4022 2794 4087 fuit,
2821 4031 2876 4077 et
2909 4030 3163 4081 manante
3195 4020 3250 4074 in
3289 4034 3483 4076 omnes

1917 4118 2186 4185 homines,
2211 4116 2541 4174 conciliante
2566 4130 2687 4173 eam
2724 4114 2857 4175 fide.

1988 4303 2045 4359 Si
2077 4306 2170 4375 qui
2203 4318 2337 4357 vero
2384 4302 2548 4357 etiam
2597 4299 2685 4356 hic
2726 4313 2934 4354 sacram
2971 4297 3127 4352 ﬁdem
3163 4296 3482 4367 depravant,

1918 4398 2204 4467 separatim
2224 4395 2578 4452 attribucntes
2610 4394 2880 4448 divinitati
2919 4409 3041 4462 qua:
3077 4392 3314 4445 humana
3335 4399 3483 4455 sunt,

236 4502 353 4550 τες.
387 4485 672 4556 προκοπάς
700 4503 757 4539 τε
804 4487 899 4539 καὶ
939 4485 1084 4556 πάθη
1126 4488 1219 4540 καὶ
1251 4487 1405 4553 δόξαν
1434 4487 1532 4558 τὴν
1571 4489 1815 4556 ἐπιγινο-

1920 4491 2295 4551 incrementa,
2346 4487 2665 4557 passiones,
2715 4485 3089 4541 accessionem
3141 4483 3487 4554 glorianaut

241 4578 437 4647 μένην,
477 4576 510 4647 ἢ
554 4577 655 4647 τῆς
685 4576 934 4650 θεότητος
956 4578 1262 4642 διῖστῶντες
1286 4577 1347 4632 τὸ
1382 4579 1688 4650 προκόπτον
1729 4580 1821 4633 καὶ

240 4669 450 4740 πάσχον
492 4669 671 4741 σῶμα,
700 4669 777 4735 ὡς
812 4670 1112 4736 ἰδιαζόντως
1134 4669 1400 4740 ὑφεστὼς.
1426 4672 1520 4724 καὶ
1554 4666 1695 4724 οὗτοι
1724 4671 1821 4741 τῆς

238 4758 704 4830 ἐκκλησιαστικῂ
747 4762 836 4816 καὶ
875 4761 1152 4833 σωζούσης
1186 4761 1475 4832 ὁμολογίας
1515 4762 1692 4825 ὲκτός.
1726 4762 1822 4816 Οὐ-

238 4853 353 4916 δεὶς
389 4845 482 4907 οὖν
511 4852 729 4907 δύναται
772 4853 973 4922 γνῶναι
1022 4854 1114 4906 τὸν
1141 4853 1296 4914 Θεὸν,
1340 4856 1389 4906 εί
1436 4854 1510 4924 μὴ
1561 4853 1651 4907 τὸν
1691 4854 1820 4908 Υίὸν

240 4942 481 5014 ἐπιγνῷ-ο
531 4943 693 5013 σοφία
741 4943 849 5017 γάρ
906 4946 1050 4997 ὲστιν
1080 4946 1109 4997 ὁ
1145 4944 1268 5008 Υἱὸς
1310 4943 1381 4997 δι’
1420 4940 1488 5017 ἧς
1523 4944 1591 4998 τά
1644 4944 1820 4999 πάντα

242 5038 494 5092 εκτισται
522 5054 537 5068 θ
573 5036 642 5091 τά
682 5037 739 5091 δὲ
778 5038 1052 5108 κτίσματα
1100 5037 1292 5108 μηνύει
1315 5037 1413 5108 τὴν
1443 5037 1652 5106 σοφίαν,
1681 5038 1820 5091 καὶὸ

240 5129 374 5192 Θεὸς
407 5129 466 5182 ὲν
494 5131 558 5201 τῇ
592 5129 754 5200 σοφία
783 5127 1145 5197 γινώσκεται·
1195 5127 1254 5180 ού
1308 5126 1534 5199 τοιαύτη
1564 5128 1622 5182 δὲ
1657 5130 1690 5199 ἡ
1723 5128 1818 5182 τοῦ

239 5216 378 5271 Θεοῦ
424 5218 585 5286 σοφία
622 5217 740 5273 οἵαν
768 5217 1052 5290 ἄνθρωπος
1087 5215 1223 5288 ἔχει,
1265 5218 1400 5272 ἀλλὰ
1429 5218 1607 5274 τελεία
1638 5220 1704 5273 ὲκ
1733 5236 1820 5273 τε·

240 5310 386 5364 λείου
417 5306 513 5364 τοῦ
539 5307 675 5363 Θεοῦ
706 5309 1043 5381 προελθοῦσα
1081 5311 1173 5364 καὶ
1218 5311 1454 5381 μένουσα
1487 5311 1573 5365 διὰ
1598 5312 1816 5378 παντὸς,

239 5406 339 5475 οὐχ
369 5403 449 5467 ὡς
478 5404 658 5477 νόημα
679 5404 964 5479 ἀνθρώπου
988 5406 1050 5459 τὸ
1074 5405 1501 5478 παρερχόμενον,
1530 5406 1622 5460 καὶ
1648 5407 1819 5477 Λόγος

239 5495 577 5568 λαλούμενος
609 5498 701 5551 καὶ
738 5498 811 5571 μὴ
852 5497 927 5553 ῶν
947 5517 961 5529 ·
992 5498 1083 5553 διὰ
1106 5498 1265 5553 τοῦτο
1302 5500 1367 5553 οὐ
1397 5500 1564 5570 μόνον
1586 5499 1702 5553 ἔστι
1731 5517 1819 5554 σο-

241 5592 365 5661 φία,
388 5591 524 5645 ἀλλὰ
551 5592 645 5645 καὶ
665 5592 821 5657 Θεός·
848 5592 965 5647 οὐδὲ
994 5595 1152 5665 μόνον
1180 5594 1372 5664 Λόγος,
1391 5594 1526 5649 ἀλλὰ
1554 5595 1647 5648 καὶ
1662 5595 1815 5658 Υἱός.

243 5684 373 5747 Εἴτε
393 5681 489 5741 οὖν
516 5686 625 5741 ἀπὸ
664 5687 890 5751 κτίσεώς
908 5705 993 5752 τις
1032 5692 1143 5743 νοεῖ
1171 5689 1266 5743 τὸν
1297 5690 1450 5753 Θεὸν,
1481 5691 1588 5744 εἴτε
1623 5691 1687 5743 ἐκ
1709 5687 1817 5742 τῶν

225 5778 409 5845 θείων
445 5779 676 5861 Γραφῶν
706 5779 1033 5847 διδάσκεται,
1074 5782 1172 5836 οὐκ
1210 5780 1334 5836 ἄνευ
1363 5782 1461 5860 τῆς
1500 5781 1686 5852 σοφίας
1726 5779 1815 5833 αύ-

1927 4590 2241 4651 separantes
2281 4596 2309 4633 a
2340 4580 2624 4634 divinitate
2650 4594 2871 4648 corpus,
2905 4577 3050 4646 quod
3088 4575 3405 4646 proﬁciebat
3432 4581 3489 4627 et

1924 4674 2251 4744 patiebatur,
2289 4682 2550 4739 tanquam
2597 4688 2690 4742 per
2724 4686 2782 4726 se
2812 4670 3131 4736 exsisteret;
3174 4668 3228 4723 hi
3270 4680 3489 4738 quoque

1922 4775 2076 4821 extra
2149 4763 2551 4819 confessionem
2606 4762 3032 4818 ecclesiasticam
3084 4768 3141 4815 et
3192 4760 3485 4814 salutarem

1920 4866 2066 4913 sunt.
2122 4854 2292 4909 Nemo
2349 4856 2516 4925 igitur
2559 4864 2736 4924 potest
2793 4867 3124 4923 cognoscere
3152 4850 3341 4913 Deum,
3378 4848 3487 4903 nisi

1921 4948 2118 5004 Filium
2169 4957 2448 5019 agnoscat.
2502 4946 2781 5015 Sapientia
2835 4946 2978 5000 enim
3032 4954 3119 4999 est
3160 4941 3352 5006 Filius,
3377 4956 3491 5010 qua

1922 5043 2105 5099 omnia
2147 5049 2327 5098 creata
2379 5048 2527 5095 sunt.
2580 5038 2862 5094 Creaturae
2925 5046 3104 5092 autem
3163 5035 3482 5105 sapientiam

1920 5134 2219 5199 declarant,
2247 5142 2300 5187 et
2347 5130 2487 5186 Deus
2528 5130 2582 5183 in
2625 5129 2892 5199 sapientia
2933 5116 3198 5184 noscitur.
3240 5126 3359 5195 Non
3397 5134 3482 5182 est

1921 5235 2100 5280 autem
2139 5224 2403 5294 sapientia
2432 5221 2548 5287 Dei,
2581 5223 2796 5291 qualem
2827 5221 2989 5277 homo
3022 5220 3212 5287 habet;
3239 5219 3331 5275 sed
3361 5235 3485 5289 per-

1920 5317 2082 5382 fecta,
2114 5333 2236 5387 quae
2267 5332 2334 5371 ex
2366 5297 2604 5385 perfecto
2648 5312 2759 5368 Deo
2800 5314 2984 5378 exivit,
3026 5320 3082 5366 et
3126 5326 3339 5381 semper
3368 5327 3484 5365 ma-

1921 5421 2043 5476 net;
2075 5426 2183 5464 non
2227 5416 2288 5463 ut
2333 5408 2482 5463 notio
2530 5406 2790 5472 hominis,
2824 5414 2945 5475 qua!
2979 5405 3237 5472 praeterit,
3275 5414 3328 5458 et
3362 5418 3459 5459 ver

1921 5501 2050 5555 hum
2077 5501 2219 5570 quod
2247 5499 2544 5569 loquimur,
2577 5507 2631 5552 et
2655 5513 2761 5551 non
2796 5504 2901 5550 est.
2928 5495 3136 5550 Idcirco
3163 5510 3272 5549 non
3302 5494 3482 5575 solum

1922 5605 2007 5652 est
2030 5595 2314 5665 sapientia,
2350 5594 2441 5650 sed
2469 5592 2648 5658 Deus;
2688 5605 2861 5660 neque
2906 5590 3083 5646 solum
3111 5601 3192 5645 est
3225 5587 3480 5654 Verbum,

1919 5690 2011 5744 sed
2055 5689 2243 5745 Filius.
2280 5688 2404 5742 Sive
2445 5688 2570 5759 quis
2615 5687 2780 5755 igitur
2819 5700 2886 5739 ex
2931 5693 3179 5739 creatura
3232 5682 3492 5753 intelligit

1920 5778 2111 5849 Deum,
2141 5780 2254 5835 sive
2281 5794 2349 5835 ex
2386 5777 2686 5849 Scripturis
2713 5775 2957 5844 docetur,
2989 5791 3097 5831 non
3124 5776 3238 5831 sine
3261 5774 3477 5848 sapien-
