3988 6200
529 303 666 360 "07

1183 296 1241 355 s.
1280 293 1609 355 casconn
1647 291 2005 350 THAUMAT.
2045 287 2197 345 ore.
2237 282 2418 341 PARS
2456 278 2756 336 ALTERA.
2791 259 2863 316 —'
2897 254 3132 333 unum:

3608 258 3745 320 {108

530 426 605 481 tia
631 423 750 495 ejus
779 435 1127 494 cognoscere.
1150 429 1243 476 aut
1271 419 1461 475 audire
1496 418 1564 474 de
1590 427 1657 474 e'o
1678 426 1872 487 potest.
1906 414 1969 468 Et
1991 413 2086 484 qui

2207 406 2280 462 τοῦ
2310 402 2566 475 γνῶναιῆ
2594 399 2820 456 ἀκοῦσαι
2853 397 2982 468 περὶ
2999 392 3162 450 αὑτοῦ
3191 390 3442 444 δύναται·
3468 385 3563 440 καὶ
3588 384 3618 438 ὁ
3638 384 3748 436 ἔπιέ

2639 492 2651 495 “
2675 492 2697 495 “
2810 491 2821 495 ·
2928 488 2955 495 Α
2995 488 3008 495 ⁸
3122 487 3136 495 ⁵
3283 481 3301 495 ⁸
3343 484 3366 495 ⁸
3498 478 3523 495 ο
3545 478 3558 495 9
3587 474 3709 495 νμε
3730 489 3744 495 -

533 524 685 570 recte
722 516 939 570 invocat
981 513 1172 577 Deum,
1224 528 1321 582 per
1371 510 1569 565 Filium
1625 510 1879 574 invocat;
1906 516 1961 561 et
1992 509 2088 576 qui

531 606 750 676 pr0prie
792 605 1035 668 accedit,
1076 619 1171 674 per
1219 603 1499 657 Christum
1544 599 1770 656 accedit.
1820 596 2092 652 Accedere

529 706 712 752 autem
745 697 812 752 ad
845 696 1040 752 Filium
1082 711 1192 751 non
1224 702 1402 766 potest
1458 693 1578 748 sine
1627 690 1830 761 Spiritu
1880 697 2087 744 sancto.

533 788 771 861 Spiritus
798 789 941 843 enim
982 797 1065 843 est
1105 788 1237 849 vita,
1267 798 1321 841 et
1352 793 1538 840 sancta
1590 783 1843 838 formatio
1871 780 2092 834 univer-

530 897 742 937 eorum.
772 879 931 935 Huiic
966 878 1109 934 Dcus
1136 893 1233 948 per
1265 878 1462 932 Filium
1485 876 1758 939 emittens,
1785 881 2091 928 creaturam

531 970 635 1026 sibi
669 969 958 1026 assimilat.

607 1062 758 1119 Unus
790 1062 955 1133 igitur
994 1061 1156 1117 Pater
1211 1059 1374 1125 Deus,
1424 1075 1567 1115 unus
1626 1059 1797 1114 Filius
1828 1057 2089 1119 Verbum,

532 1172 677 1211 unus
731 1155 968 1226 Spiritus
1020 1154 1157 1217 vita,
1192 1151 1549 1207 sanctiﬁcatio
1595 1152 1998 1206 universorum.
2025 1146 2093 1200 Et

530 1263 710 1318 neque
767 1247 909 1302 Dens
960 1246 1120 1311 alius,
1165 1253 1225 1300 ut
1273 1244 1465 1311 Pater;
1498 1258 1673 1313 neque
1729 1241 1901 1297 Filius
1929 1239 2090 1306 alius,

532 1352 596 1394 ut
631 1339 867 1408 Verbum
905 1337 1021 1403 Dei,
1056 1352 1234 1407 neque
1267 1334 1502 1407 Spiritus
1526 1335 1685 1399 alius,
1711 1343 1772 1389 ut
1810 1333 2092 1388 viviﬁcans

532 1432 968 1487 etsanctiﬁcans.
992 1430 1106 1486 imo
1132 1430 1234 1486 etsi
1270 1430 1441 1485 sancti
1471 1437 1736 1483 vocantur
1764 1427 1860 1490 dii,
1892 1436 1947 1482 et
1974 1427 2090 1491 ﬁlii,

532 1532 590 1578 et
623 1523 870 1592 spiritus,
926 1537 1037 1577 non
1091 1531 1270 1577 tamen
1312 1521 1604 1589 implentur
1662 1519 1889 1588 Spiritu,
1919 1532 2096 1586 neque

535 1612 742 1667 similes
776 1621 901 1666 sunt
929 1609 1069 1664 Filio
1122 1621 1176 1664 et
1228 1608 1357 1663 Deo.
1391 1608 1446 1661 Si
1483 1607 1608 1677 quis
1653 1621 1781 1661 vero
1836 1604 1915 1659 sic
1963 1602 2096 1657 dicit

535 1704 735 1760 Filium
779 1720 901 1759 esse
927 1702 1121 1762 Deum.
1161 1711 1419 1771 tanquam
1456 1700 1632 1768 ipsum
1675 1698 1837 1753 etiam
1871 1697 2092 1766 plenum

2189 474 2523 569 καλοῦμενος
2566 492 2741 566 ὀρθῶς
2776 491 2867 545 τὸν
2921 488 3073 551 Θεὸν,
3119 481 3456 538 ἐπικαλεῖται
3493 478 3558 569 δι’
3587 474 3744 528 Υίοῦ’

2189 587 2284 641 καὶ
2307 589 2336 641 ό
2368 567 2802 657 προσερχόμενος
2832 577 3075 640 οἰκείως,
3107 574 3196 629 διὰ
3231 569 3465 645 Χριστοῦ
3506 567 3746 640 ἔρχεται’

2191 676 2505 753 προσελθεῖν
2529 676 2587 729 δὲ
2615 672 2867 728 ἀδύνατον
2887 670 2964 740 τῷ
2983 668 3097 738 Υἰῷ
3117 665 3285 738 χωρὶς
3303 663 3395 717 τοῦ
3411 659 3715 753 Πνεῦματος
3730 672 3746 686 ⁸

2190 748 2251 827 τὸ
2282 770 2507 840 Πνεῦμα
2537 766 2647 839 γὰρ
2673 764 2769 819 καί⁸
2799 766 2833 835 ἡ
2866 762 2979 833 ζωὴ
3005 761 3100 814 καὶ
3128 760 3162 829 ή
3191 757 3321 824 ἀγία
3342 754 3618 826 μόρφωσις
3651 748 3751 840 τῶν

2191 865 2325 919 ὃλων
2344 880 2357 893 ·
2395 839 2489 915 καὶ
2519 859 2674 913 τοῦτο
2708 856 3005 926 ἐκπέμπων
3024 854 3053 906 6
3082 850 3216 912 Θεὸς
3232 847 3298 900 δι’
3331 845 3481 909 Υἰοῦ,
3511 843 3608 915 τὴν
3639 839 3752 894 κτί-

2192 972 2275 1009 σιν
2306 954 2481 1023 όμοιοῖ
2506 950 2643 1021 πρὸς
2665 947 2869 1003 ἑαυτόν.

2262 1041 2356 1108 Εἷς
2395 1039 2486 1097 οὖν
2529 1042 2558 1095 ό
2589 1039 2774 1113 Πατὴρ
2805 1041 2833 1093 6
2864 1036 3016 1101 Θεὸς,
3048 1030 3128 1099 εἷς
3159 1035 3188 1086 6
3212 1032 3402 1101 Λόγος,
3445 1029 3503 1083 ἓν
3535 1027 3752 1099 Πνεῦμα

2194 1134 2328 1207 ζωὴ,
2361 1137 2394 1205 ἠ
2435 1130 2708 1202 ἀγιωσὺνη
2741 1131 2775 1200 ἡ
2807 1127 2913 1181 τῶν
2945 1126 3111 1180 ὅλων·
3147 1124 3242 1177 καὶ
3271 1121 3393 1177 οὔτε
3424 1118 3555 1182 Θεὸς
3574 1118 3754 1188 ἕτερος

2193 1228 2269 1291 ὡς
2317 1227 2504 1299 Πατὴρ
2525 1265 2540 1289 ,
2575 1223 2698 1277 οὔτε
2731 1221 2859 1285 Υἱὸς
2906 1220 3091 1291 ἕτερος
3129 1218 3204 1281 ὡς
3234 1216 3406 1284 Λόγος
3447 1210 3604 1275 Θεοῦ,
3639 1210 3756 1264 οὔτε

2195 1320 2418 1391 Πνεῦμα
2446 1319 2628 1390 ἕτερον
2659 1316 2733 1380 ὡς
2766 1313 3024 1380 ζωοποιὸν
3053 1311 3148 1364 καὶ⁹
3187 1306 3502 1378 ἀγιαστικόν
3524 1322 3538 1335 ο
3574 1303 3688 1358 ἀλλ’
3708 1303 3754 1354 εἰ

2197 1416 2291 1470 καὶ
2324 1415 2436 1469 θεοὶ
2467 1413 2562 1467 καὶ
2605 1411 2710 1464 υἱοὶ
2737 1410 2844 1464 ,καὶ
2876 1406 3159 1477 πνεύματα
3185 1402 3470 1457 καλοῦνται
3503 1399 3553 1452 οἱ
3596 1397 3755 1465 ἅγιοι,

2193 1509 2316 1564 οὕτε
2358 1506 2672 1579 Πνεύματος
2719 1502 3068 1576 πληροῦνται,
3118 1497 3240 1552 οὔτε
3289 1493 3596 1567 όμοιοῦνται
3629 1490 3758 1562 πρὸς

2195 1604 2284 1659 τὸν
2318 1603 2442 1656 Υἱὸν
2475 1601 2569 1655 καὶ
2600 1597 2765 1651 Θεόνο
2815 1595 2907 1649 ἐὰν
2942 1594 2999 1647 δέ
3030 1610 3111 1657 τις
3152 1589 3321 1652 οὕτως
3351 1587 3498 1654 λέγει
3524 1584 3616 1636 τὸν
3640 1581 3759 1634 Υἱὸν

2196 1694 2334 1751 εἶναι
2366 1694 2497 1747 Θεὸν
2536 1692 2611 1757 ὡς
2646 1688 2999 1762 πληρωθέντα
3032 1684 3281 1754 θεότητος
3313 1679 3408 1733 καὶ
3439 1677 3634 1739 αὐτὸν,
3670 1671 3759 1727 καὶ

537 1797 843 1859 divinitate,
873 1805 926 1849 et
956 1810 1063 1847 non
1112 1803 1372 1862 tanquam
1406 1792 1646 1861 genitum
1682 1804 1747 1845 ex
1777 1762 2091 1852 divinitate;

2207 1790 2292 1859 >ὑχ
2325 1787 2399 1850 ὡς
2443 1782 2771 1855 γεννηθέντα
2819 1781 2885 1833 ἐκ
2915 1776 3166 1848 θεότητος
3188 1815 3203 1839 ,
3238 1766 3632 1862 ἠρνήσατο-τὸν
3662 1762 3762 1862 A6-

539 1885 757 1956 negavit
788 1884 1047 1945 Verbum.
1082 1881 1302 1953 negavit
1323 1882 1667 1952 sapientiam,
1701 1880 1887 1936 amisit
1914 1880 2098 1950 cogni-

539 1977 742 2031 tionem
794 1974 911 2040 Dei,
947 1962 1142 2030 cecidit
1186 1974 1241 2028 in
1293 1975 1561 2028 culturam
1593 1982 1875 2037 creaturae,
1908 1987 2101 2041 appre-

539 2068 729 2122 hendit
761 2067 1090 2136 impietatem
1123 2066 1426 2136 gentilium,
1471 2075 1525 2120 et
1568 2066 1635 2119 ad
1683 2067 1823 2120 hanc
1849 2080 2099 2119 reversus

535 2168 656 2226 est;
711 2156 1023 2213 Iudaeorum
1075 2157 1513 2213 incredulitatem
1573 2157 1817 2212 imitatus
1846 2165 1949 2221 est,
2004 2156 2100 2224 qui

538 2266 665 2306 cum
713 2251 1090 2306 existimarent
1128 2249 1360 2305 Verbum
1397 2250 1492 2305 Dei
1530 2264 1652 2306 esse
1692 2249 1861 2304 ﬁlium
1916 2250 2102 2304 Imma-

540 2359 672 2398 num
703 2342 801 2415 (Ι),
829 2360 935 2398 non
970 2344 1311 2401 crediderunt
1333 2328 1501 2399 Deum
1527 2359 1668 2411 esse,
1703 2359 1878 2413 neque
1901 2342 2098 2397 Filium

541 2433 639 2491 Dei
673 2435 909 2493 confessi
936 2446 1084 2492 sunt.
1118 2436 1213 2493 Est
1242 2445 1421 2492 autem
1453 2437 1680 2507 impium
1705 2437 1944 2507 cogitare
1970 2435 2103 2491 Ver-

541 2531 673 2585 bum
725 2529 819 2586 Dei
865 2539 1120 2601 tanquam
1157 2531 1485 2597 humanum;
1530 2538 1587 2584 et
1627 2544 1787 2599 opera
1834 2544 1930 2599 per
1973 2544 2101 2584 eum

541 2621 686 2679 facta
724 2638 971 2689 manere,
1006 2639 1114 2679 non
1137 2631 1391 2678 manente
1421 2623 1561 2692 ipso.
1592 2620 1777 2693 Siquis
1804 2637 1935 2676 vero
1961 2621 2106 2675 dicat

541 2717 758 2786 Operari
786 2716 1059 2772 Christum
1096 2717 1279 2772 omnia
1310 2715 1467 2785 jussu
1497 2715 1696 2780 Verbi,
1737 2713 1969 2770 Verbum
2008 2711 2104 2770 Dei

544 2809 783 2863 otiosum
814 2804 995 2874 faciet,
1028 2818 1083 2864 et
1132 2808 1380 2864 ordinem
1426 2807 1638 2863 Domini
1683 2809 1739 2862 in
1791 2807 2103 2863 servitutem

546 2901 798 2956 mutabit.
861 2901 1063 2956 Servus
1126 2901 1269 2955 enim
1327 2909 1429 2964 est,
1463 2901 1552 2955 cui
1601 2900 1844 2969 jubetur,
1876 2909 1930 2954 et
1961 2898 2108 2968 quod

545 3003 791 3048 creatum
827 3004 932 3058 est,
985 2993 1053 3048 ad
1105 2993 1403 3049 creandum
1441 2992 1666 3046 minime
1712 2992 1965 3046 idoneum
2002 3002 2105 3044 est.

547 3085 666 3139 Non
695 3087 839 3141 enim
888 3086 998 3139 ullo
1043 3085 1205 3139 modo
1250 3094 1515 3138 creaturae
1555 3082 1827 3151 exaequari
1872 3080 2103 3147 desinet,

546 3188 611 3233 ut
636 3178 779 3234 sicut
804 3178 873 3232 ab
900 3177 992 3232 illo
1016 3184 1258 3232 creatum
1290 3184 1394 3241 est,
1422 3175 1502 3229 sic
1531 3174 1708 3244 ipsum
1739 3173 1845 3228 alia
1870 3180 2031 3228 creet.

622 3358 855 3428 Rursus,
892 3374 1016 3416 cum
1037 3360 1161 3429 quis
1176 3359 1371 3415 dixerit
1397 3374 1518 3414 esse
1551 3357 1813 3430 Spiritum
1844 3364 2095 3413 sanctum
2166 3375 2180 3388 -

551 3468 691 3523 opus
724 3452 1148 3518 sanctiﬁcatum,
1188 3469 1292 3507 non
1336 3452 1569 3522 amplius
1595 3450 1794 3522 poterit
1814 3448 2111 3518 intelligere

550 3544 734 3601 omnia
762 3545 817 3598 in
852 3542 1055 3614 Spiritu
1083 3544 1451 3612 sanctiﬁcata;
1479 3544 1572 3614 qui
1604 3543 1747 3599 enim
1781 3556 1948 3595 unum
1981 3556 2111 3595 san-

551 3637 809 3694 ctilicavit
856 3636 1160 3692 sanctilicat
1184 3636 1347 3689 etiam
1380 3635 1583 3691 omnia.
1607 3632 1778 3705 Negat
1808 3632 1971 3704 igitur
1994 3630 2113 3686 fon-

551 3739 664 3785 tem
712 3728 1155 3784 sanctiﬁcationis
1209 3727 1468 3797 Spiritum
1513 3734 1785 3790 sanctum,
1836 3724 1930 3794 qui
1988 3737 2113 3778 eum

554 3825 733 3894 privat
781 3827 1047 3892 potestate
1112 3820 1517 3887 sanctiﬁcandi;
1573 3829 1628 3875 et
1679 3818 2016 3889 prohibetur,
2048 3829 2115 3869 ne

555 3932 679 3969 eum
713 3914 861 3969 Patri
885 3923 939 3969 et
968 3913 1109 3970 Filio
1164 3922 1520 3980 annumeret;
1553 3928 1617 3968 ac
1656 3921 1902 3968 sanctum
1936 3908 2115 3978 bapti-

556 4024 676 4064 sma
726 4008 932 4078 rejicit;
986 4019 1040 4062 et
1077 4006 1311 4077 amplius
1359 4014 1602 4061 sanctam
1650 4014 1705 4060 et
1758 4003 2115 4059 venerandam

556 4099 877 4154 Trinitatem
936 4114 1042 4153 non
1097 4097 1461 4153 conﬁtebitur.
1486 4097 1595 4151 Aut
1622 4097 1766 4151 enim
1799 4095 1853 4148 in
1886 4093 2118 4148 naturali

556 4200 615 4247 et
638 4207 767 4247 vera
804 4190 977 4263 gloria
1037 4198 1150 4243 tota
1194 4187 1432 4244 Trinitas
1476 4187 1821 4258 intelligenda
1868 4195 1985 4252 est;
2025 4192 2121 4239 aut

554 4283 842 4346 unitatem,
884 4289 940 4337 et
974 4296 1083 4335 non
1133 4279 1367 4349 amplius
1388 4278 1707 4332 Trinitatem
1732 4276 1913 4331 dicere
1960 4290 2120 4345 coge-

554 4390 712 4441 mur;
737 4382 833 4428 aut
856 4387 1113 4443 cogemur
1141 4388 1250 4426 non
1280 4384 1640 4425 annumerare
1672 4367 1917 4422 Creatori
1940 4378 2121 4421 creata

2200 1853 2327 1947 γον,
2362 1853 2631 1947 ἠρνήσατο
2661 1870 2757 1940 τὴν
2792 1867 3007 1936 σοφίαν,
3044 1863 3290 1918 ἀπώλεσε
3315 1861 3413 1932 τὴν
3444 1857 3644 1927 γνῶσιν
3670 1853 3764 1924 τὴν

2199 1968 2327 2039 περὶ
2354 1964 2508 2029 Θεοῦ,
2543 1962 2839 2017 κατέπεσεν
2862 1960 2939 2023 είς
2972 1958 3033 2010 τὸ
3066 1954 3241 2009 σέϐειν
3269 1954 3365 2023 τὴν
3399 1950 3597 2011 κτίσιν,
3627 1962 3763 1999 κατε

2199 2037 2388 2112 ἐλαϐεν
2432 2055 2690 2123 Ἑλλήνων
2732 2049 3005 2112 ἀσέϐειαν,
3050 2046 3142 2100 ἐπὶ
3173 2043 3375 2113 ταύτην
3406 2037 3763 2108 ὑπέστρεψεν,

2199 2150 2295 2221 τὴν
2340 2146 2607 2201 Ἰουδαίων
2646 2142 2899 2199 ἀπιστίαν
2935 2140 3261 2210 ἐμιμήσατο,
3313 2134 3362 2188 οἶ
3405 2133 3495 2186 τὸν
3539 2132 3606 2183 ὲκ
3637 2126 3766 2221 Θεοῦ

2200 2216 2371 2309 Λόγον
2405 2238 2519 2291 υἱὸν
2553 2233 2886 2308 ἀνθρώπινον
2918 2228 3386 2300 ὑπολαμϐάνοντες
3408 2265 3423 2289 ,
3472 2223 3606 2276 Θεὸν
3634 2216 3766 2274 εἶναι

2200 2334 2385 2388 τοῦτον
2416 2331 2514 2385 οὐκ
2540 2329 2883 2389 ἐπίστευσαν,
2917 2322 3036 2377 οὐδὲ
3062 2320 3197 2374 Θεοῦ
3232 2319 3360 2372 Υίὸν
3390 2314 3763 2387 ὡμολόγησαν·

2201 2425 2393 2488 ἀσεϐὲς
2426 2422 2483 2476 δὲ
2521 2421 2609 2475 τὸν
2648 2418 2739 2473 τοῦ
2773 2417 2907 2471 Θεοῦ
2941 2415 3109 2483 Λόγον
3139 2412 3214 2476 ὡς
3248 2407 3582 2480 ἀνθρώπινον
3608 2407 3765 2468 νοεῖν,

2203 2518 2297 2572 καὶ
2329 2517 2397 2570 τά
2422 2514 2558 2586 ἔργα
2590 2512 2658 2566 τά
2695 2506 2763 2564 δι’
2805 2507 2966 2565 αὑτοῦ
3002 2507 3231 2579 μένοντα
3262 2502 3335 2574 μὴ
3381 2501 3632 2572 μένοντος
3676 2496 3769 2550 αὐ-

2202 2610 2325 2667 τοῦ⁸
2358 2608 2450 2663 eam
2482 2608 2539 2661 δέ
2567 2625 2649 2672 τις
2681 2604 2811 2678 εἴπῃ
2854 2600 3203 2671 κελευόμενον
3233 2596 3321 2651 διὰ
3349 2593 3440 2647 τοῦ
3474 2592 3650 2660 Λόγου
3683 2590 3769 2642 τὸν

2203 2702 2432 2777 Χριστὸν
2462 2698 2788 2773 ἐργάζεσθαι
2812 2695 2880 2749 τά
2907 2694 3106 2755 πάντα,
3142 2690 3234 2745 καὶ
3265 2686 3354 2742 τὸν
3384 2684 3475 2739 τοῦ
3508 2681 3645 2777 Θεοῦ
3667 2681 3766 2777 Λό-

2205 2773 2299 2867 γον
2331 2795 2499 2867 ἀργὸν
2544 2792 2779 2863 ποιήσει,
2831 2787 2926 2841 καὶ
2962 2786 3060 2857 τὴν
3080 2782 3174 2838 τοῦ
3204 2778 3474 2834 Δεσπότου
3504 2774 3656 2867 τάξιν
3692 2773 3766 2833 εἰς

2205 2865 2445 2947 δουλείαν
2490 2886 2808 2960 μεταθήσει·
2855 2879 3035 2934 δοῦλον
3076 2876 3184 2947 γὰρ
3216 2874 3361 2928 ἀπαν
3396 2869 3457 2922 τὸ
3488 2865 3766 2960 κελευόμεῗ

2206 3002 2315 3047 νον,
2367 2983 2460 3036 καὶ
2504 2979 2562 3034 τὸ
2594 2975 2808 3032 κτιστὸν
2856 2974 2953 3043 οὐχ
3004 2969 3185 3023 ἱκανὸν
3216 2967 3295 3029 εἰς
3339 2962 3398 3017 τὸ
3442 2960 3677 3025 κτίζειν*
3708 2955 3762 3009 οὐ

2207 3078 2313 3148 γὰρ
2360 3071 2779 3142 ὲξισωσθήσεται
2813 3066 2889 3137 τῷ
2934 3065 3191 3134 κτίσματι
3239 3059 3369 3113 αὐτὸ
3420 3058 3541 3110 κατ’
3590 3052 3766 3148 οὐδένα

2164 3142 2177 3221 ί
2206 3169 2403 3240 τρόπον
2423 3204 2439 3229 ,
2474 3165 2539 3217 ἵν’
2576 3163 2651 3227 ὡς
2685 3162 2775 3214 ὑπ’
2817 3157 3025 3212 ἐκείνου
3066 3155 3325 3217 ἔκτισται,
3359 3148 3503 3203 οὕτω
3522 3147 3620 3201 καὶ
3650 3142 3769 3199 αὐτὸ

2209 3259 2369 3329 κτίσῃ
2392 3256 2461 3309 τὰ
2491 3254 2643 3309 ἄλλα.

2280 3325 2447 3404 Πάλιν
2494 3346 2550 3400 δὲ
2603 3346 2729 3398 ὅταν
2762 3342 2858 3397 καὶ
2896 3340 2957 3394 τὸ
2988 3337 3209 3409 Πνεῦμα
3239 3335 3299 3389 τὸ
3331 3333 3485 3403 ἀγιον
3522 3330 3655 3403 εἴπῃ
3696 3325 3775 3389 τίς

2210 3440 2538 3517 ἡγιασμένον
2560 3433 2698 3491 εἶναι
2718 3434 2948 3506 ποίημα,
2983 3429 3167 3485 οὐκέτι
3192 3427 3260 3481 «ca
3293 3426 3471 3480 πάντα
3493 3423 3775 3494 δυνήσεται

2210 3538 2350 3591 νοεῖν
2399 3536 2456 3588 ὲν
2506 3530 2781 3602 Πνεύματι
2815 3526 3175 3597 ἀγιαζόμενα·
3209 3524 3239 3577 ό
3285 3521 3396 3593 γὰρ
3439 3518 3495 3573 ἓν
3529 3517 3780 3586 ἁγιάσας,

2212 3626 2428 3699 ἁγιάζει
2472 3627 2566 3681 καὶ
2597 3623 2665 3678 τά
2696 3622 2874 3675 πάντα
2897 3635 2912 3649 '
2969 3619 3209 3688 ἀρνεῖται
3241 3610 3333 3668 οὖν
3366 3612 3463 3685 τὴν
3494 3611 3595 3679 τῆς
3635 3611 3783 3699 ἀγιοῖ

2214 3696 2377 3795 σόνης
2401 3717 2602 3791 πηγὴν,
2637 3715 2697 3769 τὸ
2735 3710 2957 3782 Πνεῦμα
2975 3710 3036 3763 τὸ
3068 3708 3219 3776 ἀγιον
3238 3747 3253 3771 ,
3286 3707 3315 3758 6
3348 3702 3594 3775 ἀφαιρῶν
3620 3696 3784 3755 αὑτοῦ

2212 3816 2274 3870 τὸ
2320 3789 2584 3882 ἀγιάζειν,
2618 3806 2712 3860 καὶ
2745 3800 3089 3874 συναριθμεῑν
3132 3798 3262 3853 αὐτὸ
3313 3796 3486 3867 Πατρὶ
3523 3794 3622 3848 καὶ
3675 3789 3788 3861 Υἰῷ

2215 3905 2586 3976 κωλυθήσεται
2606 3918 2620 3932 ·
2656 3899 2751 3953 καὶ
2779 3897 2839 3950 τὸ
2871 3897 3023 3964 ἀγιον
3050 3892 3108 3946 δὲ
3142 3890 3422 3962 βάπτισμα
3452 3887 3659 3950 ἀθετεῖ,
3695 3885 3791 3940 καὶ

2217 3999 2398 4054 οὐκέτι
2431 3994 2633 4068 Τριάδα
2668 3990 2988 4062 ὁμολογήσει
3019 3986 3117 4057 τὴν
3142 3985 3298 4053 ἁγίαν
3331 3983 3422 4036 καὶ
3457 3980 3788 4051 σεϐάσμιον·

2217 4092 2252 4164 ἢ
2283 4091 2390 4161 γὰρ
2423 4091 2480 4141 ὲν
2514 4086 2711 4156 φυσικῇ
2755 4080 2880 4153 δόξῃ
2912 4080 3007 4134 καὶ
3035 4077 3259 4148 ἀληθινῇ
3291 4075 3389 4145 τὴν
3417 4072 3546 4144 ὃλην
3581 4069 3792 4143 Τριάδα

2218 4183 2456 4256 νοητέον,
2488 4180 2521 4251 ῆ
2563 4177 2762 4250 μονάδα
2794 4175 2889 4229 καὶ
2909 4172 3089 4227 οὐκέτι
3117 4169 3318 4242 Τριάδα
3343 4166 3521 4236 λέγειν
3548 4168 3795 4234 ἀναγκα-⁹

2222 4274 2565 4348 σθησόμεθα,
2598 4272 2632 4341 ἦ
2673 4269 2745 4341 μὴ
2782 4264 3130 4337 συναριθμεῖν
3165 4261 3243 4332 τῷ
3276 4261 3465 4330 κτίστῃ
3494 4258 3564 4311 τὰ
3598 4256 3794 4312 κτιστὰ

2224 4368 2521 4438 ποιήματα,
2554 4362 2687 4435 μηδὲ
2719 4360 2795 4432 τῷ
2825 4357 3061 4428 δεσπότῃ
3091 4355 3198 4408 τῶν
3229 4353 3363 4408 ὅλων
3392 4351 3462 4405 τὰ
3493 4351 3790 4421 κτίσματα,

554 4480 725 4535 Opera
757 4507 773 4532 ,
853 4479 1031 4533 neque
1091 4463 1323 4517 Domino
1384 4462 1762 4516 universorum
1818 4468 2109 4524 creaturas1

2226 4461 2362 4532 μηδὲ
2401 4457 2477 4529 τῷ
2525 4455 2801 4525 ἀγιάζοντι
2828 4453 2897 4507 τὰ
2943 4452 3304 4522 ἀγιαζόμενα·
3352 4446 3540 4516 ὥσπερ
3573 4444 3698 4497 οὐδὲ
3726 4444 3790 4513 τῇ

556 4571 736 4624 neque
777 4553 1136 4608 sanctiﬁcanti
1166 4553 1521 4617 sanctiﬁcata,
1573 4552 1713 4606 sicut
1760 4565 1935 4618 neque
1995 4547 2118 4603 Tri—

558 4647 717 4704 nitati
762 4645 933 4700 ullum
996 4660 1134 4715 Opus
1192 4652 1435 4701 creatum
1466 4651 1887 4707 annumeratur;
1956 4649 2014 4696 at
2062 4640 2118 4695 in

557 4738 782 4795 nomine
836 4745 1039 4793 sancte
1108 4735 1392 4791 Trinitatis
1437 4736 1706 4805 baptisma
1762 4735 1863 4801 ﬁt,
1923 4745 1977 4789 et
2035 4732 2121 4787 in-

556 4832 774 4888 vocatio
816 4842 871 4885 et
918 4829 1116 4885 cultus.
1178 4827 1235 4883 Si
1274 4829 1418 4882 enim
1447 4838 1556 4883 tres
1588 4836 1717 4883 sunt
1750 4827 1957 4898 gloriae,
1988 4825 2132 4887 ﬁant,

559 4936 671 4981 tres
693 4925 870 4980 cultus
901 4922 1043 4993 apud
1074 4935 1169 4977 eos
1200 4922 1296 4991 qui
1322 4921 1487 4991 impie
1510 4930 1787 4976 creaturas
1820 4920 2025 4974 colunt.
2061 4916 2120 4973 Si

559 5028 755 5073 natura
784 5032 906 5085 quae
930 5015 1186 5070 adoratur
1213 5014 1386 5067 divisa
1426 5021 1544 5079 est;
1581 5012 1651 5068 sit
1681 5011 1842 5067 etiam
1868 5008 2012 5078 apud
2025 5024 2124 5063 eos

561 5111 738 5167 divisa
790 5104 1058 5164 adorétio.
1108 5105 1213 5161 Sed
1267 5120 1442 5174 neque
1476 5119 1601 5159 cum
1631 5113 1833 5159 aeterno
1885 5102 2123 5157 recentia

564 5202 974 5268 adorabuntnr;
1007 5214 1199 5255 recens
1225 5199 1372 5253 enim
1399 5204 1482 5251 est
1511 5210 1672 5250 omne
1718 5194 1773 5249 id
1798 5193 1943 5264 quod
1974 5192 2125 5263 prin-

562 5294 768 5363 cipium
811 5293 1007 5362 cmpit;
1038 5290 1168 5362 quia
1220 5289 1425 5344 multus
1476 5296 1532 5342 et
1574 5289 1874 5343 immensus
1903 5294 2005 5349 est,
2033 5284 2127 5353 qui

566 5393 650 5439 est
682 5393 808 5440 ante
860 5383 1079 5441 saecula.
1148 5380 1252 5449 Qui
1310 5380 1474 5452 igitur
1528 5379 1745 5450 aliquod
1796 5377 2123 5449 principium

568 5484 871 5549 temporum
901 5477 1023 5532 vita:
1050 5475 1172 5531 Filii
1203 5485 1257 5531 et
1278 5473 1515 5546 Spiritus
1549 5473 1724 5529 sancti
1756 5471 1928 5543 ponit,
1963 5462 2128 5525 simul

2224 4551 2411 4624 Τριάδι
2446 4545 2853 4619 συναριθμεῖταί
2899 4563 2952 4598 τι
2997 4543 3104 4597 τῶν
3160 4539 3496 4611 ποιημάτων,
3550 4537 3669 4590 ἀλλ’
3708 4534 3792 4587 ἐπ’

2223 4644 2444 4713 ὀνόματι
2481 4640 2578 4712 τῆς
2610 4638 2772 4707 ἁγίας
2802 4636 3030 4708 Τριάδος
3059 4635 3121 4688 τὸ
3155 4633 3433 4704 βάπτισμα
3459 4629 3557 4682 καὶ
3592 4630 3627 4700 ἡ
3673 4626 3791 4680 ἐπί-

2225 4735 2417 4806 κλησις
2445 4732 2539 4786 καὶ
2566 4734 2598 4801 ἡ
2637 4729 2890 4800 λατρείω
2937 4729 2984 4780 εί
3016 4725 3122 4799 γὰρ
3164 4726 3309 4797 τρεῖς
3334 4724 3390 4777 αἱ
3420 4720 3590 4785 δόξαι,
3649 4720 3791 4790 τρεξ

2226 4831 2281 4884 αὶ
2315 4826 2555 4899 λατρείαι
2596 4822 2928 4892 γινέσθωσαν
2976 4818 3126 4891 παρά
3156 4819 3266 4880 τοῖς
3310 4814 3516 4877 ἀσεϐῶς
3567 4810 3639 4866 τά
3681 4809 3794 4864 κτί-

2227 4938 2408 4993 σματα
2443 4918 2688 4972 σέϐουσι’
2730 4915 2777 4966 εί
2813 4912 3116 4985 διῃρημένα
3156 4911 3225 4964 τὰ
3259 4909 3356 4980 τῆς
3389 4900 3794 4979 προσκυνουμέ-

2225 5030 2322 5084 νης
2343 5011 2572 5082 φύσεως,
2586 5006 2884 5078 διῃρημένα
2899 5004 2994 5058 καὶ
3016 5002 3084 5058 τὰ
3103 5003 3199 5075 τῆς
3220 5000 3639 5072 προσκυνήσεως
3658 4996 3793 5084 ἔστω

2228 5080 2365 5173 πάρί
2395 5100 2576 5162 αὐτοῖς
2597 5113 2612 5126 ·
2665 5094 2778 5147 ἀλλ’
2820 5094 2940 5147 οὐδὲ
2976 5090 3114 5164 μετὰ
3153 5089 3247 5142 τοῦ
3283 5086 3501 5141 αἰωνίου
3531 5084 3602 5137 τὰ
3623 5080 3791 5153 πρόσ-

2230 5171 2371 5261 φατα
2404 5189 2932 5262 προσκυνηθήσεται·
2962 5181 3269 5256 πρόσφατον
3302 5177 3412 5248 γὰρ
3434 5176 3578 5229 ἀπαν
3609 5171 3669 5224 τὸ
3694 5171 3793 5262 ἀρ·

2232 5282 2331 5354 χὴν
2360 5260 2599 5353 εἰληφὸς,
2649 5278 2835 5349 ἐπειδὴ
2882 5275 3046 5339 πολὺς
3093 5274 3188 5326 καὶ
3235 5272 3471 5342 ἄμετρος
3500 5269 3529 5320 6
3561 5260 3790 5354 πρὸτῶν

2232 5350 2474 5428 αἰῶνωνί
2498 5350 2503 5351 ί
2527 5373 2584 5425 Ὁ
2616 5370 2793 5424 τοίνυν
2819 5370 2989 5441 ἀρχήν
3024 5383 3146 5420 τινα
3184 5364 3389 5436 χρόνων
3416 5362 3513 5432 τῆς
3544 5358 3636 5411 τοῦ
3662 5350 3788 5408 Υἱοῦ

2233 5466 2375 5537 ζωῆς
2418 5465 2513 5519 καὶ
2550 5465 2652 5535 τῆς
2692 5463 2786 5518 τοῦ
2830 5461 2983 5532 ἀγίου
3033 5457 3344 5531 Πνεὺματος
3392 5449 3788 5522 emunitam.

637 5695 716 5770 (ι)
747 5696 943 5754 Filium
979 5699 1278 5755 humanum
1300 5739 1314 5764 ,
1350 5705 1510 5754 vocat
1559 5695 1727 5752 ﬁlium
1776 5706 1926 5749 more
1970 5690 2199 5746 aliorum
2228 5685 2487 5759 genitum.
