  <div class='ocr_page' id='page_1' title='image "/cluster/home/n/w/nwhite01/storage/ocr_20150623/10/hvd.32044073501330/574.png"; bbox 0 0 3988 6200; ppageno 0'>
   <div class='ocr_carea' id='block_1_1' title="bbox 269 287 404 344">
    <p class='ocr_par' dir='ltr' id='par_1_1' title="bbox 269 287 404 344">
     <span class='ocr_line' id='line_1_1' title="bbox 269 287 404 344; baseline 0 0"><span class='ocrx_word' id='word_1_1' title='bbox 269 287 404 344; x_wconf 74' lang='lat'><strong>“09</strong></span> 
     </span>
    </p>
   </div>
   <div class='ocr_carea' id='block_1_2' title="bbox 1500 293 2218 347">
    <p class='ocr_par' dir='ltr' id='par_1_2' title="bbox 1500 293 2218 347">
     <span class='ocr_line' id='line_1_2' title="bbox 1500 293 2218 347; baseline -0.001 0"><span class='ocrx_word' id='word_1_2' title='bbox 1500 293 1684 347; x_wconf 69' lang='grc' dir='ltr'><strong>ΚΑΤΑ</strong></span> <span class='ocrx_word' id='word_1_3' title='bbox 1717 294 1944 347; x_wconf 81' lang='grc' dir='ltr'><strong>ΜΕΡΟΣ</strong></span> <span class='ocrx_word' id='word_1_4' title='bbox 1975 294 2218 347; x_wconf 80' lang='grc' dir='ltr'><strong>ΠΙΣΤΙΣ.</strong></span> 
     </span>
    </p>
   </div>
   <div class='ocr_carea' id='block_1_3' title="bbox 3337 294 3475 349">
    <p class='ocr_par' dir='ltr' id='par_1_3' title="bbox 3337 294 3475 349">
     <span class='ocr_line' id='line_1_3' title="bbox 3337 294 3475 349; baseline -0.007 0"><span class='ocrx_word' id='word_1_5' title='bbox 3337 294 3475 349; x_wconf 83' lang='lat' dir='ltr'><strong>mo</strong></span> 
     </span>
    </p>
   </div>
   <div class='ocr_carea' id='block_1_4' title="bbox 261 402 1812 483">
    <p class='ocr_par' dir='ltr' id='par_1_4' title="bbox 261 402 1812 483">
     <span class='ocr_line' id='line_1_4' title="bbox 261 402 1812 483; baseline 0.003 -24"><span class='ocrx_word' id='word_1_6' title='bbox 261 402 481 478; x_wconf 78' lang='grc' dir='ltr'><strong>χωρίζει</strong></span> <span class='ocrx_word' id='word_1_7' title='bbox 522 404 660 458; x_wconf 85' lang='grc' dir='ltr'>κατά</span> <span class='ocrx_word' id='word_1_8' title='bbox 713 404 906 458; x_wconf 77' lang='grc' dir='ltr'>ταυτὸν</span> <span class='ocrx_word' id='word_1_9' title='bbox 937 405 1036 476; x_wconf 80' lang='grc' dir='ltr'>τῆς</span> <span class='ocrx_word' id='word_1_10' title='bbox 1068 405 1174 460; x_wconf 79' lang='grc' dir='ltr'><strong>ἀπὸ</strong></span> <span class='ocrx_word' id='word_1_11' title='bbox 1207 406 1298 461; x_wconf 90' lang='grc' dir='ltr'><strong>τοῦ</strong></span> <span class='ocrx_word' id='word_1_12' title='bbox 1331 408 1540 477; x_wconf 75' lang='grc' dir='ltr'>Πατρδς</span> <span class='ocrx_word' id='word_1_13' title='bbox 1587 410 1812 483; x_wconf 59' lang='grc' dir='ltr'>συναριθη</span> 
     </span>
    </p>
   </div>
   <div class='ocr_carea' id='block_1_5' title="bbox 1913 402 3478 483">
    <p class='ocr_par' dir='ltr' id='par_1_5' title="bbox 1936 409 3478 480">
     <span class='ocr_line' id='line_1_5' title="bbox 1936 409 3478 480; baseline -0.002 -13"><span class='ocrx_word' id='word_1_14' title='bbox 1936 420 2151 480; x_wconf 93' lang='lat' dir='ltr'><strong>separat</strong></span> <span class='ocrx_word' id='word_1_15' title='bbox 2175 410 2368 466; x_wconf 85' lang='lat' dir='ltr'><strong>Filium</strong></span> <span class='ocrx_word' id='word_1_16' title='bbox 2391 419 2444 465; x_wconf 90' lang='lat' dir='ltr'><strong>et</strong></span> <span class='ocrx_word' id='word_1_17' title='bbox 2473 409 2728 480; x_wconf 73' lang='lat' dir='ltr'><strong>Spiritum</strong></span> <span class='ocrx_word' id='word_1_18' title='bbox 2757 418 3001 465; x_wconf 85' lang='lat' dir='ltr'><strong>sanctum</strong></span> <span class='ocrx_word' id='word_1_19' title='bbox 3049 410 3118 466; x_wconf 84' lang='lat' dir='ltr'><strong>ab</strong></span> <span class='ocrx_word' id='word_1_20' title='bbox 3154 424 3478 466; x_wconf 81' lang='lat' dir='ltr'><strong>annumera-</strong></span> 
     </span>
    </p>
   </div>
   <div class='ocr_carea' id='block_1_6' title="bbox 265 495 1825 574">
    <p class='ocr_par' dir='ltr' id='par_1_6' title="bbox 265 495 1825 574">
     <span class='ocr_line' id='line_1_6' title="bbox 265 495 1825 574; baseline 0.004 -26"><span class='ocrx_word' id='word_1_21' title='bbox 265 495 480 568; x_wconf 83' lang='grc' dir='ltr'>μήσεως</span> <span class='ocrx_word' id='word_1_22' title='bbox 518 495 608 550; x_wconf 80' lang='grc' dir='ltr'><strong>τὸν</strong></span> <span class='ocrx_word' id='word_1_23' title='bbox 642 495 768 549; x_wconf 83' lang='grc' dir='ltr'>Υίὸν</span> <span class='ocrx_word' id='word_1_24' title='bbox 814 496 908 549; x_wconf 74' lang='grc' dir='ltr'>καὶ</span> <span class='ocrx_word' id='word_1_25' title='bbox 951 497 1012 549; x_wconf 79' lang='grc' dir='ltr'>τὸ</span> <span class='ocrx_word' id='word_1_26' title='bbox 1056 495 1312 568; x_wconf 73' lang='grc' dir='ltr'>Πνεῦμαο</span> <span class='ocrx_word' id='word_1_27' title='bbox 1371 499 1460 551; x_wconf 76' lang='grc' dir='ltr'><strong>δεῖ</strong></span> <span class='ocrx_word' id='word_1_28' title='bbox 1491 499 1596 569; x_wconf 81' lang='grc' dir='ltr'><strong>γάρ</strong></span> <span class='ocrx_word' id='word_1_29' title='bbox 1641 501 1825 574; x_wconf 87' lang='grc' dir='ltr'>ῶσπερ</span> 
     </span>
    </p>
   </div>
   <div class='ocr_carea' id='block_1_7' title="bbox 264 585 1827 663">
    <p class='ocr_par' dir='ltr' id='par_1_7' title="bbox 264 585 1827 663">
     <span class='ocr_line' id='line_1_7' title="bbox 264 585 1827 663; baseline 0.006 -26"><span class='ocrx_word' id='word_1_30' title='bbox 264 585 394 657; x_wconf 84' lang='grc' dir='ltr'>μίαν</span> <span class='ocrx_word' id='word_1_31' title='bbox 418 585 516 656; x_wconf 81' lang='grc' dir='ltr'>τὴν</span> <span class='ocrx_word' id='word_1_32' title='bbox 536 585 692 651; x_wconf 77' lang='grc' dir='ltr'>δόξαν</span> <span class='ocrx_word' id='word_1_33' title='bbox 723 587 1110 657; x_wconf 85' lang='grc' dir='ltr'>ὁμολογοῦμεν,</span> <span class='ocrx_word' id='word_1_34' title='bbox 1146 587 1317 652; x_wconf 77' lang='grc' dir='ltr'>οὕτως</span> <span class='ocrx_word' id='word_1_35' title='bbox 1343 589 1435 641; x_wconf 77' lang='grc' dir='ltr'>καὶ</span> <span class='ocrx_word' id='word_1_36' title='bbox 1465 591 1590 658; x_wconf 87' lang='grc' dir='ltr'>μίαν</span> <span class='ocrx_word' id='word_1_37' title='bbox 1618 591 1714 663; x_wconf 78' lang='grc' dir='ltr'><strong>τὴν</strong></span> <span class='ocrx_word' id='word_1_38' title='bbox 1744 594 1827 645; x_wconf 77' lang='grc' dir='ltr'>οὐ-</span> 
     </span>
    </p>
   </div>
   <div class='ocr_carea' id='block_1_8' title="bbox 261 676 1826 754">
    <p class='ocr_par' dir='ltr' id='par_1_8' title="bbox 261 676 1826 754">
     <span class='ocr_line' id='line_1_8' title="bbox 261 676 1826 754; baseline 0.003 -23"><span class='ocrx_word' id='word_1_39' title='bbox 261 677 382 731; x_wconf 87' lang='grc' dir='ltr'>σίαν</span> <span class='ocrx_word' id='word_1_40' title='bbox 433 678 550 748; x_wconf 70' lang='grc' dir='ltr'>ἦτοι</span> <span class='ocrx_word' id='word_1_41' title='bbox 603 676 849 748; x_wconf 88' lang='grc' dir='ltr'>θεότητα,</span> <span class='ocrx_word' id='word_1_42' title='bbox 910 679 1002 732; x_wconf 74' lang='grc' dir='ltr'><strong>καὶ</strong></span> <span class='ocrx_word' id='word_1_43' title='bbox 1053 679 1181 750; x_wconf 89' lang='grc' dir='ltr'>μίαν</span> <span class='ocrx_word' id='word_1_44' title='bbox 1229 681 1326 752; x_wconf 75' lang='grc' dir='ltr'><strong>τὴν</strong></span> <span class='ocrx_word' id='word_1_45' title='bbox 1369 681 1668 754; x_wconf 87' lang='grc' dir='ltr'>ἁειδιότητα</span> <span class='ocrx_word' id='word_1_46' title='bbox 1729 684 1826 754; x_wconf 82' lang='grc' dir='ltr'>τῆς</span> 
     </span>
    </p>
   </div>
   <div class='ocr_carea' id='block_1_9' title="bbox 259 768 813 839">
    <p class='ocr_par' dir='ltr' id='par_1_9' title="bbox 259 768 813 839">
     <span class='ocr_line' id='line_1_9' title="bbox 259 768 813 839; baseline 0 -17"><span class='ocrx_word' id='word_1_47' title='bbox 259 769 488 839; x_wconf 83' lang='grc' dir='ltr'>Τριάδος</span> <span class='ocrx_word' id='word_1_48' title='bbox 513 768 813 839; x_wconf 80' lang='grc' dir='ltr'><strong>ὁμολογεῖν.</strong></span> 
     </span>
    </p>
   </div>
   <div class='ocr_carea' id='block_1_10' title="bbox 331 862 1822 939">
    <p class='ocr_par' dir='ltr' id='par_1_10' title="bbox 331 862 1822 939">
     <span class='ocr_line' id='line_1_10' title="bbox 331 862 1822 939; baseline 0.004 -24"><span class='ocrx_word' id='word_1_49' title='bbox 331 862 632 932; x_wconf 79' lang='grc' dir='ltr'><strong>Κεφάλαιον</strong></span> <span class='ocrx_word' id='word_1_50' title='bbox 666 863 723 916; x_wconf 84' lang='grc' dir='ltr'>δὲ</span> <span class='ocrx_word' id='word_1_51' title='bbox 770 865 866 934; x_wconf 81' lang='grc' dir='ltr'>τῆς</span> <span class='ocrx_word' id='word_1_52' title='bbox 916 865 1188 936; x_wconf 76' lang='grc' dir='ltr'><strong>σωτηρίας</strong></span> <span class='ocrx_word' id='word_1_53' title='bbox 1237 867 1391 939; x_wconf 77' lang='grc' dir='ltr'>ἡμῶν</span> <span class='ocrx_word' id='word_1_54' title='bbox 1443 869 1478 938; x_wconf 85' lang='grc' dir='ltr'>ὴ</span> <span class='ocrx_word' id='word_1_55' title='bbox 1529 867 1617 920; x_wconf 89' lang='grc' dir='ltr'><strong>τοῦ</strong></span> <span class='ocrx_word' id='word_1_56' title='bbox 1652 868 1822 936; x_wconf 81' lang='grc' dir='ltr'>Λόγου</span> 
     </span>
    </p>
   </div>
   <div class='ocr_carea' id='block_1_11' title="bbox 261 953 1824 1031">
    <p class='ocr_par' dir='ltr' id='par_1_11' title="bbox 261 953 1824 1031">
     <span class='ocr_line' id='line_1_11' title="bbox 261 953 1824 1031; baseline 0.003 -23"><span class='ocrx_word' id='word_1_57' title='bbox 261 953 554 1025; x_wconf 81' lang='grc' dir='ltr'>σάρκωσις’</span> <span class='ocrx_word' id='word_1_58' title='bbox 575 955 894 1026; x_wconf 77' lang='grc' dir='ltr'>πιστεύομεν</span> <span class='ocrx_word' id='word_1_59' title='bbox 921 953 1031 1020; x_wconf 84' lang='grc' dir='ltr'>οῦν,</span> <span class='ocrx_word' id='word_1_60' title='bbox 1076 958 1428 1013; x_wconf 85' lang='grc' dir='ltr'>ἀναλλοιὼτου</span> <span class='ocrx_word' id='word_1_61' title='bbox 1438 960 1700 1031; x_wconf 76' lang='grc' dir='ltr'>μενούσης</span> <span class='ocrx_word' id='word_1_62' title='bbox 1725 960 1824 1029; x_wconf 74' lang='grc' dir='ltr'>τῆς</span> 
     </span>
    </p>
   </div>
   <div class='ocr_carea' id='block_1_12' title="bbox 259 1045 1823 1122">
    <p class='ocr_par' dir='ltr' id='par_1_12' title="bbox 259 1045 1823 1122">
     <span class='ocr_line' id='line_1_12' title="bbox 259 1045 1823 1122; baseline 0.004 -24"><span class='ocrx_word' id='word_1_63' title='bbox 259 1045 512 1114; x_wconf 80' lang='grc' dir='ltr'><strong>θεότητος</strong></span> <span class='ocrx_word' id='word_1_64' title='bbox 543 1045 638 1116; x_wconf 82' lang='grc' dir='ltr'><strong>τὴν</strong></span> <span class='ocrx_word' id='word_1_65' title='bbox 673 1046 944 1117; x_wconf 87' lang='grc' dir='ltr'>σάρκωσιν</span> <span class='ocrx_word' id='word_1_66' title='bbox 977 1048 1068 1101; x_wconf 92' lang='grc' dir='ltr'><strong>τοῦ</strong></span> <span class='ocrx_word' id='word_1_67' title='bbox 1113 1051 1287 1118; x_wconf 80' lang='grc' dir='ltr'>Λόγου</span> <span class='ocrx_word' id='word_1_68' title='bbox 1330 1052 1650 1121; x_wconf 77' lang='grc' dir='ltr'>γεγενῆσθαι</span> <span class='ocrx_word' id='word_1_69' title='bbox 1689 1053 1823 1122; x_wconf 78' lang='grc' dir='ltr'>πρὸς</span> 
     </span>
    </p>
   </div>
   <div class='ocr_carea' id='block_1_13' title="bbox 256 1135 1820 1212">
    <p class='ocr_par' dir='ltr' id='par_1_13' title="bbox 256 1135 1820 1212">
     <span class='ocr_line' id='line_1_13' title="bbox 256 1135 1820 1212; baseline 0.003 -22"><span class='ocrx_word' id='word_1_70' title='bbox 256 1137 620 1191; x_wconf 86' lang='grc' dir='ltr'>ἀνακαίνωσιν</span> <span class='ocrx_word' id='word_1_71' title='bbox 651 1135 750 1205; x_wconf 82' lang='grc' dir='ltr'>τῆς</span> <span class='ocrx_word' id='word_1_72' title='bbox 803 1137 1243 1210; x_wconf 78' lang='grc' dir='ltr'>ἀνθρωπότητοςο</span> <span class='ocrx_word' id='word_1_73' title='bbox 1293 1140 1414 1194; x_wconf 73' lang='grc' dir='ltr'>οὔτε</span> <span class='ocrx_word' id='word_1_74' title='bbox 1447 1142 1553 1212; x_wconf 81' lang='grc' dir='ltr'><strong>γάρ</strong></span> <span class='ocrx_word' id='word_1_75' title='bbox 1585 1141 1820 1206; x_wconf 80' lang='grc' dir='ltr'>ἄλλαξις,</span> 
     </span>
    </p>
   </div>
   <div class='ocr_carea' id='block_1_14' title="bbox 255 1227 1823 1301">
    <p class='ocr_par' dir='ltr' id='par_1_14' title="bbox 255 1227 1823 1301">
     <span class='ocr_line' id='line_1_14' title="bbox 255 1227 1823 1301; baseline 0.001 -19"><span class='ocrx_word' id='word_1_76' title='bbox 255 1228 383 1282; x_wconf 68' lang='grc' dir='ltr'>οὔτε</span> <span class='ocrx_word' id='word_1_77' title='bbox 421 1229 790 1300; x_wconf 77' lang='grc' dir='ltr'><strong>μετακίνησις,</strong></span> <span class='ocrx_word' id='word_1_78' title='bbox 826 1227 946 1282; x_wconf 73' lang='grc' dir='ltr'>οὔτε</span> <span class='ocrx_word' id='word_1_79' title='bbox 979 1231 1360 1301; x_wconf 78' lang='grc' dir='ltr'>περικλεισμδς</span> <span class='ocrx_word' id='word_1_80' title='bbox 1393 1234 1450 1284; x_wconf 85' lang='grc' dir='ltr'><strong>ἐν</strong></span> <span class='ocrx_word' id='word_1_81' title='bbox 1487 1232 1710 1301; x_wconf 79' lang='grc' dir='ltr'>νεύματι</span> <span class='ocrx_word' id='word_1_82' title='bbox 1731 1232 1823 1300; x_wconf 84' lang='grc' dir='ltr'>γέ-</span> 
     </span>
    </p>
   </div>
   <div class='ocr_carea' id='block_1_15' title="bbox 255 1320 1822 1394">
    <p class='ocr_par' dir='ltr' id='par_1_15' title="bbox 255 1320 1822 1394">
     <span class='ocr_line' id='line_1_15' title="bbox 255 1320 1822 1394; baseline 0.001 -20"><span class='ocrx_word' id='word_1_83' title='bbox 255 1338 416 1390; x_wconf 89' lang='grc' dir='ltr'>γονεν</span> <span class='ocrx_word' id='word_1_84' title='bbox 454 1321 579 1392; x_wconf 75' lang='grc' dir='ltr'>περὶ</span> <span class='ocrx_word' id='word_1_85' title='bbox 616 1321 712 1391; x_wconf 80' lang='grc' dir='ltr'><strong>τὴν</strong></span> <span class='ocrx_word' id='word_1_86' title='bbox 750 1321 909 1389; x_wconf 82' lang='grc' dir='ltr'>ἁγίαν</span> <span class='ocrx_word' id='word_1_87' title='bbox 951 1320 1042 1373; x_wconf 88' lang='grc' dir='ltr'><strong>τοῦ</strong></span> <span class='ocrx_word' id='word_1_88' title='bbox 1070 1321 1203 1374; x_wconf 90' lang='grc' dir='ltr'>Θεοῦ</span> <span class='ocrx_word' id='word_1_89' title='bbox 1237 1322 1480 1393; x_wconf 77' lang='grc' dir='ltr'>δύναμιν,</span> <span class='ocrx_word' id='word_1_90' title='bbox 1507 1323 1618 1376; x_wconf 81' lang='grc' dir='ltr'>ἀλλ’</span> <span class='ocrx_word' id='word_1_91' title='bbox 1661 1326 1694 1394; x_wconf 82' lang='grc' dir='ltr'>ἡ</span> <span class='ocrx_word' id='word_1_92' title='bbox 1727 1325 1822 1376; x_wconf 79' lang='grc' dir='ltr'>αὐ‹</span> 
     </span>
    </p>
   </div>
   <div class='ocr_carea' id='block_1_16' title="bbox 253 1413 1820 1487">
    <p class='ocr_par' dir='ltr' id='par_1_16' title="bbox 253 1413 1820 1487">
     <span class='ocr_line' id='line_1_16' title="bbox 253 1413 1820 1487; baseline 0.003 -23"><span class='ocrx_word' id='word_1_93' title='bbox 253 1414 323 1484; x_wconf 79' lang='grc' dir='ltr'><strong>τὴ</strong></span> <span class='ocrx_word' id='word_1_94' title='bbox 357 1413 700 1483; x_wconf 78' lang='grc' dir='ltr'>διαμένουσα,</span> <span class='ocrx_word' id='word_1_95' title='bbox 756 1415 849 1466; x_wconf 73' lang='grc' dir='ltr'>καὶ</span> <span class='ocrx_word' id='word_1_96' title='bbox 879 1414 939 1466; x_wconf 76' lang='grc' dir='ltr'>τὸ</span> <span class='ocrx_word' id='word_1_97' title='bbox 969 1414 1074 1484; x_wconf 76' lang='grc' dir='ltr'>τῆς</span> <span class='ocrx_word' id='word_1_98' title='bbox 1099 1414 1422 1486; x_wconf 82' lang='grc' dir='ltr'>σαρκώσεως</span> <span class='ocrx_word' id='word_1_99' title='bbox 1455 1416 1608 1487; x_wconf 80' lang='grc' dir='ltr'>ἔργον</span> <span class='ocrx_word' id='word_1_100' title='bbox 1653 1415 1820 1487; x_wconf 81' lang='grc' dir='ltr'>ἐπλή-</span> 
     </span>
    </p>
   </div>
   <div class='ocr_carea' id='block_1_17' title="bbox 257 1504 1824 1576">
    <p class='ocr_par' dir='ltr' id='par_1_17' title="bbox 257 1504 1824 1576">
     <span class='ocr_line' id='line_1_17' title="bbox 257 1504 1824 1576; baseline 0.001 -20"><span class='ocrx_word' id='word_1_101' title='bbox 257 1521 432 1576; x_wconf 87' lang='grc' dir='ltr'>ρωσεν</span> <span class='ocrx_word' id='word_1_102' title='bbox 469 1506 547 1567; x_wconf 88' lang='grc' dir='ltr'><strong>είς</strong></span> <span class='ocrx_word' id='word_1_103' title='bbox 577 1505 674 1574; x_wconf 83' lang='grc' dir='ltr'>τὴν</span> <span class='ocrx_word' id='word_1_104' title='bbox 701 1504 1019 1575; x_wconf 57' lang='grc' dir='ltr'>τοῦικόσμου</span> <span class='ocrx_word' id='word_1_105' title='bbox 1047 1507 1338 1576; x_wconf 81' lang='grc' dir='ltr'>σωτηρίαν,</span> <span class='ocrx_word' id='word_1_106' title='bbox 1375 1509 1464 1560; x_wconf 74' lang='grc' dir='ltr'><strong>καὶ</strong></span> <span class='ocrx_word' id='word_1_107' title='bbox 1486 1507 1623 1562; x_wconf 83' lang='grc' dir='ltr'>κατὰ</span> <span class='ocrx_word' id='word_1_108' title='bbox 1651 1508 1708 1560; x_wconf 84' lang='grc' dir='ltr'><strong>τὸ</strong></span> <span class='ocrx_word' id='word_1_109' title='bbox 1735 1509 1824 1559; x_wconf 79' lang='grc' dir='ltr'>άν-</span> 
     </span>
    </p>
   </div>
   <div class='ocr_carea' id='block_1_18' title="bbox 253 1581 1819 1670">
    <p class='ocr_par' dir='ltr' id='par_1_18' title="bbox 253 1581 1819 1670">
     <span class='ocr_line' id='line_1_18' title="bbox 253 1581 1819 1670; baseline 0.003 -22"><span class='ocrx_word' id='word_1_110' title='bbox 253 1594 627 1667; x_wconf 65' lang='grc' dir='ltr'>θρώπινονιὲπι</span> <span class='ocrx_word' id='word_1_111' title='bbox 641 1596 743 1665; x_wconf 81' lang='grc' dir='ltr'>γῆς</span> <span class='ocrx_word' id='word_1_112' title='bbox 756 1597 1203 1668; x_wconf 77' lang='grc' dir='ltr'>πολιτευσάμενος</span> <span class='ocrx_word' id='word_1_113' title='bbox 1215 1599 1244 1650; x_wconf 82' lang='grc' dir='ltr'>ὁ</span> <span class='ocrx_word' id='word_1_114' title='bbox 1260 1597 1349 1651; x_wconf 90' lang='grc' dir='ltr'><strong>τοῦ</strong></span> <span class='ocrx_word' id='word_1_115' title='bbox 1373 1598 1505 1651; x_wconf 87' lang='grc' dir='ltr'>Θεοῦ</span> <span class='ocrx_word' id='word_1_116' title='bbox 1532 1581 1703 1666; x_wconf 85' lang='grc' dir='ltr'>Λόγος</span> <span class='ocrx_word' id='word_1_117' title='bbox 1723 1599 1819 1670; x_wconf 83' lang='grc' dir='ltr'><strong>τὴν</strong></span> 
     </span>
    </p>
   </div>
   <div class='ocr_carea' id='block_1_19' title="bbox 253 1685 1818 1760">
    <p class='ocr_par' dir='ltr' id='par_1_19' title="bbox 253 1685 1818 1760">
     <span class='ocr_line' id='line_1_19' title="bbox 253 1685 1818 1760; baseline 0.004 -21"><span class='ocrx_word' id='word_1_118' title='bbox 253 1685 445 1758; x_wconf 78' lang='grc' dir='ltr'>θεῖκὴν</span> <span class='ocrx_word' id='word_1_119' title='bbox 483 1687 572 1739; x_wconf 74' lang='grc' dir='ltr'><strong>ἐπὶ</strong></span> <span class='ocrx_word' id='word_1_120' title='bbox 593 1688 770 1741; x_wconf 86' lang='grc' dir='ltr'>πάντα</span> <span class='ocrx_word' id='word_1_121' title='bbox 788 1689 1088 1760; x_wconf 84' lang='grc' dir='ltr'>παρουσίαν</span> <span class='ocrx_word' id='word_1_122' title='bbox 1110 1691 1306 1760; x_wconf 78' lang='grc' dir='ltr'>ὁμοίως</span> <span class='ocrx_word' id='word_1_123' title='bbox 1318 1689 1629 1760; x_wconf 74' lang='grc' dir='ltr'>διεφύλαξεν</span> <span class='ocrx_word' id='word_1_124' title='bbox 1646 1692 1818 1745; x_wconf 79' lang='grc' dir='ltr'>πάντα</span> 
     </span>
    </p>
   </div>
   <div class='ocr_carea' id='block_1_20' title="bbox 1928 501 3472 580">
    <p class='ocr_par' dir='ltr' id='par_1_20' title="bbox 1928 501 3472 580">
     <span class='ocr_line' id='line_1_20' title="bbox 1928 501 3472 580; baseline -0.001 -23"><span class='ocrx_word' id='word_1_125' title='bbox 1928 505 2074 558; x_wconf 91' lang='lat' dir='ltr'><strong>tione</strong></span> <span class='ocrx_word' id='word_1_126' title='bbox 2094 503 2289 580; x_wconf 81' lang='lat' dir='ltr'><strong>Patris.</strong></span> <span class='ocrx_word' id='word_1_127' title='bbox 2318 503 2539 572; x_wconf 89' lang='lat' dir='ltr'><strong>Oportet</strong></span> <span class='ocrx_word' id='word_1_128' title='bbox 2555 503 2698 556; x_wconf 89' lang='lat' dir='ltr'><strong>enim</strong></span> <span class='ocrx_word' id='word_1_129' title='bbox 2731 501 2872 556; x_wconf 90' lang='lat' dir='ltr'><strong>sicut</strong></span> <span class='ocrx_word' id='word_1_130' title='bbox 2892 518 3053 556; x_wconf 89' lang='lat' dir='ltr'><strong>unam</strong></span> <span class='ocrx_word' id='word_1_131' title='bbox 3081 503 3306 574; x_wconf 81' lang='lat' dir='ltr'><strong>gloriam</strong></span> <span class='ocrx_word' id='word_1_132' title='bbox 3341 518 3472 557; x_wconf 82' lang='lat' dir='ltr'><strong>con-</strong></span> 
     </span>
    </p>
   </div>
   <div class='ocr_carea' id='block_1_21' title="bbox 1923 594 3475 662">
    <p class='ocr_par' dir='ltr' id='par_1_21' title="bbox 1923 594 3475 662">
     <span class='ocr_line' id='line_1_21' title="bbox 1923 594 3475 662; baseline -0.001 -12"><span class='ocrx_word' id='word_1_133' title='bbox 1923 596 2159 662; x_wconf 85' lang='lat' dir='ltr'><strong>ﬁtemur,</strong></span> <span class='ocrx_word' id='word_1_134' title='bbox 2214 598 2292 651; x_wconf 91' lang='lat' dir='ltr'><strong>sic</strong></span> <span class='ocrx_word' id='word_1_135' title='bbox 2341 613 2503 651; x_wconf 90' lang='lat' dir='ltr'><strong>unam</strong></span> <span class='ocrx_word' id='word_1_136' title='bbox 2560 595 2935 658; x_wconf 89' lang='lat' dir='ltr'><strong>substantiam,</strong></span> <span class='ocrx_word' id='word_1_137' title='bbox 2986 596 3191 651; x_wconf 81' lang='lat' dir='ltr'><strong>scilicet</strong></span> <span class='ocrx_word' id='word_1_138' title='bbox 3223 594 3475 648; x_wconf 82' lang='lat' dir='ltr'><strong>divinita-</strong></span> 
     </span>
    </p>
   </div>
   <div class='ocr_carea' id='block_1_22' title="bbox 1932 685 3470 758">
    <p class='ocr_par' dir='ltr' id='par_1_22' title="bbox 1932 685 3470 758">
     <span class='ocr_line' id='line_1_22' title="bbox 1932 685 3470 758; baseline -0.004 -14"><span class='ocrx_word' id='word_1_139' title='bbox 1932 697 2063 754; x_wconf 91' lang='lat' dir='ltr'><strong>tem,</strong></span> <span class='ocrx_word' id='word_1_140' title='bbox 2094 699 2152 743; x_wconf 83' lang='lat' dir='ltr'><strong>et</strong></span> <span class='ocrx_word' id='word_1_141' title='bbox 2189 704 2352 742; x_wconf 91' lang='lat' dir='ltr'><strong>unam</strong></span> <span class='ocrx_word' id='word_1_142' title='bbox 2384 687 2858 758; x_wconf 90' lang='lat' dir='ltr'><strong>sempiternitatem</strong></span> <span class='ocrx_word' id='word_1_143' title='bbox 2897 685 3172 741; x_wconf 86' lang='lat' dir='ltr'><strong>Trinitatis</strong></span> <span class='ocrx_word' id='word_1_144' title='bbox 3205 685 3470 741; x_wconf 78' lang='lat' dir='ltr'><strong>conﬁteri.</strong></span> 
     </span>
    </p>
   </div>
   <div class='ocr_carea' id='block_1_23' title="bbox 1993 867 3474 942">
    <p class='ocr_par' dir='ltr' id='par_1_23' title="bbox 1993 867 3474 942">
     <span class='ocr_line' id='line_1_23' title="bbox 1993 867 3474 942; baseline -0.004 -16"><span class='ocrx_word' id='word_1_145' title='bbox 1993 873 2165 942; x_wconf 83' lang='lat' dir='ltr'><strong>Caput</strong></span> <span class='ocrx_word' id='word_1_146' title='bbox 2182 887 2308 926; x_wconf 87' lang='lat' dir='ltr'><strong>vero</strong></span> <span class='ocrx_word' id='word_1_147' title='bbox 2321 873 2508 927; x_wconf 89' lang='lat' dir='ltr'><strong>salutis</strong></span> <span class='ocrx_word' id='word_1_148' title='bbox 2520 881 2736 935; x_wconf 65' lang='lat' dir='ltr'><strong>nostrae,</strong></span> <span class='ocrx_word' id='word_1_149' title='bbox 2761 868 3055 926; x_wconf 90' lang='lat' dir='ltr'><strong>incarnatio</strong></span> <span class='ocrx_word' id='word_1_150' title='bbox 3070 867 3474 924; x_wconf 75' lang='lat' dir='ltr'><strong>Vcrbiest.Cre-</strong></span> 
     </span>
    </p>
   </div>
   <div class='ocr_carea' id='block_1_24' title="bbox 1922 954 3472 1034">
    <p class='ocr_par' dir='ltr' id='par_1_24' title="bbox 1922 954 3472 1034">
     <span class='ocr_line' id='line_1_24' title="bbox 1922 954 3472 1034; baseline -0.008 -15"><span class='ocrx_word' id='word_1_151' title='bbox 1922 964 2102 1019; x_wconf 83' lang='lat' dir='ltr'><strong>(limus</strong></span> <span class='ocrx_word' id='word_1_152' title='bbox 2141 963 2322 1034; x_wconf 85' lang='lat' dir='ltr'><strong>igitur,</strong></span> <span class='ocrx_word' id='word_1_153' title='bbox 2357 971 2602 1018; x_wconf 82' lang='lat' dir='ltr'><strong>manente</strong></span> <span class='ocrx_word' id='word_1_154' title='bbox 2631 959 2948 1015; x_wconf 82' lang='lat' dir='ltr'><strong>immutabili</strong></span> <span class='ocrx_word' id='word_1_155' title='bbox 2973 957 3251 1012; x_wconf 85' lang='lat' dir='ltr'><strong>divinitate</strong></span> <span class='ocrx_word' id='word_1_156' title='bbox 3278 954 3472 1009; x_wconf 79' lang='lat' dir='ltr'><strong>factam</strong></span> 
     </span>
    </p>
   </div>
   <div class='ocr_carea' id='block_1_25' title="bbox 1921 1048 3473 1119">
    <p class='ocr_par' dir='ltr' id='par_1_25' title="bbox 1921 1048 3473 1119">
     <span class='ocr_line' id='line_1_25' title="bbox 1921 1048 3473 1119; baseline -0.006 -9"><span class='ocrx_word' id='word_1_157' title='bbox 1921 1071 2040 1110; x_wconf 89' lang='lat' dir='ltr'><strong>esse</strong></span> <span class='ocrx_word' id='word_1_158' title='bbox 2061 1055 2218 1110; x_wconf 83' lang='lat' dir='ltr'><strong>Verbi</strong></span> <span class='ocrx_word' id='word_1_159' title='bbox 2245 1055 2688 1119; x_wconf 84' lang='lat' dir='ltr'><strong>incarnationem,</strong></span> <span class='ocrx_word' id='word_1_160' title='bbox 2708 1053 2771 1106; x_wconf 87' lang='lat' dir='ltr'><strong>ad</strong></span> <span class='ocrx_word' id='word_1_161' title='bbox 2791 1051 3188 1106; x_wconf 79' lang='lat' dir='ltr'><strong>renovationem</strong></span> <span class='ocrx_word' id='word_1_162' title='bbox 3221 1048 3473 1102; x_wconf 89' lang='lat' dir='ltr'><strong>humani-</strong></span> 
     </span>
    </p>
   </div>
   <div class='ocr_carea' id='block_1_26' title="bbox 1919 1139 3473 1214">
    <p class='ocr_par' dir='ltr' id='par_1_26' title="bbox 1919 1139 3473 1214">
     <span class='ocr_line' id='line_1_26' title="bbox 1919 1139 3473 1214; baseline -0.006 -13"><span class='ocrx_word' id='word_1_163' title='bbox 1919 1147 2066 1201; x_wconf 82' lang='lat' dir='ltr'><strong>tatis.</strong></span> <span class='ocrx_word' id='word_1_164' title='bbox 2089 1145 2198 1202; x_wconf 85' lang='lat' dir='ltr'><strong>Nec</strong></span> <span class='ocrx_word' id='word_1_165' title='bbox 2218 1147 2360 1201; x_wconf 91' lang='lat' dir='ltr'><strong>enim</strong></span> <span class='ocrx_word' id='word_1_166' title='bbox 2380 1146 2623 1209; x_wconf 85' lang='lat' dir='ltr'><strong>mutatio,</strong></span> <span class='ocrx_word' id='word_1_167' title='bbox 2645 1159 2816 1214; x_wconf 86' lang='lat' dir='ltr'><strong>neque</strong></span> <span class='ocrx_word' id='word_1_168' title='bbox 2839 1141 3176 1206; x_wconf 87' lang='lat' dir='ltr'><strong>transmotio,</strong></span> <span class='ocrx_word' id='word_1_169' title='bbox 3194 1155 3366 1209; x_wconf 88' lang='lat' dir='ltr'><strong>neque</strong></span> <span class='ocrx_word' id='word_1_170' title='bbox 3391 1139 3473 1193; x_wconf 84' lang='lat' dir='ltr'><strong>in-</strong></span> 
     </span>
    </p>
   </div>
   <div class='ocr_carea' id='block_1_27' title="bbox 1921 1232 3472 1292">
    <p class='ocr_par' dir='ltr' id='par_1_27' title="bbox 1921 1232 3472 1292">
     <span class='ocr_line' id='line_1_27' title="bbox 1921 1232 3472 1292; baseline -0.005 0"><span class='ocrx_word' id='word_1_171' title='bbox 1921 1238 2092 1292; x_wconf 91' lang='lat' dir='ltr'><strong>clusio</strong></span> <span class='ocrx_word' id='word_1_172' title='bbox 2118 1237 2170 1290; x_wconf 93' lang='lat' dir='ltr'><strong>in</strong></span> <span class='ocrx_word' id='word_1_173' title='bbox 2195 1246 2343 1290; x_wconf 91' lang='lat' dir='ltr'><strong>motu</strong></span> <span class='ocrx_word' id='word_1_174' title='bbox 2375 1253 2438 1290; x_wconf 89' lang='lat' dir='ltr'><strong>ac</strong></span> <span class='ocrx_word' id='word_1_175' title='bbox 2465 1237 2737 1291; x_wconf 77' lang='lat' dir='ltr'><strong>voluntate</strong></span> <span class='ocrx_word' id='word_1_176' title='bbox 2768 1233 2906 1288; x_wconf 80' lang='lat' dir='ltr'><strong>facta</strong></span> <span class='ocrx_word' id='word_1_177' title='bbox 2933 1241 3016 1287; x_wconf 86' lang='lat' dir='ltr'><strong>est</strong></span> <span class='ocrx_word' id='word_1_178' title='bbox 3049 1232 3192 1286; x_wconf 90' lang='lat' dir='ltr'><strong>circa</strong></span> <span class='ocrx_word' id='word_1_179' title='bbox 3230 1239 3472 1286; x_wconf 89' lang='lat' dir='ltr'><strong>sanctam</strong></span> 
     </span>
    </p>
   </div>
   <div class='ocr_carea' id='block_1_28' title="bbox 1920 1323 3474 1396">
    <p class='ocr_par' dir='ltr' id='par_1_28' title="bbox 1920 1323 3474 1396">
     <span class='ocr_line' id='line_1_28' title="bbox 1920 1323 3474 1396; baseline -0.004 -15"><span class='ocrx_word' id='word_1_180' title='bbox 1920 1328 2013 1382; x_wconf 90' lang='lat' dir='ltr'><strong>Dei</strong></span> <span class='ocrx_word' id='word_1_181' title='bbox 2035 1329 2322 1394; x_wconf 77' lang='lat' dir='ltr'><strong>virtutem;</strong></span> <span class='ocrx_word' id='word_1_182' title='bbox 2353 1329 2444 1382; x_wconf 83' lang='lat' dir='ltr'><strong>sed</strong></span> <span class='ocrx_word' id='word_1_183' title='bbox 2473 1327 2658 1382; x_wconf 85' lang='lat' dir='ltr'><strong>eadem</strong></span> <span class='ocrx_word' id='word_1_184' title='bbox 2686 1340 3028 1396; x_wconf 89' lang='lat' dir='ltr'><strong>permanens,</strong></span> <span class='ocrx_word' id='word_1_185' title='bbox 3063 1339 3200 1394; x_wconf 81' lang='lat' dir='ltr'><strong>Opus</strong></span> <span class='ocrx_word' id='word_1_186' title='bbox 3225 1323 3474 1378; x_wconf 89' lang='lat' dir='ltr'><strong>incarna-</strong></span> 
     </span>
    </p>
   </div>
   <div class='ocr_carea' id='block_1_29' title="bbox 1920 1415 3469 1487">
    <p class='ocr_par' dir='ltr' id='par_1_29' title="bbox 1920 1415 3469 1487">
     <span class='ocr_line' id='line_1_29' title="bbox 1920 1415 3469 1487; baseline -0.003 -14"><span class='ocrx_word' id='word_1_187' title='bbox 1920 1419 2082 1473; x_wconf 91' lang='lat' dir='ltr'><strong>tionis</strong></span> <span class='ocrx_word' id='word_1_188' title='bbox 2109 1420 2173 1473; x_wconf 87' lang='lat' dir='ltr'><strong>ad</strong></span> <span class='ocrx_word' id='word_1_189' title='bbox 2195 1421 2421 1474; x_wconf 84' lang='lat' dir='ltr'><strong>salutem</strong></span> <span class='ocrx_word' id='word_1_190' title='bbox 2449 1419 2631 1473; x_wconf 87' lang='lat' dir='ltr'><strong>mundi</strong></span> <span class='ocrx_word' id='word_1_191' title='bbox 2660 1418 2930 1487; x_wconf 90' lang='lat' dir='ltr'><strong>implevit;</strong></span> <span class='ocrx_word' id='word_1_192' title='bbox 2967 1428 3022 1471; x_wconf 86' lang='lat' dir='ltr'><strong>et</strong></span> <span class='ocrx_word' id='word_1_193' title='bbox 3043 1416 3273 1472; x_wconf 87' lang='lat' dir='ltr'><strong>Verbum</strong></span> <span class='ocrx_word' id='word_1_194' title='bbox 3294 1415 3386 1470; x_wconf 91' lang='lat' dir='ltr'><strong>Dei</strong></span> <span class='ocrx_word' id='word_1_195' title='bbox 3417 1417 3469 1468; x_wconf 93' lang='lat' dir='ltr'><strong>in</strong></span> 
     </span>
    </p>
   </div>
   <div class='ocr_carea' id='block_1_30' title="bbox 1920 1507 3467 1571">
    <p class='ocr_par' dir='ltr' id='par_1_30' title="bbox 1920 1507 3467 1571">
     <span class='ocr_line' id='line_1_30' title="bbox 1920 1507 3467 1571; baseline -0.005 -5"><span class='ocrx_word' id='word_1_196' title='bbox 1920 1510 2065 1567; x_wconf 85' lang='lat' dir='ltr'><strong>terra</strong></span> <span class='ocrx_word' id='word_1_197' title='bbox 2114 1512 2409 1567; x_wconf 90' lang='lat' dir='ltr'><strong>secundum</strong></span> <span class='ocrx_word' id='word_1_198' title='bbox 2446 1511 2832 1566; x_wconf 88' lang='lat' dir='ltr'><strong>humanitatem</strong></span> <span class='ocrx_word' id='word_1_199' title='bbox 2859 1525 3206 1571; x_wconf 85' lang='lat' dir='ltr'><strong>conversans,</strong></span> <span class='ocrx_word' id='word_1_200' title='bbox 3231 1507 3467 1562; x_wconf 90' lang='lat' dir='ltr'><strong>divinam</strong></span> 
     </span>
    </p>
   </div>
   <div class='ocr_carea' id='block_1_31' title="bbox 1919 1599 3471 1672">
    <p class='ocr_par' dir='ltr' id='par_1_31' title="bbox 1919 1599 3471 1672">
     <span class='ocr_line' id='line_1_31' title="bbox 1919 1599 3471 1672; baseline -0.004 -16"><span class='ocrx_word' id='word_1_201' title='bbox 1919 1605 2258 1672; x_wconf 66' lang='lat' dir='ltr'><strong>praesentiam</strong></span> <span class='ocrx_word' id='word_1_202' title='bbox 2295 1602 2542 1658; x_wconf 88' lang='lat' dir='ltr'><strong>similiter</strong></span> <span class='ocrx_word' id='word_1_203' title='bbox 2570 1601 2815 1664; x_wconf 88' lang='lat' dir='ltr'><strong>retinuit,</strong></span> <span class='ocrx_word' id='word_1_204' title='bbox 2867 1600 3048 1654; x_wconf 91' lang='lat' dir='ltr'><strong>omnia</strong></span> <span class='ocrx_word' id='word_1_205' title='bbox 3080 1600 3329 1669; x_wconf 91' lang='lat' dir='ltr'><strong>implens,</strong></span> <span class='ocrx_word' id='word_1_206' title='bbox 3359 1599 3471 1652; x_wconf 90' lang='lat' dir='ltr'><strong>sin-</strong></span> 
     </span>
    </p>
   </div>
   <div class='ocr_carea' id='block_1_32' title="bbox 1922 1691 3469 1764">
    <p class='ocr_par' dir='ltr' id='par_1_32' title="bbox 1922 1691 3469 1764">
     <span class='ocr_line' id='line_1_32' title="bbox 1922 1691 3469 1764; baseline -0.003 -16"><span class='ocrx_word' id='word_1_207' title='bbox 1922 1694 2182 1764; x_wconf 80' lang='lat' dir='ltr'><strong>gulariter</strong></span> <span class='ocrx_word' id='word_1_208' title='bbox 2225 1695 2374 1750; x_wconf 87' lang='lat' dir='ltr'><strong>carni</strong></span> <span class='ocrx_word' id='word_1_209' title='bbox 2422 1694 2672 1760; x_wconf 89' lang='lat' dir='ltr'><strong>unitum;</strong></span> <span class='ocrx_word' id='word_1_210' title='bbox 2702 1702 2754 1747; x_wconf 89' lang='lat' dir='ltr'><strong>et</strong></span> <span class='ocrx_word' id='word_1_211' title='bbox 2785 1693 3129 1762; x_wconf 82' lang='lat' dir='ltr'><strong>passionibus</strong></span> <span class='ocrx_word' id='word_1_212' title='bbox 3182 1691 3325 1747; x_wconf 89' lang='lat' dir='ltr'><strong>circa</strong></span> <span class='ocrx_word' id='word_1_213' title='bbox 3349 1706 3469 1744; x_wconf 83' lang='lat' dir='ltr'><strong>car-</strong></span> 
     </span>
    </p>
   </div>
   <div class='ocr_carea' id='block_1_33' title="bbox 250 1779 1812 1855">
    <p class='ocr_par' dir='ltr' id='par_1_33' title="bbox 250 1779 1812 1855">
     <span class='ocr_line' id='line_1_33' title="bbox 250 1779 1812 1855; baseline 0.004 -25"><span class='ocrx_word' id='word_1_214' title='bbox 250 1779 652 1850; x_wconf 85' lang='grc' dir='ltr'>πεπληρωκὼς,</span> <span class='ocrx_word' id='word_1_215' title='bbox 673 1781 814 1844; x_wconf 86' lang='grc' dir='ltr'>ίδίως</span> <span class='ocrx_word' id='word_1_216' title='bbox 831 1798 887 1834; x_wconf 91' lang='grc' dir='ltr'><strong>τε</strong></span> <span class='ocrx_word' id='word_1_217' title='bbox 912 1781 1073 1853; x_wconf 79' lang='grc' dir='ltr'>σαρκὶ</span> <span class='ocrx_word' id='word_1_218' title='bbox 1094 1783 1536 1855; x_wconf 83' lang='grc' dir='ltr'>συγκεκραμένος</span> <span class='ocrx_word' id='word_1_219' title='bbox 1558 1799 1571 1812; x_wconf 74' lang='grc' dir='ltr'><strong>ο</strong></span> <span class='ocrx_word' id='word_1_220' title='bbox 1603 1783 1697 1836; x_wconf 61' lang='grc' dir='ltr'><strong>καῖ</strong></span> <span class='ocrx_word' id='word_1_221' title='bbox 1715 1783 1812 1836; x_wconf 75' lang='grc' dir='ltr'><strong>τῶν</strong></span> 
     </span>
    </p>
   </div>
   <div class='ocr_carea' id='block_1_34' title="bbox 1913 1779 3460 1855">
    <p class='ocr_par' dir='ltr' id='par_1_34' title="bbox 1922 1784 3460 1854">
     <span class='ocr_line' id='line_1_34' title="bbox 1922 1784 3460 1854; baseline -0.001 -15"><span class='ocrx_word' id='word_1_222' title='bbox 1922 1802 2043 1840; x_wconf 87' lang='lat' dir='ltr'><strong>nem</strong></span> <span class='ocrx_word' id='word_1_223' title='bbox 2075 1785 2254 1850; x_wconf 82' lang='lat' dir='ltr'><strong>factis,</strong></span> <span class='ocrx_word' id='word_1_224' title='bbox 2289 1786 2469 1841; x_wconf 90' lang='lat' dir='ltr'><strong>divina</strong></span> <span class='ocrx_word' id='word_1_225' title='bbox 2498 1786 2671 1840; x_wconf 89' lang='lat' dir='ltr'><strong>virtus</strong></span> <span class='ocrx_word' id='word_1_226' title='bbox 2701 1800 2857 1839; x_wconf 86' lang='lat' dir='ltr'><strong>suam</strong></span> <span class='ocrx_word' id='word_1_227' title='bbox 2899 1785 3130 1840; x_wconf 82' lang='lat' dir='ltr'><strong>habebat</strong></span> <span class='ocrx_word' id='word_1_228' title='bbox 3152 1784 3460 1854; x_wconf 82' lang='lat' dir='ltr'><strong>impassibi-</strong></span> 
     </span>
    </p>
   </div>
   <div class='ocr_carea' id='block_1_35' title="bbox 249 1871 1822 1944">
    <p class='ocr_par' dir='ltr' id='par_1_35' title="bbox 249 1871 1822 1944">
     <span class='ocr_line' id='line_1_35' title="bbox 249 1871 1822 1944; baseline 0.003 -22"><span class='ocrx_word' id='word_1_229' title='bbox 249 1871 385 1940; x_wconf 62' lang='lat' dir='ltr'><strong>mp1</strong></span> <span class='ocrx_word' id='word_1_230' title='bbox 418 1871 593 1937; x_wconf 87' lang='grc' dir='ltr'>σάρκα</span> <span class='ocrx_word' id='word_1_231' title='bbox 622 1871 804 1924; x_wconf 86' lang='grc' dir='ltr'>παθῶν</span> <span class='ocrx_word' id='word_1_232' title='bbox 840 1873 1154 1943; x_wconf 80' lang='grc' dir='ltr'>γινομένων,</span> <span class='ocrx_word' id='word_1_233' title='bbox 1179 1873 1274 1944; x_wconf 81' lang='grc' dir='ltr'>τὴν</span> <span class='ocrx_word' id='word_1_234' title='bbox 1310 1873 1574 1927; x_wconf 85' lang='grc' dir='ltr'>ἀπάθειαν</span> <span class='ocrx_word' id='word_1_235' title='bbox 1602 1875 1634 1943; x_wconf 84' lang='grc' dir='ltr'>ὴ</span> <span class='ocrx_word' id='word_1_236' title='bbox 1668 1873 1822 1928; x_wconf 83' lang='grc' dir='ltr'>δύνα-</span> 
     </span>
    </p>
   </div>
   <div class='ocr_carea' id='block_1_36' title="bbox 250 1958 1821 2034">
    <p class='ocr_par' dir='ltr' id='par_1_36' title="bbox 250 1958 1821 2034">
     <span class='ocr_line' id='line_1_36' title="bbox 250 1958 1821 2034; baseline 0.002 -18"><span class='ocrx_word' id='word_1_237' title='bbox 250 1980 349 2033; x_wconf 84' lang='grc' dir='ltr'><strong>μις</strong></span> <span class='ocrx_word' id='word_1_238' title='bbox 372 1958 512 2033; x_wconf 73' lang='grc' dir='ltr'>εἶχεν</span> <span class='ocrx_word' id='word_1_239' title='bbox 545 1963 641 2034; x_wconf 81' lang='grc' dir='ltr'><strong>τὴν</strong></span> <span class='ocrx_word' id='word_1_240' title='bbox 668 1963 862 2033; x_wconf 78' lang='grc' dir='ltr'>ἑαυτῆς</span> <span class='ocrx_word' id='word_1_241' title='bbox 885 1980 898 1994; x_wconf 73' lang='grc' dir='ltr'><strong>ο</strong></span> <span class='ocrx_word' id='word_1_242' title='bbox 941 1964 1138 2033; x_wconf 76' lang='grc' dir='ltr'>ἀσεϐὴς</span> <span class='ocrx_word' id='word_1_243' title='bbox 1165 1960 1256 2018; x_wconf 80' lang='grc' dir='ltr'><strong>οὖν</strong></span> <span class='ocrx_word' id='word_1_244' title='bbox 1275 1968 1302 2019; x_wconf 84' lang='grc' dir='ltr'>ὁ</span> <span class='ocrx_word' id='word_1_245' title='bbox 1323 1965 1383 2018; x_wconf 81' lang='grc' dir='ltr'>τὸ</span> <span class='ocrx_word' id='word_1_246' title='bbox 1415 1964 1582 2028; x_wconf 80' lang='grc' dir='ltr'>πάθος</span> <span class='ocrx_word' id='word_1_247' title='bbox 1610 1965 1821 2034; x_wconf 86' lang='grc' dir='ltr'>ἀνάγων</span> 
     </span>
    </p>
   </div>
   <div class='ocr_carea' id='block_1_37' title="bbox 246 2055 1821 2128">
    <p class='ocr_par' dir='ltr' id='par_1_37' title="bbox 246 2055 1821 2128">
     <span class='ocr_line' id='line_1_37' title="bbox 246 2055 1821 2128; baseline -0.001 -19"><span class='ocrx_word' id='word_1_248' title='bbox 246 2057 331 2118; x_wconf 80' lang='grc' dir='ltr'><strong>είς</strong></span> <span class='ocrx_word' id='word_1_249' title='bbox 365 2056 463 2126; x_wconf 81' lang='grc' dir='ltr'>τὴν</span> <span class='ocrx_word' id='word_1_250' title='bbox 496 2055 719 2126; x_wconf 82' lang='grc' dir='ltr'>δύναμιν</span> <span class='ocrx_word' id='word_1_251' title='bbox 739 2073 751 2087; x_wconf 87' lang='grc'><strong>·</strong></span> <span class='ocrx_word' id='word_1_252' title='bbox 788 2059 816 2110; x_wconf 84' lang='grc' dir='ltr'><strong>ὁ</strong></span> <span class='ocrx_word' id='word_1_253' title='bbox 848 2055 954 2127; x_wconf 85' lang='grc' dir='ltr'>γὰρ</span> <span class='ocrx_word' id='word_1_254' title='bbox 998 2057 1094 2127; x_wconf 76' lang='grc' dir='ltr'><strong>τῆς</strong></span> <span class='ocrx_word' id='word_1_255' title='bbox 1117 2056 1274 2126; x_wconf 79' lang='grc' dir='ltr'>δόξης</span> <span class='ocrx_word' id='word_1_256' title='bbox 1301 2056 1503 2128; x_wconf 84' lang='grc' dir='ltr'>Κύριος</span> <span class='ocrx_word' id='word_1_257' title='bbox 1532 2058 1589 2110; x_wconf 85' lang='grc' dir='ltr'>ὲν</span> <span class='ocrx_word' id='word_1_258' title='bbox 1616 2057 1821 2126; x_wconf 84' lang='grc' dir='ltr'>ἀνθρω-</span> 
     </span>
    </p>
   </div>
   <div class='ocr_carea' id='block_1_38' title="bbox 245 2146 1819 2220">
    <p class='ocr_par' dir='ltr' id='par_1_38' title="bbox 245 2146 1819 2220">
     <span class='ocr_line' id='line_1_38' title="bbox 245 2146 1819 2220; baseline 0.001 -21"><span class='ocrx_word' id='word_1_259' title='bbox 245 2147 394 2218; x_wconf 86' lang='grc' dir='ltr'>πίνῳ</span> <span class='ocrx_word' id='word_1_260' title='bbox 432 2149 676 2219; x_wconf 71' lang='grc' dir='ltr'>σχήματι,</span> <span class='ocrx_word' id='word_1_261' title='bbox 717 2146 924 2219; x_wconf 86' lang='grc' dir='ltr'>πέφηνε</span> <span class='ocrx_word' id='word_1_262' title='bbox 970 2147 1066 2218; x_wconf 83' lang='grc' dir='ltr'><strong>τὴν</strong></span> <span class='ocrx_word' id='word_1_263' title='bbox 1123 2147 1466 2220; x_wconf 82' lang='grc' dir='ltr'>ἀνθρωπίνην</span> <span class='ocrx_word' id='word_1_264' title='bbox 1515 2147 1819 2218; x_wconf 78' lang='grc' dir='ltr'>οἰκονομίαν</span> 
     </span>
    </p>
   </div>
   <div class='ocr_carea' id='block_1_39' title="bbox 236 2237 1811 2310">
    <p class='ocr_par' dir='ltr' id='par_1_39' title="bbox 236 2237 1811 2310">
     <span class='ocr_line' id='line_1_39' title="bbox 236 2237 1811 2310; baseline 0 -18"><span class='ocrx_word' id='word_1_265' title='bbox 236 2239 644 2309; x_wconf 71' lang='grc' dir='ltr'>ἀναδεξάμενος</span> <span class='ocrx_word' id='word_1_266' title='bbox 679 2239 768 2292; x_wconf 67' lang='grc' dir='ltr'>ἐπὶ</span> <span class='ocrx_word' id='word_1_267' title='bbox 794 2239 896 2309; x_wconf 81' lang='grc' dir='ltr'>γῆς</span> <span class='ocrx_word' id='word_1_268' title='bbox 916 2256 929 2268; x_wconf 86' lang='grc'>·</span> <span class='ocrx_word' id='word_1_269' title='bbox 966 2239 1058 2292; x_wconf 76' lang='grc' dir='ltr'><strong>καὶ</strong></span> <span class='ocrx_word' id='word_1_270' title='bbox 1090 2242 1208 2303; x_wconf 84' lang='grc' dir='ltr'>ταῖς</span> <span class='ocrx_word' id='word_1_271' title='bbox 1237 2239 1333 2310; x_wconf 83' lang='grc' dir='ltr'><strong>μὲν</strong></span> <span class='ocrx_word' id='word_1_272' title='bbox 1363 2237 1590 2310; x_wconf 78' lang='grc' dir='ltr'>πράξεσι</span> <span class='ocrx_word' id='word_1_273' title='bbox 1616 2239 1704 2292; x_wconf 82' lang='grc' dir='ltr'><strong>τὸν</strong></span> <span class='ocrx_word' id='word_1_274' title='bbox 1734 2239 1811 2292; x_wconf 83' lang='grc' dir='ltr'>νό-</span> 
     </span>
    </p>
   </div>
   <div class='ocr_carea' id='block_1_40' title="bbox 247 2329 1816 2403">
    <p class='ocr_par' dir='ltr' id='par_1_40' title="bbox 247 2329 1816 2403">
     <span class='ocr_line' id='line_1_40' title="bbox 247 2329 1816 2403; baseline 0.001 -20"><span class='ocrx_word' id='word_1_275' title='bbox 247 2347 353 2402; x_wconf 86' lang='grc' dir='ltr'><strong>μον</strong></span> <span class='ocrx_word' id='word_1_276' title='bbox 399 2329 691 2401; x_wconf 80' lang='grc' dir='ltr'>πληρώσας</span> <span class='ocrx_word' id='word_1_277' title='bbox 739 2331 875 2399; x_wconf 72' lang='grc' dir='ltr'>ὑπὲρ</span> <span class='ocrx_word' id='word_1_278' title='bbox 921 2331 1236 2403; x_wconf 82' lang='grc' dir='ltr'>ἀνθρώπων,</span> <span class='ocrx_word' id='word_1_279' title='bbox 1285 2333 1394 2391; x_wconf 88' lang='grc' dir='ltr'>τοῖς</span> <span class='ocrx_word' id='word_1_280' title='bbox 1430 2331 1486 2383; x_wconf 83' lang='grc' dir='ltr'><strong>δὲ</strong></span> <span class='ocrx_word' id='word_1_281' title='bbox 1528 2330 1720 2384; x_wconf 84' lang='grc' dir='ltr'>πάθεσι</span> <span class='ocrx_word' id='word_1_282' title='bbox 1749 2329 1816 2384; x_wconf 82' lang='grc' dir='ltr'><strong>τά</strong></span> 
     </span>
    </p>
   </div>
   <div class='ocr_carea' id='block_1_41' title="bbox 241 2421 1814 2493">
    <p class='ocr_par' dir='ltr' id='par_1_41' title="bbox 241 2421 1814 2493">
     <span class='ocr_line' id='line_1_41' title="bbox 241 2421 1814 2493; baseline 0 -17"><span class='ocrx_word' id='word_1_283' title='bbox 241 2421 551 2492; x_wconf 85' lang='grc' dir='ltr'>παθήματα</span> <span class='ocrx_word' id='word_1_284' title='bbox 590 2421 862 2485; x_wconf 85' lang='grc' dir='ltr'>διαλύσας,</span> <span class='ocrx_word' id='word_1_285' title='bbox 917 2424 1008 2492; x_wconf 76' lang='grc' dir='ltr'><strong>καὶ</strong></span> <span class='ocrx_word' id='word_1_286' title='bbox 1065 2422 1140 2493; x_wconf 84' lang='grc' dir='ltr'>τῷ</span> <span class='ocrx_word' id='word_1_287' title='bbox 1187 2422 1398 2492; x_wconf 81' lang='grc' dir='ltr'>θανάτῳ</span> <span class='ocrx_word' id='word_1_288' title='bbox 1452 2421 1540 2475; x_wconf 79' lang='grc' dir='ltr'><strong>τὸν</strong></span> <span class='ocrx_word' id='word_1_289' title='bbox 1593 2422 1814 2476; x_wconf 81' lang='grc' dir='ltr'>θάνατον</span> 
     </span>
    </p>
   </div>
   <div class='ocr_carea' id='block_1_42' title="bbox 243 2509 1816 2584">
    <p class='ocr_par' dir='ltr' id='par_1_42' title="bbox 243 2509 1816 2584">
     <span class='ocr_line' id='line_1_42' title="bbox 243 2509 1816 2584; baseline -0.003 -14"><span class='ocrx_word' id='word_1_290' title='bbox 243 2510 477 2578; x_wconf 78' lang='grc' dir='ltr'>ἀνελὼν,</span> <span class='ocrx_word' id='word_1_291' title='bbox 510 2516 576 2584; x_wconf 84' lang='grc' dir='ltr'>τῇ</span> <span class='ocrx_word' id='word_1_292' title='bbox 599 2513 656 2565; x_wconf 82' lang='grc' dir='ltr'>δὲ</span> <span class='ocrx_word' id='word_1_293' title='bbox 681 2513 970 2567; x_wconf 84' lang='grc' dir='ltr'>ἀναστάσει</span> <span class='ocrx_word' id='word_1_294' title='bbox 997 2513 1092 2584; x_wconf 81' lang='grc' dir='ltr'><strong>τὴν</strong></span> <span class='ocrx_word' id='word_1_295' title='bbox 1122 2514 1262 2584; x_wconf 78' lang='grc' dir='ltr'>ζωὴν</span> <span class='ocrx_word' id='word_1_296' title='bbox 1284 2513 1564 2576; x_wconf 80' lang='grc' dir='ltr'>ἀνατείλας</span> <span class='ocrx_word' id='word_1_297' title='bbox 1585 2531 1598 2544; x_wconf 92' lang='grc'>·</span> <span class='ocrx_word' id='word_1_298' title='bbox 1637 2509 1696 2568; x_wconf 78' lang='grc' dir='ltr'><strong>οῦ</strong></span> <span class='ocrx_word' id='word_1_299' title='bbox 1721 2513 1816 2568; x_wconf 79' lang='grc' dir='ltr'><strong>καὶ</strong></span> 
     </span>
    </p>
   </div>
   <div class='ocr_carea' id='block_1_43' title="bbox 244 2603 1817 2677">
    <p class='ocr_par' dir='ltr' id='par_1_43' title="bbox 244 2603 1817 2677">
     <span class='ocr_line' id='line_1_43' title="bbox 244 2603 1817 2677; baseline 0 -19"><span class='ocrx_word' id='word_1_300' title='bbox 244 2606 350 2677; x_wconf 77' lang='grc' dir='ltr'><strong>τὴν</strong></span> <span class='ocrx_word' id='word_1_301' title='bbox 372 2603 670 2675; x_wconf 86' lang='grc' dir='ltr'>παρουσίαν</span> <span class='ocrx_word' id='word_1_302' title='bbox 693 2603 896 2670; x_wconf 79' lang='grc' dir='ltr'>ἔνδοξον</span> <span class='ocrx_word' id='word_1_303' title='bbox 920 2606 1010 2657; x_wconf 86' lang='grc' dir='ltr'>ἀπ’</span> <span class='ocrx_word' id='word_1_304' title='bbox 1035 2603 1261 2675; x_wconf 72' lang='grc' dir='ltr'>οὐρανοῦ</span> <span class='ocrx_word' id='word_1_305' title='bbox 1303 2604 1683 2676; x_wconf 85' lang='grc' dir='ltr'>προσδοκῶμεν</span> <span class='ocrx_word' id='word_1_306' title='bbox 1718 2605 1817 2658; x_wconf 76' lang='grc' dir='ltr'><strong>ἐπὶ</strong></span> 
     </span>
    </p>
   </div>
   <div class='ocr_carea' id='block_1_44' title="bbox 243 2696 1816 2770">
    <p class='ocr_par' dir='ltr' id='par_1_44' title="bbox 243 2696 1816 2770">
     <span class='ocr_line' id='line_1_44' title="bbox 243 2696 1816 2770; baseline 0 -20"><span class='ocrx_word' id='word_1_307' title='bbox 243 2701 315 2770; x_wconf 78' lang='grc' dir='ltr'>τῇ</span> <span class='ocrx_word' id='word_1_308' title='bbox 354 2697 457 2751; x_wconf 85' lang='grc' dir='ltr'><strong>τῶν</strong></span> <span class='ocrx_word' id='word_1_309' title='bbox 503 2697 637 2752; x_wconf 84' lang='grc' dir='ltr'>ὅλων</span> <span class='ocrx_word' id='word_1_310' title='bbox 681 2696 789 2768; x_wconf 79' lang='grc' dir='ltr'><strong>ζωῇ</strong></span> <span class='ocrx_word' id='word_1_311' title='bbox 825 2697 918 2750; x_wconf 73' lang='grc' dir='ltr'><strong>καὶ</strong></span> <span class='ocrx_word' id='word_1_312' title='bbox 955 2697 1162 2769; x_wconf 84' lang='grc' dir='ltr'>κρίσει,</span> <span class='ocrx_word' id='word_1_313' title='bbox 1221 2697 1561 2761; x_wconf 77' lang='grc' dir='ltr'>ἀναστάσεως</span> <span class='ocrx_word' id='word_1_314' title='bbox 1609 2696 1816 2768; x_wconf 84' lang='grc' dir='ltr'>νεκρῶν</span> 
     </span>
    </p>
   </div>
   <div class='ocr_carea' id='block_1_45' title="bbox 244 2788 1808 2866">
    <p class='ocr_par' dir='ltr' id='par_1_45' title="bbox 244 2788 1808 2866">
     <span class='ocr_line' id='line_1_45' title="bbox 244 2788 1808 2866; baseline -0.004 -21"><span class='ocrx_word' id='word_1_315' title='bbox 244 2789 533 2861; x_wconf 67' lang='grc' dir='ltr'>ἐσομένης,</span> <span class='ocrx_word' id='word_1_316' title='bbox 576 2791 656 2852; x_wconf 91' lang='grc' dir='ltr'><strong>είς</strong></span> <span class='ocrx_word' id='word_1_317' title='bbox 704 2790 763 2842; x_wconf 80' lang='grc' dir='ltr'>τὸ</span> <span class='ocrx_word' id='word_1_318' title='bbox 808 2791 968 2842; x_wconf 76' lang='grc' dir='ltr'>πᾶσιν</span> <span class='ocrx_word' id='word_1_319' title='bbox 1018 2788 1436 2866; x_wconf 67' lang='grc' dir='ltr'>ἀνταποδοθῆναι</span> <span class='ocrx_word' id='word_1_320' title='bbox 1482 2790 1599 2841; x_wconf 82' lang='grc' dir='ltr'>κατ’</span> <span class='ocrx_word' id='word_1_321' title='bbox 1633 2788 1808 2854; x_wconf 80' lang='grc' dir='ltr'>ἀξίαν.</span> 
     </span>
    </p>
   </div>
   <div class='ocr_carea' id='block_1_46' title="bbox 1920 1876 3464 1949">
    <p class='ocr_par' dir='ltr' id='par_1_46' title="bbox 1920 1876 3464 1949">
     <span class='ocr_line' id='line_1_46' title="bbox 1920 1876 3464 1949; baseline -0.003 -17"><span class='ocrx_word' id='word_1_322' title='bbox 1920 1878 2146 1933; x_wconf 87' lang='lat' dir='ltr'><strong>litatcm.</strong></span> <span class='ocrx_word' id='word_1_323' title='bbox 2180 1877 2382 1948; x_wconf 83' lang='lat' dir='ltr'><strong>Impius</strong></span> <span class='ocrx_word' id='word_1_324' title='bbox 2404 1894 2533 1949; x_wconf 81' lang='lat' dir='ltr'><strong>ergo</strong></span> <span class='ocrx_word' id='word_1_325' title='bbox 2550 1887 2654 1944; x_wconf 85' lang='lat' dir='ltr'><strong>est,</strong></span> <span class='ocrx_word' id='word_1_326' title='bbox 2686 1878 2776 1948; x_wconf 88' lang='lat' dir='ltr'><strong>qui</strong></span> <span class='ocrx_word' id='word_1_327' title='bbox 2808 1877 3114 1947; x_wconf 89' lang='lat' dir='ltr'><strong>passionem</strong></span> <span class='ocrx_word' id='word_1_328' title='bbox 3140 1876 3191 1930; x_wconf 90' lang='lat' dir='ltr'><strong>in</strong></span> <span class='ocrx_word' id='word_1_329' title='bbox 3215 1877 3464 1930; x_wconf 88' lang='lat' dir='ltr'><strong>virtutem</strong></span> 
     </span>
    </p>
   </div>
   <div class='ocr_carea' id='block_1_47' title="bbox 1921 1968 3467 2040">
    <p class='ocr_par' dir='ltr' id='par_1_47' title="bbox 1921 1968 3467 2040">
     <span class='ocr_line' id='line_1_47' title="bbox 1921 1968 3467 2040; baseline -0.003 -16"><span class='ocrx_word' id='word_1_330' title='bbox 1921 1971 2156 2025; x_wconf 86' lang='lat' dir='ltr'><strong>divinam</strong></span> <span class='ocrx_word' id='word_1_331' title='bbox 2189 1971 2416 2026; x_wconf 88' lang='lat' dir='ltr'><strong>reducit.</strong></span> <span class='ocrx_word' id='word_1_332' title='bbox 2443 1970 2712 2026; x_wconf 88' lang='lat' dir='ltr'><strong>Dominus</strong></span> <span class='ocrx_word' id='word_1_333' title='bbox 2741 1969 2886 2025; x_wconf 88' lang='lat' dir='ltr'><strong>enim</strong></span> <span class='ocrx_word' id='word_1_334' title='bbox 2913 1970 3094 2040; x_wconf 71' lang='lat' dir='ltr'><strong>gloria:</strong></span> <span class='ocrx_word' id='word_1_335' title='bbox 3129 1969 3182 2022; x_wconf 92' lang='lat' dir='ltr'><strong>in</strong></span> <span class='ocrx_word' id='word_1_336' title='bbox 3206 1968 3467 2034; x_wconf 63' lang='lat' dir='ltr'><strong>,humano</strong></span> 
     </span>
    </p>
   </div>
   <div class='ocr_carea' id='block_1_48' title="bbox 1923 2059 3466 2132">
    <p class='ocr_par' dir='ltr' id='par_1_48' title="bbox 1923 2059 3466 2132">
     <span class='ocr_line' id='line_1_48' title="bbox 1923 2059 3466 2132; baseline -0.003 -15"><span class='ocrx_word' id='word_1_337' title='bbox 1923 2064 2108 2118; x_wconf 89' lang='lat' dir='ltr'><strong>habitu</strong></span> <span class='ocrx_word' id='word_1_338' title='bbox 2147 2061 2429 2132; x_wconf 86' lang='lat' dir='ltr'><strong>apparuit;</strong></span> <span class='ocrx_word' id='word_1_339' title='bbox 2470 2071 2719 2131; x_wconf 83' lang='lat' dir='ltr'><strong>suscepta</strong></span> <span class='ocrx_word' id='word_1_340' title='bbox 2751 2061 3058 2117; x_wconf 64' lang='lat' dir='ltr'><strong>oeconomia</strong></span> <span class='ocrx_word' id='word_1_341' title='bbox 3090 2062 3143 2115; x_wconf 92' lang='lat' dir='ltr'><strong>in</strong></span> <span class='ocrx_word' id='word_1_342' title='bbox 3199 2069 3341 2114; x_wconf 90' lang='lat' dir='ltr'><strong>terra</strong></span> <span class='ocrx_word' id='word_1_343' title='bbox 3366 2059 3466 2132; x_wconf 66' lang='lat'><strong>(2),</strong></span> 
     </span>
    </p>
   </div>
   <div class='ocr_carea' id='block_1_49' title="bbox 1919 2144 3466 2223">
    <p class='ocr_par' dir='ltr' id='par_1_49' title="bbox 1919 2144 3466 2223">
     <span class='ocr_line' id='line_1_49' title="bbox 1919 2144 3466 2223; baseline -0.004 -15"><span class='ocrx_word' id='word_1_344' title='bbox 1919 2154 2012 2223; x_wconf 89' lang='lat' dir='ltr'><strong>qui</strong></span> <span class='ocrx_word' id='word_1_345' title='bbox 2032 2153 2286 2222; x_wconf 89' lang='lat' dir='ltr'><strong>operibus</strong></span> <span class='ocrx_word' id='word_1_346' title='bbox 2313 2151 2527 2221; x_wconf 89' lang='lat' dir='ltr'><strong>quidem</strong></span> <span class='ocrx_word' id='word_1_347' title='bbox 2545 2152 2712 2222; x_wconf 78' lang='lat' dir='ltr'><strong>legem</strong></span> <span class='ocrx_word' id='word_1_348' title='bbox 2737 2166 2835 2222; x_wconf 89' lang='lat' dir='ltr'><strong>pro</strong></span> <span class='ocrx_word' id='word_1_349' title='bbox 2861 2149 3170 2204; x_wconf 88' lang='lat' dir='ltr'><strong>hominibus</strong></span> <span class='ocrx_word' id='word_1_350' title='bbox 3205 2144 3466 2219; x_wconf 83' lang='lat' dir='ltr'><strong>implevit,</strong></span> 
     </span>
    </p>
   </div>
   <div class='ocr_carea' id='block_1_50' title="bbox 1919 2242 3467 2314">
    <p class='ocr_par' dir='ltr' id='par_1_50' title="bbox 1919 2242 3467 2314">
     <span class='ocr_line' id='line_1_50' title="bbox 1919 2242 3467 2314; baseline -0.004 -15"><span class='ocrx_word' id='word_1_351' title='bbox 1919 2243 2266 2314; x_wconf 88' lang='lat' dir='ltr'><strong>passionibus</strong></span> <span class='ocrx_word' id='word_1_352' title='bbox 2288 2246 2416 2297; x_wconf 85' lang='lat' dir='ltr'><strong>ver&#39;o</strong></span> <span class='ocrx_word' id='word_1_353' title='bbox 2442 2244 2723 2311; x_wconf 88' lang='lat' dir='ltr'><strong>passiones</strong></span> <span class='ocrx_word' id='word_1_354' title='bbox 2753 2242 3018 2304; x_wconf 88' lang='lat' dir='ltr'><strong>dissolvit,</strong></span> <span class='ocrx_word' id='word_1_355' title='bbox 3043 2250 3098 2296; x_wconf 90' lang='lat' dir='ltr'><strong>et</strong></span> <span class='ocrx_word' id='word_1_356' title='bbox 3121 2251 3291 2296; x_wconf 92' lang='lat' dir='ltr'><strong>morte</strong></span> <span class='ocrx_word' id='word_1_357' title='bbox 3318 2256 3467 2294; x_wconf 88' lang='lat' dir='ltr'><strong>mor-</strong></span> 
     </span>
    </p>
   </div>
   <div class='ocr_carea' id='block_1_51' title="bbox 1920 2331 3464 2400">
    <p class='ocr_par' dir='ltr' id='par_1_51' title="bbox 1920 2331 3464 2400">
     <span class='ocr_line' id='line_1_51' title="bbox 1920 2331 3464 2400; baseline -0.004 -8"><span class='ocrx_word' id='word_1_358' title='bbox 1920 2345 2029 2392; x_wconf 90' lang='lat' dir='ltr'><strong>tem</strong></span> <span class='ocrx_word' id='word_1_359' title='bbox 2065 2335 2310 2400; x_wconf 90' lang='lat' dir='ltr'><strong>sustulit;</strong></span> <span class='ocrx_word' id='word_1_360' title='bbox 2345 2334 2737 2388; x_wconf 88' lang='lat' dir='ltr'><strong>resurrectione</strong></span> <span class='ocrx_word' id='word_1_361' title='bbox 2774 2349 2901 2388; x_wconf 88' lang='lat' dir='ltr'><strong>vero</strong></span> <span class='ocrx_word' id='word_1_362' title='bbox 2940 2333 3102 2387; x_wconf 89' lang='lat' dir='ltr'><strong>vitam</strong></span> <span class='ocrx_word' id='word_1_363' title='bbox 3138 2333 3268 2386; x_wconf 91' lang='lat' dir='ltr'><strong>oriri</strong></span> <span class='ocrx_word' id='word_1_364' title='bbox 3298 2331 3464 2386; x_wconf 80' lang='lat' dir='ltr'><strong>fecit:</strong></span> 
     </span>
    </p>
   </div>
   <div class='ocr_carea' id='block_1_52' title="bbox 1922 2423 3468 2497">
    <p class='ocr_par' dir='ltr' id='par_1_52' title="bbox 1922 2423 3468 2497">
     <span class='ocr_line' id='line_1_52' title="bbox 1922 2423 3468 2497; baseline -0.003 -16"><span class='ocrx_word' id='word_1_365' title='bbox 1922 2426 2080 2497; x_wconf 85' lang='lat' dir='ltr'><strong>cujus</strong></span> <span class='ocrx_word' id='word_1_366' title='bbox 2121 2426 2420 2496; x_wconf 84' lang='lat' dir='ltr'><strong>gloriosum</strong></span> <span class='ocrx_word' id='word_1_367' title='bbox 2449 2440 2479 2479; x_wconf 90' lang='lat' dir='ltr'><strong>e</strong></span> <span class='ocrx_word' id='word_1_368' title='bbox 2509 2425 2647 2479; x_wconf 73' lang='lat' dir='ltr'><strong>ctelo</strong></span> <span class='ocrx_word' id='word_1_369' title='bbox 2679 2425 2967 2480; x_wconf 86' lang='lat' dir='ltr'><strong>adventum</strong></span> <span class='ocrx_word' id='word_1_370' title='bbox 2998 2434 3372 2494; x_wconf 76' lang='lat' dir='ltr'><strong>exspectamus</strong></span> <span class='ocrx_word' id='word_1_371' title='bbox 3400 2423 3468 2477; x_wconf 88' lang='lat' dir='ltr'><strong>ad</strong></span> 
     </span>
    </p>
   </div>
   <div class='ocr_carea' id='block_1_53' title="bbox 1922 2515 3468 2586">
    <p class='ocr_par' dir='ltr' id='par_1_53' title="bbox 1922 2515 3468 2586">
     <span class='ocr_line' id='line_1_53' title="bbox 1922 2515 3468 2586; baseline -0.001 -16"><span class='ocrx_word' id='word_1_372' title='bbox 1922 2519 2086 2572; x_wconf 88' lang='lat' dir='ltr'><strong>vitam</strong></span> <span class='ocrx_word' id='word_1_373' title='bbox 2115 2517 2514 2580; x_wconf 87' lang='lat' dir='ltr'><strong>universorum,</strong></span> <span class='ocrx_word' id='word_1_374' title='bbox 2541 2516 2902 2586; x_wconf 89' lang='lat' dir='ltr'><strong>etjudicium,</strong></span> <span class='ocrx_word' id='word_1_375' title='bbox 2939 2531 3064 2569; x_wconf 90' lang='lat' dir='ltr'><strong>cum</strong></span> <span class='ocrx_word' id='word_1_376' title='bbox 3107 2515 3285 2569; x_wconf 81' lang='lat' dir='ltr'><strong>futura</strong></span> <span class='ocrx_word' id='word_1_377' title='bbox 3321 2530 3468 2569; x_wconf 88' lang='lat' dir='ltr'><strong>mor-</strong></span> 
     </span>
    </p>
   </div>
   <div class='ocr_carea' id='block_1_54' title="bbox 1922 2604 3472 2673">
    <p class='ocr_par' dir='ltr' id='par_1_54' title="bbox 1922 2604 3472 2673">
     <span class='ocr_line' id='line_1_54' title="bbox 1922 2604 3472 2673; baseline 0.001 -9"><span class='ocrx_word' id='word_1_378' title='bbox 1922 2618 2139 2664; x_wconf 93' lang='lat' dir='ltr'><strong>tuorum</strong></span> <span class='ocrx_word' id='word_1_379' title='bbox 2191 2608 2606 2673; x_wconf 87' lang='lat' dir='ltr'><strong>resurrectione,</strong></span> <span class='ocrx_word' id='word_1_380' title='bbox 2640 2604 2708 2661; x_wconf 87' lang='lat' dir='ltr'><strong>ad</strong></span> <span class='ocrx_word' id='word_1_381' title='bbox 2759 2606 3164 2662; x_wconf 86' lang='lat' dir='ltr'><strong>retribuendum</strong></span> <span class='ocrx_word' id='word_1_382' title='bbox 3215 2607 3472 2666; x_wconf 63' lang='lat' dir='ltr'><strong>omnibus</strong></span> 
     </span>
    </p>
   </div>
   <div class='ocr_carea' id='block_1_55' title="bbox 1921 2697 2563 2769">
    <p class='ocr_par' dir='ltr' id='par_1_55' title="bbox 1921 2697 2563 2769">
     <span class='ocr_line' id='line_1_55' title="bbox 1921 2697 2563 2769; baseline -0.003 -16"><span class='ocrx_word' id='word_1_383' title='bbox 1921 2715 2019 2769; x_wconf 89' lang='lat' dir='ltr'><strong>pro</strong></span> <span class='ocrx_word' id='word_1_384' title='bbox 2047 2699 2309 2769; x_wconf 88' lang='lat' dir='ltr'><strong>cujusque</strong></span> <span class='ocrx_word' id='word_1_385' title='bbox 2334 2697 2563 2752; x_wconf 88' lang='lat' dir='ltr'><strong>meritis.</strong></span> 
     </span>
    </p>
   </div>
   <div class='ocr_carea' id='block_1_56' title="bbox 322 2876 1812 2954">
    <p class='ocr_par' dir='ltr' id='par_1_56' title="bbox 322 2882 1812 2954">
     <span class='ocr_line' id='line_1_56' title="bbox 322 2882 1812 2954; baseline 0.001 -20"><span class='ocrx_word' id='word_1_386' title='bbox 322 2883 499 2935; x_wconf 82' lang='grc' dir='ltr'>Δεινδν</span> <span class='ocrx_word' id='word_1_387' title='bbox 519 2883 572 2936; x_wconf 79' lang='grc' dir='ltr'>δὲ</span> <span class='ocrx_word' id='word_1_388' title='bbox 603 2882 878 2954; x_wconf 84' lang='grc' dir='ltr'>μελέτημα</span> <span class='ocrx_word' id='word_1_389' title='bbox 901 2885 1040 2946; x_wconf 78' lang='grc' dir='ltr'>τινὲς</span> <span class='ocrx_word' id='word_1_390' title='bbox 1065 2883 1204 2938; x_wconf 87' lang='grc' dir='ltr'><strong>κατά</strong></span> <span class='ocrx_word' id='word_1_391' title='bbox 1233 2884 1326 2954; x_wconf 79' lang='grc' dir='ltr'><strong>τῆς</strong></span> <span class='ocrx_word' id='word_1_392' title='bbox 1361 2883 1518 2952; x_wconf 64' lang='grc' dir='ltr'>ἁγίας</span> <span class='ocrx_word' id='word_1_393' title='bbox 1549 2883 1812 2953; x_wconf 77' lang='grc' dir='ltr'>μελετῶσι</span> 
     </span>
    </p>
   </div>
   <div class='ocr_carea' id='block_1_57' title="bbox 1913 2876 3465 2954">
    <p class='ocr_par' dir='ltr' id='par_1_57' title="bbox 1986 2876 3465 2950">
     <span class='ocr_line' id='line_1_57' title="bbox 1986 2876 3465 2950; baseline -0.002 -15"><span class='ocrx_word' id='word_1_394' title='bbox 1986 2879 2316 2936; x_wconf 86' lang='lat' dir='ltr'><strong>Sceleratnm</strong></span> <span class='ocrx_word' id='word_1_395' title='bbox 2346 2895 2474 2935; x_wconf 91' lang='lat' dir='ltr'><strong>vero</strong></span> <span class='ocrx_word' id='word_1_396' title='bbox 2504 2895 2641 2950; x_wconf 90' lang='lat' dir='ltr'><strong>opus</strong></span> <span class='ocrx_word' id='word_1_397' title='bbox 2666 2879 2831 2949; x_wconf 89' lang='lat' dir='ltr'><strong>aliqui</strong></span> <span class='ocrx_word' id='word_1_398' title='bbox 2860 2886 3046 2933; x_wconf 92' lang='lat' dir='ltr'><strong>contra</strong></span> <span class='ocrx_word' id='word_1_399' title='bbox 3072 2886 3312 2933; x_wconf 91' lang='lat' dir='ltr'><strong>sanctam</strong></span> <span class='ocrx_word' id='word_1_400' title='bbox 3342 2876 3465 2932; x_wconf 83' lang='lat' dir='ltr'><strong>Tri-</strong></span> 
     </span>
    </p>
   </div>
   <div class='ocr_carea' id='block_1_58' title="bbox 242 2970 1812 3046">
    <p class='ocr_par' dir='ltr' id='par_1_58' title="bbox 242 2970 1812 3046">
     <span class='ocr_line' id='line_1_58' title="bbox 242 2970 1812 3046; baseline 0 -19"><span class='ocrx_word' id='word_1_401' title='bbox 242 2972 498 3044; x_wconf 86' lang='grc' dir='ltr'>Τριάδος,</span> <span class='ocrx_word' id='word_1_402' title='bbox 532 2974 581 3025; x_wconf 85' lang='grc' dir='ltr'>οἱ</span> <span class='ocrx_word' id='word_1_403' title='bbox 603 2973 724 3046; x_wconf 90' lang='grc' dir='ltr'>τρία</span> <span class='ocrx_word' id='word_1_404' title='bbox 751 2974 1021 3045; x_wconf 80' lang='grc' dir='ltr'>Πρόσωπα</span> <span class='ocrx_word' id='word_1_405' title='bbox 1045 2974 1142 3026; x_wconf 82' lang='grc' dir='ltr'><strong>οὐκ</strong></span> <span class='ocrx_word' id='word_1_406' title='bbox 1176 2970 1312 3028; x_wconf 72' lang='grc' dir='ltr'>εἶναι</span> <span class='ocrx_word' id='word_1_407' title='bbox 1343 2974 1812 3046; x_wconf 79' lang='grc' dir='ltr'>διῖσχυριζόμενοι,</span> 
     </span>
    </p>
   </div>
   <div class='ocr_carea' id='block_1_59' title="bbox 245 3064 1815 3140">
    <p class='ocr_par' dir='ltr' id='par_1_59' title="bbox 245 3064 1815 3140">
     <span class='ocr_line' id='line_1_59' title="bbox 245 3064 1815 3140; baseline 0.001 -21"><span class='ocrx_word' id='word_1_408' title='bbox 245 3065 440 3135; x_wconf 81' lang='grc' dir='ltr'>ὥσπερ</span> <span class='ocrx_word' id='word_1_409' title='bbox 488 3065 850 3118; x_wconf 88' lang='grc' dir='ltr'>ἀνυπόστατον</span> <span class='ocrx_word' id='word_1_410' title='bbox 904 3066 1211 3134; x_wconf 83' lang='grc' dir='ltr'>εἰσάγοντες</span> <span class='ocrx_word' id='word_1_411' title='bbox 1268 3067 1585 3138; x_wconf 81' lang='grc' dir='ltr'>πρόσωπον·</span> <span class='ocrx_word' id='word_1_412' title='bbox 1631 3067 1698 3120; x_wconf 81' lang='grc' dir='ltr'>δι’</span> <span class='ocrx_word' id='word_1_413' title='bbox 1746 3064 1815 3140; x_wconf 80' lang='grc' dir='ltr'>ἦς</span> 
     </span>
    </p>
   </div>
   <div class='ocr_carea' id='block_1_60' title="bbox 243 3150 1814 3225">
    <p class='ocr_par' dir='ltr' id='par_1_60' title="bbox 243 3150 1814 3225">
     <span class='ocr_line' id='line_1_60' title="bbox 243 3150 1814 3225; baseline 0.001 -15"><span class='ocrx_word' id='word_1_414' title='bbox 243 3154 631 3225; x_wconf 76' lang='grc' dir='ltr'>ἀποφεύγομ.εν</span> <span class='ocrx_word' id='word_1_415' title='bbox 681 3152 770 3207; x_wconf 77' lang='grc' dir='ltr'><strong>τὸν</strong></span> <span class='ocrx_word' id='word_1_416' title='bbox 815 3155 1096 3208; x_wconf 80' lang='grc' dir='ltr'>Σαϐέλλιον</span> <span class='ocrx_word' id='word_1_417' title='bbox 1141 3155 1361 3225; x_wconf 86' lang='grc' dir='ltr'>λέγοντα</span> <span class='ocrx_word' id='word_1_418' title='bbox 1389 3157 1476 3210; x_wconf 82' lang='grc' dir='ltr'><strong>τὸν</strong></span> <span class='ocrx_word' id='word_1_419' title='bbox 1512 3158 1670 3212; x_wconf 81' lang='grc' dir='ltr'>αὐτὸν</span> <span class='ocrx_word' id='word_1_420' title='bbox 1703 3150 1814 3212; x_wconf 85' lang='grc' dir='ltr'>Πα-</span> 
     </span>
    </p>
   </div>
   <div class='ocr_carea' id='block_1_61' title="bbox 241 3243 1814 3322">
    <p class='ocr_par' dir='ltr' id='par_1_61' title="bbox 241 3243 1814 3322">
     <span class='ocr_line' id='line_1_61' title="bbox 241 3243 1814 3322; baseline 0.002 -22"><span class='ocrx_word' id='word_1_421' title='bbox 241 3247 415 3319; x_wconf 89' lang='grc' dir='ltr'>τέρα,</span> <span class='ocrx_word' id='word_1_422' title='bbox 454 3247 543 3300; x_wconf 81' lang='grc' dir='ltr'><strong>τὸν</strong></span> <span class='ocrx_word' id='word_1_423' title='bbox 586 3247 746 3300; x_wconf 79' lang='grc' dir='ltr'>αὐτὸν</span> <span class='ocrx_word' id='word_1_424' title='bbox 783 3243 942 3301; x_wconf 76' lang='grc' dir='ltr'>Υίόνο</span> <span class='ocrx_word' id='word_1_425' title='bbox 990 3249 1204 3320; x_wconf 82' lang='grc' dir='ltr'>Πατέρα</span> <span class='ocrx_word' id='word_1_426' title='bbox 1236 3249 1332 3318; x_wconf 84' lang='grc' dir='ltr'><strong>μὲν</strong></span> <span class='ocrx_word' id='word_1_427' title='bbox 1360 3251 1466 3322; x_wconf 82' lang='grc' dir='ltr'><strong>γάρ</strong></span> <span class='ocrx_word' id='word_1_428' title='bbox 1499 3250 1644 3320; x_wconf 84' lang='grc' dir='ltr'>λέγει</span> <span class='ocrx_word' id='word_1_429' title='bbox 1677 3247 1814 3305; x_wconf 79' lang='grc' dir='ltr'>εἶναι</span> 
     </span>
    </p>
   </div>
   <div class='ocr_carea' id='block_1_62' title="bbox 239 3339 1814 3414">
    <p class='ocr_par' dir='ltr' id='par_1_62' title="bbox 239 3339 1814 3414">
     <span class='ocr_line' id='line_1_62' title="bbox 239 3339 1814 3414; baseline 0.002 -20"><span class='ocrx_word' id='word_1_430' title='bbox 239 3339 338 3394; x_wconf 70' lang='grc' dir='ltr'>τὸν</span> <span class='ocrx_word' id='word_1_431' title='bbox 371 3339 648 3400; x_wconf 85' lang='grc' dir='ltr'>λαλοῦντα,</span> <span class='ocrx_word' id='word_1_432' title='bbox 671 3340 796 3393; x_wconf 83' lang='grc' dir='ltr'>Υίόν</span> <span class='ocrx_word' id='word_1_433' title='bbox 815 3339 869 3393; x_wconf 80' lang='grc' dir='ltr'><strong>δὲ</strong></span> <span class='ocrx_word' id='word_1_434' title='bbox 894 3339 983 3393; x_wconf 81' lang='grc' dir='ltr'><strong>τὸν</strong></span> <span class='ocrx_word' id='word_1_435' title='bbox 1017 3342 1186 3410; x_wconf 86' lang='grc' dir='ltr'>Λόγον</span> <span class='ocrx_word' id='word_1_436' title='bbox 1212 3343 1272 3395; x_wconf 81' lang='grc' dir='ltr'>ὲν</span> <span class='ocrx_word' id='word_1_437' title='bbox 1295 3342 1372 3413; x_wconf 80' lang='grc' dir='ltr'>τῷ</span> <span class='ocrx_word' id='word_1_438' title='bbox 1389 3344 1560 3414; x_wconf 76' lang='grc' dir='ltr'>Πατρὶ</span> <span class='ocrx_word' id='word_1_439' title='bbox 1586 3344 1814 3414; x_wconf 79' lang='grc' dir='ltr'>μένοντα</span> 
     </span>
    </p>
   </div>
   <div class='ocr_carea' id='block_1_63' title="bbox 240 3428 1813 3502">
    <p class='ocr_par' dir='ltr' id='par_1_63' title="bbox 240 3428 1813 3502">
     <span class='ocr_line' id='line_1_63' title="bbox 240 3428 1813 3502; baseline 0 -16"><span class='ocrx_word' id='word_1_440' title='bbox 240 3432 344 3486; x_wconf 65' lang='grc' dir='ltr'><strong>καὶ</strong></span> <span class='ocrx_word' id='word_1_441' title='bbox 363 3431 501 3484; x_wconf 89' lang='grc' dir='ltr'><strong>κατά</strong></span> <span class='ocrx_word' id='word_1_442' title='bbox 527 3428 714 3500; x_wconf 62' lang='grc' dir='ltr'>καιρὸν</span> <span class='ocrx_word' id='word_1_443' title='bbox 743 3431 840 3499; x_wconf 78' lang='grc' dir='ltr'>τῆς</span> <span class='ocrx_word' id='word_1_444' title='bbox 862 3431 1219 3501; x_wconf 87' lang='grc' dir='ltr'>δημιουργίας</span> <span class='ocrx_word' id='word_1_445' title='bbox 1247 3432 1566 3502; x_wconf 88' lang='grc' dir='ltr'>φαινόμενον</span> <span class='ocrx_word' id='word_1_446' title='bbox 1585 3450 1598 3463; x_wconf 84' lang='lat'><strong><em>°</em></strong></span> <span class='ocrx_word' id='word_1_447' title='bbox 1626 3432 1813 3486; x_wconf 75' lang='grc' dir='ltr'>ἔπειτα</span> 
     </span>
    </p>
   </div>
   <div class='ocr_carea' id='block_1_64' title="bbox 243 3521 1811 3596">
    <p class='ocr_par' dir='ltr' id='par_1_64' title="bbox 243 3521 1811 3596">
     <span class='ocr_line' id='line_1_64' title="bbox 243 3521 1811 3596; baseline 0.001 -20"><span class='ocrx_word' id='word_1_448' title='bbox 243 3522 388 3594; x_wconf 85' lang='grc' dir='ltr'><strong>μετά</strong></span> <span class='ocrx_word' id='word_1_449' title='bbox 421 3521 517 3593; x_wconf 77' lang='grc' dir='ltr'>τὴν</span> <span class='ocrx_word' id='word_1_450' title='bbox 559 3522 810 3576; x_wconf 85' lang='grc' dir='ltr'>ἁπάντων</span> <span class='ocrx_word' id='word_1_451' title='bbox 848 3521 1125 3592; x_wconf 80' lang='grc' dir='ltr'>πλήρωσιν</span> <span class='ocrx_word' id='word_1_452' title='bbox 1172 3522 1280 3576; x_wconf 88' lang='grc' dir='ltr'><strong>τῶν</strong></span> <span class='ocrx_word' id='word_1_453' title='bbox 1328 3525 1684 3596; x_wconf 88' lang='grc' dir='ltr'>πραγμάτων,</span> <span class='ocrx_word' id='word_1_454' title='bbox 1733 3528 1811 3589; x_wconf 88' lang='grc' dir='ltr'><strong>είς</strong></span> 
     </span>
    </p>
   </div>
   <div class='ocr_carea' id='block_1_65' title="bbox 237 3610 1811 3683">
    <p class='ocr_par' dir='ltr' id='par_1_65' title="bbox 237 3610 1811 3683">
     <span class='ocr_line' id='line_1_65' title="bbox 237 3610 1811 3683; baseline 0.001 -17"><span class='ocrx_word' id='word_1_455' title='bbox 237 3612 382 3666; x_wconf 84' lang='grc' dir='ltr'>Θεὸν</span> <span class='ocrx_word' id='word_1_456' title='bbox 428 3612 825 3683; x_wconf 81' lang='grc' dir='ltr'>ἀνατρέχοντα·</span> <span class='ocrx_word' id='word_1_457' title='bbox 864 3610 924 3665; x_wconf 73' lang='grc' dir='ltr'>τὸ</span> <span class='ocrx_word' id='word_1_458' title='bbox 956 3613 1084 3665; x_wconf 84' lang='grc' dir='ltr'>αὐτὸ</span> <span class='ocrx_word' id='word_1_459' title='bbox 1125 3612 1179 3664; x_wconf 83' lang='grc' dir='ltr'><strong>δὲ</strong></span> <span class='ocrx_word' id='word_1_460' title='bbox 1213 3613 1307 3666; x_wconf 75' lang='grc' dir='ltr'>καὶ</span> <span class='ocrx_word' id='word_1_461' title='bbox 1352 3614 1598 3683; x_wconf 73' lang='grc' dir='ltr'>περὶτοῦ</span> <span class='ocrx_word' id='word_1_462' title='bbox 1645 3615 1811 3668; x_wconf 79' lang='grc' dir='ltr'>Πνεῦ-</span> 
     </span>
    </p>
   </div>
   <div class='ocr_carea' id='block_1_66' title="bbox 239 3702 1813 3776">
    <p class='ocr_par' dir='ltr' id='par_1_66' title="bbox 239 3702 1813 3776">
     <span class='ocr_line' id='line_1_66' title="bbox 239 3702 1813 3776; baseline 0.001 -19"><span class='ocrx_word' id='word_1_463' title='bbox 239 3719 418 3776; x_wconf 86' lang='grc' dir='ltr'>ματος</span> <span class='ocrx_word' id='word_1_464' title='bbox 453 3702 630 3771; x_wconf 77' lang='grc' dir='ltr'>λέγει..</span> <span class='ocrx_word' id='word_1_465' title='bbox 661 3703 988 3774; x_wconf 80' lang='grc' dir='ltr'>Πιστεῦομεν</span> <span class='ocrx_word' id='word_1_466' title='bbox 1019 3704 1124 3775; x_wconf 78' lang='grc' dir='ltr'>γὰρ</span> <span class='ocrx_word' id='word_1_467' title='bbox 1145 3706 1303 3774; x_wconf 81' lang='grc' dir='ltr'>ἡμεῖς</span> <span class='ocrx_word' id='word_1_468' title='bbox 1333 3706 1412 3757; x_wconf 80' lang='grc' dir='ltr'><strong>ὅτι</strong></span> <span class='ocrx_word' id='word_1_469' title='bbox 1453 3704 1572 3776; x_wconf 82' lang='grc' dir='ltr'>τρία</span> <span class='ocrx_word' id='word_1_470' title='bbox 1600 3706 1813 3776; x_wconf 87' lang='grc' dir='ltr'>Πρόσω-</span> 
     </span>
    </p>
   </div>
   <div class='ocr_carea' id='block_1_67' title="bbox 182 3793 1810 3868">
    <p class='ocr_par' dir='ltr' id='par_1_67' title="bbox 182 3793 1810 3868">
     <span class='ocr_line' id='line_1_67' title="bbox 182 3793 1810 3868; baseline 0.001 -20"><span class='ocrx_word' id='word_1_471' title='bbox 182 3800 196 3833; x_wconf 78' lang='grc' dir='ltr'><em>ι</em></span> <span class='ocrx_word' id='word_1_472' title='bbox 237 3813 322 3848; x_wconf 82' lang='grc' dir='ltr'><strong>πα</strong></span> <span class='ocrx_word' id='word_1_473' title='bbox 357 3793 484 3864; x_wconf 90' lang='grc' dir='ltr'>μίαν</span> <span class='ocrx_word' id='word_1_474' title='bbox 531 3794 716 3864; x_wconf 80' lang='grc' dir='ltr'>ἔχοντα</span> <span class='ocrx_word' id='word_1_475' title='bbox 745 3794 841 3865; x_wconf 75' lang='grc' dir='ltr'>τὴν</span> <span class='ocrx_word' id='word_1_476' title='bbox 881 3794 1107 3866; x_wconf 87' lang='grc' dir='ltr'>θεότητα</span> <span class='ocrx_word' id='word_1_477' title='bbox 1152 3794 1450 3864; x_wconf 78' lang='grc' dir='ltr'>δηλοῦνται,</span> <span class='ocrx_word' id='word_1_478' title='bbox 1498 3797 1680 3868; x_wconf 80' lang='grc' dir='ltr'>Πατὴρ</span> <span class='ocrx_word' id='word_1_479' title='bbox 1719 3797 1810 3850; x_wconf 73' lang='grc' dir='ltr'><strong>καὶ</strong></span> 
     </span>
    </p>
   </div>
   <div class='ocr_carea' id='block_1_68' title="bbox 238 3884 1809 3958">
    <p class='ocr_par' dir='ltr' id='par_1_68' title="bbox 238 3884 1809 3958">
     <span class='ocr_line' id='line_1_68' title="bbox 238 3884 1809 3958; baseline 0.003 -19"><span class='ocrx_word' id='word_1_480' title='bbox 238 3885 374 3948; x_wconf 76' lang='grc' dir='ltr'>Υἱὸς</span> <span class='ocrx_word' id='word_1_481' title='bbox 405 3885 496 3938; x_wconf 69' lang='grc' dir='ltr'><strong>καὶ</strong></span> <span class='ocrx_word' id='word_1_482' title='bbox 530 3884 680 3953; x_wconf 72' lang='grc' dir='ltr'>ἅγιον</span> <span class='ocrx_word' id='word_1_483' title='bbox 704 3887 927 3957; x_wconf 81' lang='grc' dir='ltr'>Πνεῦμα</span> <span class='ocrx_word' id='word_1_484' title='bbox 949 3904 963 3916; x_wconf 88' lang='grc'><strong>·</strong></span> <span class='ocrx_word' id='word_1_485' title='bbox 996 3889 1030 3958; x_wconf 77' lang='grc' dir='ltr'><strong>ἠ</strong></span> <span class='ocrx_word' id='word_1_486' title='bbox 1067 3887 1171 3958; x_wconf 89' lang='grc' dir='ltr'><strong>γάρ</strong></span> <span class='ocrx_word' id='word_1_487' title='bbox 1201 3886 1386 3957; x_wconf 86' lang='grc' dir='ltr'>θεότης</span> <span class='ocrx_word' id='word_1_488' title='bbox 1418 3888 1534 3958; x_wconf 88' lang='grc' dir='ltr'>μία,</span> <span class='ocrx_word' id='word_1_489' title='bbox 1569 3889 1809 3958; x_wconf 75' lang='grc' dir='ltr'>φυσικῶς</span> 
     </span>
    </p>
   </div>
   <div class='ocr_carea' id='block_1_69' title="bbox 201 3975 1809 4056">
    <p class='ocr_par' dir='ltr' id='par_1_69' title="bbox 201 3975 1809 4056">
     <span class='ocr_line' id='line_1_69' title="bbox 201 3975 1809 4056; baseline 0.001 -26"><span class='ocrx_word' id='word_1_490' title='bbox 201 3979 301 4056; x_wconf 71' lang='grc' dir='ltr'><strong>⁴ὲν</strong></span> <span class='ocrx_word' id='word_1_491' title='bbox 333 3975 523 4046; x_wconf 84' lang='grc' dir='ltr'>Τριάδι</span> <span class='ocrx_word' id='word_1_492' title='bbox 572 3976 983 4046; x_wconf 79' lang='grc' dir='ltr'>μαρτυρουμένη</span> <span class='ocrx_word' id='word_1_493' title='bbox 1014 4017 1029 4038; x_wconf 92' lang='grc'><strong>,</strong></span> <span class='ocrx_word' id='word_1_494' title='bbox 1070 3977 1198 4055; x_wconf 38' lang='lat' dir='ltr'><strong>ei]:</strong></span> <span class='ocrx_word' id='word_1_495' title='bbox 1209 3977 1429 4048; x_wconf 83' lang='grc' dir='ltr'>ἑνότητα</span> <span class='ocrx_word' id='word_1_496' title='bbox 1456 3979 1552 4048; x_wconf 76' lang='grc' dir='ltr'>τῆς</span> <span class='ocrx_word' id='word_1_497' title='bbox 1599 3979 1809 4048; x_wconf 78' lang='grc' dir='ltr'>φύσεως</span> 
     </span>
    </p>
   </div>
   <div class='ocr_carea' id='block_1_70' title="bbox 241 4066 1809 4142">
    <p class='ocr_par' dir='ltr' id='par_1_70' title="bbox 241 4066 1809 4142">
     <span class='ocr_line' id='line_1_70' title="bbox 241 4066 1809 4142; baseline 0.004 -24"><span class='ocrx_word' id='word_1_498' title='bbox 241 4066 480 4136; x_wconf 76' lang='grc' dir='ltr'>βεϐαιοῖ·</span> <span class='ocrx_word' id='word_1_499' title='bbox 519 4069 598 4120; x_wconf 89' lang='grc' dir='ltr'>ὃτι</span> <span class='ocrx_word' id='word_1_500' title='bbox 629 4085 735 4139; x_wconf 80' lang='grc' dir='ltr'><strong>περ</strong></span> <span class='ocrx_word' id='word_1_501' title='bbox 764 4068 858 4121; x_wconf 77' lang='grc' dir='ltr'><strong>καὶ</strong></span> <span class='ocrx_word' id='word_1_502' title='bbox 889 4069 1016 4121; x_wconf 84' lang='grc' dir='ltr'>ίδιον</span> <span class='ocrx_word' id='word_1_503' title='bbox 1052 4069 1148 4139; x_wconf 83' lang='grc' dir='ltr'><strong>μὲν</strong></span> <span class='ocrx_word' id='word_1_504' title='bbox 1178 4071 1386 4142; x_wconf 85' lang='grc' dir='ltr'>Πατρὸς</span> <span class='ocrx_word' id='word_1_505' title='bbox 1416 4072 1554 4125; x_wconf 89' lang='grc' dir='ltr'><strong>κατά</strong></span> <span class='ocrx_word' id='word_1_506' title='bbox 1586 4072 1664 4137; x_wconf 77' lang='grc' dir='ltr'>τὸ,</span> <span class='ocrx_word' id='word_1_507' title='bbox 1706 4069 1809 4138; x_wconf 76' lang='grc' dir='ltr'><strong>Εἷς</strong></span> 
     </span>
    </p>
   </div>
   <div class='ocr_carea' id='block_1_71' title="bbox 241 4157 1807 4232">
    <p class='ocr_par' dir='ltr' id='par_1_71' title="bbox 241 4157 1807 4232">
     <span class='ocr_line' id='line_1_71' title="bbox 241 4157 1807 4232; baseline 0.003 -21"><span class='ocrx_word' id='word_1_508' title='bbox 241 4157 390 4224; x_wconf 72' lang='grc' dir='ltr'>Θεὸς</span> <span class='ocrx_word' id='word_1_509' title='bbox 415 4162 448 4212; x_wconf 83' lang='grc' dir='ltr'><strong>ό</strong></span> <span class='ocrx_word' id='word_1_510' title='bbox 475 4158 673 4227; x_wconf 79' lang='grc' dir='ltr'>Πατήρ</span> <span class='ocrx_word' id='word_1_511' title='bbox 693 4176 705 4188; x_wconf 78' lang='lat'><strong><em>°</em></strong></span> <span class='ocrx_word' id='word_1_512' title='bbox 729 4159 986 4231; x_wconf 79' lang='grc' dir='ltr'>Πατρῷον</span> <span class='ocrx_word' id='word_1_513' title='bbox 1015 4159 1071 4213; x_wconf 84' lang='grc' dir='ltr'><strong>δὲ</strong></span> <span class='ocrx_word' id='word_1_514' title='bbox 1099 4159 1175 4231; x_wconf 82' lang='grc' dir='ltr'><strong>τῷ</strong></span> <span class='ocrx_word' id='word_1_515' title='bbox 1205 4162 1337 4232; x_wconf 83' lang='grc' dir='ltr'>Υίῴ,</span> <span class='ocrx_word' id='word_1_516' title='bbox 1374 4162 1514 4216; x_wconf 83' lang='grc' dir='ltr'><strong>κατά</strong></span> <span class='ocrx_word' id='word_1_517' title='bbox 1543 4163 1626 4226; x_wconf 88' lang='grc' dir='ltr'><strong>τὸ,</strong></span> <span class='ocrx_word' id='word_1_518' title='bbox 1663 4163 1807 4228; x_wconf 79' lang='grc' dir='ltr'>Θεὸς</span> 
     </span>
    </p>
   </div>
   <div class='ocr_carea' id='block_1_72' title="bbox 235 4245 1807 4324">
    <p class='ocr_par' dir='ltr' id='par_1_72' title="bbox 235 4245 1807 4324">
     <span class='ocr_line' id='line_1_72' title="bbox 235 4245 1807 4324; baseline 0.003 -22"><span class='ocrx_word' id='word_1_519' title='bbox 235 4245 324 4319; x_wconf 81' lang='grc' dir='ltr'><strong>ἦν</strong></span> <span class='ocrx_word' id='word_1_520' title='bbox 342 4253 374 4303; x_wconf 86' lang='grc' dir='ltr'><em>ὁ</em></span> <span class='ocrx_word' id='word_1_521' title='bbox 405 4252 614 4319; x_wconf 78' lang='grc' dir='ltr'>λόγος’</span> <span class='ocrx_word' id='word_1_522' title='bbox 650 4249 744 4303; x_wconf 70' lang='grc' dir='ltr'>καὶ</span> <span class='ocrx_word' id='word_1_523' title='bbox 774 4250 852 4321; x_wconf 82' lang='grc' dir='ltr'>τῷ</span> <span class='ocrx_word' id='word_1_524' title='bbox 885 4250 1157 4321; x_wconf 76' lang='grc' dir='ltr'>Πνεῦματι</span> <span class='ocrx_word' id='word_1_525' title='bbox 1185 4252 1238 4304; x_wconf 78' lang='grc' dir='ltr'>δὲ</span> <span class='ocrx_word' id='word_1_526' title='bbox 1266 4253 1436 4324; x_wconf 77' lang='grc' dir='ltr'>παρὸν</span> <span class='ocrx_word' id='word_1_527' title='bbox 1461 4254 1716 4320; x_wconf 79' lang='grc' dir='ltr'>φυσικῶς,</span> <span class='ocrx_word' id='word_1_528' title='bbox 1749 4253 1807 4306; x_wconf 85' lang='grc' dir='ltr'><strong>τὸ</strong></span> 
     </span>
    </p>
   </div>
   <div class='ocr_carea' id='block_1_73' title="bbox 238 4337 1805 4417">
    <p class='ocr_par' dir='ltr' id='par_1_73' title="bbox 238 4337 1805 4417">
     <span class='ocr_line' id='line_1_73' title="bbox 238 4337 1805 4417; baseline 0.001 -25"><span class='ocrx_word' id='word_1_529' title='bbox 238 4337 470 4408; x_wconf 78' lang='grc' dir='ltr'>Πνεῦμα</span> <span class='ocrx_word' id='word_1_530' title='bbox 500 4339 632 4392; x_wconf 83' lang='grc' dir='ltr'>Θεοῦ</span> <span class='ocrx_word' id='word_1_531' title='bbox 662 4338 944 4410; x_wconf 82' lang='grc' dir='ltr'>ὑπάρχειν,</span> <span class='ocrx_word' id='word_1_532' title='bbox 986 4342 1106 4395; x_wconf 87' lang='grc' dir='ltr'>καθ’</span> <span class='ocrx_word' id='word_1_533' title='bbox 1131 4342 1159 4394; x_wconf 87' lang='grc' dir='ltr'><strong>ὂ</strong></span> <span class='ocrx_word' id='word_1_534' title='bbox 1196 4341 1339 4409; x_wconf 83' lang='grc' dir='ltr'>λέγει</span> <span class='ocrx_word' id='word_1_535' title='bbox 1371 4342 1611 4417; x_wconf 61' lang='grc' dir='ltr'>Παῦλοςζ</span> <span class='ocrx_word' id='word_1_536' title='bbox 1648 4342 1805 4408; x_wconf 75' lang='grc' dir='ltr'>Ναὸς</span> 
     </span>
    </p>
   </div>
   <div class='ocr_carea' id='block_1_74' title="bbox 242 4431 1800 4504">
    <p class='ocr_par' dir='ltr' id='par_1_74' title="bbox 242 4431 1800 4504">
     <span class='ocr_line' id='line_1_74' title="bbox 242 4431 1800 4504; baseline 0 -18"><span class='ocrx_word' id='word_1_537' title='bbox 242 4431 394 4486; x_wconf 86' lang='grc' dir='ltr'>Θεοῦ</span> <span class='ocrx_word' id='word_1_538' title='bbox 417 4432 574 4496; x_wconf 87' lang='grc' dir='ltr'>ἐστε,</span> <span class='ocrx_word' id='word_1_539' title='bbox 604 4431 700 4484; x_wconf 74' lang='grc' dir='ltr'><strong>καὶ</strong></span> <span class='ocrx_word' id='word_1_540' title='bbox 722 4431 786 4485; x_wconf 87' lang='grc' dir='ltr'>τὸ</span> <span class='ocrx_word' id='word_1_541' title='bbox 811 4433 1053 4502; x_wconf 76' lang='grc' dir='ltr'>Πνεῦμα</span> <span class='ocrx_word' id='word_1_542' title='bbox 1084 4433 1188 4486; x_wconf 87' lang='grc' dir='ltr'><strong>τοῦ</strong></span> <span class='ocrx_word' id='word_1_543' title='bbox 1217 4433 1361 4487; x_wconf 84' lang='grc' dir='ltr'>Θεοῦ</span> <span class='ocrx_word' id='word_1_544' title='bbox 1387 4434 1535 4487; x_wconf 78' lang='grc' dir='ltr'>οἰκ-εἴ</span> <span class='ocrx_word' id='word_1_545' title='bbox 1554 4435 1622 4487; x_wconf 78' lang='grc' dir='ltr'><strong>ἐν</strong></span> <span class='ocrx_word' id='word_1_546' title='bbox 1642 4434 1800 4504; x_wconf 81' lang='grc' dir='ltr'>ὑμῖν.</span> 
     </span>
    </p>
   </div>
   <div class='ocr_carea' id='block_1_75' title="bbox 313 4522 1805 4596">
    <p class='ocr_par' dir='ltr' id='par_1_75' title="bbox 313 4522 1805 4596">
     <span class='ocr_line' id='line_1_75' title="bbox 313 4522 1805 4596; baseline 0.001 -21"><span class='ocrx_word' id='word_1_547' title='bbox 313 4522 605 4594; x_wconf 85' lang='grc' dir='ltr'>Πρόσωπον</span> <span class='ocrx_word' id='word_1_548' title='bbox 664 4523 760 4594; x_wconf 80' lang='grc' dir='ltr'><strong>μὲν</strong></span> <span class='ocrx_word' id='word_1_549' title='bbox 807 4523 917 4596; x_wconf 81' lang='grc' dir='ltr'><strong>γάρ</strong></span> <span class='ocrx_word' id='word_1_550' title='bbox 969 4525 1216 4588; x_wconf 78' lang='grc' dir='ltr'>ἑκάστου,</span> <span class='ocrx_word' id='word_1_551' title='bbox 1260 4524 1320 4578; x_wconf 85' lang='grc' dir='ltr'><strong>τὸ</strong></span> <span class='ocrx_word' id='word_1_552' title='bbox 1357 4522 1494 4578; x_wconf 77' lang='grc' dir='ltr'>εἶναι</span> <span class='ocrx_word' id='word_1_553' title='bbox 1537 4525 1666 4578; x_wconf 78' lang='grc' dir='ltr'>αὐτὸ</span> <span class='ocrx_word' id='word_1_554' title='bbox 1712 4524 1805 4578; x_wconf 74' lang='grc' dir='ltr'><strong>καὶ</strong></span> 
     </span>
    </p>
   </div>
   <div class='ocr_carea' id='block_1_76' title="bbox 239 4614 1802 4688">
    <p class='ocr_par' dir='ltr' id='par_1_76' title="bbox 239 4614 1802 4688">
     <span class='ocr_line' id='line_1_76' title="bbox 239 4614 1802 4688; baseline -0.002 -18"><span class='ocrx_word' id='word_1_555' title='bbox 239 4614 538 4686; x_wconf 80' lang='grc' dir='ltr'>ὑφεστάναι</span> <span class='ocrx_word' id='word_1_556' title='bbox 567 4615 739 4686; x_wconf 78' lang='grc' dir='ltr'>δηλοῖ’</span> <span class='ocrx_word' id='word_1_557' title='bbox 777 4615 962 4685; x_wconf 81' lang='grc' dir='ltr'>θεότης</span> <span class='ocrx_word' id='word_1_558' title='bbox 994 4617 1051 4670; x_wconf 80' lang='grc' dir='ltr'><strong>δὲ</strong></span> <span class='ocrx_word' id='word_1_559' title='bbox 1093 4617 1301 4688; x_wconf 84' lang='grc' dir='ltr'>Πατρὸς</span> <span class='ocrx_word' id='word_1_560' title='bbox 1331 4618 1456 4670; x_wconf 81' lang='grc' dir='ltr'>ίδιον</span> <span class='ocrx_word' id='word_1_561' title='bbox 1475 4634 1488 4647; x_wconf 90' lang='grc'><strong>·</strong></span> <span class='ocrx_word' id='word_1_562' title='bbox 1524 4619 1616 4670; x_wconf 78' lang='grc' dir='ltr'><strong>καὶ</strong></span> <span class='ocrx_word' id='word_1_563' title='bbox 1642 4616 1802 4669; x_wconf 84' lang='grc' dir='ltr'>ὁπότε</span> 
     </span>
    </p>
   </div>
   <div class='ocr_carea' id='block_1_77' title="bbox 241 4707 1800 4779">
    <p class='ocr_par' dir='ltr' id='par_1_77' title="bbox 241 4707 1800 4779">
     <span class='ocr_line' id='line_1_77' title="bbox 241 4707 1800 4779; baseline 0 -19"><span class='ocrx_word' id='word_1_564' title='bbox 241 4707 344 4779; x_wconf 83' lang='grc' dir='ltr'><strong>μία</strong></span> <span class='ocrx_word' id='word_1_565' title='bbox 367 4707 476 4760; x_wconf 92' lang='grc' dir='ltr'><strong>τῶν</strong></span> <span class='ocrx_word' id='word_1_566' title='bbox 495 4707 656 4778; x_wconf 85' lang='grc' dir='ltr'>τριῶν</span> <span class='ocrx_word' id='word_1_567' title='bbox 678 4710 710 4778; x_wconf 80' lang='grc' dir='ltr'><strong>η</strong></span> <span class='ocrx_word' id='word_1_568' title='bbox 740 4707 928 4778; x_wconf 87' lang='grc' dir='ltr'>θεότης</span> <span class='ocrx_word' id='word_1_569' title='bbox 959 4707 1183 4776; x_wconf 84' lang='grc' dir='ltr'>λέγοιτο,</span> <span class='ocrx_word' id='word_1_570' title='bbox 1218 4709 1314 4778; x_wconf 81' lang='grc' dir='ltr'>τὴν</span> <span class='ocrx_word' id='word_1_571' title='bbox 1338 4709 1544 4779; x_wconf 82' lang='grc' dir='ltr'>Πατρὸς</span> <span class='ocrx_word' id='word_1_572' title='bbox 1567 4707 1800 4779; x_wconf 88' lang='grc' dir='ltr'>ίδιότητα</span> 
     </span>
    </p>
   </div>
   <div class='ocr_carea' id='block_1_78' title="bbox 238 4798 1802 4870">
    <p class='ocr_par' dir='ltr' id='par_1_78' title="bbox 238 4798 1802 4870">
     <span class='ocr_line' id='line_1_78' title="bbox 238 4798 1802 4870; baseline 0.002 -18"><span class='ocrx_word' id='word_1_573' title='bbox 238 4799 524 4870; x_wconf 84' lang='grc' dir='ltr'>παροῦσαν</span> <span class='ocrx_word' id='word_1_574' title='bbox 567 4798 679 4868; x_wconf 81' lang='grc' dir='ltr'>Υἱῷ</span> <span class='ocrx_word' id='word_1_575' title='bbox 708 4816 768 4851; x_wconf 90' lang='grc' dir='ltr'><strong>τε</strong></span> <span class='ocrx_word' id='word_1_576' title='bbox 803 4800 895 4852; x_wconf 80' lang='grc' dir='ltr'><strong>καὶ</strong></span> <span class='ocrx_word' id='word_1_577' title='bbox 930 4800 1204 4870; x_wconf 83' lang='grc' dir='ltr'>Πνεύματι</span> <span class='ocrx_word' id='word_1_578' title='bbox 1236 4802 1528 4870; x_wconf 75' lang='grc' dir='ltr'>μαρτυρεῖο</span> <span class='ocrx_word' id='word_1_579' title='bbox 1578 4799 1714 4852; x_wconf 87' lang='grc' dir='ltr'>ῶστε</span> <span class='ocrx_word' id='word_1_580' title='bbox 1752 4803 1802 4855; x_wconf 82' lang='grc' dir='ltr'>εἰ</span> 
     </span>
    </p>
   </div>
   <div class='ocr_carea' id='block_1_79' title="bbox 242 4889 1800 4963">
    <p class='ocr_par' dir='ltr' id='par_1_79' title="bbox 242 4889 1800 4963">
     <span class='ocr_line' id='line_1_79' title="bbox 242 4889 1800 4963; baseline 0.003 -22"><span class='ocrx_word' id='word_1_581' title='bbox 242 4892 342 4961; x_wconf 82' lang='grc' dir='ltr'>μὲν</span> <span class='ocrx_word' id='word_1_582' title='bbox 371 4891 429 4942; x_wconf 85' lang='grc' dir='ltr'>ὲν</span> <span class='ocrx_word' id='word_1_583' title='bbox 450 4890 594 4960; x_wconf 71' lang='grc' dir='ltr'>τρισὶ</span> <span class='ocrx_word' id='word_1_584' title='bbox 619 4889 932 4963; x_wconf 86' lang='grc' dir='ltr'>Προσώποις</span> <span class='ocrx_word' id='word_1_585' title='bbox 959 4892 1055 4962; x_wconf 89' lang='grc' dir='ltr'><strong>μία</strong></span> <span class='ocrx_word' id='word_1_586' title='bbox 1097 4891 1386 4962; x_wconf 77' lang='grc' dir='ltr'>ῥηθήσεται</span> <span class='ocrx_word' id='word_1_587' title='bbox 1409 4893 1440 4962; x_wconf 82' lang='grc' dir='ltr'><strong>ὴ</strong></span> <span class='ocrx_word' id='word_1_588' title='bbox 1481 4890 1684 4961; x_wconf 87' lang='grc' dir='ltr'>θεότης,</span> <span class='ocrx_word' id='word_1_589' title='bbox 1707 4894 1800 4946; x_wconf 73' lang='grc' dir='ltr'>καὶ</span> 
     </span>
    </p>
   </div>
   <div class='ocr_carea' id='block_1_80' title="bbox 241 4980 1800 5052">
    <p class='ocr_par' dir='ltr' id='par_1_80' title="bbox 241 4980 1800 5052">
     <span class='ocr_line' id='line_1_80' title="bbox 241 4980 1800 5052; baseline 0.001 -19"><span class='ocrx_word' id='word_1_590' title='bbox 241 4983 277 5052; x_wconf 74' lang='grc' dir='ltr'><strong>ἡ</strong></span> <span class='ocrx_word' id='word_1_591' title='bbox 305 4980 473 5052; x_wconf 55' lang='lat' dir='ltr'><strong>me;</strong></span> <span class='ocrx_word' id='word_1_592' title='bbox 498 4980 890 5034; x_wconf 75' lang='grc' dir='ltr'>διαϐεϐαιοῦται</span> <span class='ocrx_word' id='word_1_593' title='bbox 921 4982 1011 5035; x_wconf 73' lang='grc' dir='ltr'><strong>καὶ</strong></span> <span class='ocrx_word' id='word_1_594' title='bbox 1040 4981 1099 5036; x_wconf 82' lang='grc' dir='ltr'><strong>τὸ</strong></span> <span class='ocrx_word' id='word_1_595' title='bbox 1131 4980 1188 5033; x_wconf 84' lang='grc' dir='ltr'>ἓν</span> <span class='ocrx_word' id='word_1_596' title='bbox 1226 4981 1286 5032; x_wconf 82' lang='grc' dir='ltr'><strong>οὑ</strong></span> <span class='ocrx_word' id='word_1_597' title='bbox 1314 4981 1678 5042; x_wconf 84' lang='grc' dir='ltr'>διακόπτεται,</span> <span class='ocrx_word' id='word_1_598' title='bbox 1709 4983 1800 5035; x_wconf 73' lang='grc' dir='ltr'><strong>καὶ</strong></span> 
     </span>
    </p>
   </div>
   <div class='ocr_carea' id='block_1_81' title="bbox 240 5071 1799 5143">
    <p class='ocr_par' dir='ltr' id='par_1_81' title="bbox 240 5071 1799 5143">
     <span class='ocr_line' id='line_1_81' title="bbox 240 5071 1799 5143; baseline 0.003 -21"><span class='ocrx_word' id='word_1_599' title='bbox 240 5072 276 5141; x_wconf 81' lang='grc' dir='ltr'><strong>ή</strong></span> <span class='ocrx_word' id='word_1_600' title='bbox 319 5071 452 5143; x_wconf 76' lang='grc' dir='ltr'>πρὸς</span> <span class='ocrx_word' id='word_1_601' title='bbox 483 5072 572 5123; x_wconf 71' lang='grc' dir='ltr'><strong>τὸν</strong></span> <span class='ocrx_word' id='word_1_602' title='bbox 603 5072 819 5143; x_wconf 84' lang='grc' dir='ltr'>Πατέρα</span> <span class='ocrx_word' id='word_1_603' title='bbox 859 5072 1059 5143; x_wconf 81' lang='grc' dir='ltr'>φυσικὴ</span> <span class='ocrx_word' id='word_1_604' title='bbox 1092 5071 1220 5124; x_wconf 86' lang='grc' dir='ltr'>Υἱοῦ</span> <span class='ocrx_word' id='word_1_605' title='bbox 1251 5089 1310 5123; x_wconf 93' lang='grc' dir='ltr'><strong>τε</strong></span> <span class='ocrx_word' id='word_1_606' title='bbox 1354 5071 1445 5125; x_wconf 73' lang='grc' dir='ltr'><strong>καὶ</strong></span> <span class='ocrx_word' id='word_1_607' title='bbox 1487 5072 1799 5142; x_wconf 82' lang='grc' dir='ltr'>Πνεῦματος</span> 
     </span>
    </p>
   </div>
   <div class='ocr_carea' id='block_1_82' title="bbox 240 5163 1796 5235">
    <p class='ocr_par' dir='ltr' id='par_1_82' title="bbox 240 5163 1796 5235">
     <span class='ocr_line' id='line_1_82' title="bbox 240 5163 1796 5235; baseline 0.001 -21"><span class='ocrx_word' id='word_1_608' title='bbox 240 5163 432 5232; x_wconf 70' lang='grc' dir='ltr'>ἑνότης</span> <span class='ocrx_word' id='word_1_609' title='bbox 455 5163 791 5232; x_wconf 86' lang='grc' dir='ltr'>ὁμολογεῖται</span> <span class='ocrx_word' id='word_1_610' title='bbox 813 5181 827 5195; x_wconf 88' lang='grc'><strong>·</strong></span> <span class='ocrx_word' id='word_1_611' title='bbox 857 5165 903 5215; x_wconf 80' lang='grc' dir='ltr'><strong>εί</strong></span> <span class='ocrx_word' id='word_1_612' title='bbox 925 5164 982 5216; x_wconf 79' lang='grc' dir='ltr'>δὲ</span> <span class='ocrx_word' id='word_1_613' title='bbox 1009 5164 1101 5215; x_wconf 77' lang='grc' dir='ltr'><strong>καὶ</strong></span> <span class='ocrx_word' id='word_1_614' title='bbox 1125 5163 1417 5235; x_wconf 81' lang='grc' dir='ltr'>Πρόσωπον</span> <span class='ocrx_word' id='word_1_615' title='bbox 1439 5165 1496 5215; x_wconf 79' lang='grc' dir='ltr'>ἓν</span> <span class='ocrx_word' id='word_1_616' title='bbox 1522 5163 1667 5232; x_wconf 81' lang='grc' dir='ltr'>λέγει</span> <span class='ocrx_word' id='word_1_617' title='bbox 1695 5181 1796 5227; x_wconf 84' lang='grc' dir='ltr'>τις,</span> 
     </span>
    </p>
   </div>
   <div class='ocr_carea' id='block_1_83' title="bbox 315 5359 1754 5435">
    <p class='ocr_par' dir='ltr' id='par_1_83' title="bbox 315 5359 1754 5435">
     <span class='ocr_line' id='line_1_83' title="bbox 315 5359 1754 5435; baseline 0.008 -22"><span class='ocrx_word' id='word_1_618' title='bbox 315 5361 333 5390; x_wconf 77' lang='grc'>⁸</span> <span class='ocrx_word' id='word_1_619' title='bbox 366 5361 386 5414; x_wconf 92' lang='grc'><strong>1</strong></span> <span class='ocrx_word' id='word_1_620' title='bbox 417 5359 542 5416; x_wconf 91' lang='lat' dir='ltr'><strong>Cor.</strong></span> <span class='ocrx_word' id='word_1_621' title='bbox 570 5379 687 5430; x_wconf 88' lang='lat' dir='ltr'><strong>vm,</strong></span> <span class='ocrx_word' id='word_1_622' title='bbox 723 5364 774 5417; x_wconf 89' lang='lat'><strong>6.</strong></span> <span class='ocrx_word' id='word_1_623' title='bbox 853 5367 872 5396; x_wconf 81' lang='lat'><strong>’</strong></span> <span class='ocrx_word' id='word_1_624' title='bbox 899 5364 1054 5421; x_wconf 87' lang='lat' dir='ltr'><strong>Joan.</strong></span> <span class='ocrx_word' id='word_1_625' title='bbox 1090 5384 1127 5434; x_wconf 90' lang='grc' dir='ltr'><strong>ι,</strong></span> <span class='ocrx_word' id='word_1_626' title='bbox 1167 5369 1213 5421; x_wconf 82' lang='lat' dir='ltr'><strong>l.</strong></span> <span class='ocrx_word' id='word_1_627' title='bbox 1292 5369 1310 5398; x_wconf 84' lang='grc'><strong><em>⁸</em></strong></span> <span class='ocrx_word' id='word_1_628' title='bbox 1345 5367 1362 5421; x_wconf 93' lang='lat' dir='ltr'><strong>l</strong></span> <span class='ocrx_word' id='word_1_629' title='bbox 1397 5369 1522 5424; x_wconf 73' lang='lat' dir='ltr'><strong>(lor.</strong></span> <span class='ocrx_word' id='word_1_630' title='bbox 1559 5385 1640 5435; x_wconf 85' lang='lat' dir='ltr'><strong>Ill,</strong></span> <span class='ocrx_word' id='word_1_631' title='bbox 1673 5368 1754 5425; x_wconf 82' lang='grc'><strong>16.</strong></span> 
     </span>
    </p>
   </div>
   <div class='ocr_carea' id='block_1_84' title="bbox 266 5539 1791 5622">
    <p class='ocr_par' dir='ltr' id='par_1_84' title="bbox 266 5539 1791 5622">
     <span class='ocr_line' id='line_1_84' title="bbox 266 5539 1791 5622; baseline 0.005 -30"><span class='ocrx_word' id='word_1_632' title='bbox 266 5610 276 5620; x_wconf 42' lang='grc'><em>,</em></span> <span class='ocrx_word' id='word_1_633' title='bbox 311 5539 793 5622; x_wconf 66' lang='lat' dir='ltr'><strong>(2)tEconomiam</strong></span> <span class='ocrx_word' id='word_1_634' title='bbox 841 5542 927 5622; x_wconf 84' lang='lat' dir='ltr'><strong>hic</strong></span> <span class='ocrx_word' id='word_1_635' title='bbox 965 5551 1320 5622; x_wconf 64' lang='lat' dir='ltr'><strong>vocattotum</strong></span> <span class='ocrx_word' id='word_1_636' title='bbox 1362 5557 1497 5612; x_wconf 89' lang='lat' dir='ltr'><strong>opus</strong></span> <span class='ocrx_word' id='word_1_637' title='bbox 1535 5553 1587 5597; x_wconf 87' lang='lat' dir='ltr'><strong>et</strong></span> <span class='ocrx_word' id='word_1_638' title='bbox 1633 5559 1791 5616; x_wconf 72' lang='lat' dir='ltr'><strong>nego-</strong></span> 
     </span>
    </p>
   </div>
   <div class='ocr_carea' id='block_1_85' title="bbox 241 5613 1658 5684">
    <p class='ocr_par' dir='ltr' id='par_1_85' title="bbox 241 5613 1658 5684">
     <span class='ocr_line' id='line_1_85' title="bbox 241 5613 1658 5684; baseline 0 -17"><span class='ocrx_word' id='word_1_639' title='bbox 241 5613 375 5667; x_wconf 83' lang='lat' dir='ltr'><strong>tium</strong></span> <span class='ocrx_word' id='word_1_640' title='bbox 410 5613 794 5668; x_wconf 80' lang='lat' dir='ltr'><strong>incarnationis</strong></span> <span class='ocrx_word' id='word_1_641' title='bbox 821 5620 873 5668; x_wconf 90' lang='lat' dir='ltr'><strong>et</strong></span> <span class='ocrx_word' id='word_1_642' title='bbox 891 5613 1267 5684; x_wconf 83' lang='lat' dir='ltr'><strong>redemptionis</strong></span> <span class='ocrx_word' id='word_1_643' title='bbox 1295 5628 1388 5682; x_wconf 91' lang='lat' dir='ltr'><strong>per</strong></span> <span class='ocrx_word' id='word_1_644' title='bbox 1418 5629 1658 5670; x_wconf 84' lang='lat' dir='ltr'><strong>carnem.</strong></span> 
     </span>
    </p>
   </div>
   <div class='ocr_carea' id='block_1_86' title="bbox 1916 2969 3464 3055">
    <p class='ocr_par' dir='ltr' id='par_1_86' title="bbox 1916 2969 3464 3055">
     <span class='ocr_line' id='line_1_86' title="bbox 1916 2969 3464 3055; baseline -0.001 -29"><span class='ocrx_word' id='word_1_645' title='bbox 1916 2973 2142 3027; x_wconf 87' lang='lat' dir='ltr'><strong>nitatem</strong></span> <span class='ocrx_word' id='word_1_646' title='bbox 2186 2971 2537 3037; x_wconf 86' lang='lat' dir='ltr'><strong>meditantur,</strong></span> <span class='ocrx_word' id='word_1_647' title='bbox 2588 2971 2679 3055; x_wconf 77' lang='lat' dir='ltr'><strong>qui</strong></span> <span class='ocrx_word' id='word_1_648' title='bbox 2721 2969 2987 3025; x_wconf 87' lang='lat' dir='ltr'><strong>allirmant</strong></span> <span class='ocrx_word' id='word_1_649' title='bbox 3032 2983 3137 3023; x_wconf 92' lang='lat' dir='ltr'><strong>non</strong></span> <span class='ocrx_word' id='word_1_650' title='bbox 3188 2983 3308 3024; x_wconf 90' lang='lat' dir='ltr'><strong>esse</strong></span> <span class='ocrx_word' id='word_1_651' title='bbox 3355 2978 3464 3024; x_wconf 81' lang='lat' dir='ltr'><strong>tres</strong></span> 
     </span>
    </p>
   </div>
   <div class='ocr_carea' id='block_1_87' title="bbox 1913 3057 3466 3132">
    <p class='ocr_par' dir='ltr' id='par_1_87' title="bbox 1913 3057 3466 3132">
     <span class='ocr_line' id='line_1_87' title="bbox 1913 3057 3466 3132; baseline -0.003 -16"><span class='ocrx_word' id='word_1_652' title='bbox 1913 3061 2203 3126; x_wconf 84' lang='lat' dir='ltr'><strong>Personas,</strong></span> <span class='ocrx_word' id='word_1_653' title='bbox 2229 3073 2287 3116; x_wconf 91' lang='lat' dir='ltr'><strong>ut</strong></span> <span class='ocrx_word' id='word_1_654' title='bbox 2317 3062 2408 3132; x_wconf 92' lang='lat' dir='ltr'><strong>qui</strong></span> <span class='ocrx_word' id='word_1_655' title='bbox 2434 3075 2720 3130; x_wconf 86' lang='lat' dir='ltr'><strong>personam</strong></span> <span class='ocrx_word' id='word_1_656' title='bbox 2752 3075 2858 3112; x_wconf 90' lang='lat' dir='ltr'><strong>non</strong></span> <span class='ocrx_word' id='word_1_657' title='bbox 2884 3057 3264 3114; x_wconf 83' lang='lat' dir='ltr'><strong>subsistentem</strong></span> <span class='ocrx_word' id='word_1_658' title='bbox 3295 3057 3466 3115; x_wconf 86' lang='lat' dir='ltr'><strong>intro-</strong></span> 
     </span>
    </p>
   </div>
   <div class='ocr_carea' id='block_1_88' title="bbox 1913 3151 3465 3221">
    <p class='ocr_par' dir='ltr' id='par_1_88' title="bbox 1913 3151 3465 3221">
     <span class='ocr_line' id='line_1_88' title="bbox 1913 3151 3465 3221; baseline -0.005 -11"><span class='ocrx_word' id='word_1_659' title='bbox 1913 3155 2138 3212; x_wconf 88' lang='lat' dir='ltr'><strong>ducunt.</strong></span> <span class='ocrx_word' id='word_1_660' title='bbox 2168 3153 2434 3221; x_wconf 86' lang='lat' dir='ltr'><strong>Quocirca</strong></span> <span class='ocrx_word' id='word_1_661' title='bbox 2452 3153 2742 3208; x_wconf 86' lang='lat' dir='ltr'><strong>Sabellium</strong></span> <span class='ocrx_word' id='word_1_662' title='bbox 2776 3151 3031 3221; x_wconf 81' lang='lat' dir='ltr'><strong>fugimus,</strong></span> <span class='ocrx_word' id='word_1_663' title='bbox 3055 3151 3147 3221; x_wconf 93' lang='lat' dir='ltr'><strong>qui</strong></span> <span class='ocrx_word' id='word_1_664' title='bbox 3170 3151 3296 3206; x_wconf 88' lang='lat' dir='ltr'><strong>dicit</strong></span> <span class='ocrx_word' id='word_1_665' title='bbox 3319 3165 3465 3205; x_wconf 84' lang='lat' dir='ltr'><strong>eum-</strong></span> 
     </span>
    </p>
   </div>
   <div class='ocr_carea' id='block_1_89' title="bbox 1911 3237 3465 3314">
    <p class='ocr_par' dir='ltr' id='par_1_89' title="bbox 1911 3237 3465 3314">
     <span class='ocr_line' id='line_1_89' title="bbox 1911 3237 3465 3314; baseline -0.004 -11"><span class='ocrx_word' id='word_1_666' title='bbox 1911 3247 2036 3303; x_wconf 88' lang='lat' dir='ltr'><strong>dem</strong></span> <span class='ocrx_word' id='word_1_667' title='bbox 2077 3262 2198 3302; x_wconf 88' lang='lat' dir='ltr'><strong>esse</strong></span> <span class='ocrx_word' id='word_1_668' title='bbox 2239 3247 2451 3302; x_wconf 89' lang='lat' dir='ltr'><strong>Patrem</strong></span> <span class='ocrx_word' id='word_1_669' title='bbox 2493 3255 2546 3302; x_wconf 89' lang='lat' dir='ltr'><strong>et</strong></span> <span class='ocrx_word' id='word_1_670' title='bbox 2574 3245 2808 3300; x_wconf 86' lang='lat' dir='ltr'><strong>Filium:</strong></span> <span class='ocrx_word' id='word_1_671' title='bbox 2844 3243 3055 3299; x_wconf 85' lang='lat' dir='ltr'><strong>Patrem</strong></span> <span class='ocrx_word' id='word_1_672' title='bbox 3078 3237 3292 3314; x_wconf 87' lang='lat' dir='ltr'><strong>quidem</strong></span> <span class='ocrx_word' id='word_1_673' title='bbox 3332 3243 3465 3298; x_wconf 82' lang='lat' dir='ltr'><strong>dicit</strong></span> 
     </span>
    </p>
   </div>
   <div class='ocr_carea' id='block_1_90' title="bbox 1911 3333 3463 3410">
    <p class='ocr_par' dir='ltr' id='par_1_90' title="bbox 1911 3333 3463 3410">
     <span class='ocr_line' id='line_1_90' title="bbox 1911 3333 3463 3410; baseline -0.005 -14"><span class='ocrx_word' id='word_1_674' title='bbox 1911 3355 2037 3397; x_wconf 90' lang='lat' dir='ltr'><strong>eum</strong></span> <span class='ocrx_word' id='word_1_675' title='bbox 2086 3341 2178 3410; x_wconf 90' lang='lat' dir='ltr'><strong>qui</strong></span> <span class='ocrx_word' id='word_1_676' title='bbox 2212 3340 2472 3409; x_wconf 89' lang='lat' dir='ltr'><strong>loquitur,</strong></span> <span class='ocrx_word' id='word_1_677' title='bbox 2507 3337 2702 3392; x_wconf 88' lang='lat' dir='ltr'><strong>Filium</strong></span> <span class='ocrx_word' id='word_1_678' title='bbox 2749 3351 2880 3392; x_wconf 85' lang='lat' dir='ltr'><strong>vero</strong></span> <span class='ocrx_word' id='word_1_679' title='bbox 2919 3335 3154 3391; x_wconf 85' lang='lat' dir='ltr'><strong>Verbum</strong></span> <span class='ocrx_word' id='word_1_680' title='bbox 3207 3335 3259 3389; x_wconf 91' lang='lat' dir='ltr'><strong>in</strong></span> <span class='ocrx_word' id='word_1_681' title='bbox 3303 3333 3463 3390; x_wconf 87' lang='lat' dir='ltr'><strong>Patre</strong></span> 
     </span>
    </p>
   </div>
   <div class='ocr_carea' id='block_1_91' title="bbox 1913 3425 3462 3499">
    <p class='ocr_par' dir='ltr' id='par_1_91' title="bbox 1913 3425 3462 3499">
     <span class='ocr_line' id='line_1_91' title="bbox 1913 3425 3462 3499; baseline -0.005 -13"><span class='ocrx_word' id='word_1_682' title='bbox 1913 3447 2160 3498; x_wconf 85' lang='lat' dir='ltr'><strong>manens,</strong></span> <span class='ocrx_word' id='word_1_683' title='bbox 2189 3441 2241 3486; x_wconf 90' lang='lat' dir='ltr'><strong>et</strong></span> <span class='ocrx_word' id='word_1_684' title='bbox 2263 3441 2503 3499; x_wconf 90' lang='lat' dir='ltr'><strong>tempore</strong></span> <span class='ocrx_word' id='word_1_685' title='bbox 2529 3427 2819 3483; x_wconf 88' lang='lat' dir='ltr'><strong>creationis</strong></span> <span class='ocrx_word' id='word_1_686' title='bbox 2847 3426 3194 3497; x_wconf 80' lang='lat' dir='ltr'><strong>patefactum,</strong></span> <span class='ocrx_word' id='word_1_687' title='bbox 3223 3425 3462 3495; x_wconf 89' lang='lat' dir='ltr'><strong>comple-</strong></span> 
     </span>
    </p>
   </div>
   <div class='ocr_carea' id='block_1_92' title="bbox 1911 3515 3463 3586">
    <p class='ocr_par' dir='ltr' id='par_1_92' title="bbox 1911 3515 3463 3586">
     <span class='ocr_line' id='line_1_92' title="bbox 1911 3515 3463 3586; baseline -0.005 -8"><span class='ocrx_word' id='word_1_688' title='bbox 1911 3525 1982 3580; x_wconf 87' lang='lat' dir='ltr'><strong>tis</strong></span> <span class='ocrx_word' id='word_1_689' title='bbox 2012 3540 2138 3578; x_wconf 91' lang='lat' dir='ltr'><strong>vero</strong></span> <span class='ocrx_word' id='word_1_690' title='bbox 2166 3524 2328 3576; x_wconf 91' lang='lat' dir='ltr'><strong>rebus</strong></span> <span class='ocrx_word' id='word_1_691' title='bbox 2353 3522 2405 3574; x_wconf 93' lang='lat' dir='ltr'><strong>in</strong></span> <span class='ocrx_word' id='word_1_692' title='bbox 2439 3521 2602 3575; x_wconf 85' lang='lat' dir='ltr'><strong>Deum</strong></span> <span class='ocrx_word' id='word_1_693' title='bbox 2629 3535 2893 3574; x_wconf 89' lang='lat' dir='ltr'><strong>remeans.</strong></span> <span class='ocrx_word' id='word_1_694' title='bbox 2924 3517 3064 3572; x_wconf 85' lang='lat' dir='ltr'><strong>Idem</strong></span> <span class='ocrx_word' id='word_1_695' title='bbox 3089 3517 3221 3571; x_wconf 91' lang='lat' dir='ltr'><strong>dicit</strong></span> <span class='ocrx_word' id='word_1_696' title='bbox 3248 3517 3313 3570; x_wconf 91' lang='lat' dir='ltr'><strong>de</strong></span> <span class='ocrx_word' id='word_1_697' title='bbox 3345 3515 3463 3586; x_wconf 84' lang='lat' dir='ltr'><strong>Spi-</strong></span> 
     </span>
    </p>
   </div>
   <div class='ocr_carea' id='block_1_93' title="bbox 1909 3607 3458 3668">
    <p class='ocr_par' dir='ltr' id='par_1_93' title="bbox 1909 3607 3458 3668">
     <span class='ocr_line' id='line_1_93' title="bbox 1909 3607 3458 3668; baseline -0.004 0"><span class='ocrx_word' id='word_1_698' title='bbox 1909 3614 2018 3668; x_wconf 88' lang='lat' dir='ltr'><strong>ritu</strong></span> <span class='ocrx_word' id='word_1_699' title='bbox 2041 3622 2247 3668; x_wconf 89' lang='lat' dir='ltr'><strong>sancto.</strong></span> <span class='ocrx_word' id='word_1_700' title='bbox 2279 3611 2386 3665; x_wconf 86' lang='lat' dir='ltr'><strong>Nos</strong></span> <span class='ocrx_word' id='word_1_701' title='bbox 2407 3611 2548 3664; x_wconf 87' lang='lat' dir='ltr'><strong>enim</strong></span> <span class='ocrx_word' id='word_1_702' title='bbox 2574 3611 2844 3664; x_wconf 90' lang='lat' dir='ltr'><strong>credimus</strong></span> <span class='ocrx_word' id='word_1_703' title='bbox 2866 3618 2974 3664; x_wconf 90' lang='lat' dir='ltr'><strong>tres</strong></span> <span class='ocrx_word' id='word_1_704' title='bbox 3002 3607 3264 3662; x_wconf 84' lang='lat' dir='ltr'><strong>Personas</strong></span> <span class='ocrx_word' id='word_1_705' title='bbox 3294 3623 3458 3662; x_wconf 89' lang='lat' dir='ltr'><strong>unam</strong></span> 
     </span>
    </p>
   </div>
   <div class='ocr_carea' id='block_1_94' title="bbox 1911 3700 3460 3764">
    <p class='ocr_par' dir='ltr' id='par_1_94' title="bbox 1911 3700 3460 3764">
     <span class='ocr_line' id='line_1_94' title="bbox 1911 3700 3460 3764; baseline -0.003 -6"><span class='ocrx_word' id='word_1_706' title='bbox 1911 3706 2168 3760; x_wconf 88' lang='lat' dir='ltr'><strong>habentes</strong></span> <span class='ocrx_word' id='word_1_707' title='bbox 2194 3704 2524 3758; x_wconf 89' lang='lat' dir='ltr'><strong>divinitatem</strong></span> <span class='ocrx_word' id='word_1_708' title='bbox 2559 3702 2817 3756; x_wconf 87' lang='lat' dir='ltr'><strong>declarari</strong></span> <span class='ocrx_word' id='word_1_709' title='bbox 2847 3700 3156 3753; x_wconf 79' lang='lat' dir='ltr'><strong>nominibus</strong></span> <span class='ocrx_word' id='word_1_710' title='bbox 3184 3700 3377 3764; x_wconf 80' lang='lat' dir='ltr'><strong>Patris,</strong></span> <span class='ocrx_word' id='word_1_711' title='bbox 3404 3708 3460 3754; x_wconf 82' lang='lat' dir='ltr'><strong>et</strong></span> 
     </span>
    </p>
   </div>
   <div class='ocr_carea' id='block_1_95' title="bbox 1909 3790 3458 3885">
    <p class='ocr_par' dir='ltr' id='par_1_95' title="bbox 1909 3790 3458 3885">
     <span class='ocr_line' id='line_1_95' title="bbox 1909 3790 3458 3885; baseline -0.003 -37"><span class='ocrx_word' id='word_1_712' title='bbox 1909 3793 2052 3858; x_wconf 86' lang='lat' dir='ltr'><strong>Filii,</strong></span> <span class='ocrx_word' id='word_1_713' title='bbox 2086 3803 2140 3849; x_wconf 88' lang='lat' dir='ltr'><strong>et</strong></span> <span class='ocrx_word' id='word_1_714' title='bbox 2169 3794 2401 3863; x_wconf 89' lang='lat' dir='ltr'><strong>Spiritus</strong></span> <span class='ocrx_word' id='word_1_715' title='bbox 2431 3793 2633 3847; x_wconf 91' lang='lat' dir='ltr'><strong>sancti:</strong></span> <span class='ocrx_word' id='word_1_716' title='bbox 2666 3808 2770 3845; x_wconf 89' lang='lat' dir='ltr'><strong>una</strong></span> <span class='ocrx_word' id='word_1_717' title='bbox 2802 3791 3064 3860; x_wconf 88' lang='lat' dir='ltr'><strong>siquidem</strong></span> <span class='ocrx_word' id='word_1_718' title='bbox 3093 3790 3341 3885; x_wconf 56' lang='lat' dir='ltr'><strong>divinitas</strong></span> <span class='ocrx_word' id='word_1_719' title='bbox 3368 3804 3458 3844; x_wconf 84' lang='lat' dir='ltr'><strong>na-</strong></span> 
     </span>
    </p>
   </div>
   <div class='ocr_carea' id='block_1_96' title="bbox 1909 3883 3458 3946">
    <p class='ocr_par' dir='ltr' id='par_1_96' title="bbox 1909 3883 3458 3946">
     <span class='ocr_line' id='line_1_96' title="bbox 1909 3883 3458 3946; baseline -0.003 -5"><span class='ocrx_word' id='word_1_720' title='bbox 1909 3887 2156 3942; x_wconf 87' lang='lat' dir='ltr'><strong>turaliter</strong></span> <span class='ocrx_word' id='word_1_721' title='bbox 2186 3886 2240 3939; x_wconf 93' lang='lat' dir='ltr'><strong>in</strong></span> <span class='ocrx_word' id='word_1_722' title='bbox 2264 3883 2524 3938; x_wconf 87' lang='lat' dir='ltr'><strong>Trinitate</strong></span> <span class='ocrx_word' id='word_1_723' title='bbox 2554 3891 2767 3946; x_wconf 88' lang='lat' dir='ltr'><strong>testata,</strong></span> <span class='ocrx_word' id='word_1_724' title='bbox 2797 3883 3054 3935; x_wconf 83' lang='lat' dir='ltr'><strong>unitatem</strong></span> <span class='ocrx_word' id='word_1_725' title='bbox 3089 3883 3294 3936; x_wconf 74' lang='lat' dir='ltr'><strong>natura:</strong></span> <span class='ocrx_word' id='word_1_726' title='bbox 3327 3897 3458 3937; x_wconf 85' lang='lat' dir='ltr'><strong>con-</strong></span> 
     </span>
    </p>
   </div>
   <div class='ocr_carea' id='block_1_97' title="bbox 1910 3970 3458 4044">
    <p class='ocr_par' dir='ltr' id='par_1_97' title="bbox 1910 3970 3458 4044">
     <span class='ocr_line' id='line_1_97' title="bbox 1910 3970 3458 4044; baseline -0.003 -14"><span class='ocrx_word' id='word_1_727' title='bbox 1910 3976 2104 4030; x_wconf 82' lang='lat' dir='ltr'><strong>ﬁrmat.</strong></span> <span class='ocrx_word' id='word_1_728' title='bbox 2141 3974 2236 4030; x_wconf 84' lang='lat' dir='ltr'><strong>Est</strong></span> <span class='ocrx_word' id='word_1_729' title='bbox 2267 3973 2408 4027; x_wconf 89' lang='lat' dir='ltr'><strong>enim</strong></span> <span class='ocrx_word' id='word_1_730' title='bbox 2436 3972 2708 4044; x_wconf 88' lang='lat' dir='ltr'><strong>proprium</strong></span> <span class='ocrx_word' id='word_1_731' title='bbox 2735 3971 2950 4040; x_wconf 88' lang='lat' dir='ltr'><strong>quidem</strong></span> <span class='ocrx_word' id='word_1_732' title='bbox 2982 3970 3178 4033; x_wconf 89' lang='lat' dir='ltr'><strong>Patris,</strong></span> <span class='ocrx_word' id='word_1_733' title='bbox 3213 3972 3365 4040; x_wconf 84' lang='lat' dir='ltr'><strong>juxta</strong></span> <span class='ocrx_word' id='word_1_734' title='bbox 3394 3972 3458 4026; x_wconf 88' lang='lat' dir='ltr'><strong>il-</strong></span> 
     </span>
    </p>
   </div>
   <div class='ocr_carea' id='block_1_98' title="bbox 1909 4061 3460 4133">
    <p class='ocr_par' dir='ltr' id='par_1_98' title="bbox 1909 4061 3460 4133">
     <span class='ocr_line' id='line_1_98' title="bbox 1909 4061 3460 4133; baseline -0.002 -10"><span class='ocrx_word' id='word_1_735' title='bbox 1909 4068 1998 4123; x_wconf 89' lang='lat' dir='ltr'><strong>lud</strong></span> <span class='ocrx_word' id='word_1_736' title='bbox 2029 4087 2042 4122; x_wconf 89' lang='lat'>:</span> <span class='ocrx_word' id='word_1_737' title='bbox 2073 4067 2214 4122; x_wconf 82' lang='lat' dir='ltr'><strong>Unus</strong></span> <span class='ocrx_word' id='word_1_738' title='bbox 2253 4065 2388 4119; x_wconf 83' lang='lat' dir='ltr'><strong>Deus</strong></span> <span class='ocrx_word' id='word_1_739' title='bbox 2429 4064 2654 4130; x_wconf 71' lang='lat' dir='ltr'><strong>Pater‘;</strong></span> <span class='ocrx_word' id='word_1_740' title='bbox 2687 4063 2959 4133; x_wconf 89' lang='lat' dir='ltr'><strong>proprium</strong></span> <span class='ocrx_word' id='word_1_741' title='bbox 3002 4078 3126 4116; x_wconf 83' lang='lat' dir='ltr'><strong>vero</strong></span> <span class='ocrx_word' id='word_1_742' title='bbox 3163 4061 3304 4128; x_wconf 84' lang='lat' dir='ltr'><strong>Filii,</strong></span> <span class='ocrx_word' id='word_1_743' title='bbox 3335 4079 3460 4120; x_wconf 79' lang='lat' dir='ltr'><strong>esse</strong></span> 
     </span>
    </p>
   </div>
   <div class='ocr_carea' id='block_1_99' title="bbox 1909 4153 3452 4228">
    <p class='ocr_par' dir='ltr' id='par_1_99' title="bbox 1909 4153 3452 4228">
     <span class='ocr_line' id='line_1_99' title="bbox 1909 4153 3452 4228; baseline -0.004 -15"><span class='ocrx_word' id='word_1_744' title='bbox 1909 4159 2144 4214; x_wconf 78' lang='lat' dir='ltr'><strong>Verbum</strong></span> <span class='ocrx_word' id='word_1_745' title='bbox 2181 4159 2377 4224; x_wconf 84' lang='lat' dir='ltr'><strong>Patris,</strong></span> <span class='ocrx_word' id='word_1_746' title='bbox 2421 4157 2572 4228; x_wconf 80' lang='lat' dir='ltr'><strong>juxta</strong></span> <span class='ocrx_word' id='word_1_747' title='bbox 2608 4155 2737 4210; x_wconf 87' lang='lat' dir='ltr'><strong>illud</strong></span> <span class='ocrx_word' id='word_1_748' title='bbox 2777 4175 2789 4210; x_wconf 89' lang='lat'>:</span> <span class='ocrx_word' id='word_1_749' title='bbox 2828 4154 2967 4208; x_wconf 83' lang='lat' dir='ltr'><strong>Deus</strong></span> <span class='ocrx_word' id='word_1_750' title='bbox 2998 4165 3108 4208; x_wconf 86' lang='lat' dir='ltr'><strong>erat</strong></span> <span class='ocrx_word' id='word_1_751' title='bbox 3157 4153 3452 4221; x_wconf 78' lang='lat' dir='ltr'><strong>Verbum&#39;;</strong></span> 
     </span>
    </p>
   </div>
   <div class='ocr_carea' id='block_1_100' title="bbox 1836 4219 3457 4319">
    <p class='ocr_par' dir='ltr' id='par_1_100' title="bbox 1836 4219 3457 4319">
     <span class='ocr_line' id='line_1_100' title="bbox 1836 4219 3457 4319; baseline -0.003 -15"><span class='ocrx_word' id='word_1_752' title='bbox 1836 4219 1884 4278; x_wconf 72' lang='grc' dir='ltr'><strong><em>υ</em></strong></span> <span class='ocrx_word' id='word_1_753' title='bbox 1908 4262 1960 4304; x_wconf 88' lang='lat' dir='ltr'><strong>et</strong></span> <span class='ocrx_word' id='word_1_754' title='bbox 1991 4250 2222 4319; x_wconf 86' lang='lat' dir='ltr'><strong>Spiritus</strong></span> <span class='ocrx_word' id='word_1_755' title='bbox 2255 4219 2438 4304; x_wconf 40' lang='lat' dir='ltr'><strong>sancti.</strong></span> <span class='ocrx_word' id='word_1_756' title='bbox 2456 4247 2731 4317; x_wconf 90' lang='lat' dir='ltr'><strong>proprium</strong></span> <span class='ocrx_word' id='word_1_757' title='bbox 2773 4254 2825 4300; x_wconf 88' lang='lat' dir='ltr'><strong>et</strong></span> <span class='ocrx_word' id='word_1_758' title='bbox 2865 4247 3109 4301; x_wconf 90' lang='lat' dir='ltr'><strong>naturale</strong></span> <span class='ocrx_word' id='word_1_759' title='bbox 3139 4261 3257 4301; x_wconf 91' lang='lat' dir='ltr'><strong>esse</strong></span> <span class='ocrx_word' id='word_1_760' title='bbox 3287 4219 3457 4315; x_wconf 36' lang='lat' dir='ltr'><strong>Spirii-</strong></span> 
     </span>
    </p>
   </div>
   <div class='ocr_carea' id='block_1_101' title="bbox 1909 4335 3456 4406">
    <p class='ocr_par' dir='ltr' id='par_1_101' title="bbox 1909 4335 3456 4406">
     <span class='ocr_line' id='line_1_101' title="bbox 1909 4335 3456 4406; baseline -0.003 -10"><span class='ocrx_word' id='word_1_761' title='bbox 1909 4351 2020 4396; x_wconf 90' lang='lat' dir='ltr'><strong>tum</strong></span> <span class='ocrx_word' id='word_1_762' title='bbox 2061 4340 2173 4404; x_wconf 89' lang='lat' dir='ltr'><strong>Dei,</strong></span> <span class='ocrx_word' id='word_1_763' title='bbox 2223 4343 2362 4395; x_wconf 87' lang='lat' dir='ltr'><strong>sicut</strong></span> <span class='ocrx_word' id='word_1_764' title='bbox 2391 4340 2464 4394; x_wconf 91' lang='lat' dir='ltr'><strong>ait</strong></span> <span class='ocrx_word' id='word_1_765' title='bbox 2496 4338 2694 4392; x_wconf 88' lang='lat' dir='ltr'><strong>Paulus</strong></span> <span class='ocrx_word' id='word_1_766' title='bbox 2727 4355 2738 4390; x_wconf 94' lang='lat'>:</span> <span class='ocrx_word' id='word_1_767' title='bbox 2771 4337 3038 4406; x_wconf 82' lang='lat' dir='ltr'><strong>Templum</strong></span> <span class='ocrx_word' id='word_1_768' title='bbox 3081 4335 3176 4390; x_wconf 87' lang='lat' dir='ltr'><strong>Dei</strong></span> <span class='ocrx_word' id='word_1_769' title='bbox 3216 4339 3363 4402; x_wconf 79' lang='lat' dir='ltr'><strong>estis,</strong></span> <span class='ocrx_word' id='word_1_770' title='bbox 3404 4345 3456 4392; x_wconf 84' lang='lat' dir='ltr'><strong>et</strong></span> 
     </span>
    </p>
   </div>
   <div class='ocr_carea' id='block_1_102' title="bbox 1908 4429 2805 4501">
    <p class='ocr_par' dir='ltr' id='par_1_102' title="bbox 1908 4429 2805 4501">
     <span class='ocr_line' id='line_1_102' title="bbox 1908 4429 2805 4501; baseline -0.002 -15"><span class='ocrx_word' id='word_1_771' title='bbox 1908 4430 2141 4501; x_wconf 77' lang='lat' dir='ltr'><strong>Spiritus</strong></span> <span class='ocrx_word' id='word_1_772' title='bbox 2174 4431 2271 4485; x_wconf 87' lang='lat' dir='ltr'><strong>Dei</strong></span> <span class='ocrx_word' id='word_1_773' title='bbox 2298 4431 2498 4484; x_wconf 81' lang='lat' dir='ltr'><strong>habitat</strong></span> <span class='ocrx_word' id='word_1_774' title='bbox 2522 4431 2575 4483; x_wconf 82' lang='lat' dir='ltr'><strong>in</strong></span> <span class='ocrx_word' id='word_1_775' title='bbox 2606 4430 2744 4482; x_wconf 84' lang='lat' dir='ltr'><strong>vobis</strong></span> <span class='ocrx_word' id='word_1_776' title='bbox 2769 4429 2805 4484; x_wconf 88' lang='grc'><strong>³.</strong></span> 
     </span>
    </p>
   </div>
   <div class='ocr_carea' id='block_1_103' title="bbox 1973 4519 3449 4591">
    <p class='ocr_par' dir='ltr' id='par_1_103' title="bbox 1973 4519 3449 4591">
     <span class='ocr_line' id='line_1_103' title="bbox 1973 4519 3449 4591; baseline 0.001 -18"><span class='ocrx_word' id='word_1_777' title='bbox 1973 4519 2210 4575; x_wconf 89' lang='lat' dir='ltr'><strong>Persona</strong></span> <span class='ocrx_word' id='word_1_778' title='bbox 2231 4521 2371 4574; x_wconf 90' lang='lat' dir='ltr'><strong>enim</strong></span> <span class='ocrx_word' id='word_1_779' title='bbox 2395 4519 2821 4587; x_wconf 77' lang='lat' dir='ltr'><strong>uniuscujusque</strong></span> <span class='ocrx_word' id='word_1_780' title='bbox 2864 4519 3236 4575; x_wconf 78' lang='lat' dir='ltr'><strong>declaratesse</strong></span> <span class='ocrx_word' id='word_1_781' title='bbox 3253 4520 3449 4591; x_wconf 87' lang='lat' dir='ltr'><strong>ipsum,</strong></span> 
     </span>
    </p>
   </div>
   <div class='ocr_carea' id='block_1_104' title="bbox 1902 4611 3454 4684">
    <p class='ocr_par' dir='ltr' id='par_1_104' title="bbox 1902 4611 3454 4684">
     <span class='ocr_line' id='line_1_104' title="bbox 1902 4611 3454 4684; baseline -0.002 -15"><span class='ocrx_word' id='word_1_782' title='bbox 1902 4623 1957 4669; x_wconf 90' lang='lat' dir='ltr'><strong>et</strong></span> <span class='ocrx_word' id='word_1_783' title='bbox 1973 4629 2068 4684; x_wconf 87' lang='lat' dir='ltr'><strong>per</strong></span> <span class='ocrx_word' id='word_1_784' title='bbox 2082 4628 2139 4668; x_wconf 91' lang='lat' dir='ltr'><strong>se</strong></span> <span class='ocrx_word' id='word_1_785' title='bbox 2156 4613 2434 4668; x_wconf 80' lang='lat' dir='ltr'><strong>exsistere.</strong></span> <span class='ocrx_word' id='word_1_786' title='bbox 2458 4611 2719 4666; x_wconf 87' lang='lat' dir='ltr'><strong>Divinitas</strong></span> <span class='ocrx_word' id='word_1_787' title='bbox 2741 4621 2917 4665; x_wconf 90' lang='lat' dir='ltr'><strong>autem</strong></span> <span class='ocrx_word' id='word_1_788' title='bbox 2937 4611 3134 4677; x_wconf 89' lang='lat' dir='ltr'><strong>Patris,</strong></span> <span class='ocrx_word' id='word_1_789' title='bbox 3153 4615 3454 4684; x_wconf 74' lang='lat' dir='ltr'><strong>proprium,</strong></span> 
     </span>
    </p>
   </div>
   <div class='ocr_carea' id='block_1_105' title="bbox 1905 4701 3452 4775">
    <p class='ocr_par' dir='ltr' id='par_1_105' title="bbox 1905 4701 3452 4775">
     <span class='ocr_line' id='line_1_105' title="bbox 1905 4701 3452 4775; baseline -0.001 -15"><span class='ocrx_word' id='word_1_790' title='bbox 1905 4715 1960 4760; x_wconf 86' lang='lat' dir='ltr'><strong>et</strong></span> <span class='ocrx_word' id='word_1_791' title='bbox 1986 4701 2202 4775; x_wconf 72' lang='lat' dir='ltr'><strong>quando</strong></span> <span class='ocrx_word' id='word_1_792' title='bbox 2231 4720 2337 4759; x_wconf 89' lang='lat' dir='ltr'><strong>una</strong></span> <span class='ocrx_word' id='word_1_793' title='bbox 2364 4704 2619 4757; x_wconf 90' lang='lat' dir='ltr'><strong>divinitas</strong></span> <span class='ocrx_word' id='word_1_794' title='bbox 2642 4704 2803 4757; x_wconf 91' lang='lat' dir='ltr'><strong>trium</strong></span> <span class='ocrx_word' id='word_1_795' title='bbox 2833 4703 3050 4769; x_wconf 91' lang='lat' dir='ltr'><strong>dicitur,</strong></span> <span class='ocrx_word' id='word_1_796' title='bbox 3082 4706 3452 4760; x_wconf 87' lang='lat' dir='ltr'><strong>testimonium</strong></span> 
     </span>
    </p>
   </div>
   <div class='ocr_carea' id='block_1_106' title="bbox 1905 4793 3452 4866">
    <p class='ocr_par' dir='ltr' id='par_1_106' title="bbox 1905 4793 3452 4866">
     <span class='ocr_line' id='line_1_106' title="bbox 1905 4793 3452 4866; baseline 0 -14"><span class='ocrx_word' id='word_1_797' title='bbox 1905 4797 2084 4863; x_wconf 89' lang='lat' dir='ltr'><strong>datur,</strong></span> <span class='ocrx_word' id='word_1_798' title='bbox 2125 4810 2244 4851; x_wconf 83' lang='lat' dir='ltr'><strong>esse</strong></span> <span class='ocrx_word' id='word_1_799' title='bbox 2279 4796 2659 4866; x_wconf 86' lang='lat' dir='ltr'><strong>proprietatem</strong></span> <span class='ocrx_word' id='word_1_800' title='bbox 2707 4793 2882 4850; x_wconf 83' lang='lat' dir='ltr'><strong>Patris</strong></span> <span class='ocrx_word' id='word_1_801' title='bbox 2916 4796 2968 4850; x_wconf 90' lang='lat' dir='ltr'><strong>in</strong></span> <span class='ocrx_word' id='word_1_802' title='bbox 3001 4795 3138 4850; x_wconf 85' lang='lat' dir='ltr'><strong>Filio</strong></span> <span class='ocrx_word' id='word_1_803' title='bbox 3166 4805 3220 4850; x_wconf 87' lang='lat' dir='ltr'><strong>et</strong></span> <span class='ocrx_word' id='word_1_804' title='bbox 3248 4796 3452 4866; x_wconf 90' lang='lat' dir='ltr'><strong>Spiritu</strong></span> 
     </span>
    </p>
   </div>
   <div class='ocr_carea' id='block_1_107' title="bbox 1904 4886 3452 4958">
    <p class='ocr_par' dir='ltr' id='par_1_107' title="bbox 1904 4886 3452 4958">
     <span class='ocr_line' id='line_1_107' title="bbox 1904 4886 3452 4958; baseline -0.001 -14"><span class='ocrx_word' id='word_1_805' title='bbox 1904 4898 2092 4944; x_wconf 85' lang='lat' dir='ltr'><strong>sancto</strong></span> <span class='ocrx_word' id='word_1_806' title='bbox 2108 4888 2206 4958; x_wconf 76' lang='lat'><strong>(5).</strong></span> <span class='ocrx_word' id='word_1_807' title='bbox 2235 4888 2412 4953; x_wconf 86' lang='lat' dir='ltr'><strong>Quare</strong></span> <span class='ocrx_word' id='word_1_808' title='bbox 2434 4887 2476 4941; x_wconf 93' lang='lat' dir='ltr'><strong>si</strong></span> <span class='ocrx_word' id='word_1_809' title='bbox 2502 4903 2606 4941; x_wconf 93' lang='lat' dir='ltr'><strong>una</strong></span> <span class='ocrx_word' id='word_1_810' title='bbox 2639 4887 2893 4941; x_wconf 90' lang='lat' dir='ltr'><strong>divinitas</strong></span> <span class='ocrx_word' id='word_1_811' title='bbox 2923 4887 2974 4940; x_wconf 93' lang='lat' dir='ltr'><strong>in</strong></span> <span class='ocrx_word' id='word_1_812' title='bbox 3005 4887 3175 4942; x_wconf 89' lang='lat' dir='ltr'><strong>tribus</strong></span> <span class='ocrx_word' id='word_1_813' title='bbox 3201 4886 3452 4943; x_wconf 85' lang='lat' dir='ltr'><strong>Personis</strong></span> 
     </span>
    </p>
   </div>
   <div class='ocr_carea' id='block_1_108' title="bbox 1903 4978 3450 5048">
    <p class='ocr_par' dir='ltr' id='par_1_108' title="bbox 1903 4978 3450 5048">
     <span class='ocr_line' id='line_1_108' title="bbox 1903 4978 3450 5048; baseline -0.001 -14"><span class='ocrx_word' id='word_1_814' title='bbox 1903 4981 2121 5044; x_wconf 87' lang='lat' dir='ltr'><strong>dicitur,</strong></span> <span class='ocrx_word' id='word_1_815' title='bbox 2147 4979 2384 5033; x_wconf 86' lang='lat' dir='ltr'><strong>Trinitas</strong></span> <span class='ocrx_word' id='word_1_816' title='bbox 2403 4978 2716 5043; x_wconf 86' lang='lat' dir='ltr'><strong>allirmatur,</strong></span> <span class='ocrx_word' id='word_1_817' title='bbox 2747 4989 2800 5034; x_wconf 93' lang='lat' dir='ltr'><strong>et</strong></span> <span class='ocrx_word' id='word_1_818' title='bbox 2821 4981 3000 5035; x_wconf 90' lang='lat' dir='ltr'><strong>unitas</strong></span> <span class='ocrx_word' id='word_1_819' title='bbox 3023 4993 3126 5033; x_wconf 93' lang='lat' dir='ltr'><strong>non</strong></span> <span class='ocrx_word' id='word_1_820' title='bbox 3152 4979 3450 5048; x_wconf 87' lang='lat' dir='ltr'><strong>scinditur;</strong></span> 
     </span>
    </p>
   </div>
   <div class='ocr_carea' id='block_1_109' title="bbox 1901 5069 3449 5142">
    <p class='ocr_par' dir='ltr' id='par_1_109' title="bbox 1901 5069 3449 5142">
     <span class='ocr_line' id='line_1_109' title="bbox 1901 5069 3449 5142; baseline -0.002 -16"><span class='ocrx_word' id='word_1_821' title='bbox 1901 5081 1956 5126; x_wconf 89' lang='lat' dir='ltr'><strong>et</strong></span> <span class='ocrx_word' id='word_1_822' title='bbox 1987 5072 2168 5126; x_wconf 90' lang='lat' dir='ltr'><strong>unitas</strong></span> <span class='ocrx_word' id='word_1_823' title='bbox 2200 5071 2460 5125; x_wconf 89' lang='lat' dir='ltr'><strong>naturalis</strong></span> <span class='ocrx_word' id='word_1_824' title='bbox 2493 5071 2612 5125; x_wconf 88' lang='lat' dir='ltr'><strong>Filii</strong></span> <span class='ocrx_word' id='word_1_825' title='bbox 2637 5081 2690 5127; x_wconf 91' lang='lat' dir='ltr'><strong>et</strong></span> <span class='ocrx_word' id='word_1_826' title='bbox 2718 5070 2953 5142; x_wconf 91' lang='lat' dir='ltr'><strong>Spiritus</strong></span> <span class='ocrx_word' id='word_1_827' title='bbox 2988 5071 3161 5125; x_wconf 93' lang='lat' dir='ltr'><strong>sancti</strong></span> <span class='ocrx_word' id='word_1_828' title='bbox 3192 5086 3314 5125; x_wconf 90' lang='lat' dir='ltr'><strong>cum</strong></span> <span class='ocrx_word' id='word_1_829' title='bbox 3341 5069 3449 5124; x_wconf 83' lang='lat' dir='ltr'><strong>Pa-</strong></span> 
     </span>
    </p>
   </div>
   <div class='ocr_carea' id='block_1_110' title="bbox 1902 5161 3447 5234">
    <p class='ocr_par' dir='ltr' id='par_1_110' title="bbox 1902 5161 3447 5234">
     <span class='ocr_line' id='line_1_110' title="bbox 1902 5161 3447 5234; baseline -0.002 -16"><span class='ocrx_word' id='word_1_830' title='bbox 1902 5173 1982 5219; x_wconf 88' lang='lat' dir='ltr'><strong>tre</strong></span> <span class='ocrx_word' id='word_1_831' title='bbox 2013 5165 2358 5234; x_wconf 73' lang='lat' dir='ltr'><strong>prtedicatur.</strong></span> <span class='ocrx_word' id='word_1_832' title='bbox 2394 5164 2447 5218; x_wconf 83' lang='lat' dir='ltr'><strong>Si</strong></span> <span class='ocrx_word' id='word_1_833' title='bbox 2471 5165 2595 5234; x_wconf 88' lang='lat' dir='ltr'><strong>quis</strong></span> <span class='ocrx_word' id='word_1_834' title='bbox 2625 5180 2752 5218; x_wconf 85' lang='lat' dir='ltr'><strong>vero</strong></span> <span class='ocrx_word' id='word_1_835' title='bbox 2781 5163 2924 5218; x_wconf 85' lang='lat' dir='ltr'><strong>dicat</strong></span> <span class='ocrx_word' id='word_1_836' title='bbox 2948 5177 3106 5216; x_wconf 91' lang='lat' dir='ltr'><strong>unam</strong></span> <span class='ocrx_word' id='word_1_837' title='bbox 3135 5161 3447 5226; x_wconf 88' lang='lat' dir='ltr'><strong>Personam,</strong></span> 
     </span>
    </p>
   </div>
   <div class='ocr_carea' id='block_1_111' title="bbox 1971 5539 3442 5619">
    <p class='ocr_par' dir='ltr' id='par_1_111' title="bbox 1971 5539 3442 5619">
     <span class='ocr_line' id='line_1_111' title="bbox 1971 5539 3442 5619; baseline -0.003 -20"><span class='ocrx_word' id='word_1_838' title='bbox 1971 5544 2047 5619; x_wconf 79' lang='lat'><strong>(&#39;5)</strong></span> <span class='ocrx_word' id='word_1_839' title='bbox 2094 5543 2474 5619; x_wconf 70' lang='lat' dir='ltr'><strong>Proprietatem</strong></span> <span class='ocrx_word' id='word_1_840' title='bbox 2521 5542 2716 5619; x_wconf 82' lang='lat' dir='ltr'><strong>Patris,</strong></span> <span class='ocrx_word' id='word_1_841' title='bbox 2766 5551 2920 5619; x_wconf 56' lang='lat' dir='ltr'><strong>vocat</strong></span> <span class='ocrx_word' id='word_1_842' title='bbox 2956 5539 3284 5598; x_wconf 79' lang='lat' dir='ltr'><strong>divinitatem</strong></span> <span class='ocrx_word' id='word_1_843' title='bbox 3317 5559 3442 5619; x_wconf 56' lang='lat' dir='ltr'><strong>pro,</strong></span> 
     </span>
    </p>
   </div>
   <div class='ocr_carea' id='block_1_112' title="bbox 1898 5611 3084 5684">
    <p class='ocr_par' dir='ltr' id='par_1_112' title="bbox 1898 5611 3084 5684">
     <span class='ocr_line' id='line_1_112' title="bbox 1898 5611 3084 5684; baseline -0.003 -16"><span class='ocrx_word' id='word_1_844' title='bbox 1898 5611 2067 5684; x_wconf 86' lang='lat' dir='ltr'><strong>priam</strong></span> <span class='ocrx_word' id='word_1_845' title='bbox 2109 5611 2305 5680; x_wconf 77' lang='lat' dir='ltr'><strong>Patris,</strong></span> <span class='ocrx_word' id='word_1_846' title='bbox 2331 5625 2388 5668; x_wconf 89' lang='lat' dir='ltr'><strong>ut</strong></span> <span class='ocrx_word' id='word_1_847' title='bbox 2419 5615 2577 5684; x_wconf 85' lang='lat' dir='ltr'><strong>paulo</strong></span> <span class='ocrx_word' id='word_1_848' title='bbox 2610 5620 2733 5666; x_wconf 83' lang='lat' dir='ltr'><strong>ante</strong></span> <span class='ocrx_word' id='word_1_849' title='bbox 2756 5611 2958 5667; x_wconf 86' lang='lat' dir='ltr'><strong>dictum</strong></span> <span class='ocrx_word' id='word_1_850' title='bbox 2984 5621 3084 5668; x_wconf 83' lang='lat' dir='ltr'><strong>est.</strong></span> 
     </span>
    </p>
   </div>
  </div>
