3988 6200
453 282 456 285 ’
523 295 658 354 stu

1152 286 1209 342 ε.
1248 284 1573 343 cusooan
1613 280 1969 339 THAUMAT.
2007 277 2157 335 opp.
2197 264 2376 334 PARS
2405 275 2699 334 ALTERA.
2736 306 2806 318 —
2834 273 3060 332 unum.

3589 271 3727 330 lll2

522 413 662 466 sicut
693 421 852 462 unam
887 403 1244 468 divinitatem,
1286 419 1393 458 non
1437 411 1563 458 sunt
1591 412 1845 471 tanquam
1878 413 2068 462 unum,

2187 396 2358 468 ὒσπερ
2389 397 2482 450 καὶ
2500 393 2596 466 τὴν
2625 393 2852 464 θεότητα
2886 390 3014 463 μίαν
3033 430 3048 457 ,
3070 390 3172 446 οὐκ
3199 388 3343 464 εστιν
3363 386 3440 452 ὥς
3464 387 3521 442 ἓν
3546 387 3614 442 τὰ
3637 389 3730 442 δύο

522 503 633 556 duo
671 501 726 554 in
764 512 894 553 uno.
925 495 1125 551 Paulus
1156 495 1297 550 enim
1329 509 1496 548 unum
1537 493 1751 564 quidem
1793 491 2073 547 divinitate

519 592 736 650 Patrem
779 589 996 654 clamat,
1035 603 1202 643 unum
1233 600 1360 640 vero
1394 586 1446 641 in
1477 583 1844 640 dominatione
1875 581 2071 636 Filium

522 685 700 739 dicit:
733 681 876 736 Unus
914 680 1052 734 Deus
1103 679 1268 734 Pater
1309 693 1373 732 ea:
1414 694 1514 748 quo
1567 677 1765 741 omnia,
1810 684 1858 736 et
1898 690 1988 727 nos
2017 674 2072 727 in

520 776 726 836 ipsum;
765 782 814 827 et
855 788 989 826 unus
1031 769 1284 824 Dominus
1318 769 1471 823 Jesus
1512 767 1770 834 Christus,
1813 783 1902 836 per
1924 782 2074 836 quem

523 867 720 932 omnia,
773 876 822 920 et
859 881 953 919 uos
989 879 1081 932 per
1123 863 1294 931 ipsum
1313 860 1355 916 ἕ.
1400 860 1564 931 Igitur
1607 859 1655 915 si
1684 875 1824 914 unus
1857 859 2073 928 quidem

524 958 686 1020 Deus,
737 956 1002 1014 Dominus
1057 970 1187 1010 vero
1235 968 1412 1016 unus,
1463 968 1570 1007 una
1611 961 1789 1006 autem
1815 949 2073 1017 Persona,

525 1048 969 1112 sicutdivinitas,
1001 1046 1164 1101 unius
1203 1043 1614 1108 dominationis;
1650 1041 1924 1113 quomodo
1959 1058 2076 1098 cre-

525 1143 671 1196 ditur
701 1139 853 1205 illud,
877 1154 940 1192 ea:
965 1154 1086 1208 quo,
1111 1147 1163 1193 et
1195 1153 1286 1206 per
1317 1152 1489 1206 quem,
1529 1135 1669 1189 sicut
1693 1134 1842 1202 prius
1868 1133 2076 1188 dictum

527 1233 643 1288 est?
675 1233 744 1286 At
772 1247 874 1286 nos
904 1231 1237 1288 divinitatem
1263 1228 1495 1283 dicimus
1524 1242 1631 1282 non
1669 1233 1982 1295 separantes
2009 1224 2078 1278 ab

526 1338 587 1377 ea
615 1323 1060 1386 dominationem,
1092 1334 1193 1375 nec
1215 1319 1444 1373 alterum
1475 1317 1542 1372 ab
1567 1317 1734 1370 altero
1758 1314 2077 1382 alienantes,

529 1414 623 1470 sed
656 1415 735 1468 sic
756 1413 1130 1484 intelligentes,
1159 1419 1218 1472 ut
1248 1426 1336 1465 res
1358 1409 1520 1464 habet
1539 1417 1592 1463 et
1614 1407 1812 1462 veritas
1843 1424 1856 1460 :
1883 1405 2079 1460 Filium

530 1503 747 1574 quidem
781 1519 1039 1567 vocamus
1066 1502 1234 1558 Deum
1278 1501 1603 1572 proprietate
1628 1499 1804 1554 Patris
1831 1497 1932 1568 (4),
1961 1506 2080 1552 tan-

529 1610 691 1666 quam
741 1595 1035 1670 imaginem
1083 1603 1138 1650 et
1187 1610 1439 1664 germen;
1492 1592 1704 1647 Patrem
1738 1606 1868 1647 vero
1899 1589 2082 1645 Domi-

449 1701 454 1706 '
530 1704 684 1753 num,
733 1689 950 1743 nomine
989 1687 1150 1742 unius
1188 1686 1401 1741 Domini
1433 1685 1785 1755 appellamus,
1823 1692 2080 1754 tanquam

533 1777 698 1846 hujus
728 1776 1052 1846 principium
1086 1784 1139 1830 et
1164 1775 1480 1845 genitorem.

602 1911 800 1982 Eadem
829 1920 1007 1967 autem
1033 1919 1086 1966 et
1109 1910 1176 1965 de
1205 1909 1406 1980 Spiritu
1438 1919 1626 1964 sancto
1660 1910 1921 1967 unitatem
1959 1925 2084 1968 cum

533 2003 670 2058 Filio
700 2005 948 2068 habente,
977 2018 1136 2072 quam
1161 2003 1329 2057 Filius
1353 2004 1654 2058 habetcum
1674 2003 1851 2058 Patre.
1884 2003 2086 2069 Quant-

533 2099 720 2152 obrem
783 2107 1036 2152 noscatur
1087 2097 1394 2166 bypostasis
1456 2096 1668 2161 Patris,
1730 2097 2086 2165 appellatione

534 2185 661 2243 Dei:
693 2203 761 2242 ne
787 2197 1064 2257 separetur
1091 2187 1159 2241 ab
1185 2186 1285 2240 bac
1317 2187 1672 2256 appellatione
1696 2185 1886 2252 Filius,
1911 2197 1968 2240 ut
1993 2186 2087 2255 qui

532 2293 598 2334 ex
640 2278 746 2334 Deo
777 2288 876 2333 est.
919 2277 1184 2333 Noscatur
1211 2279 1372 2333 etiam
1403 2278 1638 2348 Persona
1671 2279 1821 2343 Filii,
1853 2279 2088 2349 appella-

535 2371 680 2436 tione
726 2367 970 2436 Domini;
1009 2385 1077 2425 ne
1119 2378 1398 2439 separetur
1430 2370 1497 2424 ab
1535 2371 1636 2424 hac
1667 2369 1830 2435 Deus,
1867 2369 1960 2438 qui
1993 2368 2090 2423 Do-

536 2463 716 2526 minus
739 2472 821 2519 est
853 2472 912 2518 ut
941 2461 1097 2518 Pater
1123 2463 1335 2518 Domini
1371 2481 1384 2517 :
1417 2465 1557 2518 sicut
1585 2461 1707 2516 Filii
1730 2463 1944 2532 quidem
1966 2476 2092 2531 pro-

536 2557 714 2628 prium
754 2565 838 2612 est
877 2555 1176 2620 dominari;
1227 2556 1321 2625 qui
1372 2571 1467 2625 per
1517 2556 1753 2624 seipsum
1785 2554 2005 2620 creavit,
2039 2562 2093 2608 et

536 2639 732 2706 Creatis
776 2650 1116 2716 dominatur;
1168 2649 1312 2704 Patri
1346 2665 1474 2705 vero
1519 2651 1671 2718 prius
1716 2648 1857 2703 inest
1904 2647 2006 2702 hoc
2035 2656 2094 2702 ut

535 2744 685 2820 Patri
719 2745 1087 2806 dominantis:
1119 2744 1202 2803 sic
1230 2744 1548 2807 Trinitatem
1577 2759 1746 2797 unum
1769 2742 1936 2797 Deum
1961 2740 2095 2796 dici-

539 2855 684 2913 mus,
712 2847 765 2894 et
792 2854 901 2893 non
927 2848 1180 2908 tanquam
1212 2853 1279 2894 ex
1309 2837 1700 2908 compositione
1731 2836 1891 2891 trium
1926 2849 2093 2889 unum

462 2997 472 3006 λ
537 2931 730 3000 damus
765 2948 780 2984 :
821 2944 981 2985 omne
1018 2930 1158 2984 enim
1207 2931 1352 3001 quod
1398 2946 1523 3000 pars
1565 2939 1668 2994 est,
1720 2927 2096 2997 imperfeCtum

537 3019 797 3088 rst,quod
828 3037 895 3075 ex
925 3021 1313 3090 compositione
1343 3020 1616 3084 subsistit;
1637 3017 1883 3088 sedquod
1903 3015 2094 3071 estPa-

2174 491 2230 544 ὲν
2259 487 2338 558 τῷ
2367 489 2477 540 ὲνίο
2514 486 2542 538 6
2577 485 2683 557 γὰρ
2715 484 2924 548 Παῦλος
2962 483 3058 536 ἕνα
3089 482 3184 552 μὲν
3223 480 3314 533 ἐπὶ
3347 480 3446 550 τῆς
3482 477 3732 548 θεότητος

2171 581 2260 635 τὸν
2290 579 2506 650 Πατέρα
2541 577 2672 649 βοᾷ,
2702 577 2796 630 ἕνα
2818 576 2874 629 δὲ
2903 576 2995 629 ἐπὶ
3017 575 3114 645 τῆς
3141 572 3458 644 κυριότητος
3488 570 3578 624 τὸν
3607 571 3730 624 Υἱὸν

2171 675 2356 743 λέγει·
2408 669 2512 738 Εἷς
2545 671 2686 736 Θεὸς
2727 673 2758 724 ό
2790 668 2990 736 Πατὴρ
3029 668 3097 733 ἐξ
3131 663 3202 723 οὗ
3248 663 3320 719 τὰ
3369 663 3581 731 πάντα,
3633 664 3731 716 καὶ

2172 765 2342 834 ἡμεῖς
2374 767 2459 830 εὶς
2480 764 2690 817 αὐτόν·
2727 760 2822 814 καὶ
2843 755 2928 825 εἷς
2951 760 3164 827 Κύριος
3205 757 3441 825 Ἰησοῦς
3461 754 3726 824 Χριστὸς,

2173 858 2248 911 δι’
2285 853 2355 912 οὗ
2389 855 2460 909 τὰ
2491 853 2684 908 πάντα
2703 891 2717 915 ,
2766 852 2863 905 καὶ
2895 850 3063 920 ἡμεῖς
3105 849 3178 903 δι’
3207 846 3418 902 αὐτοῦ’
3449 844 3731 916 τοιγαροῦν

2180 944 2271 1019 [si]
2298 943 2375 1010 εἷς
2405 946 2499 1017 μὲν
2525 943 2675 1008 Θεὸς,
2701 944 2902 1013 Κύριος
2923 942 2978 994 δὲ
2998 937 3096 1005 εἷς,
3129 941 3185 994 ἒν
3210 939 3267 992 δὲ
3290 938 3586 1011 Πρόσωπον
3609 927 3726 989 καθ’

2173 1039 2202 1092 ὃ
2230 1039 2416 1109 θεότης
2448 1039 2572 1108 μιᾶς
2598 1037 2931 1108 κυριότητος,
2979 1035 3072 1088 καὶ
3094 1031 3210 1096 πῶς
3235 1030 3541 1084 πιστεύεται
3564 1030 3626 1082 τὸ
3655 1028 3724 1092 ἐξ

2175 1127 2246 1186 οὗ
2281 1133 2373 1185 καὶ
2396 1131 2468 1184 δι’
2504 1126 2573 1184 οὗ
2602 1130 2676 1193 ὼς
2711 1129 3059 1200 προείρηται;
3109 1125 3218 1177 Kai
3260 1125 3319 1177 οὐ
3362 1123 3733 1183 διακόπτοντες

2175 1225 2336 1292 ἡμεῖς
2381 1222 2479 1292 τῆς
2528 1221 2775 1291 θεότητος
2822 1219 2916 1290 τὴν
2972 1215 3263 1288 κυριότητα
3309 1213 3569 1283 λέγομεν,
3629 1203 3736 1264 οὐδ’.

2179 1311 2657 1382 ἀπαλλοτριοῦντες
2692 1310 2918 1380 θατέρου
2950 1309 3192 1378 θάτερον,
3223 1305 3333 1360 ἀλλ’
3365 1303 3534 1366 οὕτως
3565 1302 3734 1356 ἑνοῦν-

2177 1422 2267 1467 τες
2300 1403 2373 1466 ὡς
2395 1403 2504 1474 ἔχει
2539 1402 2598 1454 τὸ
2628 1403 2856 1473 πρᾶγμα
2886 1400 2979 1453 καὶ
3014 1401 3046 1470 ἡ
3072 1398 3294 1468 ἀλήθεια
3313 1415 3326 1426 ·
3357 1396 3451 1450 καὶ
3476 1395 3607 1448 Θεὸν
3642 1396 3735 1466 μὲν

2178 1496 2267 1549 τὸν
2304 1495 2428 1548 Υἱὸν
2458 1494 2534 1564 τῷ
2577 1492 2822 1571 ἰδιώμριτι
2859 1491 2953 1544 τοῦ
3000 1489 3211 1561 Πατρός
3245 1487 3532 1551 καλοῦντες
3569 1486 3644 1549 ὡς
3671 1487 3738 1537 εἱ-

2180 1587 2310 1642 κόνα
2341 1587 2433 1640 καὶ
2469 1585 2731 1655 γέννημα,
2780 1582 2980 1653 Κύριον
3016 1581 3072 1634 δὲ
3123 1579 3214 1633 τὸν
3265 1578 3479 1649 Πατέρα
3520 1577 3602 1648 τῷ
3645 1577 3735 1631 τοῦ

2184 1677 2299 1739 ἐνὸς
2332 1675 2533 1744 Κυρίου
2560 1672 3047 1744 προσαγορεύοντες
3071 1670 3311 1741 ὀνόματι,
3336 1670 3410 1733 ὡς
3428 1668 3618 1722 τούτου
3646 1669 3738 1740 ἀρ-

2179 1759 2279 1829 χὴν
2314 1756 2407 1810 καὶ
2437 1758 2747 1830 γεννήτειρα.

2252 1913 2333 1966 Τὰ
2359 1911 2496 1965 αὐτὰ
2524 1911 2579 1964 δὲ
2607 1911 2700 1964 καὶ
2731 1910 2858 1982 περὶ
2893 1908 2986 1962 τοῦ
3016 1907 3325 1978 Πνεύματος
3357 1902 3585 1972 ἑνότητα
3611 1901 3741 1972 πρὸς

2180 2003 2271 2058 τὸν
2296 2003 2420 2056 Υἰὸν
2454 2001 2682 2072 ἔχοντος,
2721 2001 2788 2071 ἥν
2819 2003 2848 2054 6
2876 1999 3003 2062 Υἱὸς
3034 1998 3169 2069 πρὸς
3205 1997 3296 2050 τὸν
3324 1994 3544 2065 Πατέρα
3562 2009 3577 2024 ο
3606 1991 3742 2045 ὥστε

2180 2092 2523 2166 γνωριζέσθω
2554 2093 2648 2163 μὲν
2672 2094 2703 2164 ἡ
2733 2091 3026 2153 ὑπόστασις
3052 2078 3144 2141 τοῦ
3166 2086 3375 2157 Πατρός
3397 2087 3462 2156 τῇ
3483 2084 3577 2137 τοῦ
3611 2083 3742 2137 Θεοῦ

2181 2185 2549 2258 προσηγορίαο
2600 2183 2672 2255 μὴ
2717 2179 3088 2253 διατετμήσθω
3132 2179 3188 2232 δὲ
3219 2177 3416 2248 ταύτης
3451 2178 3478 2230 6
3516 2175 3644 2238 Υἱὸς
3672 2175 3744 2237 ῶς

2159 2276 2257 2346 ,ῶν
2300 2277 2364 2330 ὲκ
2397 2273 2528 2328 Θεοῦ
2553 2291 2567 2304 ’
2602 2272 2944 2345 γνωριζέσθω
2983 2272 3040 2324 δὲ
3083 2270 3176 2323 καὶ
3206 2269 3264 2322 τὸ
3307 2268 3606 2339 Πρόσωπον
3653 2265 3745 2318 τοῦ

2182 2367 2311 2420 Υῐοῦ
2346 2369 2414 2438 τῇ
2469 2365 2562 2419 τοῦ
2613 2365 2816 2436 Κυρίου
2877 2361 3246 2436 προσηγορίᾳ·
3298 2360 3370 2430 μὴ
3432 2355 3748 2428 χωριζέσθω

2182 2459 2240 2513 δὲ
2280 2457 2482 2528 ταύτης
2533 2459 2561 2511 6
2601 2457 2750 2520 Θεὸς,
2796 2453 2997 2526 Κύριος
3035 2452 3109 2505 ῶν
3152 2453 3226 2515 ῶς
3278 2449 3484 2522 Κυρίου
3523 2449 3744 2518 Πατήρο

2183 2549 2438 2621 καθ’ὂτῴ
2472 2549 2570 2620 μὲν
2604 2547 2715 2618 ne)
2739 2546 2806 2600 τὸ
2840 2545 3110 2616 κυριεύειν
3141 2543 3267 2596 ἴδιον
3287 2581 3301 2605 ,
3343 2539 3491 2610 αὐτῷ
3516 2539 3574 2591 δὲ
3603 2537 3749 2608 δεδη-

2189 2640 2538 2716 μιουργηκότι
2580 2638 2645 2691 δι’
2687 2636 2877 2691 ἑαυτοῦ
2919 2636 3012 2688 καὶ
3056 2632 3357 2705 κυριεύοντι
3387 2630 3494 2683 τῶν
3520 2645 3745 2698 πεποιη-

2190 2736 2365 2808 μένων
2386 2752 2399 2767 ·
2431 2735 2510 2805 τῷ
2557 2733 2613 2786 δὲ
2647 2731 2822 2802 Πατρὶ
2876 2727 3135 2799 ἀνωτέρω
3176 2725 3445 2795 ὑπάρχον,
3479 2721 3554 2784 ὡς
3578 2717 3746 2791 Ilath

2186 2828 2280 2882 τοῦ
2318 2825 2661 2899 κυριεύοντος
2697 2822 2843 2875 ὃντι’
2901 2818 3039 2872 οὕτω
3073 2817 3136 2886 δὴ
3174 2817 3266 2869 καὶ
3295 2813 3425 2866 Θεὸν
3449 2812 3549 2864 ἕνα
3575 2809 3772 2878 φαμὲν⁴

2187 2919 2284 2990 τὴν
2315 2916 2518 2988 Τριάδα
2545 2953 2560 2978 ,
2609 2912 2722 2967 ἀλλ’
2767 2911 2866 2982 οὐχ
2915 2909 2990 2972 ὡς
3033 2910 3097 2961 ἐκ
3134 2904 3428 2967 συνθέσεως
3462 2900 3630 2973 τριῶν
3661 2899 3747 2951 ἕνα
3807 2917 3813 2924 ·

2189 3011 2368 3074 δόντες
2390 3025 2403 3038 ·
2437 3007 2599 3078 μέρος
2619 3004 2725 3075 γὰρ
2747 3003 2888 3057 ἅπαν
2916 2999 3099 3062 ἀτελὲς
3123 2997 3183 3050 τὸ
3211 2995 3505 3057 συνθέσεως
3533 2991 3750 3060 ὑφιστά-

539 3125 622 3172 ter
645 3115 854 3170 ratione
883 3114 1590 3185 principiietgenerationis,
1609 3113 1710 3167 hoc
1731 3113 1960 3166 dicimus
1974 3125 2088 3165 esse

2195 3115 2382 3172 μενον·
2427 3097 2540 3150 ἀλλ’
2583 3097 2656 3158 ὡς
2680 3096 2815 3164 ὅπερ
2842 3091 2988 3145 ἐστὶν
3028 3091 3056 3143 6
3089 3087 3276 3158 Πατὴρ
3308 3085 3546 3157 ἀρχικῶς
3577 3100 3635 3136 τε
3663 3081 3751 3134 καὶ

539 3204 734 3278 Filium
749 3205 1035 3275 imaginem
1048 3214 1328 3277 etgermen
1341 3203 1719 3270 Patris.Quare
1732 3202 1775 3257 si
1791 3203 1912 3272 quis
1927 3203 2091 3258 dicat:

541 3296 826 3364 Quomodo
843 3313 983 3352 unus
995 3295 1137 3352 Deus
1155 3306 1258 3364 est,
1280 3297 1546 3368 siquidem
1577 3295 1750 3349 Filius
1773 3304 1856 3350 est
1871 3293 2012 3350 Deus
2028 3310 2094 3349 ex

543 3388 1166 3464 Deo?respondebimus,
1195 3391 1300 3445 boc
1337 3388 1560 3457 intelligi
1587 3387 1797 3443 ratione
1820 3386 2094 3458 principii,

542 3485 598 3540 in
617 3492 876 3554 quantum
900 3498 1068 3538 unum
1092 3480 1412 3552 principium
1429 3479 1606 3535 Pater.
1631 3477 1696 3532 Et
1712 3478 1891 3549 siquis
1907 3493 2098 3533 rursus

545 3578 839 3652 interroget
857 3593 869 3629 :
885 3573 1168 3641 Quomodo
1194 3589 1335 3628 unus
1354 3572 1615 3627 Dominus
1638 3569 1795 3626 Jesus
1829 3569 2098 3634 Christus,

545 3669 808 3741 siquidem
826 3659 987 3740 Pater
1007 3677 1090 3723 est
1120 3666 1613 3722 Dominus?rursus
1633 3662 2100 3734 respondebimus,

546 3763 762 3818 Patrem
783 3777 906 3820 esse
929 3760 1212 3817 Dominum
1235 3761 1288 3817 in
1313 3769 1574 3830 quantum
1592 3757 1748 3814 Pater
1770 3766 1854 3812 est
1866 3754 2101 3822 Domini,

548 3865 603 3912 et
623 3871 732 3909 non
763 3863 1010 3916 occurret
1037 3853 1267 3923 amplius
1294 3853 1452 3907 nobis
1481 3853 1596 3915 haec
1624 3848 1910 3905 dubitatio.

578 4014 588 4022 ί
621 3949 687 4002 Ει
715 3964 906 4018 rursus
931 3947 1113 4010 dicent
1143 3946 1290 4018 impii
1317 3965 1329 4000 :
1354 3944 1638 4011 Quomodo
1666 3959 1771 3998 non
1811 3950 1970 3997 erunt
1997 3949 2104 3994 tres

552 4040 659 4101 Dii,
691 4048 802 4100 tres
845 4037 1114 4101 Personae,
1162 4037 1206 4091 si
1258 4052 1421 4090 unam
1472 4036 1704 4090 habeant
1737 4031 2104 4087 divinitatem?

554 4133 826 4200 Dicemus,
853 4130 980 4200 quia
1007 4139 1089 4185 est
1113 4129 1458 4199 principium,
1489 4139 1542 4182 et
1565 4127 1726 4181 Pater
1754 4125 1873 4179 Filii
1897 4141 1911 4190 ;
1942 4132 1994 4178 et
2020 4123 2109 4177 hic

555 4225 731 4294 imago
753 4233 838 4280 est
863 4233 916 4276 et
943 4237 1157 4293 germen
1185 4220 1378 4297 Patris,
1410 4228 1464 4285 et
1507 4235 1615 4274 non
1647 4225 1729 4273 est
1756 4217 1922 4271 frater
1951 4215 2104 4284 ejus;

555 4327 610 4373 et
639 4315 873 4386 Spiritus
902 4313 960 4370 S.
999 4314 1250 4370 similiter
1282 4312 1506 4382 spiritus
1535 4311 1628 4364 Dei
1658 4318 1760 4375 est,
1801 4309 1945 4362 sicut
1970 4307 2107 4363 scri-

2191 3187 2541 3260 γεννητικῶς,
2583 3184 2736 3238 τοῦτο
2777 3183 2902 3237 ὄντα
2925 3179 3015 3234 τὸν
3041 3177 3165 3232 Υἱὸν
3193 3176 3374 3230 εἰκόνα
3400 3174 3495 3228 καὶ
3516 3173 3752 3242 γέννημα

2192 3281 2284 3336 τοῦ
2329 3280 2539 3350 Πατρός
2560 3295 2573 3308 ο
2619 3262 2757 3332 ὥστε
2790 3274 2844 3327 εἴ
2859 3290 2939 3336 τις
2965 3272 3159 3345 ἔροιτο,
3180 3268 3304 3333 Πῶς
3325 3263 3403 3330 εἷς
3427 3266 3583 3330 Θεὸς,
3604 3263 3753 3350 εἴπερ

2195 3377 2259 3428 ὲκ
2281 3372 2416 3427 Θεοῦ
2445 3341 2607 3435 Θεόςς
2641 3369 2870 3441 ἐροῦμεν
2901 3367 2982 3419 ὅτι
3000 3341 3086 3436 ⁷τῷ
3117 3363 3215 3434 τῆς
3241 3361 3414 3433 ἀρχῆς
3443 3357 3608 3428 λόγῳ,
3638 3341 3755 3409 καθ’

2194 3465 2253 3518 ὃν
2291 3461 2552 3542 μίαεᾲρχὴ
2576 3462 2604 3513 6
2636 3457 2967 3530 Πατῄροκαὶ
3001 3455 3055 3508 εἴ
3083 3471 3166 3517 τις
3207 3451 3384 3507 αὐτῶν
3419 3448 3754 3509 πυνθάνοιτο,

2197 3554 2323 3618 Πῶς
2349 3535 2654 3622 εξΚύριος
2687 3548 2841 3618 εἴπερ
2871 3546 3072 3616 Κύριος
3107 3545 3134 3596 ὁ
3163 3543 3378 3611 Πατήρς
3407 3537 3563 3591 τοῦτο
3603 3535 3760 3589 πάλιν

2199 3643 2637 3717 ἀποκρινώμεθα,
2689 3640 2806 3695 καθ’
2837 3640 2863 3692 ὅ
2882 3637 2974 3692 τοῦ
3006 3637 3210 3707 Κυρίου
3245 3633 3363 3686 ἐστὶ
3394 3631 3584 3701 Πατήρ
3603 3645 3616 3658 ·
3672 3626 3764 3680 καὶ

2201 3739 2383 3804 ούκέτι
2405 3739 2534 3808 ἡμῖν
2559 3733 2923 3804 ἀπαντήσεται
2952 3731 3005 3784 τὸ
3029 3729 3228 3798 ἄπορον
3256 3725 3432 3778 τοῦτο.

2279 3950 2389 4004 Καὶ
2439 3947 2598 4001 πάλιν
2649 3943 2742 3997 ὲὰν
2771 3941 2995 3994 εἴπωσιν
3021 3937 3072 3990 οἱ
3115 3933 3356 3996 ἀσεϐεῖςο
3394 3929 3518 3992 Πῶς
3562 3927 3665 3979 οῦκ
3711 3924 3776 3979 ἂν

2211 4041 2317 4098 εἷεν
2346 4043 2492 4114 τρεῖς
2523 4039 2644 4092 Θεοὶ
2670 4076 2684 4100 ,
2712 4035 2837 4106 τρία
2876 4031 3172 4102 Πρόσωπα,
3217 4028 3264 4080 εἰ
3315 4023 3438 4114 μίαν
3473 4021 3650 4092 ἔχοιεν
3678 4019 3776 4088 τὴν

2213 4112 2468 4203 θεότητα;
2527 4126 2817 4200 Ἑροῦμεν,
2855 4120 3036 4191 ἐπειδὴ
3069 4121 3097 4171 6
3127 4117 3256 4181 Θεὸς
3283 4113 3423 4186 ἁρχὴ
3456 4113 3550 4166 καὶ
3584 4112 3778 4203 Πατήρ

2213 4228 2357 4278 ἐστιν
2382 4219 2475 4283 τοῦ
2504 4219 2653 4283 Υἱοῦ,
2678 4216 2770 4271 καὶ
2800 4208 2950 4277 οὗτος
2975 4209 3132 4265 εἰκών
3157 4211 3269 4262 ἐστι
3294 4207 3385 4259 καὶ
3409 4204 3659 4273 γέννημα
3683 4200 3778 4254 τοῦ

2214 4315 2424 4386 Πατρδς
2444 4313 2537 4366 καὶ
2563 4311 2662 4364 οὐκ
2683 4307 2907 4377 ἀδελφὸς
2945 4302 3128 4367 αὑτοῦ,
3151 4300 3245 4356 καὶ
3270 4296 3493 4367 Πνεῦμα
3517 4293 3780 4356 ὡσαύτως

556 4421 705 4482 ptum
729 4419 813 4464 est
836 4385 860 4463 7:
890 4407 1028 4460 Deus
1051 4417 1127 4460 est
1151 4407 1369 4475 spiritus
1385 4405 1427 4476 ’.
1459 4403 1524 4457 Et
1550 4402 1718 4456 multo
1739 4410 1862 4455 ante
1884 4416 1916 4457 a
1942 4399 2088 4455 Davii

2217 4385 2430 4477 πνεῦμα
2450 4402 2581 4457 Θεοῦ
2607 4405 2771 4464 ἐστιν,
2793 4399 2866 4461 ὡς
2887 4396 3229 4468 γέγραπται·
3269 4387 3511 4456 Πνεῦμα
3535 4388 3567 4440 ὀ
3595 4385 3740 4451 Θεός
3764 4401 3776 4412 °

557 4479 887 4555 declaratum
909 4505 1011 4562 est,
1041 4496 1194 4554 emtas
1225 4512 1331 4550 esse
1356 4496 1502 4550 uerbo
1527 4494 1621 4548 Dei
1643 4494 1898 4563 ﬁrmatos,
1927 4503 1975 4546 et
2003 4491 2084 4561 spi

2217 4499 2418 4557 ἄνωθεν
2449 4497 2504 4550 δὲ
2531 4497 2595 4549 ὲκ
2621 4493 2713 4547 τοῦ
2744 4491 3017 4564 προφήτου
3044 4485 3229 4541 Δαδίδ⁶
3279 4482 3363 4549 Τῷ
3381 4481 3539 4551 λόγῳ
3558 4479 3780 4547 Κιιρίου

559 4593 669 4644 ritu
694 4592 800 4645 oris
825 4589 936 4658 ejus
956 4605 1157 4643 omnem
1173 4589 1416 4643 virtutem
1431 4604 1611 4641 eorum
1629 4587 1667 4639 °.
1697 4586 1762 4640 Et
1783 4586 1834 4641 in
1852 4585 2088 4656 principii

2216 4591 2504 4661 δεδήλωται
2553 4586 2693 4652 τοὺς
2731 4581 3021 4651 οὐρανοὺς
3089 4574 3477 4645 ἐστερεῶσθαι
3498 4612 3513 4635 ,
3556 4572 3654 4626 καὶ
3703 4569 3780 4636 τῷ

559 4682 788 4738 Genesis
821 4682 901 4737 sic
926 4681 1183 4750 scriptum
1217 4691 1299 4738 est
1329 4700 1340 4734 :
1370 4679 1438 4733 Et
1470 4678 1698 4749 Spiritus
1733 4679 1822 4742 Dei
1851 4677 2084 4746 ferebatu

2218 4685 2503 4752 πνεύματι
2547 4679 2652 4732 τοῦ
2697 4677 2988 4745 στόματος
3012 4672 3195 4726 αὑτοῦ
3232 4667 3435 4724 πᾶσαν
3460 4665 3573 4733 τὴν
3604 4663 3780 4717 δύνα-

561 4790 715 4843 super
753 4789 943 4844 aquam
963 4773 1006 4826 '.
1050 4771 1114 4826 Et
1146 4770 1347 4827 Paulus
1386 4773 1630 4828 scribens
1665 4770 1925 4826 Romanis
1957 4789 1971 4825 :
2016 4768 2086 4823 Vo

2214 4792 2321 4844 μιν
2365 4771 2580 4827 αὐτῶν.
2621 4770 2729 4823 Καὶ
2762 4769 2819 4820 ὲν
2848 4767 2987 4838 ἀρχῇ
3027 4763 3123 4834 τῆς
3159 4759 3531 4830 Κοσμοποιῒας
3579 4755 3777 4825 γέγρα-

561 4875 757 4930 autem,
793 4864 990 4938 inquit,
1027 4878 1130 4916 non
1164 4865 1289 4919 estis
1330 4864 1385 4916 in
1423 4879 1600 4926 carne,
1628 4861 1716 4915 sed
1745 4862 1800 4914 in
1821 4862 2040 4930 spiritu;
2071 4876 2088 4912 ε

2215 4883 2343 4920 πται
2385 4863 2587 4927 οὓτως·
2629 4861 2736 4917 Καὶ
2785 4857 2850 4912 τὸ
2896 4854 3136 4924 Πνεῦμα
3164 4851 3269 4906 τοῦ
3293 4849 3438 4905 Θεοῦ
3469 4845 3780 4916 ἐπεφέρετο

565 4968 738 5011 tamen
767 4955 998 5026 Spiritus
1017 4955 1108 5010 Dei
1139 4957 1336 5010 habitat
1367 4958 1418 5008 in
1453 4955 1593 5009 vobis
1620 4955 1660 5008 ⁸.
1691 4953 1755 5008 Ει
1777 4967 1969 5008 rursus
1998 4952 2074 5010 ait

2215 4957 2413 5011 ἐπάνω
2461 4953 2566 5010 τοῦ
2598 4953 2825 5016 ὕδατος.
2862 4948 2973 5003 Καὶ
3023 4945 3232 5007 Παῦλος
3269 4943 3326 4996 δὲ
3363 4940 3593 5014 γράφων
3655 4938 3782 4990 Ῥωο

565 5047 626 5104 Si
660 5057 834 5102 autem
865 5047 1092 5117 Spiritus
1122 5048 1233 5116 ejus
1259 5046 1346 5117 qui
1375 5046 1648 5100 suscitavit
1672 5044 1855 5112 Iesum
1889 5059 1953 5097 ea:
1982 5059 2088 5098 mor

2222 5047 2400 5118 μαίοις
2443 5043 2602 5116 φησίν
2623 5058 2635 5072 ·
2679 5039 2872 5110 Ὑμεῖς
2915 5036 2982 5090 δὲ
3026 5038 3136 5091 οὐκ
3160 5032 3301 5088 ἐστὲ
3325 5031 3394 5085 ἐν
3420 5027 3623 5097 σαρκὶ,
3650 5026 3780 5080 ἀλλ’

569 5142 694 5208 tuis,
743 5140 944 5196 habitat
991 5142 1047 5194 in
1082 5140 1244 5206 vobis,
1286 5139 1375 5208 qui
1427 5138 1696 5196 suscitavit
1751 5136 2019 5192 Christum
2058 5151 2088 5188 e.

2219 5139 2289 5192 ἐν
2315 5139 2634 5206 πνεύματν
2676 5134 2841 5200 εἴπερ
2883 5128 3123 5198 Πνεῦμα
3161 5125 3309 5181 Θεοῦ
3347 5121 3498 5177 οἰκεῖ
3522 5122 3593 5175 ὲν
3627 5118 3781 5189 ὑμῖν.

569 5236 810 5299 mortuis,
858 5231 1138 5302 viviﬁcabit
1175 5242 1224 5286 et
1272 5230 1524 5293 mortalia
1572 5245 1789 5298 corpora
1833 5238 2001 5282 vestra
2033 5245 2088 5298 pe

2226 5231 2338 5284 Καὶ
2371 5229 2528 5283 πάλιν
2552 5228 2696 5297 λέγει
2715 5243 2728 5256 ο
2762 5227 2829 5278 Ei
2859 5223 2924 5276 δὲ
2955 5221 3018 5275 τὸ
3051 5219 3293 5288 Πνεῦμα
3320 5215 3424 5271 τοῦ
3453 5214 3784 5284 ἐγείραντος

567 5328 948 5382 inhabitantem
984 5323 1240 5395 Spiritum
1287 5322 1400 5391 ejus
1438 5323 1493 5375 in
1519 5321 1658 5376 vobis
1678 5323 1720 5374 ’.
1768 5320 1834 5375 Et
1880 5321 2074 5376 iterum

2245 5321 2488 5390 Ἰησοῦν
2517 5319 2586 5372 ἐκ
2629 5314 2852 5385 νεκρῶν
2879 5311 3030 5366 οἰκεῖ
3057 5312 3126 5364 ἐν
3153 5309 3310 5380 ὑμῖν,
3344 5311 3377 5362 ὁ
3395 5306 3626 5375 ἐγείρας
3659 5304 3785 5395 Χρι-

572 5418 875 5488 Quicunque
900 5391 1101 5487 Spiritu
1132 5416 1221 5470 Dei
1247 5424 1494 5486 aguntur,
1528 5412 1583 5476 lii
1612 5413 1712 5482 ﬁlii
1735 5412 1833 5471 Dei
1859 5420 2001 5475 sunt,
2027 5428 2088 5466 uo

2236 5415 2385 5470 στὸν
2423 5414 2491 5467 ἐκ
2521 5410 2747 5480 νεκρῶν
2787 5404 3128 5473 ζωοποιήσει
3169 5403 3266 5457 καὶ
3298 5402 3372 5455 τὰ
3404 5397 3587 5466 θνητὰ
3627 5391 3788 5464 ὑμῶν

648 5601 666 5628 ⁸
693 5599 709 5651 l
740 5601 864 5656 Cor.
894 5617 1011 5666 vm,
1170 5602 1191 5632 ⁵
1227 5598 1383 5657 Joan.
1423 5615 1495 5663 Iv,
1530 5597 1618 5652 24.
1696 5597 1716 5628 ⁸
1756 5597 1899 5653 Psal.
1937 5613 2108 5663 xxx",
2146 5594 2199 5650 6.
2223 5597 2244 5627 "
2269 5595 2460 5651 Genes.
2494 5610 2534 5656 ι,
2560 5593 2613 5645 2.
2689 5592 2709 5622 ⁸
2739 5590 2896 5644 Rom.
2933 5604 3053 5655 vui,
3083 5586 3135 5642 9.
3208 5581 3382 5639 ’Ibid.
3419 5581 3501 5636 ιι.

575 5695 720 5823 Dem
760 5694 813 5747 li!
848 5706 949 5815 est.
981 5697 1106 5764 quia
1135 5705 1215 5751 est
1266 5707 1551 5766 generatus
1591 5710 1619 5748 a
1655 5691 1763 5750 Deo
1810 5693 1987 5759 Patre,
2051 5706 2308 5748 vocamus
2357 5690 2574 5755 Filium,
2626 5687 2719 5760 qui
2765 5693 2848 5741 est
2891 5686 3066 5753 imago
3127 5680 3267 5751 ejus,
3312 5678 3497 5742 Deum,
3528 5677 3630 5731 hoc
3685 5677 3785 5753 est,

659 5780 744 5820 nm
781 5781 843 5818 ex
923 5781 1007 5819 co.
2657 5775 2659 5777 ‘

659 5780 744 5820 um
781 5781 843 5818 CX
879 5775 1007 5820 υεο.
2657 5775 2659 5777 ’
