3938 6282
232 240 361 297 “I3

1485 241 1671 293 ΚΑΤΑ
1716 237 1944 294 ΜΕΡΟΣ
1974 237 2215 292 ΠΙΣΤΙΣ.

3293 227 3431 289 ml

221 357 464 426 σώματα
499 356 590 411 διὰ
613 354 718 410 τοῦ
741 356 1118 422 ἐνοικοῦντος
1138 354 1319 409 αὑτοῦ
1352 356 1690 424 Πνεύματος
1718 355 1777 407 ἐν

1885 353 2023 406 enim
2052 349 2323 420 accepistis
2351 350 2596 419 spiritum
2625 349 2889 402 servitutis
2917 347 3106 400 iterum
3137 344 3193 398 in
3227 345 3430 410 timore,

221 451 379 519 ὑμῖν.
432 450 542 502 Kal
583 449 742 502 πάλιν
763 465 776 478 ·
814 449 985 503 Ὅσοι
1015 448 1310 516 Πνεύματι
1347 446 1492 499 Θεοῦ
1518 447 1776 515 ἄγονται,

218 537 384 596 οὗτοι
413 539 530 593 υἱοὶ
574 537 718 592 Θεοῦ
757 540 942 591 εἰσιν·
1000 539 1071 591 οὑ
1121 536 1228 606 γὰρ
1265 536 1504 590 ἐλάϐετε
1552 535 1784 604 πνεῦμα

219 620 500 696 δουλείας
542 627 726 681 πάλιν
759 631 850 694 είς
884 629 1087 696 φόϐον,
1118 627 1252 682 ἀλλ’
1281 627 1523 681 ἐλάϐετε
1551 627 1784 695 πνεῦμα

221 721 524 786 υἱοθεσίας
575 720 643 774 ἐν
688 713 735 786 ᾧ
765 718 1064 788 κράζομεν,
1119 717 1310 783 Ἀϐϐᾶ,
1345 722 1377 772 ό
1407 717 1624 787 Πατήρ.
1672 719 1782 772 Kal

221 814 384 866 πάλιν
404 830 417 842 ·
465 813 774 881 Ἀλήθειαν
805 811 958 882 λέγω
987 811 1056 864 ἐν
1075 810 1326 880 Χριστῷ,
1357 813 1424 864 οὐ
1467 809 1778 879 ψεύδομαι,

219 902 758 969 συμμαρτυροῦσης
809 917 909 970 μοι
960 898 1071 968 τῆς
1123 898 1516 968 σύνειδήσεως
1545 917 1660 969 μου
1710 899 1782 953 ἐν

217 993 512 1061 Πνεύματι
550 993 710 1061 άγίῳ.
744 993 851 1045 Kal
885 993 1074 1046 πάλινο
1121 992 1182 1046 ’0
1212 992 1278 1045 δὲ
1307 992 1448 1058 Θεὸς
1479 991 1585 1059 τῆς
1611 993 1782 1046 ἐλπί-

1881 445 1971 500 sed
2015 443 2287 512 accepistis
2327 443 2572 512 spiritum
2617 439 2908 509 adoptionis
2948 437 3182 507 ﬁliorum
3226 425 3341 498 Dei,
3378 450 3434 496 ιιι

1882 553 1984 606 quo
2017 535 2306 588 clamamus
2334 551 2352 588 :
2383 533 2529 587 Abba
2562 532 2724 586 Pater
2746 532 2809 586 ¹⁰.
2846 530 2912 584 Et
2949 530 3141 584 iterum
3177 546 3190 582 :
3232 525 3438 581 Verita-

1885 637 1985 681 tem
2013 627 2129 680 dico
2158 627 2212 680 in
2245 625 2477 688 Christo,
2506 639 2608 678 non
2641 623 2881 682 mentior,
2921 620 3268 674 testimonium
3298 634 3437 687 prata

1886 715 2032 770 bente
2058 715 2188 769 mihi
2216 714 2531 768 conscientia
2567 728 2680 765 mea
2718 711 2774 763 in
2825 710 3029 778 Spiritu
3075 719 3252 762 sancto
3277 708 3340 762 ¹¹.
3371 706 3439 762 Et

1885 825 2077 863 rursus
2105 827 2118 864 ε
2156 808 2294 862 Deus
2322 817 2493 861 autem
2516 806 2624 874 spei
2653 804 2865 872 impleat
2893 817 2978 855 vos
3009 802 3148 854 omni
3172 800 3360 870 gaudio
3387 810 3437 852 et

1887 918 2013 970 pace
2041 902 2095 953 in
2125 900 2401 966 credendo,
2436 910 2492 952 ut
2521 896 2791 950 abundetis
2815 895 2868 948 in
2892 911 2999 964 spe,
3029 893 3083 958 in
3108 894 3296 946 virtute
3320 889 3441 961 Spi-

1890 995 2024 1048 ritus
2059 994 2230 1047 sancti
2253 995 2316 1046 ¹².

217 1084 320 1150 δος
338 1085 651 1153 πληρώσαι
676 1085 828 1155 ὑμᾶς
858 1085 1060 1154 πάσης
1091 1086 1276 1156 χαρᾶς
1295 1089 1390 1142 καὶ
1421 1088 1680 1157 εἰρήνης,
1714 1090 1784 1142 ἐν
1811 1087 1892 1155 τῷ
1938 1091 2245 1144 πιστεύειν
2284 1091 2371 1155 είς
2409 1086 2474 1142 τὸ
2505 1085 2871 1155 περιοσεύειν
2888 1080 3036 1151 ὑμᾶς
3057 1081 3127 1134 ἐν
3147 1078 3222 1147 τῇ
3243 1079 3441 1146 ἐλπίδι

213 1182 286 1236 ἐν
315 1180 562 1250 δυνάμει
595 1185 935 1252 Πνεύματος
968 1184 1158 1252 άγίου.

285 1276 401 1329 Καὶ
427 1277 586 1330 πάλιν
633 1278 791 1347 φησὶν
833 1281 944 1342 τοῖς
990 1279 1169 1342 αὐτοῖς
1213 1279 1499 1350 Ῥωμαίοις
1523 1281 1767 1350 γράφωνο

1947 1277 2011 1332 Et
2064 1278 2257 1332 iterum
2311 1277 2386 1330 ait
2430 1275 2671 1330 scribens
2725 1273 2789 1327 ad
2843 1270 3058 1326 eosdem
3110 1267 3436 1330 Romanos:

221 1369 670 1436 Τολμηροτέρως
697 1369 764 1422 δὲ
801 1370 1032 1440 ἔγραψα
1076 1372 1218 1440 ὑμῖν
1257 1373 1374 1427 ἀπὸ
1413 1373 1651 1442 μέρους,
1695 1375 1774 1442 ὡς

1883 1370 2145 1425 Audacius
2189 1379 2364 1422 autem
2407 1369 2594 1437 scripsi
2656 1365 2796 1420 vobis
2855 1381 2920 1419 ea:
2990 1371 3158 1434 parte,
3214 1373 3272 1414 ut
3319 1374 3440 1422 tan-

213 1459 759 1529 ὲπαναμιμνήσκων
782 1460 933 1530 ὑμᾶς
963 1462 1059 1516 διὰ
1094 1463 1207 1531 τὴν
1241 1463 1412 1533 χάριν
1449 1465 1563 1532 τὴν
1589 1464 1774 1519 δοθεῖ-

1883 1478 2035 1534 quam
2084 1461 2140 1515 in
2183 1461 2486 1513 memoriam
2539 1475 2624 1512 vos
2684 1458 2930 1511 reducens
2964 1465 3173 1522 propter
3209 1453 3440 1522 gratiam’

216 1551 340 1654 Cdr
367 1568 467 1653 μρι
485 1553 601 1606 ἀπὸ
629 1552 734 1606 τοῦ
769 1554 914 1608 Θεοῦ
944 1558 1030 1622 είς
1053 1556 1118 1608 τὸ
1154 1557 1307 1610 εἷναί
1328 1574 1406 1626 με
1436 1558 1777 1628 λειτουργὸν

1883 1570 1997 1624 qua:
2050 1554 2178 1606 datu
2229 1560 2306 1606 est
2351 1551 2480 1604 mihi
2529 1566 2560 1601 a
2627 1550 2767 1614 Deo,
2820 1557 2876 1601 ut
2915 1548 3015 1600 sim
3054 1545 3291 1598 minister
3311 1542 3438 1596 Jesu

220 1639 426 1709 Ἰησοῦ
477 1644 730 1712 Χριστοῦ
774 1648 861 1712 είς
905 1647 976 1700 τὰ
1021 1648 1162 1715 ἔθνη
1213 1650 1668 1720 λειτουργοῦντα
1710 1649 1775 1703 τὸ

1883 1645 2081 1702 Christi
2112 1647 2168 1699 in
2201 1644 2458 1716 gentibus,
2491 1643 2826 1711 sanctiﬁcans
2859 1638 3202 1708 Evangelium
3229 1635 3346 1700 Dei,
3379 1644 3437 1688 ut

213 1729 587 1802 Εὑαγγέλιον
636 1733 741 1786 τοῦ
793 1736 961 1799 Θεοῦ,
989 1737 1088 1790 ἵνα
1130 1737 1366 1807 γένηται
1397 1740 1435 1807 ἡ
1466 1741 1777 1808 προσφορὰ

1883 1741 1975 1810 ﬁat
2010 1739 2203 1793 oblatio
2249 1737 2479 1808 gentium
2507 1743 2738 1804 accepta,
2782 1732 3116 1800 sanctiﬁcata
3148 1730 3201 1784 in
3231 1727 3439 1798 Spiritu

213 1820 337 1889 τῶν
362 1821 551 1876 ἐθνῶν
574 1825 1013 1892 εὐπρόσδεκτος
1035 1827 1364 1896 ἡγιασμένη
1389 1828 1458 1880 ἐν
1483 1830 1776 1897 Πνεύμιιτι

1883 1843 2082 1887 sancto.
2124 1831 2304 1885 Habeo
2347 1830 2510 1900 igitur
2555 1827 2779 1898 gloriam
2836 1826 2890 1878 in
2948 1823 3158 1878 Christo
3202 1820 3330 1876 Jesu
3368 1821 3444 1874 ad.

212 1912 396 1982 ἁγίῳο
428 1915 546 1983 ἔχω
576 1912 689 1970 οὖν
727 1916 841 1984 τὴν
877 1919 1174 1987 καύχησιν
1211 1920 1281 1972 ἐν
1318 1917 1544 1988 Χριστῷ
1584 1919 1775 1988 Ἰησοῦ

214 2003 288 2055 τὰ
329 2002 479 2070 πρὸς
523 2005 631 2058 τὸν
667 2008 812 2060 Θεόν
835 2023 847 2035 ·
876 2011 946 2062 οὐ
991 2009 1100 2080 γὰρ
1131 2011 1324 2080 τολμῶ
1350 2012 1408 2064 τί
1446 2011 1657 2066 λαλεῖν
1689 2006 1776 2066 ὧν

213 2097 288 2148 οὐ
321 2098 746 2168 κατειργάσατο
786 2100 1037 2168 Χριστὸς
1075 2101 1148 2155 δι’
1175 2103 1339 2173 ἐμοῦ,
1385 2105 1472 2168 είς
1500 2103 1776 2170 ὑπακοὴν

211 2184 406 2240 ἐθνῶν
434 2190 592 2257 λόγῳ
609 2190 702 2244 καὶ
721 2193 888 2260 ἔργῳ,
915 2191 982 2245 ἐν
1003 2191 1246 2262 δυνάμει
1278 2195 1538 2266 σημείων
1560 2194 1659 2248 καὶ
1685 2212 1774 2250 τε·

205 2276 432 2346 ράτων,
460 2281 530 2334 ἐν
559 2281 803 2351 δυνάμει
831 2285 1171 2354 Πνεύματος
1218 2288 1408 2356 ἁγίου.
1442 2288 1552 2341 Kal
1581 2287 1763 2342 πάλινο

211 2371 545 2438 Παρακαλῶ
568 2372 635 2427 δὲ
655 2372 826 2443 ὑμᾶς,
853 2375 1120 2445 ἀδελφοὶ,
1136 2376 1233 2432 διὰ
1260 2378 1363 2432 τοῦ
1377 2379 1594 2446 Κυρίου
1609 2381 1776 2448 ἡμῶν

226 2461 423 2529 Ἰησοῦ
444 2465 717 2532 Χριστοῦ,
747 2467 843 2521 καὶ
869 2467 967 2521 διὰ
991 2468 1101 2537 τῆς
1125 2470 1358 2540 ἀγάπης
1379 2471 1482 2525 τοῦ
1507 2473 1775 2541 Πνεύμα-

213 2572 337 2620 τος.
395 2556 504 2608 Καὶ
559 2557 729 2610 ταῦτα
787 2559 884 2630 μὲν
923 2560 1231 2631 γέγραπται
1273 2565 1330 2616 ἐν
1362 2567 1427 2636 τῇ
1463 2564 1598 2635 πρὸς
1640 2565 1772 2619 Ῥω-

218 2645 415 2715 μαίους
457 2647 758 2720 Ἐπιστολῇ.

296 2739 387 2792 Ἐν
425 2739 483 2793 δὲ
503 2744 586 2811 ,τῇ
638 2743 772 2814 πρὸς
818 2742 1132 2816 Κορινθίους
1166 2745 1324 2802 πάλιν
1355 2746 1532 2817 λέγει’
1571 2748 1699 2802 Ὅτι
1741 2750 1774 2802 d

212 2830 400 2899 λόγος
440 2849 557 2900 μου
590 2833 688 2885 καὶ
729 2832 796 2886 τὸ
845 2833 1112 2904 κήρυγμά
1144 2854 1262 2906 μου
1303 2839 1414 2892 οὐκ
1449 2831 1518 2893 ἐν
1556 2839 1776 2906 πειθοῖς
1815 2873 1819 2878 -

1880 1925 2046 1980 Deum
2075 1940 2094 1978 :
2124 1939 2224 1977 non
2255 1923 2391 1975 enim
2423 1920 2589 1972 audeo
2639 1918 2839 1987 aliquid
2885 1915 3026 1984 loqui
3071 1929 3278 1986 eorum,
3321 1928 3437 1982 qua:

1878 2035 1968 2088 per
1994 2034 2074 2071 me
2102 2032 2206 2071 non
2233 2014 2403 2083 effecit
2435 2011 2675 2068 Christus
2714 2011 2770 2062 in
2801 2009 3145 2063 obedientiam
3186 2005 3443 2075 gentium,

1879 2110 2033 2168 verbo
2059 2118 2107 2164 et
2143 2109 2324 2179 factis,
2349 2107 2406 2160 in
2434 2107 2624 2160 virtute
2663 2104 2930 2173 signorum
2969 2106 3019 2154 et
3053 2098 3435 2179 prodigiorum,

1880 2205 1935 2257 in
1959 2206 2144 2257 virtute
2171 2199 2400 2270 Spiritus
2429 2199 2598 2252 sancti
2625 2197 2688 2250 ¹².
2714 2195 2780 2250 Ει
2807 2195 2999 2248 iterum
3038 2209 3051 2245 :
3089 2191 3312 2247 Obsecro
3343 2205 3441 2248 au-_-

1882 2305 1976 2349 tem
2005 2310 2116 2356 vos,
2142 2293 2352 2362 fratres,
2376 2307 2467 2358 per
2495 2289 2774 2342 Dominum
2801 2296 3039 2341 nostrum
3070 2282 3251 2336 Iesum
3281 2280 3444 2335 Chri-.

1881 2396 2012 2449 tum,
2039 2393 2086 2438 et
2109 2399 2200 2453 per
2219 2370 2527 2434 charitotem
2551 2378 2779 2447 Spiritus
2796 2379 2858 2430 ιδ.
2888 2376 3063 2445 Atque
3086 2374 3198 2429 haec
3218 2372 3436 2444 quidem

1880 2477 2080 2547 scripta
2111 2482 2239 2531 sunt
2269 2474 2326 2528 in
2356 2471 2597 2542 Epistola
2628 2470 2694 2526 ad
2727 2468 3022 2525 Romanos.

1949 2756 2005 2811 In
2051 2753 2288 2824 Epistola
2337 2763 2517 2806 autem
2566 2748 2634 2804 ad
2677 2744 2986 2802 Corinthios
3030 2758 3222 2800 rursus
3263 2742 3431 2799 dicit:

1883 2850 2020 2914 Quia
2053 2861 2220 2901 sermo
2246 2859 2388 2897 meus
2417 2853 2468 2896 et
2492 2840 2798 2911 pra’dicatio
2823 2855 2935 2893 mea
2959 2853 3063 2891 non
3093 2837 3145 2890 in
3173 2836 3439 2905 persuasi-

211 2923 592 2990 ἀνθρωπίνης
641 2925 858 2992 σοφίας
912 2928 1133 2996 λόγοις,
1185 2929 1321 2984 ἀλλ’
1369 2930 1438 2983 ἐν
1473 2930 1770 2996 ἀποδείξει

1883 2943 2064 3003 bilibus
2100 2941 2343 2994 humana:
2380 2934 2652 3004 sapientia
2685 2932 2872 2996 verbis,
2907 2929 2994 2985 sed
3042 2930 3094 2982 in
3145 2929 3437 2982 ostensione

212 3016 558 3083 πνεύματος
585 3016 683 3069 καὶ
712 3016 1034 3087 δυνάμεως,
1061 3020 1162 3073 ἵνα
1197 3022 1234 3089 ἠ
1259 3022 1460 3088 πίστις
1491 3022 1660 3092 ἡμῶν
1683 3023 1768 3094 μὴ

207 3099 256 3177 ᾖ
284 3105 357 3158 ἐν
376 3107 560 3174 σοφίᾳ
586 3100 925 3176 ἀνθρώπων,
942 3109 1076 3163 ἀλλ’
1098 3110 1168 3163 ἐν
1193 3109 1440 3181 δυνάμει
1469 3113 1637 3169 Θεοῦ.
1664 3116 1772 3168 Καὶ

208 3199 382 3252 πάλιν
410 3198 554 3268 λέγει
576 3216 590 3230 ·
642 3201 770 3254 Ὀτι
809 3200 1000 3267 καθὼς
1028 3202 1360 3273 γέγραπται,
1391 3203 1430 3258 ἃ
1471 3206 1774 3276 ὀφθαλμὸς

211 3292 329 3344 οὐκ
357 3287 535 3355 οἶδεν,
566 3293 662 3346 καὶ
688 3289 797 3360 οὖς
827 3296 937 3348 οὐκ
967 3294 1250 3365 ἤκουσεν,
1278 3297 1374 3352 καί
1403 3297 1502 3352 ἐπὶ
1527 3297 1775 3368 καρδίαν

213 3383 529 3452 ἀνθρώπου
547 3375 653 3438 ὀύκ
671 3385 870 3453 ἀνέϐη,
891 3384 929 3440 ἅ
945 3390 976 3441 ό
1001 3387 1143 3454 Θεὸς
1158 3389 1482 3458 ἡτοίμασεν
1496 3390 1617 3457 τοῖς
1631 3391 1773 3461 ἀγα-

211 3473 415 3529 πῶσιν
457 3477 674 3530 αὐτόν’
718 3476 864 3547 ἡμῖν
903 3477 972 3531 δὲ
1011 3481 1045 3532 o'
1075 3479 1216 3546 Θεὸς
1251 3480 1642 3550 ἀπεκάλυψεν
1677 3481 1776 3537 διὰ

210 3567 324 3622 τοῦ
364 3570 733 3638 Π-νεὺματος·
781 3569 846 3623 τὸ
890 3571 999 3640 γὰρ
1044 3572 1285 3642 Πνεῦμα
1332 3572 1525 3626 πάντα
1561 3574 1776 3643 ἐρευνᾷ

210 3659 316 3713 καὶ
353 3658 423 3713 τὰ
457 3659 617 3728 ,βάθη
651 3661 756 3715 τοῦ
793 3663 969 3717 Θεοῦ·
999 3664 1093 3730 τίς
1117 3663 1224 3733 γὰρ
1261 3661 1421 3718 οἶδεν
1450 3665 1776 3734 ἀνθρώπων

206 3751 287 3805 τὰ
317 3750 423 3804 τοῦ
449 3751 780 3821 ἀνθρώπου,
809 3757 861 3808 εί
881 3754 966 3823 μὴ
995 3755 1061 3808 τὸ
1088 3755 1321 3825 πνεῦμα
1339 3756 1443 3809 τοῦ
1466 3756 1775 3825 ἀνθρώπου

207 3843 281 3896 τὸ
299 3843 372 3896 ἐν
391 3843 572 3909 abegi);
595 3844 790 3910 Οὕτως
804 3843 984 3898 καὶτὰ
998 3845 1102 3898 τοῦ
1121 3845 1265 3899 Θεοῦ
1285 3845 1481 3912 οὐδεὶς
1495 3847 1772 3917 ἔγνωκεν,

206 3936 265 3987 ει
288 3932 380 4003 μὴ
410 3934 475 3988 τὸ
501 3934 740 4004 Πνεῦμα
783 3935 887 3988 τοῦ
921 3935 1085 3989 Θεοῦ.
1116 3935 1226 3989 Kal
1256 3935 1416 3989 πάλιν
1440 3935 1616 4005 λέγει’
1654 3939 1775 3991 Ψυ-

204 4025 390 4094 χικὸς
414 4024 481 4078 δὲ
507 4025 812 4094 ἅνθρωπος
846 4029 917 4080 οὺ
949 4026 1179 4096 δέχεται
1204 4028 1276 4080 τὰ
1303 4027 1407 4081 τοῦ
1435 4028 1776 4098 Πνεύματος

204 4117 329 4173 τοῦ
362 4119 530 4173 Θεοῦ.
1764 4105 1769 4112 ’

298 4209 461 4282 Ὁρᾷς
488 4211 568 4262 ὃτι
597 4210 866 4280 πανταχοῦ
907 4210 1008 4280 τῆς
1051 4210 1274 4282 Γραφῆς
1316 4211 1537 4284 Πνεῦμα
1578 4213 1778 4286 κηρύτ-

1877 3039 2095 3110 spiritus
2125 3041 2174 3087 et
2203 3029 2432 3094 virtutis,
2465 3035 2520 3080 ut
2541 3025 2668 3096 ﬁdes
2693 3032 2874 3078 nostra
2901 3039 3002 3075 non
3038 3022 3106 3074 sit
3141 3021 3195 3074 in
3225 3020 3437 3088 sapien-

1879 3107 1957 3186 tia
1999 3126 2284 3185 hominum,
2324 3120 2413 3175 sed
2456 3120 2510 3172 in
2553 3119 2744 3171 uirtute
2791 3115 2886 3168 Dei
2912 3115 2976 3168 ¹⁵.
3027 3111 3092 3166 Et
3128 3113 3326 3165 iterum
3364 3107 3443 3162 ait

1877 3223 2045 3294 quia:
2079 3217 2222 3273 Sicut
2260 3214 2514 3282 scriptum
2539 3219 2614 3264 est
2647 3224 2666 3264 :
2693 3207 2824 3273 Qua:
2849 3205 3164 3272 oculuslnon
3202 3202 3352 3265 vidit,
3388 3207 3440 3253 et

1879 3291 2025 3368 a—uris
2067 3325 2169 3364 non
2209 3305 2430 3368 audivit,
2471 3310 2519 3356 et
2564 3302 2620 3354 in
2663 3315 2753 3353 cor
2799 3297 3021 3352 hominis
3051 3311 3152 3348 non
3181 3291 3437 3357 ascendit,

1879 3397 2341 3477 qum-.prteparuvit
2376 3395 2514 3448 Deus
2540 3389 2875 3461 diligentibus
2900 3403 3017 3442 eum
3043 3401 3061 3438 :
3091 3384 3237 3438 nobis
3265 3391 3440 3435 autem

1880 3475 2121 3550 reuelauit
2149 3491 2284 3543 Deus
2315 3502 2405 3556 per
2431 3483 2687 3553 Spiritum
2715 3497 2888 3534 suum.
2925 3477 3154 3546 Spiritus
3174 3475 3312 3529 enim
3334 3488 3440 3528 om-

1879 3589 1969 3642 nia
2008 3591 2291 3643 scrutatur,
2305 3581 2464 3632 etiam
2498 3574 2759 3646 profunda
2789 3571 2905 3626 Dei.
2945 3569 3074 3635 Quis
3105 3568 3241 3622 enim
3269 3566 3440 3618 homi-

1881 3693 2007 3732 num
2030 3675 2169 3729 novit
2195 3686 2310 3741 qua:
2343 3677 2462 3722 sunt
2503 3666 2749 3729 hominis,
2786 3662 2888 3716 nisi
2927 3661 3140 3731 spiritus
3188 3656 3435 3718 hominis,

1879 3769 1968 3839 qui
1996 3775 2071 3820 est
2109 3766 2164 3818 in
2194 3763 2351 3832 ipso?
2386 3760 2462 3812 sic
2499 3773 2615 3828 quae
2647 3766 2768 3811 sunt
2813 3754 2932 3816 Dei,
2965 3767 3112 3806 nemo
3152 3749 3292 3803 novit
3330 3746 3435 3800 nisi

1883 3859 2114 3928 Spiritus
2145 3854 2235 3908 Dei
2262 3854 2324 3907 ¹⁶.
2370 3850 2435 3906 Ει
2475 3864 2666 3904 rursus
2709 3849 2818 3902 ait:
2847 3845 3108 3903 Animalis
3151 3844 3302 3896 homo
3333 3857 3436 3902 non

1881 3949 2236 4032 percipitguw
2258 3953 2381 3999 sunt
2411 3941 2642 4012 Spiritus
2673 3939 2768 3994 Dei
2785 3940 2851 3993 ¹².

1953 4221 2116 4278 Vides
2145 4217 2291 4291 quod
2323 4217 2524 4286 ubique
2555 4215 2608 4268 in
2646 4212 2920 4282 Scriptura
2962 4208 3192 4279 Spiritus
3235 4206 3430 4276 [πτειιὶ-

199 4317 389 4364 τεται,
435 4301 530 4354 καὶ
575 4300 807 4371 οὐδαμοῦ
851 4300 1064 4354 κτιστὸν
1108 4299 1463 4370 ὀνομάζεται;
1508 4301 1572 4353 Τί
1621 4301 1665 4354 δ’
1711 4302 1777 4356 ἂν

1883 4320 2055 4375 catur,
2092 4319 2146 4363 et
2177 4322 2444 4378 nusquam
2474 4304 2784 4358 nominatur
2817 4299 3101 4355 creatura?
3129 4296 3266 4363 Quid
3305 4311 3433 4350 vero

199 4392 444 4445 εἴπωσιν
474 4393 524 4445 oi
562 4392 796 4456 ἀσεϐεῖς,
823 4389 916 4444 τοῦ
957 4390 1159 4461 Κυρίου
1203 4391 1615 4456 ἀποστέλλοντος
1653 4393 1779 4456 τοὺς

205 4481 468 4553 μαθητὰς
513 4481 790 4552 βαπτίζειν
830 4483 887 4535 ἐν
926 4482 1146 4552 ὀνόματι
1187 4481 1279 4534 τοῦ
1329 4482 1659 4557 Πατρὸς,καὶ
1685 4481 1776 4536 τοῦ

201 4573 472 4633 Υἱοῦ,κα“ι
496 4573 591 4626 τοῦ
618 4573 770 4641 ἁγίου
796 4573 1138 4645 Πνεύματος;
1164 4575 1567 4645 ἁναντιρῤήτως
1599 4591 1782 4628 κοινω-

197 4665 332 4718 νίαν
362 4665 456 4718 καὶ
481 4665 704 4737 ἑνότητα
736 4665 944 4736 ἔχοντα*
972 4664 1171 4736 καθ’ἥν
1195 4664 1316 4718 οὔτε
1341 4665 1588 4736 θεότητες
1609 4668 1778 4737 τρεῖς,

197 4756 336 4811 οὔτε
351 4775 419 4811 κυ
428 4758 688 4830 ριότητες,
704 4757 815 4811 ἀλλ’
832 4758 1042 4830 ἀληθῶς
1053 4758 1158 4811 τῶν
1172 4757 1336 4830 τριῶν
1357 4759 1402 4810 Π
1412 4757 1666 4830 ροσώπων
1681 4776 1780 4829 μετ

198 4849 415 4903 νόντων
434 4849 682 4918 βεϐαίως,
709 4850 817 4903 τῶν
853 4851 1018 4924 τριῶν
1043 4849 1140 4922 τὴν
1170 4852 1363 4906 ἕνωσιν
1391 4850 1774 4921 ὁμολογητέονο

198 4942 362 4996 οὕτω
381 4943 488 5015 γὰρ
509 4941 594 5014 [τὸ
605 4943 955 5016 ἀποστέλλον]
975 4944 1068 4997 καὶ
1099 4944 1159 4996 τὸ
1191 4943 1664 5014 ἀποστελλόμενον,
1696 4945 1775 4996 ol-

197 5036 383 5098 κείως
403 5036 468 5090 ἂν
486 5037 811 5101 πιστεύοιτο,
830 5029 988 5091 καθ’λό
999 5036 1183 5110 Πατὴρ
1197 5037 1288 5092 τὸν
1300 5038 1426 5092 Υἱὸν
1442 5036 1772 5101 ἀπέστειλεν,

203 5129 311 5181 καὶ
343 5128 470 5190 Υἱὸς
497 5129 558 5182 τὸ
572 5129 794 5200 Πνεῦμα
811 5129 1124 5184 ἀποστέλλει
1142 5146 1155 5160 ·
1181 5129 1238 5184 ἓν
1252 5129 1309 5182 δὲ
1337 5129 1646 5202 Πρόσωπων
1675 5129 1774 5184 οὐκ

202 5219 279 5274 ἂν
303 5220 574 5291 πέμψειεν
607 5223 735 5276 αὐτὸ
764 5223 922 5277 ἑαυτό
943 5241 957 5254 ο
975 5224 1072 5278 οὑκ
1086 5223 1150 5278 ἂν
1169 5224 1275 5296 γάρ
1296 5240 1377 5288 τις
1404 5225 1543 5276 εῐποι
1559 5222 1774 5290 Πατέρα

209 5313 602 5384 ωρκωθὲντα·
663 5315 733 5368 τὰ
779 5316 886 5386 γὰρ
935 5317 1032 5386 τῆς
1080 5316 1314 5379 πίστεως
1370 5315 1770 5386 ὁμολογήματα,

211 5406 342 5467 ταῖς
373 5403 480 5458 τῶν
510 5405 770 5477 αἱρέσεων
800 5406 860 5459 οὐ
889 5407 1266 5479 συνδραμεῖται
1293 5405 1649 5472 κακοδοξίαις.
1685 5406 1774 5474 Δεῖ

219 5494 281 5546 δὲ
317 5497 434 5561 τοῖς
481 5496 643 5562 θείοις
689 5499 779 5552 καὶ
825 5499 1196 5575 smmum;
1242 5499 1504 5570 δόγμασιν
1547 5496 1771 5551 ἕπεσθαι

1879 4401 2030 4472 impii
2059 4400 2259 4464 dicent,
2304 4396 2569 4467 siquidem
2609 4393 2850 4447 mittente
2886 4390 3113 4445 Domino
3135 4387 3432 4456 discipulos

1879 4491 1946 4546 ad
1982 4489 2360 4560 baptizandum
2388 4487 2441 4540 in
2477 4483 2696 4540 nomine
2725 4481 2920 4546 Patris,
2957 4489 3011 4535 et
3041 4478 3185 4545 Filii,
3217 4487 3271 4533 et
3306 4477 3431 4547 Spi-

1878 4581 2019 4636 ritus
2051 4579 2224 4635 sancti
2249 4579 2322 4645 ‘3;
2350 4592 2458 4631 non
2490 4584 2666 4646 potest
2692 4572 2989 4629 contradici
3026 4571 3156 4641 quin
3200 4570 3433 4626 habeant

1881 4669 2316 4732 communionem
2353 4677 2407 4723 et
2426 4668 2709 4728 unitatem,
2740 4666 3034 4719 secundum
3065 4677 3227 4732 quam
3259 4672 3433 4727 neque

1880 4772 1990 4818 tres
2040 4760 2371 4823 divinitates,
2416 4772 2590 4828 neque
2637 4767 2746 4811 tres
2793 4753 3208 4817 dominationes,
3257 4764 3432 4820 neque

1880 4864 1990 4910 tres
2035 4853 2370 4917 sanctitates,
2417 4851 2511 4906 sed
2561 4850 2737 4905 tribus
2765 4847 3019 4904 Personis
3060 4843 3428 4908 manentibus,

1879 4947 2034 5017 ﬁrme
2060 4945 2189 4999 unio
2220 4944 2380 4998 trium
2417 4942 2718 4998 conﬁtenda
2751 4947 2834 4996 est
2866 4958 2880 4994 :
2913 4939 2992 4994 sic
3036 4938 3178 4992 enim
3229 4949 3427 4990 conre-

1879 5039 2088 5093 nienter
2125 5035 2362 5091 creditur
2404 5035 2623 5088 mittens
2676 5041 2731 5088 et
2776 5033 3024 5086 missum.
3075 5026 3227 5082 Sicut
3267 5025 3430 5081 Pater

1879 5130 2073 5184 Filium
2095 5128 2262 5194 misit,
2284 5126 2521 5182 etFilius
2540 5123 2794 5195 Spiritum
2819 5132 3064 5178 sanctum
3088 5120 3251 5174 mittit
3278 5135 3291 5175 :
3321 5133 3427 5173 una

1879 5236 2006 5276 vero
2033 5235 2260 5290 persona
2289 5233 2568 5288 nunquam
2609 5217 2839 5286 seipsam
2878 5214 3104 5280 miserit,
3137 5229 3247 5268 non
3279 5212 3427 5268 enim

1880 5313 2078 5383 aliquis
2107 5313 2248 5367 dicet
2272 5309 2486 5365 Patrem
2511 5311 2874 5375 incarnatum;
2901 5322 3023 5375 qua:
3044 5307 3191 5362 enim
3217 5307 3272 5361 in
3292 5320 3428 5362 con-

1877 5403 2113 5459 fessione
2142 5401 2266 5456 ﬁdei
2298 5401 2660 5466 continentur,
2685 5412 2794 5452 non
2818 5405 3141 5453 concurrent
3170 5411 3294 5452 cum
3319 5394 3428 5451 ως

1876 5494 1952 5548 sis
1985 5491 2361 5548 haereticorum
2393 5489 2753 5561 opinionibus.
2779 5487 2996 5558 Oportet
3025 5498 3202 5544 autem
3239 5495 3298 5542 ut
3326 5501 3429 5544 no-

300 5610 371 5679 "1
397 5609 551 5666 Rom.
579 5627 696 5674 Vill,
724 5613 810 5679 Η,
847 5614 932 5668 15.
1011 5613 1051 5645 ²¹
1081 5613 1235 5668 Rom.
1263 5629 1340 5676 Ix,
1373 5614 1422 5666 1.
1500 5613 1544 5644 ¹²
1577 5609 1733 5664 Rom.
1757 5625 1777 5661 ι

1883 5608 1971 5666 l5.
2045 5606 2089 5638 ¹³
2117 5605 2248 5662 lbid.
2273 5605 2453 5662 15-19.
2533 5606 2574 5637 ⁸⁵
2599 5603 2734 5662 ibid.
2766 5600 2855 5660 50.
2934 5604 2976 5637 "
3004 5602 3173 5661 lCor.
3195 5621 3253 5673 ιι,
3283 5605 3336 5671 4,
3365 5603 3420 5663 5.

237 5676 515 5757 “Ibid..9,
555 5683 640 5755 to,
674 5685 756 5738 ιι.
799 5676 1032 5738 ἰτιδίιι.
1065 5684 1148 5739 ιιι.
1227 5684 1269 5716 ιε
1297 5682 1484 5740 Matth.
1510 5695 1696 5751 mm,
1734 5680 1823 5750 19,
