3988 6200
585 275 724 334 “15

1248 268 1306 325 5.
1346 265 1671 323 GREGORII
1709 262 2064 322 THAUMAT.
2104 261 2256 318 OPP.
2288 261 2466 316 PARS
2503 259 2801 316 ALTERA.
2835 288 2905 300 —
2932 257 3161 317 DUBIA.

3649 255 3786 313 lll6

580 403 708 443 atrae
731 386 978 443 notiones
1007 379 1190 442 divina
1213 392 1267 438 et
1306 381 1598 453 apostolica
1627 381 1875 451 dogmata
1905 393 2118 448 sequan'

2241 375 2339 440 τὰς
2371 376 2639 448 ἡμετέρας
2689 374 2917 438 ἐννοίας,
2947 371 3006 426 οὐ
3056 372 3154 436 τὰς
3196 373 3469 445 ἡμετέρας
3502 371 3784 437 ἀδυνάτους

583 487 712 534 tur:
745 497 851 534 non
885 490 1063 534 autem
1107 486 1164 531 ut
1208 484 1408 529 nostra:
1453 474 1704 528 ﬁctiones
1756 469 2134 541 impossibiles,

587 570 785 626 divinae
816 571 937 626 ﬁdei
967 567 1307 638 dogmatibus
1340 567 1446 619 vim
1483 563 1754 618 alteram.-

2242 467 2539 536 φαντασίας
2560 464 2627 519 τὰ
2650 467 2746 538 τῆς
2773 465 2920 527 θείας
2947 465 3180 527 πίστεως
3209 462 3486 534 βιάζεσθαι
3530 463 3780 534 δόγματα.

2321 559 2444 611 Ἐὰν
2473 557 2529 610 δὲ
2560 557 2749 610 εἴπωσι
2770 573 2782 586 ·
2805 555 2928 619 Πῶς
2952 555 3078 626 τρία
3111 555 3401 626 Πρόσωπα,
3433 555 3523 608 καὶ
3555 555 3670 617 πῶς
3693 557 3783 625 μία

653 663 708 717 Si
753 675 932 718 autem
977 661 1256 716 dixerint:
1296 658 1579 725 Quomodo
1625 667 1734 712 tres
1779 654 2046 718 Personae,
2085 667 2114 707 e

2238 650 2454 713 θεότης;
2495 647 2722 718 ἐροῦμεν
2775 647 2975 710 αὐτοῖς,
3029 647 3110 699 ὅτι
3153 647 3279 715 τρία
3345 647 3440 717 μὲν
3493 647 3777 719 Πρόσωττα,

579 754 852 824 quomodo
897 767 1002 806 una
1035 750 1325 805 divinitas?
1353 749 1596 803 dicemus
1621 748 1700 802 eis
1731 758 1837 801 tres
1873 745 2137 800 Personas

578 860 722 902 esse.
748 844 889 897 sicut
911 859 1012 896 una
1032 842 1248 910 quidem
1285 849 1366 894 est
1390 839 1482 893 Dei
1517 838 1712 902 Patris,
1746 853 1851 891 una
1875 852 2004 890 vero
2032 835 2136 888 Do-

579 933 712 987 mini
734 931 876 995 Filii,
902 942 954 985 et
977 947 1082 983 una
1118 928 1350 999 Spiritus
1364 929 1532 982 sancti
1555 945 1568 990 ;
1595 943 1698 980 una
1713 942 1840 981 vero
1855 925 2132 990 divinitas,

578 1025 634 1079 in
668 1034 928 1093 quantum
959 1022 1156 1082 Patris.
1192 1021 1283 1090 qui
1317 1036 1459 1074 unus
1495 1027 1596 1084 est,
1633 1019 1809 1087 imago
1839 1027 1922 1072 est
1944 1015 2131 1080 Filius,

577 1114 630 1168 id
667 1125 770 1181 est,
806 1114 948 1169 Deus
987 1129 1052 1168 ex
1101 1111 1233 1174 Deo,
1259 1120 1312 1165 et
1357 1109 1588 1177 Spiritus
1625 1108 1875 1164 similiter
1913 1118 2134 1162 vocatur

578 1205 815 1276 Spiritus
850 1207 964 1271 Dei,
992 1215 1045 1260 et
1067 1204 1171 1259 hoc
1199 1205 1514 1258 naturaliter
1553 1203 1848 1258 secundum
1887 1189 2131 1256 eamdem

576 1299 960 1360 substantiam,
994 1312 1102 1350 non
1138 1297 1437 1350 secundum
1487 1293 1955 1364 participationem
2003 1292 2128 1357 Dei;

569 1400 624 1446 et
644 1405 751 1444 una
767 1398 848 1443 est
875 1387 1173 1443 substantia
1192 1387 1491 1453 Trinitatis,
1509 1387 1654 1457 quod
1682 1386 1896 1456 quidem
1926 1400 2030 1438 non
2051 1395 2132 1441 est

571 1482 625 1535 in
658 1482 724 1535 iis
756 1496 878 1550 qua:
901 1480 1038 1534 facta
1061 1490 1220 1544 sunt;
1251 1495 1355 1532 non
1399 1481 1544 1534 enim
1575 1490 1656 1534 cst
1689 1494 1793 1532 una
1830 1477 2129 1532 substantia

575 1571 668 1626 Dei
702 1582 754 1627 et
804 1589 991 1628 eorum
1020 1587 1140 1640 quae
1161 1571 1298 1626 facta
1325 1579 1469 1633 sunt,
1497 1570 1750 1638 quoniam
1782 1568 1915 1622 nihil
1937 1569 2128 1620 horum

567 1674 654 1720 est
688 1666 990 1720 substantia
1033 1665 1195 1718 Deus.
1240 1663 1352 1718 lmo
1386 1678 1559 1732 neque
1581 1661 1843 1716 Dominus
1870 1669 1952 1715 est
1974 1659 2129 1728 quid-

2237 739 2356 793 καθ’
2389 738 2417 791 ὃ
2447 739 2505 790 ἓν
2548 739 2644 809 μὲν
2668 738 2799 790 Θεοῦ
2826 738 3056 808 Πατρὸς,
3091 737 3147 790 ἓν
3176 738 3231 790 δὲ
3271 738 3472 810 Κυρίου
3508 738 3660 805 Υίοῦ,
3693 741 3780 794 καὶ

2236 831 2293 882 ἓν
2323 830 2415 882 τοῦ
2451 830 2602 898 ἁγίου
2632 829 2943 899 Πνεῦματος
2964 846 2977 858 ·
3018 829 3115 900 μία
3140 829 3195 882 δὲ
3245 829 3436 900 θεότης
3468 829 3589 884 καθ’
3623 832 3650 883 6
3691 831 3776 885 τοῦ

2235 921 2446 991 Πατρὸς
2490 921 2605 984 ἐνὸς
2626 920 2794 983 ὄντος,
2829 919 2962 973 Θεοῦ
3002 920 3162 974 εἰκών
3197 923 3341 974 ἐστιν
3373 925 3401 975 6
3449 921 3597 986 Υἱὸς,
3629 941 3778 977 τουτ-

2235 1013 2350 1067 έστι
2401 1013 2531 1077 Θεὸς
2565 1016 2627 1066 ὲκ
2673 1012 2825 1075 Θεοῦ,
2863 1014 2955 1066 καὶ
2990 1013 3048 1066 τὸ
3077 1013 3296 1084 Πνεῦμα
3325 1015 3520 1085 ὁμοίως
3547 1017 3778 1070 καλεῖται

2233 1106 2325 1158 τοῦ
2353 1105 2508 1170 Θεοῦ,
2542 1106 2635 1159 καὶ
2665 1105 2816 1159 τοῦτο
2848 1106 3088 1174 φυσικῶς
3121 1107 3238 1159 κατ’
3265 1107 3430 1177 αὐτὴν
3456 1109 3553 1176 τὴν
3578 1108 3774 1174 οὐσίαν,

2231 1195 2292 1247 οὐ
2315 1196 2450 1249 κατά
2479 1196 2760 1262 μετουσίαν
2785 1194 2915 1247 Θεοῦ
2936 1212 2948 1224 ·
2981 1197 3073 1247 καὶ
3109 1196 3206 1264 μία
3231 1196 3329 1264 τῆς
3355 1196 3582 1267 Τριάδος
3607 1197 3772 1262 οὐσία,

2231 1289 2366 1358 ὅπερ
2415 1288 2504 1341 ἐπὶ
2549 1288 2654 1341 τῶν
2701 1288 3016 1357 ποιημάτων
3062 1288 3160 1340 οὐκ
3211 1287 3388 1340 ἐστιν·
3424 1290 3483 1341 οὐ
3530 1290 3640 1360 γὰρ
3685 1290 3775 1360 μία

2230 1380 2384 1432 οὐσία
2432 1378 2563 1432 Θεοῦ
2610 1381 2702 1432 καὶ
2747 1380 2852 1432 τῶν
2899 1379 3234 1448 ποιημάτιον,
3267 1380 3346 1433 ὅτι
3397 1381 3546 1434 οὐδὲν
3579 1380 3773 1435 τούτων

2230 1474 2292 1542 τῇ
2326 1472 2484 1543 οὐσία
2524 1471 2657 1534 Θεός
2679 1488 2692 1500 ’
2726 1471 2837 1524 ἀλλ’
2873 1471 2993 1524 οὐδὲ
3023 1471 3222 1542 Κύριος
3248 1472 3399 1525 οὐδὲν
3427 1472 3628 1526 τούτων
3661 1475 3772 1528 κατ’

2229 1562 2433 1627 οὐσίαν,
2468 1562 2580 1616 ἀλλ’
2615 1557 2694 1626 εἷς
2726 1562 2926 1634 Κύριος
2963 1566 2991 1616 6
3037 1565 3183 1628 Υἱὸς,
3219 1565 3312 1617 καὶ
3353 1565 3407 1618 ἒν
3450 1565 3508 1618 τὸ
3561 1566 3772 1637 Πνεῦμα

2228 1654 2288 1708 τὸ
2320 1656 2468 1723 ἆγιον
2491 1671 2504 1684 ⁸
2529 1655 2754 1725 λέγομεν
2781 1655 2836 1708 δὲ
2866 1656 2958 1708 καὶ
2986 1655 3112 1724 μίαν
3151 1655 3374 1726 θεότητα
3408 1659 3500 1711 καὶ
3525 1658 3653 1728 μίαν
3686 1678 3772 1713 xu-

569 1771 734 1825 quam
777 1759 972 1811 horum
1003 1756 1297 1810 secundum
1333 1753 1720 1817 substantiam;
1758 1753 1849 1806 sed
1883 1767 2023 1805 unus
2043 1759 2118 1804 esl

572 1846 711 1868 h-___
735 1846 890 1868 h-._..
917 1846 1010 1868 Ιιοὶ
1061 1863 1200 1868 --..--..
1231 1845 1488 1868 ἢ-...ζ.....-
1519 1843 1680 1868 ΒΖΗ-,η
1724 1858 1861 1868 ..ιρι-ιη
1896 1841 2118 1868 οηῖ-ἶιηη

2234 1751 2468 1821 ριότητα,
2493 1750 2584 1803 καὶ
2613 1751 2736 1820 μίαν
2760 1751 3017 1820 ἀγιὸτητα
3040 1750 3136 1822 τὴν
3166 1752 3208 1804 Τ
3216 1751 3367 1822 ριάδα
3386 1768 3399 1781 ·
3431 1753 3510 1806 ὅτι
3552 1753 3645 1806 τοῦ
3672 1756 3774 1807 Κυ-
3805 1802 3816 1868 ‘

2237 1842 2345 1868 Α-..
2378 1843 2403 1868 Α
2438 1842 2623 1868 "-_L-
2656 1841 2789 1868 1-..}.
2821 1841 2999 1868 A'.‘:.'..-
3037 1841 3191 1868 ...να-λ..
3215 1844 3475 1868 -.-...._'._.._
3527 1845 3615 1868 --.Α
3644 1863 3753 1868 _-_.

570 1846 714 1902 Deus
735 1846 892 1901 Pater
915 1846 1038 1917 (Γ),
1061 1863 1202 1900 unus
1231 1845 1492 1898 Dominus
1517 1843 1702 1904 Filius,
1724 1858 1864 1896 unus
1896 1841 2126 1910 Spiritus

565 1947 810 2002 sanctus,
861 1937 1202 2004 dicimusque
1253 1950 1416 1988 unam
1467 1934 1826 1997 divinitatem,
1875 1941 1930 1984 et
1963 1946 2124 1984 unam

564 2029 1015 2093 dominationem,
1065 2037 1227 2096 atque
1273 2042 1438 2081 unam
1488 2025 1852 2089 sanctitatem,
1891 2022 2129 2076 Trinita-

563 2128 696 2183 tem,
745 2121 870 2189 quia
924 2120 1248 2196 principium
1298 2118 1514 2172 Domini
1561 2125 1642 2171 est
1687 2116 1864 2180 Pater,
1926 2114 2020 2184 qui
2060 2128 2127 2168 ex

2232 1841 2791 1927 ω
2817 1841 2999 1905 ἀϊδίως
3034 1841 3191 1894 αὑτὸν
3215 1844 3495 1913 γεννήσας,
3527 1845 3621 1897 καὶ
3642 1863 3776 1916 πρω-

2227 1934 2458 1997 τὸτυπος
2491 1934 2580 1986 τοῦ
2613 1935 2925 2004 Πνεῦματος
2955 1936 2982 1986 6
3014 1934 3216 2006 Κύριος
3239 1953 3252 1966 ·
3288 1935 3425 1989 οῦτω
3475 1937 3586 2007 γὰρ
3631 1939 3721 1991 καὶ
3749 1942 3774 1992 6

2229 2024 2414 2095 Πατὴρ
2447 2027 2669 2096 Κύριος,
2703 2027 2795 2079 καὶ
2827 2029 2854 2079 ὁ
2883 2026 3010 2088 Υἱὸς
3041 2027 3192 2090 Θεὸς,
3227 2027 3317 2080 καὶ
3352 2029 3477 2099 περὶ
3507 2029 3603 2082 τοῦ
3647 2029 3773 2083 Θεοῦ

2229 2115 2437 2188 εἴρηται
2466 2119 2547 2172 ὅτι
2578 2119 2816 2187 Πνεῦμα
2844 2121 2876 2172 ὁ
2923 2120 3082 2185 Θεός.

564 2217 863 2272 aeternitate
907 2232 1031 2271 eum
1081 2215 1287 2298 genuit,
1324 2224 1377 2270 et
1402 2214 1662 2268 Dominus
1683 2222 1766 2268 est
1786 2218 2103 2282 prototypus
2134 2209 2367 2282 Spiritus
2399 2215 2592 2270 sancti.
2631 2213 2720 2271 Sic
2751 2216 2894 2270 enim
2929 2226 2982 2272 et
3033 2215 3190 2272 Pater
3244 2215 3526 2284 Dominus,
3596 2229 3649 2274 et
3693 2219 3775 2273 Fi-

561 2311 668 2366 lius
696 2310 856 2376 Deus,
883 2322 936 2367 et
957 2312 1022 2366 de
1044 2310 1152 2365 Deo
1180 2310 1380 2364 dictum
1406 2317 1487 2364 est
1513 2328 1525 2362 :
1547 2309 1686 2363 Deus
1712 2319 1787 2363 est
1827 2306 2054 2377 Spiritus
2085 2305 2150 2358 ¹⁹.

631 2403 968 2460 Conﬁtemur
1030 2405 1192 2475 igitur
1244 2420 1411 2457 unum
1460 2403 1626 2458 Deum
1681 2419 1907 2466 verum,
1955 2416 2124 2455 unum

562 2497 911 2568 principium,
958 2507 1010 2552 et
1048 2513 1216 2551 unum
1251 2496 1443 2550 Filium
1479 2511 1665 2550 verum
1701 2494 1865 2549 Deum
1897 2509 1963 2549 ex
1996 2509 2124 2549 vero

563 2590 674 2646 Deo
709 2591 1022 2645 naturaliter
1042 2590 1329 2646 Paternam
1363 2590 1696 2644 divinitatem
1731 2588 2039 2653 habentem,
2069 2587 2122 2641 id

562 2693 670 2748 est,
695 2681 978 2754 ὁμοοῦσιον
995 2682 1162 2746 Patri,
1191 2693 1243 2737 et
1273 2699 1436 2735 unum
1457 2681 1713 2751 Spiritum
1740 2689 2004 2743 sanctum,
2029 2679 2121 2748 qui

560 2786 756 2831 natura
799 2785 855 2830 et
907 2775 1133 2830 veritate
1163 2775 1268 2828 vim
1320 2775 1483 2828 habet
1510 2773 1690 2826 omnia
1724 2771 2118 2834 sanctiﬁcandi,

561 2868 616 2922 id
647 2879 748 2934 est,
775 2883 839 2922 ex
870 2867 1172 2922 substantia
1209 2865 1299 2920 Dei
1338 2865 1582 2920 deiﬁcus.
1625 2863 1729 2918 Eos
1761 2879 1888 2918 vero
1917 2864 2009 2932 qui
2037 2862 2118 2917 vel

2311 2396 2598 2469 Ὀμολογοῦ
2607 2416 2703 2468 μεν
2725 2393 2815 2452 οῦν
2841 2398 2936 2453 ἕνα
2961 2398 3091 2452 Θεὸν
3117 2399 3382 2470 ἀληθινὸν,
3421 2401 3550 2471 μίαν
3585 2403 3773 2472 ἀρχὴνι

2227 2489 2320 2544 καὶ
2351 2491 2444 2542 ἕνα
2473 2490 2616 2554 Υἱὸν,
2644 2490 2890 2560 ἀληθινὸν
2916 2491 3045 2543 Θεὸν
3070 2491 3128 2556 ἐξ
3154 2490 3404 2563 ἀληθινοῦ
3427 2492 3585 2556 Θεοῦ,
3622 2511 3769 2562 φυσι-

2225 2582 2337 2645 κῶς
2369 2582 2464 2652 τὴν
2485 2582 2762 2653 Πατρικὴν
2795 2582 3020 2652 θεότητα
3047 2581 3252 2652 ἔχοντα,
3285 2584 3561 2637 τουτέστιν
3593 2587 3791 2655 ὀρθοῦ-ι

2225 2689 2338 2727 σιον
2388 2673 2464 2744 τῷ
2514 2674 2718 2744 Πατρί’
2771 2674 2864 2727 καὶ
2916 2673 2972 2726 ἓν
3024 2673 3244 2744 Πνεῦμα
3295 2676 3446 2742 ἆγιον
3495 2675 3654 2744 φύσει
3686 2678 3772 2729 καὶ

2225 2765 2452 2837 ἀληθείᾳ
2495 2765 2602 2818 τῶν
2656 2765 2870 2818 πάντων
2922 2765 3256 2834 ἀγιαστικὸν,
3286 2768 3376 2820 καὶ
3426 2767 3669 2822 θεοποιὸν
3712 2773 3769 2824 ἐκ

2226 2857 2324 2928 τῆς
2351 2858 2532 2922 οὐσίας
2558 2858 2648 2911 τοῦ
2684 2856 2815 2911 Θεοῦ
2845 2857 3112 2929 ὑπάρχον⁹
3143 2858 3268 2921 τοὺς
3289 2858 3343 2910 δὲ
3370 2859 3401 2929 ἢ
3435 2859 3525 2913 τὸν
3563 2862 3707 2923 Υἱὸν,
3738 2862 3767 2932 ῆ

509 2943 761 3014 6ἷλζςὶτίιίιιιῐι
814 2960 897 3013 vel
936 2958 1200 3027 Spiritum
1255 2965 1503 3010 sanctum
1557 2964 1860 3010 creaturam
1913 2954 2118 3019 dicunt,

2223 2950 2282 3002 τὸ
2313 2949 2533 3020 Πνεῦμα
2576 2950 2635 3002 τὸ
2667 2949 2838 3017 ἅγιον,
2872 2951 3075 3020 κτίσμα
3107 2949 3355 3017 λέγοντας
3388 2951 3766 3022 ἁναθεματίξο-

560 3051 1104 3104 anathematizamus.
1152 3047 1344 3102 Omnia
1377 3063 1506 3101 vero
1534 3047 1636 3100 alia
1667 3046 1989 3100 conﬁtemur
2039 3044 2120 3098 fa-

557 3152 647 3196 cta
671 3157 812 3206 esse,
845 3151 900 3195 ct
932 3156 1084 3195 serva
1114 3156 1143 3194 a
1186 3139 1295 3193 Deo
1323 3149 1499 3194 creata
1536 3155 1630 3207 per
1662 3137 1879 3202 Filium,
1908 3138 1964 3190 in
1998 3136 2120 3206 Spi-

538 3217 667 3283 ‘ritu
717 3239 904 3284 sancto
954 3230 1289 3284 satlctilieata
1331 3230 1430 3298 (5).
1485 3227 1749 3282 Praeterea
1799 3227 2121 3282 conﬁtemur

559 3319 755 3374 Filium
805 3320 896 3374 Dei
945 3320 1146 3374 factum
1181 3335 1301 3374 esse
1349 3318 1517 3372 ﬁlium
1575 3317 1829 3382 hominis,
1867 3319 1958 3388 qui
2007 3334 2118 3372 non

560 3412 782 3465 nomine
829 3411 922 3465 sed
971 3411 1200 3466 veritate
1243 3409 1537 3478 assumpsit
1579 3423 1795 3463 carnem
1845 3425 1910 3463 ex
1949 3407 2117 3464 Maria

567 3502 800 3573 Virgine,
834 3517 1062 3572 esseque
1089 3501 1385 3572 perfectum
1418 3500 1612 3554 Filium
1645 3499 1833 3567 Deum,
1870 3509 1925 3554 et
1966 3516 2118 3554 eum-

556 3594 680 3650 dem
709 3595 875 3648 ﬁlium
911 3594 1165 3658 hominis,
1191 3608 1352 3646 unatn
1385 3607 1691 3662 personam,
1722 3600 1773 3646 et
1806 3609 1967 3646 unam
1990 3594 2117 3648 ado-

555 3686 821 3741 rationem
852 3684 1015 3740 Verbi
1049 3694 1104 3739 et
1145 3685 1327 3739 carnis
1356 3700 1518 3754 quam
1550 3685 1864 3753 assumpsit,
1906 3693 1959 3740 et
1985 3701 2118 3740 ana-

555 3780 971 3834 thematizamus
1017 3795 1111 3833 eos
1155 3778 1248 3848 qui
1291 3778 1599 3833 differentes
1647 3778 1990 3833 adorationes
2035 3777 2117 3832 fa-

557 3878 730 3945 ciunt,
772 3894 935 3932 unam
983 3877 1244 3939 divinam,
1280 3887 1333 3933 et
1364 3893 1528 3932 unam
1556 3878 1870 3942 humanam,
1903 3883 1957 3930 et
1982 3873 2113 3928 ado-

556 3979 740 4022 rantes
784 3970 1059 4023 hominem
1089 3985 1153 4024 ex
1191 3968 1357 4023 Maria
1385 3980 1636 4039 tanquam
1668 3969 1895 4024 alterum
1922 3974 2116 4035 praeter

555 4059 725 4116 Deum
757 4076 821 4115 ex
852 4060 981 4116 Deo.
1021 4061 1237 4116 Scimus
1273 4062 1415 4115 enim
1449 4061 1668 4131 quodin
1707 4060 1966 4130 principio
2001 4067 2112 4111 erat

564 4148 806 4215 Verbum,
857 4164 902 4206 et
966 4151 1188 4207 Verbum
1226 4162 1337 4208 erat
1373 4154 1512 4222 apud
1545 4152 1732 4215 Deum,
1762 4161 1810 4204 et
1839 4150 1976 4204 Deus
2001 4159 2112 4204 erat

562 4241 788 4297 Verbum
809 4246 874 4297 '°.
905 4245 1125 4302 Factum
1160 4262 1287 4302 vero
1317 4245 1588 4299 hominem
1619 4252 1840 4315 propter
1869 4252 2107 4297 nostram

555 4331 808 4394 salutem,
852 4333 1144 4389 adoramus
1185 4350 1292 4388 non
1331 4342 1585 4403 tanquam
1617 4333 1878 4402 aequalem
1907 4330 2107 4386 factum

553 4420 609 4474 in
640 4423 831 4490 aequali
860 4438 1105 4494 corpore,
1138 4424 1229 4479 sed
1264 4433 1520 4494 tanquam
1546 4424 1853 4488 Dominum,
1876 4423 1967 4492 qui
1996 4422 2110 4476 for-

551 4525 697 4564 mam
720 4513 861 4566 servi
894 4515 1210 4584 sumpsit“.
1260 4513 1593 4569 Conﬁtemur
1642 4514 1946 4584 passionem
2003 4512 2107 4568 Do-

549 4601 684 4655 mini
713 4604 1007 4658 secundum
1052 4621 1290 4674 carnem,
1329 4607 1782 4662 resurrectionem
1823 4606 1876 4659 in
1911 4605 2106 4660 virtute

551 4691 846 4748 divinitatis
871 4695 1009 4763 ejus,
1038 4698 1410 4752 ascensionem
1439 4698 1491 4751 in
1523 4698 1706 4764 caelos,
1732 4706 1785 4752 et
1809 4697 2102 4769 gloriosum

549 4780 836 4835 adventum
865 4782 1014 4852 ejus:
1045 4787 1137 4854 qui
1167 4796 1423 4842 venturus
1453 4798 1537 4842 est
1565 4788 1630 4841 ad
1661 4787 1924 4857 judicium
1948 4788 2103 4840 vivo-

548 4887 670 4926 rum
692 4881 746 4927 et
766 4885 1121 4940 mortuorum,
1144 4887 1198 4931 et
1217 4880 1283 4932 ad
1303 4879 1467 4933 vitam
1493 4887 1746 4934 aeternam
1766 4885 2097 4933 sanctorum.

619 4963 686 5018 Et
717 4967 843 5035 quia
875 4968 1116 5022 nonnulli
1149 4971 1334 5026 turbas
1368 4971 1526 5025 nobis
1557 4971 1884 5034 excitarunt,
1918 4971 2098 5022 niten-

547 5065 632 5111 tes
660 5066 898 5113 evertere
925 5060 1081 5114 ﬁdem
1114 5071 1354 5115 nostram
1400 5062 1454 5115 in
1494 5060 1768 5116 Christum
1808 5060 2096 5114 Dominum

549 5159 819 5215 nostrum,
871 5167 978 5206 non
1019 5153 1336 5208 conﬁtentes
1369 5152 1534 5207 Deum
1569 5169 1690 5209 esse
1733 5155 2094 5215 incarnatum,

549 5239 643 5293 sed
672 5239 1407 5316 homineerqcopulatum
1438 5259 1450 5293 :
1479 5242 1679 5295 idcirco
1703 5239 2096 5296 confessionem

547 5330 761 5387 edimus
794 5331 861 5388 de
901 5333 1022 5395 ﬁde.
1057 5350 1217 5404 quam
1260 5334 1520 5399 diximus,
1550 5334 1855 5402 rejicientes
1885 5340 2096 5387 contra-

620 5473 662 5505 "
678 5468 838 5528 Joan.
866 5487 938 5534 tv,
977 5472 1068 5527 24.
1143 5472 1186 5502 ¹⁰
1215 5469 1370 5525 Joau.
1401 5487 1436 5533 ι,
1466 5470 1516 5523 l.
1590 5471 1632 5501 ἰ
1663 5467 1858 5538 Philip.
1888 5485 1948 5533 ιι,
1978 5467 2029 5521 7.

2139 4300 2182 4354 Ι)

2226 3058 2350 3111 μεν·
2385 3042 2453 3094 τά
2496 3041 2551 3093 δὲ
2602 3041 2735 3094 ἄλλα
2767 3044 2940 3095 πάντα
2974 3041 3336 3112 ὁμολογοῦμεν
3371 3044 3650 3113 ποιήματα
3685 3047 3769 3099 καὶ

2216 3133 2380 3186 δοῦλα
2402 3133 2684 3186 κτισθέντα
2709 3133 2811 3185 ὑπὸ
2836 3133 2967 3186 Θεοῦ
3003 3134 3068 3187 δι’
3097 3133 3224 3186 Υίοῦ
3253 3136 3309 3188 ἐν
3342 3135 3618 3206 Πνεῦμα-τι
3639 3136 3770 3207 ἁγίῳ

2219 3225 2563 3293 ἀγιασθέντα.
2612 3226 2731 3278 Ἔτι
2781 3224 3142 3295 ὁμολογοῦμεν
3185 3226 3274 3279 τὸν
3326 3227 3454 3279 Υίὸν
3499 3227 3592 3280 τοῦ
3642 3227 3768 3283 Θεοῦ

2221 3317 2330 3368 υἱὸν
2365 3315 2648 3387 ἀνθρώπου
2673 3317 2992 3388 γεγενῆσθαι
3016 3318 3116 3370 οὑκ
3143 3319 3363 3389 ὀνόματι
3389 3319 3524 3373 ἀλλὰ
3553 3322 3770 3396 ἀληθεία

2218 3406 2590 3477 προσλαϐόντα
2623 3406 2800 3477 σάρκα
2829 3409 2892 3458 ἐκ
2921 3406 3137 3478 Μαρίας
3170 3401 3443 3478 Παρθένοῦ
3466 3425 3480 3438 ·
3520 3411 3614 3462 καὶ
3638 3406 3769 3463 εἶναι

2217 3498 2418 3552 τέλειον
2456 3497 2614 3551 αὑτὸν
2648 3497 2774 3551 Υἱὸν
2819 3497 2951 3551 Θεοῦ
2985 3499 3076 3551 καὶ
3109 3499 3268 3552 αὑτὸν
3312 3499 3422 3553 υἱὸν
3463 3500 3770 3572 ἀνθρώπου,

2217 3590 2274 3643 ἓν
2299 3591 2603 3662 πρόσωπον,
2635 3590 2725 3643 καὶ
2758 3591 2882 3661 μίαν
2915 3589 3011 3661 τὴν
3044 3591 3410 3663 προσκύνησιν
3456 3593 3550 3646 τοῦ
3605 3597 3771 3664 Λόγου

2212 3683 2307 3736 καὶ
2354 3683 2450 3754 τὴς
2496 3683 2691 3754 σαρκὸς
2731 3685 2795 3753 ἣν
2843 3682 3127 3736 ἀνέλαϐεν·
3173 3685 3265 3738 καὶ
3311 3685 3773 3759 ἀναθεματίζομεν

2213 3775 2339 3839 τοὺς
2360 3775 2645 3846 διαφόρους
2667 3777 3058 3847 προσκυνήσεις
3082 3776 3386 3840 ποιοῦντας,
3414 3779 3537 3850 μίαν
3565 3780 3770 3852 θεῖκὴνν

2215 3865 2309 3918 καὶ
2359 3865 2484 3935 μίαν
2525 3865 2901 3935 ἀνθρωπίνην·
2953 3865 3045 3919 καὶ
3100 3869 3523 3937 προσκυνοῦντες
3575 3872 3665 3924 τὸν
3712 3875 3774 3926 ἐκ

2213 3957 2428 4026 Μαρίας
2459 3956 2736 4027 ἄνθρωπον
2763 3957 2837 4020 ὡς
2861 3957 3045 4028 ἕτερον
3077 3959 3202 4012 ὄντα
3235 3961 3381 4033 παρά
3414 3962 3504 4016 τὸν
3541 3966 3606 4016 ὲκ
3635 3963 3768 4017 Θεοῦ

2213 4043 2344 4098 Θεόν
2367 4063 2382 4075 ·
2416 4047 2630 4116 οἴδαμεν
2677 4047 2783 4117 γὰρ
2833 4048 2912 4100 ὅτι
2961 4049 3030 4100 ἐν
3073 4048 3230 4118 ἀρχῇ
3255 4050 3372 4120 μὲν
3399 4048 3478 4120 ἦν
3510 4056 3542 4106 ὀ
3563 4055 3772 4124 Λόγος,

2211 4138 2307 4191 καὶ
2337 4141 2369 4192 ό
2398 4139 2583 4205 Λόγος
2609 4134 2688 4207 ἦν
2711 4138 2858 4206 πρὸς
2884 4139 2989 4192 τὸν
3019 4140 3182 4205 Θεὸν,
3207 4143 3303 4194 καὶ
3335 4142 3475 4209 Θεὸς
3501 4144 3582 4211 ἦν
3607 4150 3639 4199 ὁ
3662 4149 3771 4200 Λόρ-

2211 4246 2334 4299 τος.
2366 4229 2656 4300 Γενόμενον
2679 4230 2735 4282 δὲ
2764 4231 2925 4283 αὐτὸν
2953 4231 3232 4303 ἄνθρωπον
3255 4232 3339 4286 διὰ
3369 4232 3464 4304 τὴν
3497 4237 3769 4306 ἡμετέραν

2216 4321 2482 4392 σωτηρίαν
2524 4319 2951 4392 προσκυνοῦμεν,
3004 4323 3100 4393 οὐχ
3131 4323 3205 4387 ῶς
3245 4319 3357 4377 ἴσον
3390 4326 3445 4377 ἐν
3481 4326 3580 4396 ἴσῳ
3613 4328 3767 4395 γενό-

2217 4429 2374 4482 μενον
2421 4411 2495 4482 τῷ
2535 4411 2773 4481 σώματι,
2815 4412 2929 4465 ἀλλ’
2974 4413 3047 4476 ὼς
3076 4415 3348 4486 Δεσπότην
3392 4417 3766 4489 προσλαϐόντα

2210 4504 2306 4576 τὴν
2338 4503 2430 4557 τοῦ
2460 4503 2642 4557 δούλου
2675 4505 2900 4576 μορφήν.
2953 4505 3342 4578 Ὀμολογοῦμεν
3373 4509 3433 4561 τὸ
3465 4510 3638 4574 πάθος
3672 4512 3764 4566 τοῦ

2211 4601 2414 4669 Κυρίου
2445 4599 2583 4652 κατὰ
2614 4599 2809 4668 σάρκα,
2844 4595 2943 4669 τὴν
2985 4599 3273 4653 ἀνάστασιν
3303 4602 3360 4653 ὲν
3388 4601 3613 4672 δυνάμει
3647 4604 3766 4658 θεό-

2210 4709 2367 4763 τητος
2399 4690 2582 4755 αὑτοῦ,
2617 4691 2713 4762 τὴν
2745 4693 2822 4754 εἰς
2873 4691 3127 4763 οὐρανοὺς
3169 4692 3449 4754 ἀνάϐασιν,
3485 4694 3582 4765 τὴν
3626 4696 3762 4749 ἔνδο-

2211 4784 2298 4848 ξον
2335 4784 2496 4839 αὐτοῦ
2539 4783 2834 4854 παρουσίαν
2874 4785 3165 4856 ἐρχομένου
3210 4787 3301 4839 ἐπὶ
3338 4788 3515 4860 κρίσει
3549 4789 3761 4854 ζώντων

2207 4877 2299 4930 καὶ
2326 4875 2550 4948 νεκρῶν,
2590 4876 2680 4928 καὶ
2713 4875 2822 4945 ζωῇ
2855 4877 3054 4946 αἰωνίῳ
3084 4876 3190 4931 τῶν
3221 4879 3406 4946 ἁγίων.

2275 4969 2383 5020 Καὶ
2426 4967 2607 5037 ἐπειδὴ
2639 4967 2780 5030 τινὲς
2823 4967 3233 5039 παρηνόχλησαν
3278 4971 3408 5040 ἡμῖν
3437 4971 3761 5042 ἀνατρέπειν

2209 5059 2606 5130 ἐπιχειροῦντες
2631 5060 2729 5130 τὴν
2771 5061 2948 5114 πίστιν
2985 5061 3140 5132 ήμῶν
3181 5061 3278 5133 τὴν
3321 5066 3398 5126 είς
3438 5064 3529 5117 τὸν
3558 5064 3758 5136 Κύριον

2206 5151 2358 5223 ἡμῶν
2395 5149 2598 5223 Ἰησοῦν
2628 5151 2717 5204 τὸν
2745 5151 2993 5223 Χριστὸν,
3023 5153 3082 5206 οὐ
3115 5153 3243 5206 Θεὸν
3276 5155 3620 5225 σαρκωθέντα
3641 5159 3761 5226 ὁμον

2203 5241 2484 5309 λογοῦντες
2520 5241 2698 5303 αὑτὸν,
2729 5241 2862 5295 ἀλλά
2909 5241 3189 5314 ἄνθρωπον
3236 5242 3354 5312 Θεῷ
3400 5244 3757 5312 συναφθέντα,

2201 5331 2388 5386 τούτου
2433 5331 2588 5401 χάριν
2631 5330 2913 5400 ὁμολογίαν
2943 5330 3238 5402 ποιούμεθα
3278 5333 3400 5403 περὶ
3432 5332 3530 5402 τῆς
3572 5349 3759 5403 προει-

617 5559 711 5631 (ιο)
741 5562 900 5618 Forte
927 5563 1114 5633 legerit
1146 5565 1407 5634 interpres
1433 5582 1446 5618 :
1471 5564 1582 5618 ἀλλ’
1614 5559 1695 5626 εἷς
1722 5563 1852 5626 Θεὸς
1889 5564 1915 5615 ὁ
1949 5562 2118 5634 Πατὴε

2221 5553 2270 5625 ῖς
2295 5560 2517 5632 Κύριος,
2551 5568 2678 5622 etc.,
2722 5569 2773 5614 et
2817 5560 2895 5615 sic
2927 5560 3141 5631 quidem
3187 5559 3577 5615 restituendum
3635 5571 3759 5614 esse

548 5639 752 5684 textum
777 5634 1067 5688 credimus.
1105 5635 1260 5690 Em'r.
1302 5635 1539 5689 ΡΑτιιοι..

622 5699 698 5770 (5)
717 5701 1059 5773 Sanctiﬁcata
1079 5705 1132 5760 in
1149 5706 1351 5776 Spiritu
1368 5717 1554 5763 sancto
1566 5704 1694 5762 dicit
1710 5720 1829 5776 qua
1845 5713 1972 5762 sunt
1989 5704 2179 5760 idonea
2202 5703 2267 5759 ad
2283 5703 2638 5774 recipiendam
2659 5699 3160 5770 sanctiﬁcationem,
3179 5710 3238 5757 ut
3250 5701 3531 5758 rationalia
3545 5699 3726 5757 omnia
3739 5736 3758 5753 .
