3938 6282
177 254 310 311 ΗΠ

1433 252 1620 306 ΚΑΤΑ
1653 251 1880 306 ΜΕΡΟΣ
1911 249 2152 304 ΠΙΣΤΙΣ.

3258 240 3394 296 HIS

175 367 422 444 ρημένης
460 367 713 429 πίστεως,
758 364 1106 428 ἐκϐάλλοντες
1143 364 1242 434 τὴν
1273 363 1496 417 ἄπιστον
1539 362 1748 416 ἀντιλο-

1864 361 2144 416 licentium
2175 359 2474 428 perﬁdiam.
2512 355 2655 411 Deus
2680 355 2824 410 enim
2851 354 3090 409 humana
3120 366 3282 408 carne
3306 355 3394 409 in-

173 462 333 528 γίαν·
380 457 512 520 Θεὸς
544 455 652 523 γάρ
684 453 985 525 σαρκωθεὶς
1013 451 1324 524 ἀνθρωπίνῃ
1366 451 1548 524 σαρκὶ,
1576 448 1743 503 καθα-

177 552 279 624 ράν
321 550 438 619 ἔχει
464 549 561 618 τὴν
595 547 727 602 ἰδίαν
762 547 1062 617 ὲνέργειαν,
1098 544 1220 606 νοῦς
1253 544 1514 614 ἀήττητος
1538 542 1612 596 ῶν
1638 541 1744 592 τῶν

168 641 422 716 ψυχικῶν
437 641 525 692 καὶ
543 636 815 710 σαρκικῶν
830 637 971 707 παθη
981 637 1178 706 μάτων·
1197 637 1290 688 καὶ
1303 635 1447 702 ἄγων
1460 633 1554 703 τὴν
1570 633 1746 702 σάρκα

173 738 271 791 καὶ
299 734 399 796 τὰς
429 732 691 803 σαρκικάς
719 731 958 797 κινήσεις
987 726 1178 790 θεῖκῶς
1219 743 1280 778 τε
1312 726 1403 778 καὶ
1433 725 1746 794 ἀναμαρτή-

173 844 313 889 τως·
343 826 439 878 καὶ
471 825 530 876 ού
561 821 718 894 μόνον
748 822 1051 891 ἀκράτητος
1084 819 1312 886 Θανάτῳ,
1336 815 1468 870 ἀλλά
1492 815 1583 868 καὶ
1605 813 1745 866 λύων

176 919 438 972 θάνατον·
477 916 568 969 καὶ
595 915 708 967 ἔστι
739 912 868 975 Θεὸς
897 910 1144 981 ἀληθινὸς
1171 912 1200 963 ὁ
1225 909 1462 979 ἄσαρκος
1495 909 1552 960 ὲν
1581 906 1744 976 σαρκῖ⁴

176 1009 538 1081 φανερωθεὶς,
561 1006 763 1068 τέλειος
793 1007 858 1074 τῇ
895 1003 1118 1073 ἀληθινῇ
1154 1001 1246 1055 καὶ
1280 999 1399 1071 θείᾳ
1425 997 1741 1068 τελειότητι,

176 1104 242 1156 οὐ
274 1102 371 1155 δύο
403 1099 689 1171 πρόσωπα,
719 1095 835 1150 οὐδὲ
865 1093 972 1166 γάρ
1011 1093 1249 1163 τέσσαρα
1291 1091 1610 1161 προσκυνεῖν
1651 1088 1744 1140 λέ·-

176 1211 377 1266 γομεν,
423 1191 555 1244 Θεὸν
609 1191 702 1242 καὶ
760 1187 885 1240 Υίὸν
942 1183 1097 1248 Θεοῦ,
1149 1184 1242 1236 καὶ
1299 1183 1601 1253 ἄνθρωπον,
1652 1179 1746 1232 καὶ

179 1286 415 1356 Πνεῦμα
455 1285 625 1352 ἀγιον.
658 1280 748 1333 Διὸ
791 1279 882 1332 καὶ
920 1276 1378 1348 ἀναθεματίξομεν
1405 1275 1531 1336 τοὺς
1577 1271 1748 1344 οὓτως

178 1349 533 1436 ἀσεϐοῦντας,
566 1373 688 1432 τοὺς
715 1369 995 1441 ἄνθρωπον
1027 1369 1084 1419 ὲν
1112 1369 1176 1436 τῇ
1210 1364 1330 1435 θείᾳ
1358 1349 1630 1432 όοξολογία
1668 1379 1750 1414 τι-

180 1463 414 1525 θέντας·
447 1463 605 1531 ὴμεῖς
647 1459 756 1528 γάρ
787 1457 962 1526 φαμὲν
991 1454 1268 1526 ἄνθρωπον
1301 1453 1624 1522 γεγενῆσθαι
1660 1452 1747 1505 τὸν

179 1562 280 1616 τοῦ
341 1560 472 1613 Θεοῦ
522 1559 689 1626 Λόγον
748 1556 882 1626 πρὸς
939 1553 1208 1625 σωτηρίαν
1255 1551 1409 1622 ἡμῶν
1435 1591 1450 1615 ,
1506 1552 1593 1604 ἵνα
1651 1551 1749 1620 τὴν

181 1655 444 1725 ὁμοίωσιν
474 1651 566 1705 τοῦ
609 1648 930 1722 ἐπουρανίου
980 1646 1251 1716 λάϐωμεν,
1281 1645 1373 1697 καὶ
1419 1642 1746 1714 θεοποιηθῶ-

1845 461 2098 507 earnatus
2130 465 2321 520 puram
2353 449 2513 502 habet
2533 445 2807 516 propriam
2842 445 3232 513 operationem,
3259 457 3384 497 cum

1847 543 1918 598 sit
1959 558 2111 596 mens
2154 541 2500 610 passionibus
2540 538 2734 590 animae
2770 543 2824 590 et
2866 536 3046 590 carnis
3087 534 3309 598 invicta,
3337 541 3396 587 et

1845 649 2063 688 carnem
2115 649 2178 687 ac
2233 633 2412 686 carnis
2460 639 2643 683 motus
2691 627 2872 682 divine
2913 642 2977 680 ac
3025 626 3140 680 sine
3177 633 3403 695 peccato

1847 727 2154 779 moderans.
2184 724 2285 789 Qui
2321 739 2427 776 non
2473 722 2648 776 solum
2683 736 2712 772 a
2755 727 2929 772 morte
2958 719 3134 778 teneri
3161 733 3268 771 non
3303 731 3402 785 po—

1846 815 1969 882 tuit,
2006 815 2098 870 sed
2131 815 2293 868 etiam
2325 822 2550 866 mortem
2584 810 2813 873 delevit;
2844 818 2898 862 et
2931 817 3012 862 est
3040 806 3182 860 Deus
3220 821 3400 870 verus,

1848 908 1940 976 qui
1973 907 2152 960 carnis
2178 921 2397 974 expers,
2427 903 2478 957 in
2505 917 2667 957 carne
2697 899 2962 970 apparuit,
2989 897 3255 967 perfectus
3276 910 3400 949 vera

1847 1011 1901 1053 et
1951 999 2131 1053 divina
2187 997 2540 1067 perfectione.
2590 994 2707 1047 Non
2746 995 2865 1047 duae
2919 1005 3182 1060 personae,
3229 1002 3427 1056 neque-

1847 1089 1970 1144 duae
2012 1100 2239 1151 natura},
2281 1104 2378 1142 nec
2424 1089 2567 1140 enim
2615 1096 2849 1156 quatuor
2881 1083 3097 1137 adorari
3145 1082 3401 1146 dicimus,

1847 1182 2040 1246 Deum,
2093 1191 2147 1236 et
2190 1181 2388 1235 Filium
2442 1179 2558 1246 Dei,
2611 1188 2663 1233 et
2713 1179 3009 1243 hominem,
3037 1184 3091 1230 et
3142 1174 3402 1243 Spiritum

1849 1283 2119 1330 sanetum.
2160 1273 2363 1329 Idcirco
2387 1288 2481 1326 eos
2511 1269 3057 1330 anathematizamus,
3082 1266 3172 1334 qui
3200 1266 3280 1320 sic
3309 1265 3406 1318 im-

1846 1367 1920 1436 pii
1955 1349 2230 1435 suut,'quni
2276 1364 2552 1419 hominem
2608 1362 2663 1414 in
2719 1361 2900 1414 divina
2951 1359 3259 1412 laudatione
3308 1372 3415 1426 po-

1848 1467 2004 1511 nunt.
2027 1455 2138 1510 Nos
2170 1457 2313 1510 enim
2359 1456 2592 1509 dicimus
2623 1451 2860 1505 Verbum
2900 1449 2993 1503 Dei
3026 1449 3227 1502 factum
3283 1462 3410 1502 esse

1849 1548 2124 1602 hominem
2170 1547 2234 1600 ad
2281 1555 2523 1599 nostram
2584 1543 2835 1610 salutem,
2891 1551 2950 1594 ut
2997 1538 3406 1593 similitudinem

1851 1637 2089 1694 caelestis
2140 1637 2438 1705 capiamus,
2467 1643 2520 1688 et
2554 1634 2874 1688 deiﬁcemur
2896 1633 2962 1686 ad
2995 1629 3407 1684 similitudinem

187 1710 292 1816 μεν
325 1745 456 1816 πρὸς
483 1710 772 1813 ὁμοιότητά
801 1740 893 1793 τοῦ
942 1739 1083 1793 κατά
1131 1710 1288 1806 ίρύσιν
1334 1735 1582 1807 ἀληθινοῦ
1619 1710 1746 1788 Ῠὶοῦ

1864 1732 1958 1785 veri
1985 1730 2281 1784 secundum
2330 1737 2578 1780 naturam
2622 1723 2739 1776 Filii
2773 1722 2890 1785 Dei,
2944 1720 3239 1775 secundum
3279 1732 3418 1776 vero-

182 1838 282 1892 τοῦ
324 1835 478 1900 Θεοῦ,
509 1835 650 1889 κατά
692 1834 870 1905 σάρκα
919 1832 974 1886 δὲ
1025 1829 1155 1884 Υἱοῦ
1200 1827 1506 1900 ἀνθρώπου,
1545 1828 1749 1899 Κυρίου

183 1929 346 2001 ὴμῶν
383 1928 557 1999 Ἰησοῦ
588 1924 845 1998 Χριστοῦ.

257 2019 590 2090 Πιστεύομεν
617 2019 792 2072 τοίνυν
827 2019 906 2080 είς
934 2017 1029 2070 ’ἐνα
1048 2017 1198 2081 Θεὸν,
1223 2015 1499 2070 τουτέστιν
1521 2013 1600 2075 είς
1625 2012 1752 2083 μίαν

188 2113 382 2187 ἀρχὴν,
405 2112 496 2164 τὸν
529 2110 659 2163 Θεὸν
701 2109 792 2163 τοῦ
817 2109 997 2179 Νόμου
1040 2108 1132 2162 καὶ
1164 2107 1255 2161 τοῦ
1291 2104 1641 2173 Εὑαγγελίου,
1675 2102 1755 2154 δίο

189 2223 342 2258 καιον
367 2204 462 2256 καί
491 2201 720 2270 ἀγαθόν·
763 2201 853 2254 καὶ
885 2202 965 2264 είς
1005 2200 1104 2254 ἕνα
1135 2198 1334 2269 Κύριον
1378 2195 1580 2268 Ἰησοῦν
1618 2197 1752 2266 Χρι-

179 2269 336 2359 ’στὸν,
361 2295 493 2348 Θεὸν
519 2269 786 2364 ἀληθινὸν,
813 2292 1090 2346 τουτέστιν
1116 2291 1299 2344 εἰκόνα
1325 2287 1577 2360 ἀληθινοῦ
1597 2285 1750 2350 Θεοῦ,

189 2386 518 2460 δημιουργὸν
568 2393 780 2438 πάντων
829 2380 1037 2454 ὁρατῶν
1082 2397 1141 2433 τε
1189 2381 1283 2433 καὶ
1323 2377 1592 2449 ἀοράτων,
1626 2377 1752 2428 Υίὸν

190 2478 330 2534 Θεοῦ
380 2477 475 2530 καὶ
523 2476 769 2547 γέννημα
820 2474 1098 2544 μονογενὲς
1123 2512 1138 2537 ,
1197 2471 1292 2525 καὶ
1347 2469 1512 2524 ἀΐδιον
1564 2468 1752 2536 Λόγον,

188 2571 370 2637 ζῶντα
385 2570 475 2623 καί
488 2567 772 2637 ὑφεστῶτα
783 2567 876 2620 καὶ
892 2569 973 2619 ένε
981 2565 1126 2636 ργὸν,
1141 2564 1226 2618 ἀεὶ⁸
1241 2563 1462 2616 συνόντα
1475 2560 1548 2632 τῷ
1562 2555 1752 2630 Πατρὶ·

190 2665 286 2717 καὶ
319 2665 400 2725 είς
415 2663 478 2714 ἒν
499 2662 651 2728 ᾶγιον
676 2658 928 2729 Πνεῦμα·
979 2658 1072 2710 καὶ
1105 2658 1182 2720 είς
1217 2655 1516 2726 παρουσίαν
1553 2649 1757 2715 ἔνδοξον

192 2754 286 2807 τοῦ
302 2753 432 2806 Υίοῦ
467 2752 560 2805 τοῦ
576 2751 710 2804 Θεοῦ
747 2751 924 2822 σάρκα
960 2747 1211 2810 λαϐόντος
1232 2747 1328 2816 τὴν
1363 2749 1426 2799 ἐκ
1460 2742 1754 2815 Παρθένου,

188 2847 288 2899 τοῦ
322 2845 435 2898 ἀνθ’
468 2843 624 2915 ἡμῶν
657 2841 1042 2913 ὑπομείναντος
1085 2838 1232 2909 πάθη
1263 2839 1355 2892 καὶ
1389 2837 1633 2898 θάνατον,
1669 2835 1761 2887 καὶ

187 2936 438 2999 ἐλθόντος
463 2938 543 2998 είς
571 2935 861 2988 ἀνάστασιν
887 2935 951 3004 τῇ
982 2932 1141 3004 τρίτῃ
1166 2931 1365 3002 ἡμέρᾳ,
1416 2929 1509 2982 καὶ
1561 2926 1758 2994 ἀναλη-

1850 1838 2069 1880 carnem
2109 1821 2233 1874 Filii
2283 1818 2545 1884 hominis,
2583 1815 2796 1870 Domini
2830 1813 3000 1868 nostri
3027 1811 3154 1866 Jesu
3182 1809 3417 1863 Christi-

1919 2004 2206 2060 Credimus
2234 2000 2399 2071 igitur
2429 1999 2484 2053 in
2513 2013 2680 2052 unum
2715 1996 2906 2060 Deum,
2935 1993 2985 2048 id
3021 2001 3122 2057 est,
3158 1992 3211 2045 in
3240 2007 3410 2045 unum

1850 2095 2202 2168 principium,
2252 2091 2420 2146 Deum
2480 2089 2638 2160 Legis
2680 2099 2734 2142 et
2781 2084 3078 2154 Evangelii,
3121 2083 3326 2152 justum
3357 2091 3414 2136 et

1851 2191 2172 2252 bonum;et
2233 2185 2286 2237 in
2335 2195 2503 2235 unum
2544 2178 2832 2232 Dominum
2887 2173 3070 2228 Jesum
3131 2173 3410 2227 Christum

1855 2281 2022 2335 Deum
2060 2291 2273 2341 verum,
2312 2274 2365 2328 id
2414 2281 2516 2336 est,
2549 2271 2835 2340 imaginem
2874 2282 3054 2321 veram
3085 2265 3257 2321 solius
3293 2265 3410 2321 veri

1853 2371 1987 2436 Dei;
2021 2376 2318 2423 creatorem
2359 2362 2600 2416 omnium
2633 2358 2923 2412 visibilium
2949 2365 3001 2409 et
3028 2355 3404 2418 invisibilium,

1856 2463 2054 2518 Filium
2091 2460 2205 2524 Dei,
2238 2467 2292 2513 et
2320 2457 2485 2512 fetum
2518 2452 2876 2522 unigenitum,
2914 2457 2964 2502 et
2986 2457 3245 2502 aeternum
3283 2445 3414 2500 Ver-

1857 2558 1986 2612 bum
2019 2556 2228 2615 vivens,
2286 2559 2339 2605 et
2374 2564 2468 2618 per
2515 2562 2574 2602 se
2627 2545 2893 2599 exsistens
2939 2551 3102 2609 atque
3159 2554 3417 2608 operans,

1861 2664 2075 2718 semper
2117 2661 2238 2700 cum
2298 2641 2454 2697 Patre
2494 2654 2756 2701 manens;
2782 2647 2833 2690 et
2869 2637 2922 2689 in
2951 2649 3119 2688 unum
3165 2642 3414 2686 sanctum

1863 2741 2156 2812 Spiritum;
2187 2745 2241 2790 et
2270 2736 2323 2789 in
2352 2733 2639 2788 adventum
2692 2729 2989 2801 gloriosum
3020 2725 3141 2780 Filii
3174 2724 3290 2790 Dei,
3319 2722 3415 2793 qui

1862 2847 2080 2890 carnem
2131 2827 2336 2896 accepit
2360 2841 2424 2879 ex
2458 2822 2701 2892 Virgine,
2730 2831 2784 2876 et
2816 2837 2912 2890 pro
2939 2820 3098 2874 nobis
3126 2819 3414 2887 passiones

1861 2936 1913 2981 et
1939 2933 2165 2978 mortem
2191 2917 2471 2983 sustinuit,
2504 2924 2556 2970 et
2586 2915 2744 2968 tertia
2791 2912 2878 2966 die
2904 2911 3236 2973 resurrexit"
3249 2919 3300 2963 et
3324 2923 3415 2962 as-

183 3029 398 3099 φθέντα
440 3030 518 3091 είς
553 3026 840 3098 οὐρανούς·
876 3027 969 3079 καὶ
1000 3027 1077 3088 είς
1107 3024 1203 3094 τὴν
1234 3022 1527 3093 μέλλουσαν
1556 3018 1757 3084 ἔνδοξον

1866 3025 2115 3085 sumptus
2136 3012 2294 3068 estin
2327 3010 2526 3075 caelos;
2548 3019 2600 3061 et
2627 3007 2679 3060 in
2699 3005 2939 3058 futurum
2982 3002 3268 3058 adventum
3303 2999 3419 3068 glo-

185 3121 359 3176 αῦτοῦ
401 3119 696 3191 παρουσίαν
721 3136 736 3150 ·
785 3119 877 3172 καὶ
917 3119 997 3181 είς
1043 3117 1168 3187 μίαν
1213 3116 1372 3184 ἁγίαν
1412 3112 1753 3184 Ἐκκλησίαν,

185 3215 390 3283 ἄφεσιν
431 3210 734 3283 ἁμαρτιῶν,
761 3211 960 3282 σαρκὸς
997 3210 1310 3272 ἀνάστασιν,
1336 3207 1479 3280 ζωὴν
1520 3205 1754 3260 αἰώνιον.

279 3303 679 3376 Ὀμολογοῦμεν
703 3303 988 3373 όμοούσιον
1023 3297 1162 3356 εἶναι
1196 3301 1272 3372 τῷ
1298 3301 1472 3372 Πατρὶ
1497 3300 1588 3353 τὸν
1633 3299 1759 3353 Υίὸν

192 3401 291 3453 καὶ
333 3399 392 3451 τὸ
436 3397 691 3468 Πνεῦμα·
729 3399 822 3449 καὶ
867 3397 993 3468 μίαν
1023 3395 1120 3466 τὴν
1160 3396 1344 3448 οὐσίαν
1369 3395 1468 3464 τῆς
1513 3391 1756 3463 Τριάδοςς

188 3491 472 3546 τουτέστιν
508 3489 630 3561 μίαν
656 3489 887 3559 θεότητα
919 3488 1178 3558 φυσικῶς,
1197 3487 1486 3556 ἀγεννήτου
1516 3484 1761 3555 μένοντος

194 3593 290 3645 τοῦ
327 3590 558 3662 Πατρός,
588 3588 938 3658 γεννηθέντος
961 3587 1017 3640 δὲ
1036 3585 1127 3639 τοῦ
1152 3584 1282 3637 Υίοῦ
1313 3586 1376 3636 ὲκ
1397 3583 1606 3654 Πατρὸς
1630 3583 1760 3653 ἁλη-

193 3685 320 3755 θινῇ
345 3685 589 3753 γεννήσει
610 3682 670 3735 οὐ
701 3681 912 3750 ποιήσει
939 3681 1002 3748 τῇ
1028 3679 1092 3731 ὲκ
1127 3677 1426 3747 βουλήσεως
1444 3691 1456 3704 ·
1485 3672 1578 3726 τοῦ
1603 3674 1764 3726 Πνεῦ-

200 3792 372 3848 ματος
399 3778 462 3828 ὲκ
488 3775 586 3846 τῆς
615 3772 802 3836 οὐσίας
841 3770 934 3824 τοῦ
961 3769 1170 3841 Πατρὸς
1199 3769 1264 3820 δι’
1291 3765 1420 3820 Υἰοῦ
1455 3765 1639 3827 ἀϊδίως
1670 3767 1762 3816 ὲκ-

195 3875 561 3946 πεμςρθέντος,
588 3870 902 3941 ἀγιαστικοῦ
945 3869 1043 3940 τῆς
1087 3867 1212 3937 ὅλης
1256 3866 1499 3928 κτίσεως.
1547 3863 1765 3933 Ὁμολο-

194 3977 298 4048 τοῦ
305 3995 402 4048 μεν
425 3977 484 4029 δὲ
507 3976 600 4028 καὶ
625 3973 972 4045 σαρκωθέντα
987 3970 1074 4024 τὸν
1089 3969 1257 4037 Λόγον
1279 3969 1371 4020 καὶ
1395 3965 1764 4037 φανερωθέντα

197 4073 257 4123 ἐν
288 4071 520 4142 σαρκικῇ
550 4069 756 4138 κινήσει
789 4068 854 4136 τῇ
882 4067 943 4116 ὲκ
972 4061 1266 4134 Παρθένου,
1294 4061 1391 4112 οὐκ
1416 4061 1472 4113 ἐν
1500 4056 1765 4128 ἀνθρώπῳ

198 4164 588 4235 ἑνεργήσαντα.
620 4161 760 4223 Τοὺς
797 4158 853 4211 δὲ
885 4154 1270 4218 κοινωνοῦντας
1301 4155 1411 4216 τοῖς
1453 4151 1765 4204 ἐκϐάλλουσι

197 4263 264 4316 τὸ
288 4261 567 4332 όμοούσιον
603 4259 678 4322 ὡς
711 4257 987 4328 ἀλλότριον
1029 4255 1137 4308 τῶν
1178 4252 1428 4325 Γραφῶν,
1472 4251 1562 4303 καὶ
1603 4251 1657 4302 τὶ
1705 4250 1768 4300 ὲκ

201 4362 305 4433 τῆς
331 4360 563 4433 Τριάδος
590 4357 808 4414 κτιστὸν
834 4355 1050 4422 λέγουσι
1085 4356 1177 4408 καὶ
1202 4353 1488 4423 χωρίζουσι
1517 4351 1616 4420 τῆς
1642 4350 1768 4420 μιᾶς

1862 3112 2067 3165 riosum
2086 3125 2101 3173 ;
2129 3104 2249 3158 etin
2273 3118 2436 3157 unam
2454 3107 2693 3155 sanctam
2711 3096 3024 3160 Ecclesiam,
3043 3092 3420 3147 remissionem

1864 3209 2232 3273 peccatorum,
2262 3193 2442 3250 carnis
2460 3189 2934 3250 resurrectionem,
2952 3186 3115 3240 vitam
3140 3193 3416 3239 arternam.

1933 3292 2264 3348 Contitemur
2307 3280 2827 3342 consubstantialem
2858 3293 2978 3332 esse
3012 3275 3156 3329 Patri
3185 3274 3439 3354 Filium,|

1865 3396 1920 3442 et
1953 3383 2214 3454 Spiritum
2250 3387 2520 3438 sanctum,
2554 3383 2610 3428 et
2643 3387 2805 3426 unam
2844 3368 3200 3425 substantiam
3232 3365 3417 3418 Trini-

1865 3479 2012 3543 tatis,
2039 3477 2089 3530 id
2123 3483 2226 3541 est,
2257 3486 2420 3526 unam
2453 3463 2791 3523 divinitatem
2824 3461 3161 3524 naturaliter,
3195 3472 3424 3512 manen-

1866 3581 1922 3625 te
1949 3569 2108 3622 Patre
2135 3563 2394 3633 ingenito,
2427 3559 2608 3630 genito
2635 3569 2815 3611 autem
2856 3553 2993 3607 Filio
3020 3569 3085 3606 ex
3110 3551 3268 3604 Patre
3295 3564 3425 3603 vera

1869 3659 2233 3732 generatione,
2273 3668 2380 3707 non
2423 3651 2660 3704 factione
2693 3664 2758 3702 ex
2786 3646 3097 3708 voluntate;
3130 3650 3184 3696 et
3217 3640 3423 3710 Spiritu

1869 3760 2058 3807 saneto
2107 3765 2174 3803 ex
2229 3743 2528 3801 substantia
2585 3739 2760 3794 Patris
2818 3753 2910 3804 per
2966 3734 3161 3788 Filium
3223 3741 3425 3785 aeterne

1869 3847 2091 3909 emisso,
2125 3842 2353 3896 habente
2382 3839 2635 3892 virtutem
2661 3828 3031 3887 sanctiﬁcandi
3067 3837 3233 3880 totam
3272 3839 3423 3879 crea-

1873 3947 2068 3993 turam.
2098 3932 2432 3990 Coniitemur
2483 3927 2646 3982 etiam
2703 3925 3043 3977 incarnatum
3084 3918 3342 3983 Verbum,
3373 3926 3427 3971 et

1871 4026 2275 4083 manifestatum
2326 4022 2379 4075 in
2433 4016 2744 4088 operatione
2825 4011 3006 4066 carnis
3079 4024 3146 4064 ex
3209 4005 3426 4077 Virgine

1872 4125 2184 4187 assumptze,
2219 4127 2329 4166 non
2360 4110 2414 4163 in
2461 4105 2677 4162 homine
2703 4109 3002 4171 operatum.
3037 4099 3141 4153 Eos
3174 4112 3300 4151 vero
3329 4097 3422 4165 qui

1874 4210 2280 4267 communicant
2305 4220 2426 4260 cum
2459 4202 2546 4266 iis,
2583 4197 2676 4268 qui
2700 4195 2951 4265 rejieiunt
2979 4192 3280 4263 όμοούσιον,
3307 4199 3427 4244 tan-

1873 4319 2034 4374 quam
2081 4301 2313 4354 alienum
2361 4312 2390 4351 a
2433 4291 2748 4360 Scripturis,
2781 4297 2834 4340 et
2872 4285 2963 4355 qui
3012 4285 3198 4338 dicunt
3224 4281 3427 4352 aliquid

1878 4412 1944 4451 ex
1972 4394 2238 4448 Trinitate
2268 4397 2509 4444 creatum
2545 4397 2684 4445 esse,
2707 4388 2758 4433 et
2794 4379 2861 4432 ab
2890 4366 2996 4430 una
3027 4375 3257 4430 naturali
3287 4373 3428 4428 divi-

198 4463 435 4533 φυσικῆς
473 4461 742 4533 θεότητος,
775 4458 1088 4530 ἀλλοτρίους
1127 4455 1428 4528 ἡγούμεθα,
1467 4454 1561 4506 καὶ
1596 4453 1757 4506 οὐδενὶ

1874 4489 2041 4542 nitate
2074 4489 2346 4554 separant,
2375 4479 2580 4534 alienos
2619 4471 3018 4535 existimamus,
3041 4477 3094 4525 et
3123 4483 3245 4524 eum
3279 4465 3430 4521 nullo

196 4557 309 4612 τῶν
346 4557 598 4610 τοιούτων
628 4553 987 4624 κοινωνοῦμεν
1005 4569 1018 4582 ·
1047 4546 1125 4613 εἷς
1150 4550 1278 4613 Θεὸς
1302 4551 1330 4602 ό
1353 4548 1561 4618 Πατὴρ,
1595 4548 1627 4618 ή
1654 4545 1770 4599 θεό-

202 4668 306 4722 της
336 4652 371 4720 ἠ
410 4649 547 4720 μόνη
570 4665 583 4678 ·
612 4647 742 4711 Θεὸς
771 4646 826 4699 δὲ
853 4647 944 4698 καὶ
971 4646 999 4697 ὁ
1032 4645 1180 4708 Υἱὸς,
1215 4639 1374 4694 εἰκὼν
1397 4640 1493 4710 τῆς
1518 4640 1644 4709 μιᾶς
1677 4637 1770 4690 καὶ

203 4751 375 4823 μόνης
403 4749 653 4818 θεότητος
678 4745 752 4800 ῶν
779 4743 1001 4820 ἀληθὴς,
1034 4741 1174 4796 κατὰ
1203 4740 1450 4810 γέννησιν
1485 4737 1578 4790 καὶ
1611 4735 1769 4806 φύσιν

203 4848 273 4915 ἦν
297 4845 362 4896 ἐκ
393 4841 487 4894 τοῦ
515 4839 726 4911 Πατρὸς
754 4837 862 4906 ἔχει
881 4853 894 4866 ·
927 4835 1128 4907 Κύριος
1156 4827 1234 4896 εἷς
1260 4833 1287 4884 ὁ
1315 4831 1444 4893 Υἱός
1463 4847 1477 4860 ·
1511 4829 1769 4892 ὡσαύτως

196 4949 258 5002 δὲ
292 4946 387 4999 καὶ
417 4944 474 4996 τὸ
512 4942 736 5012 Πνεῦμα
776 4939 872 5010 τὴν
905 4936 998 4991 τοῦ
1034 4935 1162 4989 Υἰοῦ
1211 4933 1508 5006 κυριότητα
1545 4931 1771 5001 διαπέμ-

200 5057 306 5094 πον
353 5038 431 5100 εἰς
479 5036 577 5104 τὴν
617 5031 980 5102 άγιαζομένην
1033 5028 1238 5082 κτίσιν·
1290 5026 1416 5088 Υἱὸς
1461 5024 1771 5095 ἐπεδήμησε

201 5133 416 5201 κόσμῳ,
456 5128 630 5200 σάρκα
677 5129 741 5180 ὲκ
785 5125 1061 5197 Παρθένου
1102 5120 1298 5185 λαϐὼν,
1344 5121 1408 5189 ἢν
1459 5116 1770 5188 ἐπλήρωσεν

202 5229 362 5299 ἁγίου
403 5225 714 5297 Πνεύματος
765 5225 844 5286 είς
882 5223 973 5276 τὸν
1007 5220 1220 5273 πάντων
1266 5215 1424 5286 ἡμῶν
1468 5213 1769 5282 ἁγιασμόν·

203 5331 423 5399 θανάτῳ
463 5328 521 5380 δὲ
570 5325 842 5398 παραδοὺς
874 5323 971 5393 τὴν
1019 5322 1214 5392 σάρκα,
1243 5318 1332 5371 τὸν
1365 5317 1589 5370 θάνατον
1622 5314 1776 5366 ἕλυσε

201 5425 296 5478 διὰ.
320 5423 421 5492 τῆς
451 5420 798 5480 ἀναστάσεως
840 5418 920 5479 είς
951 5414 1048 5486 τὴν
1097 5413 1310 5467 πάντων
1351 5409 1506 5481 ἡμῶν
1547 5408 1778 5462 ἀνάστα-

207 5533 328 5571 σιν·
374 5513 602 5584 ἀνῆλθεν
630 5511 687 5564 δὲ
725 5511 806 5573 είς
832 5507 1058 5580 οὐρανὸν
1097 5505 1246 5575 ὑψῶν
1281 5505 1373 5558 καὶ
1413 5502 1648 5568 δοξάζων
1686 5505 1777 5556 ἀν·-

208 5607 462 5680 θρώπους
503 5607 562 5658 ὲν
590 5601 794 5671 ἑαυτῷ·
825 5600 1042 5672 ἔρχεται
1081 5597 1138 5650 δὲ
1169 5597 1228 5650 τὸ
1259 5595 1508 5666 δεύτερον
1533 5592 1775 5649 ἀποκαθ-

209 5703 377 5758 ιστῶν
400 5701 532 5774 ἡμῖν
559 5697 657 5770 τὴν
681 5693 891 5750 αἰώνιον
919 5691 1077 5764 ζωήν.

1874 4596 1941 4634 ex
1975 4579 2094 4632 istis
2115 4573 2550 4631 communionem
2578 4568 2858 4621 habemus.
2893 4564 3045 4619 Unus
3070 4562 3211 4616 Dens
3251 4559 3429 4622 Pater,

1876 4687 1984 4726 una
2027 4669 2304 4724 divinitas.
2351 4664 2491 4718 Deus
2534 4663 2695 4717 etiam
2728 4659 2896 4713 Filius
2923 4658 3098 4725 imago
3118 4669 3241 4707 vera
3270 4650 3432 4705 unius

1875 4772 1930 4818 et
1954 4762 2126 4817 solius
2161 4757 2458 4812 divinitatis
2488 4753 2784 4810 secundum
2823 4748 3217 4819 generationem
3253 4753 3308 4796 et
3335 4757 3434 4795 na-

1875 4862 2050 4907 turam
2079 4867 2240 4921 quam
2285 4850 2444 4904 habet
2475 4864 2504 4901 a
2533 4847 2724 4910 Patre;
2763 4841 3023 4896 Dominus
3051 4853 3192 4892 unus
3227 4833 3428 4898 Filius;

1879 4946 2127 5002 similiter
2183 4952 2362 4996 autem
2417 4949 2470 4995 et
2527 4938 2762 5008 Spiritus
2794 4942 3031 4994 sanctus,
3072 4928 3165 4998 qui
3194 4925 3434 4979 domina-

1879 5041 2078 5094 tionem
2110 5035 2231 5090 Filii
2256 5036 2309 5088 in
2338 5043 2641 5090 creaturam
2671 5028 3057 5083 sanetilicatam
3092 5018 3428 5074 transmittit.

1883 5132 2058 5186 Filius
2095 5129 2243 5183 venit
2274 5127 2327 5180 in
2369 5125 2630 5179 mundum
2682 5128 2960 5186 assumpta
3009 5126 3172 5168 carne
3215 5125 3281 5164 ex
3314 5108 3434 5160 Vir-

1881 5224 2022 5295 gine,
2046 5236 2210 5290 quam
2235 5217 2471 5288 implevit
2505 5214 2705 5284 Spiritu
2737 5221 2922 5265 sancto
2950 5206 3014 5261 ad
3045 5211 3284 5257 nostram
3311 5214 3434 5252 om-

1880 5319 2034 5370 nium
2075 5310 2588 5369 sanetilicationem.
2628 5306 2762 5360 Cum
2803 5313 2980 5358 autem
3017 5311 3230 5354 carnem
3274 5291 3434 5374 morti

1874 5408 2201 5470 tradidisset,
2220 5412 2448 5458 mortem
2466 5399 2657 5454 delevit
2670 5394 2997 5465 resurgendo
3014 5399 3229 5462 propter
3249 5401 3432 5441 resur-

1873 5499 2167 5553 rectionem
2188 5503 2426 5549 nostram
2452 5509 2467 5555 ;
2489 5487 2726 5544 ascendit
2743 5497 2920 5540 autem
2943 5484 3008 5538 ad
3031 5481 3251 5544 caelum,
3280 5476 3432 5533 exal-

1884 5602 2010 5645 tans
2037 5598 2090 5642 et
2123 5587 2430 5660 gloriﬁcans
2453 5579 2701 5635 homines
2733 5577 2785 5630 in
2812 5577 3021 5647 seipso;
3048 5575 3224 5629 veniet
3251 5581 3431 5629 autem

1887 5685 2081 5739 iterum
2105 5682 2169 5738 ad
2194 5672 2603 5736 instaurandum
2630 5669 2786 5727 nobis
2807 5669 2970 5726 vitam
3003 5676 3280 5724 aternam.
