3988 6200
565 232 701 296 1119

1181 234 1238 291 S.
1278 232 1603 293 GREGORII
1640 237 1994 299 THAUMAT.
2035 237 2181 296 OPP.
2219 238 2400 297 PARS
2432 239 2731 296 ALTERA.
2766 269 2836 280 ——
2872 236 3099 296 DUBlA.
3140 281 3143 284 .

3631 234 3766 291 “20

630 348 780 409 Unus
805 349 976 412 Filius
1019 363 1144 413 ante
1197 355 1648 426 incarnationem,
1682 371 1736 417 et
1775 371 1900 432 post
1922 362 2101 418 incar-

2274 356 2369 426 Εἷς
2407 361 2533 425 Υἱὸς
2559 361 2651 416 καὶ
2702 358 2808 431 πρὸ
2852 357 2949 428 τῆς
2983 355 3307 428 σαρκώσεως
3355 352 3449 409 καὶ
3497 353 3633 426 μετὰ
3672 353 3767 427 τὴν

552 443 827 499 nationem
849 463 866 513 ;
892 445 1032 502 idem
1060 447 1222 502 homo
1254 457 1309 503 et
1330 447 1495 513 Deus,
1527 462 1817 522 utrumque
1848 460 2108 522 tanquam

552 551 756 604 unum;
791 548 847 594 et
867 554 974 594 non
1004 540 1107 595 alia
1139 540 1358 610 quidem
1404 558 1635 612 persona
1667 544 1810 602 Deus
1847 544 2105 615 Verbum,

552 626 660 683 alia
716 644 845 685 vero
876 631 1038 685 homo
1062 629 1257 697 Jesus;
1300 634 1393 688 sed
1454 635 1594 690 idem
1648 637 1743 707 qui
1788 638 1942 707 prius
1991 648 2109 695 erat

550 717 745 788 Filius,
779 722 961 779 unitus
987 732 1071 777 cst
1111 725 1263 780 carni
1294 741 1360 780 ex
1391 725 1582 794 Maria,
1613 732 1955 787 constituens
2001 734 2109 788 sei-

549 824 708 890 psum
736 812 1032 882 perfectum
1060 825 1115 870 et
1145 828 1413 885 sanctum,
1445 833 1511 874 ac
1543 821 1660 875 sine
1688 832 1911 891 peccato
1933 824 2109 879 homi-

548 886 696 966 nem,
730 911 784 958 et
824 902 1215 962 administrans
1254 925 1390 979 opus
1422 910 1814 969 incarnationis
1841 916 1909 971 ad
1946 932 2110 972 reno-

551 994 821 1049 vationem
879 997 1172 1054 salutarem
1229 1000 1583 1058 humanitatis
1613 1014 1667 1060 et
1692 1007 1859 1062 totius
1892 1010 2103 1065 mundi.

546 1081 691 1139 Deus
724 1085 880 1140 Pater
910 1088 1146 1157 perfecta
1177 1096 1408 1159 persona
1440 1093 1737 1163 perfectum
1772 1099 1933 1154 habet
1974 1098 2109 1156 Ver-

545 1175 674 1230 bum
720 1191 793 1233 es
843 1180 1021 1250 seipse
1071 1198 1197 1239 vere
1247 1185 1509 1253 genitum.
1540 1187 1655 1243 Non
1687 1192 2109 1261 taruquather-

541 1266 672 1321 bum
699 1270 887 1326 vocale
935 1274 1080 1343 quod
1130 1275 1440 1346 loquimur;
1473 1294 1647 1350 neque
1682 1292 1741 1338 ut
1805 1285 1976 1340 ﬁlium
2021 1302 2112 1342 sed

541 1362 782 1423 cundum
832 1366 1202 1437 adoptionem,
1226 1373 1368 1427 sicut
1397 1376 1571 1445 angeli
1620 1386 1675 1431 et
1732 1378 1983 1436 homines
2011 1396 2108 1436 vo-

540 1462 736 1509 cantur
782 1457 880 1512 ﬁlii
910 1458 1036 1527 Dei;
1061 1462 1153 1517 sed
1187 1473 1247 1518 ut
1270 1463 1466 1520 Filium
1517 1476 1712 1524 natura
1757 1469 1947 1527 Deum.
1977 1472 2110 1529 Per-

541 1544 743 1607 fectum
767 1565 897 1605 vero
924 1553 1087 1607 etiam
1124 1554 1288 1611 habet
1333 1555 1594 1627 Spiritum
1624 1571 1871 1617 sanctum
1900 1579 1966 1618 ex
1996 1564 2108 1620 Deo

540 1651 639 1707 per
667 1638 863 1696 Filium
892 1642 945 1698 in
975 1645 1264 1716 adoptatos
1298 1649 1437 1705 ﬁlios
1470 1651 1727 1716 eﬂ‘usum,
1756 1653 2024 1710 viventem
2054 1665 2107 1711 et

541 1731 927 1802 viviﬁcantem,
982 1748 1230 1795 sanctum
1284 1750 1339 1796 et
1386 1744 1816 1800 sanctiﬁcantem
1871 1760 1967 1804 eos
2009 1748 2104 1818 qui

541 1836 665 1879 eum
693 1827 1047 1898 participant;
1082 1847 1190 1887 non
1225 1840 1484 1904 tanquam
1524 1837 1877 1906 spirationem
1903 1840 1972 1895 ab
2003 1840 2102 1897 ho-

540 1916 688 1977 mine
733 1920 990 1978 emissam
1050 1938 1158 1978 non
1217 1941 1313 1995 per
1366 1943 1425 1982 se
1472 1929 1884 1999 subsistentem,
1914 1933 2008 1989 sed
2036 1949 2105 1990 ex

540 2005 652 2065 Deo
680 2011 972 2069 viventem.
1006 2012 1162 2071 Unde
1196 2015 1436 2075 Trinitas
1473 2029 1557 2075 est
1588 2020 1905 2089 adorabilis,
1937 2024 2106 2095 glori-

540 2101 768 2160 ficabilis
794 2113 848 2160 et
880 2106 1166 2176 honorata,
1193 2125 1258 2165 ac
1288 2112 1641 2173 venerabilis.
1676 2111 1838 2170 Patre
1880 2116 2102 2186 quidem

543 2194 817 2251 intellecto
849 2198 904 2251 in
938 2197 1097 2265 Filio,
1127 2200 1270 2256 sicut
1316 2201 1488 2260 Filius
1531 2220 1599 2259 ex
1646 2205 1765 2275 ipso
1788 2214 1908 2275 est;
1965 2208 2105 2267 Filio

538 2298 668 2342 vero
703 2287 1001 2358 glorificato
1032 2291 1086 2346 in
1126 2290 1306 2360 Patre,
1350 2294 1493 2350 sicut
1516 2306 1601 2352 est
1632 2312 1699 2353 ex
1728 2295 1907 2365 Patre,
1938 2301 2108 2356 mani-

537 2373 739 2432 iesmo
766 2378 820 2433 in
849 2378 1053 2449 Spiritu
1080 2394 1268 2440 sancto
1295 2386 1668 2447 sanctiﬁcatis.

611 2467 766 2537 Quod
790 2480 970 2527 autem
1007 2477 1334 2533 venerabilis
1366 2488 1451 2534 est
1492 2490 1677 2537 sancta
1709 2482 1948 2541 Trinitas
1992 2502 2104 2543 non

541 2571 790 2631 separata
823 2580 923 2620 nec
950 2566 1205 2633 alienata,
1235 2570 1395 2627 docet
1424 2587 1526 2628 nos
1559 2572 1761 2632 Paulus
1785 2578 1837 2631 in
1867 2577 2106 2649 Epistola

537 2650 607 2705 ad
654 2649 967 2708 Corinthios
1015 2657 1273 2712 secunda.
1322 2658 1414 2716 Sic
1442 2662 1588 2718 enim
1624 2665 1742 2720 ait:
1780 2665 1964 2723 Gloria
1993 2668 2105 2723 Do-

540 2742 671 2797 mini
703 2745 871 2798 nostri
902 2744 1031 2800 Jesu
1060 2746 1281 2814 Christi,
1312 2760 1361 2805 et
1390 2751 1623 2810 charitas
1649 2754 1765 2823 Dei,
1792 2768 1842 2812 et
1869 2776 2102 2814 commu-

538 2835 734 2889 nicatio
765 2837 933 2891 sancti
966 2835 1197 2907 Spiritus
1219 2856 1337 2894 cum
1362 2845 1600 2899 omnibus
1630 2846 1771 2902 vobis
1801 2850 1866 2904 “.
1894 2848 1959 2904 Et
1989 2866 2106 2904 var-

539 2940 637 2982 sus
676 2925 733 2981 in
775 2926 963 2983 eadem
998 2922 1235 2998 Epistula
1266 2949 1279 2985 :
1313 2930 1418 2997 Qui
1465 2946 1641 2989 autem
1692 2940 1969 3008 conﬁrmat
2008 2958 2104 2996 nos

2214 452 2517 524 σάρκωσιν·
2549 453 2578 504 6
2600 451 2758 515 αὐτὸς
2783 450 3066 522 ἄνθρωπος
3101 449 3197 502 καὶ
3219 447 3370 511 Θεὸς,
3401 447 3658 516 ἑκάτερον
3693 448 3769 513 ὡς

2210 546 2299 600 ἔν’
2328 545 2420 598 καὶ
2440 546 2537 615 οὐχ
2562 545 2744 616 ἕτερον
2777 544 2875 614 μὲν
2907 542 3195 613 πρόσωπον
3224 543 3253 593 6
3279 540 3409 603 Θεὸς
3427 539 3619 608 Λόγος,
3651 540 3768 593 ἓτε-

2212 655 2303 711 ρον
2329 638 2386 691 δὲ
2406 639 2686 709 ἄνθρωπος
2727 634 2962 707 Ἰησοῦς,
2988 632 3102 688 ἀλλ’
3134 631 3294 695 αὐτὸς
3335 633 3364 685 6
3408 632 3770 703 προϋπάρχειν

2210 730 2341 794 Υἱὸς
2370 728 2591 792 ἑνωθεὶς
2624 730 2786 798 σαρκὶ
2818 729 2882 781 ὲκ
2910 726 3128 797 Μαρίας
3165 723 3422 793 κατέστη,
3447 723 3649 777 τέλειον
3678 726 3769 778 καὶ

2210 823 2361 891 ᾶγιον
2409 822 2503 875 καὶ
2541 821 2919 893 ἀναμάρτητον
2964 817 3248 888 ἄνθρωπον
3283 815 3534 879 συνιστὰς
3561 817 3767 882 ἑαυτὸν,

2209 914 2305 968 καὶ
2334 913 2629 985 οἰκονομῶν
2666 914 2745 976 εἰς
2772 911 3063 966 ἀνανέωσιν
3093 907 3507 980 ἀνθρωπότητος
3542 909 3639 962 καὶ
3677 909 3769 964 κό-

2211 1026 2348 1079 σμου
2379 1009 2579 1073 παντὸς
2610 1009 2871 1080 σωτήριον
2895 1025 2908 1037 ·
2934 1006 3066 1070 Θεὸς
3097 1009 3126 1059 6
3152 1006 3362 1076 Πατὴρ,
3386 1005 3590 1058 τέλειον
3621 1005 3694 1059 ὣν
3710 1005 3770 1063 τὸ

2209 1099 2517 1169 πρόσωπον,
2552 1100 2751 1153 τέλειον
2781 1099 2891 1169 ἔχει
2921 1098 3013 1151 τὸν
3035 1097 3205 1167 Λόγον
3224 1096 3286 1162 ἐξ
3315 1096 3481 1151 αὑτοῦ
3513 1114 3770 1169 γεγεννη-

2212 1190 2370 1259 μένον
2401 1189 2635 1262 ἀληθῶς,
2665 1192 2764 1263 οὐχ
2793 1192 2869 1257 ὡς
2897 1191 3053 1261 λόγον
3098 1191 3453 1262 λαλούμενον,
3493 1190 3615 1245 οὐδὲ
3652 1191 3766 1245 καθ’

2209 1282 2481 1338 υἱοθεσίαν
2520 1283 2660 1347 υἱὸν,
2707 1284 2783 1347 ὡς
2824 1284 3041 1353 ἄγγελοι
3072 1285 3167 1338 καὶ⁵
3196 1283 3471 1353 ἄνθρωποι
3502 1284 3611 1336 υἱοὶ
3639 1283 3766 1336 Θεοῦ

2208 1373 2513 1436 καλοῦνται,
2545 1373 2679 1426 ἀλλὰ
2709 1374 2835 1427 Υἱδν
2874 1374 3030 1443 φύσει
3062 1373 3192 1427 Θεόν
3214 1390 3228 1403 ·
3262 1373 3467 1427 τέλειον
3497 1372 3556 1425 δὲ
3583 1370 3765 1444 [ἔχει]

2208 1462 2300 1516 καὶ
2331 1462 2393 1515 τὸ
2420 1462 2644 1535 Πνεῦμα
2661 1465 2722 1517 τὸ
2750 1464 2902 1533 ἆγιον
2937 1464 3001 1517 ὲκ
3040 1463 3174 1517 Θεοῦ
3223 1463 3289 1517 δι’
3338 1462 3470 1516 Υἱοῦ
3510 1462 3769 1533 χορηγού-

2212 1572 2370 1625 μενον
2394 1556 2472 1619 είς
2513 1556 2640 1619 τοὺς
2683 1554 3154 1626 υἱοθετουμένους,
3196 1552 3302 1619 ζῶν
3347 1553 3443 1607 καὶ
3490 1552 3766 1617 ζωοποιὸν,

2209 1647 2361 1715 ἆγιον
2390 1648 2702 1716 ἀγιαστικὸν
2747 1646 2856 1700 τῶν
2909 1645 3429 1719 μεταλαμϐανόντων
3455 1643 3645 1708 αὐτοῦ,
3679 1644 3769 1716 οὐχ

2207 1738 2281 1803 ὡς
2308 1740 2399 1793 ὑπ’
2430 1740 2716 1812 ἀνθρώπου
2741 1740 2907 1811 πνοὴν
2931 1739 3359 1811 ὲμπνευσθεῖσαν
3384 1738 3766 1805 ἀνυπόστατον,

2205 1830 2319 1886 ἀλλ’
2345 1834 2409 1886 ὲκ
2437 1832 2570 1886 Θεοῦ
2603 1831 2810 1897 ζῶσαν·
2856 1833 2924 1886 δι’
2951 1834 3085 1905 ὅπερ
3122 1834 3156 1904 ἡ
3197 1831 3366 1904 Τριὰς
3403 1833 3768 1904 προσκυνητὴ,

2204 1920 2431 1995 δοξαστὴ
2456 1922 2547 1977 καὶ
2578 1924 2733 1993 τιμία
2756 1923 2849 1976 καὶ
2875 1922 3167 1993 σεϐάσμιος
3189 1941 3201 1953 ·
3229 1923 3441 1994 Πατρὸς
3460 1923 3561 1993 μὲν
3582 1924 3641 1975 ἐν
3664 1921 3772 1994 Tit};

2204 2012 2494 2083 νοουμένου
2525 2012 2711 2067 καθότι
2744 2013 2871 2078 Υἱὸς
2915 2010 2975 2077 ἐξ
3002 2011 3165 2066 αὐτοῦ
3190 2055 3205 2076 ,
3236 2011 3367 2065 Υἰοῦ
3407 2011 3465 2064 δὲ
3510 2013 3571 2064 ὲν
3603 2012 3772 2084 Πατρὶ

2204 2103 2557 2176 δοξαζομένου
2591 2106 2712 2160 καθ’
2741 2105 2771 2159 ὃ
2800 2106 2944 2159 ἐστὶν
2983 2107 3048 2159 ὲκ
3078 2105 3291 2176 Πατρὸς
3314 2146 3330 2171 ,
3369 2106 3772 2183 φανερουμένου

2207 2199 2265 2253 ὲν
2293 2197 2567 2269 Πνεῦματι
2601 2199 2739 2268 ἁγίῳ
2764 2201 2875 2262 τοῖς
2898 2197 3293 2270 ἁγιαζομένοις.

2280 2484 2401 2537 Ὅτι
2424 2481 2481 2536 δὲ
2514 2481 2806 2553 σεδὰσμιός
2835 2483 3039 2555 ἐστινὴ
3075 2481 3206 2550 ἁγία
3241 2479 3410 2553 Τριὰς
3451 2480 3526 2554 μὴ
3553 2484 3774 2555 χωριζο-

2210 2577 2363 2651 μένη,
2395 2573 2531 2646 μηδὲ
2553 2573 2992 2645 ἁλλοτριουμένη,
3017 2572 3172 2627 τοῦτο
3190 2573 3434 2627 διδάσκει
3463 2574 3615 2644 ἡμᾶς
3643 2575 3773 2629 Παῦ.

2205 2667 2295 2732 λος
2330 2668 2388 2720 ὲν
2414 2669 2479 2738 τῇ
2506 2666 2642 2739 πρὸς
2676 2666 2994 2738 Κορινθίους
3030 2664 3311 2737 Ἐπιστολῇ
3350 2666 3583 2739 δευτέρᾳ
3607 2667 3770 2736 λέγων

2204 2758 2374 2823 οὕτως
2391 2776 2404 2789 ⁶
2439 2759 2502 2813 'H
2514 2757 2683 2829 χάρις
2713 2758 2818 2812 τοῦ
2846 2758 3067 2827 Κυρίου
3089 2756 3256 2827 ἡμῶν
3278 2757 3472 2826 Ἰησοῦ
3496 2759 3768 2827 Χριστοῦ,

2206 2851 2304 2906 καὶ
2332 2852 2370 2920 ή
2401 2849 2599 2921 ἀγάπη
2633 2849 2740 2903 τοῦ
2767 2849 2912 2904 Θεοῦ
2931 2890 2947 2917 ,
2977 2850 3075 2904 καὶ
3104 2851 3142 2918 ἡ
3169 2851 3448 2904 κοινωνία
3473 2851 3583 2906 τοῦ
3606 2852 3769 2923 ἁγίου

2204 2942 2546 3011 Πνεύματος
2565 2941 2715 3011 μετὰ
2746 2940 2985 2997 πάντων
3001 2938 3185 3011 ὑμῶν.
3219 2942 3329 2995 Καὶ
3356 2942 3516 2997 πάλιν
3546 2943 3635 2998 διὰ
3678 2944 3771 3015 τῆς

536 3021 801 3078 vobiscum
831 3024 888 3079 in
917 3023 1148 3092 Christo,
1193 3027 1283 3097 qui
1323 3035 1374 3081 et
1418 3030 1571 3083 unxit
1599 3047 1693 3085 nos
1730 3031 1892 3097 Deus,
1931 3036 2022 3105 qui
2054 3045 2101 3095 et

2218 3033 2536 3104 Ἐπιστολῆς
2572 3034 2723 3104 δηλοῖ
2752 3033 2951 3102 λέγων·
2989 3034 3041 3085 ’0
3065 3032 3133 3087 δὲ
3160 3032 3420 3098 ,βεϐαιῶν
3454 3033 3615 3105 ἡμᾶς
3657 3036 3774 3092 σὺν

537 3114 762 3184 signavit
790 3130 905 3180 nos,
927 3124 977 3169 et
1007 3116 1150 3170 dedit
1178 3118 1366 3187 pignus
1392 3117 1624 3190 Spiritus
1647 3122 1701 3175 in
1733 3124 1979 3178 cordibus
2004 3142 2101 3179 no-

537 3206 665 3260 stris
682 3205 748 3261 ".
778 3206 971 3262 Adhuc
994 3215 1174 3263 autem
1209 3209 1410 3265 clarius
1440 3212 1493 3264 in
1525 3211 1713 3267 eadem
1749 3210 1990 3284 Epistola
2022 3217 2103 3273 sic

540 3296 767 3353 scribit:
797 3295 930 3360 Cum
958 3298 1150 3369 legitur
1202 3300 1431 3372 Moyses,
1480 3302 1710 3358 velamen
1756 3306 1985 3375 positum
2023 3317 2102 3362 est

537 3402 694 3456 super
714 3403 805 3442 cor
828 3404 1041 3455 eorum;
1073 3407 1194 3446 cum
1222 3401 1395 3447 autem
1426 3396 1658 3457 conversi
1680 3396 1877 3465 fuerint
1902 3397 1972 3452 ad
1998 3397 2102 3453 Do-

537 3479 760 3545 minum,
787 3481 1055 3550 auferetur
1085 3486 1335 3539 velamen.
1370 3485 1625 3543 Dominus
1642 3498 1817 3545 autem
1848 3488 2085 3558 Spiritus

530 3582 634 3629 est.
679 3572 779 3629 Ubi
821 3586 997 3630 autem
1039 3574 1271 3646 Spiritus
1318 3579 1550 3645 Domini,
1594 3580 1666 3635 ibi
1706 3582 1942 3638 libertas.
1990 3582 2103 3637 Nos

537 3678 655 3719 vero
698 3680 874 3719 omnes
929 3667 1158 3723 revelata
1207 3668 1344 3735 facie
1383 3669 1609 3740 gloriam
1663 3672 1876 3726 Domini
1923 3690 2098 3744 specu-

537 3754 727 3823 lantes,
749 3758 807 3811 in
833 3757 1066 3811 eamdem
1088 3760 1371 3830 imaginem
1400 3764 1847 3831 transformamur
1875 3784 1907 3821 a
1932 3767 2104 3838 gloria

537 3857 589 3903 tn
618 3848 863 3920 gloriam,
888 3861 1133 3923 tanquam
1168 3871 1199 3907 a
1234 3852 1449 3910 Domini
1480 3855 1685 3927 Spiritu
1713 3860 1780 3914 “.

2204 3124 2345 3194 ὑμῖν
2366 3126 2453 3191 είς
2479 3123 2737 3191 Χριστὸν
2766 3122 2865 3176 καὶ
2900 3123 3120 3191 χρίσας
3150 3123 3293 3192 Θεὸς
3320 3125 3421 3179 καὶ
3443 3126 3774 3197 σφραγισά-

2197 3233 2381 3286 μενος
2410 3214 2569 3285 ἡμᾶς
2605 3215 2703 3269 καὶ
2726 3214 2870 3281 δοὺς
2899 3214 3007 3268 τὸν
3026 3217 3338 3285 ἀρραϐῶνα
3365 3219 3471 3273 τοῦ
3511 3222 3775 3291 Πνεῦμα.

2200 3327 2304 3375 τος
2340 3308 2412 3361 ὲν
2436 3308 2565 3375 ταῖς
2591 3307 2861 3376 καρδίαις
2886 3308 3074 3378 ἡμῶν.
3105 3311 3225 3365 Ἔτι
3264 3310 3323 3364 δὲ
3358 3312 3692 3387 σαφέστερον
3720 3316 3773 3368 ἐν

2199 3403 2266 3471 τῇ
2297 3399 2436 3470 αὐτῇ
2484 3398 2768 3469 Ἐπιστολῇ
2796 3398 2998 3471 γράφει
3024 3398 3227 3465 οὕτως·
3271 3403 3474 3456 Ἡνίκα
3518 3404 3600 3458 ἂν
3632 3407 3775 3459 ἀνα·

2201 3490 2546 3563 γινώσκεται
2571 3490 2831 3560 Μωῦσῆς
2861 3533 2873 3559 ,
2912 3491 3193 3562 κάλυμμα
3234 3493 3333 3551 ἐπὶ
3379 3494 3494 3563 τὴν
3528 3497 3777 3563 καρδίαν

2199 3581 2397 3638 αὐτῶν
2418 3583 2600 3638 κεῖται
2619 3600 2632 3614 ⁸
2652 3584 2833 3653 ἡνίκα
2849 3583 2899 3638 δ’
2920 3584 2999 3638 ἂν
3019 3584 3353 3656 ἐπιστρέψῃ
3369 3587 3519 3656 πρὸς
3536 3591 3775 3658 Κύριον,

2199 3677 2573 3745 περιαιρεῖται
2603 3677 2669 3730 τὸ
2692 3676 2971 3747 κάλυμμα
2991 3694 3004 3707 ·
3038 3680 3071 3732 d
3090 3676 3160 3731 δὲ
3182 3680 3398 3746 Κύριος
3415 3680 3480 3733 τὸ
3499 3681 3775 3751 Πνεῦμαο

2199 3766 2352 3822 ὅπου
2385 3767 2453 3821 δὲ
2472 3767 2539 3822 τὸ
2568 3768 2822 3837 πνεῦμα,
2843 3768 2972 3822 ἐκεῖ
2983 3769 3291 3837 ἐλευθερία
3309 3787 3323 3808 ε
3343 3771 3514 3841 ἡμεῖς
3544 3772 3616 3826 δὲ
3632 3773 3781 3827 πάν-

2197 3875 2295 3924 τες
2314 3857 2855 3927 ἀνακεκαλυμμένῳ
2881 3857 3175 3926 προσώπῳ
3200 3858 3315 3926 τὴν
3345 3860 3533 3927 δόξαν
3556 3865 3781 3932 Κυρίου

535 3938 1037 4016 κατοπτριζόμενοι
1055 3988 1070 4013 ,
1129 3948 1244 4019 τὴν
1279 3951 1474 4023 αὐτὴν
1512 3955 1713 4008 εἰκόνα
1752 3956 2274 4029 μεταμορφούμεθα
2327 3953 2444 4008 ἀπὸ
2496 3952 2680 4022 δόξης
2709 3956 2796 4020 είς
2834 3953 3050 4023 δόξαν,
3093 3956 3352 4030 καθάπερ
3388 3959 3506 4015 ἀπὸ
3557 3963 3781 4049 Κυρίου

535 4037 894 4108 Πνεύματος.

607 4128 673 4184 Et
704 4146 895 4190 rursus
919 4135 996 4190 ait
1024 4135 1226 4194 Paulus
1251 4157 1267 4195 :
1305 4137 1376 4194 Ut
1407 4140 1751 4196 absorbeatur
1778 4147 1916 4214 quod
1950 4161 2097 4199 mor-.

537 4221 643 4276 tale
680 4234 779 4292 est,
820 4242 851 4279 a
878 4227 1004 4281 vita.
1035 4227 1138 4293 Qui
1167 4239 1341 4285 autem
1367 4232 1518 4300 efﬁcit
1555 4250 1647 4287 nos
1676 4235 1730 4287 in
1758 4238 1864 4287 ‘hoc
1900 4236 2091 4304 ipsum,

533 4311 675 4365 Deus
693 4352 709 4377 ,
730 4316 977 4383 quidedit
1006 4319 1147 4373 vobis
1177 4322 1363 4390 pignus
1412 4319 1645 4391 Spiritus
1662 4324 1728 4376 ³³.
1758 4323 1823 4377 Et
1852 4325 2046 4379 iterum
2075 4345 2089 4381 :

536 4400 968 4463 Commendantes
1017 4414 1356 4481 nosmetipsos
1398 4422 1648 4484 tanquam
1699 4417 1926 4470 ministri
1973 4417 2090 4483 Dei,

533 4492 587 4545 in
626 4495 793 4549 multa
817 4500 1093 4566 patientia,
1121 4504 1176 4556 in
1201 4504 1648 4570 tribulationibus,
1681 4508 1734 4562 in
1762 4510 2092 4565 necessitati-

534 4584 650 4652 bus,
670 4587 727 4639 in
741 4591 999 4659 angustiis
1012 4594 1081 4657 “,
1099 4603 1152 4649 et
1172 4611 1294 4666 qua:
1311 4611 1631 4669 sequuntur.
1652 4600 1851 4657 Deinde
1867 4602 2095 4672 subjun-

532 4679 630 4750 git,
662 4678 847 4737 dicens
874 4702 889 4738 :
922 4682 989 4737 In
1014 4690 1294 4757 suavitate,
1322 4693 1376 4747 in
1412 4692 1617 4765 Spiritu
1649 4706 1852 4761 sancto,
1889 4698 1944 4751 in
1972 4701 2094 4752 cha-

531 4774 693 4828 ritate
717 4789 821 4828 non
852 4775 1001 4846 ﬁcta,
1032 4779 1087 4832 in
1132 4779 1296 4837 Verbo
1322 4786 1577 4853 veritatis,
1614 4788 1669 4840 in
1698 4789 1885 4845 virtute
1910 4789 2003 4842 Dei
2024 4789 2092 4847 ’⁷.

532 4864 670 4931 Ecce
707 4866 796 4922 hic
833 4868 995 4924 etiam
1027 4871 1328 4945 designavit
1366 4888 1590 4934 sanctus
1623 4879 1823 4935 Paulus
1858 4878 2093 4936 Trinita-

530 4967 660 5022 tem,
697 4961 985 5018 nominans
1015 4961 1207 5032 Deum,
1235 4979 1289 5022 et
1321 4966 1574 5034 Verbum,
1595 4981 1649 5025 et
1674 4971 1933 5040 Spiritum
1967 4988 2094 5027 san-

530 5056 698 5103 ctum.
735 5049 799 5103 Ει
827 5050 1021 5105 iterum
1057 5053 1132 5107 ait
1158 5068 1168 5101 τ
1204 5058 1285 5108 Αη
1314 5059 1525 5111 nescitis
1553 5062 1800 5130 quoniam
1843 5061 2091 5129 templum

532 5134 625 5200 Dei
646 5139 792 5205 estis,
818 5151 870 5196 et
892 5139 1122 5212 Spiritus
1145 5143 1241 5198 Dei
1268 5146 1472 5202 habitat
1499 5150 1552 5202 in
1574 5149 1713 5203 vobis
1729 5152 1755 5204 9
1776 5148 1835 5204 Si
1856 5152 1970 5221 quis
1993 5169 2090 5206 au-

531 5239 630 5281 tem
661 5231 910 5301 templum
957 5231 1056 5290 Dei
1092 5236 1381 5305 violaverit,
1426 5240 1687 5309 disperdet
1733 5241 1888 5294 illum
1917 5240 2079 5298 Deus.

2274 4141 2385 4195 Kal
2418 4140 2578 4194 πάλιν
2600 4140 2744 4211 λέγει
2769 4142 3009 4206 Παῦλος·
3046 4144 3172 4198 Ἵνα
3199 4146 3505 4216 καταποθῇ
3534 4147 3604 4201 τὸ
3637 4153 3777 4217 θνη-

2199 4235 2305 4289 τὸν
2333 4234 2448 4290 ὑπὸ
2470 4233 2581 4302 τῆς
2606 4234 2753 4303 ζωῆς
2771 4251 2785 4266 ·
2814 4238 2846 4289 ὁ
2869 4234 2937 4288 δὲ
2964 4236 3479 4308 κατεργασάμενος
3506 4240 3662 4309 ἡμᾶς
3694 4247 3781 4309 εὶς

2198 4322 2341 4379 αὐτὸ
2367 4325 2541 4378 τοῦτο
2567 4323 2729 4391 Θεὸς,
2756 4328 2790 4379 ό
2819 4324 2962 4392 δοὺς
2984 4326 3124 4396 ὑμῖν
3160 4328 3265 4381 τὸν
3303 4329 3619 4397 ἀρραϐῶνα
3669 4332 3777 4386 τοῦ

2195 4419 2557 4489 Πνεύματος.
2585 4418 2696 4473 Kal
2734 4419 2892 4473 πάλιν
2913 4420 3075 4491 φησίν
3094 4437 3107 4452 ·
3139 4422 3618 4491 Συνιστάνοντες
3640 4426 3777 4480 ἐαυ-

2193 4512 2333 4578 τοὺς
2360 4513 2440 4579 ὡς
2465 4511 2612 4567 Θεοῦ
2644 4510 2904 4566 διάκονοι
2927 4513 3202 4583 ὑπομονῇ
3221 4515 3443 4584 πολλῇ,
3475 4516 3547 4571 ἐν
3563 4521 3773 4587 θλίψε-

2191 4622 2315 4673 σιν,
2346 4606 2416 4659 ἐν
2441 4606 2879 4677 στενοχωρίαις,
2913 4607 3007 4660 καὶ
3034 4607 3102 4661 τὰ
3144 4607 3285 4679 ἑξῆς.
3345 4606 3481 4663 Εἶτα
3522 4612 3773 4684 ἐπιφέρει

2194 4696 2400 4765 λέγων·
2452 4698 2547 4752 Ἐν
2591 4700 2971 4768 χρηστότητι,
3028 4699 3099 4753 ἐν
3143 4701 3440 4769 ΙΙνεύματι
3471 4702 3655 4771 ἁγίῳ,
3704 4704 3774 4757 ὲν

2193 4786 2393 4858 ἀγάπῃ
2420 4789 2811 4857 ἀνυποκρίτῳ,
2839 4788 2910 4842 ἐν
2926 4790 3094 4859 Λόγῳ
3111 4791 3412 4859 ἀληθείας,
3436 4791 3509 4845 ἐν
3521 4790 3768 4863 δυνάμει

2199 4880 2365 4934 Θεοῦ.
2385 4881 2515 4934 Ἰδοὺ
2540 4880 2649 4953 γὰρ
2670 4882 2762 4935 καὶ
2784 4880 3013 4935 ἐνταῦθα
3038 4881 3236 4953 ὥρισεν
3257 4884 3285 4936 6
3309 4883 3461 4952 ἅγιος
3475 4884 3575 4956 τὴν
3610 4886 3766 4956 ἁγίαν

2197 4972 2400 5045 Τριάδα
2431 4972 2701 5042 ὀνομάσας
2730 4974 2861 5027 Θεὸν
2888 4975 2981 5028 καὶ
3010 4974 3178 5043 Λόγον
3217 4975 3306 5029 καὶ
3337 4976 3563 5047 Πνεῦμα
3592 4978 3762 5047 ἅγιον.

2195 5064 2305 5115 Kal
2334 5063 2496 5117 πάλιν
2528 5064 2705 5134 λέγει’
2745 5068 2866 5120 Οὐκ
2902 5065 3099 5125 οἴδατε
3129 5066 3219 5120 ὅτι
3244 5067 3390 5135 ναὸς
3429 5068 3583 5123 Θεοῦ
3604 5072 3762 5133 ἐστε,

2193 5152 2292 5206 καὶ
2324 5153 2387 5206 τὸ
2416 5153 2660 5223 Πνεῦμα
2686 5155 2789 5209 τοῦ
2823 5155 2969 5210 Θεοῦ
2994 5155 3145 5209 οίκεῖ
3166 5157 3238 5213 ἐν
3270 5156 3444 5226 ὐμῖν;
3464 5159 3540 5213 Εἴ
3553 5177 3634 5227 τις
3656 5159 3763 5214 τὸν

2192 5244 2342 5298 ναὸν
2357 5244 2462 5300 τοῦ
2502 5246 2649 5301 Θεοῦ
2676 5248 2917 5316 φθείρει,
2939 5248 3143 5318 φθερεῖ
3169 5248 3383 5304 τοῦτον
3405 5253 3438 5304 ό
3465 5253 3627 5319 Θεός.
3655 5253 3767 5306 Καὶ

530 5315 821 5396 [Templum
863 5324 999 5378 enim
1028 5325 1126 5380 Dei
1154 5337 1395 5382 sanctum
1419 5339 1530 5394 est,
1562 5333 1699 5402 quod
1729 5337 1853 5388 estis
1878 5352 1963 5389 vos
1985 5335 2078 5409 ⁸⁸.]

2204 5336 2363 5390 πάλιν·
2383 5339 2555 5393 Ἀλλὰ
2590 5315 3187 5405 due.loziaaol)e,d1.l’
3201 5342 3573 5412 ἐδικαιώθητε
3583 5315 3668 5398 ’ἐν
3684 5342 3765 5413 τῷ

530 5406 594 5465 Et
617 5410 809 5469 iterum
840 5433 857 5471 :
888 5416 993 5472 Sed
1032 5417 1201 5475 abluti
1232 5420 1380 5486 estis,
1429 5422 1518 5476 sed
1570 5426 1891 5494 sanctiﬁcati
1932 5406 2079 5494 estis,

2204 5429 2427 5499 ἳνόματι
2458 5432 2677 5500 Κυρίου
2709 5432 2876 5502 ἡμῶν
2906 5433 3128 5503 Ἰησοῦ,
3146 5435 3241 5489 καὶ
3267 5434 3429 5503 ἐντῷ
3468 5406 3765 5507 ἀνεύματι

599 5600 1003 5668 ³¹Ιιῦοτ.ιιιι,
1046 5607 1133 5663 15.
1232 5610 1278 5641 ’³
1324 5608 1366 5663 ll
1414 5608 1539 5665 Cor.
1590 5628 1630 5672 ι,
1683 5612 1774 5671 2i,
1820 5608 1907 5669 92.

533 5669 711 5757 ναις..
748 5677 881 5734 sicut
917 5676 1012 5731 Dei
1043 5680 1330 5737 ministros.
1438 5683 1481 5714 ³⁷
1535 5669 1666 5739 ibid.
1718 5669 1769 5754 6,
1808 5678 1857 5732 7-

2017 5617 2062 5692 ":
2095 5615 2147 5692 ΙΙ
2192 5617 2318 5671 Cor.
2359 5635 2438 5692 ιιι,
2468 5619 2655 5692 {5:18.
2732 5622 2776 5654 ²⁸
2804 5618 2843 5675 ΙΙ
2869 5620 2995 5678 Coro
3046 5638 3096 5692 ν,
3131 5623 3184 5690 4,
3216 5625 3267 5681 5-

1961 5686 2006 5719 ⁸⁸
2038 5690 2059 5750 Ι
2086 5687 2210 5742 (lor.
2242 5704 2322 5754 ιιι,
2366 5690 2448 5751 l6,
2489 5689 2571 5743 l7.

3366 5623 3411 5656 “
3442 5620 3485 5679 ll
3524 5622 3645 5679 Cor.
3682 5636 3758 5682 vs.
