3988 6200
237 276 374 332 “2|

1492 282 1678 339 ΚΑΤΑ
1702 283 1931 339 ΜΕΡΟΣ
1975 271 2215 352 nigris".

3319 289 3458 350 “22

231 403 348 459 ἰοῦ
375 403 521 458 Θεοῦ
547 401 731 473 ἡμῶν.
766 405 876 459 Καὶ
907 405 1066 458 πάλιν
1090 422 1102 434 ·
1129 407 1196 461 Ἦ
1225 408 1335 460 οὐκ
1369 405 1565 461 οἳδατε
1610 407 1697 460 ὅτι
1730 405 1787 459 τι]

1900 407 1990 460 sed
2026 406 2308 476 justiﬁcati
2355 407 2478 460 estis
2513 406 2566 461 in
2607 408 2813 462 nomine
2860 409 3071 466 Domini
3123 412 3290 468 nostri
3331 413 3458 468 Jesu

229 496 477 565 σώματα
512 495 676 565 ὑμῶν
696 496 840 563 ναὸς
862 499 966 552 τοῦ
994 499 1063 551 ἐν
1093 499 1234 568 ὑμῖν
1261 501 1430 568 ἀγίου
1457 503 1787 570 Πνεύματός

1906 497 2126 562 Christi,
2171 511 2219 552 et
2260 500 2314 552 in
2358 498 2561 569 Spiritu
2595 501 2689 554 Dei
2722 503 2888 554 nostri
2906 502 2969 556 ".
3017 501 3082 557 Et
3112 516 3343 558 rursus:
3377 506 3460 558 An

230 589 426 653 ἐστιν,
449 583 519 643 οὗ
546 587 712 657 ἔχετε
732 589 848 644 ἀπὸ
871 591 1014 664 Θεοῦ
1032 608 1048 653 ;
1069 592 1226 646 Δοκῶ
1249 593 1358 661 γὰρ
1383 593 1541 664 κάγὼ
1559 595 1787 665 Πνεῦμα

1903 593 2111 645 nescitis
2140 592 2384 663 quoniam
2413 608 2629 661 corpora
2662 602 2830 646 vestra
2861 593 3103 662 templum
3134 604 3252 648 sunt
3284 593 3460 656 Spiri-

233 681 388 733 Θεοῦ
415 680 446 733 ἕ
447 696 595 749 χειν.

306 861 415 914 Καὶ
443 861 603 916 πάλιν
637 863 730 916 καὶ
779 864 907 936 περὶ
937 865 1046 919 τῶν
1079 867 1210 920 υἱῶν
1259 868 1470 942 Ἰσραὴλ
1510 871 1792 938 διαλαλῶν,

229 953 310 1016 ὠς
339 953 738 1023 βαπτισθέντων
773 957 828 1009 ὲν
865 959 928 1028 τῇ
962 955 1158 1033 νεφέλῃ
1188 961 1281 1014 καὶ
1327 965 1384 1014 ἐν
1422 966 1485 1033 τῇ
1531 963 1790 1037 θαλάσσῃ,

228 1045 426 1116 φησὶν,
474 1046 586 1099 ὅτι·
624 1046 848 1113 Πάντες
901 1049 964 1102 τὸ
1011 1049 1155 1103 αὐτὸ
1183 1054 1581 1121 πνευματικὸν
1625 1057 1794 1109 ἔπιον

226 1134 394 1203 πόμα
411 1151 424 1165 θ
469 1137 678 1189 ἔπινον
706 1135 812 1204 γὰρ
831 1137 896 1188 ἐκ
915 1137 1318 1206 πνευματικῆς
1345 1140 1793 1208 ἀκολουθούσης

226 1225 452 1293 πέτρας
473 1243 486 1256 ο
517 1228 554 1293 ἡ
577 1225 643 1278 δὲ
659 1226 843 1295 πέτρα
870 1225 947 1298 ἦν
965 1232 998 1282 o’
1015 1230 1280 1297 Χριστός.
1305 1231 1412 1284 Καὶ
1441 1232 1601 1284 πάλιν
1621 1231 1787 1300 λέγει·

224 1314 327 1367 Διὸ
377 1314 624 1384 γνωρίζω
655 1317 799 1386 ὑμῖν
843 1317 931 1371 ὅτι
975 1318 1172 1385 οὐδεὶς
1215 1320 1285 1374 ἐν
1310 1323 1601 1389 Πνεύματι
1645 1323 1790 1378 Θεοῦ

222 1406 437 1460 λαλῶν
458 1407 614 1478 λέγει
639 1408 897 1479 ἀνάθεμα
931 1411 1185 1477 Ἰησοῦνο
1211 1412 1307 1464 καὶ
1332 1413 1527 1479 οὐδεὶς
1547 1415 1792 1470 δύναται

222 1499 420 1552 εἰπεῖν
439 1501 654 1568 Κύριον
694 1502 944 1569 Ἰησοῦν,
973 1506 1024 1557 εί
1055 1503 1141 1572 μὴ
1183 1505 1253 1556 ἐν
1287 1507 1584 1576 Πνεῦματι
1623 1508 1784 1579 ἁγίῳ·

223 1590 550 1659 διαιρέσεις
596 1591 663 1644 δέ
713 1594 1089 1663 χαρισμάτων
1143 1595 1336 1658 εἰσιν,
1399 1597 1465 1651 τὸ
1513 1598 1581 1651 δὲ
1643 1601 1789 1654 αὐτὸ

224 1683 501 1750 Πνεῦμαο
533 1682 630 1736 καὶ
679 1681 992 1751 διαιρέσεις
1031 1684 1342 1740 διακονιῶν
1385 1691 1577 1755 εἰσιν,
1617 1691 1715 1743 καὶ
1757 1693 1790 1744 ό

1905 692 1988 736 tus
2020 683 2210 749 sancti,
2241 684 2328 752 qui
2370 684 2425 736 in
2464 682 2602 736 vobis
2646 691 2744 748 est,
2785 699 2934 751 quem
2963 683 3160 738 habetis
3183 703 3216 737 a
3241 685 3348 738 Deo
3372 683 3462 738 ⁸⁸3

1902 770 1969 826 Ει
2001 773 2128 826 illud
2163 791 2174 827 :
2215 772 2405 826 Videor
2432 775 2566 827 enim
2588 782 2636 826 et
2659 790 2750 842 ego
2775 772 3033 842 Spiritum
3068 774 3159 828 Dei
3190 776 3374 829 habere
3392 777 3454 829 ³¹.

1974 864 2040 918 Ει
2071 865 2262 919 iterum
2300 865 2526 935 loquens
2548 866 2614 919 de
2647 865 2771 920 [iliis
2801 865 2961 919 Israel
2988 877 3242 934 tanquam
3281 867 3458 936 bapti-

1901 959 2036 1012 zatis
2074 958 2127 1011 in
2174 959 2316 1012 nube
2349 967 2402 1012 et
2444 959 2496 1012 in
2530 959 2687 1022 mari,
2718 959 2792 1011 ait
2832 975 2844 1010 :
2887 956 2954 1010 Et
2999 974 3170 1011 onmes
3223 959 3458 1012 eumdem
3495 1021 3498 1024 _

1898 1060 2078 1119 potum
2105 1049 2396 1112 spiritalem
2427 1051 2662 1104 hiberum
2689 1064 2708 1102 :
2739 1049 2975 1102 bibebant
3007 1050 3143 1103 enim
3191 1051 3254 1103 de
3299 1052 3458 1120 spiri-

1900 1141 2016 1206 tali,
2045 1150 2378 1210 consequente
2407 1157 2492 1194 eos
2539 1151 2723 1210 petra;
2751 1151 2896 1209 petra
2934 1151 3107 1194 autem
3147 1150 3259 1194 erat
3307 1141 3460 1194 Chri-

1901 1242 2014 1284 stus
2037 1232 2102 1286 “.
2160 1231 2226 1285 Et
2272 1233 2465 1286 iterum
2521 1233 2595 1285 ait
2627 1251 2642 1283 :
2678 1230 2894 1300 Propter
2939 1232 3033 1284 hoc
3085 1243 3262 1285 notum
3314 1233 3456 1286 vobis

1899 1323 2062 1391 facio,
2091 1323 2230 1392 quod
2267 1339 2412 1375 nemo
2448 1323 2501 1375 in
2539 1319 2744 1390 Spiritu
2780 1321 2870 1374 Dei
2911 1320 3145 1391 loquens,
3174 1323 3301 1375 dicit
3323 1339 3457 1376 ana-

1897 1415 2070 1467 thema
2094 1413 2220 1467 Jesu
2255 1428 2272 1464 :
2303 1423 2350 1468 et
2381 1430 2528 1466 nemo
2554 1421 2721 1481 potest
2749 1412 2919 1465 dicere
2943 1412 3225 1464 Dominum
3247 1412 3454 1478 Iesum,

1896 1506 2000 1560 nisi
2040 1507 2094 1558 in
2140 1504 2343 1574 Spiritu
2386 1515 2585 1558 sancto.
2638 1504 2932 1557 Divisiones
2976 1506 3269 1574 gratiarum
3309 1513 3454 1574 sunt,

1896 1613 2032 1650 unus
2061 1608 2234 1650 autem
2259 1595 2521 1666 Spiritus;
2546 1605 2594 1649 et
2625 1596 2903 1650 divisiones
2931 1597 3452 1651 administrationum

1895 1699 2037 1755 sunt,
2088 1706 2220 1742 unus
2261 1699 2435 1742 autem
2464 1689 2758 1753 Domitius;
2793 1689 3067 1742 divisiones
3092 1691 3453 1758 operationum

221 1773 410 1840 αὐτὸς
439 1773 650 1841 Κύριος
671 1791 684 1804 ·
715 1775 813 1828 καὶ
848 1774 1162 1844 διαιρέσεις
1181 1777 1588 1848 ἐνεργημάτων
1608 1783 1786 1847 είσὶν,

1890 1793 2032 1846 sunt,
2068 1790 2114 1832 et
2139 1781 2277 1832 idem
2309 1789 2384 1832 est
2419 1781 2577 1844 Deus,
2612 1780 2701 1850 qui
2728 1788 2975 1849 operatur
3004 1782 3178 1833 omnia
3204 1781 3257 1834 in
3281 1783 3454 1834 omni-

221 1865 321 1918 καὶ
350 1868 385 1919 ὀ
407 1867 588 1932 αὐτός
607 1866 733 1920 ἐστι
760 1866 900 1933 Θεὸς
923 1871 955 1921 ὁ
977 1868 1232 1938 ἐνεργῶν
1257 1871 1327 1925 τὰ
1363 1871 1558 1926 πάντα
1582 1874 1652 1928 ἐν
1678 1873 1790 1930 πᾶ-

221 1973 358 2011 σιν·
395 1956 626 2024 ἑκάστῳ
655 1957 722 2011 δὲ
752 1959 974 2013 δίδοται
1012 1963 1050 2029 ἡ
1094 1962 1426 2031 φανέρωσις
1465 1964 1570 2018 τοῦ
1606 1967 1792 2020 Πνεύ-

217 2064 412 2116 ματος
461 2047 607 2116 πρὸς
652 2048 718 2102 τὸ
772 2049 1108 2120 συμφέρον·
1143 2045 1190 2117 ᾧ
1243 2051 1358 2122 μὲν
1394 2053 1503 2124 γὰρ
1548 2053 1646 2108 διὰ
1683 2056 1790 2110 τοῦ

221 2142 570 2211 Πνεύματος
595 2140 818 2196 δίδοται
839 2145 1018 2214 λόγος
1043 2145 1314 2214 γνώσεως
1354 2148 1502 2203 κατὰ
1542 2148 1605 2203 τὸ
1645 2152 1788 2206 αὐτό

217 2233 496 2304 Πνεῦμα,
540 2231 717 2304 ἑτέρῳ
755 2235 822 2289 δὲ
849 2237 1050 2304 πίστις
1084 2239 1153 2293 ἐν
1189 2239 1444 2306 τῷαύτῷ
1471 2244 1787 2313 Πνεῦματι,

218 2326 391 2391 ἄλλῳ
421 2326 489 2380 δὲ
514 2325 877 2398 ἐνεργήματα
907 2328 1234 2400 δυνάμεων,
1263 2333 1430 2399 ἄλλῳ
1464 2334 1531 2388 δὲ
1566 2354 1791 2408 προφη-

220 2419 350 2473 τεία
373 2457 388 2484 ,
425 2419 593 2488 ἄλλῳ
633 2420 701 2474 δὲ
747 2421 1038 2492 διάκρισις
1067 2424 1437 2494 πνευμάτων,
1493 2428 1674 2497 ἑτέρῳ
1722 2430 1791 2485 δέ

218 2510 368 2579 γένη
399 2513 692 2581 γλωσσῶν
709 2529 722 2542 ·
757 2512 951 2568 πάντα
976 2513 1042 2568 δέ
1062 2516 1245 2571 ταῦτα
1262 2517 1491 2589 ἐνεργεῖ
1510 2521 1574 2573 τὸ
1604 2520 1674 2576 ἐν
1691 2524 1787 2577 καὶ

219 2601 284 2654 τὸ
317 2602 466 2656 αὐτὸ
488 2603 727 2672 Πνεῦμα
747 2604 1016 2674 διαιροῦν
1040 2606 1159 2660 ἴδια
1183 2607 1416 2673 ἑκάστῳ
1436 2611 1626 2678 καθὼς
1649 2613 1790 2677 βού-

219 2698 419 2748 λεται·
468 2697 566 2750 καὶ
610 2696 872 2766 καθάπερ
900 2697 966 2752 τὸ
1008 2699 1178 2770 σῶμα
1206 2700 1274 2754 ἓν
1299 2703 1467 2756 ἐστιν
1496 2704 1595 2758 καὶ
1631 2705 1786 2775 μέλη

221 2787 428 2841 πολλὰ
440 2789 577 2860 ἔχει,
606 2788 799 2844 πάντα
823 2789 890 2842 δὲ
914 2790 984 2844 τὰ
999 2793 1152 2861 μέλη
1173 2793 1277 2847 τοῦ
1300 2792 1568 2863 σώματος
1591 2798 1789 2853 πολλὰ

222 2879 376 2932 ὄντα
391 2879 459 2932 ἓν
482 2879 608 2934 ἐστι
633 2880 824 2951 σῶμα,
847 2882 1032 2948 οὕτως
1052 2883 1151 2936 καὶ
1179 2886 1212 2937 d
1236 2885 1486 2952 Χριστός
1505 2903 1519 2917 ο
1553 2887 1652 2940 καὶ
1676 2887 1788 2958 γὰρ

218 2971 292 3025 ἐν
314 2971 407 3026 ἐνὶ
423 2974 712 3043 Πνεύματι
734 2974 954 3042 πάντες
973 2975 1142 3045 ἡμεῖς
1165 2978 1252 3042 είς
1272 2975 1341 3030 ἓν
1362 2976 1531 3047 σῶμα
1555 2979 1788 3036 ἐϐαπτί-

1892 1874 2006 1925 bus.
2043 1870 2330 1951 Unicuique
2355 1880 2529 1924 autem
2553 1871 2712 1926 datur
2735 1876 3092 1943 manifestalio
3116 1875 3348 1945 Spiritus
3381 1877 3450 1930 ad

1890 1966 2194 2021 utilitatem.
2220 1967 2330 2020 Alii
2349 1969 2556 2038 quidem
2583 1984 2672 2036 per
2700 1965 2960 2037 Spiritum
2981 1968 3142 2022 datur
3167 1985 3335 2022 sermo
3362 1985 3454 2023 sa-‘

1888 2058 2132 2125 pientite;
2165 2057 2261 2111 alii
2287 2067 2461 2111 autem
2498 2073 2666 2112 sermo
2697 2059 2955 2121 scientia’,
2993 2057 3278 2111 secundum
3305 2074 3453 2112 eum-

1889 2149 2004 2203 dem
2025 2147 2316 2218 Spiritum;
2342 2151 2436 2203 alii
2469 2145 2596 2220 ﬁdes
2627 2151 2681 2204 in
2715 2150 2891 2205 eodem
2934 2148 3174 2221 Spiritu;
3208 2152 3303 2205 alii
3335 2167 3454 2205 vero

1889 2240 2221 2310 operationes
2262 2241 2546 2304 virtutum;
2583 2241 2678 2295 alii
2717 2242 3024 2312 prophetia;
3068 2243 3162 2296 alii
3203 2245 3452 2298 discretio
3509 2277 3516 2282 τ

1888 2332 2204 2400 spirituum;
2228 2331 2323 2384 alii
2355 2348 2544 2400 genera
2572 2333 2906 2403 linguarum;
2933 2336 3030 2388 alii
3055 2352 3170 2389 vero
3203 2337 3454 2406 interpreo

1887 2423 2016 2476 tatio
2048 2439 2364 2478 sermonum.
2397 2424 2590 2478 Omnia
2619 2435 2793 2478 autem
2820 2425 2930 2479 hazc
2965 2437 3211 2495 operatur
3243 2445 3377 2481 unus
3399 2435 3450 2482 et

1888 2512 2026 2565 idem
2064 2510 2322 2581 Spiritus,
2355 2513 2593 2567 dividens
2625 2514 2847 2584 singulis
2873 2525 3027 2584 prout
3062 2517 3190 2570 uult.
3219 2515 3290 2569 Et
3311 2519 3448 2570 sicut

1891 2618 2050 2656 unum
2074 2620 2262 2672 corpus
2283 2612 2381 2670 est,
2411 2603 2580 2657 multa
2608 2614 2782 2658 autem
2810 2606 2959 2658 habet
2983 2605 3246 2668 membra;
3270 2608 3448 2659 omnia

1886 2710 2005 2749 vero
2048 2697 2276 2749 membra
2307 2699 2562 2766 corporis,
2588 2713 2704 2749 cum
2742 2697 2847 2750 sint
2877 2697 3062 2764 multa,
3087 2714 3249 2752 unum
3276 2707 3447 2752 tamen

1887 2803 2074 2857 corpus
2116 2801 2276 2853 sunt;
2318 2791 2396 2842 ita
2433 2799 2482 2843 et
2525 2789 2788 2843 Christus.
2843 2789 3033 2844 Omnes
3080 2791 3216 2843 enim
3257 2806 3349 2843 nos
3390 2791 3447 2842 iu

1887 2894 2048 2932 unum
2071 2895 2253 2948 corpus
2279 2881 2530 2948 baptizati
2555 2897 2733 2935 sumus
2752 2881 2816 2934 ³³.
2854 2880 2918 2936 Ει
2943 2897 3136 2937 rursus
3165 2882 3240 2936 ait
3271 2900 3284 2936 :
3310 2879 3445 2936 Nam

1887 2973 2000 3028 siis
2020 2974 2114 3044 qui
2142 2972 2410 3046 venit(6),
2454 2976 2618 3030 alium
2658 2975 2933 3030 Christum
2971 2975 3244 3045 praedicat,
3283 2989 3446 3045 quem

219 3067 472 3134 σθημεν.
503 3067 612 3119 Καὶ
645 3067 804 3121 πάλιν
834 3067 1011 3136 λέγει⁹
1046 3072 1108 3124 Ei
1150 3071 1246 3141 μὲν
1286 3071 1393 3146 γὰρ
1431 3075 1460 3127 ὁ
1497 3074 1787 3146 ἐρχόμενος

1890 3078 1998 3118 non
2039 3065 2480 3134 przedicavimus;
2529 3075 2624 3122 aut
2670 3067 2836 3120 alium
2885 3067 3134 3136 spiritum
3179 3067 3444 3135 accipitis,

219 3155 383 3210 ἄλλον
421 3156 625 3228 Ἰησοῦν
644 3160 904 3230 κηρύσσει
928 3161 986 3214 ὂν
1008 3163 1106 3216 οὐκ
1129 3165 1492 3237 ἐκηρύξαμεν,
1517 3166 1548 3236 ἢ
1573 3167 1788 3238 πνεῦμα

219 3248 407 3319 ἓτερον
439 3249 738 3319 λαμϐάνετε
771 3252 798 3304 ὃ
817 3254 915 3306 οὐκ
939 3253 1177 3319 ἐλάϐετε,
1207 3255 1240 3328 ἢ
1265 3257 1574 3327 εὐαγγέλιον
1604 3260 1790 3331 ἕτερον

221 3340 250 3393 ὃ
279 3343 384 3394 οὐκ
417 3342 686 3406 ἐδέξασθε,
717 3343 896 3408 καλῶς
923 3345 987 3398 ἂν
1007 3347 1233 3417 εἴχεσθε.

301 3429 467 3504 Ὁρᾷς
498 3435 578 3487 ὅτι
612 3435 908 3506 ἀχώριστόν
935 3438 1049 3490 ἐστι
1071 3439 1130 3490 τὸ
1148 3438 1367 3510 Πνεῦμα
1394 3440 1491 3510 τῆς
1505 3440 1786 3513 Θεότητος,

219 3523 316 3576 καὶ
353 3525 450 3576 οὐκ
479 3524 542 3578 ἄν
569 3543 652 3590 τις
672 3527 907 3592 εὐσεϐῶς
937 3527 1145 3598 φρονῶν
1165 3529 1368 3598 κτίσμα
1412 3530 1543 3582 αὐτὸ
1587 3531 1786 3584 ὑπολά-

219 3613 328 3669 ϐοι.
375 3617 460 3669 Ἐν
487 3618 542 3671 δὲ
566 3622 633 3690 τῇ
664 3620 799 3692 πρὸς
837 3620 1116 3693 Ἐϐραίους
1154 3622 1435 3695 Ἐπιστολῇ
1462 3623 1621 3676 πάλιν
1654 3625 1790 3696 γρά-

220 3727 311 3778 φει
362 3708 564 3775 οὕτως’
616 3711 750 3779 Πῶς
775 3713 945 3783 ἡμεῖς
995 3714 1396 3784 ἐκφευξόμεθα
1426 3719 1789 3786 τηλικαύτης

216 3801 636 3870 ἀμελήσαντες
661 3807 982 3873 σωτηρίας
1014 3807 1142 3874 ἥτις
1173 3809 1370 3878 ἀρχὴν
1398 3809 1668 3863 λαϐοῦσα
1689 3813 1790 3864 λα-

217 3893 456 3947 λεῖσθαι
476 3895 591 3948 ὑπὸ
611 3895 715 3948 τοῦ
741 3897 959 3965 Κυρίου
997 3899 1093 3952 διὰ
1129 3899 1245 3952 τῶν
1279 3899 1666 3954 ἀκουσάντων
1704 3904 1788 3967 είς

219 3985 381 4055 ἡμᾶς
420 3987 764 4058 ἐϐεϐαιώθη,
796 3991 1448 4060 συνεπιμαρτιφοῦντος
1492 3993 1596 4047 τοῦ
1642 3992 1788 4047 Θεοῦ

217 4079 491 4148 σημείοις
525 4080 622 4134 καὶ
662 4079 863 4150 τέρασι
898 4083 992 4136 καὶ
1035 4084 1332 4151 ποικίλαις
1362 4083 1653 4155 δυνάμεσι
1691 4086 1788 4139 καὶ

216 4172 567 4240 Πνεῦματος
591 4173 760 4241 ἁγίου
775 4175 1101 4243 μερισμοῖς.
1133 4175 1242 4228 Καὶ
1275 4175 1433 4229 πάλιν
1467 4177 1524 4228 ἐν
1556 4178 1620 4247 τῇ
1650 4176 1784 4246 αὐτῇ

230 4260 518 4334 Ἐπιστολῇ
552 4282 713 4335 φησιν
737 4283 750 4296 ο
783 4267 876 4320 Διύ
903 4267 1095 4334 καθὼς
1138 4266 1295 4338 λέγει
1326 4267 1391 4322 τὸ
1437 4269 1676 4336 Πνεῦμα
1719 4269 1785 4321 τὸ

217 4351 392 4422 ἅγιον
411 4368 427 4382 ο
457 4353 721 4423 Σήμερον
743 4355 850 4409 ἐὰν
875 4354 983 4425 τῆς
1006 4357 1209 4427 φωνῆς
1243 4359 1427 4413 αὐτοῦ
1467 4359 1781 4428 ἀκούσητε,

1889 3169 2050 3224 quem
2085 3170 2192 3209 non
2233 3156 2547 3226 accepistis;
2587 3166 2683 3212 aut
2715 3157 2858 3211 aliud
2886 3156 3255 3228 Evangelium,
3299 3158 3445 3228 quod

1890 3266 1995 3306 non
2026 3253 2333 3322 recepistis;
2375 3263 2520 3308 recte
2561 3252 2902 3323 pateremini.

1957 3431 2120 3488 Vides
2171 3433 2314 3502 quod
2371 3433 2748 3503 inseparabilis
2799 3434 2870 3488 sit
2915 3431 3148 3504 Spiritus
3181 3448 3211 3488 a
3242 3431 3447 3488 Divinia

1888 3525 2036 3580 tate?
2059 3537 2112 3580 et
2138 3542 2412 3596 nunquam
2439 3527 2581 3580 ullus
2613 3513 2699 3596 pie
2721 3527 2977 3590 sentiens,
3004 3536 3304 3582 creaturam
3327 3537 3448 3582 esse

1889 3616 2272 3685 suspicabitur.
2307 3618 2364 3670 lu
2397 3617 2633 3688 Epistula
2661 3626 2840 3672 autem
2869 3619 2934 3671 ad
2965 3616 3216 3676 llebrazos
3237 3619 3315 3672 sic
3334 3619 3441 3672 ait:
3504 3637 3511 3644 ·

1889 3706 2159 3771 Quomodo
2186 3723 2278 3760 nos
2309 3708 2632 3778 effugiemus,
2663 3711 2710 3763 si
2739 3718 2938 3760 tantam
2963 3707 3334 3778 neglexerimus
3357 3726 3446 3763 sa-

1887 3799 2086 3854 lutent?
2140 3815 2255 3868 qua:
2301 3815 2417 3851 cum
2467 3800 2677 3851 initium
2732 3801 3010 3870 accepisset
3057 3800 3298 3853 enarrari
3353 3816 3446 3869 per

1887 3891 2190 3956 Dominum,
2224 3890 2288 3943 ab
2320 3891 2384 3943 iis
2413 3892 2502 3959 qui
2538 3892 2867 3956 audiverunt,
2914 3893 2966 3945 in
3010 3908 3103 3946 nos
3134 3892 3445 3960 conﬁrmatd

1886 3991 1983 4045 est,
2010 3992 2331 4036 contestante
2361 3982 2468 4036 Deo
2497 3983 2659 4052 signis
2689 3995 2736 4038 et
2773 3985 3045 4053 portentis,
3077 3996 3125 4038 et
3150 3987 3308 4038 variis
3339 3987 3446 4038 vir-

1888 4074 2105 4140 tutibus,
2149 4085 2197 4128 et
2235 4074 2464 4144 Spiritus
2487 4075 2657 4128 sancti
2677 4074 3136 4128 distributionibus
3159 4075 3444 4129 secundum

1885 4183 2035 4221 suam
2059 4166 2380 4220 voluntatem
2400 4166 2464 4219 “.
2520 4165 2586 4220 Et
2638 4182 2828 4221 rursus
2877 4168 2931 4219 in
2979 4167 3164 4221 eadem
3204 4167 3444 4236 Epistola

1885 4258 2016 4312 dicit
2041 4275 2054 4311 ε
2087 4255 2440 4326 Quapropter,
2465 4257 2600 4310 sicut
2626 4258 2699 4310 ait
2732 4254 2964 4326 Spiritus
2989 4266 3202 4312 sanctus
3232 4276 3244 4312 :
3273 4257 3444 4313 Hodie

1884 4351 1929 4403 si
1954 4364 2126 4404 vocem
2151 4349 2262 4418 ejus
2287 4349 2580 4415 audieritis,
2602 4349 2761 4403 nolite
2782 4349 3039 4404 obdurare
3069 4351 3226 4404 corda
3249 4363 3441 4417 vestra,

211 4445 299 4515 μὴ
345 4447 721 4516 σκληρύνητε
742 4449 846 4516 τὰς
867 4449 1109 4518 καρδίας
1129 4450 1294 4520 ὑμῶν
1321 4492 1336 4516 ,
1365 4453 1444 4518 ὡς
1469 4453 1540 4506 ἐν
1566 4451 1645 4516 τῷ
1675 4468 1786 4506 πα-

1890 4445 2024 4496 sicut
2052 4444 2109 4496 in
2135 4439 2529 4496 exacerbatione
2563 4441 2844 4495 secundum
2876 4441 3014 4496 diem
3055 4444 3354 4497 tentationis
3387 4445 3443 4497 iu

211 4537 627 4608 ραπικρασμῷ,
658 4540 806 4594 κατὰ
841 4539 956 4609 τὴν
983 4541 1214 4610 ἡμέραν
1239 4543 1344 4597 τοῦ
1368 4544 1696 4613 πειρασμοῦ
1714 4545 1783 4597 ἐν

217 4628 292 4698 τῇ
329 4629 542 4699 ἐρήμῳ,
565 4626 636 4686 οὗ
664 4631 989 4699 ἐπείρασάν
1001 4650 1078 4703 με
1102 4637 1155 4687 οἱ
1176 4633 1422 4702 πατέρες
1445 4634 1631 4702 ὑμῶν,
1651 4633 1780 4688 ἐδο-

219 4720 486 4788 κίμασαν
515 4737 591 4790 με
616 4723 713 4775 καὶ
736 4718 897 4776 εἶδον
916 4725 987 4777 τὰ
1023 4724 1166 4794 ἔργα
1189 4743 1307 4794 μου
1340 4725 1782 4794 τεσσαράκοντα

219 4808 327 4877 ἐτη
346 4825 360 4839 ο
390 4809 481 4862 διὸ
508 4811 912 4882 προσώχθησα
937 4813 1012 4882 τῇ
1043 4812 1215 4883 γενεᾷ
1243 4815 1445 4884 ταύτῃ,
1463 4817 1558 4868 καὶ
1588 4816 1777 4870 εἷπονο

233 4901 344 4955 Ἀεὶ
378 4903 719 4958 πλανῶνται
734 4904 807 4974 τῇ
831 4906 1038 4974 καρδίᾳ
1058 4906 1271 4970 αὐτῶν,
1295 4907 1442 4960 διότι
1464 4909 1574 4961 οὐκ
1600 4909 1781 4978 ἐγνω-

219 5012 343 5048 σαν
369 4998 475 5062 τὰς
501 4997 677 5064 ὁδούς
699 5016 837 5067 μου,
864 4999 944 5066 ὡς
973 4999 1177 5068 ὤμοσα
1198 5001 1266 5052 έν
1301 4998 1374 5068 τῇ
1405 4997 1548 5068 ὀργῇ
1589 5003 1787 5069 μου,εί

219 5090 666 5144 εἰσελεύσονται
695 5093 782 5157 εις
805 5091 917 5159 τὴν
941 5091 1462 5161 κατάπαυσίν-μου.
1491 5093 1783 5148 Κάνταῦθα

219 5180 564 5237 ἀκουέτωσαν
594 5184 806 5238 Παύλου
833 5183 1096 5256 μηδαμῶς
1121 5184 1440 5256 χωρίζοντος
1468 5186 1529 5238 τὸ
1559 5186 1782 5258 Πνεῦμα

218 5273 279 5327 τὸ
312 5275 464 5343 ἆγιον
491 5277 589 5347 τῆς
615 5276 862 5347 θεότητος
890 5277 982 5330 τοῦ
1000 5277 1209 5348 Πατρὸς
1238 5277 1327 5330 καὶ
1351 5277 1446 5330 τοῦ
1476 5276 1626 5341 Υῐοῦ,
1649 5278 1782 5332 ἀλλὰ

222 5367 406 5434 σαφῶς
420 5367 700 5438 δηλοῦντος
711 5369 809 5439 τὴν
827 5367 918 5421 τοῦ
936 5369 1089 5437 ἁγίου
1105 5368 1415 5440 Πνεύματος
1429 5368 1701 5423 διαλαλιὰν
1721 5371 1784 5422 ὲκ

1887 4536 2124 4598 deserto,
2151 4534 2240 4586 ubi
2272 4540 2594 4586 tentaverunt
2634 4548 2712 4585 me
2745 4541 2917 4600 patres
2959 4535 3154 4598 vestri;
3189 4536 3441 4603 probaue-

1889 4636 2008 4678 runt
2038 4635 2087 4680 et
2119 4627 2358 4679 viderunt
2384 4639 2539 4690 opera
2565 4641 2702 4690 mea,
2722 4627 3073 4694 quadraginta
3098 4629 3269 4682 annis.
3306 4625 3441 4680 Pro-

1886 4731 1998 4788 pter
2041 4723 2178 4787 quod
2227 4719 2460 4786 infensus
2516 4719 2595 4786 fui
2645 4718 2962 4788 generationi
3007 4720 3150 4784 huic,
3195 4729 3245 4773 et
3285 4720 3440 4772 dixi:

1889 4808 2291 4876 Sempererrant
2317 4808 2489 4862 corde.
2511 4807 2540 4860 Ι
2544 4810 2623 4878 psi
2643 4818 2817 4862 autem
2842 4824 2944 4862 non
2967 4820 3307 4876 cognoverunt
3331 4810 3438 4864 vias

1888 4919 2047 4968 meas,
2085 4901 2272 4971 quibus
2297 4901 2474 4969 juravi
2500 4901 2554 4953 in
2584 4901 2665 4954 ira
2699 4917 2833 4964 mea,
2874 4901 2920 4954 si
2959 4901 3242 4954 introibant
3272 4903 3324 4954 in
3359 4919 3439 4955 rc-

1883 4999 2053 5067 quiem
2090 5013 2257 5051 meam
2279 4994 2342 5047 ³⁵.
2380 4991 2478 5048 Hic
2509 4994 2673 5048 etiam
2705 4994 2928 5048 audiant
2955 4991 3179 5047 Paulum
3210 5010 3318 5048 non
3353 5010 3438 5051 8e-

1884 5102 2166 5162 parantem
2203 5094 2464 5163 Spiritum
2503 5099 2750 5148 sanctum
2793 5103 2823 5141 a
2862 5087 3138 5140 divinitate
3179 5085 3355 5142 Patris
3383 5099 3437 5141 et

1884 5186 2044 5242 Filii:
2075 5188 2204 5258 quin
2236 5189 2415 5257 potius
2459 5187 2606 5240 clare
2652 5183 3062 5254 signiﬁcantem,
3112 5179 3434 5233 locutionem

1887 5279 2120 5348 Spiritus
2159 5280 2330 5333 sancti
2359 5295 2426 5333 ex
2469 5292 2699 5347 persona
2741 5273 2831 5328 Dei
2875 5287 3010 5335 esse,
3045 5278 3376 5339 ettanquam
3405 5285 3436 5324 a

1891 5368 2001 5424 Deo
2032 5369 2295 5439 prolatam
2312 5369 2381 5433 ³⁸,
2411 5367 2552 5423 sicut
2580 5365 2848 5420 redditum
2873 5370 2955 5417 est
2983 5361 3036 5415 in
3064 5359 3129 5416 iis
3153 5374 3274 5432 qua:
3294 5358 3435 5417 dicta

294 5508 380 5561 ⁸⁸1
411 5509 536 5566 Cor.
563 5527 637 5577 vr,
663 5511 750 5564 Η.
831 5511 875 5542 ³⁸
905 5510 1034 5565 ibid.
1067 5511 1151 5567 i9.
1183 5507 1625 5578 Vulg.,membra
1646 5509 1784 5570 loco,

1890 5525 2042 5576 pora.
2119 5509 2158 5540 ⁸¹
2195 5491 2488 5578 Ῑϐονξνιι,
2525 5506 2642 5578 4οη
2691 5505 2734 5536 ³⁸
2767 5501 2787 5557 l
2816 5503 2940 5560 Cor.
2970 5518 3024 5571 Χ,
3057 5502 3111 5558 4.
3185 5501 3231 5536 ⁸³
3257 5503 3278 5555 Ι
3305 5500 3433 5558 Cor.

222 5593 319 5644 In,
364 5582 425 5635 5-
460 5583 543 5636 15.

195 5773 214 5779 -
299 5725 373 5794 (6)
411 5725 622 5783 Allucio
652 5726 860 5783 videtur
883 5725 997 5783 ﬁeri
1031 5725 1099 5782 ad
1123 5725 1285 5781 verba
1317 5725 1490 5782 Gaiat.
1517 5740 1554 5779 ι.

637 5581 682 5614 ³⁵
710 5580 870 5636 Hebr.
921 5579 986 5647 li,
1038 5581 1092 5645 5,
1147 5580 1201 5634 4.
1277 5575 1320 5611 ³³
1369 5577 1530 5633 Hebr.
1567 5595 1646 5643 Ill,
1686 5579 1849 5646 7—H;
1896 5575 2041 5634 Psal.
2068 5594 2211 5642 XCIV,
2243 5578 2386 5633 8-H.
2462 5577 2507 5609 “
2538 5575 2682 5631 ibid.-
