3938 6282
128 317 277 375 H25

1054 324 1527 384 FRAGMENTUM
1568 325 1908 385 SERMONIS
1943 324 2030 381 DE
2066 326 2455 385 TRINITATE.

3213 332 3351 388 1136

120 439 282 492 mina
324 453 455 493 vero
505 449 631 495 sunt
674 441 841 495 Adam
866 482 881 505 ,
930 443 1202 497 Abraham
1230 485 1244 509 ,
1273 442 1422 499 Isaac
1447 486 1461 509 ,
1488 442 1690 512 Jacob;
1719 447 1768 505 Α
1798 452 1903 497 tem
1929 453 2169 513 superat,
2193 442 2593 515 intelligamus?
2621 442 2777 499 Certe
2806 445 2851 499 si
2878 445 3077 499 homini
3108 448 3350 515 pervium

124 531 250 585 hac
276 574 290 597 ,
321 532 540 601 inquam
567 574 582 597 ,
614 536 831 588 nomina
875 543 1017 589 sunt.
1081 534 1182 590 Sed
1217 538 1411 591 diviuze
1446 536 1695 591 Personae

123 630 264 676 sunt
293 622 506 690 quidem
532 624 779 689 nomina;
817 625 1032 678 nomina
1057 634 1232 680 tamen
1261 637 1386 681 sunt
1414 626 1690 694 Personae;

124 712 387 767 Persona:
419 712 635 765 demum
668 712 971 781 signiﬁcant
1021 714 1073 767 id
1120 716 1262 783 quod
1306 723 1389 769 est
1429 724 1481 769 et
1515 715 1694 770 subsi-

124 805 257 867 stit,
293 806 414 873 quae
437 813 519 857 est
542 805 773 858 essentia
815 804 928 858 Dei.
993 803 1194 858 Nomen
1234 820 1449 874 quoque
1482 815 1693 860 naturae

124 896 406 965 significat
450 896 851 949 subsistentiam
881 934 895 959 ,
946 896 1106 950 veluti
1158 896 1201 950 si
1235 896 1479 951 dicamus
1509 898 1689 951 homi-

124 1004 278 1041 nem.
338 986 555 1042 Cunctae
583 985 870 1055 (Personw)
906 1003 1011 1040 una
1057 998 1248 1042 natura
1284 996 1430 1053 sunt,
1466 1004 1570 1041 una
1604 1005 1690 1043 es-

124 1079 325 1144 sentia,
379 1094 485 1131 uua
514 1079 783 1139 voluntas,
824 1078 1268 1148 appellanturque
1300 1076 1538 1133 Trinitas
1566 1095 1691 1134 san-

122 1180 237 1231 cta,
284 1184 407 1237 qua:
439 1176 563 1222 sunt
595 1168 811 1221 nomina
857 1157 1222 1234 subsistentia,
1272 1184 1377 1222 una
1408 1177 1598 1222 natura
1632 1169 1688 1223 in

121 1261 306 1313 tribus
338 1259 611 1321 Personis,
642 1274 703 1313 ac
731 1274 899 1328 genus
928 1276 1114 1313 unum.
1142 1258 1262 1312 Filii
1290 1275 1416 1313 vero
1445 1259 1681 1315 Persona

122 1354 280 1405 unita
310 1360 414 1417 est,
451 1367 640 1420 nempe
665 1368 830 1405 unum
863 1366 927 1404 ex
957 1352 1191 1415 duobus,
1227 1352 1277 1405 id
1306 1362 1386 1405 est
1407 1352 1688 1407 divinitate

121 1444 293 1499 simul
328 1452 380 1497 et
406 1443 756 1505 humanitate,
807 1458 927 1512 qua:
959 1442 1078 1495 dua:
1114 1457 1280 1496 unum
1328 1442 1683 1495 constituunt.

119 1533 317 1605 Neque
342 1546 518 1589 tamen
552 1536 676 1588 hinc
698 1534 949 1588 divinitas
977 1534 1143 1587 ullum
1169 1533 1362 1603 accipit
1385 1533 1687 1587 incremen-

121 1636 279 1691 tum,
320 1627 411 1681 sed
441 1625 678 1679 Trinitas
725 1636 904 1679 manet
948 1633 1267 1694 prouterat.
1317 1622 1393 1679 Ne
1435 1624 1685 1680 Personis

123 1720 373 1788 quidem,
407 1734 499 1772 seu
531 1718 857 1783 nominibus,
894 1733 1090 1771 novum
1124 1716 1326 1785 aliquid
1352 1717 1566 1781 accidit,
1590 1717 1683 1772 sed

121 1828 205 1866 ea:
226 1822 442 1865 teternae
472 1820 616 1874 sunt,
639 1819 691 1863 et
719 1812 833 1863 sine
859 1818 1114 1878 tempore.
1149 1807 1318 1863 Nemo
1341 1819 1518 1863 tamen
1544 1810 1686 1879 ipsas

121 1914 251 1957 ante
285 1916 611 1971 cognoscere
646 1902 812 1955 valuit
852 1918 1013 1970 quam
1048 1900 1215 1955 Filius
1245 1916 1373 1955 caro
1399 1899 1572 1955 factus
1593 1916 1686 1956 eas

122 1993 499 2049 manifestavit
525 1993 709 2047 dicens
733 2010 747 2046 :
782 1992 961 2055 Pater,
980 1993 1310 2061 manifestavi
1332 2009 1516 2046 nomen
1540 2002 1687 2045 tuum

122 2088 458 2149 hominibus;
498 2086 732 2154 clari/ica
757 2101 834 2137 me
858 2093 912 2137 tu
943 2102 1159 2155 quoque,
1188 2095 1242 2138 ut
1274 2094 1584 2156 cognoscant
1608 2101 1686 2137 me

123 2178 336 2232 Filium
389 2189 532 2230 tuum
562 2179 627 2231 ³⁷.
693 2176 746 2229 In
794 2186 974 2231 monte
1017 2186 1196 2231 autem
1233 2176 1392 2231 Pater
1437 2177 1689 2232 clamavit

121 2274 315 2327 dicens
350 2291 363 2327 :
400 2273 500 2324 llic
539 2280 615 2325 est
652 2271 823 2325 Filius
869 2288 1011 2325 meus
1062 2272 1283 2325 dilectus
1316 2271 1378 2324 ³⁸.
1434 2271 1687 2338 Idemque

124 2382 294 2434 super
336 2362 625 2417 Jordanem
678 2362 933 2433 Spiritum
997 2372 1240 2417 sanctum
1301 2377 1459 2416 suum
1516 2361 1682 2415 misit.

124 2460 305 2527 Atque
339 2459 410 2510 ita
443 2458 598 2511 nobis
643 2458 1067 2511 demonstratum
1106 2456 1203 2509 fuit
1228 2496 1243 2519 ,
1280 2455 1597 2509 Trinitatem
1630 2455 1684 2508 in

124 2552 241 2621 pari
279 2551 488 2603 honore
511 2565 631 2603 esse
660 2549 1061 2618 sempiternam.
1088 2547 1253 2603 Porro
1285 2548 1402 2603 Filii
1438 2565 1503 2603 ex
1528 2548 1685 2602 Patre

124 2643 404 2713 generatio
451 2641 1009 2709 incomprehensibilis
1048 2649 1130 2695 est;
1165 2651 1324 2710 atque
1359 2639 1683 2713 inetl‘abilis;

122 2712 173 2787 et
224 2736 354 2802 quia
403 2733 660 2802 spiritalis
692 2742 808 2796 est,
843 2732 1104 2786 scrutinio
1149 2732 1208 2785 lit
1258 2712 1548 2801 impervia;
1598 2746 1684 2785 res

123 2826 271 2877 enim
306 2823 568 2894 spiritalis
615 2840 787 2894 neque
816 2826 1034 2893 intelligi
1068 2833 1243 2894 potest
1269 2840 1298 2877 a
1334 2839 1392 2878 re
1417 2822 1683 2892 corporali

123 2930 304 2981 neque
362 2914 614 2983 vestigari
651 2933 662 2967 :
695 2915 850 2983 longe
894 2915 1038 2968 enim
1086 2915 1135 2968 id
1178 2915 1329 2969 abest
1355 2913 1422 2966 ab
1448 2913 1684 2967 humana

122 3018 321 3061 natura
373 3005 481 3059 Nos
505 3007 719 3075 quidem
753 3007 996 3061 homines
1017 3006 1415 3077 generationem
1444 3015 1684 3061 nostram

1796 542 1942 589 esset
1971 537 2282 605 mysterium
2317 536 2440 602 hoc,
2477 551 2819 605 nequaquam
2852 537 3007 591 divus
3030 539 3352 592 allirmasset

1795 623 2030 679 Joannes
2060 644 2072 679 :
2108 625 2273 679 Deum
2306 644 2452 681 nemo
2499 627 2629 681 vidit
2665 643 2893 695 unquam
2917 628 2980 679 ³9.
3040 625 3211 693 Quem
3243 643 3347 698 igt—

1795 723 1885 768 tur
1913 731 2071 769 ncmo
2106 733 2344 786 unquam
2385 718 2550 783 vidit,
2601 718 2648 771 is
2690 718 2906 771 cuinam
2951 718 3143 773 similis
3187 735 3347 789 repu-

1796 807 1993 861 tandus
2019 817 2122 869 est,
2144 819 2203 862 ut
2226 810 2345 863 inde
2370 809 2765 880 generationem
2789 808 2907 877 ejus
2925 813 3350 880 cognoscamus?

1793 895 1859 950 Et
1891 914 1989 952 nos
2017 880 2239 968 quidem
2282 901 2399 955 sine
2443 900 2790 970 ambiguitate
2814 902 3193 970 cognoscimus
3228 904 3350 957 ani-

1792 1005 1936 1043 mam
1982 1000 2222 1046 nostram
2273 993 2326 1046 in
2362 992 2517 1047 nobis
2562 992 2813 1046 habitare
2846 993 3059 1061 corpori
3107 996 3350 1063 unitam;

1792 1081 1884 1134 sed
1921 1089 2096 1136 tamen
2125 1084 2246 1153 quis
2276 1087 2511 1137 animam
2546 1099 2700 1138 suam
2734 1100 2971 1154 unquam
3004 1085 3175 1140 vidit?
3228 1089 3352 1157 quis

1790 1172 1908 1241 ejus
1934 1189 2057 1228 cum
2088 1189 2314 1244 corpore
2344 1176 2783 1245 eonjunetionem
2821 1177 3092 1245 dispicere
3139 1181 3353 1247 potuit?

1789 1261 1844 1316 1d
1881 1280 2047 1317 unum
2082 1280 2274 1334 nempe
2306 1269 2721 1336 cognoscimus,
2771 1268 3005 1321 animam
3057 1268 3197 1324 intra
3252 1287 3351 1327 nos

1788 1369 1906 1409 esse
1937 1356 2149 1423 corpori
2177 1357 2505 1426 copulatam.
2571 1357 2662 1414 Sic
2686 1374 2811 1428 ergo
2839 1360 3117 1428 arguimus
3144 1370 3195 1414 et
3230 1379 3351 1417 ere-

1787 1446 1966 1500 dimus
1987 1444 2225 1500 Verbum
2255 1464 2285 1502 a
2309 1447 2466 1505 Patre
2497 1465 2618 1505 esse
2645 1460 2982 1521 generatum,
3009 1453 3138 1521 quin
3170 1456 3243 1507 rei
3271 1467 3352 1509 ta-

1792 1552 1916 1591 men
1961 1538 2228 1593 rationem
2260 1541 2589 1609 exploratam
2638 1542 2931 1597 habeamus
2964 1543 3045 1596 vel
3089 1545 3346 1601 sciamus.

1788 1627 1968 1699 Ipsum
2001 1640 2081 1685 est
2105 1642 2229 1686 ante
2257 1647 2472 1687 omnem
2499 1641 2827 1699 creaturam,
2864 1635 3250 1703 sempiternum
3283 1639 3350 1691 de

1789 1724 2141 1793 sempiterno,
2190 1739 2285 1779 ceu
2317 1725 2518 1779 fontem
2543 1741 2572 1779 a
2602 1724 2775 1792 fonte,
2811 1735 2863 1780 ει
2890 1728 3069 1781 lumen
3095 1727 3162 1782 de
3185 1729 3359 1795 lumio,

1788 1829 1874 1868 ne.
1930 1814 2191 1884 Equidem
2224 1815 2546 1870 vocabulum
2594 1816 2801 1870 verbum
2840 1817 2905 1871 ad
2947 1818 3035 1871 illa
3064 1818 3164 1873 tria
3188 1821 3350 1889 perti-

1786 1914 1878 1959 net
1915 1906 2204 1960 verborum
2238 1921 2432 1974 gentia
2474 1922 2593 1976 qua:
2633 1907 2688 1961 in
2733 1907 3027 1977 Scripturis
3064 1910 3349 1965 nominan-

1790 2005 1899 2060 tur,
1956 2012 2131 2066 neque
2171 1998 2549 2053 substantialia
2584 2008 2731 2062 sunt,
2771 2014 2961 2067 nempe
2990 2000 3069 2064 (τὸ
3094 2002 3212 2054 κατ’
3264 2003 3349 2055 ἔν-

1784 2086 1974 2157 νοιαν),
2013 2092 2364 2160 προφορικδν,
2386 2100 2546 2160 atque
2563 2090 2838 2161 ἀρθρικὸν.
2861 2090 2954 2160 (Τὸ
2983 2092 3100 2144 κατ’
3120 2093 3344 2163 ἔννοιαν)

1786 2185 1929 2229 certe
1972 2191 2082 2229 non
2130 2188 2213 2232 est
2254 2180 2628 2235 sulistautiale.
2671 2181 3005 2253 Προφορικὺν
3038 2194 3215 2238 autem
3263 2195 3348 2240 est

1786 2266 1877 2320 illa
1907 2283 2008 2321 vox
2041 2284 2203 2337 quam
2229 2285 2256 2323 a
2288 2271 2394 2325 Deo
2420 2271 2648 2325 audiunt
2674 2275 2964 2343 prephetze,
2989 2290 3081 2329 seu
3114 2278 3345 2345 prOphe-

1786 2359 1926 2415 ticus
1960 2360 2073 2431 ipse
2097 2378 2313 2429 sermo;
2355 2379 2417 2419 ac
2447 2381 2514 2420 ne
2546 2367 2877 2436 hic'quidcm
2908 2376 2989 2421 est
3014 2369 3347 2423 substantia-

1784 2449 1871 2505 lis.
1928 2451 2168 2522 Denique
2199 2454 2484 2526 ἀρθρικὺν,
2523 2466 2607 2512 εει
2634 2473 2814 2512 sermo
2845 2460 3115 2514 humanus
3142 2461 3193 2513 in
3223 2476 3344 2515 aere

1785 2541 2120 2606 ell‘ormatus,
2170 2546 2349 2600 verbis
2397 2555 2674 2615 constans,
2719 2549 2811 2618 qui
2859 2550 3057 2617 pariter
3088 2549 3226 2604 haud
3262 2560 3346 2605 est

1784 2631 2157 2689 substantialis
2183 2634 2280 2705 (8).
2304 2634 2687 2691 Verumtamen
2716 2638 2810 2693 Dei
2834 2637 3067 2693 Verbum
3095 2641 3345 2695 substan-

1785 2721 1913 2776 tiale
1960 2732 2076 2790 εει,
2121 2726 2333 2780 excelsa
2364 2726 2649 2796 validaque
2698 2739 2889 2783 natura
2922 2731 3239 2800 prazditum,
3293 2742 3345 2786 ct

1786 2829 1909 2868 cum
1947 2817 2063 2885 ipso
2088 2827 2344 2872 aeternum
2376 2828 2458 2873 est
2481 2859 2495 2883 ,
2543 2829 2703 2889 atque
2744 2820 2813 2875 ab
2851 2822 3039 2876 eodem
3070 2822 3346 2891 insepara-

1788 2904 1914 2971 bile,
1940 2922 2112 2977 neque
2138 2910 2459 2977 periturum,
2489 2910 2581 2963 sed
2607 2912 2933 2979 sempiterna
2960 2913 3346 2982 conjunctione

1788 3011 2128 3053 mansurum.
2190 2997 2424 3054 Verbum
2462 3000 2564 3054 hoc
2594 3001 2790 3055 ccelum
2817 3002 3019 3056 creavit
3044 3013 3095 3058 ct
3124 3014 3342 3068 terram,

122 3098 527 3168 cognoscimus,
562 3098 703 3152 sicut
733 3098 958 3151 aliarum
991 3113 1206 3167 quoque
1239 3113 1454 3164 rerum;
1486 3113 1573 3151 res
1603 3106 1681 3152 ta-
1708 3114 1749 3171 C
1787 3100 1840 3145 et
1867 3092 1919 3144 in
1950 3091 2064 3160 ipso
2092 3091 2229 3145 facta
2259 3101 2385 3145 sunt
2412 3092 2617 3146 omnia.
2670 3092 2763 3146 Est
2791 3093 2891 3147 hoc
2923 3095 3207 3150 brachium
3244 3098 3347 3150 vir-

122 3204 247 3241 meu
286 3188 542 3256 spiritalis
574 3203 736 3257 supra
768 3192 1056 3241 humanam
1080 3188 1437 3243 conditionem
1462 3198 1563 3255 est,
1588 3203 1681 3242 ne-

122 3297 231 3349 que
263 3281 375 3332 ullo
400 3280 560 3335 modo
588 3280 655 3333 ab
687 3280 966 3333 hominum
1015 3281 1286 3336 mentibus
1316 3290 1491 3351 potest
1525 3280 1682 3335 intel-

120 3372 242 3436 ligi.
308 3370 577 3439 Spiritalis
624 3373 924 3425 substantia
954 3373 1128 3441 perire
1157 3374 1341 3442 nequit
1369 3389 1542 3443 neque
1569 3374 1682 3429 dis-

122 3462 300 3525 solvi;
334 3471 516 3516 nostra
542 3470 742 3528 autem,
776 3472 959 3533 utpote
990 3464 1164 3518 facilis
1196 3465 1490 3530 intellectu,
1540 3467 1681 3535 perit

119 3563 289 3621 atque
337 3540 664 3608 dissolvitur.
714 3553 818 3620 Qui
851 3557 994 3609 enim
1042 3556 1154 3610 ﬁeri
1194 3564 1397 3624 potest,
1430 3566 1488 3611 ut
1520 3558 1679 3612 homo

119 3640 219 3708 qui
251 3655 343 3692 sex
370 3640 626 3695 lateribus
675 3642 1134 3709 circumcluditur,
1169 3644 1396 3709 oriente,
1431 3646 1681 3699 occiden-

118 3743 173 3785 te
198 3773 212 3793 ,
246 3732 405 3785 borea
428 3772 441 3792 .
475 3744 690 3797 austro,
725 3735 919 3803 abysso
939 3778 953 3800 ,
1000 3744 1052 3789 et
1080 3736 1216 3791 caalo
1235 3776 1249 3796 .
1278 3752 1389 3789 rem
1419 3738 1681 3806 intelligat

116 3838 243 3891 quae
272 3838 432 3890 supra
465 3824 630 3878 ccelos
661 3834 774 3887 est,
812 3822 949 3877 infra
1002 3824 1222 3895 abyssos
1242 3866 1257 3890 ,
1290 3824 1428 3878 ultra
1459 3826 1678 3879 boream

114 3923 175 3968 et
207 3923 457 3967 austrum
501 3915 867 3983 protenditur,
902 3930 1127 3984 qumque
1161 3916 1309 3968 omni
1357 3916 1473 3969 loco
1504 3916 1675 3980 adest,

114 4016 174 4060 et
203 4021 424 4059 omnem
472 4005 700 4073 complet
732 4004 1092 4059 vacuitatem?
1135 4004 1287 4070 Quod
1314 4020 1358 4059 St
1390 4020 1487 4060 nos
1520 4005 1679 4074 spiri-

119 4103 289 4155 talem
324 4099 674 4153 substantiam
705 4108 935 4154 sel‘utat‘l
965 4098 1263 4153 valeremus
1284 4140 1297 4163 ,
1333 4097 1451 4167 ejus
1493 4097 1680 4166 utique

114 4193 436 4248 excellentia
474 4191 759 4260 deperiret.
788 4189 1205 4246 Cousideremus
1228 4208 1348 4261 quae
1372 4195 1424 4246 in
1454 4208 1679 4261 corpore

113 4299 314 4343 nostro
339 4289 488 4347 ﬁunt,
515 4302 577 4339 ac
604 4302 763 4356 porro
792 4286 1069 4340 videamus
1094 4297 1273 4340 utrmn
1300 4288 1454 4340 nobis
1476 4301 1677 4356 cogno-

113 4396 277 4434 scere
312 4379 465 4433 lieeat
498 4380 773 4447 quomodo
806 4394 872 4431 ex
900 4379 1059 4433 corde
1086 4379 1375 4449 gignantur
1401 4379 1680 4447 cogitatio-

1787 3189 1980 3250 tusque
2009 3181 2137 3245 Dei,
2186 3198 2212 3235 a
2246 3180 2402 3236 Patre
2437 3190 2653 3251 propter
2680 3180 3062 3236 indivisibilem
3094 3194 3343 3237 naturam

1783 3289 2057 3342 nunquam
2106 3273 2488 3341 separandum,
2539 3282 2592 3327 et
2637 3288 2759 3328 cum
2793 3274 2910 3343 ipso
2956 3272 3113 3329 Patre
3152 3291 3345 3330 carens

1782 3366 2069 3435 principio.
2122 3363 2235 3417 Hoc
2280 3376 2523 3420 nostram
2574 3365 2639 3419 de
2664 3364 2831 3419 Maria
2861 3363 3080 3435 Virgine
3113 3368 3346 3435 sumpsit

1784 3458 2170 3523 substantiam;
2205 3466 2258 3510 et
2287 3466 2555 3527 quatenus
2581 3458 2796 3527 quidem
2832 3458 3072 3527 spiritale
3103 3468 3205 3526 est,
3236 3457 3341 3511 Pa-

1783 3551 1851 3602 tri
1893 3557 1973 3603 est
1996 3547 2395 3602 iudivisibiliter
2432 3549 2669 3616 aequale;
2701 3559 2968 3617 quatenus
2992 3564 3122 3604 vero
3149 3565 3342 3619 carpo.

1782 3655 1975 3701 reum,
2031 3640 2187 3693 nobis
2248 3641 2447 3708 pariter
2501 3639 2706 3707 aequale
2760 3648 2842 3693 est
2888 3640 3338 3709 inseparabiliter.

1782 3728 2098 3798 Rursusque
2145 3738 2411 3798 quatenus
2444 3729 2683 3798 spiritale
2708 3739 2822 3794 est,
2874 3732 3171 3800 aequiperat
3220 3747 3345 3785 sau-

1782 3833 1927 3876 ctum
1960 3823 2220 3892 Spiritum
2259 3823 2693 3891 inseparabiliter
2720 3832 2772 3876 et
2811 3823 2928 3877 sine
2957 3824 3204 3877 termino.
3239 3821 3347 3877 Ne-

1781 3896 1886 3981 que
1912 3912 2029 3965 dme
2054 3920 2207 3963 erant
2226 3952 2240 3974 ,
2282 3911 2384 3999 ~se.d
2424 3910 2580 3964 unica
2608 3909 2891 3966 Trinitatis
2916 3925 3117 3967 sancta:
3146 3923 3341 3969 natura

1781 4014 1907 4058 ante
1944 4002 2062 4057 Filii
2098 4003 2257 4057 Verbi
2292 4003 2750 4081 incarnationem;
2805 4012 2970 4073 atque
3002 4005 3157 4059 unica
3186 4023 3343 4061 man~

1783 4096 1854 4150 sit
1880 4104 2070 4149 natura
2102 4092 2382 4149 Trinitatis
2408 4096 2568 4150 etiam
2602 4104 2724 4165 post
2746 4094 2865 4150 Filii
2888 4096 3339 4153 incarnationem.

1784 4186 1977 4257 Siquis
1996 4203 2122 4242 vero
2152 4190 2447 4243 accessisse
2478 4189 2867 4243 incrementum
2896 4187 3145 4244 Trinitati
3172 4191 3344 4245 credit

1781 4291 2000 4352 propter
2027 4291 2365 4351 assumptam
2395 4298 2424 4335 a
2462 4280 2640 4335 Verbo
2668 4282 3083 4347 humanitatem,
3117 4283 3161 4337 is
3189 4298 3218 4336 a
3245 4299 3342 4337 no-

1784 4374 1868 4429 bis
1897 4375 2107 4428 alienus
2147 4383 2247 4438 est,
2278 4382 2330 4428 et
2356 4374 2423 4427 ab
2467 4372 2721 4427 Ecclesiae
2750 4373 3025 4427 catholica:
3044 4382 3097 4426 et
3121 4382 3339 4442 aposto-

112 4492 241 4539 nes,
278 4475 439 4527 verba
473 4473 783 4541 de'lingua,
810 4481 863 4526 et
888 4472 1098 4527 similia.
1158 4469 1273 4524 Jam
1305 4471 1349 4524 si
1375 4470 1487 4523 haec
1510 4512 1523 4533 ,
1558 4485 1678 4539 qua:
1711 4447 1754 4501 D
1782 4467 1897 4521 lica:
1920 4465 2241 4520 ministerio.
2307 4463 2432 4520 Haec
2453 4474 2535 4519 est
2558 4465 2690 4519 ﬁdes
2718 4464 2945 4535 integra,
2976 4474 3185 4529 sancta,
3217 4481 3345 4533 apes

112 4570 169 4622 in
205 4567 368 4621 nobis
402 4566 556 4629 ﬁunt,
589 4565 810 4619 minime
841 4564 1205 4637 agnoscimus,
1235 4566 1328 4630 qui
1356 4562 1468 4616 lieri
1502 4571 1679 4630 potest

110 4670 177 4715 ut
206 4659 438 4715 increati
454 4657 731 4713 Creatoris
758 4655 1100 4727 mysterium,
1121 4654 1264 4723 quod
1290 4668 1505 4707 omnem
1531 4668 1679 4707 men—

187 4838 232 4868 ⁸⁷
267 4836 426 4891 Joan.
474 4852 604 4891 xvu.
714 4833 759 4866 ³⁸
798 4833 985 4887 Matth.
1025 4849 1116 4895 ιιι,
1148 4830 1246 4897 l7;
1282 4830 1414 4885 Luc.
1452 4846 1502 4884 ix
1527 4871 1540 4895 ,
1586 4830 1674 4885 ⁵55.

1782 4561 1970 4617 stolica
1994 4558 2085 4613 Dei
2110 4560 2302 4614 sancti.
2327 4558 2473 4613 Laus
2497 4558 2747 4613 Trinitati
2776 4570 2973 4615 sanctae
2994 4559 3049 4613 in
3074 4568 3340 4613 teternum

1780 4670 1875 4725 per
1904 4652 2226 4707 saeculorum
2256 4651 2482 4707 saecula!
2523 4650 2715 4707 Amen.

1784 4830 1827 4861 ⁸⁹
1867 4828 2025 4884 Joan.
2064 4844 2101 4895 l,
2140 4827 2226 4883 i8.

183 4991 264 5063 (8)
306 4990 381 5046 De
408 4993 492 5047 his
518 4992 709 5063 legesis
742 4991 957 5048 Graecos
983 4990 1169 5045 Patres
1196 4987 1335 5058 apud
1363 4986 1661 5052 Petavium,
1703 4984 1779 5040 De
1814 4984 1984 5050 Trim,
2012 4985 2106 5041 lib.
2138 5001 2216 5040 v1.
