3988 6200
556 328 691 389 tm
1112 336 1129 355 -
1256 324 1315 382 s.
1346 316 1679 391 ,cnsconn
1710 300 2063 380 THAUMA'I‘.
2109 302 2259 377 orr.
2295 315 2477 374 rans
2509 315 2806 374 ALTERA.
2846 344 2917 356 —
2950 276 3180 372 onata.
3615 310 3785 371 uas

554 551 3771 591 Μ

1102 722 1464 858 ΤΟΥ
1603 707 2117 854 ΑΓΙΟΥ
2262 708 3220 848 ΓΡΗΓΟΡΙΟΥ

1389 965 1685 1083 ΤΟΥ
1742 959 2939 1082 ΘΑΥΜΑΤΟΥΡΓΟΥ

1179 1184 1741 1279 ΚΕΦΑΛΑΙΑ
1831 1189 2090 1276 ΠΕΡΙ
2183 1184 2655 1275 ΙΠΣΤΕΩΣ
2712 1165 3153 1271 ΔΩΔΕΚᾹ

1035 1375 1132 1430 Ἑν
1177 1368 1269 1441 οἷς
1306 1372 1408 1429 καὶ
1448 1368 1921 1462 ἁναθεματισμρς
1965 1369 2151 1424 κεῖται
2190 1366 2290 1422 καὶ
2322 1362 2604 1437 ἑρμηνεία
2634 1361 2869 1429 ἑκάστῳ
2910 1360 3318 1419 ὑποτέτακται.

818 1676 975 1873 S.
1121 1706 2041 1870 GREGORII
2169 1695 3540 1904 THAUMATURGI

1834 2003 2032 2128 DE
2142 1998 2503 2127 FIDE

1427 2256 2131 2381 CAPITULA
2202 2254 2937 2373 DUODECIM

1072 2484 1154 2550 In
1185 2484 1407 2570 quibus
1439 2494 1494 2548 et
1521 2482 2064 2546 anathematismus
2084 2479 2352 2562 ponitur
2381 2486 2436 2541 et
2481 2477 2819 2562 explicatio
2847 2462 3269 2559 subiungitur.

1208 2654 1393 2720 (Opera
1416 2651 1664 2712 Gretseri,
1687 2661 1727 2702 ι.
1746 2649 1851 2711 XV,
1874 2664 1922 2713 p.
1949 2647 2055 2698 43$.
2080 2646 2362 2699 Batisbonu-
2385 2646 2528 2715 1741,
2544 2647 2729 2710 ln-fol.,
2752 2661 2818 2698 ex
2840 2628 3007 2698 codice
3028 2643 3142 2707 ms.)

1239 2957 1394 3013 CAP.
1430 2958 1468 3011 I.
2159 2962 2205 3013 Δ

2159 2962 2205 3013 Δ
2873 2945 3028 3004 ΚΕΦ.
3067 2952 3144 3005 A'.

1239 2962 1394 3013 CAP.
1430 2962 1468 3011 I.
2159 2962 2205 3018 Α

637 3048 705 3113 Si
730 3058 853 3128 quis
874 3052 1070 3111 dixerit
1095 3068 1295 3123 corpus
1316 3050 1519 3106 Christi
1557 3060 1677 3105 esse
1720 3048 2040 3111 iucreatum,
2073 3055 2129 3101 et

2873 2962 3028 3004 ΚΕΨ.
3067 2962 3145 3005 A'.

2299 3045 2367 3099 Εἰ
2403 3061 2487 3109 τις
2529 3043 2676 3113 λέγει
2707 3043 2956 3098 ἄκτιστον
2987 3043 3048 3097 τὸ
3091 3041 3245 3114 σῶμα
3274 3040 3367 3096 τοῦ
3400 3024 3666 3116 Χριστοῦ,
3701 3034 3799 3103 καὶ

575 3162 685 3207 non
716 3150 1001 3206 confessus
1030 3145 1195 3202 fuerit
1226 3145 1404 3215 ipsum
1438 3143 1737 3197 inereatum
1768 3140 1863 3195 Dei
1893 3137 2129 3195 Verbum

2232 3137 2308 3209 μὴ
2337 3136 2589 3207 ὁμολογεῖ
2612 3134 2774 3189 αὑτὸν
2804 3134 2893 3187 τὸν
2917 3133 3168 3188 ἄκτιστον
3205 3133 3296 3187 τοῦ
3320 3134 3457 3188 Θεοῦ
3484 3135 3667 3210 [Θεὸν]
3697 3140 3799 3192 Λό-

572 3254 642 3294 ex
688 3247 872 3294 creata
920 3236 1260 3291 humanitate
1317 3233 1699 3297 incarnatum,
1749 3230 2131 3299 hominemque

2229 3246 2325 3298 γον
2349 3230 2413 3281 ὲκ
2435 3227 2533 3297 τῆς
2570 3226 2792 3297 κτιστῆς
2827 3225 2923 3279 ἀνθ
2933 3227 3238 3298 ρωπότητος
3260 3227 3360 3299 τὴν
3396 3227 3677 3299 σάρκωσιν
3703 3231 3800 3283 καὶ

575 3332 776 3388 factum
796 3345 947 3396 esse,
977 3329 1119 3384 sicut
1144 3328 1409 3398 scriptum
1437 3334 1550 3389 est,
1580 3323 1867 3379 anathema
1887 3331 2023 3379 esto.

2229 3325 2328 3395 τὴν
2362 3318 2766 3392 ὲνανθρώπησιν
2803 3319 3229 3390 ἐπιδειξάμενον,
3258 3318 3439 3385 καθὼς
3465 3320 3795 3393 γέγραπται,

2231 3412 2478 3485 ἀνάθεμα
2508 3412 2648 3467 ἔστω
2671 3411 3212 3485 [άναθεματιζέσθω].

1193 3508 1513 3580 Explicatio.
2857 3504 3183 3575 'Eppnrsla.

644 3607 761 3675 Qua
796 3605 1011 3661 ratione
1043 3603 1150 3661 dici
1194 3612 1371 3675 potest
1398 3615 1598 3671 corpus
1628 3599 1967 3655 increatnm?
1996 3596 2132 3654 Nam

2305 3597 2430 3663 Πῶς
2470 3597 2515 3652 δ’
2551 3597 2616 3652 ἂν
2647 3594 2802 3669 [γὰρ]
2848 3596 3055 3666 λέγοιτο
3094 3598 3344 3652 άκτιστον
3382 3597 3442 3652 τὸ
3486 3596 3686 3669 amita;
3727 3599 3798 3653 Τὸ

574 3699 720 3770 quod
746 3698 1046 3753 increatum
1069 3705 1184 3761 est,
1219 3694 1272 3750 id
1300 3693 1464 3749 etiam
1500 3691 1771 3763 passionis
1792 3701 1994 3761 expers
2013 3696 2133 3755 est,

2235 3689 2344 3763 γὰρ
2381 3692 2653 3752 ἄκτιστον,
2694 3689 2920 3754 ἀπαθὲς,
2952 3690 3211 3762 ἄτρωτον,
3257 3689 3628 3763 ἀψηλάφητον.
3665 3692 3800 3764 Χριο

578 3806 751 3861 neque
787 3788 1097 3854 vulnerari,
1134 3802 1311 3857 neque
1331 3786 1477 3857 tangi
1527 3793 1724 3856 potest.
1781 3784 1851 3839 At
1885 3783 2136 3839 Christus

2239 3783 2362 3846 στὸς
2390 3782 2447 3836 δὲ
2480 3784 2545 3837 ὲκ
2583 3781 2793 3853 νεκρῶν
2829 3781 3085 3848 ἀναστὰς,
3117 3782 3285 3837 τύπον
3325 3783 3490 3854 ἥλων,
3525 3785 3626 3838 καὶ
3650 3784 3797 3851 νύξιν

577 3896 868 3953 resurgens
910 3895 977 3936 ex
1016 3880 1282 3944 mortuis,
1332 3879 1657 3935 monstravit
1694 3876 1979 3948 discipulis
2023 3876 2138 3931 suis

2236 3874 2435 3947 λόγχης
2486 3875 2581 3929 καὶ
2623 3875 2930 3946 ψηλάφησιν
2984 3872 3232 3946 σώματος
3278 3874 3538 3949 [σώματι]
3593 3876 3801 3932 ἐπεδεί-

575 3973 802 4044 vestigia
838 3972 1147 4038 clavorum,
1170 3971 1370 4026 vulnus
1398 3986 1429 4024 a
1454 3970 1643 4026 lancea
1683 3968 1981 4033 inflictum,
2012 3981 2135 4023 cor-

2238 3984 2398 4025 κνυτο
2437 3969 2548 4031 τοῖς
2580 3967 2867 4039 μαθηταῖς,
2907 3967 3082 4022 καίτοι
3117 3968 3227 4023 τῶν
3270 3968 3445 4040 θυρῶν
3478 3969 3799 4041 κεκλεισμέδ

579 4079 788 4134 pusque
816 4077 976 4118 suum
1008 4061 1335 4132 palpandum
1367 4062 1595 4132 praebuit
1613 4100 1629 4126 ,
1649 4075 1963 4132 quanquam
1987 4058 2138 4113 clau-

2238 4074 2343 4111 νων
2375 4056 2648 4121 εἰσελθὼν,
2679 4056 2791 4110 ἀλλ’
2832 4057 2918 4111 ἵνα
2953 4056 3104 4132 δείξῃ
3145 4059 3364 4131 καὶτῆς
3407 4058 3663 4130 θεότητος
3704 4063 3800 4131 τὴν

577 4156 656 4211 sis
679 4156 863 4225 januis
909 4154 1227 4225 ingressus,
1273 4162 1334 4208 ut
1378 4155 1688 4209 ostenderet
1733 4162 1788 4208 et
1835 4152 2136 4207 divinitatis

2239 4147 2536 4217 ἐνέργειαν,
2582 4147 2674 4200 καὶ
2716 4146 2811 4200 τοῦ
2869 4146 3118 4219 σώματος
3158 4147 3256 4222 τὴν
3309 4150 3592 4223 ἀλήθειαν.
3639 4150 3800 4221 (καί.

579 4248 948 4318 operationem
977 4256 1030 4301 et
1061 4245 1306 4315 corporis
1331 4245 1631 4299 veritatem.
1691 4239 1966 4307 (Tametsi
1996 4241 2140 4298 Deus

2241 4252 2321 4289 τοι
2355 4236 2428 4308 (9)
2458 4236 2589 4301 Θεὸς
2615 4236 2711 4303 ὢν,
2745 4237 3029 4310 ἄνθρωπος
3056 4241 3375 4313 ὲγνωρίζετο
3408 4243 3678 4312 φυσικῶς,
3709 4244 3800 4296 καὶ

580 4347 697 4392 erat
723 4376 741 4402 ,
773 4354 900 4393 vere
929 4347 1109 4393 tamen
1131 4338 1528 4409 agnoscebatur
1555 4338 1721 4392 homo
1746 4355 1762 4404 ;
1804 4346 2007 4393 etcum
2035 4336 2136 4392 ho-

2238 4326 2522 4400 ἄνθρωπος
2552 4329 2807 4401 ὑπάρχων
2837 4331 3069 4403 ἀληθῶς,
3109 4333 3241 4397 Θεὸς
3266 4334 3377 4398 τοῖς
3417 4334 3603 4406 ἔργοις
3642 4335 3798 4406 {quia

583 4443 673 4481 mo
704 4443 827 4484 vere
857 4438 1044 4498 esset,
1077 4429 1220 4485 Deus
1240 4429 1464 4500 exipsis
1492 4431 1607 4485 suis
1627 4427 1931 4484 actionibus
1970 4442 2138 4498 appa-
2244 4438 2381 4474 νετο.

582 4518 778 4590 rebat.)
1846 4522 1847 4525 “

1214 4609 1373 4670 .CAP.
1409 4610 1477 4666 ιι.
1734 4642 1739 4649 η
1911 4675 1918 4681 ,

1734 4642 1739 4649 .
1911 4675 1918 4681 ἢ
2889 4608 3042 4663 κει».
3079 4604 3153 4663 Βδ.
3272 4623 3280 4631 -

656 4699 713 4755 Si
737 4700 861 4771 quis
888 4699 1086 4757 dixerit
1119 4718 1337 4760 carnem
1383 4680 1583 4759 Christi
1622 4716 1743 4759 esse
1780 4702 2141 4758 consubstan-

2315 4694 2382 4750 Εἴ
2400 4713 2483 4760 τις
2507 4694 2654 4766 λέγει
2679 4697 2854 4771 σάρκα
2884 4696 2976 4752 τοῦ
3001 4697 3233 4769 Χριστοῦ
3256 4695 3537 4770 ὁμοούσιον
3568 4696 3669 4767 τῆς
3694 4696 3799 4751 θεό-

584 4794 767 4849 tialem
800 4793 1089 4862 divinitati,
1120 4806 1175 4851 et
1200 4811 1308 4850 non
1351 4796 1635 4852 confessus
1661 4794 1828 4852 fuerit
1859 4795 2138 4852 Christum

2244 4794 2422 4863 τητος,
2453 4791 2544 4844 καὶ
2586 4790 2658 4862 μὴ
2690 4790 2938 4862 ὁμολογεῖ
2966 4791 3126 4847 αὐτὸν
3153 4792 3211 4845 ὲν
3243 4794 3421 4864 μορφῇ
3453 4791 3588 4846 Θεοῦ
3625 4784 3798 4862 ὑπάρ-

587 4887 641 4939 ln
701 4883 873 4939 forma
925 4881 1018 4939 Dei
1066 4884 1233 4941 Deum
1276 4897 1536 4942 aeternum
1574 4902 1716 4951 esse,
1755 4895 2141 4956 assumptaque

2245 4899 2407 4955 χοντα
2436 4884 2565 4937 Θεὸν
2606 4882 2945 4954 προαιώνιον,
2985 4886 3080 4939 καὶ
3127 4886 3313 4939 ἑαυτὸν
3352 4884 3663 4940 κενώσαντα
3712 4886 3798 4938 καὶ

587 4976 729 5033 servi
763 4974 938 5030 forma
961 4989 1021 5030 se
1045 4976 1373 5032 exinaniisse
1392 5018 1407 5042 ,
1439 4977 1728 5033 anathema
1757 4986 1897 5031 esto.

2245 4974 2473 5029 λαϐόντα
2502 4974 2685 5028 δούλου
2719 4973 2950 5046 μορφὴν,
2972 4974 3151 5040 καθὼς
3194 4974 3523 5049 γέγραπται,
3554 4975 3801 5047 ἀνάθεμα

1211 5066 1530 5139 Explicatio.
2246 5066 2385 5118 έστω
2422 5064 2963 5137 [ἂναθεματιζέσθω).

656 5158 935 5226 Quomodo
960 5168 1089 5214 caro
1121 5159 1174 5213 in
1209 5168 1449 5229 tempore
1478 5158 1691 5215 condita
1721 5158 1963 5229 ejusdem
2011 5159 2143 5214 sub-
2866 5159 3186 5228 Ἐρμηνεία.

590 5251 803 5306 stantia:
817 5250 923 5307 dici
951 5259 1125 5321 potest
1156 5266 1278 5305 cum
1306 5250 1631 5320 sempiterna
1652 5249 1969 5306 divinitate?
1992 5249 2138 5305 Con—

2314 5250 2437 5314 Πῶς
2463 5248 2518 5303 δὲ
2548 5252 2582 5323 ἡ
2626 5251 2762 5323 μετὰ
2794 5252 2983 5324 χρόνον
3018 5252 3153 5325 σὰρξ
3195 5252 3473 5324 ὀμοούσιος
3500 5254 3567 5307 ἂν
3593 5251 3806 5322 λέγοιτο

591 5343 947 5399 διιιιειειῐιιίιιΙθ
981 5343 1124 5398 enim
1156 5343 1475 5414 appellatur,
1512 5344 1656 5414 quod
1692 5344 1811 5399 sine
1835 5343 2142 5398 variatione

2246 5342 2342 5413 τῆς
2381 5336 2607 5414 ἀχρόνου
2649 5344 2931 5416 θεότητος;
2985 5344 3295 5417 Ὀμοούσιον
3332 5346 3441 5419 γὰρ
3484 5346 3703 5416 λέγεται
3746 5343 3808 5402 τὺ

590 5444 643 5489 et
671 5436 1044 5493 vicissitudine
1071 5435 1213 5492 idem
1241 5444 1324 5491 est
1364 5444 1556 5491 natura
1582 5444 1636 5491 et
1666 5436 1986 5493 aeternitate.

2241 5434 2436 5489 ταυτὸν
2467 5438 2531 5509 τῇ
2562 5434 2719 5508 φύσει
2749 5437 2842 5491 καὶ
2871 5440 2937 5509 τῇ
2969 5438 3226 5510 ἀῖδιότητι
3250 5439 3696 5512 ἀπαραλλάκτως.

1209 5527 1362 5587 CAP.
1395 5526 1485 5584 Ill.

2897 5528 3051 5583 ΚΕΦ.
3085 5530 3159 5584 Γ⁹.

664 5611 722 5667 Si
761 5614 885 5685 quis
929 5615 1127 5673 dixerit
1151 5615 1469 5689 Christum,
1524 5618 1700 5676 instar
1738 5619 2013 5691 prophetae
2046 5624 2142 5676 cu-

2316 5618 2385 5675 Εἴ
2404 5638 2489 5686 τις
2512 5620 2659 5693 λέγει
2681 5620 2960 5711 ἄνθρωπον
2978 5621 3177 5678 τέλειον
3196 5624 3535 5699 ἀνειληφέναι
3555 5623 3649 5681 τὸν
3670 5625 3815 5697 Χρν

663 5752 741 5825 (9)
773 5752 890 5811 Non
933 5768 1087 5815 erant
1113 5740 1250 5817 haec
1290 5762 1345 5817 in
1403 5762 1693 5834 exemplari
1742 5773 2053 5835 pervetusto
2084 5760 2137 5823 et
2183 5766 2491 5822 emendato.
