3938 6282
551 260 680 316 “Si
1198 261 1257 316 S.
1297 259 1624 318 GREGORII
1664 257 2020 317 TIIAUMAT.
2062 259 2209 314 OPP.
2246 259 2425 316 PARS
2462 257 2757 315 ALTERA.
2795 288 2866 297 —
2900 255 3120 313 DUBIA.
3563 263 3669 323 115g

551 375 647 433 Dei
679 375 875 432 Filium
899 419 912 445 ,
941 375 1033 446 qui
1066 377 1134 432 ab
1158 388 1360 432 aeterno
1388 377 1528 441 fuit,
1568 387 1621 432 et
1640 379 1950 432 novissimis
1975 388 2106 431 tem-

2135 383 2176 436 Α
2208 376 2353 440 Υἱὸς,
2393 376 2486 429 καὶ
2527 375 2682 438 ἄλλος
2719 377 2748 428 ό
2787 375 2875 427 ἐπ’
2913 371 3166 442 ἐσχάτων,
3206 372 3356 427 αὑτοῦ
3397 373 3478 428 τοῦ
3511 379 3673 450 Κυρίου

549 472 775 541 poribus
807 470 1095 540 apparuit,
1126 487 1248 524 eum
1281 472 1396 540 ipse
1427 471 1686 524 Dominus
1712 471 1858 525 dicat
1886 489 1898 524 :
1945 471 2104 523 Ante-

2207 466 2454 536 λέγοντος
2472 485 2487 498 ο
2529 467 2677 536 Πρὶν
2715 465 2957 534 Ἀϐραὰμ
2992 464 3278 534 γενέσθαι,
3303 464 3404 534 ἐγώ
3433 469 3532 536 ειμι
3550 485 3561 498 ·
3585 472 3675 538 καὶ,

546 580 707 633 quam
731 562 999 616 Abraham
1030 563 1174 631 ﬁeret
1195 605 1210 628 ,
1239 579 1330 633 ego
1359 579 1474 617 sum
1507 562 1584 628 “;
1615 572 1685 626 et,
1723 562 1851 632 quia
1889 577 1918 615 a
1950 560 2101 616 Patre

2206 559 2284 611 ὅτι
2317 559 2380 612 ὲκ
2406 559 2500 612 τοῦ
2533 560 2742 631 Πατρὸς
2773 557 3016 628 ἐξῆλθον,
3050 556 3141 608 καὶ
3181 555 3312 626 ήκω,
3340 556 3425 609 καὶ
3454 559 3586 615 πάλιν
3605 579 3681 617 ποο

548 655 710 720 exivi,
748 663 802 710 et
837 655 1012 720 venio,
1033 664 1086 710 et
1105 656 1298 711 iterum
1327 657 1466 710 vado
1490 656 1556 710 ad
1573 654 1784 709 Patrem
1813 669 1992 709 meum
2016 655 2060 686 ⁸⁸
2085 655 2103 707 ‘i

1584 654 1784 709 Patrem
1813 669 1992 709 meum
2016 655 2060 686 ⁸⁸
2085 655 2107 707 ?
2209 651 2435 721 ρεύομαι
2474 652 2608 721 πρὸς
2637 651 2727 704 τὸν
2758 649 2973 720 Πατέρα
3006 663 3139 718 μους

1189 745 1340 800 CAP.
1377 745 1462 800 VI.

2843 740 2995 792 meo.
3026 741 3112 804 ς’.

620 835 678 891 Si
704 838 828 907 quis
860 837 1090 892 dixerit:
1115 837 1267 891 Alius
1292 846 1376 892 est
1400 839 1493 907 qui
1523 853 1717 907 passus
1742 844 1854 905 est,
1883 846 1938 892 et
1964 838 2104 893 alius

2275 835 2345 889 Ετ
2380 852 2460 898 τις
2511 835 2656 904 λέγει
2677 852 2689 864 ·
2727 834 2915 896 Ἀλλος
2959 835 2988 886 ὁ
3028 830 3234 896 παθὼν,
3271 835 3358 886 καὶ
3395 834 3531 898 ἄλλος
3568 839 3592 889 ὁ
3628 840 3683 910 μὴ

549 929 642 998 qui
672 943 868 998 passus
910 943 1018 983 non
1047 937 1165 991 est;
1214 938 1266 982 et
1298 944 1405 983 non
1452 931 1736 986 confessus
1772 929 1936 986 fuerit
1964 931 2102 986 idem

2207 926 2413 991 παθὼν,
2453 928 2545 980 καὶ
2583 926 2656 997 μὴ
2691 926 2937 997 ὁμολογεί
2963 926 3122 980 αὐτὸν
3157 926 3243 979 τὸν
3271 925 3438 997 ἀπαθῆ
3469 926 3581 980 Θεὸν
3609 930 3683 982 Λό-

549 1020 886 1090 impassibile
909 1029 965 1075 et
993 1019 1329 1076 immutabile
1356 1021 1448 1075 Dei
1482 1021 1716 1077 Verbum
1750 1023 2100 1093 propriasua

2205 1037 2298 1090 γον
2325 1019 2417 1072 καὶ
2437 1019 2700 1090 ἄτρεπτον
2723 1019 2886 1090 σαρκὶ
2911 1018 3018 1089 ίδίᾳ
3049 1017 3284 1071 παθόντα
3310 1017 3578 1086 ἀτρέπτως,
3595 1019 3685 1072 καθ-

548 1125 712 1167 carne
752 1127 974 1182 passum
1001 1127 1122 1169 esse
1144 1155 1158 1180 ,
1194 1113 1336 1169 sicut
1366 1115 1626 1184 scriptum
1656 1125 1775 1179 est,
1811 1115 2103 1172 anathema

2050 1133 2103 1172 la
2204 1109 2278 1174 ὼς
2302 1111 2626 1182 γέγραπται,
2656 1110 2904 1180 ἀνάθεμα
2935 1108 3075 1162 ἔστω
3111 1107 3605 1182 [ἀναθεματιζέσθω].

547 1213 685 1258 esto.

1163 1296 1480 1368 Explicatio.

2821 1293 3147 1363 Ἑρμηνεία.

618 1388 732 1454 Qua
763 1388 970 1443 ratione
987 1388 1132 1444 dicat
1155 1390 1279 1460 quis
1297 1429 1312 1455 ,
1339 1389 1502 1444 alium
1525 1405 1645 1446 esse
1671 1392 1762 1462 qui
1780 1405 1971 1461 passus
1998 1400 2101 1457 est,

2271 1386 2396 1452 Πῶς
2417 1387 2473 1440 δὲ
2501 1387 2567 1440 ἂν
2605 1386 2810 1456 λέγοιτο
2833 1385 2990 1450 ἄλλος
3017 1387 3046 1439 ὁ
3083 1383 3289 1448 παθὼν,
3321 1385 3409 1437 καὶ
3433 1383 3568 1446 ἄλλος
3589 1385 3612 1435 ὁ
3637 1385 3687 1454 μὴ

547 1488 600 1534 et
622 1480 785 1535 alium
809 1479 901 1550 qui
925 1494 1119 1550 passus
1139 1497 1242 1536 non
1263 1490 1373 1548 est,
1397 1482 1515 1551 ipso
1527 1481 1754 1538 Domino
1773 1482 2099 1538 afﬁrmante:

2203 1479 2407 1545 παθὼν,
2437 1477 2600 1532 αὐτοῦ
2639 1478 2733 1532 τοῦ
2773 1477 2978 1548 Κυρίου
3027 1475 3275 1545 λέγοντος
3295 1490 3309 1503 ’
3355 1472 3448 1528 Δεῖ
3475 1475 3567 1526 τὸν
3591 1473 3689 1527 me

552 1573 765 1643 Oportet
789 1571 992 1627 Filium
1023 1574 1246 1629 hominis
1271 1575 1438 1628 multa
1465 1576 1596 1644 pati,
1619 1584 1665 1629 et
1695 1576 1861 1629 occidi
1887 1614 1903 1640 ,
1943 1586 1991 1630 et
2019 1578 2103 1630 die

2200 1572 2307 1627 τοῦ
2338 1573 2648 1640 ἀνθρώπου
2677 1568 2875 1624 πολλὰ
2908 1569 3140 1633 παθεῖν,
3168 1568 3265 1622 καὶ
3294 1565 3689 1634 ἀποκτανθῆναι,

549 1667 705 1720 tertia
756 1683 788 1719 a
831 1667 1052 1720 mortuis
1085 1681 1352 1736 resurgere
1380 1667 1458 1733 ";
1485 1677 1576 1721 et:
1612 1667 1834 1733 Quando
1858 1667 2096 1722 videbitis

2133 1729 2170 1736 _
2205 1664 2304 1718 καὶ
2341 1662 2416 1732 τῇ
2449 1663 2612 1732 τρίτῃ
2650 1661 2839 1732 ἡμέρᾳ
2869 1660 3209 1730 ἀναστῆναι
3247 1661 3315 1714 ἐκ
3341 1661 3574 1727 νεκρῶν
3598 1660 3687 1712 καί·

547 1759 750 1814 Filium
775 1760 998 1813 hominis
1033 1759 1292 1813 sedentem
1336 1761 1389 1813 in
1424 1761 1612 1814 dextra
1660 1759 1838 1814 Patris
1865 1760 1953 1828 ‘3;
1997 1770 2052 1815 et
2084 1778 2098 1815 :

2134 1729 2180 1788 Β
2209 1729 2722 1824 emeramus}
2759 1729 2894 1809 Υἱὸν
2929 1754 3037 1808 τοῦ
3074 1729 3382 1822 ἀνθρώπου
3421 1749 3689 1820 καθήμενον

549 1849 772 1915 Quando
798 1851 962 1906 veniet
982 1849 1156 1904 Filius
1175 1851 1399 1905 hominis
1424 1853 1480 1904 in
1518 1852 1689 1921 gloria
1719 1851 1898 1907 Patris
1913 1853 1995 1908 sui
2017 1843 2098 1898 "'?

2203 1849 2273 1902 ἐν
2309 1846 2476 1914 δεξιᾷ
2523 1847 2626 1900 τοῦ
2673 1848 2932 1914 Πατρός-ο
2981 1845 3078 1898 καὶ
3098 1862 3110 1874 ·
3149 1846 3320 1900 Ὅταν
3360 1843 3494 1912 ἔλθῃ
3533 1845 3561 1896 ὁ
3597 1841 3693 1903 na

2201 1939 2308 1994 τοῦ
2331 1936 2644 2006 ἀνθρώπου
2668 1938 2738 1990 ἐν
2769 1935 2842 2005 τῇ
2872 1936 3021 2004 δόξῃ
3051 1935 3158 1989 τοῦ
3194 1934 3414 2003 Πατρός
3431 1933 3624 2000 αὑτοῦ;

1171 2032 1322 2088 CAP.
1367 2031 1476 2086 VII.

2848 2029 3008 2082 ΚΕΦ.
3039 2029 3115 2082 Z'.

617 2124 676 2180 Si
709 2124 832 2195 quis
860 2124 1056 2180 dixerit
1090 2125 1366 2181 Christum
1401 2134 1673 2181 servatum
1701 2139 1821 2182 esse
1846 2168 1860 2193 ,
1905 2135 1958 2182 et
1985 2141 2098 2182 non

2271 2123 2338 2177 EE
2362 2139 2446 2186 τις
2486 2121 2632 2190 λέγει
2670 2120 2972 2192 σωζόμενον
3002 2120 3094 2174 τὸν
3132 2119 3382 2192 Χριστὸν,
3406 2120 3494 2173 καὶ
3519 2119 3580 2190 μὴ
3605 2121 3695 2189 ὁμο-

545 2215 828 2273 eonfessus
864 2214 1024 2271 fuerit
1072 2216 1245 2286 ipsum
1275 2232 1394 2272 esse
1421 2215 1760 2272 Servatorem
1805 2219 2011 2285 mundi,
2047 2228 2100 2274 et

2201 2216 2346 2284 λογεῖ
2385 2214 2544 2269 αὑτὸν
2592 2214 2814 2285 Σωτῆρα
2852 2212 2945 2265 τοῦ
2991 2213 3201 2284 κόσμου
3249 2213 3338 2266 καὶ
3379 2210 3486 2282 φῶς
3522 2210 3598 2263 τοῦ
3634 2209 3696 2263 κό-

545 2307 720 2363 lucem
749 2307 957 2374 mundi,
986 2307 1127 2363 sicut
1152 2307 1410 2377 scriptum
1445 2318 1527 2363 est
1547 2309 1616 2375 ⁸ο,
1645 2309 1934 2364 anathema
1952 2319 2091 2364 esto.

1887 2325 1934 2363 Ia
1952 2319 2091 2364 esto.
2201 2306 2562 2381 auou,_xa0tb;
2604 2305 2925 2377 γέγραπται,
2957 2303 3442 2375 ἀναθεματιζέσθω.

1167 2397 1488 2467 Explicatio.
2819 2396 3154 2467 'Eppnrela.

613 2491 898 2558 Quomodo
928 2499 1135 2546 asserat
1155 2491 1279 2560 quis
1305 2489 1580 2545 Christum
1621 2505 1744 2545 esse
1778 2499 2050 2546 servatum
2080 2533 2095 2557 ,

2268 2490 2393 2555 Πῶς
2417 2490 2461 2544 δ’
2483 2489 2548 2544 ἂν
2576 2490 2722 2558 λέγοι
2752 2506 2835 2553 τις
2871 2488 3174 2560 σωζόμενον
3213 2487 3301 2542 τὸν
3327 2486 3556 2558 Χριστὸν.
3577 2485 3694 2539 αὑτοῦ

543 2583 662 2654 ipso
701 2581 933 2637 Domino
995 2582 1206 2638 dicente
1238 2601 1252 2637 :
1297 2581 1410 2652 Ego
1443 2598 1558 2636 sum
1601 2584 1712 2636 vita
1734 2583 1813 2648 ⁵¹;
1848 2593 1944 2638 et:
1982 2583 2094 2655 Ego

2198 2581 2289 2636 τοῦ
2321 2582 2524 2652 Κυρίου
2559 2580 2807 2650 λέγοντος
2827 2597 2842 2610 ·
2885 2579 3024 2649 Ἐγὼ
3046 2582 3167 2649 ειμι
3190 2580 3230 2648 ἠ
3257 2577 3368 2644 ζωή
3390 2595 3403 2608 ⁸
3436 2577 3547 2630 καί·
3579 2576 3696 2642 Ἐλή-

541 2675 656 2730 veni
681 2715 694 2742 ,
740 2683 800 2729 ut
835 2675 998 2728 vitam
1037 2674 1259 2728 habeant
1291 2674 1374 2742 ⁸¹;
1421 2684 1472 2730 et
1503 2693 1515 2729 :
1557 2673 1662 2740 Qui
1701 2675 1758 2728 in
1787 2691 1867 2730 me
1890 2677 2053 2730 credit
2082 2715 2096 2737 ,

2197 2675 2352 2726 λυθα
2381 2673 2484 2726 ἵνα
2510 2671 2660 2740 ζωὴν
2683 2671 2866 2740 ἔχωσι
2887 2686 2902 2700 ⁸
2936 2670 3060 2723 καί·
3106 2671 3160 2723 Ὁ
3198 2669 3483 2724 πιστεύων
3516 2670 3587 2734 εις
3609 2667 3693 2736 ἐμὲ,

541 2773 760 2819 mortem
790 2781 890 2818 non
921 2763 1110 2818 videbit
1146 2778 1164 2815 :
1208 2764 1298 2817 sed
1335 2764 1524 2818 videbit
1552 2765 1714 2818 vitam
1747 2775 1998 2820 mternam
2027 2759 2096 2814 "‘3

2200 2764 2455 2819 θάνατον
2499 2765 2563 2817 οὐ
2587 2761 2672 2833 μὴ
2717 2761 3021 2831 θεωρήσει,
3051 2761 3194 2816 ἀλλ’
3223 2761 3427 2829 ὄψεται
3459 2759 3559 2829 τὴν
3589 2757 3695 2825 ζωὴν

2199 2853 2312 2924 τὴν
2334 2853 2601 2916 aubrtor;

1153 2941 1303 2995 CAP.
1347 2942 1476 2996 VIII.

2833 2944 2988 2998 ΚΕΦ.
3032 2943 3118 2998 Η⁹.

610 3039 669 3095 Si
703 3039 827 3110 quis
884 3037 1082 3092 dixerit
1136 3034 1414 3090 Christum
1465 3035 1761 3105 perfectum
1816 3039 2092 3094 hominem
2120 3081 2162 3140 α

2140 3081 2162 3140 3
2267 3041 2336 3095 Εἴ
2362 3058 2444 3103 τις
2466 3039 2614 3108 λέγει
2649 3037 2847 3092 τέλειον
2873 3037 3163 3110 ἄνθρωπον
3190 3039 3279 3092 τὸν
3310 3037 3527 3110 Χριστὸν
3550 3036 3695 3106 διαιρε-

538 3147 661 3189 esse
684 3131 898 3186 divisim
929 3139 983 3185 et
1011 3127 1179 3183 Deum
1206 3126 1438 3182 Verbum
1465 3129 1706 3195 divisim,
1733 3140 1786 3185 et
1818 3146 1922 3184 non
1950 3145 2087 3186 con-

2140 3126 2162 3140 ”
2199 3133 2324 3198 τῶς,
2361 3133 2454 3186 καὶ
2483 3131 2614 3184 Θεὸν
2640 3132 2735 3184 τὸν
2767 3131 2935 3200 Λόγον
2966 3129 3274 3203 διαιρετῶς,
3299 3131 3392 3186 καὶ
3420 3130 3490 3201 μὴ
3509 3126 3695 3200 ὁμολογεί

538 3225 718 3281 fessus
748 3220 913 3276 fuerit
971 3233 1136 3286 unum
1171 3228 1233 3274 et
1275 3221 1524 3274 eumdem
1567 3218 1860 3276 Dominum
1907 3221 2090 3280 Jesum

2199 3225 2294 3279 ἕνα
2321 3223 2519 3295 Κύριον
2560 3223 2766 3294 Ἰησοῦν
2798 3224 3051 3294 Χριστὸν,
3084 3223 3269 3288 καθὼς
3291 3223 3586 3295 γέγραπται,
3607 3217 3696 3273 ἀνά-

537 3315 837 3378 Christum,
865 3311 1007 3368 sicut
1029 3311 1291 3381 scriptum
1329 3320 1432 3376 est,
1465 3311 1763 3368 anathema
1786 3315 1877 3370 sit.

1523 3311 1763 3368 Iathema
1786 3315 1877 3370 sit.
2200 3317 2341 3389 θεμα.
2361 3315 2500 3370 ἔστω
2531 3313 3078 3387 [ἁναθεματιζέσθω].

1168 3399 1484 3468 Εατρίίεαιίο.
2831 3403 3163 3475 Ἑρμηνεία.

499 3517 502 3524 -
606 3492 891 3561 Quomodo
924 3492 1048 3561 quis
1077 3492 1222 3546 dicat
1259 3491 1537 3547 Christum
1568 3494 1784 3550 divisim
1822 3512 1944 3554 esse
1971 3513 2054 3569 per

2267 3500 2391 3566 Πῶς
2414 3500 2459 3554 δ’
2485 3499 2550 3555 ἂν
2583 3499 2728 3569 λέγοι
2755 3518 2840 3566 τις
2865 3500 3155 3573 ἄνθρωπον
3178 3500 3382 3555 τέλειον
3404 3499 3489 3553 τὸν
3521 3492 3695 3568 Χριστὸν

539 3584 740 3640 fectum
772 3583 1074 3648 hominem,
1099 3593 1153 3638 et
1175 3583 1388 3638 divisim
1420 3583 1654 3640 Verbum
1686 3587 1949 3654 divinum,
1969 3606 2092 3646 cum

2197 3591 2498 3665 διαιρετῶς,
2525 3591 2620 3645 καὶ
2644 3591 2774 3644 Θεὸν
2813 3590 2902 3644 τὸν
2935 3590 3109 3660 Λόγον
3134 3588 3434 3661 διαιρετῶς,
3470 3583 3607 3641 αὑτοῦ
3632 3579 3695 3637 τοῦ

537 3679 654 3747 ipse
698 3677 960 3733 Dominus
1006 3676 1149 3730 dicat
1191 3692 1205 3727 :
1245 3674 1384 3742 Quid
1432 3694 1510 3732 me
1552 3681 1794 3749 quaeritis
1836 3683 2090 3750 occidere,

2198 3685 2401 3758 Κυρίου
2430 3684 2693 3754 λέγοντος·
2726 3683 2787 3737 Τί
2803 3700 2880 3752 με
2905 3681 3124 3750 ζητεῖτε
3147 3682 3500 3746 ἀποκτεῖναι,
3530 3679 3696 3744 ἄνθρω-

535 3769 816 3834 hominem,
847 3769 936 3838 qui
975 3768 1244 3822 veritatem
1285 3769 1427 3824 vobis
1475 3771 1611 3837 dixi,
1653 3788 1811 3842 quam
1849 3774 2027 3829 audivi
2062 3793 2090 3829 a

2199 3794 2334 3843 πον,
2366 3776 2433 3843 ὃς
2453 3774 2568 3845 τὴν
2597 3775 2881 3844 ἀλήθειαν
2907 3774 3050 3845 ὑμῖν
3072 3775 3400 3844 λελάληκα,
3429 3773 3502 3842 ἣν
3521 3771 3700 3841 ἥκουσα

536 3859 699 3915 Patre
728 3875 839 3913 meo
862 3858 946 3912 διι
972 3858 1087 3913 Non
1113 3860 1260 3915 enim
1289 3861 1561 3915 hominem
1601 3876 1700 3931 pro
1733 3862 1888 3918 nobis
1925 3847 2091 3931 dedit:

2199 3867 2357 3938 παρὰ
2384 3868 2488 3922 τοῦ
2510 3867 2775 3936 Πατρός;
2803 3866 2874 3920 Οὐ
2914 3866 3021 3937 γὰρ
3056 3866 3342 3938 ἄνθρωπον
3385 3865 3586 3918 δέδωκεν
3602 3857 3700 3926 ὑπὲρ

535 3951 632 4007 sed
667 3951 906 4021 seipsum
942 3967 1039 4021 pro
1086 3951 1244 4006 nobis
1280 3952 1446 4008 dedit.
1487 3951 1631 4008 Deus
1659 3952 1894 4010 Verbum
1929 3956 2090 4012 homo

2199 3962 2232 4034 ἡ
2240 3962 2375 4034 μῶν,
2402 3961 2514 4016 ἀλλ’
2538 3960 2724 4015 ἑαυτὸν
2762 3959 3074 4031 παρέδωκεν
3099 3960 3244 4031 ὑπὲρ
3275 3958 3425 4029 ἡμῶν
3447 3957 3474 4009 ὸ
3490 3954 3602 4016 Θεὸς
3627 3949 3699 4003 Λό-

535 4042 735 4098 factus.
769 4041 906 4097 Hinc
941 4051 994 4096 et
1031 4042 1162 4096 dicit
1193 4062 1205 4096 :
1240 4040 1436 4097 Solvite
1487 4043 1733 4114 (emplum
1775 4045 1890 4110 hoc,
1938 4056 1988 4101 et
2037 4049 2090 4101 in

2199 4069 2293 4121 γος
2320 4053 2599 4123 ἄνθρωπος
2617 4051 2900 4123 γενόμενος
2927 4051 2995 4105 δι’
3021 4052 3192 4122 ἡμᾶς.
3223 4051 3315 4104 Διὸ
3337 4050 3494 4118 λέγει’
3523 4046 3701 4101 Λύσατε

537 4133 706 4188 tribus
735 4133 918 4187 diebus
949 4134 1188 4187 excitabo
1235 4133 1387 4187 illud.
1419 4132 1538 4204 Ipse
1579 4144 1753 4189 autem
1797 4136 2001 4191 dicebat
2031 4139 2092 4192 de

2200 4142 2306 4196 τὸν
2335 4141 2485 4196 ναὸν
2534 4142 2766 4206 τοῦτον,
2811 4141 2910 4195 καὶ
2951 4141 3020 4194 ἐν
3060 4141 3266 4210 τρισὶν
3306 4139 3539 4210 ἡμέραις
3569 4127 3701 4203 ἑτερῶ

535 4225 725 4294 templo
757 4226 990 4296 corporis
1023 4226 1108 4278 sui
1129 4227 1196 4280 ".

2199 4234 2405 4287 αὐτόν.
2435 4233 2629 4298 Αὐτὸς
2652 4231 2719 4286 δὲ
2751 4233 2920 4302 ἔλεγε
2944 4233 3076 4301 περὶ
3113 4232 3225 4287 τοῦ
3256 4231 3404 4286 ναοῦ
3432 4228 3530 4283 τοῦ
3557 4225 3703 4291 σώμα-

2200 4339 2301 4390 τος
2328 4322 2536 4378 αὑτοῦ.

1173 4405 1324 4499 CAP.
1364 4406 1452 4462 IX.
2127 4445 2171 4499 ο

2127 4445 2171 4499 ο
2840 4416 2994 4468 xm.
3038 4414 3112 4468 θ’.

606 4497 664 4553 Si
696 4499 823 4569 quis
855 4498 1055 4552 dixerit
1081 4496 1363 4553 Christum
1393 4499 1678 4554 mutationi
1706 4509 1760 4554 et
1787 4500 2096 4556 alterationi
2129 4495 2160 4499 ⁷

2150 4495 2160 4499 ’
2266 4505 2335 4559 Εἴ
2357 4524 2438 4570 τις
2466 4506 2613 4576 λέγει
2641 4507 2870 4578 τρεπτὸν
2898 4507 2931 4578 ἢ
2955 4506 3244 4560 ἀλλοιωτὸν
3272 4507 3361 4560 τὸν
3385 4502 3612 4577 Χριστὸν,
3639 4495 3705 4549 καὶ

534 4590 831 4645 obnoxium
868 4603 1010 4654 esse,
1046 4599 1101 4644 et
1124 4606 1231 4645 non
1267 4591 1551 4646 confessus
1591 4591 1746 4647 fuerit
1787 4593 1962 4662 ipsum
1989 4594 2089 4663 spi-

2200 4599 2273 4671 μὴ
2299 4601 2549 4671 ὁμολογεῖ
2584 4601 2744 4654 αὐτὸν
2781 4602 3045 4672 ἄτρεπτον
3074 4601 3153 4672 τῷ
3200 4601 3482 4673 πνεύματι,
3521 4591 3705 4666 φθαρτὸν

531 4683 638 4736 ritu
661 4680 878 4751 quidem
909 4682 1226 4736 mutationis
1248 4690 1546 4751 expertem.
1581 4699 1746 4738 carne
1773 4694 1953 4739 autem
1975 4701 2086 4741 cor-

1782 4694 1953 4739 autem
1975 4701 2097 4741 cor—
2199 4690 2514 4765 [ἄφθαρτον]
2541 4696 2606 4764 τῇ
2633 4693 2812 4765 σαρκὶ,
2841 4693 3337 4764 ἀναθεματιζέσθω.

531 4773 842 4842 ruptibilem
875 4772 1387 4845 [ineorruptibilem]
1438 4791 1582 4840 esse,
1628 4777 1913 4830 anathema
1961 4787 2096 4833 esto.

1157 4867 1477 4936 Explicatio.

2823 4875 3149 4945 'Eppnreta.

600 4959 718 5027 Qua
769 4959 984 5014 ratione
1019 4969 1229 5014 asserat
1257 4961 1381 5028 quis
1414 4961 1468 5012 in
1509 4960 1788 5015 Christum
1838 4963 2093 5016 mutatio—

2268 4967 2391 5032 Πῶς
2418 4968 2462 5022 δ’
2489 4967 2554 5022 ἂν
2580 4968 2724 5037 λ-ἐγοι
2759 4985 2841 5033 τις
2874 4967 3103 5039 τρετπὸν
3137 4968 3170 5039 ἢ
3204 4964 3484 5021 ἀλλοιωτὸν
3509 4961 3588 5014 τὸν
3609 4956 3707 5028 Χρι-

531 5067 656 5106 nem
685 5061 777 5105 aut
798 5051 1152 5105 variationem
1185 5052 1398 5115 cadere,
1428 5053 1548 5122 ipso
1577 5053 1808 5106 Domino
1840 5055 2086 5110 dicente:

2201 5058 2343 5122 στὸν,
2387 5058 2551 5113 αὑτοῦ
2588 5058 2680 5112 τοῦ
2725 5059 2923 5130 Κυρίου
2969 5058 3233 5127 λέγοντος·
3292 5055 3426 5125 Ἐγώ
3461 5054 3595 5121 ειμι,
3635 5039 3706 5096 καί

530 5140 644 5212 Ego
665 5157 801 5209 sum,
831 5149 879 5194 et
915 5156 1016 5194 non
1046 5151 1221 5194 mutor
1240 5141 1326 5194 5°?
1369 5141 1434 5195 Et
1460 5159 1650 5198 rursus
1676 5160 1688 5194 :
1715 5142 1893 5207 Neque
1910 5144 2085 5197 anima

2199 5153 2308 5205 οὐκ
2335 5152 2659 5220 ἠλλοίωμαι
2678 5168 2697 5215 ;
2739 5152 2849 5205 Καὶ
2890 5151 3066 5206 πάλινο
3100 5149 3251 5204 Οὐδὲ
3286 5151 3324 5217 ἡ
3363 5143 3523 5216 ψυχὴ
3562 5133 3705 5194 αὑτοῦ

528 5231 643 5298 ejus
673 5230 856 5284 relicta
889 5239 964 5284 est
993 5231 1048 5284 in
1086 5230 1313 5297 inferno,
1345 5248 1508 5302 neque
1530 5249 1654 5287 caro
1675 5234 1786 5302 ejus
1820 5235 1953 5287 vidit
1976 5251 2083 5288 cor-

2200 5245 2619 5316 ἐγκατελείφθη
2669 5249 2754 5312 εὶς
2796 5245 2943 5313 ᾅδου
2974 5244 3083 5317 [ἄλ.
3116 5241 3313 5314 want],
3345 5239 3481 5295 οὐδὲ
3517 5237 3551 5304 ἡ
3585 5225 3704 5296 σάρξ

529 5324 823 5391 ruptionem
839 5325 920 5378 '7?
2201 5337 2386 5391 αὑτοῦ
2415 5334 2535 5392 εἶδε
2559 5335 2903 5407 διαφθοράν;

598 5489 644 5520 ⁸⁸
672 5490 968 5566 ξροη.νιιι,
1011 5492 1099 5548 58.
1176 5491 1413 5566 “__Joan.
1446 5508 1617 5566 .xm,_
1637 5510 1744 5548 xvx.
1822 5495 1865 5528 ⁸⁷
1910 5495 2100 5552 Matth.
2136 5515 2244 5564 xvn,
2269 5499 2359 5554 21.
2435 5501 2478 5532 ⁸⁸
2505 5500 2690 5556 Matth.
2719 5517 2868 5563 xxw.
2893 5501 2981 5566 64;
3009 5499 3175 5556 Mare.
3201 5514 3313 5563 xiv,
3337 5498 3422 5552 62.
3495 5487 3701 5566 "Matth.

528 5573 640 5637 ἔτι,
670 5560 760 5613 27.
845 5562 890 5592 ⁸ο
926 5561 1028 5637 Isa.
1076 5579 1159 5637 rx;
1198 5563 1400 5637 _Matth.
1456 5580 1540 5632 iv;
1571 5563 1744 5637 iJoan.
1809 5583 1845 5629 ι,
1886 5584 1968 5633 ιιι,
2013 5584 2083 5622 vn

2163 5558 2241 5636 1x,
2275 5587 2370 5625 xu.
2445 5571 2489 5602 ⁸¹
2517 5571 2671 5625 Joan.
2711 5588 2787 5636 x1,
2821 5558 2924 5637 23;
2966 5558 3086 5637 xlv,
3114 5572 3167 5625 6.
3257 5558 3311 5602 ’ί
3343 5567 3494 5622 Joan.
3543 5580 3602 5626 x,
3637 5558 3701 5637 19-

527 5626 894 5694 l".loan.vm.
933 5632 1020 5687 51.
1117 5633 1346 5689 “Joan.
1397 5626 1642 5702 νηπίω.
1766 5626 2013 5694 5"'Joa'n.
2061 5657 2076 5693 ι

529 5699 644 5753 Act.
712 5714 771 5767 ιι,
811 5701 898 5754 SI.

2159 5626 2243 5708 19',
2289 5641 2378 5695 ει.
2481 5643 2527 5674 ιο
2571 5626 2795 5698 ιιειιεειιί
2852 5626 2932 5706 ιιιζ
2970 5643 3022 5698 6.
3074 5626 3084 5637 '
3163 5644 3206 5675 στ
3277 5639 3470 5696 Psalm.
3515 5650 3614 5700 ιν.
3651 5627 3703 5688 8;
