3988 6200
323 289 456 347 H55

961 407 1115 461 ΚΕΦ.
1159 409 1211 460 ι’.

383 500 452 554 Εἴ
484 517 568 564 τις
613 496 797 568 λέγει,
848 503 1013 571 μέρος
1058 496 1342 569 ἀνθρώπου
1400 497 1744 568 ἀνειληφέναι
1787 497 1876 548 τὸν

311 592 562 666 Χριστὸν,
594 591 689 645 καὶ
721 591 794 663 μὴ
819 591 1066 662 ὁμολογεῖ
1086 591 1244 644 αὑτὸν
1266 590 1382 645 καθ’
1410 591 1697 661 ὁμοιότητα
1725 589 1878 659 ήμῶν

312 684 454 740 κατά
481 684 677 749 πάντα,
706 683 874 755 χωρίς
902 683 1194 755 ἁμαρτίας,
1223 679 1720 752 ἀναθεματιξέσοω.

936 867 1258 936 Ἐρμηνεία.

381 953 508 1021 Πῶς
535 955 580 1008 δ’
609 954 674 1010 ἂν
693 954 838 1024 λέγοι
867 972 969 1021 τις,
1006 956 1168 1028 μέρος
1199 954 1484 1028 ἀνθρώπου
1532 956 1878 1027 ἀνειληφέναι

310 1047 404 1102 τὸν
424 1047 676 1120 Χριστὸν,
705 1046 870 1101 αὐτοῦ
903 1045 998 1100 τοῦ
1041 1047 1245 1120 Κυρίου
1300 1046 1566 1115 λέγοντοςο
1619 1047 1736 1114 Τὴν
1763 1049 1879 1114 ψυ-

309 1139 434 1209 χνήν
454 1156 574 1208 μου
597 1140 814 1208 τίθημι,
840 1140 940 1193 ἵνα
968 1139 1152 1194 πάλιν
1177 1139 1340 1194 ,λάϐω
1351 1141 1565 1209 αὐτὴν,
1592 1141 1730 1213 ὑπὲρ
1773 1141 1879 1194 τῶν

315 1229 607 1304 προϐάτων
633 1243 648 1260 ⁸
670 1232 780 1284 καίο
821 1230 1060 1300 Ἡσάρξ
1074 1250 1196 1301 μου
1221 1232 1455 1301 ἀληθής
1479 1233 1610 1287 ἐστι
1625 1233 1879 1301 βρῶσις,

309 1318 414 1372 καί
440 1318 507 1371 τὸ
532 1312 674 1388 αἷμα
714 1315 944 1386 ἀληθής
974 1317 1105 1372 ἐστι
1148 1319 1328 1385 πόσις
1359 1329 1372 1343 ⁸
1407 1319 1516 1372 καί·
1553 1319 1614 1373 '0
1648 1319 1882 1389 τρώγων

304 1429 428 1481 μου
459 1411 572 1480 τὴν
597 1408 810 1479 σάρκα,
831 1410 926 1464 καὶ
944 1411 1135 1464 πίνων
1153 1428 1272 1481 μου
1297 1411 1362 1464 τὸ
1390 1409 1550 1482 αἷμα,
1574 1415 1698 1482 ἔχει
1728 1412 1882 1481 ζωὴν

308 1504 554 1558 αἰώνιον
574 1519 594 1567 ;

955 1575 1110 1628 ΚΕΦ.
1154 1576 1251 1628 1Α’.

383 1666 455 1721 El
485 1684 569 1732 τις
616 1666 763 1737 λέγει
793 1665 998 1736 ἄψυχον
1034 1667 1068 1738 ἢ
1116 1667 1338 1737 ἀνόητον
1364 1667 1426 1720 τὸ
1462 1667 1618 1739 σῶμα
1651 1666 1744 1720 τοῦ
1772 1669 1882 1720 Κυ-

1517 285 1609 342 DE
1643 282 1797 340 FIDE
1834 280 2179 338 CAPITULA
2220 283 2333 341 Xll.

1903 409 1954 463 Α

3407 291 3547 350 1154

2630 401 2782 458 CAP.
2824 403 2894 460 Χ.

2055 490 2110 545 Si
2134 493 2257 563 quis
2289 491 2785 549 dixeritChristum
2821 501 3026 562 partem
3051 497 3422 552 tantummodo
3455 499 3544 553 ho-

1981 585 2146 640 minis
2177 587 2558 656 assumpsisse,
2579 595 2768 641 etnon
2799 585 3082 643 confessus
3113 587 3276 643 fuerit
3311 589 3462 644 illum
3488 591 3542 644 in

1981 677 2233 732 omnibus
2273 679 2633 734 assimilatum
2664 679 2822 734 nobis
2858 694 3014 749 esse,
3045 691 3271 752 excepto
3301 695 3542 753 peccato,

1981 770 2266 824 anathema
2297 781 2435 826 esto.

2596 859 2923 929 Explicatio.

2049 950 2336 1017 Quomodo
2361 952 2507 1006 dicat
2553 952 2676 1019 quis
2703 950 2979 1007 Christum
3021 961 3227 1022 partem
3282 953 3546 1010 duntaxat

1983 1044 2220 1100 hominis
2263 1043 2650 1114 assumpsisse,
2685 1044 2802 1114 ipso
2831 1043 3064 1100 Domino
3103 1046 3319 1102 dicente
3349 1064 3364 1100 :
3396 1047 3546 1102 Pone

1981 1133 2216 1187 animam
2251 1149 2421 1188 meam
2453 1134 2573 1205 (pro
2603 1136 2794 1189 ovibus
2835 1136 2992 1203 meis)
3025 1146 3080 1189 ut
3125 1137 3310 1190 iterum
3338 1153 3546 1192 sumam

1980 1243 2096 1280 eam
2120 1227 2165 1259 ⁵⁸
2188 1245 2202 1294 ;
2242 1239 2295 1282 et
2320 1245 2333 1281 :
2369 1226 2506 1282 Caro
2527 1244 2640 1281 mea
2666 1245 2780 1282 uere
2799 1239 2875 1282 est
2904 1228 3068 1292 cibus,
3094 1239 3143 1283 et
3167 1231 3381 1299 sanguis
3401 1247 3547 1286 meus

1982 1335 2096 1372 vere
2117 1330 2192 1373 est
2219 1328 2372 1389 potus
2390 1320 2456 1385 5’;
2489 1329 2542 1374 et
2568 1335 2580 1370 :
2615 1318 2718 1385 Qui
2749 1321 3034 1374 mandarat
3063 1337 3271 1374 carnem
3300 1339 3470 1382 meam
3498 1334 3546 1377 et

1982 1409 2111 1461 bibit
2146 1411 2450 1480 sanguinem
2479 1427 2669 1477 meum,
2702 1411 2854 1465 habet
2881 1412 3042 1464 vitam
3076 1423 3328 1468 artemam
3350 1415 3394 1446 ⁶⁰
3418 1415 3439 1469 ἲ

2618 1570 2771 1626 CAP.
2802 1572 2895 1626 XI.

2054 1662 2110 1718 Si
2151 1663 2276 1732 quis
2317 1663 2515 1718 dixerit
2554 1678 2752 1734 corpus
2791 1663 2992 1720 Christi
3033 1679 3156 1720 esse
3208 1664 3469 1731 inanime,
3491 1675 3547 1722 et

310 1761 452 1833 ρίου,
473 1760 565 1814 καὶ
591 1760 666 1832 μὴ
695 1760 945 1831 ὁμολογεί
964 1759 1121 1813 αὐτὸν
1147 1759 1348 1814 τέλειον
1370 1759 1511 1813 κατὰ
1540 1759 1764 1832 [πάντα]
1788 1761 1878 1815 ἀν-

1983 1755 2101 1810 sine
2132 1763 2329 1820 mente,
2364 1763 2417 1809 et
2444 1769 2551 1810 non
2587 1754 2872 1812 confessus
2904 1753 3070 1809 fuerit
3102 1755 3252 1810 illum
3290 1771 3460 1811 unum
3484 1766 3540 1812 et

309 1853 529 1926 θρωπον
557 1851 650 1905 ἕνα
677 1852 771 1907 καὶ
799 1852 888 1906 τὸν
911 1851 1089 1917 αὑτὸν,
1113 1851 1606 1922 ἀναθεματιζέσθω.

937 2031 1260 2102 Ἑρμηνεία.

384 2125 508 2191 Πῶς
533 2123 590 2180 δὲ
623 2125 689 2180 ἂν
712 2124 857 2193 λέγοι
897 2141 979 2187 τις
1005 2123 1206 2195 ἄψυχον
1235 2123 1326 2177 καὶ
1360 2123 1583 2194 ἀνόητον
1617 2123 1680 2176 τὸ
1725 2123 1880 2195 σῶμα

304 2219 405 2275 τοῦ
431 2220 635 2290 Κυρίου
657 2212 978 2291 [Χριστοῦ];
1019 2216 1245 2289 Ταραχὴ
1279 2217 1405 2289 γὰρ,
1447 2217 1538 2270 καὶ
1577 2217 1741 2288 λύπη,
1788 2220 1881 2270 καὶ

303 2314 598 2387 ἀδημονία,
623 2312 744 2366 οὗτε
782 2311 980 2383 σαρκὸς
1009 2309 1234 2380 ἀψύχου,
1265 2309 1387 2362 οὔτε
1419 2309 1592 2381 ψυχῆς
1630 2311 1878 2382 ἀνοήτου,

304 2405 434 2461 οὔτε
468 2405 712 2476 θεότητος
736 2402 1026 2474 ἀτρέπτου,
1049 2400 1169 2454 οὐδὲ
1199 2400 1468 2472 δοκήσεως
1494 2401 1730 2468 ἔνδειξις,
1757 2401 1880 2455 οὕτε

306 2497 657 2570 ἀνθρωπίνης
683 2493 963 2558 ἀσθενείας
994 2495 1228 2564 ἥττημα·
1262 2493 1396 2547 ἀλλά
1433 2493 1540 2546 τῶν
1575 2492 1693 2547 καθ’
1735 2495 1880 2566 ἡμᾶς

306 2592 500 2647 παθῶν
520 2591 615 2664 τὴν
644 2589 894 2655 ἐπίδειξιν
914 2590 970 2642 ἐν
988 2587 1161 2659 ἑαυτῷ
1189 2589 1420 2642 ἐποιεῖτο
1439 2591 1466 2642 ὁ
1491 2589 1678 2656 Λόγος,
1713 2607 1880 2643 κατα-

303 2686 597 2756 δεξάμενος
617 2684 678 2737 τὸ
711 2680 1026 2752 παθητικὸν,
1063 2679 1246 2745 καθὼς
1289 2681 1612 2752 γέγραπται,
1651 2683 1732 2734 ὅτι
1775 2683 1880 2736 αὺ-

305 2777 415 2845 τὸς
441 2777 548 2844 τὰς
572 2776 886 2840 ἀσθενείας
912 2771 1078 2844 ἡμῶν
1101 2772 1371 2838 ἀνέλαϐε,
1400 2773 1496 2827 καὶ
1524 2773 1630 2840 τὰς
1653 2775 1879 2840 νόσους
1921 2823 1924 2826 ί

306 2863 629 2918 ἐϐάστασε.
663 2863 884 2935 Ταραχὴ
909 2861 1040 2934 γὰρ,
1069 2862 1162 2916 καὶ
1182 2860 1346 2934 λύπη,
1378 2862 1472 2916 καὶ
1489 2863 1751 2934 ἀδημονία
1777 2863 1878 2933 ψυ-

308 2955 416 3027 χῆς
447 2957 745 3027 νοσήματα·
786 2955 952 3020 κόπος
983 2956 1061 3020 δὲ,
1102 2956 1195 3009 καὶ
1235 2955 1399 3020 ὕπνος
1427 2956 1516 3010 καὶ
1541 2956 1735 3028 τρῶσις
1771 2957 1875 3010 σώ-

309 3067 502 3122 ματος,
539 3051 736 3124 σαρκὸς
755 3050 1120 3124 ἀσθενήματα.

949 3326 1105 3383 ΚΕΦ.
1149 3327 1248 3382 ΙΒ’.

384 3414 454 3470 El
470 3432 551 3480 τις
581 3414 748 3485 λέγει,
796 3415 1014 3487 δοκήσει
1055 3416 1466 3488 πεφανερῶσθαι
1507 3418 1596 3470 τὸν
1645 3418 1876 3489 Χριστὸν

299 3507 387 3578 τῷ
413 3507 619 3579 κόσμῳ,
642 3509 734 3561 καὶ
763 3508 836 3579 μὴ
857 3508 1106 3580 ὁμολογεί
1138 3509 1298 3563 αὐτὸν
1335 3511 1392 3563 ὲν
1422 3513 1585 3581 σαρκὶ
1631 3509 1878 3583 ἐληλυθέ-

301 3614 418 3662 ναι,
452 3597 947 3669 ἀναθεματιζέσθω.

942 3691 1266 3760 Ἑρμηνεία.

383 3783 507 3847 Πῶς
543 3783 600 3837 δὲ
639 3783 704 3837 ἂν
745 3782 891 3850 λέγοι
923 3799 1025 3846 τις,
1057 3782 1274 3854 δοκήσει
1309 3776 1723 3854 πεφανερῶσθαι
1747 3785 1878 3857 Χρι-

305 3876 438 3932 στὸν
467 3875 545 3947 τῷ
591 3876 778 3946 κόσμῳ
808 3875 898 3928 τὸν
924 3874 1250 3947 ὲνΒηθλεὲμ
1277 3875 1553 3946 τεχθέντα,
1583 3877 1677 3931 καὶ
1717 3894 1875 3947 περι-

302 3973 450 4043 τομῇ
481 3968 678 4041 σαρκὸς
706 3968 1128 4039 προσαγόμενον,
1169 3969 1263 4022 καὶ
1292 3968 1396 4021 ὑπὸ
1423 3968 1647 4041 Συμεὼν
1687 3970 1877 4040 βαστα-

301 4061 528 4137 χθέντα,
553 4061 648 4115 καὶ
669 4060 972 4131 δωδεκαετῆ
1000 4061 1396 4130 ἀνατραφέντα,
1435 4063 1527 4116 καὶ
1559 4064 1668 4127 τοῖς
1696 4061 1878 4131 γονεῦ-

306 4170 398 4208 σιν
424 4152 780 4223 ὑποταγέντα,
804 4152 897 4206 καὶ
925 4153 981 4204 ὲν
1013 4151 1249 4226 Ἰορδάνῃ
1279 4153 1657 4224 βαπτισθέντα,
1691 4155 1785 4208 καὶ
1821 4157 1876 4208 ἐν

305 4244 530 4318 σταυρῷ
548 4243 979 4317 προσηλωθέντα,
1001 4244 1094 4296 καὶ
1117 4245 1181 4297 ὲκ
1201 4244 1406 4316 νεκρῶν
1435 4245 1772 4312 dvas-cavea;

380 4336 471 4389 Διὸ
495 4334 597 4389 κᾶν
613 4334 835 4406 λέγηται
863 4331 981 4404 [καὶ
1001 4333 1260 4406 λέγεται]·
1278 4335 1594 4406 Ἐταράχθη
1607 4336 1684 4402 τῷ
1702 4337 1878 4390 πνεύ-

1981 1845 2232 1901 eumdem
2249 1852 2549 1903 secundum
2569 1847 2752 1901 omnia
2779 1845 3074 1917 perfectum
3096 1849 3371 1903 hominem
3397 1863 3540 1917 esse,

1981 1939 2268 1995 anathema
2294 1947 2431 1994 esto.

2597 2031 2930 2102 Explicatio.

2052 2113 2336 2189 Quomodo
2362 2133 2574 2180 asserat
2610 2125 2734 2195 quis
2762 2141 2958 2196 corpus
2986 2125 3189 2182 Christi
3221 2127 3417 2181 animae
3449 2133 3546 2182 aut

1981 2216 2283 2272 intellectus
2313 2232 2507 2286 expers
2530 2218 2683 2272 esse?
2715 2217 2975 2272 Turbatio
3014 2219 3179 2285 enim,
3215 2227 3269 2274 et
3298 2217 3542 2285 tristitia,

1980 2321 2033 2366 et
2065 2326 2288 2376 mceror,
2319 2326 2492 2381 neque
2523 2312 2844 2366 suntcarnis
2862 2312 3042 2368 anima
3077 2313 3336 2378 carentis,
3367 2329 3542 2384 neque

1981 2405 2176 2460 animae
2209 2405 2479 2460 intellectu
2514 2404 2804 2469 destitutae,
2837 2420 3011 2474 neque
3057 2405 3412 2461 immutabilis
3458 2407 3541 2460 di-

1983 2494 2244 2559 vinitatis,
2275 2509 2450 2563 neque
2473 2493 2613 2562 ejus,
2642 2495 2786 2563 quod
2831 2503 3039 2549 tantum
3083 2496 3290 2550 videtur
3316 2509 3461 2562 esse,
3489 2503 3544 2551 et

1981 2601 2087 2640 non
2129 2594 2247 2651 est,
2299 2585 2580 2648 indicium,
2634 2599 2808 2655 neque
2859 2585 3109 2640 humanae
3162 2586 3542 2643 imbecillitatis

1979 2676 2249 2743 defectus;
2280 2676 2371 2731 sed
2404 2675 2718 2746 passionum
2739 2685 2792 2730 et
2819 2675 3194 2746 aegritudinum
3230 2687 3540 2734 nostrarum

1980 2770 2248 2838 specimen
2283 2769 2336 2822 in
2361 2784 2419 2824 se
2454 2769 2572 2838 ipso
2601 2766 2837 2822 Verbum
2873 2769 3033 2824 edere
3061 2770 3269 2836 voluit;
3295 2772 3540 2842 passibili

1979 2871 2168 2915 natura
2202 2861 2255 2914 in
2283 2876 2340 2916 se
2376 2869 2647 2930 suscepta,
2678 2862 2818 2917 sicut
2840 2861 3099 2932 scriptum
3133 2871 3218 2918 est
3248 2882 3261 2916 :
3293 2862 3539 2932 Languo-

1980 2969 2058 3006 res
2079 2964 2282 3006 nostros
2304 2954 2412 3022 ipse
2429 2952 2570 3018 tulit,
2587 2965 2633 3006 et
2653 2953 2858 3008 dolores
2878 2963 3083 3008 nostros
3106 2955 3213 3024 ipse
3227 2957 3454 3025 portauit
3471 2956 3538 3010 “.

1981 3042 2242 3100 Turbalio
2277 3045 2442 3112 enim,
2491 3057 2544 3100 et
2591 3047 2929 3114 tristitia,'et
2964 3061 3153 3119 angor,
3199 3055 3329 3104 sunt
3373 3048 3540 3103 animi

1978 3136 2356 3207 aegritudines;
2389 3137 2542 3192 labor
2571 3147 2774 3205 autem,
2807 3150 2861 3194 et
2889 3154 3135 3203 somnus,
3162 3148 3216 3194 et
3241 3139 3543 3196 vulneratio

1980 3228 2221 3300 corporis
2250 3236 2376 3284 sunt
2408 3228 2747 3288 inﬁrmitates
2776 3231 2978 3286 carnis.

2603 3320 2757 3376 CAP.
2797 3320 2912 3377 XII.

2051 3411 2110 3467 Si
2129 3413 2251 3486 quis
2278 3413 2474 3469 dixerit
2494 3414 2608 3469 sola
2631 3414 2888 3483 opinione
2916 3423 2969 3470 et
2998 3417 3246 3485 putatitie
3261 3415 3540 3473 Christum

1978 3503 2032 3558 in
2077 3504 2283 3558 mundo
2327 3505 2663 3575 apparuisse,
2695 3511 2750 3560 et
2794 3521 2901 3559 non
2956 3506 3240 3563 confessus
3283 3505 3447 3564 fuerit
3489 3507 3544 3562 in

1980 3610 2145 3652 carne
2169 3599 2406 3665 venisse,
2434 3599 2721 3654 anathema
2750 3608 2886 3654 esto.

2597 3689 2924 3759 Emplicatio.

2049 3781 2333 3847 Quomodo
2368 3780 2657 3837 afﬁrmabit
2684 3784 2828 3852 quis,
2864 3783 3110 3852 putatitie
3164 3787 3542 3841 tantummodo

1976 3873 2251 3929 Christum
2278 3874 2332 3928 in
2351 3875 2553 3929 mundo
2568 3876 2906 3944 apparuisse,
2924 3885 3107 3930 natum
3128 3876 3182 3930 in
3207 3876 3541 3945 Bethlehem,

1978 3964 2358 4020 circumcisum
2397 3977 2452 4018 et
2484 3980 2514 4019 a
2548 3965 2802 4029 Simeone
2864 3967 3007 4022 ulnis
3049 3976 3336 4038 gestatum,
3371 3986 3545 4040 usque

1978 4055 2046 4112 ad
2100 4054 2480 4111 duodecimum
2538 4073 2741 4111 annum
2785 4073 2815 4112 a
2861 4060 3178 4128 parentibus
3228 4061 3541 4128 educatum,

1979 4148 2282 4220 iisdemque
2349 4150 2722 4222 morigerum,
2784 4151 2838 4206 in
2895 4151 3130 4209 Jordane
3184 4155 3542 4225 baptizatum,

1980 4242 2129 4296 cruci
2156 4241 2404 4309 allixum,
2439 4257 2503 4297 ex
2538 4243 2768 4298 mortuis
2798 4245 3134 4299 excitatum?

2049 4331 2340 4402 Propterea
2367 4333 2586 4404 quando
2610 4335 2808 4390 dicitur
2832 4356 2845 4390 :
2871 4333 3132 4390 Turbatus
3147 4347 3224 4392 est
3249 4340 3439 4403 spiritu
3456 4339 3502 4372 ”
3523 4358 3537 4394 :

299 4446 466 4500 ματι,
490 4426 759 4494 ἐλυπήθη
791 4423 865 4494 τῇ
893 4424 1084 4495 ψυχῇ,
1125 4424 1342 4494 ἐτρώθη
1375 4425 1454 4491 τῷ
1495 4426 1739 4496 σώματι,
1779 4428 1875 4493 τὰς

1982 4421 2244 4477 Tristatus
2295 4433 2371 4477 est
2424 4426 2603 4479 anima
2629 4427 2710 4493 ⁶³;
2751 4442 2963 4493 corpore
3003 4427 3305 4482 vulneratus
3351 4438 3426 4482 est
3462 4429 3541 4494 ⁸⁵,

306 4520 452 4576 κατὰ
487 4520 586 4593 τὴν
631 4518 903 4590 ἡμετέραν
937 4517 1190 4571 σύστασιν
1234 4517 1341 4571 τῶν
1378 4518 1563 4573 παθῶν
1609 4535 1875 4592 προσηγο-

311 4612 435 4686 ρίας
460 4612 657 4683 ἵστησι,
681 4610 773 4662 καὶ
800 4609 886 4662 ἵνα
913 4608 1081 4681 δείξῃ,
1116 4609 1196 4662 ὅτι
1218 4608 1498 4680 ἅνθρωπος
1537 4610 1792 4680 ἐγεννήθη
1816 4610 1873 4661 ἐν

309 4704 390 4776 τῷ
411 4705 616 4774 κόσμῳ,
642 4701 736 4754 καὶ
767 4699 887 4766 τοῖς
915 4699 1241 4767 ἀνθρώποις
1269 4699 1727 4768 συνανεστράεςη
1752 4699 1872 4754 καθ’

306 4794 808 4868 όμοιότητα,χωρὶς
853 4793 1140 4864 ἁμαρτίας.
1188 4793 1475 4864 Ἐγεννήθη
1520 4795 1627 4863 γὰρ
1675 4796 1730 4846 ἐν
1770 4795 1874 4863 Βη-

309 4888 496 4958 θλεὲμ,
525 4887 859 4959 θεοπρεπῶς,
895 4887 1033 4940 κατὰ
1056 4885 1250 4955 σάρκα,
1276 4885 1518 4953 ἀγγέλων
1541 4887 1874 4956 ἐπουρανίων

305 4979 694 5046 ἑπεγνωκότων
712 4977 804 5031 τὸν
833 4977 995 5031 αὑτὸν
1034 4975 1325 5046 Δεσπότην,
1369 4975 1458 5028 καὶ
1501 4975 1875 5046 ἀνυμνούντων

303 5069 398 5125 τὸν
439 5071 496 5122 ὲν
537 5071 709 5142 φάτνῃ
764 5069 1218 5141 σπαργανωθέντα
1270 5067 1423 5130 Θεὸν,
1467 5069 1557 5121 καὶ
1593 5066 1869 5137 λεγόντων·

307 5162 465 5226 Δόξα
482 5162 550 5215 ἐν
578 5163 859 5230 ὑψίστοις
889 5160 1130 5226 Θεῷ,καὶ
1157 5160 1252 5214 ἐπὶ
1284 5157 1394 5229 γῆς
1415 5159 1645 5228 εΙρήνη,
1671 5159 1740 5212 ἐν
1770 5161 1872 5214 ἀν-

307 5251 558 5321 θρώποις
585 5252 842 5306 εὐδοκία.
893 5253 978 5304 Ἐν
1003 5251 1250 5322 Ναζαρὲτ
1276 5252 1548 5323 ἀνετράφη
1566 5269 1578 5280 ·
1606 5250 1876 5319 θεοιρανῶς

307 5347 366 5396 ἐν
426 5345 572 5414 μέσῳ
616 5343 946 5398 διδασκάλων
998 5343 1376 5413 καθεζόμενος,
1424 5345 1516 5396 καὶ
1558 5343 1875 5414 ἐκπλήττων

304 5437 499 5500 αὐτοὺς
552 5440 615 5508 τῇ
658 5436 815 5508 σοφίᾳ
857 5437 1005 5509 παρά
1037 5437 1224 5507 καιρὸν
1253 5435 1467 5506 ἡλικίας
1506 5437 1604 5507 τῆς
1645 5437 1783 5490 κατὰ
1813 5436 1871 5488 τὸ

309 5528 486 5598 σῶμα,
535 5528 610 5593 ὡς
655 5528 1039 5600 ἀπαριθμεῖται
1079 5531 1107 5581 ὁ
1154 5528 1506 5597 εὐαγγελικὺς
1547 5527 1719 5597 λόγος.
1782 5530 1868 5582 Ἑν

379 5685 427 5718 ³⁸
452 5683 610 5743 Joan.
664 5704 719 5750 x,
763 5687 850 5741 l7.
926 5688 970 5720 ⁸⁸
1028 5687 1186 5743 Joan.
1234 5703 1309 5752 νι,
1338 5688 1426 5743 56.
1533 5689 1576 5720 ⁸ο
1609 5689 1762 5751 lbid.,
1802 5688 1888 5744 55.

1982 4525 2182 4571 nostrae
2229 4515 2636 4573 constitutionis
2682 4517 2994 4574 affectiones
3041 4520 3198 4576 nobis
3245 4521 3315 4576 ob
3355 4521 3542 4577 oculos

1980 4608 2215 4682 ponit,ut
2235 4609 2485 4664 ostendat
2533 4611 2679 4680 quod
2717 4612 2882 4666 homo
2916 4613 2968 4666 in
3017 4614 3222 4669 mundo
3255 4623 3414 4671 natus
3451 4616 3542 4682 sit,

1979 4679 2024 4752 εἰ
2054 4713 2171 4750 cum
2208 4698 2501 4753 hominibus
2531 4711 2864 4756 conversatus
2887 4703 2931 4734 ⁸³
2957 4704 3270 4776 sit,absque
3297 4720 3541 4775 peccato.

1978 4788 2145 4845 Natus
2174 4791 2316 4844 enim
2343 4793 2495 4846 estin
2527 4791 2834 4850 Bethlehem
2861 4796 3158 4851 secundum
3185 4812 3401 4852 carnem
3435 4797 3544 4853 Deo

1980 4883 2382 4951 convenienter,
2428 4885 2740 4942 cmlestibus
2796 4887 3002 4956 angelis
3050 4886 3340 4942 Dominum
3383 4905 3545 4944 suum

1981 4976 2420 5044 agnoscentibus,
2453 4977 2890 5050 hymnorumque
2919 4988 3082 5034 cantu
3118 4987 3171 5034 et
3197 4981 3427 5036 melodis
3454 4997 3543 5038 ce-

1977 5067 2314 5124 lebrantibus
2342 5069 2507 5124 Deum
2555 5069 2741 5127 fasciis
2766 5071 2822 5125 in
2864 5071 3088 5142 prmsepi
3125 5071 3449 5138 involutum,
3490 5083 3541 5130 et

1977 5157 2321 5213 dicentibus:
2351 5159 2537 5214 Gloria
2579 5163 2634 5216 in
2661 5163 2878 5217 excelsis
2917 5163 3048 5228 Deo,
3078 5174 3126 5217 et
3165 5165 3220 5218 in
3265 5175 3402 5220 terra
3436 5184 3540 5236 pax

1978 5250 2272 5305 hominibus
2304 5251 2450 5306 bona;
2480 5253 2762 5309 voluntatis
2787 5256 2849 5308 ".
2888 5255 2942 5308 In
2971 5253 3236 5311 Nazareth
3271 5260 3539 5316 enutritus

1979 5355 2081 5402 est.
2106 5347 2162 5404 In
2190 5349 2365 5404 medio
2400 5351 2686 5405 doctorum
2721 5351 2814 5407 Dei
2845 5353 3015 5409 instar
3043 5355 3200 5422 sedit,
3226 5370 3430 5426 eosque
3455 5371 3528 5412 sa-

1977 5438 2179 5509 pientia
2205 5455 2301 5496 sua
2331 5442 2706 5512 obstupefecit,
2730 5455 2920 5514 praeter
2947 5447 3189 5502 ordinem
3215 5451 3541 5520 modumque

1975 5531 2168 5598 aetatis,
2200 5532 2246 5586 si
2274 5547 2472 5602 corpus
2502 5543 2730 5604 spectes,
2763 5546 2819 5592 ut
2848 5555 2910 5593 ex
2943 5537 3230 5610 E‘vangelio
3265 5539 3452 5610 liquet.
3482 5540 3538 5594 In

2004 5686 2316 5766 “ulSﬁ-LIII.
2341 5692 2436 5766 4.”
2497 5688 2540 5722 “
2576 5687 2733 5748 Joan.
2769 5707 2846 5762 xl,
2873 5694 2977 5762 35;
3009 5710 3106 5763 xu,
3143 5693 3250 5764 27;
3292 5712 3415 5766 xm,
3445 5697 3536 5751 2i.

301 5753 359 5830 ,θ’
382 5755 567 5811 Matth.
602 5773 748 5825 χχιιι,
780 5757 867 5812 58.
945 5757 990 5790 ⁸⁸
1023 5760 1126 5815 Isa.
1164 5774 1283 5824 LIII,
1311 5759 1362 5814 5.
1406 5759 1449 5793 "
1474 5758 1706 5816 Baruch.
1735 5775 1828 5828 ιιι,
1869 5762 1878 5814 ε

2039 5758 2083 5792 ⁸⁸
2114 5759 2244 5814 Luc.
2273 5773 2335 5826 ιι,
2377 5758 2468 5816 ﬂ.
