3988 6200
457 311 594 368 1155

1086 307 1144 362 S.
1183 304 1507 363 GREGORII
1543 303 1901 359 THAUMAT.
1943 300 2092 357 OPP.
2131 301 2317 358 PARS
2368 302 2666 360 ALTERA.
2708 336 2777 346 —
2814 305 3041 364 DUBIA.

3536 306 3677 365 5156

446 431 688 506 .Jordane
713 429 1015 498 baptizatus
1042 436 1124 481 est
1138 427 1207 491 ⁸⁷,
1240 441 1346 479 non
1378 434 1437 480 ut
1465 424 1666 494 aliquid
1699 422 2003 477 sanetiiieao

2124 422 2350 495 Ἰορδάνῃ
2390 422 2707 495 ἐϐαπτίσθη,
2734 424 2835 477 οὐκ
2872 421 3142 494 ἁγιασμοῦ
3174 422 3469 494 προσλήψει
3505 439 3683 494 προσ-

453 522 619 578 tionis
648 519 975 591 perciperet;
1009 518 1097 572 sed
1144 528 1201 570 ut
1238 515 1717 570 sanctiﬁcationem
1746 514 1865 567 aliis
1904 513 1998 565 im-

454 615 695 687 pertiret.
738 614 795 666 In
822 610 1111 667 solitudine
1139 618 1375 664 tentatus
1413 616 1494 662 est
1518 606 1585 670 ⁸⁸,
1622 621 1729 660 non
1761 620 2014 660 succnm-

450 705 588 763 bens
617 701 920 764 tentationi,
957 701 1051 756 sed
1104 706 1320 755 nostras
1357 698 1681 752 tentationes
1732 696 2012 751 tentatoris

452 796 836 870 provocatione
869 808 978 864 pra:
1006 808 1065 847 se
1099 791 1302 855 ferens,
1354 801 1412 844 ut
1445 789 1695 844 omnibus
1721 789 2009 843 vanitatem

453 900 508 946 et
531 889 953 945 imbecillitatem
984 884 1278 940 adversarii
1318 881 1661 953 patefaceret.

526 984 815 1052 Propterea
845 987 1029 1034 monet
1054 994 1067 1031 :
1107 976 1385 1047 Conﬁdile,
1417 993 1508 1046 ego
1542 976 1640 1031 vici
1667 974 1922 1028 mundum
1940 974 2006 1026 “.

456 1074 641 1144 Neque
682 1072 923 1127 divinum
974 1068 1436 1139 propugnaculum
1487 1066 1705 1136 objecit,
1754 1066 1848 1120 sed
1888 1080 2011 1119 car-

457 1150 580 1219 nem
648 1163 925 1233 propriam
996 1158 1272 1229 passioui,
1340 1157 1501 1211 morti
1558 1165 1615 1211 et
1680 1154 2011 1226 corruptioni

454 1256 799 1312 devincenda:
842 1254 1128 1323 opposuit,
1172 1260 1231 1306 ut
1270 1266 1365 1321 per
1401 1266 1562 1319 quam
1614 1264 1831 1303 carnem
1884 1262 2012 1317 pec~

456 1358 638 1406 catum
687 1350 984 1403 intraverat
1038 1346 1092 1399 in
1147 1343 1433 1408 mundum,
1489 1351 1543 1395 et
1596 1356 1689 1411 per
1729 1347 2009 1410 peccatum

455 1443 685 1506 mors",
713 1439 997 1510 imperium
1027 1437 1080 1492 in
1106 1451 1295 1491 omnes
1327 1449 1620 1499 exercens;
1644 1448 1737 1503 per
1765 1430 2011 1487 eamdem

457 1549 673 1589 carnem
720 1529 1016 1588 secundum
1081 1525 1493 1583 similitudinem
1562 1525 2014 1581 condemnaretur

454 1631 738 1695 peccatum
804 1621 859 1675 in
914 1634 1097 1683 carne;
1158 1618 1471 1689 peccatique
1510 1617 1736 1673 antistes
1780 1621 2014 1669 tentator

458 1719 550 1774 ille
598 1723 966 1787 superaretur,
1013 1727 1162 1767 mors
1208 1711 1592 1767 dissolveretur
1639 1707 1865 1778 imperio
1912 1720 2012 1761 suo

458 1810 697 1879 deiecta,
745 1816 800 1860 et
845 1812 1201 1861 evacuaretur
1243 1801 1520 1879 corruptio
1559 1800 1613 1854 in
1661 1799 1905 1869 corporis
1931 1810 2015 1852 se-

456 1899 734 1972 pultura“
756 1939 771 1964 ,
800 1896 1157 1967 primitiaeque
1180 1872 1596 1949 resurrectionis
1628 1891 1800 1961 palam
1829 1898 2014 1944 osten-

459 1991 737 2052 derentur,
792 1998 843 2040 ct
884 1985 1094 2039 initium
1137 1983 1365 2055 iustitiae
1410 1998 1505 2052 per
1542 1981 1698 2036 (idem
1734 1979 1788 2032 in
1813 1977 2016 2032 mundo

460 2081 819 2136 ellloresceret
841 2119 856 2144 ,
893 2091 1233 2148 regnumque
1270 2074 1531 2130 castorum
1578 2071 1888 2127 hominibus
1912 2084 2018 2124 ‘an-

461 2172 825 2237 nuntiaretur,
883 2177 936 2223 et
1001 2167 1097 2222 Dei
1152 2182 1276 2222 cum
1336 2164 1649 2221 hominibus
1706 2161 2017 2219 communio

461 2265 709 2319 iniretur.

532 2355 614 2412 οι)
636 2355 778 2410 hanc
809 2353 1035 2425 gratiam
1067 2351 1427 2423 gloriﬁeemus
1482 2349 1726 2417 Patrem,
1748 2353 1839 2423 qui
1873 2353 2019 2408 dedit

462 2450 661 2505 Filium
718 2463 877 2504 suum
946 2446 1281 2517 unigenitum
1344 2459 1443 2514 pro
1490 2444 1676 2499 mundi
1718 2444 1847 2498 vita.
1893 2444 2018 2499 Glo-

462 2546 740 2600 riiicemus
780 2541 1041 2613 Spiritum
1068 2547 1347 2602 sanctum,
1384 2545 1695 2607 operantem
1745 2538 1799 2591 in
1840 2537 2017 2599 nobis.

464 2652 671 2707 nosque
717 2633 1109 2697 viviﬁcantem;
1153 2630 1246 2699 qui
1291 2628 1447 2683 nobis
1495 2629 1632 2683 dona
1668 2626 1735 2681 ad
1779 2642 2022 2681 commu-

462 2728 680 2782 nionem
711 2740 834 2780 cum
861 2723 971 2777 Deo
1000 2719 1421 2777 contrahendam
1453 2719 1759 2773 necessaria
1811 2718 2019 2773 submi-

465 2820 695 2885 nistrat;
765 2830 939 2885 neque
986 2810 1309 2882 Evangelica
1363 2810 1585 2864 oracula
1631 2808 1861 2864 curiosis
1910 2808 2021 2863 dis-

463 2907 838 2981 putationibus
865 2902 1268 2968 examinemus,
1303 2900 1659 2954 interminatis
1706 2896 2021 2968 quaestioni-

465 3002 570 3057 bus
587 3000 981 3066 verborumque
1006 2994 1200 3065 pugnis
1235 2992 1290 3045 in
1319 2991 1558 3046 medium
1602 2989 1778 3044 allatis
1807 2990 2019 3059 planam

2113 516 2398 587 ἀγόμενος,
2437 516 2550 570 ἀλλ’
2582 514 2853 586 άγιασμοῦ
2887 515 3116 587 μετοχὴν
3170 515 3544 587 χαριζόμενος.
3588 516 3691 568 Ἐν

2112 612 2176 680 τῇ
2229 611 2417 681 ἐρήμῳ
2468 609 2795 680 ὲπειράσθη,
2844 609 2903 661 οὐ
2951 606 3239 679 πειρασμῷ
3282 608 3687 678 ὑποκείμενος,

2112 700 2247 753 ἀλλά
2274 702 2400 765 τοὺς
2431 702 2725 772 ἡμετέρους
2760 701 3095 774 πειμισμούς
3141 701 3206 770 τῇ
3250 698 3540 771 προκλήσει
3580 698 3697 753 τοῦ

2113 794 2457 864 πειράζοντος
2504 792 2958 865 προϐαλλόμενος,
3000 793 3085 845 ἵνα
3127 790 3276 864 δείξῃ
3329 793 3549 862 μάταιον
3585 791 3693 844 τὸν

2114 900 2204 935 πει
2211 883 2459 953 ράζοντα.

2185 975 2275 1027 Διὸ
2305 974 2471 1043 λέγει·
2510 972 2809 1042 Θαρσεῖτε,
2835 970 2947 1041 ἐγὼ
2975 970 3259 1037 νενίκηκα
3294 970 3398 1023 τὸν
3425 970 3692 1040 κόσμον,

2112 1066 2172 1119 οὐ
2206 1065 2391 1138 θεῖκὴν
2413 1066 2587 1135 πάλην
2608 1064 3055 1137 προϐαλλόμενος,
3073 1063 3206 1118 άλλά
3220 1062 3317 1133 τὴν
3339 1062 3471 1116 ίδίαν
3499 1064 3697 1133 σάρκα

2115 1160 2422 1231 νικητήριον
2466 1158 2669 1221 πάθους
2712 1157 2805 1210 καὶ
2835 1156 3064 1210 θανάτου
3108 1156 3200 1209 καὶ
3238 1154 3441 1226 φθορᾶς
3472 1155 3697 1207 ἐπιδει-

2114 1251 2393 1322 κνύμενος,
2422 1250 2509 1303 ἵνα
2547 1249 2613 1303 δι’
2653 1243 2721 1322 ἧς
2757 1249 2953 1319 σαρκὸς
2982 1251 3015 1320 ή
3054 1248 3294 1319 ἁμαρτία
3329 1245 3570 1318 εἰσῆλθεν
3598 1248 3699 1311 είς

2112 1345 2202 1398 τὸν
2236 1343 2459 1414 κόσμον,
2498 1344 2591 1397 καὶ
2625 1343 2712 1397 διά
2752 1343 2851 1414 τῆς
2875 1341 3142 1414 ἁμαρτίας
3168 1343 3197 1393 6
3234 1340 3457 1405 θάνατος
3494 1341 3699 1394 eam.

2111 1433 2267 1486 λευσε
2303 1433 2518 1489 πάντων
2543 1433 2865 1505 ἀνθρώπων,
2900 1432 2987 1485 διὰ
3015 1433 3113 1501 τῆς
3136 1431 3305 1501 αὐτῆς
3331 1430 3528 1503 σαρκὸς
3555 1430 3697 1484 καθ’

2111 1526 2399 1596 ὁμοιότητα
2440 1525 2740 1597 κατακριθῇ
2780 1528 2813 1596 ἡ
2855 1525 3097 1597 ἁμαρτία
3140 1527 3198 1578 ὲν
3238 1527 3304 1595 τῇ
3347 1523 3528 1594 σαρκὶ,
3581 1521 3697 1575 καὶ

2112 1619 2305 1690 νικηθῇ
2332 1620 2360 1672 6
2385 1620 2483 1690 τῆς
2513 1619 2783 1690 ἁμαρτίας
2811 1618 3002 1691 ἔφορος
3041 1620 3069 1671 6
3103 1618 3394 1688 πειράζων,
3444 1617 3538 1671 καὶ
3578 1635 3701 1670 κα.-

2112 1710 2309 1781 ταλυθῇ
2338 1712 2366 1764 6
2400 1710 2623 1774 θάνατος
2655 1709 2748 1763 τοῦ
2788 1710 2861 1782 μὴ
2892 1709 3190 1782 βασιλεύειν
3226 1708 3319 1762 καὶ
3356 1708 3697 1780 καταργηθῇ

2117 1800 2290 1872 φθορά
2312 1803 2369 1854 ἐν
2399 1804 2462 1873 τῇ
2501 1801 2595 1854 τοῦ
2632 1800 2881 1872 σώματος
2933 1803 3074 1872 ταφῇ
3120 1798 3243 1872 [ἄλ.
3296 1802 3353 1853 ὲν
3392 1803 3534 1870 ταφῇ
3584 1799 3699 1852 τοῦ

2119 1889 2409 1962 σῶματος],
2459 1892 2554 1944 καὶ
2596 1890 2817 1962 ἀπαρχὴ
2858 1890 3203 1954 ἀναστάσεως
3245 1890 3549 1961 ἀναδειχθῇ,
3588 1892 3701 1943 καὶ

2114 1983 2256 2054 ἀρχὴ
2280 1982 2618 2054 δικαιοσύνης
2645 1985 2702 2035 ὲν
2729 1982 2806 2053 τῷ
2839 1982 3027 2055 κόσμῳ
3052 1982 3426 2053 πολιτεύσηται
3459 1982 3547 2035 διὰ
3579 1983 3699 2053 τῆς

2119 2074 2370 2140 πίστεως,
2416 2076 2509 2129 καὶ
2561 2074 2806 2145 βασιλεία
2842 2075 3079 2146 οὐρανῶν
3115 2073 3419 2146 ἀνθρώποις
3452 2075 3704 2143 εὐαγγε-

2117 2166 2293 2240 λισθῇ,
2328 2167 2421 2221 καί⁸
2443 2166 2577 2220 Θεοῦ
2599 2165 2732 2238 πρὸς
2751 2165 3065 2237 ἀνθρώπους
3086 2166 3308 2237 γένηται
3337 2166 3609 2219 κοινωνία.

2201 2352 2327 2405 Ἐπὶ
2359 2350 2525 2422 ταύτῃ
2561 2354 2626 2423 τῇ
2664 2350 2845 2421 χάριτι
2884 2349 3191 2421 δοξάζωμεν
3220 2350 3311 2403 τὸν
3342 2348 3560 2419 Πατέρα
3589 2347 3703 2403 τὸν

2118 2445 2384 2500 δεδωκότα
2409 2445 2499 2498 τὸν
2535 2444 2657 2498 Υίὸν
2691 2442 2854 2497 αὐτοῦ
2890 2443 2978 2496 τὸν
3015 2442 3277 2514 μονογενῆ
3299 2442 3435 2512 ὑπὲρ
3458 2441 3562 2510 τῆς
3586 2441 3699 2494 τοῦ

2120 2539 2322 2607 κόσμου
2342 2535 2504 2607 ζωῆς.
2530 2534 2846 2607 Δοξάσωμεν
2864 2535 2922 2588 τὸ
2940 2535 3159 2605 Πνεῦμα
3174 2533 3236 2587 τὸ
3263 2535 3431 2601 ἆγιον,
3454 2532 3515 2586 τὸ
3540 2535 3703 2605 ἐνερ-

2121 2628 2269 2699 γοῦν,
2304 2630 2364 2683 τὸ
2401 2630 2691 2695 ζωοποιοῦν
2727 2631 2893 2702 ἡμᾶς,
2926 2628 2986 2681 τὸ
3013 2628 3248 2699 παρέχον
3275 2627 3342 2681 τά
3371 2628 3704 2698 χαρίσματα

2122 2723 2258 2794 πρὸς
2295 2721 2427 2776 Θεοῦ
2476 2722 2777 2785 κοινωνίαν,
2817 2720 2911 2774 καὶ
2954 2719 3025 2791 μή
3066 2718 3555 2791 περιεργαζώμεθα
3592 2721 3700 2773 τὸν

2123 2813 2472 2882 εὐαγγελικὸν
2497 2812 2650 2883 λόγον
2677 2810 2851 2876 λέξεσι
2885 2808 3215 2881 περιξήροις,
3240 2809 3577 2881 ἀπεράντους
3597 2808 3701 2882 Cn.

2122 2907 2303 2976 τήσεις
2326 2907 2420 2958 καὶ
2453 2905 2781 2977 λογομαχίας
2805 2904 3264 2978 περισπείροντες,
3306 2902 3399 2955 καὶ
3428 2901 3521 2955 τὸν
3544 2901 3702 2956 λεῖον

2123 2997 2215 3049 καὶ
2241 2994 2524 3049 εὐθύτατον
2565 2994 2718 3064 λόγον
2762 2994 2860 3065 τῆς
2903 2995 3133 3058 πίστεως
3182 2992 3532 3064 τραχύνοντες

465 3103 520 3149 et
574 3090 875 3162 expeditam
913 3086 1034 3142 ﬁdei
1056 3083 1450 3139 institutionem
1474 3091 1895 3150 exasperantes;
1929 3081 2020 3134 sed

2124 3085 2487 3158 τραχοῦντες],
2520 3084 2656 3140 ἀλλὰ
2695 3085 2889 3155 μᾶλλον
2926 3083 3277 3156 ἐργαζώμεθα
3304 3083 3363 3137 τὸ
3393 3083 3553 3155 ἔργον
3584 3085 3698 3155 τῆς

468 3184 641 3253 magis
693 3183 747 3235 in
797 3180 850 3234 id
899 3177 1306 3238 incumbamus,
1348 3182 1407 3227 ut
1466 3170 1842 3227 tideioi‘ﬁeium
1889 3186 2025 3240 pra:—

467 3285 702 3338 stemus,
739 3286 927 3342 pacem
961 3283 1239 3331 amemus,
1272 3263 1617 3320 concordiam
1648 3262 2021 3331 praeferamus,

468 3365 729 3421 unitatem
778 3358 1182 3423 custodiamus,
1228 3355 1545 3411 charitatem
1616 3354 1892 3416 colamus,
1929 3369 2024 3423 per

472 3471 635 3528 quam
663 3456 907 3524 placatur
934 3449 1096 3504 Deus.

539 3547 605 3602 Et
632 3542 1085 3616 quemadmodum
1112 3548 1355 3594 nostrum
1391 3546 1596 3593 nonest
1617 3535 1753 3591 scire
1791 3544 2023 3604 tempora

471 3650 562 3696 aut
594 3646 879 3701 momenta,
918 3649 1035 3704 qua:
1062 3631 1223 3686 Pater
1248 3632 1423 3701 posuit
1455 3631 1510 3681 in
1543 3646 1640 3683 sua
1667 3636 1921 3695 potestate
1941 3628 2019 3694 τις

469 3729 688 3787 credere
709 3732 888 3780 autem
923 3731 1167 3793 oportet,
1200 3720 1363 3774 ﬁnem
1389 3717 1507 3773 fore
1534 3717 1697 3787 hujus
1731 3717 2017 3786 temporis,

469 3831 523 3877 et
552 3819 719 3875 futuri
771 3816 950 3872 saeculi
993 3812 1420 3877 inchoationem,
1444 3819 1498 3864 et
1514 3809 1704 3880 judicii
1735 3808 2020 3863 revelatio-

470 3926 617 3977 nem,
651 3918 705 3964 et
731 3905 853 3962 Filii
896 3905 989 3959 Dei
1032 3903 1341 3967 adventum,
1381 3910 1436 3955 et
1459 3916 1681 3971 operum
1712 3900 2022 3955 retributio—

469 4016 618 4067 nem,
650 4008 703 4054 et
734 3998 883 4069 regni
915 3996 1174 4051 cwlorum
1222 3993 1621 4058 haereditatem;
1665 3992 1744 4047 sic
1774 4004 2018 4048 nostrum

469 4108 579 4147 non
610 4099 695 4146 est
716 4089 889 4155 scire,
917 4086 1191 4157 quomodo
1224 4082 1393 4137 Filius
1420 4080 1513 4136 Dei
1542 4081 1717 4138 factus
1739 4084 1810 4137 sit
1834 4084 2015 4139 homo.

468 4182 606 4238 Nam
630 4180 942 4255 mysterium
974 4179 1076 4232 hoc
1102 4186 1356 4244 magnum
1387 4182 1488 4234 est,
1518 4180 1575 4226 ut
1626 4171 1905 4243 Scriptura
1943 4182 2019 4228 te-

469 4285 644 4334 statur
668 4276 713 4306 "
750 4292 766 4330 :
799 4272 1191 4328 Generationem
1211 4268 1320 4338 ejus
1345 4267 1461 4337 quis
1490 4265 1755 4320 enarrabit
1773 4267 1863 4321 7"?
1890 4284 2019 4337 quo-

470 4369 616 4423 niam
653 4365 916 4418 tolletura
954 4371 1093 4415 terra
1136 4361 1244 4414 vita
1287 4358 1398 4427 ejus
1420 4359 1484 4412 ⁷³.
1542 4356 1647 4412 Sed
1693 4359 2018 4415 credendum

2124 3179 2374 3241 πίστεως,
2396 3176 2493 3248 τὴν
2512 3162 2729 3248 εἰρήνην
2751 3177 3142 3251 ἀγαπήσωμεν,
3168 3177 3266 3247 τὴν
3289 3177 3538 3247 ὁμόνοιαν
3568 3178 3702 3232 ἑπι-

2120 3265 2447 3338 δειξώμεθα,
2506 3266 2602 3337 τὴν
2659 3266 2882 3338 ἑνότητα
2940 3266 3280 3338 φυλάξωμεν,
3330 3268 3427 3339 τὴν
3465 3269 3701 3341 ἀγάπην

2120 3358 2542 3429 γεωργήσωμεν,
2573 3357 2639 3409 δι’
2672 3352 2738 3428 ἧς
2776 3358 3153 3430 εὐαρεστεῖται
3177 3358 3328 3423 Θεός.

2193 3538 2400 3608 Ὥσπερ
2437 3539 2532 3609 οὐχ
2566 3539 2719 3611 ήμῶν
2751 3541 2867 3593 ὲστι
2897 3541 2958 3593 τὸ
2988 3541 3187 3609 γνῶναι
3211 3544 3464 3611 χρόνους
3492 3543 3535 3612 ἦ
3560 3559 3702 3599 και-

2112 3629 2281 3697 ροὺς,
2320 3629 2425 3695 οὓς
2455 3634 2487 3684 ὁ
2512 3631 2712 3699 Πατὴρ
2750 3631 2913 3686 ἔθετο
2944 3632 3013 3685 ὲν
3039 3633 3105 3704 τῇ
3151 3632 3272 3701 ἰδίᾳ
3309 3633 3570 3701 ἐξουσίᾳ·
3603 3654 3705 3689 πι-

2122 3722 2340 3776 στεῦσαι
2361 3723 2417 3776 δὲ
2435 3723 2545 3787 δεῖ,
2578 3725 2658 3777 ὅτι
2687 3726 2876 3795 χρόνου
2911 3724 3059 3778 ἔσται
3088 3725 3257 3791 τέλος,
3284 3727 3375 3780 καὶ
3406 3727 3703 3798 μέλλοντος

2120 3813 2311 3878 αἰῶνος
2352 3815 2500 3868 ἔσται
2564 3816 2885 3887 φανέρωσις,
2925 3815 3017 3869 καὶ
3063 3817 3292 3891 κρίσεως
3327 3816 3697 3889 ἀποκάλυψις,

2119 3908 2213 3959 καί
2233 3907 2326 3960 τοῦ
2352 3907 2481 3960 Υἰοῦ
2508 3906 2641 3960 Θεοῦ
2668 3906 2955 3979 παρουσία,
2996 3908 3089 3960 καὶ
3116 3908 3289 3979 ἔργων
3313 3910 3697 3977 ἀνταπόδοσις,

2120 3998 2214 4051 καὶ
2245 3997 2488 4069 οὐρανῶν
2521 3997 2792 4068 βασιλείας
2819 3998 3164 4071 κληρονομία·
3199 3998 3367 4063 οὕτως
3390 4000 3491 4072 οὐχ
3526 4000 3695 4071 ἡμῶν

2118 4086 2317 4155 γνῶναι
2345 4087 2404 4140 τὸ
2440 4086 2556 4152 πῶς
2591 4090 2619 4141 6
2653 4088 2779 4153 Υἱὸς
2820 4089 2912 4142 τοῦ
2945 4089 3076 4142 Θεοῦ
3117 4090 3333 4158 γέγονεν
3377 4088 3695 4161 ἄνθρωπος·

2117 4181 2178 4233 τὸ
2204 4180 2310 4253 γὰρ
2340 4182 2631 4253 μυστήριον
2653 4181 2808 4234 τοῦτο
2831 4181 2971 4253 μέγα
2999 4181 3132 4247 ἐστὶ,
3159 4180 3340 4244 καθὼς
3358 4181 3696 4258 γέγραπται,

2120 4276 2352 4346 ὅτι,Τὴν
2373 4273 2583 4341 γενεὰν
2610 4273 2793 4327 αὑτοῦ
2826 4274 2915 4340 τίς
2944 4272 3319 4344 διηγήσεται;
3351 4272 3441 4326 ὅτι
3463 4274 3697 4343 αἴρεται

2119 4364 2237 4422 ἀπὸ
2265 4363 2375 4433 τῆς
2396 4363 2509 4433 γῆς
2537 4365 2575 4431 ἠ
2609 4363 2718 4432 ζωὴ
2741 4363 2942 4418 αὐτοῦ.
2979 4363 3136 4417 Ἀλλά
3165 4364 3447 4418 πιστεῦσαι
3476 4365 3573 4430 δεῖ,
3606 4366 3699 4419 ὅτι

471 4469 554 4515 est
602 4457 798 4511 Filium
842 4454 935 4508 Dei
971 4453 1172 4507 factum
1226 4466 1348 4507 esse
1392 4450 1666 4505 hominem
1716 4451 2019 4505 secundum

2124 4460 2152 4511 6
2181 4456 2306 4519 Υἱὸς
2334 4454 2425 4507 τοῦ
2455 4453 2587 4508 Θεοῦ
2612 4453 2823 4523 ἐγένετο
2850 4454 3128 4526 ἄνθρωπος
3157 4457 3295 4509 κατά
3312 4456 3410 4520 τὰς
3443 4456 3694 4527 Γραφάς,

475 4550 820 4620 Scripturas;
854 4555 910 4600 et
940 4546 996 4599 in
1032 4554 1172 4599 terra
1220 4543 1430 4609 visum,
1478 4552 1682 4598 etcum
1710 4542 2025 4599 hominibus

472 4650 851 4699 conversatum
877 4652 995 4692 esse
1016 4677 1030 4700 ,
1057 4646 1116 4691 ut
1154 4650 1322 4691 sacra:
1345 4634 1560 4693 Litterae
1583 4634 1808 4703 docent;
1836 4650 2028 4690 secun-

473 4736 604 4792 dum
635 4730 1041 4787 similitudinem
1060 4770 1074 4793 ,
1103 4728 1307 4797 absque
1334 4736 1557 4797 peccato
1576 4768 1592 4794 ,
1636 4742 1840 4798 proque
1869 4727 2027 4782 nobis

474 4835 749 4885 mortuum
799 4838 955 4887 esse,
993 4831 1048 4876 et
1082 4821 1441 4876 resurrexisse
1470 4836 1537 4874 ex
1584 4820 1846 4887 mortuis,
1890 4820 2030 4874 sicut

475 4919 738 4988 scriptum
753 4915 893 4971 est"
915 4924 1001 4980 ;et
1021 4914 1075 4967 in
1101 4913 1265 4968 caelos
1295 4923 1632 4982 assumptum
1650 4928 1788 4979 esse,
1815 4912 2029 4967 sedere-

476 5025 581 5079 que
620 5009 674 5063 in
697 5007 921 5062 dextera
944 5003 1120 5058 Patris
1135 5004 1201 5067 ⁷⁷,
1227 5004 1352 5057 inde
1372 5011 1660 5059 venturum
1685 5002 1932 5071 judicare
1947 4999 2028 5054 vi-

476 5117 575 5156 vos
602 5110 655 5156 et
679 5106 940 5164 mortuos,
972 5106 1032 5151 ut
1054 5096 1330 5165 Scriptura
1362 5094 1618 5159 tradit";
1649 5110 1716 5146 ne
1738 5133 1750 5155 ,
1788 5092 1916 5146 dum
1946 5092 2029 5144 in-

476 5201 559 5247 ter
614 5207 712 5245 nos
744 5188 924 5246 verbis
955 5187 1332 5257 digladiamur,
1377 5185 1750 5254 blasphement
1808 5183 2028 5252 quidam

462 5268 779 5337 ’doctrinam
828 5281 1046 5347 ﬁdei";
1092 5278 1408 5347 eveniatque
1459 5275 1589 5329 illud
1625 5293 1638 5327 :
1674 5273 1900 5343 Propter
1932 5291 2031 5330 vos

483 5370 873 5441 blasphematur
895 5388 1078 5426 nomen
1106 5385 1273 5422 meum
1304 5384 1502 5437 semper
1532 5368 1584 5419 iu
1621 5365 1860 5435 gentibus
1889 5366 1957 5419 ⁸ο.

555 5618 595 5648 ⁸⁷
631 5615 793 5671 Marc.
830 5635 867 5682 ι,
912 5618 963 5672 9.
1040 5618 1085 5649 ⁸⁸
1125 5617 1313 5673 Matth.
1359 5634 1430 5682 tv,
1459 5617 1508 5671 1.
1585 5616 1805 5673 "Joan.
1846 5635 1958 5683 xw,
1991 5619 2020 5672 5

2151 5619 2196 5650 "
2246 5618 2401 5673 Rom.
2429 5636 2479 5673 v.

2127 4548 2220 4600 καὶ
2247 4548 2327 4600 ὅτι
2370 4545 2463 4598 ἐπὶ
2505 4544 2602 4615 τῆς
2645 4545 2748 4616 γῆς
2778 4544 2950 4615 ὤφθη,
2978 4545 3197 4609 καὶτοῖς
3236 4545 3543 4619 ἀνθρώποις
3571 4564 3699 4601 συν-

2128 4637 2440 4710 ανεστράφη
2480 4638 2619 4691 κατά
2645 4637 2742 4702 τὰς
2769 4636 3014 4709 Γραφάς,
3038 4637 3159 4690 καθ’
3195 4638 3501 4710 ὁμοιότητα,
3520 4640 3695 4711 χωρὶς

2129 4731 2418 4802 ἁμαρτίας,
2454 4731 2547 4784 καὶ
2570 4730 2649 4783 ὅτι
2671 4730 2935 4783 ἀπέθανεν
2967 4730 3106 4801 ὑπὲρ
3142 4729 3316 4801 ήμῶν,
3364 4731 3459 4782 καὶ
3492 4731 3697 4803 ἀνέστη

2131 4826 2195 4877 ὲκ
2225 4824 2450 4894 νεκρῶν,
2490 4822 2667 4887 καθὼς
2715 4822 3036 4896 γέγραπται,
3078 4823 3172 4876 καὶ
3201 4824 3283 4876 ὅτι
3314 4822 3394 4886 είς
3427 4823 3697 4892 οὐρανοὺς

2131 4914 2401 4986 ἀνελήφθη
2424 4913 2778 4987 [ἀνελήλυθε],
2803 4914 2895 4968 καὶ
2920 4913 3167 4968 ἐκάθισεν
3191 4916 3247 4967 ὲν
3282 4908 3430 4985 δεξιᾷ
3457 4914 3549 4967 τοῦ
3583 4915 3698 4967 Πα-

2132 5006 2279 5077 τρὸς,
2311 5005 2429 5059 ὅθεν
2474 5006 2591 5077 ἥξει
2636 5009 2811 5078 κρῖναι
2850 5003 3058 5070 ζῶντας
3100 5006 3194 5058 καὶ
3230 5007 3474 5077 νεκροὺς,
3510 5003 3697 5069 καθὼς

2132 5097 2455 5168 γέγραπται,
2482 5099 2553 5169 μή
2577 5113 2705 5150 ποτε
2727 5096 2880 5168 ἡμῶν
2903 5096 3344 5167 λογομαχούντων
3376 5096 3511 5167 πρὸς
3536 5095 3699 5166 ἀλλή-

2134 5186 2255 5251 λους
2286 5187 2707 5260 βλασφημήσωσί
2731 5205 2872 5252 τινες
2895 5188 2982 5241 τὸν
3011 5188 3107 5258 τῆς
3137 5186 3369 5251 πίστεως
3391 5187 3566 5255 λόγον,
3596 5188 3698 5239 καὶ

2132 5282 2327 5354 ἐπέλθῃ
2373 5282 2433 5334 τὸ
2460 5281 2759 5351 εἰρημένον·
2791 5282 2865 5333 Δι’
2894 5281 3037 5352 ὑμᾶς
3074 5279 3140 5333 τὸ
3176 5278 3360 5349 ὄνομά
3412 5297 3530 5348 μου

2132 5374 2239 5428 τοῦ
2257 5373 2426 5445 Θεοῦ]
2441 5374 2763 5440 διαπαντὸς
2776 5373 3217 5443 ,βλασφημεῖται
3239 5371 3309 5426 ἐν
3326 5371 3447 5438 τοῖς
3466 5372 3695 5426 ἔθνεσι.

2578 5617 2810 5674 “lCor.
2842 5637 2930 5676 xv.
3004 5619 3172 5674 "Act.
3196 5635 3236 5687 ι,
3274 5619 3324 5671 7.
3392 5618 3465 5687 7"
3498 5616 3695 5677 lTim.

483 5702 567 5742 ιιι.
641 5688 689 5759 if
713 5686 956 5759 l_Sa._LIll,
984 5688 1037 5743 8.
1110 5690 1156 5719 ⁷⁸
1185 5692 1301 5744 Act.
1346 5704 1510 5759 Διἰιι,
1536 5688 1625 5743 55.
1701 5689 1745 5721 ⁷⁸
1769 5686 2004 5747 Barucb.

2124 5703 2151 5755 ι,
2185 5689 2290 5758 58;
2351 5688 2511 5745 Hebr.
2546 5705 2621 5758 1v,
2654 5691 2819 5759 15;"
2870 5692 3009 5747 Tim.
3044 5706 3104 5755 ιι,
3134 5689 3186 5745 8.
3264 5688 3311 5722 "
3354 5686 3519 5744 Marc.
3573 5706 3693 5758 an,

486 5760 573 5813 19.
648 5755 696 5787 τε
720 5756 760 5807 ll
795 5756 932 5813 Tim.
969 5773 1041 5826 tv,
1077 5759 1127 5812 1.
1176 5760 1247 5833 _"
1298 5756 1480 5813 lTim.
1508 5760 1653 5826 νι,1.
1704 5760 1777 5835 ᾏ⁸⁰
1812 5760 1915 5816 lsa.
1946 5776 2040 5826 ιιι,
2068 5760 2120 5814 5.
