3938 6282
264 294 403 350 1137

1447 297 1861 361 DISPUTATIO
1900 306 1987 361 DE
2026 306 2262 364 ANIMA.

3344 326 3480 383 1139

290 455 3460 513 Ἥι-εψ

1011 623 1235 709 ΤΟΥ
1305 626 1449 713 ΕΝ
1501 626 1862 714 ΑΓΙΟΙΣ
1925 624 2353 717 ΠΑΤΡοὲ
2413 630 2736 721 ΗΜΩΝ

1400 819 2364 956 ΓΡΗΓΟΡΙΟΥ

571 1038 966 1098 ΕΠῙΣΚΟΠΟΥ
992 1042 1127 1097 ΤΗΣ
1150 1044 1692 1101 ΝΕΟΚΑΙΣΑΡΕῙΔΣ
1718 1048 2015 1119 ΠΟΝΤΟΥ,
2043 1053 2405 1128 ΕΠΩΝΥΜΙᾼ
2432 1057 2571 1113 ἸῖΟΥ
2593 1058 3166 1132 ΘΑΥΜΔΤΟΥΡΓΟΥ,

1262 1211 1671 1328 ΠΡΟΣ
1724 1217 2501 1339 ΤΑΤΙΑΝΟΝ

884 1433 1136 1520 ΠΕΡΙ
1182 1435 1574 1522 ΨΥΧΗΣ
1628 1433 1987 1524 ΛΟΓΟΣ
2037 1438 2818 1532 ΚΕΦΑΛΑΙΩΔΗΣ

1146 1790 1559 1883 SANCTI
1637 1791 2059 1884 PATRIS
2129 1793 2563 1889 NOSTRI

1483 2004 2236 2138 GREGORII

749 2237 1056 2296 ΕΡιδεοΡι
1102 2238 1437 2297 ΝΕΟΟᾹΞΞΑ
1449 2242 1606 2299 ΒΕᾸΞ
1652 2244 1801 2300 ΡΟΝ¹

1945 2246 2411 2305 COGNOMENTO
2465 2249 2989 2321 THAUMATURGI,

651 2512 656 2516 _
1432 2415 1580 2502 AD
1654 2415 2287 2510 TATIANUM

542 2631 720 2746 DE
805 2628 1256 2746 ANIMA
1331 2630 1597 2742 PER
1680 2626 2205 2776 CAPITA
2289 2631 3203 2750 DISPUTATIO.

915 2851 987 2915 (Β.
1019 2851 1167 2915 Cres.
1186 2849 1347 2901 Neoc.
1368 2850 1550 2914 Opera,
1577 2851 1659 2900 ed.
1690 2851 1804 2901 Ger.
1827 2851 2009 2913 Vossii,
2037 2851 2378 2915 Paris.,1622,
2401 2856 2452 2903 in
2476 2853 2583 2915 [0].,
2616 2868 2668 2917 p.
2691 2852 2794 2918 l2.)

313 3154 419 3209 Τὸν
442 3134 570 3226 περὶ
594 3153 771 3226 ψυχῆς
796 3169 877 3208 σοι
915 3153 1070 3221 λόγον
1102 3155 1390 3218 ἐκέλευσας
1421 3156 1573 3226 ἡμῖν,
1601 3147 1646 3208 ὦ
1669 3154 1799 3207 θαυ-

1971 3150 2210 3213 Jussisti,
2245 3149 2690 3220 prmstantissime
2718 3147 2962 3216 Tatiane,
2989 3158 3050 3206 ut
3072 3167 3196 3207 cum
3230 3152 3466 3211 elﬁcaci-

243 3247 408 3317 μάσιε
428 3246 678 3310 Τατιανὲ,
733 3246 847 3317 μετ’
895 3247 1224 3319 ὲνεργουσὼν
1265 3246 1590 3320 ἀποδείξεων
1614 3246 1800 3317 διαχα-

242 3336 469 3408 ράξασιν
515 3337 848 3393 ἀποστεῖλαι·
903 3339 999 3393 καὶ
1039 3338 1213 3394 ταῦτα
1256 3339 1438 3409 ἠξίους
1485 3342 1675 3404 ποιεῖν,
1724 3337 1799 3411 μὴ

237 3428 364 3490 ταῖς
412 3426 520 3479 τῶν
565 3426 796 3498 Γραφῶν
847 3428 1170 3502 μαρτυρίαις
1214 3411 1626 3500 χρησαμένους·
1664 3431 1800 3503 ὅπερ

238 3514 357 3569 ἐστι
379 3532 438 3569 τε
464 3517 557 3570 καὶ
599 3520 710 3581 τοῖς
755 3518 993 3583 εὐσεϐῶς
1037 3521 1249 3590 φρονεῖν
1296 3517 1563 3572 ἐθέλουσιν
1598 3518 1801 3590 ἀληθὴς

237 3606 497 3677 τυγχάνει
554 3608 868 3663 διδασκαλία
914 3611 1117 3674 παντὸς
1155 3609 1493 3682 ἀνθρωπίνου
1538 3609 1797 3682 λογισμοῦ

238 3692 756 3773 ἀποδεικτικωτέρα·
798 3701 933 3775 ἔφης
978 3702 1086 3774 γὰρ
1135 3702 1208 3774 μὴ
1273 3704 1410 3775 πρὸς
1449 3703 1547 3776 τὴν
1606 3704 1798 3759 ἑαυτοῦ

242 3786 614 3860 πληροφορίαν
662 3789 821 3846 τοῦτο
883 3793 1178 3864 ἐπιζητεῖν,
1235 3795 1661 3866 πεπαιδευμένος
1699 3796 1798 3867 ήδη

236 3882 361 3944 ταῖς
383 3879 555 3944 θείαις
582 3883 931 3954 προσανέχειν
952 3884 1194 3956 Γραφαῖς
1215 3885 1310 3940 καὶ
1334 3886 1679 3957 παραδόσεσι,
1708 3889 1800 3941 καὶ

240 3972 319 4045 μὴ
341 3977 604 4046 στροφαῖς
647 3975 754 4029 τῶν
794 3976 1142 4048 ἀνθρωπίνων
1184 3978 1354 4049 λόγων
1402 3980 1665 4035 δονεῖσθαι
1702 3982 1800 4054 τὴν

236 4065 499 4120 διὰνοιαψ
564 4065 701 4121 ἀλλὰ
737 4067 873 4139 πρὸς
910 4070 1219 4143 ἀνατροπὴν
1275 4073 1372 4144 τῆς
1413 4072 1522 4126 τῶν
1564 4073 1800 4146 ἑτεροδό-

239 4157 349 4223 ξων
369 4157 611 4234 γνώμης,
654 4160 703 4213 οἳ
728 4161 1006 4216 πείθεσθαι
1028 4164 1145 4227 ταῖς
1179 4163 1422 4235 Γραφαῖς
1465 4166 1565 4217 οὐκ
1591 4166 1807 4235 ἀνέχον-

236 4266 353 4303 ται*
377 4249 639 4323 δεινότητι
682 4252 739 4306 δέ
780 4270 884 4308 τινι
934 4254 1278 4325 περιτρέπειν
1317 4257 1441 4320 τοὺς
1484 4256 1671 4327 ἀήθεις
1693 4256 1801 4309 τῶν

238 4340 497 4397 τοιούτων
523 4343 691 4412 λόγων
740 4347 1050 4417 πειρῶνται.
1094 4348 1185 4401 Διὸ
1231 4350 1459 4419 ἑτοίμως
1500 4350 1799 4404 ὑπακοῦσαι

232 4435 376 4507 τῷδε
430 4435 505 4507 σῷ
526 4437 854 4508 ὲπιτάγματι
878 4439 1243 4511 προήχθημεν,
1274 4441 1436 4511 μηδὲν
1484 4442 1802 4495 ὑποστειλά-

242 4502 394 4597 μένοι
553 4502 767 4598 ἄπειροι
807 4502 1162 4597 τῆςποιάσδε
1198 4502 1541 4602 κατα-σκευῆς
1580 4531 1686 4586 τῶν
1709 4532 1797 4586 λό-
1834 4502 1872 4556 Β

237 4635 374 4687 γων,
414 4617 548 4671 ἀλλά
570 4620 634 4689 τῇ
661 4621 729 4691 σῇ
754 4620 882 4692 περὶ
907 4620 1050 4690 ἡμᾶς
1071 4621 1251 4692 εὐνοίᾳ
1276 4621 1641 4695 θαρρήσαντες
1665 4643 1676 4655 ⁸
1708 4629 1800 4680 καὶ

239 4708 350 4782 γὰρ
378 4705 526 4774 οἶδας
548 4710 583 4764 ἃ
631 4711 731 4783 μὲν
766 4711 943 4775 καλῶς
981 4711 1123 4782 ἔχειν
1157 4712 1485 4785 δοκιμάζεις,
1508 4716 1676 4769 ταῦτα
1720 4719 1799 4781 είς

238 4801 301 4853 τὸ
344 4802 522 4855 κοινὸν
573 4803 900 4875 προτιθέναι’
961 4803 1030 4858 τά
1074 4804 1131 4858 δὲ
1188 4805 1403 4860 ἔλαττον
1450 4807 1544 4861 τοῦ
1588 4809 1798 4875 δέοντος

238 4892 499 4948 δοκοῦντα
521 4895 790 4966 εἰρῆσθαι,
834 4894 1005 4951 ταῦτα
1045 4898 1383 4969 παρέπεσθαι
1411 4898 1505 4953 καὶ
1551 4901 1795 4973 ἀποκρύ-

240 4986 488 5043 πτεσθαι.
539 4986 772 5059 ἑκάτερα
816 4990 994 5062 χάριτι
1037 4992 1102 5061 τῇ
1148 4990 1284 5061 πρὸς
1323 4993 1470 5063 ἡμᾶς
1512 4994 1603 5047 καὶ
1650 4995 1799 5068 φιλίᾳ

239 5077 432 5131 ποιῶν.
460 5077 644 5134 Ταῦτα
667 5075 759 5134 οὖν
786 5080 958 5147 εἰδὼς,
1006 5081 1142 5152 μετά
1202 5083 1380 5155 πάσης
1426 5086 1797 5157 πεποιθήσεως

237 5170 505 5242 ὡρμήθην
532 5172 626 5228 ἐπὶ
662 5172 759 5243 τὴν
804 5172 1033 5229 ἔκθεσιν.
1084 5176 1382 5248 Ποιήσομαι
1416 5175 1472 5230 δὲ
1492 5178 1583 5230 τὸν
1644 5178 1798 5247 λόγον

238 5262 391 5331 τάξει
418 5266 525 5319 τινὶ
545 5265 637 5319 καὶ
661 5265 947 5338 ἀκολουθίᾳ
982 5267 1341 5340 χρησάμενος,
1384 5269 1559 5341 ἤνπερ
1609 5272 1700 5324 καὶ
1746 5273 1795 5324 οί

239 5357 371 5430 περὶ
393 5356 562 5410 ταῦτα
584 5357 744 5411 δεινοὶ
764 5360 1164 5431 κατεχρήσαντο
1189 5360 1324 5432 πρὸς
1354 5362 1476 5424 τοὺς
1510 5362 1796 5434 ἐπιστημό-

240 5464 347 5511 νως
384 5446 563 5519 ζητεῖν
587 5465 638 5500 τι
662 5447 962 5512 ἐθέλοντας.

312 5717 532 5785 Πρῶτον
556 5720 655 5793 μὲν
696 5716 787 5775 οὖν
827 5720 1075 5777 ἁπάντων
1101 5721 1458 5798 ὑποθήσομαι,
1486 5730 1589 5781 τίνι
1614 5745 1796 5803 κριτη-

1899 3244 2003 3299 bus
2044 3243 2382 3314 argumentis
2417 3243 2532 3297 sive
2563 3241 3121 3300 demonstrationibus
3152 3260 3459 3303 sermonem

1903 3345 2065 3405 atque
2088 3334 2509 3403 disputationem
2537 3333 2603 3388 de
2627 3334 2804 3388 anima
2834 3336 2931 3390 tibi
2952 3336 3315 3407 conscriptam
3338 3339 3465 3395 mit-

1900 3435 2089 3488 terem,
2149 3440 2321 3494 eaque
2366 3425 2419 3477 in
2454 3438 2513 3478 re
2540 3423 2703 3479 nullis
2738 3423 3137 3495 Scripturarum
3182 3437 3363 3483 uterer
3384 3438 3466 3484 te-

1900 3517 2201 3582 stimoniis;
2257 3532 2377 3586 quae
2403 3517 2619 3586 quidem
2648 3516 2870 3572 docendi
2897 3518 3059 3585 ratio,
3089 3519 3195 3575 etsi
3222 3536 3346 3576 vera
3370 3522 3461 3587 sit,

1900 3619 1954 3666 et
1983 3611 2089 3665 illis
2119 3610 2212 3680 qui
2239 3610 2326 3679 pie
2356 3609 2557 3664 sentire
2582 3610 2767 3675 velint,
2802 3611 2995 3681 quavis
3027 3612 3266 3670 humana
3293 3615 3463 3669 ratio-

1902 3701 2172 3756 cinatione
2198 3701 2394 3755 certior
2413 3709 2466 3755 et
2489 3700 2557 3755 ad
2581 3701 2916 3771 probandum
2941 3702 3149 3771 aptior;
3190 3705 3284 3759 sed
3314 3706 3461 3759 enim

1901 3790 1952 3844 id
1997 3806 2027 3845 a
2069 3806 2157 3846 me
2197 3792 2278 3846 sic
2319 3791 2433 3845 lieri
2475 3791 2663 3860 cupis,
2708 3808 2815 3846 non
2855 3804 2915 3847 ut
2961 3794 3055 3848 tibi
3090 3794 3205 3863 ipse
3255 3796 3465 3851 satisfa-
3558 3862 3563 3867 ί

1902 3884 2015 3937 cias
2036 3923 2050 3948 ,
2105 3882 2303 3952 quippe
2352 3883 2443 3952 qui
2466 3882 2581 3953 jam
2612 3883 2683 3937 ita
2713 3883 2791 3938 sis
2814 3885 3146 3953 instructus,
3179 3897 3239 3941 ut
3264 3888 3461 3944 divinis

1900 3981 1955 4028 et
1978 3971 2193 4043 Scripta
2204 3973 2280 4029 ris
2305 3982 2358 4028 et
2384 3974 2770 4029 traditionibus
2794 3983 2956 4045 atque
2980 3976 3460 4036 constitutionibus

1903 4063 2206 4129 adhazreas,
2262 4076 2439 4132 neque
2470 4061 2594 4117 ullis
2625 4062 2880 4117 humanis
2906 4063 3209 4118 rationibus
3238 4063 3305 4118 de
3331 4081 3458 4120 sen-

1904 4155 2067 4210 tentia
2095 4154 2357 4209 dimoveri
2390 4165 2442 4210 te
2468 4156 2650 4221 sinas;
2702 4156 2795 4211 sed
2835 4156 2900 4211 ad
2940 4171 3036 4212 eos
3060 4159 3460 4214 convincendos

1900 4250 1994 4319 qui
2029 4249 2183 4303 aliter
2229 4248 2491 4314 sentiunt,
2538 4256 2593 4304 et
2620 4248 2913 4318 Scripturis
2940 4249 3139 4305 divinis
3163 4251 3322 4306 ﬁdem
3358 4253 3458 4307 ha-

1900 4340 2027 4396 bere
2072 4341 2298 4406 nolunt,
2351 4342 2582 4412 quadam
2631 4348 2809 4396 autem
2855 4341 3154 4398 disserendi
3199 4343 3458 4400 facultate

1900 4428 2148 4486 homines
2195 4430 2655 4501 disputationibus
2712 4430 2980 4501 ejusmodi
3032 4433 3173 4487 haud
3209 4444 3458 4491 assuetos

1902 4520 2299 4577 circumvenire
2331 4538 2394 4577 ac
2427 4521 2615 4577 fallere
2648 4522 2918 4579 nituntur.
2957 4523 3167 4589 Quibus
3193 4527 3458 4581 adductus

1903 4628 2023 4667 sum
2057 4614 2384 4681 rationibus,
2406 4623 2467 4669 ut
2496 4629 2602 4668 non
2624 4655 2638 4677 ,
2673 4615 2819 4669 velut
2844 4616 3022 4685 aliqua
3046 4615 3334 4673 deterritus
3357 4619 3459 4673 im-

1900 4704 2127 4772 peritia,
2164 4704 2303 4760 hanc
2333 4705 2707 4760 tractationem
2753 4708 3204 4778 subterfugerim;
3240 4710 3333 4764 sed
3366 4719 3457 4763 tua

1900 4795 1956 4848 in
1986 4810 2072 4849 me
2098 4795 2340 4851 conlisus
2365 4796 2763 4862 benevolentia,
2790 4807 2896 4853 tua:
2919 4799 3221 4869 promptius
3250 4814 3454 4854 morem

1898 4886 2155 4956 gesserim
2177 4887 2411 4957 jussioni
2444 4904 2509 4943 ac
2530 4889 2830 4944 voluntati:
2856 4891 2996 4945 nosti
3018 4891 3212 4944 etenim
3241 4904 3338 4959 pro
3366 4900 3456 4944 tua

1900 4978 1955 5032 in
1988 4994 2075 5034 me
2104 4980 2434 5049 benignitate
2456 4991 2617 5050 atque
2642 4982 2900 5045 amicitia,
2920 4997 3039 5053 quae
3060 4982 3311 5051 praeclara
3336 4996 3458 5036 esse

1899 5084 2119 5135 censes,
2150 5086 2214 5125 ea
2239 5070 2295 5124 in
2323 5084 2673 5141 conspectum
2708 5074 2986 5127 hominum
3026 5073 3309 5141 lucemque
3331 5088 3459 5142 pro-

1898 5159 2073 5227 ferre;
2104 5175 2226 5230 quas
2253 5171 2431 5216 autem
2460 5164 2640 5219 minus
2664 5174 2809 5219 recte
2835 5164 2976 5219 dicta
3004 5179 3123 5218 esse
3148 5164 3454 5229 videantur,

1897 5265 1959 5306 ea
1983 5251 2328 5308 dissimulare
2362 5263 2522 5323 atque
2549 5266 2850 5325 contegere.
2902 5255 3080 5321 Quare
3109 5256 3223 5309 haec
3255 5256 3454 5324 sciens,

1900 5345 2156 5400 audacter
2180 5361 2267 5399 me
2299 5347 2365 5401 ad
2394 5348 2735 5403 scribendum
2766 5349 2988 5403 contuli.
3027 5348 3101 5403 Ea
3129 5365 3256 5404 vero
3283 5350 3457 5405 disse-

1899 5437 2052 5490 rendi
2081 5436 2288 5491 ratione
2319 5447 2373 5492 et
2400 5438 2589 5492 ordine
2616 5447 2754 5501 utar,
2781 5455 2887 5507 qua
2913 5448 2967 5495 et
2995 5439 3093 5506 illi,
3116 5441 3209 5510 qui
3238 5455 3327 5496 res
3353 5440 3457 5494 hu-

1894 5525 2132 5595 iusmodi
2153 5528 2496 5598 proﬁtentur,
2526 5528 2758 5584 scienter
2783 5545 2845 5585 ac
2863 5530 3033 5601 perite
3058 5532 3453 5603 investigando,

1897 5617 1975 5672 uti
2008 5618 2200 5675 solent.
2294 5652 2300 5659 ρ

1970 5733 2044 5789 Ac
2071 5733 2307 5807 primum
2337 5734 2551 5807 quidem
2586 5752 2881 5809 proponam
2903 5781 2917 5808 ,
2964 5756 3072 5812 quo
3099 5742 3302 5814 judicw
3338 5742 3453 5796 ani-
