3988 6200
574 301 708 361 H59

1198 305 1278 374 IS.
1318 303 1644 363 GREGORII
1683 303 2037 362 THAUMAT.
2076 302 2223 360 OPP.
2266 304 2442 361 PARS
2482 307 2773 366 ALTERA.
2814 342 2883 351 —
2922 311 3148 368 DUBIA.
3603 322 3710 378 illi)

573 435 660 474 ma
689 418 1006 474 naturaliter
1031 421 1415 489 comprehendi
1447 429 1644 491 queat;
1677 420 1901 485 deinde,
1939 419 2115 489 quibu:

2241 419 2339 490 ρίῳ
2365 419 2606 490 πέφυκεν
2642 423 2675 492 ή
2711 421 2855 494 ψυχή
2895 423 3398 495 καταλαμσάνεσθαι·
3450 431 3629 497 ἔπειτα,
3661 435 3709 489 δι’

573 511 878 566 rationibus
908 526 1030 567 esse
1064 512 1410 578 ostendatur;
1437 522 1550 566 tum
1577 511 1850 582 deinceps,
1879 511 2132 566 substan-

573 603 719 658 tiane
770 603 842 658 sit
883 617 950 657 an
983 603 1268 672 accidens;
1320 604 1514 662 deinde
1541 613 1932 675 consequenter
1956 645 1971 671 ,
2007 619 2132 661 cor-

572 706 744 762 pusne
768 691 838 746 sit
873 707 942 746 an
976 692 1328 763 incorporea;
1373 702 1632 764 praeterea
1658 734 1673 758 ,
1693 743 1712 762 ,
1734 693 2033 765 simplexne
2062 707 2132 750 an

571 782 906 853 composita;
941 791 1052 838 tum
1080 799 1292 848 rursus,
1339 784 1657 840 mortalisne
1683 799 1754 839 an
1775 784 2128 852 immortalis;

571 882 844 944 postremo
875 884 1086 942 autem,
1117 875 1344 932 rationis
1376 877 1719 947 particepsne
1771 875 1843 932 sit
1878 891 1947 931 an
1985 876 2130 933 illius

569 982 784 1036 expers.

643 1053 767 1112 Haac
791 1056 936 1111 enim
961 1055 1016 1111 in
1053 1057 1414 1127 disputatione
1443 1059 1510 1114 de
1532 1059 1713 1114 anima
1735 1101 1749 1123 ,
1802 1067 1861 1113 ut
1896 1059 2132 1115 maxime

569 1145 822 1216 propria,
859 1155 913 1202 et
942 1147 1050 1201 vim
1082 1157 1244 1218 atque
1288 1157 1535 1204 naturam
1583 1149 1700 1220 ejus
1731 1149 1923 1206 melius
1948 1152 2130 1220 expri-

569 1237 792 1302 mentia,
825 1237 1025 1308 inquiri
1051 1240 1246 1295 solent.
1299 1240 1376 1294 Ad
1403 1255 1466 1295 ea
1495 1255 1677 1311 porro,
1718 1241 1786 1296 de
1810 1241 2009 1311 quibus
2042 1241 2130 1296 hic

570 1329 946 1385 disserendum
1001 1330 1142 1396 erit,
1192 1331 1468 1400 probanda
1511 1346 1574 1386 ac
1603 1331 2003 1398 conﬁrmanda,
2033 1347 2130 1402 pro

575 1420 1168 1487 demonstrationibus,
1218 1421 1532 1477 notionibus
1579 1422 1684 1476 illis
1718 1430 1930 1478 utemur
1977 1436 2128 1478 com-

569 1513 828 1569 munibus
854 1555 870 1580 ,
904 1529 1000 1584 per
1029 1530 1166 1584 quas
1195 1513 1358 1569 rebus
1395 1529 1519 1584 qua:
1557 1514 1808 1569 manibus
1832 1521 2128 1569 tractantur

569 1620 830 1662 assensus
860 1606 1169 1676 comparari
1192 1605 1346 1661 solet.
1388 1604 1671 1662 Brevitatis
1702 1621 1829 1662 vero
1855 1605 2129 1661 utilitatis-

2233 503 2307 566 ὧν
2337 512 2608 567 δείκνυται
2635 513 2969 586 ὑπάρχουσα·
3001 511 3100 570 εἷθ’
3121 516 3259 588 ἐξῆς,
3285 521 3332 574 εί
3351 520 3493 592 οὐσίᾳ
3507 527 3715 594 τυγχάνει

2231 598 2395 668 οὖσα,
2441 604 2475 673 ἢ
2533 605 2906 677 συμϐεϐηκόςο
2967 603 3084 662 εἶτα
3125 608 3325 674 τούτοις
3362 611 3645 681 ἀκολούθως,
3678 619 3716 670 εἰ

2233 694 2391 766 σῶμά
2413 696 2579 762 ἐστιν,
2607 695 2640 767 ἢ
2666 698 2973 769 ἀσώματοςο
3023 699 3243 766 ἔπειτα,
3291 705 3339 756 εί
3387 705 3585 778 ἀπλῆ,ἢ
3619 707 3718 762 σύν-

2231 783 2403 849 θετος’
2433 782 2532 839 εἶτ’
2567 783 2739 853 αὖθις,
2788 789 2835 841 εί
2889 789 3075 862 θνητὴ,
3113 792 3146 863 ἢ
3175 792 3444 860 ἀθάνατοςυ
3467 796 3717 851 τελευταῖον

2228 875 2305 944 δὲ,
2331 879 2378 931 εί
2401 877 2612 950 λογική,
2646 879 2680 950 ἦ
2708 879 2916 948 ἄλογος.

2300 1061 2480 1117 Ταῦτα
2505 1063 2612 1136 γάρ
2657 1062 2885 1134 μάλιστα
2918 1064 2976 1117 ἐν
3017 1063 3094 1134 τῷ
3137 1066 3265 1136 περὶ
3305 1064 3472 1136 ψυχῆς
3495 1061 3728 1136 ζητεῖσθαι

2228 1155 2384 1209 εἴωθε
2415 1155 2578 1225 λόγῳ,
2609 1154 2684 1218 ὼς
2711 1153 3019 1226 κυριώτατα
3055 1155 3148 1207 καὶ
3191 1155 3449 1227 δυνάμενα
3469 1156 3620 1227 αὐτῆς
3643 1157 3721 1229 τήν

2232 1243 2464 1314 ἰδιότητα
2508 1244 2945 1315 χαρακτηρίζειν.
3009 1245 3334 1310 Ἀποδείξεσι
3399 1245 3452 1300 δὲ
3492 1247 3610 1319 πρὸς
3644 1249 3721 1320 τήν

2226 1337 2334 1390 τῶν
2370 1336 2874 1408 ἐξετασθησομένων
2921 1336 3227 1408 βεϐαίωσιν,
3272 1342 3386 1404 ταῖς
3407 1343 3590 1405 κοιναῖς
3611 1358 3719 1412 χρη-

2229 1429 2430 1500 σόμεθα
2453 1427 2700 1492 ἐννοίαις,
2726 1423 2815 1492 αἷς
2834 1429 2895 1482 rb
2908 1428 3215 1496 ἀξιόπιστον
3241 1429 3308 1483 τά
3333 1431 3389 1484 ἐν
3413 1431 3555 1502 χερσὶ
3578 1431 3722 1503 πράγ-

2231 1539 2374 1594 ματα
2401 1523 2692 1593 μαρτυρεῖν
2723 1520 2951 1590 πέφυκε.
2979 1521 3279 1594 Συντομίας
3313 1522 3369 1578 δέ
3389 1524 3535 1596 χάριν
3557 1524 3724 1578 καὶτοῦ

2227 1613 2519 1685 χρησίμου.
2549 1612 2727 1683 μόνοις
2751 1613 2863 1674 τοῖς
2884 1611 3020 1684 πρὸς
3041 1612 3102 1667 τὸ
3137 1615 3430 1683 ἀναγκαῖον
3474 1614 3559 1668 τοῦ
3581 1615 3724 1686 ζητού·

569 1714 676 1769 que
703 1714 891 1764 causa,
928 1698 996 1754 iis
1027 1698 1290 1754 duntaxat
1313 1714 1458 1753 nunc
1485 1698 1988 1754 ratiocinationibus
2012 1706 2115 1754 ute-

2233 1704 2390 1775 μένου
2417 1703 2596 1774 έχουσι
2615 1705 2714 1775 τὴν
2745 1704 3035 1772 ἀπόδειξιν,
3058 1704 3126 1758 τὰ
3169 1703 3270 1760 νῦν
3309 1705 3602 1778 χρησόμεθα
3639 1705 3728 1761 συλ-

567 1763 713 1858 mur,
763 1807 884 1862 quae
910 1792 977 1846 ad
1005 1791 1424 1847 demonstranda
1457 1791 1568 1858 illa,
1623 1807 1854 1862 quorum
1887 1792 1947 1847 lit
1973 1792 2115 1846 inve-

2225 1763 2517 1867 λογισμοξςο
2535 1763 2682 1860 ὅπως
2702 1797 2846 1868 σαφῆ
2863 1814 2922 1850 τε
3063 1763 3438 1871 εύπαράδὲιὶτέι
3453 1763 3515 1852 τά
3527 1798 3726 1868 νοήματα

568 1883 816 1954 stigatio,
875 1883 1217 1952 potissimum
1262 1884 1468 1950 valent;
1519 1893 1580 1940 ut
1613 1883 1912 1940 manifestis
1937 1897 2124 1954 perce-

567 1983 771 2044 ptuque
809 1973 1146 2030 facilioribus
1189 1989 1371 2030 earum
1400 1975 1714 2030 notionibus
1740 1984 1901 2045 atque
1927 1975 2126 2044 proba-

567 2065 804 2122 tionibus
846 2065 1113 2132 instructi,
1166 2066 1526 2136 promptiores
1565 2081 1919 2122 occurramus
1964 2081 2125 2135 repu-

566 2155 874 2228 gnantibus.
901 2154 1038 2212 Hinc
1064 2157 1233 2228 igitur
1265 2157 1535 2212 sermonis
1558 2157 1727 2214 nostri
1752 2166 1914 2229 atque
1934 2156 2122 2228 dispu-

563 2249 786 2306 tationis
810 2250 1041 2306 ducatur
1067 2250 1410 2321 principium.

806 2340 924 2410 Quo
946 2344 1155 2414 judicio
1185 2343 1652 2414 comprehendatur
1678 2343 1874 2398 anima.

635 2432 676 2487 l.
718 2432 825 2490 Res
851 2449 1210 2505 quaecunque,
1247 2445 1340 2490 aut
1364 2450 1528 2491 sensu
1576 2442 1994 2505 cognoscuntur,
2030 2443 2124 2489 aut

561 2525 912 2596 intelligentia
933 2529 1484 2600 comprehenduntur.
1551 2525 1630 2581 Ex
1657 2525 1856 2596 quibus
1877 2525 2118 2596 quidem,

561 2635 684 2690 quae
712 2621 814 2676 sub
841 2636 1060 2677 sensum
1094 2621 1292 2676 cadunt
1315 2663 1330 2687 ,
1362 2621 1478 2691 ipso
1523 2636 1688 2676 sensu
1731 2618 1864 2675 satis
1894 2619 2119 2675 demon-

560 2721 840 2780 strantur;
873 2729 1000 2768 nam
1031 2714 1192 2769 simul
1210 2714 1478 2785 atqueille
1497 2716 1750 2770 admotus
1774 2714 1958 2783 fuerit,
1987 2715 2120 2770 sub-

554 2805 713 2876 jectze
745 2805 821 2862 rei
856 2806 1144 2875 imaginem
1177 2823 1240 2863 ac
1263 2807 1498 2879 speciem
1544 2809 1703 2864 nobis
1750 2818 2114 2880 repraesentat.

559 2899 692 2966 Quae
717 2913 841 2954 vero
866 2897 1220 2969 intelligentia
1251 2899 1783 2970 comprehenduntur
1803 2943 1819 2969 ,
1870 2917 1977 2956 non
2003 2901 2117 2971 ipsa

557 3005 623 3045 ex
655 3006 732 3058 se,
764 2989 858 3045 sed
886 3005 952 3044 ex
978 2989 1217 3060 ipsarum
1245 2989 1552 3045 actionibus
1580 2999 1742 3060 atque
1767 2990 1973 3046 effectis
2002 3005 2118 3058 per-

2223 1887 2502 1958 γενόμενα,
2531 1889 2850 1962 ἐτοιμότητά
2883 1907 3006 1944 τινα
3037 1891 3166 1961 ήμῖν
3211 1890 3487 1963 ἐμποιήσῃ
3517 1889 3635 1961 πρὸς
3652 1888 3727 1958 τήν

2222 1975 2329 2029 τῶν
2374 1976 2776 2048 ἀνθισταμένων
2833 1977 3151 2049 ἀπάντησιν.
3222 1975 3514 2050 Ἀρξόμεθα
3553 1971 3632 2032 οὖν
3655 1975 3728 2029 τοῦ

2222 2067 2376 2138 λόγου
2397 2067 2662 2124 ἐντεῦθεν.

2296 2351 2415 2406 Τίνι
2460 2349 2526 2404 τὸ
2559 2346 3000 2416 καταληπτικὴ
3029 2345 3336 2416 κριτήριον
3359 2344 3463 2415 τῆς
3481 2340 3676 2414 ψυχῆς.

2289 2441 2367 2494 A'.
2412 2439 2598 2493 Πάντα
2640 2437 2709 2492 τὰ
2755 2437 2918 2505 ὅντα,
2961 2437 2995 2509 ἢ
3039 2435 3294 2508 αἰσθήσει
3353 2432 3660 2506 γνωρίζεται,
3700 2429 3725 2499 ἢ

2219 2534 2399 2604 νοήσει
2427 2530 2914 2603 καταλαμϐάνεται.
2939 2528 3046 2583 Καὶ
3069 2527 3129 2582 τὸ
3156 2528 3265 2598 μὲν
3311 2527 3546 2597 αἰσθήσει
3570 2519 3726 2578 61:01:!-

2219 2643 2371 2690 πτον,
2398 2624 2585 2697 ἱκανὴν
2631 2624 2901 2690 ἀπόδειξιν
2940 2623 3052 2696 ἔχει
3091 2623 3191 2693 τὴν
3241 2619 3504 2692 αἴσθησινο
3532 2618 3634 2689 ἅμα
3648 2615 3728 2685 γὰρ

2216 2720 2282 2789 τῇ
2307 2717 2597 2790 προσϐολῇ,
2649 2717 2744 2771 καὶ
2782 2717 2880 2788 τὴν
2907 2715 3203 2786 φαντασίαν
3261 2715 3392 2786 ήμῖν
3427 2711 3621 2784 ἐμποιεῖ
3657 2707 3727 2761 τοῦ

2217 2808 2592 2879 ὑποκειμένου.
2622 2808 2696 2861 Τὸ
2741 2807 2795 2861 δὲ
2834 2808 3016 2879 νοήσει
3060 2804 3615 2877 καταλαμϐανόμενον,
3653 2799 3728 2853 οὐκ

2217 2898 2273 2965 ἐξ
2315 2899 2529 2964 ἐαυτοῦ,
2578 2899 2689 2953 ἀλλ’
2721 2902 2786 2953 ἐκ
2833 2898 2939 2953 τῶν
2983 2897 3284 2970 ἐνεργειῶν
3339 2896 3649 2970 γνωρίζεται.
3678 2890 3727 2944 Ἦ

2193 2984 2389 3039 “τοίνυν
2411 2986 2556 3059 ψυχὴ
2603 2987 2881 3056 ἄγνωστος
2909 2981 3043 3042 οὖσα
3065 2985 3125 3051 ἐξ
3155 2985 3384 3060 ἑαυτῆς,
3413 2988 3477 3042 ἐκ
3514 2985 3608 3040 τῶν
3628 2983 3727 3037 ἀπο-

558 3082 852 3152 cipiuntur.
890 3080 1224 3150 Quapropter
1256 3096 1379 3136 cum
1411 3081 1592 3137 anima
1621 3097 1686 3137 ex
1717 3081 1895 3151 seipsa
1922 3095 2115 3150 cogno-

2214 3077 2554 3150 τελεσμάτων
2588 3078 2811 3144 εἰκότως
2839 3077 3243 3149 γνωσθήσεται.

467 3183 472 3188 ‘
557 3173 636 3228 sci
667 3181 924 3242 nequeat,
958 3187 1023 3227 ex
1053 3171 1222 3241 ipsius
1250 3171 1454 3228 eil‘ectis
1492 3172 1686 3228 merito
1720 3173 1975 3243 cognosci
2011 3187 2110 3241 po-

560 3267 704 3322 terit.

1128 3358 1207 3410 An
1247 3357 1317 3410 sit
1340 3356 1538 3410 anima.

627 3447 694 3502 ll.
733 3447 946 3518 Corpus
981 3457 1224 3505 nostrum
1253 3461 1375 3502 cum
1409 3455 1688 3512 movetur,
1728 3455 1821 3501 aut
1847 3445 2114 3501 extrinse-

543 3537 690 3608 cus,
739 3547 834 3596 aut
864 3539 1190 3593 intrinsecus
1224 3545 1491 3592 movetur.
1555 3533 1673 3591 Non
1720 3536 1924 3591 moveri
1982 3535 2112 3590 illud

551 3632 892 3689 extrinsecus
915 3671 929 3696 ,
963 3645 1029 3685 ex
1055 3645 1120 3685 eo
1150 3638 1330 3700 patet,
1367 3630 1511 3700 quod
1558 3644 1732 3700 neque
1764 3628 2110 3698 impulsione,

552 3739 730 3796 neque
759 3723 1026 3780 tractione
1055 3731 1322 3788 movetur,
1354 3722 1496 3776 sicut
1522 3736 1586 3776 ea
1614 3736 1736 3791 quae
1765 3727 1892 3774 sunt
1937 3717 2113 3772 inani-

550 3827 719 3874 mata.
749 3815 886 3872 Cum
913 3826 1092 3872 autem
1119 3823 1400 3870 moveatur
1427 3812 1778 3875 intrinsecus,
1801 3825 1909 3866 non
1933 3820 2112 3865 tamen

551 3908 871 3966 naturaliter
903 3919 1153 3963 movetur
1196 3916 1254 3962 ut
1294 3906 1455 3977 ignis.
1509 3903 1645 3960 Nam
1684 3904 1823 3975 ignis
1871 3902 2111 3973 quandiu

550 4010 673 4066 est,
729 4015 1007 4071 nunquam
1043 4010 1248 4054 motum
1295 3997 1640 4064 intermittit;
1695 4005 1749 4050 at
1778 4010 1974 4064 corpus
2021 3995 2111 4049 ubi

551 4101 828 4148 mortuum
881 4091 1062 4157 fuerit,
1116 4091 1322 4145 moveri
1370 4089 1590 4154 desinit,
1648 4088 1772 4142 licet
1814 4096 1993 4141 tamen
2041 4086 2112 4141 sit

550 4199 768 4254 corpus.
803 4182 985 4250 Quare
1019 4184 1066 4239 si
1100 4197 1274 4252 neque
1304 4182 1644 4236 extrinsecus
1677 4187 1943 4243 movetur,
1971 4179 2111 4233 sicut

547 4277 880 4342 inanimata;
915 4289 1091 4344 neque
1119 4274 1463 4338 naturaliter,
1497 4271 1643 4326 velut
1665 4270 1839 4342 ignis;
1877 4267 2108 4324 manife-

546 4376 691 4424 stum
735 4375 820 4421 est
856 4365 1061 4419 moveri
1102 4365 1171 4419 ab
1199 4364 1409 4430 anima,
1459 4378 1583 4433 qua}
1611 4361 1772 4417 etiam
1813 4361 1976 4415 vitam
2007 4361 2108 4430 ipsi

2698 3360 2769 3412 El
2813 3357 2982 3412 ἐστιν
3022 3357 3060 3425 ή
3094 3356 3298 3425 ψυχή.

2282 3449 2355 3502 B'.
2387 3449 2458 3502 Tb
2505 3448 2662 3520 σῶμα
2715 3449 2870 3520 ἡμῶν
2904 3447 3249 3520 κινούμενον,
3275 3450 3310 3521 ἢ
3339 3447 3548 3515 ἔξωθεν,
3570 3445 3601 3519 ἦ
3627 3441 3732 3497 ἔνδο-

2213 3543 2303 3596 θεν
2329 3543 2575 3596 κινεῖται.
2603 3540 2714 3594 Καὶ
2739 3542 2820 3594 ὅτι
2875 3540 2973 3612 μέν
3006 3539 3201 3606 ἔξωθεν
3237 3543 3303 3596 οὐ
3353 3542 3587 3603 κινεῖται,
3611 3535 3731 3605 δῆλον

2214 3638 2279 3689 ἐκ
2310 3635 2402 3688 τοῦ
2436 3636 2568 3706 μήτε
2603 3633 2930 3705 ὠθούμενον,
2979 3631 3113 3704 μήτε
3155 3631 3455 3706 ἑλκόμενον
3491 3627 3728 3686 κινεῖσθαι,

2213 3727 2289 3789 ὡς
2312 3725 2379 3779 τὰ
2405 3725 2606 3797 ἀψυχα.
2653 3725 2765 3780 Καὶ
2815 3723 3023 3777 ἔνδοθεν
3045 3723 3102 3776 δὲ
3131 3723 3304 3778 πάλιν
3335 3725 3647 3796 κινούμενον,
3686 3715 3730 3770 οὔ

2214 3813 2456 3884 φυσικῶς
2483 3816 2732 3878 κινεῖται,
2777 3812 2852 3876 ὡς
2871 3811 2932 3866 τὸ
2951 3809 3082 3884 πῦρ.
3135 3811 3350 3867 Ἐκεῖνο
3402 3812 3506 3886 γὰρ
3546 3810 3600 3864 ού
3626 3803 3730 3860 παύ-

2213 3923 2331 3961 εται
2375 3904 2468 3960 τοῦ
2513 3903 2797 3969 κινεῖσθαι,
2839 3903 2919 3966 είς
2967 3901 3087 3955 ὅσον
3139 3902 3267 3958 ἐστὶ
3320 3903 3453 3975 οιιτῦρ⁸
3496 3896 3662 3970 ὥσπερ
3685 3893 3731 3947 τὸ

2215 3999 2373 4070 σῶμα
2399 3999 2588 4071 νεκρὸν
2619 3995 2999 4068 γεγενημένον,
3031 3994 3286 4065 ἀκινητεῖ
3332 3995 3489 4066 σῶμα
3518 3993 3590 4046 όν.
3619 3989 3729 4043 Οὐκ-

2211 4091 2306 4144 οῦν
2339 4091 2387 4142 εί
2442 4090 2579 4160 μήτε
2619 4087 2815 4154 ἔξωθεν
2855 4088 3102 4149 κινεῖται,
3159 4085 3237 4149 ὡς
3281 4088 3377 4140 καὶ
3401 4085 3596 4155 ἀψυχα,
3625 4078 3731 4150 μήτε

2212 4182 2454 4253 φυσικῶς
2479 4181 2555 4246 ὡς
2581 4181 2638 4235 rb
2670 4180 2798 4251 πῦρ,
2841 4179 2998 4249 δῆλον
3047 4179 3128 4231 ὅτι
3167 4178 3277 4232 ὑπὸ
3322 4178 3500 4250 ψυχῆς
3544 4172 3730 4227 κινεῖται

2209 4276 2307 4346 τῆς
2331 4274 2424 4328 καὶ
2449 4274 2509 4327 rb
2549 4271 2646 4344 ζῇν
2673 4270 2820 4341 αύτῷ
2848 4271 3210 4342 παρεχούσης.
3247 4271 3313 4324 Et
3364 4269 3540 4322 τοίνυν
3567 4263 3637 4334 τῷ
3663 4257 3738 4313 σώ-

2214 4384 2340 4439 ματι
2368 4364 2526 4438 ἡμῶν
2576 4365 2610 4434 ἡ
2662 4361 2809 4432 ψυχὴ
2859 4359 3128 4413 δείκνυται
3179 4359 3241 4412 rb
3284 4359 3387 4430 ζῇν
3443 4356 3733 4429 παρέχουσαν

545 4457 946 4514 subministrat.
1007 4456 1064 4511 Si
1113 4456 1278 4527 igitur
1325 4455 1540 4526 corpori
1595 4462 1784 4509 nostro
1827 4454 1995 4509 vitam
2042 4455 2109 4509 ab

2213 4458 2364 4512 ἐσται
2402 4457 2497 4511 καὶ
2547 4454 2668 4510 καθ’
2699 4453 2897 4526 ἑαυτὴν
2925 4455 2958 4523 ἠ
3007 4451 3153 4523 ψυχὴ
3204 4453 3270 4506 ἐκ
3327 4450 3439 4505 τῶν
3489 4443 3737 4520 ἐνεργειῶν

545 4550 726 4606 anima
748 4548 975 4618 praeberi
1002 4557 1243 4614 constet,
1271 4549 1450 4603 anima
1478 4547 1640 4603 etiam
1663 4561 1730 4602 ex
1759 4547 1873 4603 suis
1902 4545 2108 4603 effectis

547 4639 918 4714 cognoscitur.

965 4733 1044 4786 An
1077 4734 1253 4786 anima
1279 4733 1349 4787 sit
1371 4731 1684 4786 substantia.

618 4825 704 4882 lll.
744 4825 901 4894 Quod
928 4839 1092 4896 porro
1127 4824 1308 4879 anima
1345 4825 1416 4880 sit
1446 4825 1748 4879 substantia
1769 4864 1784 4888 ,
1819 4823 1897 4879 sic
1923 4833 2106 4878 osten-

543 4921 689 4976 ditur
721 4937 734 4974 :
762 4918 943 4972 Primo
966 4917 1206 4987 quidem,
1229 4917 1485 4985 quoniam
1518 4917 1593 4970 illi
1623 4933 1838 4986 quoque
1867 4915 2104 4970 deﬁnitio

546 5006 867 5063 substantiae
896 5006 1020 5076 jure
1053 5005 1322 5068 convenit,
1356 5020 1478 5074 quae
1505 5006 1720 5075 quidem
1751 5017 1834 5060 est
1867 5004 2103 5074 ejusmo-

545 5102 599 5157 di
626 5118 641 5156 :
680 5099 996 5155 Substantia
1025 5107 1110 5154 est
1140 5097 1226 5161 id,
1261 5097 1405 5167 quod
1437 5112 1560 5151 cum
1590 5112 1754 5151 unum
1783 5107 1834 5151 et
1863 5097 2002 5150 idem
2033 5095 2104 5150 sit

548 5207 797 5259 numero,
826 5189 1097 5248 contraria
1123 5188 1359 5244 vicissim
1383 5189 1628 5258 suscipit.
1660 5187 1816 5254 Quod
1846 5203 1970 5244 vero
1993 5188 2104 5242 ani-

547 5300 635 5340 ma
665 5301 695 5339 a
725 5294 923 5343 natura
951 5282 1168 5354 propria
1196 5297 1304 5338 non
1340 5282 1620 5348 recedens,
1645 5282 1914 5337 contraria
1941 5281 2103 5337 vicis-

547 5377 648 5432 sim
684 5376 966 5447 suscipiat,
999 5375 1269 5438 omnibus,
1294 5371 1475 5440 credo,
1499 5384 1581 5429 est
1612 5375 1973 5444 perspicuum.
2008 5373 2104 5430 Ju-

547 5469 696 5524 stitia
727 5468 871 5523 enim
899 5476 954 5523 et
977 5467 1264 5538 injustitia,
1294 5466 1557 5522 lortitudo
1585 5475 1639 5521 et
1664 5467 1942 5534 timiditas,
1969 5477 2102 5524 tem-

551 5558 794 5628 perantia
827 5569 880 5614 et
909 5558 1342 5629 intemperantia,
1375 5559 1428 5614 in
1458 5559 1572 5628 ipsa
1602 5557 1852 5635 vicissim.
1871 5575 2102 5614 cernun~

551 5660 660 5715 tur,
689 5665 811 5704 cum
846 5653 954 5706 sint
979 5652 1269 5706 contraria.
1336 5641 1846 5716 Quamobrem'cum
1885 5670 1947 5708 ea
1969 5655 2100 5708 sub-

548 5742 761 5802 stantiae
810 5741 1260 5812 sit.proprietas~,
1314 5755 1369 5800 ut
1420 5745 1811 5808 contrariorum
1865 5745 2098 5801 vicissim

2211 4547 2602 4620 γνωριζομένη.

2529 4747 2531 4749 ‘
2593 4733 2662 4786 El
2695 4730 2875 4784 οὐσία
2913 4730 3082 4784 ἐστὶν
3120 4729 3158 4796 ἠ
3187 4725 3384 4798 ⁴ψυχή.

2279 4827 2353 4880 I".
2382 4827 2503 4880 Ὅτι
2540 4823 2636 4896 μὲν
2665 4823 2821 4877 οὐσία
2851 4823 2996 4876 ἐστὶν
3034 4822 3067 4893 ὴ
3094 4820 3262 4892 ψυχή,
3291 4820 3561 4874 δείκνυται
3576 4816 3736 4872 οὕτως’

2210 4917 2433 4990 Πρῶτον
2470 4916 2587 4986 μὲν,
2645 4915 2726 4968 ὅτι
2755 4913 2854 4984 τῆς
2891 4911 3077 4974 οὐσίας
3123 4911 3266 4981 ὅρος,
3334 4908 3432 4964 καὶ
3479 4907 3564 4961 ἐπ’
3599 4900 3739 4990 αὐτῆς

2210 4989 2276 5066 ἂν
2306 5009 2528 5072 εἰκότως
2550 5007 2784 5078 λεχθείη.
2837 5007 2993 5058 Ἐστι
3039 5003 3094 5057 δὲ
3142 4995 3318 5067 οὗτοςο
3353 5000 3524 5056 Οὐσία
3550 4996 3655 5052 ἐστὶ
3694 4989 3742 5043 τὺ

2208 5101 2424 5163 ταυτὸν,
2457 5099 2550 5153 καὶ
2603 5099 2660 5152 ἐν
2711 5096 2949 5169 ἀριθμῷ,
2995 5095 3102 5148 τῶν
3154 5092 3416 5148 ἐναντίων
3454 5085 3742 5161 παραμέρος

2209 5188 2347 5248 εἶναι
2378 5191 2643 5247 δεκτικόν.
2699 5191 2820 5243 Ὅτι
2868 5189 2925 5242 δὲ
2952 5190 2985 5258 ή
3017 5186 3161 5259 ψυχὴ
3192 5184 3333 5256 αὕτη
3387 5184 3484 5255 τῆς
3518 5180 3644 5242 ἰδίας
3665 5169 3742 5243 gai-

2209 5303 2346 5352 σεως
2389 5285 2463 5359 μὴ
2502 5285 2845 5355 ἐξισταμένη,
2889 5283 2957 5337 τὰ
3003 5281 3215 5336 ἐναντία
3259 5279 3477 5350 δέχεται
3521 5265 3741 5344 παραμέ-

2210 5396 2322 5451 ρος,
2348 5377 2507 5433 παντί
2539 5395 2640 5432 που
2688 5377 2864 5448 δῆλον·
2916 5374 3225 5444 δικαιοσύνη
3271 5370 3383 5443 γὰρ
3425 5369 3519 5422 καὶ
3561 5359 3740 5423 ἀδικία,

2207 5469 2398 5542 ἀνδρία
2418 5487 2479 5524 τε
2515 5470 2608 5524 καὶ
2648 5469 2837 5535 δειλία,
2884 5465 3200 5538 σωφροσύνη
3231 5480 3293 5516 τε
3339 5464 3434 5517 καὶ
3483 5452 3738 5515 ἀκολασίαν

2207 5561 2265 5613 ἐν
2287 5560 2422 5632 αὐτῇ
2464 5558 2788 5632 θεωροῦνται
2838 5557 3052 5613 ἐναντία
3073 5555 3216 5609 ὄντα.
3260 5552 3326 5605 El
3369 5549 3548 5605 τοίνυν
3571 5544 3740 5613 ἰδίωμα

2207 5652 2413 5716 οὐσίας,
2450 5651 2510 5704 rb
2537 5651 2644 5704 τῶν
2687 5650 2941 5704 ἐναντίων
2982 5645 3117 5702 εἶναι
3159 5642 3477 5716 παραμέρος
3497 5633 3736 5694 δεκτικὸν.

2209 5745 2476 5798 δείκνυται
2511 5743 2564 5797 δὲ
2599 5745 2628 5814 ἠ
2667 5742 2808 5813 ψυχὴ
2840 5741 3038 5795 τούτων
3085 5735 3437 5807 ἐπιδεχομένη
3480 5731 3565 5784 τὸν
3607 5729 3733 5798 ὅρον.

3885 689 3892 780 Ι
