3938 6282
268 283 405 339 iul

1459 277 1868 337 DISPUTATIO
1906 276 1991 331 DE
2027 276 2260 331 ANIMA.

3346 276 3482 332 H49

261 399 427 454 οὐσία
457 397 617 471 ἀραή
650 394 813 468 ψυχή.
854 398 1082 452 Ἔπειτα
1115 399 1207 451 καὶ
1238 398 1331 451 τοῦ
1366 399 1613 470 σώματος
1644 399 1809 453 οὐσίαι

1932 396 2234 465 susceptrix
2254 394 2342 460 sit,
2368 395 2663 464 eademque
2696 392 2890 448 animae
2908 392 3210 459 conveniat,
3235 393 3485 449 substan-

263 492 443 555 ὄντος,
493 492 586 543 καὶ
633 488 729 560 τὴν
786 489 961 561 ψυχὴν
1006 489 1191 543 οὐσίαν
1236 485 1375 543 εἶναι
1419 491 1629 561 ἀνάγκη
1653 510 1665 523 ε
1709 491 1827 544 οὐδὲ

264 578 517 655 γὰροοῖὁν
546 600 623 648 τε,
649 582 709 634 τὸ
732 580 1155 651 ζωοποιούμενον
1170 582 1353 636 οὐσίαν
1387 581 1548 653 [ἄλλ.
1570 580 1826 653 ὲνούσιον]

264 673 430 728 εἶναι’
461 674 520 727 τὸ
556 674 612 726 δὲ
654 671 969 737 ζωοποιοῦν,
1009 669 1146 727 εἶναι
1185 674 1453 728 ἀνούσιον.
1500 674 1561 726 Ei
1598 675 1670 745 μή
1722 690 1825 737 τις,

260 766 365 819 καὶ
392 765 454 819 τὸ
483 764 557 836 μὴ
584 763 665 831 ὂν,
697 764 790 817 τοῦ
832 764 982 827 ὄντος
1035 764 1203 817 αἴτιον
1245 766 1464 833 φήσειεν
1487 761 1640 817 εἶναι·
1666 763 1699 835 ἢ
1728 764 1829 817 πά-

260 856 373 922 λιν,
398 857 459 909 τὸ
485 857 543 909 ἐν
574 849 618 924 ᾧ
644 856 740 927 τὴν
774 855 1003 928 ὓπαρξιν
1034 856 1176 927 ἕχον,
1217 856 1309 910 καὶ
1340 849 1399 910 οὗ
1429 857 1555 911 ἄνευ
1588 852 1725 910 εἶναι
1753 855 1826 927 μὴ

258 947 564 1018 δυνάμενον
596 946 717 1019 [ἀλ.
767 946 861 1000 καὶ
892 949 920 1000 ὁ
961 947 1087 1001 ἄνευ
1138 947 1231 1002 τοῦ
1286 943 1422 1001 εῖναι
1478 946 1548 1019 μὴ
1599 948 1827 1018 δυνάμε-

261 1037 404 1110 νον],
428 1040 599 1092 αἴτιον
650 1039 858 1093 ἐκείνου
912 1034 1049 1097 εἶναι
1097 1038 1189 1095 τοῦ
1223 1041 1280 1093 ὲν
1320 1033 1363 1108 ᾧ
1395 1042 1530 1105 ἐστι,
1558 1040 1743 1111 μανείς
1772 1057 1823 1092 τι

259 1128 431 1183 εἴποι.

687 1314 756 1365 El
789 1312 1098 1382 ἀσώματος
1136 1314 1174 1382 ἡ

336 1402 410 1454 Δ⁹.
449 1402 570 1455 Ὅτι
606 1402 704 1472 μὲν
732 1404 789 1456 ὲν
820 1403 897 1475 τῷ
944 1403 1155 1476 σώματι
1187 1405 1346 1477 ἡμῶν
1400 1408 1433 1476 ὴ
1480 1405 1622 1476 ψυχή
1654 1407 1820 1471 ἐστιν,

262 1492 523 1564 ἀνωτέρω
551 1493 782 1565 ἐδείχθη·
842 1495 922 1549 δεῖ
942 1496 1116 1551 τοίνυν
1143 1497 1335 1552 εἰδέναι
1368 1498 1484 1561 πῶς
1511 1499 1568 1550 ὲν
1605 1498 1681 1569 τῷ
1715 1497 1821 1551 σώ-

264 1602 418 1654 ματι·
448 1586 542 1640 καὶ
572 1588 620 1639 εἰ
656 1587 752 1657 μὲν
787 1589 1111 1660 παράκειται
1147 1590 1293 1661 αὐτῷ
1313 1591 1387 1655 ὡς
1412 1590 1583 1661 ψηφὶς
1607 1591 1816 1662 ψηφίδι,

262 1673 426 1743 σῶμα
465 1675 562 1746 μὲν
590 1674 741 1728 ἔσται
791 1677 824 1747 ή
852 1677 1016 1749 ψυχὴ,
1050 1678 1168 1731 ὅλον
1195 1679 1250 1732 δὲ
1273 1680 1333 1732 τὸ
1371 1679 1528 1749 σῶμα
1550 1679 1648 1733 οὐκ
1668 1679 1817 1735 ἔσται

1933 488 2005 542 tia
2032 487 2197 557 igitur
2227 487 2407 541 anima
2435 487 2554 541 erit.
2613 487 2876 541 Praeterea
2902 528 2917 553 ,
2945 502 3068 543 cum
3105 494 3158 541 et
3183 500 3379 555 corpus
3412 487 3483 540 sit

1932 578 2257 643 substantia,
2315 577 2551 632 animam
2587 592 2804 647 quoque
2837 578 3195 633 substantiam
3231 592 3351 631 esse
3394 592 3484 629 nc-

1930 686 2080 725 eesse
2123 680 2205 724 est
2249 689 2261 724 :
2305 685 2478 739 neque
2508 672 2650 725 enim
2684 671 2797 725 ﬁeri
2824 678 3020 741 potest,
3053 679 3113 724 ut
3151 668 3294 739 quod
3318 668 3482 721 vitam

1929 763 2146 833 accipit,
2175 763 2479 817 substantia
2509 763 2610 829 sit;
2647 763 2775 817 illud
2801 771 2978 817 autem
3005 760 3153 831 quod
3172 761 3336 816 vitam
3362 776 3485 830 prie-

1929 856 2040 919 bet,
2073 870 2180 909 non
2211 856 2283 909 sit
2316 856 2641 910 substantia.
2679 854 2793 909 Nisi
2826 853 2965 908 forte
2985 852 3109 923 quis
3132 853 3479 917 itainsaniat,

1930 956 1988 1001 ut
2017 946 2069 1000 id
2100 946 2244 1016 quod
2280 960 2388 1001 non
2412 955 2513 1013 est,
2546 946 2666 1015 ejus
2694 946 2833 1015 quod
2870 954 2971 1011 est,
3002 959 3223 999 causam
3252 957 3375 999 esse
3403 944 3484 997 af-

1928 1040 2138 1107 ﬁrmet;
2195 1049 2291 1095 aut
2327 1054 2516 1095 rursus
2546 1039 2619 1106 id,
2666 1039 2823 1109 cujus
2850 1038 2979 1093 illud
3008 1038 3182 1107 ipsum
3210 1036 3353 1106 quod
3379 1046 3480 1103 est,

1925 1148 1988 1186 ex
2014 1132 2121 1186 alio
2151 1132 2230 1188 sic
2253 1132 2469 1202 pendet,
2492 1140 2550 1185 ut
2581 1132 2784 1201 absque
2805 1132 2895 1186 illo
2915 1144 3034 1186 esse
3086 1137 3338 1199 nequeat,
3367 1129 3483 1198 ejus

1926 1227 2117 1296 ipsius,
2151 1243 2216 1282 ex
2240 1244 2348 1297 quo
2376 1228 2591 1298 pendet,
2624 1242 2841 1283 causam
2866 1241 2985 1282 esse
3006 1227 3153 1281 velit.

2328 1321 2410 1370 An
2443 1319 2748 1387 incorporea
2778 1318 2847 1371 sit
2873 1318 3069 1371 anima.

1995 1408 2085 1464 IV.
2127 1411 2184 1464 In
2227 1426 2450 1480 corpore
2482 1410 2695 1479 quidem
2742 1418 2929 1465 nostro
2960 1409 3197 1464 animam
3240 1424 3359 1464 esse
3389 1425 3481 1465 su-

1923 1501 2108 1570 perius
2161 1511 2438 1557 ostensum
2492 1511 2618 1557 est:
2648 1502 2923 1577 quomodo
2956 1510 3134 1555 autem
3182 1501 3252 1555 sit
3280 1500 3333 1553 in
3358 1515 3478 1554 cor-

1923 1609 2073 1663 pore,
2106 1608 2433 1664 cognoscere
2455 1601 2685 1663 oportet.
2734 1592 2869 1646 Nam
2902 1593 2946 1648 si
2977 1592 3051 1646 illi
3081 1592 3153 1646 ita
3186 1592 3392 1661 adjacet
3419 1601 3479 1646 ut

1924 1686 2061 1755 lapis
2106 1686 2291 1755 lapidi,
2339 1686 2604 1755 sequitur,
2636 1685 2779 1754 quod
2818 1699 3016 1753 corpus
3049 1684 3121 1737 sit
3146 1683 3347 1747 anima,
3378 1698 3478 1739 nec

260 1764 524 1837 ἔμψυχον
583 1768 736 1839 μέρει
761 1770 866 1841 γάρ
897 1787 999 1824 τινι
1034 1771 1421 1842 παρακείσεται
1447 1770 1607 1843 [ἄλλ.
1637 1772 1809 1845 παρά-

1920 1783 2091 1829 totum
2119 1789 2317 1844 corpus
2341 1774 2642 1829 animatum
2666 1789 2805 1839 esse,
2838 1788 2961 1827 eum
2988 1773 3127 1841 parti
3154 1770 3369 1827 cuidam
3394 1786 3480 1827 so-

260 1854 482 1926 uertat].
537 1857 599 1909 Ei
622 1856 677 1910 δὲ
703 1858 1056 1930 ἐμμέμικται,
1108 1861 1528 1932 ἦὲγκέκραται,
1583 1863 1816 1935 πολυμε-

263 1946 362 2018 ρὴς
388 1947 453 2001 ἂν
488 1950 695 2017 γένοιτο
722 1953 755 2022 ἡ
793 1950 959 2024 ψυχὴ,
983 1955 1075 2007 καὶ
1101 1953 1197 2024 οὐχ
1250 1954 1414 2027 ἁπλῆ,
1440 1954 1536 2009 τοῦ
1571 1957 1697 2012 ἰδίου
1717 1960 1815 2030 τῆς

257 2040 437 2112 ψυχῆς
466 2041 624 2111 λόγου
656 2044 1045 2117 ἐκϐεϐλημένη.
1099 2048 1171 2100 Τὸ
1201 2047 1310 2120 γάρ
1355 2050 1673 2122 πολυμερὲς,
1723 2052 1816 2105 καὶ

255 2131 545 2203 διαιρετὸν,
573 2137 663 2189 καὶ
682 2136 945 2190 διαλυτόν⁹
978 2139 1036 2191 τὸ
1073 2139 1127 2191 δὲ
1158 2140 1422 2205 διαλυτὸν,
1454 2141 1720 2195 σύνθετοψ
1756 2143 1816 2195 τὸ

252 2222 313 2277 δὲ
338 2224 609 2293 σύνθετον,
658 2229 816 2300 τριχῆ
869 2229 1165 2284 διαστατόν.
1225 2231 1297 2285 Τὸ
1328 2232 1384 2285 δὲ
1418 2233 1573 2304 σῶμα
1604 2233 1813 2305 σώματι

256 2318 697 2389 προστιθέμενον,
732 2320 892 2389 ὄγκον
917 2325 1075 2375 ποιεῖ’
1111 2324 1143 2392 ή
1170 2323 1227 2375 δὲ
1256 2322 1399 2396 ψυχὴ
1426 2326 1483 2377 ὲν
1504 2324 1580 2396 τῷ
1607 2325 1814 2397 σώματι

254 2406 412 2473 οὖσα,
446 2410 606 2479 ὄγκον
657 2413 717 2465 οὐ
753 2416 913 2479 ποιεῖ,
960 2413 1094 2467 ἀλλά
1152 2414 1346 2483 μᾶλλον
1396 2416 1663 2480 ζωοποιεῖ.
1702 2419 1814 2473 Οὐκ

256 2500 365 2571 ἄρα
398 2498 547 2553 ἔσται
574 2501 607 2571 ἡ
641 2500 783 2573 ψυχὴ
809 2502 982 2574 σῶμα,
1019 2503 1130 2563 an?
1157 2502 1461 2575 ἀσώματος.

330 2772 450 2825 Ἔτι
478 2775 527 2827 εί
559 2774 715 2845 σῶμά
749 2773 942 2847 [ἐστιν]
975 2778 1006 2847 ὴ
1044 2776 1208 2848 ψυχὴ,
1236 2778 1269 2849 ἢ
1302 2776 1496 2843 ἔξωθεν
1545 2780 1577 2851 ἢ
1607 2781 1810 2835 ἔνδοθεν

254 2866 502 2917 κινεῖται.
549 2865 684 2919 Οὔτε
724 2867 778 2920 δὲ
803 2867 997 2934 ἔξωθεν
1024 2872 1266 2924 κινεῖται·
1296 2871 1357 2924 οὐ
1383 2871 1489 2944 γὰρ
1514 2872 1752 2937 ὠθεῖται,
1778 2875 1811 2946 ἢ

250 2952 491 3020 ἕλκεται,
517 2957 591 3021 ὠς
614 2958 680 3012 τὰ
704 2958 902 3029 ἄψυχα·
934 2959 1055 3013 οὔτε
1080 2960 1135 3014 δὲ
1160 2961 1358 3015 ἔσωθεν
1391 2966 1637 3032 κινεῖται,
1655 2966 1730 3029 ὡς
1747 2966 1813 3019 τὰ

251 3043 493 3115 ἔμψυχα·
531 3047 729 3101 ἄτοπον
762 3050 868 3121 γὰρ
911 3050 1086 3123 ψυχῆς
1107 3052 1281 3125 ψυχὴν
1305 3054 1498 3124 λέγειν·
1530 3056 1631 3111 οὐκ
1662 3057 1811 3113 ἔσται

249 3131 348 3190 οὖν
384 3137 561 3210 σῶμα·
587 3139 871 3210 ἀσώματος
899 3141 1022 3213 ἄρα.

322 3407 432 3460 Καὶ
464 3408 642 3473 πάλιν,
674 3412 722 3465 εί
756 3410 913 3484 σῶμά
940 3416 1086 3468 ἐστιν
1112 3417 1143 3486 ἠ
1166 3415 1331 3488 ψυχὴ,
1359 3418 1451 3470 καὶ
1473 3417 1570 3483 τὰς
1598 3421 1810 3492 ποιότη-

250 3513 349 3561 τας
376 3498 636 3569 αἰσθητὰς
668 3500 797 3571 ἔχει,
828 3503 922 3556 καὶ
952 3505 1205 3575 τρέφεται
1224 3524 1236 3535 ·
1278 3507 1389 3560 ἀλλ’
1422 3509 1482 3561 οὐ
1530 3512 1804 3581 τρέφεται.

250 3585 362 3637 Καὶ
380 3587 429 3637 εἰ
457 3587 732 3659 τρέφεται,
752 3590 817 3642 οὐ
848 3594 1166 3663 σωματικῶς
1192 3596 1532 3667 τρέφεταιὼς
1548 3601 1607 3653 τὸ
1630 3601 1806 3673 σῶμα,

251 3673 366 3725 ἀλλ’
394 3675 695 3746 ἀσωμάτως
717 3696 730 3709 ο
766 3679 908 3751 λόγῳ
938 3682 1045 3754 γάρ
1068 3683 1321 3754 τρέφεται
1339 3703 1351 3716 °
1381 3687 1441 3739 οὐ
1465 3690 1641 3743 τοίνυν
1663 3692 1809 3745 ποιό-

249 3779 417 3852 τητας
457 3764 717 3836 αἰσθητὰς
759 3767 906 3838 ἔχει·
950 3770 1069 3823 οὔτε
1096 3772 1202 3844 γὰρ
1250 3775 1437 3845 ὁρᾶται
1479 3776 1804 3852 δικαιοσύνη,

248 3850 373 3944 οότε
393 3854 600 3925 ἀνδρία,
637 3856 760 3944 alite
782 3860 889 3913 τῶν
910 3862 1162 3918 τοιούτων
1183 3865 1332 3920 οὐδέν
1352 3885 1364 3897 ’
1406 3869 1505 3939 τῆς
1538 3870 1594 3922 δὲ
1633 3850 1807 3944 ψυχῆς

246 3943 304 3997 αἱ
332 3944 614 4015 ποιότητες
641 3942 800 4002 αὗται
821 3967 833 3979 ·
866 3951 963 4007 οὐκ
996 3951 1139 4006 ἔστιν
1170 3950 1261 4009 οὖν
1290 3956 1448 4029 σῶμα
1474 3975 1487 3988 δ
1524 3942 1806 4032 ἀσώματος

247 4031 374 4087 ἄρα.

268 4050 374 4103 ipa.

318 4216 459 4311 ξᾚτι,
514 4218 692 4290 πάσης
728 4222 824 4293 τῆς
867 4226 1178 4297 σωματικῆς
1224 4229 1404 4293 οὐσίας
1446 4232 1523 4295 είς
1568 4232 1805 4311 ἔμψυχον

243 4308 339 4361 καὶ
360 4308 563 4380 ἄψυχον
602 4311 1011 4387 διαιρουμένης,
1068 4320 1372 4374 εἰπάτωσαν
1414 4324 1462 4375 oi
1498 4308 1798 4398 GtIlpJIdJ.

242 4402 592 4475 σωματικὴν]
626 4404 723 4476 τὴν
754 4405 929 4478 ψυχὴν
966 4406 1252 4477 λέγοντες,
1302 4414 1348 4465 εί
1393 4414 1593 4489 ἄψυχον
1635 4418 1801 4489 αὐτὴν

238 4488 478 4556 λεκτέον,
509 4492 540 4563 ἢ
564 4492 821 4564 ἔμψυχον.

315 4580 456 4644 Ἔτι,
492 4582 541 4633 εί
594 4585 699 4637 πᾶν
741 4583 896 4655 σῶμα
932 4588 1022 4639 καὶ
1070 4590 1393 4660 κέχρωσται,
1443 4594 1534 4646 καὶ
1563 4596 1801 4650 πεπόσω-

235 4686 349 4733 ται,
385 4673 478 4724 καὶ
501 4675 921 4744 ἐσχημάτισται·
958 4678 1107 4730 οὐδὲν
1134 4679 1187 4732 δὲ
1216 4680 1418 4737 τούτων
1461 4684 1518 4735 ἐν
1558 4688 1620 4756 τῇ
1654 4686 1797 4758 ψυχῇ

237 4760 540 4833 θεωρεῖται,
574 4766 674 4817 οὐκ
697 4767 805 4838 ἄρα
832 4766 987 4837 σῶμα
1012 4768 1045 4838 ἡ
1066 4767 1229 4839 ψυχή.

540 4880 608 4933 El
635 4879 797 4949 ἁπλῆ
825 4882 862 4949 ἡ
892 4882 1059 4950 ψυχὴ
1082 4921 1095 4944 ,
1122 4883 1159 4951 ἣ
1185 4885 1492 4954 σύνθετος.

307 4968 382 5021 E'.
414 4971 696 5026 Δείκνυται
750 4973 923 5031 τοίνυν
948 5013 962 5037 ,
1005 4975 1083 5027 ὅτι
1118 4976 1339 5050 είοάπλῆ
1363 4983 1395 5052 ἡ
1421 4981 1595 5053 ψυχὴ,
1641 4982 1699 5048 ἐξ
1722 4977 1795 5037 ὧν

238 5060 473 5131 μάλιστα
503 5062 786 5134 ἀσώματος
808 5066 1116 5138 ἀπεδείχθη.
1150 5069 1332 5141 Εὶγὰρ
1353 5073 1509 5143 σῶμα
1541 5074 1637 5127 οὐκ
1660 5074 1792 5137 ἔστι,

236 5149 398 5220 σῶμα
423 5150 480 5202 δὲ
518 5154 622 5205 πᾶν
674 5153 919 5210 σύνθετόν
960 5159 1105 5213 ἐστι·
1136 5162 1196 5214 τὸ
1239 5162 1297 5214 δὲ
1337 5163 1684 5234 συγκείμενον
1730 5165 1793 5218 ὲκ

237 5241 419 5312 μερῶν
444 5243 737 5311 σύγκειται,
765 5247 955 5302 οὐκοῦν
979 5251 1071 5304 καὶ
1095 5252 1402 5327 πολυμερὴς
1422 5252 1589 5307 ἕσται.
1628 5252 1793 5314 Ἀσώ-

236 5349 405 5402 ματος
428 5333 483 5386 δὲ
511 5331 666 5400 οὖσα,
694 5337 836 5409 ἁπλῆ
859 5342 1003 5395 ἐστιν
1021 5360 1033 5373 ·
1079 5344 1292 5399 ἐπειδὰν
1343 5346 1434 5398 καὶ
1483 5346 1786 5412 ἀσύνθετος,

233 5424 329 5477 καὶ
356 5425 585 5498 ἀμερής.

568 5604 636 5657 El
672 5602 961 5670 ἀθάνατος
1000 5605 1165 5675 ἡμῶν
1193 5611 1229 5679 ή
1262 5611 1449 5680 ψυχή.

302 5694 369 5759 ς·
381 5734 391 5747 .
445 5693 752 5747 Ἀκόλουθον
775 5689 924 5766 οἶμαι
956 5697 1063 5751 δεῖν
1089 5699 1163 5770 τῷ
1197 5701 1348 5774 ἀπλῷ
1368 5743 1381 5769 ,
1411 5706 1470 5758 τὸ
1504 5706 1779 5762 ἀθάνατον.

1914 1867 2027 1921 lum
2057 1866 2346 1922 adhaereat.
2403 1864 2497 1920 Sin
2528 1873 2707 1921 autem
2735 1881 2858 1919 cum
2890 1879 3117 1933 corpore
3143 1864 3327 1929 mista,
3356 1878 3477 1918 eon-

1915 1955 2150 2027 fusaque
2174 1957 2279 2023 sit,
2314 1972 2343 2009 e
2368 1956 2586 2025 propria
2620 1955 2817 2009 animae
2844 1954 3053 2008 ratione
3079 1952 3308 2022 dejecta,
3344 1952 3477 2007 mul-

1916 2051 1987 2107 tis
2022 2052 2269 2121 partibus
2295 2048 2586 2113 constabit,
2616 2063 2718 2103 nec
2748 2047 2976 2117 simplex
2998 2046 3119 2101 erit.
3154 2044 3305 2111 Quod
3330 2043 3475 2099 enim

1915 2142 2209 2196 multarum
2245 2147 2327 2194 est
2354 2138 2590 2208 partium
2620 2179 2635 2203 ,
2688 2137 2956 2192 divisibile
2984 2147 3067 2192 est
3092 2151 3156 2193 ac
3185 2134 3477 2192 dissolubi-

1914 2234 1993 2300 le;
2022 2233 2166 2303 quod
2192 2242 2368 2286 autem
2392 2240 2570 2302 potest
2590 2231 2778 2296 dividi,
2810 2230 3169 2300 compositum
3192 2236 3303 2294 est;
3333 2242 3477 2282 com-

1915 2324 2151 2395 positum
2183 2338 2313 2379 vero
2341 2323 2624 2393 tripliciter
2642 2322 2808 2377 dividi
2830 2330 3027 2393 potest.
3062 2320 3273 2390 Corpus
3293 2328 3475 2374 autem

1913 2414 2229 2484 adjunctum
2279 2414 2528 2484 corpori,
2578 2414 2775 2468 molem
2821 2422 3007 2483 auget;
3049 2410 3229 2465 anima
3256 2424 3384 2466 vero
3417 2409 3471 2465 in

1913 2524 2139 2580 corpore
2156 2509 2441 2576 exsistens,
2458 2506 2587 2562 illud
2611 2523 2717 2567 non
2740 2504 3344 2574 tumidum,sedvivum
3376 2517 3472 2572 po-

1914 2601 2021 2655 tius
2048 2601 2243 2656 reddit.
2299 2598 2415 2655 Non
2442 2600 2604 2671 igitur
2643 2615 2872 2669 corpus,
2909 2597 3001 2654 sed
3040 2598 3357 2666 incorporea
3388 2604 3472 2650 est

1913 2690 2113 2746 anima.

1983 2781 2063 2837 Ad
2090 2782 2223 2847 haec,
2269 2782 2315 2837 si
2358 2797 2554 2852 corpus
2588 2790 2733 2838 esset
2769 2779 2967 2846 anima,
2995 2776 3463 2840 autextrinsecus,

1914 2876 2008 2922 aut
2036 2869 2363 2926 intrinsecus
2398 2879 2723 2926 moveretur.
2780 2866 2899 2924 Non
2929 2876 3107 2925 autem
3133 2867 3470 2922 extrinsecus

1915 2969 2161 3015 movetur
2195 2980 2207 3016 :
2245 2977 2352 3017 non
2401 2962 2547 3017 enim
2594 2962 2947 3033 impulsione,
2993 2974 3167 3030 neque
3209 2960 3468 3014 tractione

1915 3057 2181 3113 movetur,
2214 3059 2268 3104 ut
2293 3050 2619 3117 inanimata;
2653 3065 2828 3120 neque
2851 3048 3177 3105 intrinsecus
3203 3055 3467 3111 movetur,

1914 3140 2054 3195 sicut
2072 3141 2309 3197 animata
2335 3158 2348 3194 :
2394 3142 2685 3198 absurdum
2712 3142 2856 3197 enim
2887 3150 2988 3205 est,
3017 3143 3253 3196 animam
3278 3142 3471 3196 anima:

1911 3232 2092 3291 dicere
2136 3250 2152 3287 :
2190 3247 2301 3289 non
2348 3246 2477 3303 ergo
2522 3232 2701 3287 anima
2746 3240 2831 3287 est
2881 3246 3119 3301 corpus:
3154 3229 3467 3301 incorporea

1910 3324 2093 3395 igitur.

1980 3414 2048 3471 Et
2080 3430 2272 3471 rursus
2291 3456 2306 3482 ,
2342 3416 2386 3472 si
2417 3430 2614 3486 corpus
2640 3423 2725 3471 est
2747 3415 2952 3479 anima,
2988 3415 3150 3471 etiam
3180 3414 3469 3483 qualitates

1911 3506 2073 3563 habet
2113 3521 2235 3576 quae
2272 3506 2642 3578 percipiuntur
2673 3507 2953 3571 sensibus,
2980 3516 3033 3562 et
3065 3507 3341 3573 nutritur;
3374 3507 3467 3559 sed

1908 3616 2021 3656 non
2065 3601 2325 3655 nutritur.
2373 3601 2529 3667 Quod
2564 3603 2611 3657 si
2646 3605 2905 3667 nutritur,
2939 3618 3057 3657 non
3084 3617 3339 3672 corporee
3367 3618 3471 3659 nu-

1907 3693 2101 3757 tritur,
2146 3700 2207 3746 ut
2249 3706 2469 3762 corpus,
2514 3692 2607 3748 sed
2640 3693 2993 3764 incorporee;
3024 3708 3148 3747 nam
3183 3694 3390 3748 ratione
3414 3702 3472 3751 et

1907 3782 2074 3839 verbo
2106 3782 2346 3838 nutritur
2376 3802 2388 3836 :
2421 3798 2528 3839 non
2554 3784 2718 3855 igitur
2741 3784 3024 3840 sensibiles
3047 3784 3335 3853 qualitates
3366 3783 3466 3841 ha-

1906 3868 2025 3942 bet;
2053 3890 2230 3947 neque
2255 3875 2399 3931 enim
2434 3876 2605 3930 oculis
2635 3876 2877 3930 cernitur
2904 3875 3140 3945 justitia,
3162 3889 3337 3944 neque
3358 3874 3467 3931 for-

1906 3966 2112 4034 titudo,
2160 3982 2335 4036 neque
2382 3968 2485 4021 alia
2527 3966 2646 4036 ejus
2690 3968 2935 4038 generis,
2968 3982 3088 4037 qua:
3119 3978 3245 4027 sunt
3273 3968 3468 4025 animae

1905 4059 2195 4134 qualitates
2224 4076 2238 4112 :
2275 4065 2603 4129 quapropter
2634 4074 2836 4128 corpus
2871 4074 2980 4114 non
3010 4068 3093 4116 est
3123 4059 3304 4115 anima
3337 4078 3351 4115 :
3384 4060 3467 4116 in-

1850 4194 1855 4200 -
1906 4165 2163 4223 corporea
2200 4150 2383 4221 igitur.

1973 4241 2277 4308 Praeterea,
2338 4256 2460 4297 cum
2508 4241 2687 4295 omnis
2734 4240 3038 4296 substantia
3112 4255 3368 4311 corporea
3410 4242 3465 4298 in

1904 4338 2197 4393 animatam
2255 4335 2339 4397 vel
2386 4335 2738 4387 inanimatam
2786 4333 3093 4401 dividatur;
3149 4333 3332 4391 dicant
3370 4336 3464 4405 qui

1834 4462 1874 4515 ο
1903 4428 2137 4483 animam
2159 4442 2359 4496 corpus
2389 4424 2485 4497 [αι.
2513 4424 2852 4497 corpoream]
2879 4440 2998 4480 esse
3026 4425 3315 4493 aﬂirmant,
3344 4428 3462 4482 ani-

1905 4529 2175 4577 matamne
2200 4519 2304 4574 dici
2334 4534 2454 4573 eam
2481 4518 2647 4572 velint
2678 4532 2746 4571 an
2780 4518 3156 4574 inanimatam.

1972 4608 2237 4677 Denique,
2266 4609 2311 4664 si
2338 4624 2537 4679 corpus
2563 4623 2723 4662 omne
2748 4607 3005 4675 colorem,
3029 4610 3378 4679 quantitatem
3409 4620 3459 4664 et

1901 4700 2129 4770 ﬁguram
2156 4700 2356 4766 habet;
2391 4700 2524 4754 nihil
2552 4710 2730 4755 autem
2757 4700 3024 4770 ejusmodi
3055 4701 3108 4755 in
3131 4702 3309 4756 anima
3332 4716 3457 4757 con-

1902 4795 2129 4865 spicitur
2154 4813 2166 4847 :
2200 4809 2307 4848 non
2340 4793 2509 4862 igitur
2528 4792 2705 4847 anima
2732 4802 2814 4847 est
2840 4807 3057 4861 corpus.

2152 4889 2233 4939 An
2260 4885 2479 4955 simplex
2508 4886 2578 4939 sit
2612 4885 2793 4937 anima
2842 4901 2909 4937 an
2936 4887 3245 4953 composila.

1970 4977 2033 5031 ν.
2081 4977 2159 5032 Ex
2184 4979 2381 5048 quibus
2410 4992 2537 5049 ergo
2568 4978 2748 5032 anima
2775 4977 3016 5046 corporis
3049 4992 3243 5045 expers
3271 4988 3452 5032 osten-

1895 5070 2063 5133 ditur,
2098 5087 2163 5125 ex
2202 5071 2270 5125 iis
2300 5068 2640 5139 potissimum
2669 5069 2832 5125 etiam
2856 5068 3081 5138 simplex
3112 5069 3453 5124 demonstra-

1896 5171 2003 5217 tur.
2036 5160 2169 5217 Nam
2197 5163 2241 5217 si
2266 5177 2464 5232 corpus
2484 5178 2591 5216 non
2620 5172 2722 5229 est,
2743 5171 2797 5218 et
2821 5176 2983 5217 omne
3008 5174 3206 5230 corpus
3232 5175 3449 5230 compo-

1894 5255 2055 5309 situm
2102 5264 2220 5321 est;
2255 5254 2614 5323 compositum
2641 5264 2821 5310 autem
2850 5269 2915 5309 ex
2942 5253 3188 5323 partibus
3218 5263 3448 5319 constet,

1892 5362 1992 5403 nec
2031 5349 2261 5418 plurium
2306 5345 2523 5418 quidem
2565 5349 2801 5418 partium
2830 5348 2949 5403 erit.
2979 5346 3115 5403 Cum
3142 5354 3322 5404 autem
3361 5348 3446 5402 in-

1890 5454 2147 5507 corporea
2182 5439 2283 5503 sit,
2327 5440 2553 5509 simplex
2597 5441 2733 5504 erit;
2766 5438 3027 5508 quoniam
3056 5454 3162 5494 non
3194 5449 3276 5496 est
3300 5456 3442 5499 com-

1888 5528 2081 5596 posita,
2117 5545 2291 5601 neque
2320 5530 2374 5584 in
2402 5538 2584 5600 partes
2618 5513 2889 5584 secabilis.

2193 5625 2271 5676 An
2304 5623 2617 5677 immortalis
2651 5633 2829 5677 nostra
2858 5624 2926 5677 sit
2958 5624 3155 5676 anima.

1894 5790 1898 5793 _
1971 5710 2049 5766 Vl.
2104 5712 2449 5785 Consequens
2500 5733 2627 5773 vero
2678 5717 2808 5771 mihi
2840 5716 3069 5783 videtur,
3110 5717 3336 5786 utquod
3365 5732 3443 5774 est
