  <div class='ocr_page' id='page_1' title='image "/cluster/home/n/w/nwhite01/storage/ocr_20150623/10/hvd.32044073501330/591.png"; bbox 0 0 3938 6282; ppageno 0'>
   <div class='ocr_carea' id='block_1_1' title="bbox 546 291 687 347">
    <p class='ocr_par' dir='ltr' id='par_1_1' title="bbox 546 291 687 347">
     <span class='ocr_line' id='line_1_1' title="bbox 546 291 687 347; baseline -0.007 0"><span class='ocrx_word' id='word_1_1' title='bbox 546 291 687 347; x_wconf 75' lang='grc'><strong>1145</strong></span> 
     </span>
    </p>
   </div>
   <div class='ocr_carea' id='block_1_2' title="bbox 1205 277 3144 348">
    <p class='ocr_par' dir='ltr' id='par_1_2' title="bbox 1205 277 3144 348">
     <span class='ocr_line' id='line_1_2' title="bbox 1205 277 3144 348; baseline -0.006 -7"><span class='ocrx_word' id='word_1_2' title='bbox 1205 285 1263 342; x_wconf 92' lang='lat' dir='ltr'><strong>S.</strong></span> <span class='ocrx_word' id='word_1_3' title='bbox 1310 282 1644 348; x_wconf 81' lang='lat' dir='ltr'><strong>GREGORII</strong></span> <span class='ocrx_word' id='word_1_4' title='bbox 1678 279 2033 340; x_wconf 79' lang='lat' dir='ltr'><strong>THAUMAT.</strong></span> <span class='ocrx_word' id='word_1_5' title='bbox 2074 281 2221 337; x_wconf 81' lang='lat' dir='ltr'><strong>OPP.</strong></span> <span class='ocrx_word' id='word_1_6' title='bbox 2275 280 2456 338; x_wconf 77' lang='lat' dir='ltr'><strong>PARS</strong></span> <span class='ocrx_word' id='word_1_7' title='bbox 2487 279 2780 337; x_wconf 76' lang='lat' dir='ltr'><strong>ALTERA.</strong></span> <span class='ocrx_word' id='word_1_8' title='bbox 2822 310 2887 319; x_wconf 87' lang='lat'><strong>—-</strong></span> <span class='ocrx_word' id='word_1_9' title='bbox 2920 277 3144 334; x_wconf 78' lang='lat' dir='ltr'><strong>DUBIA.</strong></span> 
     </span>
    </p>
   </div>
   <div class='ocr_carea' id='block_1_3' title="bbox 3576 286 3680 341">
    <p class='ocr_par' dir='ltr' id='par_1_3' title="bbox 3576 286 3680 341">
     <span class='ocr_line' id='line_1_3' title="bbox 3576 286 3680 341; baseline 0.019 -2"><span class='ocrx_word' id='word_1_10' title='bbox 3576 286 3680 341; x_wconf 67' lang='grc'><strong>1144</strong></span> 
     </span>
    </p>
   </div>
   <div class='ocr_carea' id='block_1_4' title="bbox 541 390 2107 473">
    <p class='ocr_par' dir='ltr' id='par_1_4' title="bbox 541 396 2107 473">
     <span class='ocr_line' id='line_1_4' title="bbox 541 396 2107 473; baseline -0.008 -10"><span class='ocrx_word' id='word_1_11' title='bbox 541 404 794 473; x_wconf 79' lang='lat' dir='ltr'><strong>simplex,</strong></span> <span class='ocrx_word' id='word_1_12' title='bbox 835 403 998 457; x_wconf 90' lang='lat' dir='ltr'><strong>etiam</strong></span> <span class='ocrx_word' id='word_1_13' title='bbox 1050 400 1124 456; x_wconf 87' lang='lat' dir='ltr'><strong>sit</strong></span> <span class='ocrx_word' id='word_1_14' title='bbox 1163 398 1490 454; x_wconf 79' lang='lat' dir='ltr'><strong>immortale.</strong></span> <span class='ocrx_word' id='word_1_15' title='bbox 1542 397 1607 453; x_wconf 86' lang='lat' dir='ltr'><strong>Et</strong></span> <span class='ocrx_word' id='word_1_16' title='bbox 1636 411 1747 468; x_wconf 91' lang='lat' dir='ltr'><strong>quo</strong></span> <span class='ocrx_word' id='word_1_17' title='bbox 1773 404 1931 468; x_wconf 90' lang='lat' dir='ltr'><strong>pacto</strong></span> <span class='ocrx_word' id='word_1_18' title='bbox 1957 396 2107 462; x_wconf 83' lang='lat' dir='ltr'><strong>illud,</strong></span> 
     </span>
    </p>
   </div>
   <div class='ocr_carea' id='block_1_5' title="bbox 2208 390 3686 473">
    <p class='ocr_par' dir='ltr' id='par_1_5' title="bbox 2216 390 3686 460">
     <span class='ocr_line' id='line_1_5' title="bbox 2216 390 3686 460; baseline 0.001 -11"><span class='ocrx_word' id='word_1_19' title='bbox 2216 396 2328 449; x_wconf 76' lang='grc' dir='ltr'><strong>Καὶ</strong></span> <span class='ocrx_word' id='word_1_20' title='bbox 2357 396 2523 460; x_wconf 83' lang='grc' dir='ltr'>ὅπως,</span> <span class='ocrx_word' id='word_1_21' title='bbox 2558 394 2786 449; x_wconf 78' lang='grc' dir='ltr'>ἄκουσον</span> <span class='ocrx_word' id='word_1_22' title='bbox 2805 411 2819 424; x_wconf 74' lang='grc' dir='ltr'><strong><em>ο</em></strong></span> <span class='ocrx_word' id='word_1_23' title='bbox 2846 392 3008 447; x_wconf 77' lang='grc' dir='ltr'>Οὐδὲν</span> <span class='ocrx_word' id='word_1_24' title='bbox 3032 390 3141 445; x_wconf 83' lang='grc' dir='ltr'><strong>τῶν</strong></span> <span class='ocrx_word' id='word_1_25' title='bbox 3171 390 3354 457; x_wconf 77' lang='grc' dir='ltr'>ὄντων,</span> <span class='ocrx_word' id='word_1_26' title='bbox 3382 392 3498 447; x_wconf 76' lang='grc' dir='ltr'>αὐτὸ</span> <span class='ocrx_word' id='word_1_27' title='bbox 3536 396 3686 460; x_wconf 63' lang='lat' dir='ltr'><strong>tuum;</strong></span> 
     </span>
    </p>
   </div>
   <div class='ocr_carea' id='block_1_6' title="bbox 543 490 2107 562">
    <p class='ocr_par' dir='ltr' id='par_1_6' title="bbox 543 490 2107 562">
     <span class='ocr_line' id='line_1_6' title="bbox 543 490 2107 562; baseline -0.008 -7"><span class='ocrx_word' id='word_1_28' title='bbox 543 498 788 555; x_wconf 83' lang='lat' dir='ltr'><strong>ausculta</strong></span> <span class='ocrx_word' id='word_1_29' title='bbox 819 492 1004 551; x_wconf 68' lang='lat' dir='ltr'><strong>:Nihil</strong></span> <span class='ocrx_word' id='word_1_30' title='bbox 1034 507 1223 548; x_wconf 90' lang='lat' dir='ltr'><strong>eorum</strong></span> <span class='ocrx_word' id='word_1_31' title='bbox 1251 506 1373 562; x_wconf 68' lang='lat' dir='ltr'><strong>quae.</strong></span> <span class='ocrx_word' id='word_1_32' title='bbox 1410 498 1559 553; x_wconf 91' lang='lat' dir='ltr'><strong>sunt,</strong></span> <span class='ocrx_word' id='word_1_33' title='bbox 1592 490 1828 560; x_wconf 90' lang='lat' dir='ltr'><strong>seipsum</strong></span> <span class='ocrx_word' id='word_1_34' title='bbox 1862 503 2107 544; x_wconf 83' lang='lat' dir='ltr'><strong>corrum-</strong></span> 
     </span>
    </p>
   </div>
   <div class='ocr_carea' id='block_1_7' title="bbox 542 580 2102 655">
    <p class='ocr_par' dir='ltr' id='par_1_7' title="bbox 542 580 2102 655">
     <span class='ocr_line' id='line_1_7' title="bbox 542 580 2102 655; baseline -0.006 -13"><span class='ocrx_word' id='word_1_35' title='bbox 542 588 658 654; x_wconf 78' lang='lat' dir='ltr'><strong>pit;</strong></span> <span class='ocrx_word' id='word_1_36' title='bbox 714 584 956 655; x_wconf 84' lang='lat' dir='ltr'><strong>alioquin</strong></span> <span class='ocrx_word' id='word_1_37' title='bbox 990 583 1137 639; x_wconf 91' lang='lat' dir='ltr'><strong>enim</strong></span> <span class='ocrx_word' id='word_1_38' title='bbox 1175 597 1245 637; x_wconf 93' lang='lat' dir='ltr'><strong>ne</strong></span> <span class='ocrx_word' id='word_1_39' title='bbox 1280 581 1437 637; x_wconf 89' lang='lat' dir='ltr'><strong>initio</strong></span> <span class='ocrx_word' id='word_1_40' title='bbox 1482 582 1700 651; x_wconf 88' lang='lat' dir='ltr'><strong>quidem</strong></span> <span class='ocrx_word' id='word_1_41' title='bbox 1756 580 2102 636; x_wconf 71' lang='lat' dir='ltr'><strong>constitisset.</strong></span> 
     </span>
    </p>
   </div>
   <div class='ocr_carea' id='block_1_8' title="bbox 534 669 2107 740">
    <p class='ocr_par' dir='ltr' id='par_1_8' title="bbox 534 669 2107 740">
     <span class='ocr_line' id='line_1_8' title="bbox 534 669 2107 740; baseline -0.004 -13"><span class='ocrx_word' id='word_1_42' title='bbox 534 672 673 740; x_wconf 66' lang='lat' dir='ltr'><strong>Quae</strong></span> <span class='ocrx_word' id='word_1_43' title='bbox 714 679 895 726; x_wconf 86' lang='lat' dir='ltr'><strong>autem</strong></span> <span class='ocrx_word' id='word_1_44' title='bbox 941 679 1398 740; x_wconf 87' lang='lat' dir='ltr'><strong>corrumpuntur,</strong></span> <span class='ocrx_word' id='word_1_45' title='bbox 1432 684 1499 723; x_wconf 76' lang='lat' dir='ltr'><strong>ex</strong></span> <span class='ocrx_word' id='word_1_46' title='bbox 1539 669 1829 724; x_wconf 86' lang='lat' dir='ltr'><strong>contrariis</strong></span> <span class='ocrx_word' id='word_1_47' title='bbox 1860 683 2107 723; x_wconf 63' lang='lat' dir='ltr'><strong>carrum»</strong></span> 
     </span>
    </p>
   </div>
   <div class='ocr_carea' id='block_1_9' title="bbox 538 758 2104 831">
    <p class='ocr_par' dir='ltr' id='par_1_9' title="bbox 538 758 2104 831">
     <span class='ocr_line' id='line_1_9' title="bbox 538 758 2104 831; baseline 0.001 -18"><span class='ocrx_word' id='word_1_48' title='bbox 538 772 764 830; x_wconf 77' lang='lat' dir='ltr'><strong>punitur.</strong></span> <span class='ocrx_word' id='word_1_49' title='bbox 795 758 931 816; x_wconf 86' lang='lat' dir='ltr'><strong>Nam</strong></span> <span class='ocrx_word' id='word_1_50' title='bbox 966 776 1128 817; x_wconf 90' lang='lat' dir='ltr'><strong>omne</strong></span> <span class='ocrx_word' id='word_1_51' title='bbox 1154 760 1297 831; x_wconf 90' lang='lat' dir='ltr'><strong>quod</strong></span> <span class='ocrx_word' id='word_1_52' title='bbox 1332 761 1724 830; x_wconf 85' lang='lat' dir='ltr'><strong>corrumpitur,</strong></span> <span class='ocrx_word' id='word_1_53' title='bbox 1754 760 2104 826; x_wconf 85' lang='lat' dir='ltr'><strong>dissolvitur;</strong></span> 
     </span>
    </p>
   </div>
   <div class='ocr_carea' id='block_1_10' title="bbox 538 849 2105 925">
    <p class='ocr_par' dir='ltr' id='par_1_10' title="bbox 538 849 2105 925">
     <span class='ocr_line' id='line_1_10' title="bbox 538 849 2105 925; baseline 0 -20"><span class='ocrx_word' id='word_1_54' title='bbox 538 851 687 925; x_wconf 85' lang='lat' dir='ltr'><strong>quod</strong></span> <span class='ocrx_word' id='word_1_55' title='bbox 716 851 1049 917; x_wconf 82' lang='lat' dir='ltr'><strong>dissolvitur,</strong></span> <span class='ocrx_word' id='word_1_56' title='bbox 1092 849 1455 921; x_wconf 85' lang='lat' dir='ltr'><strong>compositum</strong></span> <span class='ocrx_word' id='word_1_57' title='bbox 1503 859 1615 917; x_wconf 91' lang='lat' dir='ltr'><strong>est;</strong></span> <span class='ocrx_word' id='word_1_58' title='bbox 1647 860 1703 905; x_wconf 87' lang='lat' dir='ltr'><strong>at</strong></span> <span class='ocrx_word' id='word_1_59' title='bbox 1727 850 2105 920; x_wconf 87' lang='lat' dir='ltr'><strong>compositum,</strong></span> 
     </span>
    </p>
   </div>
   <div class='ocr_carea' id='block_1_11' title="bbox 542 941 2107 1013">
    <p class='ocr_par' dir='ltr' id='par_1_11' title="bbox 542 941 2107 1013">
     <span class='ocr_line' id='line_1_11' title="bbox 542 941 2107 1013; baseline -0.001 -16"><span class='ocrx_word' id='word_1_60' title='bbox 542 942 834 998; x_wconf 86' lang='lat' dir='ltr'><strong>multarum</strong></span> <span class='ocrx_word' id='word_1_61' title='bbox 868 951 951 999; x_wconf 86' lang='lat' dir='ltr'><strong>est</strong></span> <span class='ocrx_word' id='word_1_62' title='bbox 980 943 1215 1013; x_wconf 87' lang='lat' dir='ltr'><strong>partium</strong></span> <span class='ocrx_word' id='word_1_63' title='bbox 1239 960 1255 1010; x_wconf 91' lang='lat'><strong>;</strong></span> <span class='ocrx_word' id='word_1_64' title='bbox 1278 942 1498 1013; x_wconf 81' lang='lat' dir='ltr'><strong>quodex</strong></span> <span class='ocrx_word' id='word_1_65' title='bbox 1518 941 1764 1012; x_wconf 88' lang='lat' dir='ltr'><strong>partibus</strong></span> <span class='ocrx_word' id='word_1_66' title='bbox 1792 950 2023 1008; x_wconf 90' lang='lat' dir='ltr'><strong>constat,</strong></span> <span class='ocrx_word' id='word_1_67' title='bbox 2040 957 2107 996; x_wconf 80' lang='lat' dir='ltr'><strong>ex</strong></span> 
     </span>
    </p>
   </div>
   <div class='ocr_carea' id='block_1_12' title="bbox 536 1032 2108 1105">
    <p class='ocr_par' dir='ltr' id='par_1_12' title="bbox 536 1032 2108 1105">
     <span class='ocr_line' id='line_1_12' title="bbox 536 1032 2108 1105; baseline -0.002 -13"><span class='ocrx_word' id='word_1_68' title='bbox 536 1036 614 1093; x_wconf 81' lang='lat' dir='ltr'><strong>iis</strong></span> <span class='ocrx_word' id='word_1_69' title='bbox 651 1035 858 1092; x_wconf 85' lang='lat' dir='ltr'><strong>scilicet</strong></span> <span class='ocrx_word' id='word_1_70' title='bbox 898 1032 1566 1101; x_wconf 66' lang='lat' dir='ltr'><strong>constat&#39;diﬂ‘erentibus;</strong></span> <span class='ocrx_word' id='word_1_71' title='bbox 1608 1034 1753 1105; x_wconf 89' lang='lat' dir='ltr'><strong>quod</strong></span> <span class='ocrx_word' id='word_1_72' title='bbox 1798 1050 1929 1091; x_wconf 91' lang='lat' dir='ltr'><strong>vero</strong></span> <span class='ocrx_word' id='word_1_73' title='bbox 1956 1032 2108 1089; x_wconf 83' lang='lat' dir='ltr'><strong>diﬂ&#39;e-</strong></span> 
     </span>
    </p>
   </div>
   <div class='ocr_carea' id='block_1_13' title="bbox 537 1127 2107 1197">
    <p class='ocr_par' dir='ltr' id='par_1_13' title="bbox 537 1127 2107 1197">
     <span class='ocr_line' id='line_1_13' title="bbox 537 1127 2107 1197; baseline -0.002 -14"><span class='ocrx_word' id='word_1_74' title='bbox 537 1143 670 1184; x_wconf 88' lang='lat' dir='ltr'><strong>rens</strong></span> <span class='ocrx_word' id='word_1_75' title='bbox 710 1136 827 1195; x_wconf 89' lang='lat' dir='ltr'><strong>est,</strong></span> <span class='ocrx_word' id='word_1_76' title='bbox 868 1128 1009 1184; x_wconf 89' lang='lat' dir='ltr'><strong>idem</strong></span> <span class='ocrx_word' id='word_1_77' title='bbox 1040 1143 1149 1183; x_wconf 92' lang='lat' dir='ltr'><strong>non</strong></span> <span class='ocrx_word' id='word_1_78' title='bbox 1180 1136 1265 1184; x_wconf 88' lang='lat' dir='ltr'><strong>est</strong></span> <span class='ocrx_word' id='word_1_79' title='bbox 1296 1128 1687 1197; x_wconf 88' lang='lat' dir='ltr'><strong>:quamobrem</strong></span> <span class='ocrx_word' id='word_1_80' title='bbox 1723 1142 1847 1182; x_wconf 89' lang='lat' dir='ltr'><strong>cum</strong></span> <span class='ocrx_word' id='word_1_81' title='bbox 1878 1127 2107 1197; x_wconf 79' lang='lat' dir='ltr'><strong>simplex</strong></span> 
     </span>
    </p>
   </div>
   <div class='ocr_carea' id='block_1_14' title="bbox 530 1220 2104 1292">
    <p class='ocr_par' dir='ltr' id='par_1_14' title="bbox 530 1220 2104 1292">
     <span class='ocr_line' id='line_1_14' title="bbox 530 1220 2104 1292; baseline -0.004 -13"><span class='ocrx_word' id='word_1_82' title='bbox 530 1223 611 1280; x_wconf 85' lang='lat' dir='ltr'><strong>sit</strong></span> <span class='ocrx_word' id='word_1_83' title='bbox 631 1222 848 1286; x_wconf 85' lang='lat' dir='ltr'><strong>anima.</strong></span> <span class='ocrx_word' id='word_1_84' title='bbox 907 1236 1083 1292; x_wconf 89' lang='lat' dir='ltr'><strong>neque</strong></span> <span class='ocrx_word' id='word_1_85' title='bbox 1128 1236 1195 1276; x_wconf 81' lang='lat' dir='ltr'><strong>ex</strong></span> <span class='ocrx_word' id='word_1_86' title='bbox 1247 1222 1495 1292; x_wconf 81' lang='lat' dir='ltr'><strong>pluribus</strong></span> <span class='ocrx_word' id='word_1_87' title='bbox 1549 1220 1796 1291; x_wconf 84' lang='lat' dir='ltr'><strong>partibus</strong></span> <span class='ocrx_word' id='word_1_88' title='bbox 1855 1227 2104 1284; x_wconf 81' lang='lat' dir='ltr'><strong>constet,</strong></span> 
     </span>
    </p>
   </div>
   <div class='ocr_carea' id='block_1_15' title="bbox 538 1309 2106 1384">
    <p class='ocr_par' dir='ltr' id='par_1_15' title="bbox 538 1309 2106 1384">
     <span class='ocr_line' id='line_1_15' title="bbox 538 1309 2106 1384; baseline -0.003 -17"><span class='ocrx_word' id='word_1_89' title='bbox 538 1313 669 1383; x_wconf 83' lang='lat' dir='ltr'><strong>quia</strong></span> <span class='ocrx_word' id='word_1_90' title='bbox 715 1329 818 1370; x_wconf 87' lang='lat' dir='ltr'><strong>nec</strong></span> <span class='ocrx_word' id='word_1_91' title='bbox 847 1313 1148 1384; x_wconf 87' lang='lat' dir='ltr'><strong>composita</strong></span> <span class='ocrx_word' id='word_1_92' title='bbox 1182 1323 1285 1376; x_wconf 89' lang='lat' dir='ltr'><strong>est,</strong></span> <span class='ocrx_word' id='word_1_93' title='bbox 1308 1327 1409 1367; x_wconf 89' lang='lat' dir='ltr'><strong>nec</strong></span> <span class='ocrx_word' id='word_1_94' title='bbox 1434 1312 1658 1367; x_wconf 86' lang='lat' dir='ltr'><strong>dissolvi</strong></span> <span class='ocrx_word' id='word_1_95' title='bbox 1688 1321 1898 1381; x_wconf 86' lang='lat' dir='ltr'><strong>potest,</strong></span> <span class='ocrx_word' id='word_1_96' title='bbox 1928 1309 2106 1380; x_wconf 75' lang='lat' dir='ltr'><strong>sequi-</strong></span> 
     </span>
    </p>
   </div>
   <div class='ocr_carea' id='block_1_16' title="bbox 535 1393 1925 1475">
    <p class='ocr_par' dir='ltr' id='par_1_16' title="bbox 535 1393 1925 1475">
     <span class='ocr_line' id='line_1_16' title="bbox 535 1393 1925 1475; baseline -0.001 -16"><span class='ocrx_word' id='word_1_97' title='bbox 535 1393 628 1464; x_wconf 62' lang='lat' dir='ltr'><strong>tur</strong></span> <span class='ocrx_word' id='word_1_98' title='bbox 656 1420 777 1467; x_wconf 78' lang='lat' dir='ltr'><strong>eam</strong></span> <span class='ocrx_word' id='word_1_99' title='bbox 808 1404 1279 1475; x_wconf 86' lang='lat' dir='ltr'><strong>incorruptibilem</strong></span> <span class='ocrx_word' id='word_1_100' title='bbox 1306 1414 1360 1459; x_wconf 93' lang='lat' dir='ltr'><strong>et</strong></span> <span class='ocrx_word' id='word_1_101' title='bbox 1388 1403 1751 1459; x_wconf 85' lang='lat' dir='ltr'><strong>immortalem</strong></span> <span class='ocrx_word' id='word_1_102' title='bbox 1781 1417 1925 1457; x_wconf 87' lang='lat' dir='ltr'><strong>esse.</strong></span> 
     </span>
    </p>
   </div>
   <div class='ocr_carea' id='block_1_17' title="bbox 613 1494 2109 1566">
    <p class='ocr_par' dir='ltr' id='par_1_17' title="bbox 613 1494 2109 1566">
     <span class='ocr_line' id='line_1_17' title="bbox 613 1494 2109 1566; baseline -0.001 -19"><span class='ocrx_word' id='word_1_103' title='bbox 613 1494 900 1562; x_wconf 74' lang='lat' dir='ltr'><strong>Praeterea,</strong></span> <span class='ocrx_word' id='word_1_104' title='bbox 946 1495 1212 1566; x_wconf 85' lang='lat' dir='ltr'><strong>quidquid</strong></span> <span class='ocrx_word' id='word_1_105' title='bbox 1252 1495 1429 1550; x_wconf 87' lang='lat' dir='ltr'><strong>alieno</strong></span> <span class='ocrx_word' id='word_1_106' title='bbox 1484 1494 1655 1550; x_wconf 87' lang='lat' dir='ltr'><strong>cietur</strong></span> <span class='ocrx_word' id='word_1_107' title='bbox 1695 1501 1865 1557; x_wconf 91' lang='lat' dir='ltr'><strong>motu,</strong></span> <span class='ocrx_word' id='word_1_108' title='bbox 1915 1507 2015 1549; x_wconf 87' lang='lat' dir='ltr'><strong>nec</strong></span> <span class='ocrx_word' id='word_1_109' title='bbox 2041 1507 2109 1548; x_wconf 76' lang='lat' dir='ltr'><strong>ex</strong></span> 
     </span>
    </p>
   </div>
   <div class='ocr_carea' id='block_1_18' title="bbox 537 1583 2110 1657">
    <p class='ocr_par' dir='ltr' id='par_1_18' title="bbox 537 1583 2110 1657">
     <span class='ocr_line' id='line_1_18' title="bbox 537 1583 2110 1657; baseline -0.002 -17"><span class='ocrx_word' id='word_1_110' title='bbox 537 1587 760 1657; x_wconf 80' lang='lat' dir='ltr'><strong>seipso,</strong></span> <span class='ocrx_word' id='word_1_111' title='bbox 808 1588 902 1643; x_wconf 87' lang='lat' dir='ltr'><strong>sed</strong></span> <span class='ocrx_word' id='word_1_112' title='bbox 946 1603 1015 1643; x_wconf 83' lang='lat' dir='ltr'><strong>ex</strong></span> <span class='ocrx_word' id='word_1_113' title='bbox 1062 1603 1162 1652; x_wconf 89' lang='lat' dir='ltr'><strong>eo,</strong></span> <span class='ocrx_word' id='word_1_114' title='bbox 1202 1601 1233 1641; x_wconf 88' lang='lat' dir='ltr'><strong>a</strong></span> <span class='ocrx_word' id='word_1_115' title='bbox 1266 1602 1377 1657; x_wconf 88' lang='lat' dir='ltr'><strong>quo</strong></span> <span class='ocrx_word' id='word_1_116' title='bbox 1407 1595 1675 1650; x_wconf 87' lang='lat' dir='ltr'><strong>movetur,</strong></span> <span class='ocrx_word' id='word_1_117' title='bbox 1704 1584 1916 1639; x_wconf 85' lang='lat' dir='ltr'><strong>vivendi</strong></span> <span class='ocrx_word' id='word_1_118' title='bbox 1947 1583 2110 1639; x_wconf 82' lang='lat' dir='ltr'><strong>habet</strong></span> 
     </span>
    </p>
   </div>
   <div class='ocr_carea' id='block_1_19' title="bbox 540 1676 2108 1749">
    <p class='ocr_par' dir='ltr' id='par_1_19' title="bbox 540 1676 2108 1749">
     <span class='ocr_line' id='line_1_19' title="bbox 540 1676 2108 1749; baseline -0.001 -17"><span class='ocrx_word' id='word_1_119' title='bbox 540 1677 888 1746; x_wconf 75' lang='lat' dir='ltr'><strong>facultatem;</strong></span> <span class='ocrx_word' id='word_1_120' title='bbox 938 1679 1069 1734; x_wconf 91' lang='lat' dir='ltr'><strong>illud</strong></span> <span class='ocrx_word' id='word_1_121' title='bbox 1100 1678 1286 1733; x_wconf 91' lang='lat' dir='ltr'><strong>tandiu</strong></span> <span class='ocrx_word' id='word_1_122' title='bbox 1318 1687 1616 1749; x_wconf 88' lang='lat' dir='ltr'><strong>permanet,</strong></span> <span class='ocrx_word' id='word_1_123' title='bbox 1648 1676 1890 1746; x_wconf 89' lang='lat' dir='ltr'><strong>quandiu</strong></span> <span class='ocrx_word' id='word_1_124' title='bbox 1920 1676 1989 1731; x_wconf 90' lang='lat' dir='ltr'><strong>ab</strong></span> <span class='ocrx_word' id='word_1_125' title='bbox 2017 1676 2108 1730; x_wconf 91' lang='lat' dir='ltr'><strong>illa</strong></span> 
     </span>
    </p>
   </div>
   <div class='ocr_carea' id='block_1_20' title="bbox 2209 479 3686 562">
    <p class='ocr_par' dir='ltr' id='par_1_20' title="bbox 2209 479 3686 562">
     <span class='ocr_line' id='line_1_20' title="bbox 2209 479 3686 562; baseline 0.001 -23"><span class='ocrx_word' id='word_1_126' title='bbox 2209 486 2500 556; x_wconf 82' lang='grc' dir='ltr'>φθαρτικόν</span> <span class='ocrx_word' id='word_1_127' title='bbox 2532 486 2697 547; x_wconf 77' lang='grc' dir='ltr'>ἐστιν,</span> <span class='ocrx_word' id='word_1_128' title='bbox 2734 482 2857 538; x_wconf 73' lang='grc' dir='ltr'>ἐπεὶ</span> <span class='ocrx_word' id='word_1_129' title='bbox 2883 483 2980 536; x_wconf 78' lang='grc' dir='ltr'>οὐκ</span> <span class='ocrx_word' id='word_1_130' title='bbox 3002 483 3069 536; x_wconf 82' lang='grc' dir='ltr'><strong>ἂν</strong></span> <span class='ocrx_word' id='word_1_131' title='bbox 3088 479 3195 533; x_wconf 68' lang='grc' dir='ltr'>οὔτ’</span> <span class='ocrx_word' id='word_1_132' title='bbox 3218 480 3273 547; x_wconf 77' lang='grc' dir='ltr'>ἐξ</span> <span class='ocrx_word' id='word_1_133' title='bbox 3302 483 3459 555; x_wconf 78' lang='grc' dir='ltr'>ἀρχῆς</span> <span class='ocrx_word' id='word_1_134' title='bbox 3485 488 3686 562; x_wconf 70' lang='grc' dir='ltr'>σδνέπη.</span> 
     </span>
    </p>
   </div>
   <div class='ocr_carea' id='block_1_21' title="bbox 2208 574 3690 648">
    <p class='ocr_par' dir='ltr' id='par_1_21' title="bbox 2208 574 3690 648">
     <span class='ocr_line' id='line_1_21' title="bbox 2208 574 3690 648; baseline 0.003 -20"><span class='ocrx_word' id='word_1_135' title='bbox 2208 575 2288 629; x_wconf 82' lang='grc' dir='ltr'><strong>Τὰ</strong></span> <span class='ocrx_word' id='word_1_136' title='bbox 2315 575 2422 648; x_wconf 76' lang='grc' dir='ltr'>γὰρ</span> <span class='ocrx_word' id='word_1_137' title='bbox 2451 574 2802 647; x_wconf 73' lang='grc' dir='ltr'><strong>φθειρόμενα,</strong></span> <span class='ocrx_word' id='word_1_138' title='bbox 2825 576 2890 628; x_wconf 84' lang='grc' dir='ltr'><strong>ὲκ</strong></span> <span class='ocrx_word' id='word_1_139' title='bbox 2919 574 3024 627; x_wconf 84' lang='grc' dir='ltr'><strong>τῶν</strong></span> <span class='ocrx_word' id='word_1_140' title='bbox 3047 574 3296 628; x_wconf 78' lang='grc' dir='ltr'><strong>ἐναντίων</strong></span> <span class='ocrx_word' id='word_1_141' title='bbox 3320 574 3611 646; x_wconf 66' lang='grc' dir='ltr'>φθείρονται·</span> <span class='ocrx_word' id='word_1_142' title='bbox 3630 580 3690 634; x_wconf 78' lang='grc' dir='ltr'><strong>διὸ</strong></span> 
     </span>
    </p>
   </div>
   <div class='ocr_carea' id='block_1_22' title="bbox 2207 664 3691 738">
    <p class='ocr_par' dir='ltr' id='par_1_22' title="bbox 2207 664 3691 738">
     <span class='ocr_line' id='line_1_22' title="bbox 2207 664 3691 738; baseline 0.001 -17"><span class='ocrx_word' id='word_1_143' title='bbox 2207 669 2315 721; x_wconf 83' lang='grc' dir='ltr'><strong>πᾶν</strong></span> <span class='ocrx_word' id='word_1_144' title='bbox 2345 665 2715 738; x_wconf 79' lang='grc' dir='ltr'><strong>φθειρόμενον,</strong></span> <span class='ocrx_word' id='word_1_145' title='bbox 2748 664 2989 720; x_wconf 89' lang='grc' dir='ltr'>διαλυτόν</span> <span class='ocrx_word' id='word_1_146' title='bbox 3011 666 3128 719; x_wconf 78' lang='grc' dir='ltr'>ἐστι</span> <span class='ocrx_word' id='word_1_147' title='bbox 3148 682 3162 695; x_wconf 89' lang='grc'><strong>·</strong></span> <span class='ocrx_word' id='word_1_148' title='bbox 3191 666 3251 719; x_wconf 81' lang='grc' dir='ltr'><strong>τὸ</strong></span> <span class='ocrx_word' id='word_1_149' title='bbox 3271 665 3325 719; x_wconf 84' lang='grc' dir='ltr'><strong>δὲ</strong></span> <span class='ocrx_word' id='word_1_150' title='bbox 3353 665 3581 733; x_wconf 79' lang='grc' dir='ltr'>διαλυτὸν,</span> <span class='ocrx_word' id='word_1_151' title='bbox 3597 672 3691 725; x_wconf 74' lang='grc' dir='ltr'>σύνι</span> 
     </span>
    </p>
   </div>
   <div class='ocr_carea' id='block_1_23' title="bbox 2208 754 3693 833">
    <p class='ocr_par' dir='ltr' id='par_1_23' title="bbox 2208 754 3693 833">
     <span class='ocr_line' id='line_1_23' title="bbox 2208 754 3693 833; baseline 0.001 -22"><span class='ocrx_word' id='word_1_152' title='bbox 2208 758 2357 813; x_wconf 89' lang='grc' dir='ltr'>θετον</span> <span class='ocrx_word' id='word_1_153' title='bbox 2378 775 2392 789; x_wconf 75' lang='grc' dir='ltr'><strong>ο</strong></span> <span class='ocrx_word' id='word_1_154' title='bbox 2421 757 2482 811; x_wconf 81' lang='grc' dir='ltr'>τὸ</span> <span class='ocrx_word' id='word_1_155' title='bbox 2512 757 2571 810; x_wconf 83' lang='grc' dir='ltr'>δὲ</span> <span class='ocrx_word' id='word_1_156' title='bbox 2600 754 2877 821; x_wconf 89' lang='grc' dir='ltr'>σύνθετον,</span> <span class='ocrx_word' id='word_1_157' title='bbox 2919 756 3250 829; x_wconf 70' lang='grc' dir='ltr'><strong>πολυμερὲς·</strong></span> <span class='ocrx_word' id='word_1_158' title='bbox 3292 755 3349 810; x_wconf 82' lang='grc' dir='ltr'><strong>τὸ</strong></span> <span class='ocrx_word' id='word_1_159' title='bbox 3386 756 3438 810; x_wconf 83' lang='grc' dir='ltr'><strong>δὲ</strong></span> <span class='ocrx_word' id='word_1_160' title='bbox 3469 758 3526 812; x_wconf 83' lang='grc' dir='ltr'><strong>ὲκ</strong></span> <span class='ocrx_word' id='word_1_161' title='bbox 3554 762 3693 833; x_wconf 80' lang='grc' dir='ltr'>μερῶν</span> 
     </span>
    </p>
   </div>
   <div class='ocr_carea' id='block_1_24' title="bbox 2209 848 3695 923">
    <p class='ocr_par' dir='ltr' id='par_1_24' title="bbox 2209 848 3695 923">
     <span class='ocr_line' id='line_1_24' title="bbox 2209 848 3695 923; baseline -0.001 -18"><span class='ocrx_word' id='word_1_162' title='bbox 2209 850 2580 922; x_wconf 77' lang='grc' dir='ltr'><strong>συγκείμενον,</strong></span> <span class='ocrx_word' id='word_1_163' title='bbox 2618 850 2775 920; x_wconf 80' lang='grc' dir='ltr'>δῆλον</span> <span class='ocrx_word' id='word_1_164' title='bbox 2804 850 2886 903; x_wconf 81' lang='grc' dir='ltr'><strong>ὅτι</strong></span> <span class='ocrx_word' id='word_1_165' title='bbox 3105 848 3362 921; x_wconf 83' lang='grc' dir='ltr'>δηλονότι]</span> <span class='ocrx_word' id='word_1_166' title='bbox 3397 852 3455 903; x_wconf 80' lang='grc' dir='ltr'><strong>ὲκ</strong></span> <span class='ocrx_word' id='word_1_167' title='bbox 3480 850 3695 923; x_wconf 75' lang='grc' dir='ltr'>διαφόρων</span> 
     </span>
    </p>
   </div>
   <div class='ocr_carea' id='block_1_25' title="bbox 2209 942 3696 1016">
    <p class='ocr_par' dir='ltr' id='par_1_25' title="bbox 2209 942 3696 1016">
     <span class='ocr_line' id='line_1_25' title="bbox 2209 942 3696 1016; baseline 0.001 -18"><span class='ocrx_word' id='word_1_168' title='bbox 2209 943 2488 1015; x_wconf 85' lang='grc' dir='ltr'>σύγκειται</span> <span class='ocrx_word' id='word_1_169' title='bbox 2524 942 2732 1016; x_wconf 68' lang='grc' dir='ltr'>μερῶνσ</span> <span class='ocrx_word' id='word_1_170' title='bbox 2771 943 2831 997; x_wconf 87' lang='grc' dir='ltr'>τὸ</span> <span class='ocrx_word' id='word_1_171' title='bbox 2856 943 2914 997; x_wconf 83' lang='grc' dir='ltr'><strong>δὲ</strong></span> <span class='ocrx_word' id='word_1_172' title='bbox 2931 943 3204 1014; x_wconf 85' lang='grc' dir='ltr'>διάφορον,</span> <span class='ocrx_word' id='word_1_173' title='bbox 3232 943 3291 996; x_wconf 82' lang='grc' dir='ltr'><strong>οὐ</strong></span> <span class='ocrx_word' id='word_1_174' title='bbox 3318 942 3522 997; x_wconf 81' lang='grc' dir='ltr'>ταυτόν·</span> <span class='ocrx_word' id='word_1_175' title='bbox 3546 943 3696 999; x_wconf 74' lang='grc' dir='ltr'>οὐκοῦν</span> 
     </span>
    </p>
   </div>
   <div class='ocr_carea' id='block_1_26' title="bbox 2208 1033 3696 1111">
    <p class='ocr_par' dir='ltr' id='par_1_26' title="bbox 2208 1033 3696 1111">
     <span class='ocr_line' id='line_1_26' title="bbox 2208 1033 3696 1111; baseline -0.003 -19"><span class='ocrx_word' id='word_1_176' title='bbox 2208 1041 2242 1110; x_wconf 76' lang='grc' dir='ltr'><strong>ἡ</strong></span> <span class='ocrx_word' id='word_1_177' title='bbox 2269 1038 2411 1111; x_wconf 79' lang='grc' dir='ltr'>ψυχὴ</span> <span class='ocrx_word' id='word_1_178' title='bbox 2446 1037 2587 1110; x_wconf 86' lang='grc' dir='ltr'>ἁπλῆ</span> <span class='ocrx_word' id='word_1_179' title='bbox 2615 1033 2768 1103; x_wconf 82' lang='grc' dir='ltr'>οὖσα,</span> <span class='ocrx_word' id='word_1_180' title='bbox 2793 1037 2886 1093; x_wconf 78' lang='grc' dir='ltr'><strong>καὶ</strong></span> <span class='ocrx_word' id='word_1_181' title='bbox 2927 1039 3002 1109; x_wconf 84' lang='grc' dir='ltr'><strong>μὴ</strong></span> <span class='ocrx_word' id='word_1_182' title='bbox 3031 1040 3098 1092; x_wconf 81' lang='grc' dir='ltr'><strong>ἐκ</strong></span> <span class='ocrx_word' id='word_1_183' title='bbox 3132 1037 3393 1107; x_wconf 78' lang='grc' dir='ltr'>διαφόρων</span> <span class='ocrx_word' id='word_1_184' title='bbox 3428 1036 3696 1108; x_wconf 62' lang='grc' dir='ltr'>συῃιειμένη</span> 
     </span>
    </p>
   </div>
   <div class='ocr_carea' id='block_1_27' title="bbox 2214 1127 3699 1202">
    <p class='ocr_par' dir='ltr' id='par_1_27' title="bbox 2214 1127 3699 1202">
     <span class='ocr_line' id='line_1_27' title="bbox 2214 1127 3699 1202; baseline -0.001 -17"><span class='ocrx_word' id='word_1_185' title='bbox 2214 1131 2414 1202; x_wconf 83' lang='grc' dir='ltr'>μερῶν,</span> <span class='ocrx_word' id='word_1_186' title='bbox 2467 1130 2756 1194; x_wconf 81' lang='grc' dir='ltr'>ἀσύνθετος</span> <span class='ocrx_word' id='word_1_187' title='bbox 2811 1132 2902 1183; x_wconf 69' lang='grc' dir='ltr'><strong>καὶ</strong></span> <span class='ocrx_word' id='word_1_188' title='bbox 2933 1130 3214 1195; x_wconf 83' lang='grc' dir='ltr'>ἀδιάλυτος</span> <span class='ocrx_word' id='word_1_189' title='bbox 3265 1127 3419 1197; x_wconf 79' lang='grc' dir='ltr'>οὖσα,</span> <span class='ocrx_word' id='word_1_190' title='bbox 3466 1129 3545 1183; x_wconf 80' lang='grc' dir='ltr'><strong>διὰ</strong></span> <span class='ocrx_word' id='word_1_191' title='bbox 3581 1129 3699 1184; x_wconf 75' lang='grc' dir='ltr'>τοῦτο</span> 
     </span>
    </p>
   </div>
   <div class='ocr_carea' id='block_1_28' title="bbox 2207 1222 3091 1297">
    <p class='ocr_par' dir='ltr' id='par_1_28' title="bbox 2207 1222 3091 1297">
     <span class='ocr_line' id='line_1_28' title="bbox 2207 1222 3091 1297; baseline -0.003 -19"><span class='ocrx_word' id='word_1_192' title='bbox 2207 1224 2480 1297; x_wconf 81' lang='grc' dir='ltr'>ἄφθαρτος</span> <span class='ocrx_word' id='word_1_193' title='bbox 2506 1224 2599 1278; x_wconf 78' lang='grc' dir='ltr'>καὶ</span> <span class='ocrx_word' id='word_1_194' title='bbox 2632 1223 2894 1287; x_wconf 85' lang='grc' dir='ltr'>ἀθάνατος</span> <span class='ocrx_word' id='word_1_195' title='bbox 2920 1222 3091 1277; x_wconf 79' lang='grc' dir='ltr'>ἕσται.</span> 
     </span>
    </p>
   </div>
   <div class='ocr_carea' id='block_1_29' title="bbox 2283 1496 3697 1570">
    <p class='ocr_par' dir='ltr' id='par_1_29' title="bbox 2283 1496 3697 1570">
     <span class='ocr_line' id='line_1_29' title="bbox 2283 1496 3697 1570; baseline 0.002 -16"><span class='ocrx_word' id='word_1_196' title='bbox 2283 1498 2423 1564; x_wconf 87' lang='grc' dir='ltr'>Ἔτι,</span> <span class='ocrx_word' id='word_1_197' title='bbox 2452 1500 2558 1553; x_wconf 85' lang='grc' dir='ltr'>πᾶν</span> <span class='ocrx_word' id='word_1_198' title='bbox 2588 1500 2648 1554; x_wconf 78' lang='grc' dir='ltr'>τὸ</span> <span class='ocrx_word' id='word_1_199' title='bbox 2685 1499 2749 1553; x_wconf 77' lang='grc' dir='ltr'><strong>ἐκ</strong></span> <span class='ocrx_word' id='word_1_200' title='bbox 2784 1516 2926 1563; x_wconf 89' lang='grc' dir='ltr'>τινος</span> <span class='ocrx_word' id='word_1_201' title='bbox 2962 1498 3279 1570; x_wconf 87' lang='grc' dir='ltr'>κινούμενον</span> <span class='ocrx_word' id='word_1_202' title='bbox 3300 1539 3315 1564; x_wconf 93' lang='grc'><strong>,</strong></span> <span class='ocrx_word' id='word_1_203' title='bbox 3346 1496 3439 1553; x_wconf 78' lang='grc' dir='ltr'><strong>οὐκ</strong></span> <span class='ocrx_word' id='word_1_204' title='bbox 3467 1497 3520 1565; x_wconf 75' lang='grc' dir='ltr'><strong>ἐξ</strong></span> <span class='ocrx_word' id='word_1_205' title='bbox 3554 1498 3697 1557; x_wconf 78' lang='grc' dir='ltr'>ἑαυτοῦ</span> 
     </span>
    </p>
   </div>
   <div class='ocr_carea' id='block_1_30' title="bbox 2207 1590 3699 1664">
    <p class='ocr_par' dir='ltr' id='par_1_30' title="bbox 2207 1590 3699 1664">
     <span class='ocr_line' id='line_1_30' title="bbox 2207 1590 3699 1664; baseline 0.001 -17"><span class='ocrx_word' id='word_1_206' title='bbox 2207 1593 2328 1664; x_wconf 78' lang='grc' dir='ltr'>ἔχον</span> <span class='ocrx_word' id='word_1_207' title='bbox 2360 1594 2419 1647; x_wconf 78' lang='grc' dir='ltr'>τὸ</span> <span class='ocrx_word' id='word_1_208' title='bbox 2440 1591 2684 1657; x_wconf 75' lang='grc' dir='ltr'>ζωτικὸν,</span> <span class='ocrx_word' id='word_1_209' title='bbox 2709 1591 2821 1644; x_wconf 85' lang='grc' dir='ltr'>ἀλλ’</span> <span class='ocrx_word' id='word_1_210' title='bbox 2854 1593 2918 1645; x_wconf 80' lang='grc' dir='ltr'><strong>ὲκ</strong></span> <span class='ocrx_word' id='word_1_211' title='bbox 2942 1591 3038 1645; x_wconf 81' lang='grc' dir='ltr'>τοῦ</span> <span class='ocrx_word' id='word_1_212' title='bbox 3065 1590 3357 1657; x_wconf 79' lang='grc' dir='ltr'>κινοῦντος,</span> <span class='ocrx_word' id='word_1_213' title='bbox 3384 1591 3604 1647; x_wconf 71' lang='grc' dir='ltr'>τοσοῦτον</span> <span class='ocrx_word' id='word_1_214' title='bbox 3619 1594 3699 1648; x_wconf 69' lang='grc' dir='ltr'><strong>διι-</strong></span> 
     </span>
    </p>
   </div>
   <div class='ocr_carea' id='block_1_31' title="bbox 2212 1680 3699 1755">
    <p class='ocr_par' dir='ltr' id='par_1_31' title="bbox 2212 1680 3699 1755">
     <span class='ocr_line' id='line_1_31' title="bbox 2212 1680 3699 1755; baseline 0.001 -19"><span class='ocrx_word' id='word_1_215' title='bbox 2212 1682 2383 1755; x_wconf 81' lang='grc' dir='ltr'>μένει,</span> <span class='ocrx_word' id='word_1_216' title='bbox 2407 1684 2531 1736; x_wconf 82' lang='grc' dir='ltr'>ὅσον</span> <span class='ocrx_word' id='word_1_217' title='bbox 2554 1681 2657 1735; x_wconf 81' lang='grc' dir='ltr'><strong>ὑπὸ</strong></span> <span class='ocrx_word' id='word_1_218' title='bbox 2678 1681 2776 1752; x_wconf 80' lang='grc' dir='ltr'><strong>τῆς</strong></span> <span class='ocrx_word' id='word_1_219' title='bbox 2796 1680 3123 1752; x_wconf 78' lang='grc' dir='ltr'>ἐνεργούσης</span> <span class='ocrx_word' id='word_1_220' title='bbox 3149 1682 3207 1733; x_wconf 84' lang='grc' dir='ltr'>ὲν</span> <span class='ocrx_word' id='word_1_221' title='bbox 3231 1680 3378 1751; x_wconf 80' lang='grc' dir='ltr'>αὐτῷ</span> <span class='ocrx_word' id='word_1_222' title='bbox 3398 1681 3699 1755; x_wconf 64' lang='grc' dir='ltr'>δωκρατείται</span> 
     </span>
    </p>
   </div>
   <div class='ocr_carea' id='block_1_32' title="bbox 540 1768 2107 1847">
    <p class='ocr_par' dir='ltr' id='par_1_32' title="bbox 540 1768 2107 1841">
     <span class='ocr_line' id='line_1_32' title="bbox 540 1768 2107 1841; baseline 0.001 -18"><span class='ocrx_word' id='word_1_223' title='bbox 540 1769 871 1826; x_wconf 83' lang='lat' dir='ltr'><strong>intrinsecus</strong></span> <span class='ocrx_word' id='word_1_224' title='bbox 907 1781 1162 1841; x_wconf 82' lang='lat' dir='ltr'><strong>operante</strong></span> <span class='ocrx_word' id='word_1_225' title='bbox 1204 1770 1255 1824; x_wconf 88' lang='lat' dir='ltr'><strong>vi</strong></span> <span class='ocrx_word' id='word_1_226' title='bbox 1285 1779 1675 1833; x_wconf 87' lang='lat' dir='ltr'><strong>conservatur;</strong></span> <span class='ocrx_word' id='word_1_227' title='bbox 1708 1778 1763 1824; x_wconf 89' lang='lat' dir='ltr'><strong>et</strong></span> <span class='ocrx_word' id='word_1_228' title='bbox 1789 1768 1880 1824; x_wconf 89' lang='lat' dir='ltr'><strong>ubi</strong></span> <span class='ocrx_word' id='word_1_229' title='bbox 1907 1783 1969 1824; x_wconf 89' lang='lat' dir='ltr'><strong>ea</strong></span> <span class='ocrx_word' id='word_1_230' title='bbox 1990 1783 2107 1824; x_wconf 88' lang='lat' dir='ltr'><strong>ces-</strong></span> 
     </span>
    </p>
   </div>
   <div class='ocr_carea' id='block_1_33' title="bbox 2208 1768 3701 1847">
    <p class='ocr_par' dir='ltr' id='par_1_33' title="bbox 2208 1769 3701 1846">
     <span class='ocr_line' id='line_1_33' title="bbox 2208 1769 3701 1846; baseline -0.003 -18"><span class='ocrx_word' id='word_1_231' title='bbox 2208 1775 2515 1846; x_wconf 74' lang='grc' dir='ltr'>δυνάμεωςσ</span> <span class='ocrx_word' id='word_1_232' title='bbox 2552 1770 2767 1825; x_wconf 76' lang='grc' dir='ltr'>ἐπειδὰν</span> <span class='ocrx_word' id='word_1_233' title='bbox 2785 1770 2841 1824; x_wconf 82' lang='grc' dir='ltr'><strong>δὲ</strong></span> <span class='ocrx_word' id='word_1_234' title='bbox 2871 1770 3145 1841; x_wconf 82' lang='grc' dir='ltr'>παύσηται</span> <span class='ocrx_word' id='word_1_235' title='bbox 3164 1770 3225 1823; x_wconf 84' lang='grc' dir='ltr'><strong>τὸ</strong></span> <span class='ocrx_word' id='word_1_236' title='bbox 3257 1769 3530 1842; x_wconf 75' lang='grc' dir='ltr'>ἐνεργοῦν,</span> <span class='ocrx_word' id='word_1_237' title='bbox 3552 1770 3701 1829; x_wconf 66' lang='grc' dir='ltr'>διαλεί-</span> 
     </span>
    </p>
   </div>
   <div class='ocr_carea' id='block_1_34' title="bbox 539 1858 2107 1931">
    <p class='ocr_par' dir='ltr' id='par_1_34' title="bbox 539 1858 2107 1931">
     <span class='ocr_line' id='line_1_34' title="bbox 539 1858 2107 1931; baseline -0.001 -17"><span class='ocrx_word' id='word_1_238' title='bbox 539 1861 781 1925; x_wconf 84' lang='lat' dir='ltr'><strong>saverit,</strong></span> <span class='ocrx_word' id='word_1_239' title='bbox 823 1871 877 1916; x_wconf 90' lang='lat' dir='ltr'><strong>et</strong></span> <span class='ocrx_word' id='word_1_240' title='bbox 924 1862 1101 1931; x_wconf 92' lang='lat' dir='ltr'><strong>ipsum</strong></span> <span class='ocrx_word' id='word_1_241' title='bbox 1146 1860 1291 1931; x_wconf 91' lang='lat' dir='ltr'><strong>quod</strong></span> <span class='ocrx_word' id='word_1_242' title='bbox 1331 1860 1401 1914; x_wconf 89' lang='lat' dir='ltr'><strong>ab</strong></span> <span class='ocrx_word' id='word_1_243' title='bbox 1438 1875 1501 1914; x_wconf 92' lang='lat' dir='ltr'><strong>ea</strong></span> <span class='ocrx_word' id='word_1_244' title='bbox 1528 1859 1869 1923; x_wconf 83' lang='lat' dir='ltr'><strong>movebatur,</strong></span> <span class='ocrx_word' id='word_1_245' title='bbox 1894 1858 2107 1914; x_wconf 88' lang='lat' dir='ltr'><strong>desinat</strong></span> 
     </span>
    </p>
   </div>
   <div class='ocr_carea' id='block_1_35' title="bbox 541 1951 2102 2021">
    <p class='ocr_par' dir='ltr' id='par_1_35' title="bbox 541 1951 2102 2021">
     <span class='ocr_line' id='line_1_35' title="bbox 541 1951 2102 2021; baseline -0.001 -16"><span class='ocrx_word' id='word_1_246' title='bbox 541 1967 767 2008; x_wconf 87' lang='lat' dir='ltr'><strong>necesse</strong></span> <span class='ocrx_word' id='word_1_247' title='bbox 804 1962 910 2008; x_wconf 87' lang='lat' dir='ltr'><strong>est.</strong></span> <span class='ocrx_word' id='word_1_248' title='bbox 942 1952 1122 2020; x_wconf 85' lang='lat' dir='ltr'><strong>Quare</strong></span> <span class='ocrx_word' id='word_1_249' title='bbox 1159 1968 1285 2007; x_wconf 91' lang='lat' dir='ltr'><strong>cum</strong></span> <span class='ocrx_word' id='word_1_250' title='bbox 1321 1952 1503 2006; x_wconf 91' lang='lat' dir='ltr'><strong>anima</strong></span> <span class='ocrx_word' id='word_1_251' title='bbox 1535 1967 1565 2005; x_wconf 89' lang='lat' dir='ltr'><strong>a</strong></span> <span class='ocrx_word' id='word_1_252' title='bbox 1597 1951 1774 2021; x_wconf 87' lang='lat' dir='ltr'><strong>seipsa</strong></span> <span class='ocrx_word' id='word_1_253' title='bbox 1802 1957 2102 2016; x_wconf 75' lang='lat' dir='ltr'><strong>moveatur,</strong></span> 
     </span>
    </p>
   </div>
   <div class='ocr_carea' id='block_1_36' title="bbox 539 2042 2107 2113">
    <p class='ocr_par' dir='ltr' id='par_1_36' title="bbox 539 2042 2107 2113">
     <span class='ocr_line' id='line_1_36' title="bbox 539 2042 2107 2113; baseline 0.001 -18"><span class='ocrx_word' id='word_1_254' title='bbox 539 2058 822 2113; x_wconf 88' lang='lat' dir='ltr'><strong>nunquam</strong></span> <span class='ocrx_word' id='word_1_255' title='bbox 852 2058 975 2098; x_wconf 89' lang='lat' dir='ltr'><strong>esse</strong></span> <span class='ocrx_word' id='word_1_256' title='bbox 994 2044 1214 2099; x_wconf 87' lang='lat' dir='ltr'><strong>desinit.</strong></span> <span class='ocrx_word' id='word_1_257' title='bbox 1243 2042 1369 2098; x_wconf 59' lang='lat' dir='ltr'><strong>Haec</strong></span> <span class='ocrx_word' id='word_1_258' title='bbox 1399 2044 1545 2098; x_wconf 88' lang='lat' dir='ltr'><strong>enim</strong></span> <span class='ocrx_word' id='word_1_259' title='bbox 1577 2044 1649 2098; x_wconf 90' lang='lat' dir='ltr'><strong>ita</strong></span> <span class='ocrx_word' id='word_1_260' title='bbox 1677 2059 1736 2098; x_wconf 90' lang='lat' dir='ltr'><strong>se</strong></span> <span class='ocrx_word' id='word_1_261' title='bbox 1764 2057 2107 2111; x_wconf 88' lang='lat' dir='ltr'><strong>consequun-</strong></span> 
     </span>
    </p>
   </div>
   <div class='ocr_carea' id='block_1_37' title="bbox 538 2135 2101 2205">
    <p class='ocr_par' dir='ltr' id='par_1_37' title="bbox 538 2135 2101 2205">
     <span class='ocr_line' id='line_1_37' title="bbox 538 2135 2101 2205; baseline 0 -18"><span class='ocrx_word' id='word_1_262' title='bbox 538 2143 652 2201; x_wconf 87' lang='lat' dir='ltr'><strong>tur,</strong></span> <span class='ocrx_word' id='word_1_263' title='bbox 694 2141 755 2188; x_wconf 89' lang='lat' dir='ltr'><strong>ut</strong></span> <span class='ocrx_word' id='word_1_264' title='bbox 792 2135 938 2205; x_wconf 92' lang='lat' dir='ltr'><strong>quod</strong></span> <span class='ocrx_word' id='word_1_265' title='bbox 968 2151 998 2189; x_wconf 90' lang='lat' dir='ltr'><strong>a</strong></span> <span class='ocrx_word' id='word_1_266' title='bbox 1034 2137 1214 2205; x_wconf 89' lang='lat' dir='ltr'><strong>seipso</strong></span> <span class='ocrx_word' id='word_1_267' title='bbox 1249 2144 1515 2202; x_wconf 88' lang='lat' dir='ltr'><strong>movetur,</strong></span> <span class='ocrx_word' id='word_1_268' title='bbox 1555 2150 1765 2205; x_wconf 89' lang='lat' dir='ltr'><strong>semper</strong></span> <span class='ocrx_word' id='word_1_269' title='bbox 1790 2142 2101 2200; x_wconf 85' lang='lat' dir='ltr'><strong>moveatur;</strong></span> 
     </span>
    </p>
   </div>
   <div class='ocr_carea' id='block_1_38' title="bbox 539 2227 2103 2300">
    <p class='ocr_par' dir='ltr' id='par_1_38' title="bbox 539 2227 2103 2300">
     <span class='ocr_line' id='line_1_38' title="bbox 539 2227 2103 2300; baseline -0.001 -16"><span class='ocrx_word' id='word_1_270' title='bbox 539 2229 689 2300; x_wconf 88' lang='lat' dir='ltr'><strong>quod</strong></span> <span class='ocrx_word' id='word_1_271' title='bbox 757 2244 971 2299; x_wconf 88' lang='lat' dir='ltr'><strong>semper</strong></span> <span class='ocrx_word' id='word_1_272' title='bbox 1021 2239 1309 2297; x_wconf 86' lang='lat' dir='ltr'><strong>movetur,</strong></span> <span class='ocrx_word' id='word_1_273' title='bbox 1362 2244 1639 2300; x_wconf 90' lang='lat' dir='ltr'><strong>nunquam</strong></span> <span class='ocrx_word' id='word_1_274' title='bbox 1688 2228 1909 2295; x_wconf 86' lang='lat' dir='ltr'><strong>delicit;</strong></span> <span class='ocrx_word' id='word_1_275' title='bbox 1960 2227 2103 2298; x_wconf 91' lang='lat' dir='ltr'><strong>quod</strong></span> 
     </span>
    </p>
   </div>
   <div class='ocr_carea' id='block_1_39' title="bbox 538 2320 2102 2393">
    <p class='ocr_par' dir='ltr' id='par_1_39' title="bbox 538 2320 2102 2393">
     <span class='ocr_line' id='line_1_39' title="bbox 538 2320 2102 2393; baseline -0.001 -16"><span class='ocrx_word' id='word_1_276' title='bbox 538 2335 822 2391; x_wconf 85' lang='lat' dir='ltr'><strong>nunquam</strong></span> <span class='ocrx_word' id='word_1_277' title='bbox 872 2320 1073 2388; x_wconf 80' lang='lat' dir='ltr'><strong>deﬁcit,</strong></span> <span class='ocrx_word' id='word_1_278' title='bbox 1123 2322 1231 2377; x_wconf 82' lang='lat' dir='ltr'><strong>line</strong></span> <span class='ocrx_word' id='word_1_279' title='bbox 1254 2330 1434 2389; x_wconf 87' lang='lat' dir='ltr'><strong>caret;</strong></span> <span class='ocrx_word' id='word_1_280' title='bbox 1462 2322 1604 2393; x_wconf 89' lang='lat' dir='ltr'><strong>quod</strong></span> <span class='ocrx_word' id='word_1_281' title='bbox 1637 2322 1758 2375; x_wconf 85' lang='lat' dir='ltr'><strong>linis</strong></span> <span class='ocrx_word' id='word_1_282' title='bbox 1779 2329 1864 2377; x_wconf 91' lang='lat' dir='ltr'><strong>est</strong></span> <span class='ocrx_word' id='word_1_283' title='bbox 1890 2336 2102 2391; x_wconf 76' lang='lat' dir='ltr'><strong>expers,</strong></span> 
     </span>
    </p>
   </div>
   <div class='ocr_carea' id='block_1_40' title="bbox 537 2412 2104 2485">
    <p class='ocr_par' dir='ltr' id='par_1_40' title="bbox 537 2412 2104 2485">
     <span class='ocr_line' id='line_1_40' title="bbox 537 2412 2104 2485; baseline -0.001 -17"><span class='ocrx_word' id='word_1_284' title='bbox 537 2429 649 2469; x_wconf 77' lang='lat' dir='ltr'><strong>non</strong></span> <span class='ocrx_word' id='word_1_285' title='bbox 700 2415 1095 2484; x_wconf 89' lang='lat' dir='ltr'><strong>corrumpitur;</strong></span> <span class='ocrx_word' id='word_1_286' title='bbox 1146 2414 1290 2485; x_wconf 89' lang='lat' dir='ltr'><strong>quod</strong></span> <span class='ocrx_word' id='word_1_287' title='bbox 1330 2428 1439 2468; x_wconf 89' lang='lat' dir='ltr'><strong>non</strong></span> <span class='ocrx_word' id='word_1_288' title='bbox 1466 2413 1857 2482; x_wconf 87' lang='lat' dir='ltr'><strong>corrumpitur,</strong></span> <span class='ocrx_word' id='word_1_289' title='bbox 1886 2421 1970 2467; x_wconf 88' lang='lat' dir='ltr'><strong>est</strong></span> <span class='ocrx_word' id='word_1_290' title='bbox 1999 2412 2104 2467; x_wconf 88' lang='lat' dir='ltr'><strong>im-</strong></span> 
     </span>
    </p>
   </div>
   <div class='ocr_carea' id='block_1_41' title="bbox 540 2506 2102 2577">
    <p class='ocr_par' dir='ltr' id='par_1_41' title="bbox 540 2506 2102 2577">
     <span class='ocr_line' id='line_1_41' title="bbox 540 2506 2102 2577; baseline -0.003 -16"><span class='ocrx_word' id='word_1_291' title='bbox 540 2508 793 2562; x_wconf 86' lang='lat' dir='ltr'><strong>mortale.</strong></span> <span class='ocrx_word' id='word_1_292' title='bbox 832 2506 976 2577; x_wconf 80' lang='lat' dir='ltr'><strong>Ergo</strong></span> <span class='ocrx_word' id='word_1_293' title='bbox 1009 2508 1055 2562; x_wconf 91' lang='lat' dir='ltr'><strong>si</strong></span> <span class='ocrx_word' id='word_1_294' title='bbox 1102 2508 1283 2561; x_wconf 87' lang='lat' dir='ltr'><strong>anima</strong></span> <span class='ocrx_word' id='word_1_295' title='bbox 1329 2522 1360 2561; x_wconf 88' lang='lat' dir='ltr'><strong>a</strong></span> <span class='ocrx_word' id='word_1_296' title='bbox 1401 2506 1578 2576; x_wconf 86' lang='lat' dir='ltr'><strong>seipsa</strong></span> <span class='ocrx_word' id='word_1_297' title='bbox 1610 2515 1876 2569; x_wconf 87' lang='lat' dir='ltr'><strong>movetur,</strong></span> <span class='ocrx_word' id='word_1_298' title='bbox 1914 2513 1971 2560; x_wconf 88' lang='lat' dir='ltr'><strong>ut</strong></span> <span class='ocrx_word' id='word_1_299' title='bbox 2007 2520 2102 2559; x_wconf 84' lang='lat' dir='ltr'><strong>su-</strong></span> 
     </span>
    </p>
   </div>
   <div class='ocr_carea' id='block_1_42' title="bbox 538 2595 2103 2667">
    <p class='ocr_par' dir='ltr' id='par_1_42' title="bbox 538 2595 2103 2667">
     <span class='ocr_line' id='line_1_42' title="bbox 538 2595 2103 2667; baseline 0.001 -20"><span class='ocrx_word' id='word_1_300' title='bbox 538 2595 723 2664; x_wconf 85' lang='lat' dir='ltr'><strong>perius</strong></span> <span class='ocrx_word' id='word_1_301' title='bbox 745 2596 1179 2651; x_wconf 89' lang='lat' dir='ltr'><strong>demonstratum</strong></span> <span class='ocrx_word' id='word_1_302' title='bbox 1201 2606 1284 2652; x_wconf 89' lang='lat' dir='ltr'><strong>est</strong></span> <span class='ocrx_word' id='word_1_303' title='bbox 1302 2637 1319 2663; x_wconf 95' lang='lat'><strong>,</strong></span> <span class='ocrx_word' id='word_1_304' title='bbox 1348 2597 1454 2652; x_wconf 90' lang='lat' dir='ltr'><strong>erit</strong></span> <span class='ocrx_word' id='word_1_305' title='bbox 1486 2596 1649 2667; x_wconf 83' lang='lat' dir='ltr'><strong>igitur</strong></span> <span class='ocrx_word' id='word_1_306' title='bbox 1671 2613 1739 2650; x_wconf 80' lang='lat' dir='ltr'><strong>ex</strong></span> <span class='ocrx_word' id='word_1_307' title='bbox 1760 2596 1813 2650; x_wconf 89' lang='lat' dir='ltr'><strong>vi</strong></span> <span class='ocrx_word' id='word_1_308' title='bbox 1839 2596 1947 2666; x_wconf 90' lang='lat' dir='ltr'><strong>jam</strong></span> <span class='ocrx_word' id='word_1_309' title='bbox 1976 2610 2103 2665; x_wconf 89' lang='lat' dir='ltr'><strong>pro-</strong></span> 
     </span>
    </p>
   </div>
   <div class='ocr_carea' id='block_1_43' title="bbox 540 2686 2104 2757">
    <p class='ocr_par' dir='ltr' id='par_1_43' title="bbox 540 2686 2104 2757">
     <span class='ocr_line' id='line_1_43' title="bbox 540 2686 2104 2757; baseline 0 -18"><span class='ocrx_word' id='word_1_310' title='bbox 540 2686 733 2755; x_wconf 75' lang='lat' dir='ltr'><strong>posita:</strong></span> <span class='ocrx_word' id='word_1_311' title='bbox 779 2686 1238 2753; x_wconf 87' lang='lat' dir='ltr'><strong>ratiocinationis,</strong></span> <span class='ocrx_word' id='word_1_312' title='bbox 1287 2686 1714 2757; x_wconf 86' lang='lat' dir='ltr'><strong>incorruptibilis</strong></span> <span class='ocrx_word' id='word_1_313' title='bbox 1756 2696 1810 2741; x_wconf 91' lang='lat' dir='ltr'><strong>et</strong></span> <span class='ocrx_word' id='word_1_314' title='bbox 1880 2687 2104 2741; x_wconf 84' lang='lat' dir='ltr'><strong>immor-</strong></span> 
     </span>
    </p>
   </div>
   <div class='ocr_carea' id='block_1_44' title="bbox 539 2778 686 2834">
    <p class='ocr_par' dir='ltr' id='par_1_44' title="bbox 539 2778 686 2834">
     <span class='ocr_line' id='line_1_44' title="bbox 539 2778 686 2834; baseline -0.007 -1"><span class='ocrx_word' id='word_1_315' title='bbox 539 2778 686 2834; x_wconf 87' lang='lat' dir='ltr'><strong>talis.</strong></span> 
     </span>
    </p>
   </div>
   <div class='ocr_carea' id='block_1_45' title="bbox 616 2872 2105 2944">
    <p class='ocr_par' dir='ltr' id='par_1_45' title="bbox 616 2872 2105 2944">
     <span class='ocr_line' id='line_1_45' title="bbox 616 2872 2105 2944; baseline 0 -18"><span class='ocrx_word' id='word_1_316' title='bbox 616 2872 884 2929; x_wconf 70' lang='lat' dir='ltr'><strong>Praeterea</strong></span> <span class='ocrx_word' id='word_1_317' title='bbox 906 2914 920 2939; x_wconf 91' lang='lat'><strong>,</strong></span> <span class='ocrx_word' id='word_1_318' title='bbox 972 2873 1338 2944; x_wconf 90' lang='lat' dir='ltr'><strong>quodcunque</strong></span> <span class='ocrx_word' id='word_1_319' title='bbox 1364 2889 1395 2927; x_wconf 91' lang='lat' dir='ltr'><strong>a</strong></span> <span class='ocrx_word' id='word_1_320' title='bbox 1435 2873 1652 2944; x_wconf 89' lang='lat' dir='ltr'><strong>proprio</strong></span> <span class='ocrx_word' id='word_1_321' title='bbox 1671 2873 1816 2933; x_wconf 86' lang='lat' dir='ltr'><strong>malo</strong></span> <span class='ocrx_word' id='word_1_322' title='bbox 1844 2887 1953 2927; x_wconf 92' lang='lat' dir='ltr'><strong>non</strong></span> <span class='ocrx_word' id='word_1_323' title='bbox 1985 2886 2105 2927; x_wconf 82' lang='lat' dir='ltr'><strong>cor-</strong></span> 
     </span>
    </p>
   </div>
   <div class='ocr_carea' id='block_1_46' title="bbox 540 2950 2113 3034">
    <p class='ocr_par' dir='ltr' id='par_1_46' title="bbox 540 2950 2113 3034">
     <span class='ocr_line' id='line_1_46' title="bbox 540 2950 2113 3034; baseline -0.001 -17"><span class='ocrx_word' id='word_1_324' title='bbox 540 2963 834 3034; x_wconf 85' lang='lat' dir='ltr'><strong>rumpitur,</strong></span> <span class='ocrx_word' id='word_1_325' title='bbox 862 2964 1132 3034; x_wconf 90' lang='lat' dir='ltr'><strong>corrumpi</strong></span> <span class='ocrx_word' id='word_1_326' title='bbox 1163 2978 1270 3019; x_wconf 91' lang='lat' dir='ltr'><strong>non</strong></span> <span class='ocrx_word' id='word_1_327' title='bbox 1292 2972 1501 3034; x_wconf 89' lang='lat' dir='ltr'><strong>potest;</strong></span> <span class='ocrx_word' id='word_1_328' title='bbox 1528 2963 1730 3017; x_wconf 89' lang='lat' dir='ltr'><strong>malum</strong></span> <span class='ocrx_word' id='word_1_329' title='bbox 1758 2972 1938 3018; x_wconf 89' lang='lat' dir='ltr'><strong>autem</strong></span> <span class='ocrx_word' id='word_1_330' title='bbox 1962 2950 2113 3016; x_wconf 86' lang='lat' dir='ltr'><strong>bono</strong></span> 
     </span>
    </p>
   </div>
   <div class='ocr_carea' id='block_1_47' title="bbox 540 3055 2104 3127">
    <p class='ocr_par' dir='ltr' id='par_1_47' title="bbox 540 3055 2104 3127">
     <span class='ocr_line' id='line_1_47' title="bbox 540 3055 2104 3127; baseline -0.001 -16"><span class='ocrx_word' id='word_1_331' title='bbox 540 3057 874 3112; x_wconf 86' lang='lat' dir='ltr'><strong>contrarium</strong></span> <span class='ocrx_word' id='word_1_332' title='bbox 919 3066 1033 3124; x_wconf 86' lang='lat' dir='ltr'><strong>est;</strong></span> <span class='ocrx_word' id='word_1_333' title='bbox 1064 3057 1185 3113; x_wconf 90' lang='lat' dir='ltr'><strong>ideo</strong></span> <span class='ocrx_word' id='word_1_334' title='bbox 1215 3067 1268 3114; x_wconf 87' lang='lat' dir='ltr'><strong>et</strong></span> <span class='ocrx_word' id='word_1_335' title='bbox 1296 3059 1441 3114; x_wconf 88' lang='lat' dir='ltr'><strong>illius</strong></span> <span class='ocrx_word' id='word_1_336' title='bbox 1460 3056 1843 3127; x_wconf 88' lang='lat' dir='ltr'><strong>corrumpendi</strong></span> <span class='ocrx_word' id='word_1_337' title='bbox 1865 3056 1973 3110; x_wconf 92' lang='lat' dir='ltr'><strong>vim</strong></span> <span class='ocrx_word' id='word_1_338' title='bbox 2002 3055 2104 3109; x_wconf 87' lang='lat' dir='ltr'><strong>ha-</strong></span> 
     </span>
    </p>
   </div>
   <div class='ocr_carea' id='block_1_48' title="bbox 2205 1860 3700 1934">
    <p class='ocr_par' dir='ltr' id='par_1_48' title="bbox 2205 1860 3700 1934">
     <span class='ocr_line' id='line_1_48' title="bbox 2205 1860 3700 1934; baseline -0.001 -16"><span class='ocrx_word' id='word_1_339' title='bbox 2205 1883 2297 1919; x_wconf 86' lang='grc' dir='ltr'><strong>πει</strong></span> <span class='ocrx_word' id='word_1_340' title='bbox 2322 1867 2415 1919; x_wconf 55' lang='grc' dir='ltr'><strong>καὶ¹</strong></span> <span class='ocrx_word' id='word_1_341' title='bbox 2445 1862 2608 1928; x_wconf 79' lang='grc' dir='ltr'>αὐτὸ,</span> <span class='ocrx_word' id='word_1_342' title='bbox 2654 1862 2716 1916; x_wconf 84' lang='grc' dir='ltr'><strong>τὸ</strong></span> <span class='ocrx_word' id='word_1_343' title='bbox 2757 1862 2815 1929; x_wconf 77' lang='grc' dir='ltr'>ἐξ</span> <span class='ocrx_word' id='word_1_344' title='bbox 2848 1860 3011 1915; x_wconf 80' lang='grc' dir='ltr'>αὐτοῦ</span> <span class='ocrx_word' id='word_1_345' title='bbox 3038 1862 3140 1934; x_wconf 82' lang='grc' dir='ltr'><strong>τὴν</strong></span> <span class='ocrx_word' id='word_1_346' title='bbox 3171 1861 3378 1932; x_wconf 86' lang='grc' dir='ltr'>κίνησιν</span> <span class='ocrx_word' id='word_1_347' title='bbox 3423 1861 3549 1933; x_wconf 73' lang='grc' dir='ltr'>ἔχον.</span> <span class='ocrx_word' id='word_1_348' title='bbox 3593 1863 3700 1916; x_wconf 74' lang='grc' dir='ltr'><strong>Ἡδὲ</strong></span> 
     </span>
    </p>
   </div>
   <div class='ocr_carea' id='block_1_49' title="bbox 2202 1947 3699 2024">
    <p class='ocr_par' dir='ltr' id='par_1_49' title="bbox 2202 1947 3699 2024">
     <span class='ocr_line' id='line_1_49' title="bbox 2202 1947 3699 2024; baseline 0.002 -19"><span class='ocrx_word' id='word_1_349' title='bbox 2202 1952 2346 2024; x_wconf 78' lang='grc' dir='ltr'>ψυχὴ</span> <span class='ocrx_word' id='word_1_350' title='bbox 2370 1951 2714 2021; x_wconf 81' lang='grc' dir='ltr'>αὐτοκίνητος</span> <span class='ocrx_word' id='word_1_351' title='bbox 2739 1947 2892 2014; x_wconf 79' lang='grc' dir='ltr'>οὖσα,</span> <span class='ocrx_word' id='word_1_352' title='bbox 2916 1950 3173 2006; x_wconf 82' lang='grc' dir='ltr'>οὐδέποτε</span> <span class='ocrx_word' id='word_1_353' title='bbox 3192 1950 3287 2005; x_wconf 81' lang='grc' dir='ltr'>τοῦ</span> <span class='ocrx_word' id='word_1_354' title='bbox 3315 1947 3447 2006; x_wconf 78' lang='grc' dir='ltr'>εἶναι</span> <span class='ocrx_word' id='word_1_355' title='bbox 3475 1952 3699 2009; x_wconf 81' lang='grc' dir='ltr'>διαλείπει.</span> 
     </span>
    </p>
   </div>
   <div class='ocr_carea' id='block_1_50' title="bbox 2217 2039 3699 2115">
    <p class='ocr_par' dir='ltr' id='par_1_50' title="bbox 2217 2039 3699 2115">
     <span class='ocr_line' id='line_1_50' title="bbox 2217 2039 3699 2115; baseline -0.001 -18"><span class='ocrx_word' id='word_1_356' title='bbox 2217 2044 2518 2098; x_wconf 84' lang='grc' dir='ltr'>’Δκολουθεί</span> <span class='ocrx_word' id='word_1_357' title='bbox 2546 2043 2652 2115; x_wconf 84' lang='grc' dir='ltr'>γὰρ</span> <span class='ocrx_word' id='word_1_358' title='bbox 2679 2043 2757 2114; x_wconf 84' lang='grc' dir='ltr'>τῷ</span> <span class='ocrx_word' id='word_1_359' title='bbox 2786 2044 3144 2115; x_wconf 81' lang='grc' dir='ltr'>αὐτοκινήτῳ,</span> <span class='ocrx_word' id='word_1_360' title='bbox 3168 2043 3228 2096; x_wconf 83' lang='grc' dir='ltr'>τὸ</span> <span class='ocrx_word' id='word_1_361' title='bbox 3258 2044 3344 2097; x_wconf 78' lang='grc' dir='ltr'><strong>ἀεὶ</strong></span> <span class='ocrx_word' id='word_1_362' title='bbox 3362 2043 3561 2115; x_wconf 77' lang='grc' dir='ltr'>κινητὸν</span> <span class='ocrx_word' id='word_1_363' title='bbox 3579 2039 3699 2097; x_wconf 77' lang='grc' dir='ltr'>εἶναι·</span> 
     </span>
    </p>
   </div>
   <div class='ocr_carea' id='block_1_51' title="bbox 2201 2136 3699 2208">
    <p class='ocr_par' dir='ltr' id='par_1_51' title="bbox 2201 2136 3699 2208">
     <span class='ocr_line' id='line_1_51' title="bbox 2201 2136 3699 2208; baseline 0.001 -19"><span class='ocrx_word' id='word_1_364' title='bbox 2201 2136 2264 2190; x_wconf 79' lang='grc' dir='ltr'><strong>τὸ</strong></span> <span class='ocrx_word' id='word_1_365' title='bbox 2305 2136 2362 2190; x_wconf 85' lang='grc' dir='ltr'><strong>δὲ</strong></span> <span class='ocrx_word' id='word_1_366' title='bbox 2403 2137 2726 2208; x_wconf 83' lang='grc' dir='ltr'>ἀεικίνητον,</span> <span class='ocrx_word' id='word_1_367' title='bbox 2772 2137 3046 2191; x_wconf 78' lang='grc' dir='ltr'>ἄπαυστόν</span> <span class='ocrx_word' id='word_1_368' title='bbox 3075 2138 3225 2191; x_wconf 75' lang='grc' dir='ltr'>ἐστι’</span> <span class='ocrx_word' id='word_1_369' title='bbox 3267 2136 3327 2191; x_wconf 79' lang='grc' dir='ltr'>τὸ</span> <span class='ocrx_word' id='word_1_370' title='bbox 3369 2137 3423 2191; x_wconf 78' lang='grc' dir='ltr'><strong>δὲ</strong></span> <span class='ocrx_word' id='word_1_371' title='bbox 3456 2138 3699 2205; x_wconf 77' lang='grc' dir='ltr'>ἄπαυστον,</span> 
     </span>
    </p>
   </div>
   <div class='ocr_carea' id='block_1_52' title="bbox 2202 2227 3701 2301">
    <p class='ocr_par' dir='ltr' id='par_1_52' title="bbox 2202 2227 3701 2301">
     <span class='ocr_line' id='line_1_52' title="bbox 2202 2227 3701 2301; baseline -0.003 -15"><span class='ocrx_word' id='word_1_372' title='bbox 2202 2227 2552 2299; x_wconf 81' lang='grc' dir='ltr'>ἀτελεύτητον</span> <span class='ocrx_word' id='word_1_373' title='bbox 2571 2245 2585 2259; x_wconf 75' lang='grc' dir='ltr'><strong>ο</strong></span> <span class='ocrx_word' id='word_1_374' title='bbox 2639 2228 2700 2281; x_wconf 82' lang='grc' dir='ltr'>τὸ</span> <span class='ocrx_word' id='word_1_375' title='bbox 2745 2228 2799 2282; x_wconf 83' lang='grc' dir='ltr'><strong>δὲ</strong></span> <span class='ocrx_word' id='word_1_376' title='bbox 2832 2228 3219 2301; x_wconf 81' lang='grc' dir='ltr'>ἀτελεύτητον,</span> <span class='ocrx_word' id='word_1_377' title='bbox 3269 2228 3551 2300; x_wconf 77' lang='grc' dir='ltr'>ἄφθαρτον·</span> <span class='ocrx_word' id='word_1_378' title='bbox 3582 2229 3631 2282; x_wconf 79' lang='grc' dir='ltr'>τὸ</span> <span class='ocrx_word' id='word_1_379' title='bbox 3660 2228 3701 2282; x_wconf 72' lang='grc' dir='ltr'><strong>δὲ</strong></span> 
     </span>
    </p>
   </div>
   <div class='ocr_carea' id='block_1_53' title="bbox 2203 2318 3700 2392">
    <p class='ocr_par' dir='ltr' id='par_1_53' title="bbox 2203 2318 3700 2392">
     <span class='ocr_line' id='line_1_53' title="bbox 2203 2318 3700 2392; baseline -0.002 -18"><span class='ocrx_word' id='word_1_380' title='bbox 2203 2319 2492 2392; x_wconf 82' lang='grc' dir='ltr'>ἄφθαρτον,</span> <span class='ocrx_word' id='word_1_381' title='bbox 2522 2318 2802 2373; x_wconf 76' lang='grc' dir='ltr'>ἀθάνατον.</span> <span class='ocrx_word' id='word_1_382' title='bbox 2842 2320 2904 2372; x_wconf 89' lang='grc' dir='ltr'>Εἰ</span> <span class='ocrx_word' id='word_1_383' title='bbox 2924 2319 3103 2372; x_wconf 86' lang='grc' dir='ltr'>τοίνυν</span> <span class='ocrx_word' id='word_1_384' title='bbox 3147 2321 3182 2391; x_wconf 79' lang='grc' dir='ltr'>ἡ</span> <span class='ocrx_word' id='word_1_385' title='bbox 3228 2319 3372 2392; x_wconf 81' lang='grc' dir='ltr'>ψυχὴ</span> <span class='ocrx_word' id='word_1_386' title='bbox 3417 2319 3700 2390; x_wconf 73' lang='grc' dir='ltr'>αὐτοκίνητός</span> 
     </span>
    </p>
   </div>
   <div class='ocr_carea' id='block_1_54' title="bbox 2203 2410 3700 2485">
    <p class='ocr_par' dir='ltr' id='par_1_54' title="bbox 2203 2410 3700 2485">
     <span class='ocr_line' id='line_1_54' title="bbox 2203 2410 3700 2485; baseline -0.001 -20"><span class='ocrx_word' id='word_1_387' title='bbox 2203 2414 2349 2465; x_wconf 80' lang='grc' dir='ltr'>ἐστιν</span> <span class='ocrx_word' id='word_1_388' title='bbox 2373 2452 2388 2476; x_wconf 93' lang='grc'><strong>,</strong></span> <span class='ocrx_word' id='word_1_389' title='bbox 2416 2411 2493 2475; x_wconf 83' lang='grc' dir='ltr'><strong>ὡς</strong></span> <span class='ocrx_word' id='word_1_390' title='bbox 2536 2411 2788 2483; x_wconf 78' lang='grc' dir='ltr'>ἀνωτέρω</span> <span class='ocrx_word' id='word_1_391' title='bbox 2817 2410 3115 2482; x_wconf 82' lang='grc' dir='ltr'><strong>ἀπεδείχθη</strong></span> <span class='ocrx_word' id='word_1_392' title='bbox 3138 2428 3153 2442; x_wconf 88' lang='grc'>·</span> <span class='ocrx_word' id='word_1_393' title='bbox 3187 2411 3341 2467; x_wconf 77' lang='grc' dir='ltr'>ἔσται</span> <span class='ocrx_word' id='word_1_394' title='bbox 3370 2411 3613 2485; x_wconf 78' lang='grc' dir='ltr'>ἄφθαρτος</span> <span class='ocrx_word' id='word_1_395' title='bbox 3634 2413 3700 2465; x_wconf 76' lang='grc' dir='ltr'><strong>καὶ</strong></span> 
     </span>
    </p>
   </div>
   <div class='ocr_carea' id='block_1_55' title="bbox 2202 2501 3700 2577">
    <p class='ocr_par' dir='ltr' id='par_1_55' title="bbox 2202 2501 3700 2577">
     <span class='ocr_line' id='line_1_55' title="bbox 2202 2501 3700 2577; baseline 0.001 -22"><span class='ocrx_word' id='word_1_396' title='bbox 2202 2501 2464 2567; x_wconf 84' lang='grc' dir='ltr'>ἀθάνατος</span> <span class='ocrx_word' id='word_1_397' title='bbox 2515 2503 2656 2558; x_wconf 73' lang='grc' dir='ltr'>κατὰ</span> <span class='ocrx_word' id='word_1_398' title='bbox 2695 2503 2788 2558; x_wconf 81' lang='grc' dir='ltr'><strong>τὸν</strong></span> <span class='ocrx_word' id='word_1_399' title='bbox 2824 2504 3191 2576; x_wconf 71' lang='grc' dir='ltr'>προλεχθέντα</span> <span class='ocrx_word' id='word_1_400' title='bbox 3230 2503 3367 2577; x_wconf 75' lang='grc' dir='ltr'><strong>[ἄλ.</strong></span> <span class='ocrx_word' id='word_1_401' title='bbox 3399 2501 3700 2577; x_wconf 74' lang='grc' dir='ltr'>προτεθέντα]</span> 
     </span>
    </p>
   </div>
   <div class='ocr_carea' id='block_1_56' title="bbox 2205 2596 2569 2667">
    <p class='ocr_par' dir='ltr' id='par_1_56' title="bbox 2205 2596 2569 2667">
     <span class='ocr_line' id='line_1_56' title="bbox 2205 2596 2569 2667; baseline 0.003 -19"><span class='ocrx_word' id='word_1_402' title='bbox 2205 2596 2569 2667; x_wconf 82' lang='grc' dir='ltr'>συλλογισμόν.</span> 
     </span>
    </p>
   </div>
   <div class='ocr_carea' id='block_1_57' title="bbox 2278 2867 3699 2945">
    <p class='ocr_par' dir='ltr' id='par_1_57' title="bbox 2278 2867 3699 2945">
     <span class='ocr_line' id='line_1_57' title="bbox 2278 2867 3699 2945; baseline -0.001 -19"><span class='ocrx_word' id='word_1_403' title='bbox 2278 2872 2418 2936; x_wconf 85' lang='grc' dir='ltr'>Ἔτι,</span> <span class='ocrx_word' id='word_1_404' title='bbox 2442 2874 2547 2927; x_wconf 81' lang='grc' dir='ltr'><strong>πᾶν</strong></span> <span class='ocrx_word' id='word_1_405' title='bbox 2576 2867 2681 2927; x_wconf 79' lang='grc' dir='ltr'><strong>ὑπὸ</strong></span> <span class='ocrx_word' id='word_1_406' title='bbox 2717 2870 2818 2943; x_wconf 82' lang='grc' dir='ltr'>τῆς</span> <span class='ocrx_word' id='word_1_407' title='bbox 2854 2868 2989 2937; x_wconf 83' lang='grc' dir='ltr'>ἰδίας</span> <span class='ocrx_word' id='word_1_408' title='bbox 3030 2872 3233 2938; x_wconf 87' lang='grc' dir='ltr'><strong>κακίας</strong></span> <span class='ocrx_word' id='word_1_409' title='bbox 3284 2871 3357 2945; x_wconf 84' lang='grc' dir='ltr'>μὴ</span> <span class='ocrx_word' id='word_1_410' title='bbox 3399 2869 3699 2944; x_wconf 76' lang='grc' dir='ltr'>φθειρόμενον,</span> 
     </span>
    </p>
   </div>
   <div class='ocr_carea' id='block_1_58' title="bbox 2203 2962 3702 3039">
    <p class='ocr_par' dir='ltr' id='par_1_58' title="bbox 2203 2962 3702 3039">
     <span class='ocr_line' id='line_1_58' title="bbox 2203 2962 3702 3039; baseline -0.002 -21"><span class='ocrx_word' id='word_1_411' title='bbox 2203 2963 2474 3037; x_wconf 77' lang='grc' dir='ltr'>ἄφθαρτόν</span> <span class='ocrx_word' id='word_1_412' title='bbox 2508 2968 2655 3019; x_wconf 78' lang='grc' dir='ltr'>ἐστι·</span> <span class='ocrx_word' id='word_1_413' title='bbox 2688 2966 2747 3020; x_wconf 85' lang='grc' dir='ltr'>τὺ</span> <span class='ocrx_word' id='word_1_414' title='bbox 2775 2967 2833 3020; x_wconf 81' lang='grc' dir='ltr'><strong>δὲ</strong></span> <span class='ocrx_word' id='word_1_415' title='bbox 2875 2967 3041 3022; x_wconf 79' lang='grc' dir='ltr'>κακὸν</span> <span class='ocrx_word' id='word_1_416' title='bbox 3081 2966 3165 3039; x_wconf 84' lang='grc' dir='ltr'>τῷ</span> <span class='ocrx_word' id='word_1_417' title='bbox 3210 2967 3359 3037; x_wconf 84' lang='grc' dir='ltr'><strong>καλῷ</strong></span> <span class='ocrx_word' id='word_1_418' title='bbox 3389 2965 3623 3028; x_wconf 72' lang='grc' dir='ltr'>ἐναντίον,</span> <span class='ocrx_word' id='word_1_419' title='bbox 3646 2962 3702 3015; x_wconf 72' lang='grc' dir='ltr'><strong>διὸ</strong></span> 
     </span>
    </p>
   </div>
   <div class='ocr_carea' id='block_1_59' title="bbox 2204 3053 3701 3131">
    <p class='ocr_par' dir='ltr' id='par_1_59' title="bbox 2204 3053 3701 3131">
     <span class='ocr_line' id='line_1_59' title="bbox 2204 3053 3701 3131; baseline -0.006 -19"><span class='ocrx_word' id='word_1_420' title='bbox 2204 3057 2299 3110; x_wconf 79' lang='grc' dir='ltr'><strong>καὶ</strong></span> <span class='ocrx_word' id='word_1_421' title='bbox 2325 3057 2614 3131; x_wconf 85' lang='grc' dir='ltr'>φθαρτικόν</span> <span class='ocrx_word' id='word_1_422' title='bbox 2654 3061 2799 3112; x_wconf 74' lang='grc' dir='ltr'>ἐστιν</span> <span class='ocrx_word' id='word_1_423' title='bbox 2837 3056 3022 3112; x_wconf 78' lang='grc' dir='ltr'>αὐτοῦ.</span> <span class='ocrx_word' id='word_1_424' title='bbox 3063 3057 3234 3112; x_wconf 82' lang='grc' dir='ltr'><strong>Οὐδὲν</strong></span> <span class='ocrx_word' id='word_1_425' title='bbox 3256 3057 3365 3128; x_wconf 83' lang='grc' dir='ltr'><strong>γάρ</strong></span> <span class='ocrx_word' id='word_1_426' title='bbox 3400 3057 3536 3109; x_wconf 80' lang='grc' dir='ltr'>ἐστιν</span> <span class='ocrx_word' id='word_1_427' title='bbox 3564 3053 3701 3123; x_wconf 69' lang='grc' dir='ltr'>ἕτερον</span> 
     </span>
    </p>
   </div>
   <div class='ocr_carea' id='block_1_60' title="bbox 540 3128 2107 3221">
    <p class='ocr_par' dir='ltr' id='par_1_60' title="bbox 540 3145 2103 3220">
     <span class='ocr_line' id='line_1_60' title="bbox 540 3145 2103 3220; baseline -0.001 -17"><span class='ocrx_word' id='word_1_428' title='bbox 540 3149 652 3203; x_wconf 81' lang='lat' dir='ltr'><strong>bet.</strong></span> <span class='ocrx_word' id='word_1_429' title='bbox 702 3145 822 3203; x_wconf 87' lang='lat' dir='ltr'><strong>Non</strong></span> <span class='ocrx_word' id='word_1_430' title='bbox 873 3149 1017 3203; x_wconf 91' lang='lat' dir='ltr'><strong>enim</strong></span> <span class='ocrx_word' id='word_1_431' title='bbox 1050 3148 1196 3203; x_wconf 88' lang='lat' dir='ltr'><strong>aliud</strong></span> <span class='ocrx_word' id='word_1_432' title='bbox 1235 3157 1318 3204; x_wconf 88' lang='lat' dir='ltr'><strong>est</strong></span> <span class='ocrx_word' id='word_1_433' title='bbox 1363 3150 1607 3220; x_wconf 88' lang='lat' dir='ltr'><strong>corporis</strong></span> <span class='ocrx_word' id='word_1_434' title='bbox 1654 3151 1889 3215; x_wconf 88' lang='lat' dir='ltr'><strong>malum,</strong></span> <span class='ocrx_word' id='word_1_435' title='bbox 1940 3163 2103 3219; x_wconf 88' lang='lat' dir='ltr'><strong>quam</strong></span> 
     </span>
    </p>
   </div>
   <div class='ocr_carea' id='block_1_61' title="bbox 2208 3128 3699 3221">
    <p class='ocr_par' dir='ltr' id='par_1_61' title="bbox 2210 3128 3699 3221">
     <span class='ocr_line' id='line_1_61' title="bbox 2210 3128 3699 3221; baseline 0.003 -19"><span class='ocrx_word' id='word_1_436' title='bbox 2210 3128 2459 3220; x_wconf 79' lang='grc' dir='ltr'>σώματος</span> <span class='ocrx_word' id='word_1_437' title='bbox 2502 3151 2668 3203; x_wconf 88' lang='grc' dir='ltr'><strong>κακία</strong></span> <span class='ocrx_word' id='word_1_438' title='bbox 2691 3189 2705 3215; x_wconf 93' lang='grc'><strong>,</strong></span> <span class='ocrx_word' id='word_1_439' title='bbox 2745 3149 2779 3221; x_wconf 80' lang='grc' dir='ltr'>ἢ</span> <span class='ocrx_word' id='word_1_440' title='bbox 2811 3149 2999 3215; x_wconf 82' lang='grc' dir='ltr'>πάθος,</span> <span class='ocrx_word' id='word_1_441' title='bbox 3028 3152 3125 3205; x_wconf 75' lang='grc' dir='ltr'><strong>καὶ</strong></span> <span class='ocrx_word' id='word_1_442' title='bbox 3167 3151 3352 3215; x_wconf 83' lang='grc' dir='ltr'>νόσος,</span> <span class='ocrx_word' id='word_1_443' title='bbox 3387 3149 3476 3203; x_wconf 78' lang='grc' dir='ltr'><strong>καὶ</strong></span> <span class='ocrx_word' id='word_1_444' title='bbox 3500 3147 3699 3207; x_wconf 74' lang='grc' dir='ltr'>θάνατος’</span> 
     </span>
    </p>
   </div>
   <div class='ocr_carea' id='block_1_62' title="bbox 541 3240 2106 3311">
    <p class='ocr_par' dir='ltr' id='par_1_62' title="bbox 541 3240 2106 3311">
     <span class='ocr_line' id='line_1_62' title="bbox 541 3240 2106 3311; baseline 0.001 -17"><span class='ocrx_word' id='word_1_445' title='bbox 541 3240 747 3311; x_wconf 87' lang='lat' dir='ltr'><strong>passio,</strong></span> <span class='ocrx_word' id='word_1_446' title='bbox 781 3241 1007 3296; x_wconf 89' lang='lat' dir='ltr'><strong>morbus</strong></span> <span class='ocrx_word' id='word_1_447' title='bbox 1039 3252 1092 3297; x_wconf 90' lang='lat' dir='ltr'><strong>et</strong></span> <span class='ocrx_word' id='word_1_448' title='bbox 1121 3257 1297 3308; x_wconf 91' lang='lat' dir='ltr'><strong>mors;</strong></span> <span class='ocrx_word' id='word_1_449' title='bbox 1331 3241 1473 3296; x_wconf 88' lang='lat' dir='ltr'><strong>sicut</strong></span> <span class='ocrx_word' id='word_1_450' title='bbox 1501 3256 1531 3295; x_wconf 92' lang='lat' dir='ltr'><strong>e</strong></span> <span class='ocrx_word' id='word_1_451' title='bbox 1559 3250 1748 3295; x_wconf 91' lang='lat' dir='ltr'><strong>contra</strong></span> <span class='ocrx_word' id='word_1_452' title='bbox 1786 3241 1954 3294; x_wconf 87' lang='lat' dir='ltr'><strong>virtus</strong></span> <span class='ocrx_word' id='word_1_453' title='bbox 1987 3240 2106 3308; x_wconf 88' lang='lat' dir='ltr'><strong>ejus</strong></span> 
     </span>
    </p>
   </div>
   <div class='ocr_carea' id='block_1_63' title="bbox 542 3332 2111 3403">
    <p class='ocr_par' dir='ltr' id='par_1_63' title="bbox 542 3332 2111 3403">
     <span class='ocr_line' id='line_1_63' title="bbox 542 3332 2111 3403; baseline -0.001 -16"><span class='ocrx_word' id='word_1_454' title='bbox 542 3340 658 3400; x_wconf 88' lang='lat' dir='ltr'><strong>est,</strong></span> <span class='ocrx_word' id='word_1_455' title='bbox 705 3333 1086 3403; x_wconf 84' lang='lat' dir='ltr'><strong>pulchritudo,</strong></span> <span class='ocrx_word' id='word_1_456' title='bbox 1131 3335 1272 3397; x_wconf 88' lang='lat' dir='ltr'><strong>vita,</strong></span> <span class='ocrx_word' id='word_1_457' title='bbox 1314 3334 1520 3389; x_wconf 85' lang='lat' dir='ltr'><strong>sanitas</strong></span> <span class='ocrx_word' id='word_1_458' title='bbox 1566 3341 1622 3388; x_wconf 87' lang='lat' dir='ltr'><strong>et</strong></span> <span class='ocrx_word' id='word_1_459' title='bbox 1647 3334 1800 3387; x_wconf 89' lang='lat' dir='ltr'><strong>tirma</strong></span> <span class='ocrx_word' id='word_1_460' title='bbox 1846 3332 2111 3387; x_wconf 81' lang='lat' dir='ltr'><strong>constitu-</strong></span> 
     </span>
    </p>
   </div>
   <div class='ocr_carea' id='block_1_64' title="bbox 543 3422 2104 3498">
    <p class='ocr_par' dir='ltr' id='par_1_64' title="bbox 543 3422 2104 3498">
     <span class='ocr_line' id='line_1_64' title="bbox 543 3422 2104 3498; baseline -0.003 -18"><span class='ocrx_word' id='word_1_461' title='bbox 543 3428 642 3480; x_wconf 88' lang='lat' dir='ltr'><strong>tio.</strong></span> <span class='ocrx_word' id='word_1_462' title='bbox 682 3425 738 3481; x_wconf 88' lang='lat' dir='ltr'><strong>Si</strong></span> <span class='ocrx_word' id='word_1_463' title='bbox 782 3426 946 3498; x_wconf 78' lang='lat' dir='ltr'><strong>igitur</strong></span> <span class='ocrx_word' id='word_1_464' title='bbox 991 3429 1171 3481; x_wconf 89' lang='lat' dir='ltr'><strong>anima</strong></span> <span class='ocrx_word' id='word_1_465' title='bbox 1201 3442 1233 3483; x_wconf 85' lang='lat' dir='ltr'><strong>a</strong></span> <span class='ocrx_word' id='word_1_466' title='bbox 1266 3442 1366 3483; x_wconf 91' lang='lat' dir='ltr'><strong>suo</strong></span> <span class='ocrx_word' id='word_1_467' title='bbox 1396 3427 1538 3480; x_wconf 91' lang='lat' dir='ltr'><strong>malo</strong></span> <span class='ocrx_word' id='word_1_468' title='bbox 1569 3438 1679 3480; x_wconf 91' lang='lat' dir='ltr'><strong>non</strong></span> <span class='ocrx_word' id='word_1_469' title='bbox 1705 3422 2104 3494; x_wconf 88' lang='lat' dir='ltr'><strong>corrumpitur;</strong></span> 
     </span>
    </p>
   </div>
   <div class='ocr_carea' id='block_1_65' title="bbox 543 3501 2105 3585">
    <p class='ocr_par' dir='ltr' id='par_1_65' title="bbox 543 3501 2105 3585">
     <span class='ocr_line' id='line_1_65' title="bbox 543 3501 2105 3585; baseline -0.003 -14"><span class='ocrx_word' id='word_1_470' title='bbox 543 3517 750 3571; x_wconf 77' lang='lat' dir='ltr'><strong>malum</strong></span> <span class='ocrx_word' id='word_1_471' title='bbox 793 3526 972 3572; x_wconf 89' lang='lat' dir='ltr'><strong>autem</strong></span> <span class='ocrx_word' id='word_1_472' title='bbox 1023 3519 1239 3584; x_wconf 69' lang='lat' dir='ltr'><strong>animm,</strong></span> <span class='ocrx_word' id='word_1_473' title='bbox 1281 3526 1366 3573; x_wconf 91' lang='lat' dir='ltr'><strong>est</strong></span> <span class='ocrx_word' id='word_1_474' title='bbox 1409 3526 1622 3582; x_wconf 86' lang='lat' dir='ltr'><strong>metus,</strong></span> <span class='ocrx_word' id='word_1_475' title='bbox 1670 3501 2105 3585; x_wconf 81' lang='lat' dir='ltr'><strong>intemperantia,</strong></span> 
     </span>
    </p>
   </div>
   <div class='ocr_carea' id='block_1_66' title="bbox 542 3607 2109 3680">
    <p class='ocr_par' dir='ltr' id='par_1_66' title="bbox 542 3607 2109 3680">
     <span class='ocr_line' id='line_1_66' title="bbox 542 3607 2109 3680; baseline -0.001 -17"><span class='ocrx_word' id='word_1_476' title='bbox 542 3609 749 3664; x_wconf 89' lang='lat' dir='ltr'><strong>invidia</strong></span> <span class='ocrx_word' id='word_1_477' title='bbox 805 3618 856 3665; x_wconf 86' lang='lat' dir='ltr'><strong>et</strong></span> <span class='ocrx_word' id='word_1_478' title='bbox 896 3611 1126 3676; x_wconf 91' lang='lat' dir='ltr'><strong>similia,</strong></span> <span class='ocrx_word' id='word_1_479' title='bbox 1163 3624 1285 3680; x_wconf 74' lang='lat' dir='ltr'><strong>quae</strong></span> <span class='ocrx_word' id='word_1_480' title='bbox 1338 3622 1517 3664; x_wconf 89' lang='lat' dir='ltr'><strong>tamen</strong></span> <span class='ocrx_word' id='word_1_481' title='bbox 1564 3609 1746 3663; x_wconf 88' lang='lat' dir='ltr'><strong>omnia</strong></span> <span class='ocrx_word' id='word_1_482' title='bbox 1802 3607 2017 3663; x_wconf 89' lang='lat' dir='ltr'><strong>vivendi</strong></span> <span class='ocrx_word' id='word_1_483' title='bbox 2045 3621 2109 3662; x_wconf 88' lang='lat' dir='ltr'><strong>ac</strong></span> 
     </span>
    </p>
   </div>
   <div class='ocr_carea' id='block_1_67' title="bbox 543 3698 2109 3772">
    <p class='ocr_par' dir='ltr' id='par_1_67' title="bbox 543 3698 2109 3772">
     <span class='ocr_line' id='line_1_67' title="bbox 543 3698 2109 3772; baseline -0.001 -19"><span class='ocrx_word' id='word_1_484' title='bbox 543 3700 798 3755; x_wconf 83' lang='lat' dir='ltr'><strong>movendi</strong></span> <span class='ocrx_word' id='word_1_485' title='bbox 830 3698 1140 3757; x_wconf 81' lang='lat' dir='ltr'><strong>facultatem</strong></span> <span class='ocrx_word' id='word_1_486' title='bbox 1171 3701 1273 3772; x_wconf 90' lang='lat' dir='ltr'><strong>ipsi</strong></span> <span class='ocrx_word' id='word_1_487' title='bbox 1304 3715 1414 3756; x_wconf 91' lang='lat' dir='ltr'><strong>non</strong></span> <span class='ocrx_word' id='word_1_488' title='bbox 1450 3699 1703 3755; x_wconf 83' lang='lat' dir='ltr'><strong>auferunt</strong></span> <span class='ocrx_word' id='word_1_489' title='bbox 1735 3717 1748 3753; x_wconf 92' lang='lat'>:</span> <span class='ocrx_word' id='word_1_490' title='bbox 1778 3698 1960 3753; x_wconf 83' lang='lat' dir='ltr'><strong>anima</strong></span> <span class='ocrx_word' id='word_1_491' title='bbox 1981 3711 2109 3769; x_wconf 76' lang='lat' dir='ltr'><strong>ergo</strong></span> 
     </span>
    </p>
   </div>
   <div class='ocr_carea' id='block_1_68' title="bbox 540 3792 1006 3848">
    <p class='ocr_par' dir='ltr' id='par_1_68' title="bbox 540 3792 1006 3848">
     <span class='ocr_line' id='line_1_68' title="bbox 540 3792 1006 3848; baseline 0.006 -3"><span class='ocrx_word' id='word_1_492' title='bbox 540 3798 626 3846; x_wconf 85' lang='lat' dir='ltr'><strong>est</strong></span> <span class='ocrx_word' id='word_1_493' title='bbox 660 3792 1006 3848; x_wconf 84' lang='lat' dir='ltr'><strong>immortalis.</strong></span> 
     </span>
    </p>
   </div>
   <div class='ocr_carea' id='block_1_69' title="bbox 740 3885 1903 3956">
    <p class='ocr_par' dir='ltr' id='par_1_69' title="bbox 740 3885 1903 3956">
     <span class='ocr_line' id='line_1_69' title="bbox 740 3885 1903 3956; baseline -0.003 -15"><span class='ocrx_word' id='word_1_494' title='bbox 740 3887 824 3941; x_wconf 80' lang='lat' dir='ltr'><strong>An</strong></span> <span class='ocrx_word' id='word_1_495' title='bbox 864 3887 1089 3940; x_wconf 75' lang='lat' dir='ltr'><strong>rationis</strong></span> <span class='ocrx_word' id='word_1_496' title='bbox 1120 3888 1380 3956; x_wconf 78' lang='lat' dir='ltr'><strong>particeps</strong></span> <span class='ocrx_word' id='word_1_497' title='bbox 1406 3894 1587 3939; x_wconf 76' lang='lat' dir='ltr'><strong>nostra</strong></span> <span class='ocrx_word' id='word_1_498' title='bbox 1612 3885 1683 3939; x_wconf 77' lang='lat' dir='ltr'><strong>sit</strong></span> <span class='ocrx_word' id='word_1_499' title='bbox 1704 3886 1903 3939; x_wconf 81' lang='lat' dir='ltr'><strong>anima.</strong></span> 
     </span>
    </p>
   </div>
   <div class='ocr_carea' id='block_1_70' title="bbox 616 4000 2111 4073">
    <p class='ocr_par' dir='ltr' id='par_1_70' title="bbox 616 4000 2111 4073">
     <span class='ocr_line' id='line_1_70' title="bbox 616 4000 2111 4073; baseline -0.003 -16"><span class='ocrx_word' id='word_1_500' title='bbox 616 4001 727 4057; x_wconf 78' lang='lat' dir='ltr'><strong>Vll.</strong></span> <span class='ocrx_word' id='word_1_501' title='bbox 766 4003 922 4070; x_wconf 84' lang='lat' dir='ltr'><strong>Quod</strong></span> <span class='ocrx_word' id='word_1_502' title='bbox 952 4017 1114 4073; x_wconf 90' lang='lat' dir='ltr'><strong>porro</strong></span> <span class='ocrx_word' id='word_1_503' title='bbox 1148 4002 1331 4056; x_wconf 88' lang='lat' dir='ltr'><strong>anima</strong></span> <span class='ocrx_word' id='word_1_504' title='bbox 1364 4010 1548 4056; x_wconf 89' lang='lat' dir='ltr'><strong>nostra</strong></span> <span class='ocrx_word' id='word_1_505' title='bbox 1574 4000 1805 4055; x_wconf 87' lang='lat' dir='ltr'><strong>rationis</strong></span> <span class='ocrx_word' id='word_1_506' title='bbox 1837 4000 1909 4055; x_wconf 90' lang='lat' dir='ltr'><strong>sit</strong></span> <span class='ocrx_word' id='word_1_507' title='bbox 1942 4000 2111 4069; x_wconf 86' lang='lat' dir='ltr'><strong>parti—</strong></span> 
     </span>
    </p>
   </div>
   <div class='ocr_carea' id='block_1_71' title="bbox 2209 3237 3701 3314">
    <p class='ocr_par' dir='ltr' id='par_1_71' title="bbox 2209 3237 3701 3314">
     <span class='ocr_line' id='line_1_71' title="bbox 2209 3237 3701 3314; baseline -0.003 -21"><span class='ocrx_word' id='word_1_508' title='bbox 2209 3240 2395 3312; x_wconf 87' lang='grc' dir='ltr'>ὥσπερ</span> <span class='ocrx_word' id='word_1_509' title='bbox 2432 3243 2599 3314; x_wconf 84' lang='grc' dir='ltr'>ἁρετὴ</span> <span class='ocrx_word' id='word_1_510' title='bbox 2625 3282 2640 3305; x_wconf 91' lang='grc'><strong>,</strong></span> <span class='ocrx_word' id='word_1_511' title='bbox 2675 3242 2897 3306; x_wconf 82' lang='grc' dir='ltr'>κάλλος,</span> <span class='ocrx_word' id='word_1_512' title='bbox 2937 3242 3048 3313; x_wconf 76' lang='grc' dir='ltr'><strong>ζωὴ</strong></span> <span class='ocrx_word' id='word_1_513' title='bbox 3075 3281 3091 3306; x_wconf 92' lang='grc'><strong>,</strong></span> <span class='ocrx_word' id='word_1_514' title='bbox 3134 3244 3318 3311; x_wconf 80' lang='grc' dir='ltr'>ὑγεία,</span> <span class='ocrx_word' id='word_1_515' title='bbox 3346 3243 3437 3297; x_wconf 74' lang='grc' dir='ltr'><strong>καὶ</strong></span> <span class='ocrx_word' id='word_1_516' title='bbox 3466 3239 3632 3305; x_wconf 81' lang='grc' dir='ltr'>εὐεξία.</span> <span class='ocrx_word' id='word_1_517' title='bbox 3658 3237 3701 3289; x_wconf 79' lang='lat' dir='ltr'><strong>Ei</strong></span> 
     </span>
    </p>
   </div>
   <div class='ocr_carea' id='block_1_72' title="bbox 2206 3331 3698 3404">
    <p class='ocr_par' dir='ltr' id='par_1_72' title="bbox 2206 3331 3698 3404">
     <span class='ocr_line' id='line_1_72' title="bbox 2206 3331 3698 3404; baseline -0.001 -21"><span class='ocrx_word' id='word_1_518' title='bbox 2206 3331 2384 3386; x_wconf 87' lang='grc' dir='ltr'>τοίνυν</span> <span class='ocrx_word' id='word_1_519' title='bbox 2421 3334 2455 3402; x_wconf 82' lang='grc' dir='ltr'><strong>ὴ</strong></span> <span class='ocrx_word' id='word_1_520' title='bbox 2500 3331 2645 3404; x_wconf 73' lang='grc' dir='ltr'>ψυχὴ</span> <span class='ocrx_word' id='word_1_521' title='bbox 2690 3332 2796 3386; x_wconf 77' lang='grc' dir='ltr'>ὑπὸ</span> <span class='ocrx_word' id='word_1_522' title='bbox 2836 3333 2936 3404; x_wconf 82' lang='grc' dir='ltr'><strong>τῆς</strong></span> <span class='ocrx_word' id='word_1_523' title='bbox 2965 3332 3099 3397; x_wconf 86' lang='grc' dir='ltr'>ίδίας</span> <span class='ocrx_word' id='word_1_524' title='bbox 3144 3335 3346 3397; x_wconf 80' lang='grc' dir='ltr'><strong>κακίας</strong></span> <span class='ocrx_word' id='word_1_525' title='bbox 3378 3334 3435 3387; x_wconf 80' lang='grc' dir='ltr'><strong>ού</strong></span> <span class='ocrx_word' id='word_1_526' title='bbox 3466 3331 3698 3402; x_wconf 81' lang='grc' dir='ltr'>φθείρεται,</span> 
     </span>
    </p>
   </div>
   <div class='ocr_carea' id='block_1_73' title="bbox 2208 3423 3701 3497">
    <p class='ocr_par' dir='ltr' id='par_1_73' title="bbox 2208 3423 3701 3497">
     <span class='ocr_line' id='line_1_73' title="bbox 2208 3423 3701 3497; baseline -0.003 -20"><span class='ocrx_word' id='word_1_527' title='bbox 2208 3423 2374 3477; x_wconf 87' lang='grc' dir='ltr'><strong>κακία</strong></span> <span class='ocrx_word' id='word_1_528' title='bbox 2395 3423 2452 3478; x_wconf 88' lang='grc' dir='ltr'><strong>δὲ</strong></span> <span class='ocrx_word' id='word_1_529' title='bbox 2473 3424 2650 3495; x_wconf 77' lang='grc' dir='ltr'>ψυχῆς</span> <span class='ocrx_word' id='word_1_530' title='bbox 2676 3425 2866 3490; x_wconf 86' lang='grc' dir='ltr'>δειλία,</span> <span class='ocrx_word' id='word_1_531' title='bbox 2890 3426 3189 3493; x_wconf 80' lang='grc' dir='ltr'>ἀκολασία,</span> <span class='ocrx_word' id='word_1_532' title='bbox 3215 3426 3422 3497; x_wconf 79' lang='grc' dir='ltr'>φθόνος,</span> <span class='ocrx_word' id='word_1_533' title='bbox 3451 3424 3535 3479; x_wconf 71' lang='grc' dir='ltr'><strong>καὶ</strong></span> <span class='ocrx_word' id='word_1_534' title='bbox 3552 3423 3607 3476; x_wconf 77' lang='grc' dir='ltr'>τὰ</span> <span class='ocrx_word' id='word_1_535' title='bbox 3625 3436 3701 3473; x_wconf 75' lang='grc' dir='ltr'>τα-</span> 
     </span>
    </p>
   </div>
   <div class='ocr_carea' id='block_1_74' title="bbox 2211 3508 3703 3589">
    <p class='ocr_par' dir='ltr' id='par_1_74' title="bbox 2211 3508 3703 3589">
     <span class='ocr_line' id='line_1_74' title="bbox 2211 3508 3703 3589; baseline 0.003 -19"><span class='ocrx_word' id='word_1_536' title='bbox 2211 3514 2481 3588; x_wconf 87' lang='grc' dir='ltr'>ραπλήσια</span> <span class='ocrx_word' id='word_1_537' title='bbox 2499 3555 2514 3580; x_wconf 91' lang='grc'><strong>,</strong></span> <span class='ocrx_word' id='word_1_538' title='bbox 2549 3516 2720 3571; x_wconf 80' lang='grc' dir='ltr'>ταῦτα</span> <span class='ocrx_word' id='word_1_539' title='bbox 2742 3517 2799 3570; x_wconf 83' lang='grc' dir='ltr'><strong>δὲ</strong></span> <span class='ocrx_word' id='word_1_540' title='bbox 2826 3516 3002 3572; x_wconf 80' lang='grc' dir='ltr'>πάντα</span> <span class='ocrx_word' id='word_1_541' title='bbox 3032 3518 3133 3572; x_wconf 81' lang='grc' dir='ltr'>οὐκ</span> <span class='ocrx_word' id='word_1_542' title='bbox 3162 3519 3467 3589; x_wconf 80' lang='grc' dir='ltr'>ἀφαιρεῖται</span> <span class='ocrx_word' id='word_1_543' title='bbox 3502 3512 3639 3583; x_wconf 76' lang='grc' dir='ltr'>αὐτῆς</span> <span class='ocrx_word' id='word_1_544' title='bbox 3661 3508 3703 3561; x_wconf 79' lang='grc' dir='ltr'><strong>τδ</strong></span> 
     </span>
    </p>
   </div>
   <div class='ocr_carea' id='block_1_75' title="bbox 2209 3609 3526 3683">
    <p class='ocr_par' dir='ltr' id='par_1_75' title="bbox 2209 3609 3526 3683">
     <span class='ocr_line' id='line_1_75' title="bbox 2209 3609 3526 3683; baseline -0.003 -19"><span class='ocrx_word' id='word_1_545' title='bbox 2209 3610 2307 3682; x_wconf 75' lang='grc' dir='ltr'><strong>ζῇν</strong></span> <span class='ocrx_word' id='word_1_546' title='bbox 2335 3628 2396 3665; x_wconf 90' lang='grc' dir='ltr'><strong>τε</strong></span> <span class='ocrx_word' id='word_1_547' title='bbox 2422 3612 2515 3665; x_wconf 78' lang='grc' dir='ltr'><strong>καὶ</strong></span> <span class='ocrx_word' id='word_1_548' title='bbox 2541 3610 2603 3663; x_wconf 69' lang='grc' dir='ltr'>τὸ</span> <span class='ocrx_word' id='word_1_549' title='bbox 2628 3611 2915 3665; x_wconf 68' lang='grc' dir='ltr'>κινεῖσθαν</span> <span class='ocrx_word' id='word_1_550' title='bbox 2955 3610 3222 3676; x_wconf 80' lang='grc' dir='ltr'>ἀθάνατος</span> <span class='ocrx_word' id='word_1_551' title='bbox 3246 3611 3355 3683; x_wconf 76' lang='grc' dir='ltr'><strong>ἄρα</strong></span> <span class='ocrx_word' id='word_1_552' title='bbox 3374 3609 3526 3663; x_wconf 81' lang='grc' dir='ltr'>ἐστίν.</span> 
     </span>
    </p>
   </div>
   <div class='ocr_carea' id='block_1_76' title="bbox 2577 3884 3404 3958">
    <p class='ocr_par' dir='ltr' id='par_1_76' title="bbox 2577 3884 3404 3958">
     <span class='ocr_line' id='line_1_76' title="bbox 2577 3884 3404 3958; baseline -0.006 -15"><span class='ocrx_word' id='word_1_553' title='bbox 2577 3886 2643 3943; x_wconf 79' lang='lat' dir='ltr'><strong>El</strong></span> <span class='ocrx_word' id='word_1_554' title='bbox 2689 3884 2899 3958; x_wconf 79' lang='grc' dir='ltr'>λογικὴ</span> <span class='ocrx_word' id='word_1_555' title='bbox 2939 3886 3108 3956; x_wconf 75' lang='grc' dir='ltr'><strong>ἡμῶν</strong></span> <span class='ocrx_word' id='word_1_556' title='bbox 3139 3887 3178 3955; x_wconf 81' lang='grc' dir='ltr'><strong>ἠ</strong></span> <span class='ocrx_word' id='word_1_557' title='bbox 3214 3884 3404 3956; x_wconf 67' lang='grc' dir='ltr'>ψυχή.</span> 
     </span>
    </p>
   </div>
   <div class='ocr_carea' id='block_1_77' title="bbox 2277 3992 3705 4071">
    <p class='ocr_par' dir='ltr' id='par_1_77' title="bbox 2277 3992 3705 4071">
     <span class='ocr_line' id='line_1_77' title="bbox 2277 3992 3705 4071; baseline -0.006 -14"><span class='ocrx_word' id='word_1_558' title='bbox 2277 3999 2349 4057; x_wconf 90' lang='lat' dir='ltr'><strong>Z’.</strong></span> <span class='ocrx_word' id='word_1_559' title='bbox 2385 4005 2505 4057; x_wconf 81' lang='grc' dir='ltr'>’Ότι</span> <span class='ocrx_word' id='word_1_560' title='bbox 2527 4001 2583 4056; x_wconf 81' lang='grc' dir='ltr'><strong>δὲ</strong></span> <span class='ocrx_word' id='word_1_561' title='bbox 2616 4000 2805 4071; x_wconf 82' lang='grc' dir='ltr'>λογικὴ</span> <span class='ocrx_word' id='word_1_562' title='bbox 2825 3998 2978 4070; x_wconf 79' lang='grc' dir='ltr'>ἡμῶν</span> <span class='ocrx_word' id='word_1_563' title='bbox 3001 4000 3034 4069; x_wconf 79' lang='grc' dir='ltr'>ἡ</span> <span class='ocrx_word' id='word_1_564' title='bbox 3062 3999 3233 4071; x_wconf 72' lang='grc' dir='ltr'>ψυχὴ,</span> <span class='ocrx_word' id='word_1_565' title='bbox 3270 4000 3335 4051; x_wconf 79' lang='grc' dir='ltr'><strong>ἐκ</strong></span> <span class='ocrx_word' id='word_1_566' title='bbox 3366 3994 3557 4049; x_wconf 80' lang='grc' dir='ltr'>πολλῶν</span> <span class='ocrx_word' id='word_1_567' title='bbox 3582 3992 3705 4049; x_wconf 69' lang='grc' dir='ltr'>ἄντες</span> 
     </span>
    </p>
   </div>
   <div class='ocr_carea' id='block_1_78' title="bbox 544 4075 2107 4177">
    <p class='ocr_par' dir='ltr' id='par_1_78' title="bbox 544 4093 2106 4167">
     <span class='ocr_line' id='line_1_78' title="bbox 544 4093 2106 4167; baseline -0.004 -14"><span class='ocrx_word' id='word_1_568' title='bbox 544 4112 694 4167; x_wconf 85' lang='lat' dir='ltr'><strong>ceps,</strong></span> <span class='ocrx_word' id='word_1_569' title='bbox 718 4097 905 4152; x_wconf 90' lang='lat' dir='ltr'><strong>multis</strong></span> <span class='ocrx_word' id='word_1_570' title='bbox 931 4096 1267 4167; x_wconf 74' lang='lat' dir='ltr'><strong>argumentis</strong></span> <span class='ocrx_word' id='word_1_571' title='bbox 1294 4094 1507 4150; x_wconf 87' lang='lat' dir='ltr'><strong>ostendi</strong></span> <span class='ocrx_word' id='word_1_572' title='bbox 1538 4102 1714 4163; x_wconf 88' lang='lat' dir='ltr'><strong>potest</strong></span> <span class='ocrx_word' id='word_1_573' title='bbox 1747 4112 1759 4147; x_wconf 93' lang='lat'><strong>:</strong></span> <span class='ocrx_word' id='word_1_574' title='bbox 1785 4107 1851 4148; x_wconf 87' lang='lat' dir='ltr'><strong>ac</strong></span> <span class='ocrx_word' id='word_1_575' title='bbox 1872 4093 2106 4162; x_wconf 91' lang='lat' dir='ltr'><strong>primum</strong></span> 
     </span>
    </p>
   </div>
   <div class='ocr_carea' id='block_1_79' title="bbox 2208 4075 3707 4177">
    <p class='ocr_par' dir='ltr' id='par_1_79' title="bbox 2208 4075 3707 4177">
     <span class='ocr_line' id='line_1_79' title="bbox 2208 4075 3707 4177; baseline -0.009 -30"><span class='ocrx_word' id='word_1_576' title='bbox 2208 4093 2395 4158; x_wconf 80' lang='grc' dir='ltr'>δείξειε</span> <span class='ocrx_word' id='word_1_577' title='bbox 2416 4109 2430 4121; x_wconf 90' lang='grc'><strong>·</strong></span> <span class='ocrx_word' id='word_1_578' title='bbox 2468 4093 2561 4145; x_wconf 76' lang='grc' dir='ltr'><strong>καὶ</strong></span> <span class='ocrx_word' id='word_1_579' title='bbox 2600 4089 2812 4177; x_wconf 68' lang='grc' dir='ltr'>πρῶτον</span> <span class='ocrx_word' id='word_1_580' title='bbox 2843 4088 2974 4158; x_wconf 85' lang='grc' dir='ltr'>μὲν,</span> <span class='ocrx_word' id='word_1_581' title='bbox 3006 4089 3070 4140; x_wconf 79' lang='grc' dir='ltr'><strong>ἐκ</strong></span> <span class='ocrx_word' id='word_1_582' title='bbox 3100 4087 3196 4140; x_wconf 81' lang='grc' dir='ltr'>τοῦ</span> <span class='ocrx_word' id='word_1_583' title='bbox 3230 4085 3328 4150; x_wconf 74' lang='grc' dir='ltr'>τὰς</span> <span class='ocrx_word' id='word_1_584' title='bbox 3350 4085 3534 4177; x_wconf 81' lang='grc' dir='ltr'>τέχνας</span> <span class='ocrx_word' id='word_1_585' title='bbox 3562 4075 3707 4177; x_wconf 54' lang='grc' dir='ltr'>χρηςί-</span> 
     </span>
    </p>
   </div>
   <div class='ocr_carea' id='block_1_80' title="bbox 544 4164 2107 4258">
    <p class='ocr_par' dir='ltr' id='par_1_80' title="bbox 544 4164 2107 4258">
     <span class='ocr_line' id='line_1_80' title="bbox 544 4164 2107 4258; baseline -0.003 -16"><span class='ocrx_word' id='word_1_586' title='bbox 544 4164 762 4258; x_wconf 19' lang='lat' dir='ltr'><strong>qu‘idem</strong></span> <span class='ocrx_word' id='word_1_587' title='bbox 810 4203 875 4243; x_wconf 79' lang='lat' dir='ltr'><strong>ex</strong></span> <span class='ocrx_word' id='word_1_588' title='bbox 921 4164 1181 4258; x_wconf 28' lang='lat' dir='ltr'><strong>eovquod</strong></span> <span class='ocrx_word' id='word_1_589' title='bbox 1212 4193 1357 4240; x_wconf 88' lang='lat' dir='ltr'><strong>artes</strong></span> <span class='ocrx_word' id='word_1_590' title='bbox 1410 4185 1535 4240; x_wconf 68' lang='lat' dir='ltr'><strong>vitae</strong></span> <span class='ocrx_word' id='word_1_591' title='bbox 1587 4194 1788 4239; x_wconf 69' lang='lat' dir='ltr'><strong>nostra:</strong></span> <span class='ocrx_word' id='word_1_592' title='bbox 1813 4183 1971 4240; x_wconf 87' lang='lat' dir='ltr'><strong>utiles</strong></span> <span class='ocrx_word' id='word_1_593' title='bbox 1994 4184 2107 4254; x_wconf 90' lang='lat' dir='ltr'><strong>ipsa</strong></span> 
     </span>
    </p>
   </div>
   <div class='ocr_carea' id='block_1_81' title="bbox 2208 4164 3705 4258">
    <p class='ocr_par' dir='ltr' id='par_1_81' title="bbox 2211 4164 3705 4258">
     <span class='ocr_line' id='line_1_81' title="bbox 2211 4164 3705 4258; baseline -0.007 -22"><span class='ocrx_word' id='word_1_594' title='bbox 2211 4200 2342 4255; x_wconf 84' lang='grc' dir='ltr'>μους</span> <span class='ocrx_word' id='word_1_595' title='bbox 2362 4180 2525 4245; x_wconf 71' lang='grc' dir='ltr'>οὔσας</span> <span class='ocrx_word' id='word_1_596' title='bbox 2543 4179 2621 4251; x_wconf 84' lang='grc' dir='ltr'>τῷ</span> <span class='ocrx_word' id='word_1_597' title='bbox 2643 4179 2741 4251; x_wconf 86' lang='grc' dir='ltr'><strong>βίῳ</strong></span> <span class='ocrx_word' id='word_1_598' title='bbox 2761 4164 2927 4251; x_wconf 75' lang='grc' dir='ltr'>αὐτὴν</span> <span class='ocrx_word' id='word_1_599' title='bbox 2951 4176 3262 4249; x_wconf 81' lang='grc' dir='ltr'>εὑρηκέναι.</span> <span class='ocrx_word' id='word_1_600' title='bbox 3286 4174 3419 4228; x_wconf 77' lang='grc' dir='ltr'><strong>Οὐδὲ</strong></span> <span class='ocrx_word' id='word_1_601' title='bbox 3440 4172 3539 4243; x_wconf 84' lang='grc' dir='ltr'><strong>γὰρ</strong></span> <span class='ocrx_word' id='word_1_602' title='bbox 3554 4164 3705 4258; x_wconf 53' lang='grc' dir='ltr'>ἁπλῶςτ</span> 
     </span>
    </p>
   </div>
   <div class='ocr_carea' id='block_1_82' title="bbox 545 4255 2107 4350">
    <p class='ocr_par' dir='ltr' id='par_1_82' title="bbox 545 4277 2107 4350">
     <span class='ocr_line' id='line_1_82' title="bbox 545 4277 2107 4350; baseline -0.002 -16"><span class='ocrx_word' id='word_1_603' title='bbox 545 4280 905 4335; x_wconf 88' lang='lat' dir='ltr'><strong>adinvenerit.</strong></span> <span class='ocrx_word' id='word_1_604' title='bbox 951 4278 1138 4350; x_wconf 85' lang='lat' dir='ltr'><strong>Neque</strong></span> <span class='ocrx_word' id='word_1_605' title='bbox 1182 4278 1328 4333; x_wconf 89' lang='lat' dir='ltr'><strong>enim</strong></span> <span class='ocrx_word' id='word_1_606' title='bbox 1355 4292 1450 4333; x_wconf 90' lang='lat' dir='ltr'><strong>eas</strong></span> <span class='ocrx_word' id='word_1_607' title='bbox 1480 4289 1706 4341; x_wconf 88' lang='lat' dir='ltr'><strong>temere,</strong></span> <span class='ocrx_word' id='word_1_608' title='bbox 1733 4285 1827 4332; x_wconf 89' lang='lat' dir='ltr'><strong>aut</strong></span> <span class='ocrx_word' id='word_1_609' title='bbox 1855 4291 1985 4331; x_wconf 87' lang='lat' dir='ltr'><strong>casu</strong></span> <span class='ocrx_word' id='word_1_610' title='bbox 2012 4277 2107 4332; x_wconf 78' lang='lat' dir='ltr'><strong>ali—</strong></span> 
     </span>
    </p>
   </div>
   <div class='ocr_carea' id='block_1_83' title="bbox 2208 4255 3708 4350">
    <p class='ocr_par' dir='ltr' id='par_1_83' title="bbox 2211 4255 3708 4350">
     <span class='ocr_line' id='line_1_83' title="bbox 2211 4255 3708 4350; baseline -0.006 -23"><span class='ocrx_word' id='word_1_611' title='bbox 2211 4274 2305 4328; x_wconf 83' lang='grc' dir='ltr'><strong>κα“ι</strong></span> <span class='ocrx_word' id='word_1_612' title='bbox 2328 4273 2403 4338; x_wconf 82' lang='grc' dir='ltr'>ὡς</span> <span class='ocrx_word' id='word_1_613' title='bbox 2432 4274 2610 4344; x_wconf 76' lang='grc' dir='ltr'>ἔτυχε,</span> <span class='ocrx_word' id='word_1_614' title='bbox 2639 4273 2780 4326; x_wconf 86' lang='grc' dir='ltr'>είποι</span> <span class='ocrx_word' id='word_1_615' title='bbox 2807 4288 2891 4335; x_wconf 85' lang='grc' dir='ltr'><strong>τις</strong></span> <span class='ocrx_word' id='word_1_616' title='bbox 2920 4270 3238 4323; x_wconf 79' lang='grc' dir='ltr'>συνεστάναι</span> <span class='ocrx_word' id='word_1_617' title='bbox 3271 4268 3371 4332; x_wconf 80' lang='grc' dir='ltr'>τὰς</span> <span class='ocrx_word' id='word_1_618' title='bbox 3394 4266 3592 4335; x_wconf 82' lang='grc' dir='ltr'>τέχνας’</span> 
     </span>
    </p>
   </div>
   <div class='ocr_carea' id='block_1_84' title="bbox 546 4348 2107 4448">
    <p class='ocr_par' dir='ltr' id='par_1_84' title="bbox 546 4352 2103 4442">
     <span class='ocr_line' id='line_1_84' title="bbox 546 4352 2103 4442; baseline -0.001 -16"><span class='ocrx_word' id='word_1_619' title='bbox 546 4388 657 4442; x_wconf 87' lang='lat' dir='ltr'><strong>quo</strong></span> <span class='ocrx_word' id='word_1_620' title='bbox 704 4380 945 4442; x_wconf 87' lang='lat' dir='ltr'><strong>repertas</strong></span> <span class='ocrx_word' id='word_1_621' title='bbox 983 4387 1127 4433; x_wconf 88' lang='lat' dir='ltr'><strong>esse,</strong></span> <span class='ocrx_word' id='word_1_622' title='bbox 1167 4369 1291 4440; x_wconf 91' lang='lat' dir='ltr'><strong>quis</strong></span> <span class='ocrx_word' id='word_1_623' title='bbox 1322 4368 1554 4435; x_wconf 78' lang='lat' dir='ltr'><strong>dixerit;</strong></span> <span class='ocrx_word' id='word_1_624' title='bbox 1595 4384 1720 4423; x_wconf 89' lang='lat' dir='ltr'><strong>cum</strong></span> <span class='ocrx_word' id='word_1_625' title='bbox 1748 4383 1847 4423; x_wconf 86' lang='lat' dir='ltr'><strong>nec</strong></span> <span class='ocrx_word' id='word_1_626' title='bbox 1878 4352 2103 4434; x_wconf 86' lang='lat' dir='ltr'><strong>otiosas,</strong></span> 
     </span>
    </p>
   </div>
   <div class='ocr_carea' id='block_1_85' title="bbox 2208 4348 3707 4448">
    <p class='ocr_par' dir='ltr' id='par_1_85' title="bbox 2212 4348 3707 4448">
     <span class='ocr_line' id='line_1_85' title="bbox 2212 4348 3707 4448; baseline -0.013 -28"><span class='ocrx_word' id='word_1_627' title='bbox 2212 4365 2346 4436; x_wconf 82' lang='grc' dir='ltr'>μήτε</span> <span class='ocrx_word' id='word_1_628' title='bbox 2379 4362 2573 4435; x_wconf 83' lang='grc' dir='ltr'>ἀργὰς,</span> <span class='ocrx_word' id='word_1_629' title='bbox 2602 4362 2698 4417; x_wconf 76' lang='grc' dir='ltr'><strong>καὶ</strong></span> <span class='ocrx_word' id='word_1_630' title='bbox 2728 4361 3020 4433; x_wconf 77' lang='grc' dir='ltr'>ἀνωφελεῖς</span> <span class='ocrx_word' id='word_1_631' title='bbox 3051 4359 3224 4423; x_wconf 77' lang='grc' dir='ltr'>αὐτὰς</span> <span class='ocrx_word' id='word_1_632' title='bbox 3242 4358 3321 4430; x_wconf 84' lang='grc' dir='ltr'>τῷ</span> <span class='ocrx_word' id='word_1_633' title='bbox 3356 4357 3450 4429; x_wconf 81' lang='grc' dir='ltr'><strong>βίῳ</strong></span> <span class='ocrx_word' id='word_1_634' title='bbox 3477 4348 3707 4448; x_wconf 57' lang='grc' dir='ltr'>ἀποδείξῆ</span> 
     </span>
    </p>
   </div>
   <div class='ocr_carea' id='block_1_86' title="bbox 545 4448 2107 4537">
    <p class='ocr_par' dir='ltr' id='par_1_86' title="bbox 545 4460 2102 4530">
     <span class='ocr_line' id='line_1_86' title="bbox 545 4460 2102 4530; baseline -0.002 -13"><span class='ocrx_word' id='word_1_635' title='bbox 545 4479 647 4519; x_wconf 83' lang='lat' dir='ltr'><strong>nec</strong></span> <span class='ocrx_word' id='word_1_636' title='bbox 692 4464 814 4518; x_wconf 77' lang='lat' dir='ltr'><strong>vitae</strong></span> <span class='ocrx_word' id='word_1_637' title='bbox 851 4463 1070 4517; x_wconf 88' lang='lat' dir='ltr'><strong>inutiles</strong></span> <span class='ocrx_word' id='word_1_638' title='bbox 1115 4461 1330 4516; x_wconf 89' lang='lat' dir='ltr'><strong>easdem</strong></span> <span class='ocrx_word' id='word_1_639' title='bbox 1368 4476 1490 4516; x_wconf 89' lang='lat' dir='ltr'><strong>esse</strong></span> <span class='ocrx_word' id='word_1_640' title='bbox 1523 4473 1686 4530; x_wconf 85' lang='lat' dir='ltr'><strong>queat</strong></span> <span class='ocrx_word' id='word_1_641' title='bbox 1712 4460 2102 4515; x_wconf 89' lang='lat' dir='ltr'><strong>demonstrare.</strong></span> 
     </span>
    </p>
   </div>
   <div class='ocr_carea' id='block_1_87' title="bbox 2208 4448 3710 4537">
    <p class='ocr_par' dir='ltr' id='par_1_87' title="bbox 2209 4448 3710 4537">
     <span class='ocr_line' id='line_1_87' title="bbox 2209 4448 3710 4537; baseline -0.001 -28"><span class='ocrx_word' id='word_1_642' title='bbox 2209 4456 2274 4510; x_wconf 86' lang='grc' dir='ltr'><strong>Εἰ</strong></span> <span class='ocrx_word' id='word_1_643' title='bbox 2324 4454 2501 4508; x_wconf 85' lang='grc' dir='ltr'>τοίνυν</span> <span class='ocrx_word' id='word_1_644' title='bbox 2525 4456 2580 4507; x_wconf 82' lang='lat' dir='ltr'><strong>al</strong></span> <span class='ocrx_word' id='word_1_645' title='bbox 2608 4453 2792 4525; x_wconf 86' lang='grc' dir='ltr'>τέχναι</span> <span class='ocrx_word' id='word_1_646' title='bbox 2823 4450 3127 4508; x_wconf 85' lang='grc' dir='ltr'>συντελοῦσι</span> <span class='ocrx_word' id='word_1_647' title='bbox 3152 4451 3289 4520; x_wconf 86' lang='grc' dir='ltr'>πρὸς</span> <span class='ocrx_word' id='word_1_648' title='bbox 3318 4449 3378 4503; x_wconf 83' lang='grc' dir='ltr'>τὸ</span> <span class='ocrx_word' id='word_1_649' title='bbox 3408 4448 3641 4520; x_wconf 79' lang='grc' dir='ltr'>χρήσιμον</span> <span class='ocrx_word' id='word_1_650' title='bbox 3656 4455 3710 4537; x_wconf 60' lang='grc' dir='ltr'><strong>ξφ</strong></span> 
     </span>
    </p>
   </div>
   <div class='ocr_carea' id='block_1_88' title="bbox 549 4528 2107 4630">
    <p class='ocr_par' dir='ltr' id='par_1_88' title="bbox 549 4528 2107 4630">
     <span class='ocr_line' id='line_1_88' title="bbox 549 4528 2107 4630; baseline -0.004 -16"><span class='ocrx_word' id='word_1_651' title='bbox 549 4560 604 4614; x_wconf 85' lang='lat' dir='ltr'><strong>Si</strong></span> <span class='ocrx_word' id='word_1_652' title='bbox 638 4558 802 4630; x_wconf 80' lang='lat' dir='ltr'><strong>igitur</strong></span> <span class='ocrx_word' id='word_1_653' title='bbox 825 4564 969 4611; x_wconf 88' lang='lat' dir='ltr'><strong>artes</strong></span> <span class='ocrx_word' id='word_1_654' title='bbox 1001 4554 1069 4609; x_wconf 89' lang='lat' dir='ltr'><strong>ad</strong></span> <span class='ocrx_word' id='word_1_655' title='bbox 1103 4554 1225 4609; x_wconf 66' lang='lat' dir='ltr'><strong>vitae</strong></span> <span class='ocrx_word' id='word_1_656' title='bbox 1254 4528 1878 4613; x_wconf 46' lang='lat' dir='ltr'><strong>utilitatem—conferunt,</strong></span> <span class='ocrx_word' id='word_1_657' title='bbox 1910 4562 1964 4608; x_wconf 92' lang='lat' dir='ltr'><strong>et</strong></span> <span class='ocrx_word' id='word_1_658' title='bbox 1989 4568 2107 4624; x_wconf 68' lang='lat' dir='ltr'><strong>quae</strong></span> 
     </span>
    </p>
   </div>
   <div class='ocr_carea' id='block_1_89' title="bbox 2208 4528 3708 4630">
    <p class='ocr_par' dir='ltr' id='par_1_89' title="bbox 2213 4528 3708 4630">
     <span class='ocr_line' id='line_1_89' title="bbox 2213 4528 3708 4630; baseline -0.007 -29"><span class='ocrx_word' id='word_1_659' title='bbox 2213 4549 2344 4620; x_wconf 82' lang='grc' dir='ltr'><strong>βίῳ·</strong></span> <span class='ocrx_word' id='word_1_660' title='bbox 2397 4547 2458 4600; x_wconf 77' lang='grc' dir='ltr'><strong>τὸ</strong></span> <span class='ocrx_word' id='word_1_661' title='bbox 2490 4546 2548 4599; x_wconf 85' lang='grc' dir='ltr'>δὲ</span> <span class='ocrx_word' id='word_1_662' title='bbox 2592 4547 2855 4618; x_wconf 85' lang='grc' dir='ltr'>χρήσιμον</span> <span class='ocrx_word' id='word_1_663' title='bbox 2874 4585 2889 4610; x_wconf 94' lang='grc'><strong>,</strong></span> <span class='ocrx_word' id='word_1_664' title='bbox 2922 4542 3230 4596; x_wconf 59' lang='grc' dir='ltr'>ἐπαινετόν</span> <span class='ocrx_word' id='word_1_665' title='bbox 3282 4542 3344 4594; x_wconf 83' lang='grc' dir='ltr'><strong>τὸ</strong></span> <span class='ocrx_word' id='word_1_666' title='bbox 3368 4540 3437 4630; x_wconf 53' lang='grc' dir='ltr'><strong>δὲ.</strong></span> <span class='ocrx_word' id='word_1_667' title='bbox 3466 4528 3708 4630; x_wconf 42' lang='lat' dir='ltr'><strong>ttat-vetiti:</strong></span> 
     </span>
    </p>
   </div>
   <div class='ocr_carea' id='block_1_90' title="bbox 546 4643 2111 4714">
    <p class='ocr_par' dir='ltr' id='par_1_90' title="bbox 546 4643 2111 4714">
     <span class='ocr_line' id='line_1_90' title="bbox 546 4643 2111 4714; baseline -0.006 -6"><span class='ocrx_word' id='word_1_668' title='bbox 546 4658 677 4709; x_wconf 86' lang='lat' dir='ltr'><strong>sunt</strong></span> <span class='ocrx_word' id='word_1_669' title='bbox 722 4646 903 4714; x_wconf 86' lang='lat' dir='ltr'><strong>utilia,</strong></span> <span class='ocrx_word' id='word_1_670' title='bbox 951 4647 1113 4700; x_wconf 90' lang='lat' dir='ltr'><strong>etiam</strong></span> <span class='ocrx_word' id='word_1_671' title='bbox 1150 4646 1441 4701; x_wconf 87' lang='lat' dir='ltr'><strong>laudabilia</strong></span> <span class='ocrx_word' id='word_1_672' title='bbox 1469 4654 1632 4711; x_wconf 90' lang='lat' dir='ltr'><strong>sunt;</strong></span> <span class='ocrx_word' id='word_1_673' title='bbox 1672 4643 1960 4699; x_wconf 89' lang='lat' dir='ltr'><strong>laudabilia</strong></span> <span class='ocrx_word' id='word_1_674' title='bbox 1986 4659 2111 4699; x_wconf 90' lang='lat' dir='ltr'><strong>vero</strong></span> 
     </span>
    </p>
   </div>
   <div class='ocr_carea' id='block_1_91' title="bbox 547 4735 2113 4810">
    <p class='ocr_par' dir='ltr' id='par_1_91' title="bbox 547 4735 2113 4810">
     <span class='ocr_line' id='line_1_91' title="bbox 547 4735 2113 4810; baseline -0.006 -11"><span class='ocrx_word' id='word_1_675' title='bbox 547 4744 760 4800; x_wconf 88' lang='lat' dir='ltr'><strong>ratione</strong></span> <span class='ocrx_word' id='word_1_676' title='bbox 806 4750 1219 4810; x_wconf 88' lang='lat' dir='ltr'><strong>comparentur;</strong></span> <span class='ocrx_word' id='word_1_677' title='bbox 1271 4738 1466 4793; x_wconf 71' lang='lat' dir='ltr'><strong>anima:</strong></span> <span class='ocrx_word' id='word_1_678' title='bbox 1512 4752 1639 4793; x_wconf 90' lang='lat' dir='ltr'><strong>vero</strong></span> <span class='ocrx_word' id='word_1_679' title='bbox 1686 4737 1934 4802; x_wconf 89' lang='lat' dir='ltr'><strong>inventa,</strong></span> <span class='ocrx_word' id='word_1_680' title='bbox 1982 4735 2113 4806; x_wconf 66' lang='lat' dir='ltr'><strong>ipsae</strong></span> 
     </span>
    </p>
   </div>
   <div class='ocr_carea' id='block_1_92' title="bbox 548 4828 2112 4903">
    <p class='ocr_par' dir='ltr' id='par_1_92' title="bbox 548 4828 2112 4903">
     <span class='ocr_line' id='line_1_92' title="bbox 548 4828 2112 4903; baseline -0.006 -10"><span class='ocrx_word' id='word_1_681' title='bbox 548 4838 662 4893; x_wconf 89' lang='lat' dir='ltr'><strong>sint</strong></span> <span class='ocrx_word' id='word_1_682' title='bbox 688 4847 831 4892; x_wconf 88' lang='lat' dir='ltr'><strong>artes</strong></span> <span class='ocrx_word' id='word_1_683' title='bbox 860 4853 873 4889; x_wconf 90' lang='lat'><strong>:</strong></span> <span class='ocrx_word' id='word_1_684' title='bbox 907 4833 1088 4889; x_wconf 89' lang='lat' dir='ltr'><strong>anima</strong></span> <span class='ocrx_word' id='word_1_685' title='bbox 1132 4833 1295 4903; x_wconf 78' lang='lat' dir='ltr'><strong>igitur</strong></span> <span class='ocrx_word' id='word_1_686' title='bbox 1326 4842 1515 4887; x_wconf 89' lang='lat' dir='ltr'><strong>nostra</strong></span> <span class='ocrx_word' id='word_1_687' title='bbox 1570 4832 1795 4886; x_wconf 90' lang='lat' dir='ltr'><strong>rationis</strong></span> <span class='ocrx_word' id='word_1_688' title='bbox 1828 4842 1910 4885; x_wconf 90' lang='lat' dir='ltr'><strong>est</strong></span> <span class='ocrx_word' id='word_1_689' title='bbox 1945 4828 2112 4900; x_wconf 89' lang='lat' dir='ltr'><strong>parti-</strong></span> 
     </span>
    </p>
   </div>
   <div class='ocr_carea' id='block_1_93' title="bbox 548 4944 695 5000">
    <p class='ocr_par' dir='ltr' id='par_1_93' title="bbox 548 4944 695 5000">
     <span class='ocr_line' id='line_1_93' title="bbox 548 4944 695 5000; baseline -0.027 -13"><span class='ocrx_word' id='word_1_690' title='bbox 548 4944 695 5000; x_wconf 87' lang='lat' dir='ltr'><strong>ceps.</strong></span> 
     </span>
    </p>
   </div>
   <div class='ocr_carea' id='block_1_94' title="bbox 621 5037 2113 5111">
    <p class='ocr_par' dir='ltr' id='par_1_94' title="bbox 621 5037 2113 5111">
     <span class='ocr_line' id='line_1_94' title="bbox 621 5037 2113 5111; baseline -0.007 -12"><span class='ocrx_word' id='word_1_691' title='bbox 621 5041 839 5105; x_wconf 85' lang='lat' dir='ltr'><strong>Deinde.</strong></span> <span class='ocrx_word' id='word_1_692' title='bbox 870 5054 939 5097; x_wconf 77' lang='lat' dir='ltr'><strong>ex</strong></span> <span class='ocrx_word' id='word_1_693' title='bbox 964 5055 1032 5097; x_wconf 85' lang='lat' dir='ltr'><strong>eo</strong></span> <span class='ocrx_word' id='word_1_694' title='bbox 1058 5040 1205 5111; x_wconf 87' lang='lat' dir='ltr'><strong>quod</strong></span> <span class='ocrx_word' id='word_1_695' title='bbox 1232 5054 1427 5095; x_wconf 89' lang='lat' dir='ltr'><strong>sensus</strong></span> <span class='ocrx_word' id='word_1_696' title='bbox 1455 5038 1623 5094; x_wconf 88' lang='lat' dir='ltr'><strong>nostri</strong></span> <span class='ocrx_word' id='word_1_697' title='bbox 1656 5037 1722 5092; x_wconf 90' lang='lat' dir='ltr'><strong>ad</strong></span> <span class='ocrx_word' id='word_1_698' title='bbox 1745 5052 1833 5092; x_wconf 90' lang='lat' dir='ltr'><strong>res</strong></span> <span class='ocrx_word' id='word_1_699' title='bbox 1864 5050 2113 5105; x_wconf 61' lang='lat' dir='ltr'><strong>compreo</strong></span> 
     </span>
    </p>
   </div>
   <div class='ocr_carea' id='block_1_95' title="bbox 550 5118 2114 5193">
    <p class='ocr_par' dir='ltr' id='par_1_95' title="bbox 550 5118 2114 5193">
     <span class='ocr_line' id='line_1_95' title="bbox 550 5118 2114 5193; baseline -0.005 -5"><span class='ocrx_word' id='word_1_700' title='bbox 550 5118 864 5191; x_wconf 84' lang='lat' dir='ltr'><strong>hendendas</strong></span> <span class='ocrx_word' id='word_1_701' title='bbox 889 5149 1001 5190; x_wconf 88' lang='lat' dir='ltr'><strong>non</strong></span> <span class='ocrx_word' id='word_1_702' title='bbox 1022 5141 1151 5190; x_wconf 93' lang='lat' dir='ltr'><strong>sunt</strong></span> <span class='ocrx_word' id='word_1_703' title='bbox 1182 5130 1527 5193; x_wconf 83' lang='lat' dir='ltr'><strong>sulﬁcientes,</strong></span> <span class='ocrx_word' id='word_1_704' title='bbox 1558 5122 1721 5183; x_wconf 86' lang='lat' dir='ltr'><strong>etiam</strong></span> <span class='ocrx_word' id='word_1_705' title='bbox 1750 5127 1987 5185; x_wconf 88' lang='lat' dir='ltr'><strong>animam</strong></span> <span class='ocrx_word' id='word_1_706' title='bbox 2011 5141 2114 5181; x_wconf 82' lang='lat' dir='ltr'><strong>no-</strong></span> 
     </span>
    </p>
   </div>
   <div class='ocr_carea' id='block_1_96' title="bbox 550 5217 2113 5299">
    <p class='ocr_par' dir='ltr' id='par_1_96' title="bbox 550 5217 2113 5299">
     <span class='ocr_line' id='line_1_96' title="bbox 550 5217 2113 5299; baseline -0.006 -17"><span class='ocrx_word' id='word_1_707' title='bbox 550 5235 721 5283; x_wconf 88' lang='lat' dir='ltr'><strong>stram</strong></span> <span class='ocrx_word' id='word_1_708' title='bbox 761 5229 974 5284; x_wconf 89' lang='lat' dir='ltr'><strong>ratione</strong></span> <span class='ocrx_word' id='word_1_709' title='bbox 1013 5227 1290 5299; x_wconf 72' lang='lat' dir='ltr'><strong>praeditam</strong></span> <span class='ocrx_word' id='word_1_710' title='bbox 1319 5238 1441 5281; x_wconf 89' lang='lat' dir='ltr'><strong>esse</strong></span> <span class='ocrx_word' id='word_1_711' title='bbox 1469 5223 1894 5278; x_wconf 86' lang='lat' dir='ltr'><strong>demonstratur.</strong></span> <span class='ocrx_word' id='word_1_712' title='bbox 1928 5217 2113 5290; x_wconf 86' lang='lat' dir='ltr'><strong>Neque</strong></span> 
     </span>
    </p>
   </div>
   <div class='ocr_carea' id='block_1_97' title="bbox 550 5311 2114 5391">
    <p class='ocr_par' dir='ltr' id='par_1_97' title="bbox 550 5311 2114 5391">
     <span class='ocr_line' id='line_1_97' title="bbox 550 5311 2114 5391; baseline -0.006 -17"><span class='ocrx_word' id='word_1_713' title='bbox 550 5319 695 5374; x_wconf 88' lang='lat' dir='ltr'><strong>enim</strong></span> <span class='ocrx_word' id='word_1_714' title='bbox 738 5321 855 5377; x_wconf 87' lang='lat' dir='ltr'><strong>sola</strong></span> <span class='ocrx_word' id='word_1_715' title='bbox 889 5334 1085 5377; x_wconf 87' lang='lat' dir='ltr'><strong>sensus</strong></span> <span class='ocrx_word' id='word_1_716' title='bbox 1123 5317 1479 5391; x_wconf 89' lang='lat' dir='ltr'><strong>applicatione</strong></span> <span class='ocrx_word' id='word_1_717' title='bbox 1522 5312 1764 5369; x_wconf 84' lang='lat' dir='ltr'><strong>valemus</strong></span> <span class='ocrx_word' id='word_1_718' title='bbox 1811 5311 1879 5366; x_wconf 89' lang='lat' dir='ltr'><strong>ad</strong></span> <span class='ocrx_word' id='word_1_719' title='bbox 1904 5326 1990 5367; x_wconf 90' lang='lat' dir='ltr'><strong>res</strong></span> <span class='ocrx_word' id='word_1_720' title='bbox 2018 5325 2114 5366; x_wconf 81' lang='lat' dir='ltr'><strong>co-</strong></span> 
     </span>
    </p>
   </div>
   <div class='ocr_carea' id='block_1_98' title="bbox 551 5401 2112 5482">
    <p class='ocr_par' dir='ltr' id='par_1_98' title="bbox 551 5401 2112 5482">
     <span class='ocr_line' id='line_1_98' title="bbox 551 5401 2112 5482; baseline -0.003 -21"><span class='ocrx_word' id='word_1_721' title='bbox 551 5412 888 5477; x_wconf 75' lang='lat' dir='ltr'><strong>gnoscendas</strong></span> <span class='ocrx_word' id='word_1_722' title='bbox 925 5410 1227 5482; x_wconf 86' lang='lat' dir='ltr'><strong>pervenire.</strong></span> <span class='ocrx_word' id='word_1_723' title='bbox 1272 5408 1342 5463; x_wconf 87' lang='lat' dir='ltr'><strong>At</strong></span> <span class='ocrx_word' id='word_1_724' title='bbox 1385 5407 1511 5477; x_wconf 88' lang='lat' dir='ltr'><strong>quia</strong></span> <span class='ocrx_word' id='word_1_725' title='bbox 1548 5420 1648 5460; x_wconf 91' lang='lat' dir='ltr'><strong>nec</strong></span> <span class='ocrx_word' id='word_1_726' title='bbox 1687 5405 1742 5458; x_wconf 93' lang='lat' dir='ltr'><strong>in</strong></span> <span class='ocrx_word' id='word_1_727' title='bbox 1783 5403 1931 5458; x_wconf 86' lang='lat' dir='ltr'><strong>hisce</strong></span> <span class='ocrx_word' id='word_1_728' title='bbox 1958 5401 2112 5457; x_wconf 85' lang='lat' dir='ltr'><strong>volu-</strong></span> 
     </span>
    </p>
   </div>
   <div class='ocr_carea' id='block_1_99' title="bbox 553 5493 2112 5572">
    <p class='ocr_par' dir='ltr' id='par_1_99' title="bbox 553 5493 2112 5572">
     <span class='ocr_line' id='line_1_99' title="bbox 553 5493 2112 5572; baseline -0.005 -17"><span class='ocrx_word' id='word_1_729' title='bbox 553 5516 677 5555; x_wconf 91' lang='lat' dir='ltr'><strong>mus</strong></span> <span class='ocrx_word' id='word_1_730' title='bbox 728 5502 1013 5570; x_wconf 77' lang='lat' dir='ltr'><strong>inhaerere,</strong></span> <span class='ocrx_word' id='word_1_731' title='bbox 1050 5502 1102 5556; x_wconf 91' lang='lat' dir='ltr'><strong>id</strong></span> <span class='ocrx_word' id='word_1_732' title='bbox 1126 5501 1375 5572; x_wconf 90' lang='lat' dir='ltr'><strong>protinus</strong></span> <span class='ocrx_word' id='word_1_733' title='bbox 1404 5499 1528 5554; x_wconf 87' lang='lat' dir='ltr'><strong>inde</strong></span> <span class='ocrx_word' id='word_1_734' title='bbox 1555 5503 1787 5561; x_wconf 88' lang='lat' dir='ltr'><strong>constat,</strong></span> <span class='ocrx_word' id='word_1_735' title='bbox 1815 5493 1961 5565; x_wconf 91' lang='lat' dir='ltr'><strong>quod</strong></span> <span class='ocrx_word' id='word_1_736' title='bbox 1986 5509 2112 5549; x_wconf 90' lang='lat' dir='ltr'><strong>sen-</strong></span> 
     </span>
    </p>
   </div>
   <div class='ocr_carea' id='block_1_100' title="bbox 554 5587 2111 5663">
    <p class='ocr_par' dir='ltr' id='par_1_100' title="bbox 554 5587 2111 5663">
     <span class='ocr_line' id='line_1_100' title="bbox 554 5587 2111 5663; baseline -0.006 -15"><span class='ocrx_word' id='word_1_737' title='bbox 554 5607 669 5652; x_wconf 80' lang='lat' dir='ltr'><strong>sus,</strong></span> <span class='ocrx_word' id='word_1_738' title='bbox 713 5593 820 5648; x_wconf 89' lang='lat' dir='ltr'><strong>nisi</strong></span> <span class='ocrx_word' id='word_1_739' title='bbox 871 5594 1080 5649; x_wconf 89' lang='lat' dir='ltr'><strong>ratione</strong></span> <span class='ocrx_word' id='word_1_740' title='bbox 1135 5593 1477 5663; x_wconf 71' lang='lat' dir='ltr'><strong>adiuventur.</strong></span> <span class='ocrx_word' id='word_1_741' title='bbox 1524 5606 1606 5658; x_wconf 88' lang='lat' dir='ltr'><strong>ea,</strong></span> <span class='ocrx_word' id='word_1_742' title='bbox 1638 5603 1759 5660; x_wconf 61' lang='lat' dir='ltr'><strong>quae</strong></span> <span class='ocrx_word' id='word_1_743' title='bbox 1786 5587 1958 5657; x_wconf 81' lang='lat' dir='ltr'><strong>ﬁgura</strong></span> <span class='ocrx_word' id='word_1_744' title='bbox 1983 5594 2111 5641; x_wconf 87' lang='lat' dir='ltr'><strong>sunt</strong></span> 
     </span>
    </p>
   </div>
   <div class='ocr_carea' id='block_1_101' title="bbox 551 5678 2112 5751">
    <p class='ocr_par' dir='ltr' id='par_1_101' title="bbox 551 5678 2112 5751">
     <span class='ocr_line' id='line_1_101' title="bbox 551 5678 2112 5751; baseline -0.003 -15"><span class='ocrx_word' id='word_1_745' title='bbox 551 5683 802 5751; x_wconf 65' lang='lat' dir='ltr'><strong>aequalia,</strong></span> <span class='ocrx_word' id='word_1_746' title='bbox 825 5692 877 5736; x_wconf 91' lang='lat' dir='ltr'><strong>et</strong></span> <span class='ocrx_word' id='word_1_747' title='bbox 899 5685 1080 5739; x_wconf 87' lang='lat' dir='ltr'><strong>colore</strong></span> <span class='ocrx_word' id='word_1_748' title='bbox 1109 5685 1330 5749; x_wconf 86' lang='lat' dir='ltr'><strong>similia,</strong></span> <span class='ocrx_word' id='word_1_749' title='bbox 1358 5693 1551 5738; x_wconf 90' lang='lat' dir='ltr'><strong>natura</strong></span> <span class='ocrx_word' id='word_1_750' title='bbox 1572 5691 1745 5737; x_wconf 88' lang='lat' dir='ltr'><strong>tamen</strong></span> <span class='ocrx_word' id='word_1_751' title='bbox 1767 5678 1863 5751; x_wconf 82' lang='grc' dir='ltr'><strong>[αι.</strong></span> <span class='ocrx_word' id='word_1_752' title='bbox 1892 5686 2112 5749; x_wconf 89' lang='lat' dir='ltr'><strong>aspectu</strong></span> 
     </span>
    </p>
   </div>
   <div class='ocr_carea' id='block_1_102' title="bbox 552 5772 2111 5852">
    <p class='ocr_par' dir='ltr' id='par_1_102' title="bbox 552 5772 2111 5852">
     <span class='ocr_line' id='line_1_102' title="bbox 552 5772 2111 5852; baseline -0.007 -16"><span class='ocrx_word' id='word_1_753' title='bbox 552 5772 761 5852; x_wconf 86' lang='lat' dir='ltr'><strong>tamen]</strong></span> <span class='ocrx_word' id='word_1_754' title='bbox 797 5775 1132 5847; x_wconf 76' lang='lat' dir='ltr'><strong>diﬂerentia,</strong></span> <span class='ocrx_word' id='word_1_755' title='bbox 1186 5778 1546 5833; x_wconf 80' lang='lat' dir='ltr'><strong>internoscere</strong></span> <span class='ocrx_word' id='word_1_756' title='bbox 1595 5784 1755 5845; x_wconf 86' lang='lat' dir='ltr'><strong>atque</strong></span> <span class='ocrx_word' id='word_1_757' title='bbox 1805 5772 2111 5828; x_wconf 86' lang='lat' dir='ltr'><strong>discernere</strong></span> 
     </span>
    </p>
   </div>
   <div class='ocr_carea' id='block_1_103' title="bbox 2209 4615 3709 4707">
    <p class='ocr_par' dir='ltr' id='par_1_103' title="bbox 2209 4615 3709 4707">
     <span class='ocr_line' id='line_1_103' title="bbox 2209 4615 3709 4707; baseline -0.003 -17"><span class='ocrx_word' id='word_1_758' title='bbox 2209 4615 2350 4707; x_wconf 46' lang='grc' dir='ltr'>λόφῳ</span> <span class='ocrx_word' id='word_1_759' title='bbox 2371 4615 2824 4698; x_wconf 73' lang='grc' dir='ltr'>κατασκεύαστδν,</span> <span class='ocrx_word' id='word_1_760' title='bbox 2844 4633 3017 4704; x_wconf 74' lang='grc' dir='ltr'>ψυχῆς</span> <span class='ocrx_word' id='word_1_761' title='bbox 3046 4630 3101 4684; x_wconf 82' lang='grc' dir='ltr'><strong>δὲ</strong></span> <span class='ocrx_word' id='word_1_762' title='bbox 3128 4631 3347 4703; x_wconf 78' lang='grc' dir='ltr'>εὕρημα</span> <span class='ocrx_word' id='word_1_763' title='bbox 3375 4622 3543 4683; x_wconf 62' lang='grc' dir='ltr'>αὖθι-αι’</span> <span class='ocrx_word' id='word_1_764' title='bbox 3571 4615 3709 4690; x_wconf 72' lang='grc' dir='ltr'>λογικὴ</span> 
     </span>
    </p>
   </div>
   <div class='ocr_carea' id='block_1_104' title="bbox 2177 4728 2742 4803">
    <p class='ocr_par' dir='ltr' id='par_1_104' title="bbox 2177 4728 2742 4803">
     <span class='ocr_line' id='line_1_104' title="bbox 2177 4728 2742 4803; baseline -0.002 -3"><span class='ocrx_word' id='word_1_765' title='bbox 2177 4744 2181 4749; x_wconf 69' lang='grc'><strong>’</strong></span> <span class='ocrx_word' id='word_1_766' title='bbox 2211 4728 2317 4800; x_wconf 73' lang='grc' dir='ltr'><strong>ἄρα</strong></span> <span class='ocrx_word' id='word_1_767' title='bbox 2340 4728 2549 4803; x_wconf 78' lang='grc' dir='ltr'>ἡμῶνή</span> <span class='ocrx_word' id='word_1_768' title='bbox 2577 4728 2742 4800; x_wconf 78' lang='grc' dir='ltr'><strong>ψυχή-</strong></span> 
     </span>
    </p>
   </div>
   <div class='ocr_carea' id='block_1_105' title="bbox 2284 5006 3709 5096">
    <p class='ocr_par' dir='ltr' id='par_1_105' title="bbox 2284 5006 3709 5096">
     <span class='ocr_line' id='line_1_105' title="bbox 2284 5006 3709 5096; baseline -0.005 -15"><span class='ocrx_word' id='word_1_769' title='bbox 2284 5029 2514 5081; x_wconf 88' lang='grc' dir='ltr'>Ἔπειτα</span> <span class='ocrx_word' id='word_1_770' title='bbox 2536 5067 2552 5092; x_wconf 98' lang='grc'><strong>,</strong></span> <span class='ocrx_word' id='word_1_771' title='bbox 2585 5028 2649 5080; x_wconf 83' lang='grc' dir='ltr'><strong>ἐκ</strong></span> <span class='ocrx_word' id='word_1_772' title='bbox 2689 5025 2785 5080; x_wconf 78' lang='grc' dir='ltr'>τοῦ</span> <span class='ocrx_word' id='word_1_773' title='bbox 2833 5025 2931 5089; x_wconf 85' lang='grc' dir='ltr'><strong>τὰς</strong></span> <span class='ocrx_word' id='word_1_774' title='bbox 2961 5024 3238 5096; x_wconf 77' lang='grc' dir='ltr'>αἰσθήσεις</span> <span class='ocrx_word' id='word_1_775' title='bbox 3276 5022 3433 5095; x_wconf 73' lang='grc' dir='ltr'>ἡμῶν</span> <span class='ocrx_word' id='word_1_776' title='bbox 3473 5017 3541 5089; x_wconf 78' lang='grc' dir='ltr'>μὴ</span> <span class='ocrx_word' id='word_1_777' title='bbox 3569 5006 3709 5096; x_wconf 66' lang='grc' dir='ltr'><strong>ικανάξῖ</strong></span> 
     </span>
    </p>
   </div>
   <div class='ocr_carea' id='block_1_106' title="bbox 2211 5094 3711 5190">
    <p class='ocr_par' dir='ltr' id='par_1_106' title="bbox 2211 5094 3711 5190">
     <span class='ocr_line' id='line_1_106' title="bbox 2211 5094 3711 5190; baseline -0.004 -17"><span class='ocrx_word' id='word_1_778' title='bbox 2211 5115 2351 5174; x_wconf 78' lang='grc' dir='ltr'>εἶναι</span> <span class='ocrx_word' id='word_1_779' title='bbox 2381 5119 2516 5190; x_wconf 83' lang='grc' dir='ltr'>πρὸς</span> <span class='ocrx_word' id='word_1_780' title='bbox 2544 5117 2645 5189; x_wconf 80' lang='grc' dir='ltr'><strong>τὴν</strong></span> <span class='ocrx_word' id='word_1_781' title='bbox 2675 5116 2782 5171; x_wconf 84' lang='grc' dir='ltr'><strong>τῶν</strong></span> <span class='ocrx_word' id='word_1_782' title='bbox 2810 5094 3187 5190; x_wconf 82' lang='grc' dir='ltr'>παραγματων</span> <span class='ocrx_word' id='word_1_783' title='bbox 3214 5110 3530 5181; x_wconf 79' lang='grc' dir='ltr'>κατάληψιν,</span> <span class='ocrx_word' id='word_1_784' title='bbox 3567 5094 3711 5190; x_wconf 42' lang='lat' dir='ltr'><strong>Milli</strong></span> 
     </span>
    </p>
   </div>
   <div class='ocr_carea' id='block_1_107' title="bbox 2212 5188 3710 5283">
    <p class='ocr_par' dir='ltr' id='par_1_107' title="bbox 2212 5188 3710 5283">
     <span class='ocr_line' id='line_1_107' title="bbox 2212 5188 3710 5283; baseline -0.001 -25"><span class='ocrx_word' id='word_1_785' title='bbox 2212 5212 2369 5283; x_wconf 78' lang='grc' dir='ltr'>ἡμῶν</span> <span class='ocrx_word' id='word_1_786' title='bbox 2389 5188 2436 5283; x_wconf 13' lang='lat' dir='ltr'><strong>ﬁt</strong></span> <span class='ocrx_word' id='word_1_787' title='bbox 2449 5188 3006 5283; x_wconf 15' lang='lat' dir='ltr'><strong>duxhidrtoﬁelxvusat.</strong></span> <span class='ocrx_word' id='word_1_788' title='bbox 3028 5206 3161 5261; x_wconf 81' lang='grc' dir='ltr'><strong>Οὐδὲ</strong></span> <span class='ocrx_word' id='word_1_789' title='bbox 3181 5204 3287 5277; x_wconf 80' lang='grc' dir='ltr'>γὰρ</span> <span class='ocrx_word' id='word_1_790' title='bbox 3306 5188 3710 5283; x_wconf 84' lang='grc' dir='ltr'>ἀρκούμεθα</span> 
     </span>
    </p>
   </div>
   <div class='ocr_carea' id='block_1_108' title="bbox 2214 5277 3709 5377">
    <p class='ocr_par' dir='ltr' id='par_1_108' title="bbox 2214 5277 3709 5377">
     <span class='ocr_line' id='line_1_108' title="bbox 2214 5277 3709 5377; baseline -0.012 -19"><span class='ocrx_word' id='word_1_791' title='bbox 2214 5277 2422 5376; x_wconf 72' lang='grc' dir='ltr'>είδησιν</span> <span class='ocrx_word' id='word_1_792' title='bbox 2623 5301 2824 5363; x_wconf 74' lang='grc' dir='ltr'>ὄντων,</span> <span class='ocrx_word' id='word_1_793' title='bbox 2870 5301 2938 5371; x_wconf 79' lang='grc' dir='ltr'>τῇ</span> <span class='ocrx_word' id='word_1_794' title='bbox 2994 5299 3093 5370; x_wconf 84' lang='grc' dir='ltr'>τῆς</span> <span class='ocrx_word' id='word_1_795' title='bbox 3129 5296 3425 5365; x_wconf 73' lang='grc' dir='ltr'>αἰσθήσεως</span> 
     </span>
    </p>
   </div>
   <div class='ocr_carea' id='block_1_109' title="bbox 2225 5377 3709 5468">
    <p class='ocr_par' dir='ltr' id='par_1_109' title="bbox 2225 5377 3709 5468">
     <span class='ocr_line' id='line_1_109' title="bbox 2225 5377 3709 5468; baseline -0.018 -16"><span class='ocrx_word' id='word_1_796' title='bbox 2225 5397 2378 5451; x_wconf 80' lang='grc' dir='ltr'>Ἐπεὶ</span> <span class='ocrx_word' id='word_1_797' title='bbox 2413 5395 2545 5468; x_wconf 82' lang='grc' dir='ltr'><strong>μηδὲ</strong></span> <span class='ocrx_word' id='word_1_798' title='bbox 2580 5396 2768 5465; x_wconf 80' lang='grc' dir='ltr'>στῆναι</span> <span class='ocrx_word' id='word_1_799' title='bbox 2816 5392 2943 5463; x_wconf 80' lang='grc' dir='ltr'>περὶ</span> <span class='ocrx_word' id='word_1_800' title='bbox 2976 5389 3113 5443; x_wconf 81' lang='grc' dir='ltr'>αὐτὰ</span> <span class='ocrx_word' id='word_1_801' title='bbox 3139 5388 3382 5457; x_wconf 86' lang='grc' dir='ltr'>θέλομεν,</span> <span class='ocrx_word' id='word_1_802' title='bbox 3419 5377 3593 5468; x_wconf 73' lang='grc' dir='ltr'><strong>αὐτίκα</strong></span> <span class='ocrx_word' id='word_1_803' title='bbox 3615 5383 3709 5440; x_wconf 70' lang='grc' dir='ltr'>γοῦν</span> 
     </span>
    </p>
   </div>
   <div class='ocr_carea' id='block_1_110' title="bbox 2211 5466 3707 5559">
    <p class='ocr_par' dir='ltr' id='par_1_110' title="bbox 2211 5466 3707 5559">
     <span class='ocr_line' id='line_1_110' title="bbox 2211 5466 3707 5559; baseline -0.013 -17"><span class='ocrx_word' id='word_1_804' title='bbox 2211 5489 2280 5542; x_wconf 86' lang='grc' dir='ltr'>τὰ</span> <span class='ocrx_word' id='word_1_805' title='bbox 2304 5487 2381 5559; x_wconf 85' lang='grc' dir='ltr'>τῷ</span> <span class='ocrx_word' id='word_1_806' title='bbox 2408 5466 2642 5559; x_wconf 84' lang='grc' dir='ltr'>σχήματι</span> <span class='ocrx_word' id='word_1_807' title='bbox 2665 5481 2777 5550; x_wconf 78' lang='grc' dir='ltr'>ἴσα,</span> <span class='ocrx_word' id='word_1_808' title='bbox 2808 5485 2902 5538; x_wconf 79' lang='grc' dir='ltr'><strong>καὶ</strong></span> <span class='ocrx_word' id='word_1_809' title='bbox 2947 5486 3013 5553; x_wconf 80' lang='grc' dir='ltr'>τῇ</span> <span class='ocrx_word' id='word_1_810' title='bbox 3055 5482 3213 5552; x_wconf 81' lang='grc' dir='ltr'>χροιᾷ</span> <span class='ocrx_word' id='word_1_811' title='bbox 3238 5479 3395 5549; x_wconf 84' lang='grc' dir='ltr'>ὃμοια</span> <span class='ocrx_word' id='word_1_812' title='bbox 3433 5470 3521 5525; x_wconf 74' lang='grc' dir='ltr'><strong>καὶ</strong></span> <span class='ocrx_word' id='word_1_813' title='bbox 3561 5466 3707 5559; x_wconf 62' lang='grc' dir='ltr'><strong>διῃρη-</strong></span> 
     </span>
    </p>
   </div>
   <div class='ocr_carea' id='block_1_111' title="bbox 2219 5556 3706 5653">
    <p class='ocr_par' dir='ltr' id='par_1_111' title="bbox 2219 5556 3706 5653">
     <span class='ocr_line' id='line_1_111' title="bbox 2219 5556 3706 5653; baseline 0.009 -19"><span class='ocrx_word' id='word_1_814' title='bbox 2219 5556 2363 5653; x_wconf 79' lang='grc' dir='ltr'>μένα</span> <span class='ocrx_word' id='word_1_815' title='bbox 2379 5556 2748 5650; x_wconf 31' lang='grc' dir='ltr'>ταῖς-φύσεσιν</span> <span class='ocrx_word' id='word_1_816' title='bbox 2787 5576 2916 5648; x_wconf 71' lang='grc' dir='ltr'><strong>[ἄλ.</strong></span> <span class='ocrx_word' id='word_1_817' title='bbox 2966 5572 3203 5647; x_wconf 46' lang='lat' dir='ltr'><strong>bII/66W],</strong></span> <span class='ocrx_word' id='word_1_818' title='bbox 3242 5573 3275 5642; x_wconf 70' lang='grc' dir='ltr'>ἦ</span> <span class='ocrx_word' id='word_1_819' title='bbox 3306 5568 3537 5638; x_wconf 59' lang='grc' dir='ltr'><strong>αἴσθησίς</strong></span> <span class='ocrx_word' id='word_1_820' title='bbox 3561 5556 3706 5653; x_wconf 39' lang='lat' dir='ltr'><strong>QN“</strong></span> 
     </span>
    </p>
   </div>
   <div class='ocr_carea' id='block_1_112' title="bbox 2213 5650 3709 5750">
    <p class='ocr_par' dir='ltr' id='par_1_112' title="bbox 2213 5650 3709 5750">
     <span class='ocr_line' id='line_1_112' title="bbox 2213 5650 3709 5750; baseline -0.015 -21"><span class='ocrx_word' id='word_1_821' title='bbox 2213 5650 2345 5730; x_wconf 71' lang='grc' dir='ltr'>οὖσα</span> <span class='ocrx_word' id='word_1_822' title='bbox 2366 5675 2635 5745; x_wconf 86' lang='grc' dir='ltr'>διακρῖναι</span> <span class='ocrx_word' id='word_1_823' title='bbox 2656 5672 2889 5725; x_wconf 84' lang='grc' dir='ltr'>ἀσθενεῖ.</span> <span class='ocrx_word' id='word_1_824' title='bbox 2917 5670 2979 5722; x_wconf 88' lang='grc' dir='ltr'>Εἰ</span> <span class='ocrx_word' id='word_1_825' title='bbox 2997 5668 3174 5721; x_wconf 87' lang='grc' dir='ltr'>τοίνυν</span> <span class='ocrx_word' id='word_1_826' title='bbox 3202 5666 3259 5719; x_wconf 92' lang='grc' dir='ltr'><strong>αἱ</strong></span> <span class='ocrx_word' id='word_1_827' title='bbox 3284 5661 3550 5732; x_wconf 82' lang='grc' dir='ltr'>αἰσθήσεις</span> <span class='ocrx_word' id='word_1_828' title='bbox 3566 5650 3709 5750; x_wconf 49' lang='grc' dir='ltr'>ἄλογοι</span> 
     </span>
    </p>
   </div>
   <div class='ocr_carea' id='block_1_113' title="bbox 2215 5751 3694 5833">
    <p class='ocr_par' dir='ltr' id='par_1_113' title="bbox 2215 5751 3694 5833">
     <span class='ocr_line' id='line_1_113' title="bbox 2215 5751 3694 5833; baseline -0.013 -16"><span class='ocrx_word' id='word_1_829' title='bbox 2215 5759 2387 5828; x_wconf 78' lang='grc' dir='ltr'>οὖσαι,</span> <span class='ocrx_word' id='word_1_830' title='bbox 2418 5761 2585 5833; x_wconf 71' lang='grc' dir='ltr'>ψευδῆ</span> <span class='ocrx_word' id='word_1_831' title='bbox 2612 5762 2739 5833; x_wconf 82' lang='grc' dir='ltr'>ἡμῖν</span> <span class='ocrx_word' id='word_1_832' title='bbox 2771 5757 3065 5830; x_wconf 80' lang='grc' dir='ltr'>φαντασίαν</span> <span class='ocrx_word' id='word_1_833' title='bbox 3100 5756 3207 5812; x_wconf 78' lang='grc' dir='ltr'><strong>τῶν</strong></span> <span class='ocrx_word' id='word_1_834' title='bbox 3237 5756 3398 5808; x_wconf 75' lang='grc' dir='ltr'>ὄντων</span> <span class='ocrx_word' id='word_1_835' title='bbox 3426 5751 3694 5820; x_wconf 78' lang='grc' dir='ltr'>ἐμποιουσῐν</span> 
     </span>
    </p>
   </div>
  </div>
