3988 6200
256 258 402 315 1145

1139 264 1419 321 HOMILIA
1459 266 1477 319 1
1512 264 1580 320 ΙΝ
1617 264 2047 325 ANNUNTIAT.
2092 265 2279 323 WBG.
2321 265 2586 322 MABIIE.

3367 266 3504 321 1146

251 381 535 451 λογιστέον
558 383 708 453 ἡμῖν,
731 384 777 435 εἰ
794 384 1143 456 καταληπτέα
1165 387 1235 441 τὰ
1259 388 1457 458 ὅντα,ἣ
1484 387 1578 459 μὴ,
1606 388 1681 452 ὡς
1708 388 1839 459 ἀλη-

1939 398 2235 457 nequeant.
2266 386 2629 457 Quapropter,
2655 399 2776 439 cum
2807 399 3001 440 sensus
3030 385 3242 440 ratione
3263 384 3501 441 destituti

251 476 395 539 θῶς·
426 476 521 530 καὶ
543 480 591 530 ει
622 478 721 548 μὲν
751 480 1119 550 καταλητπέα,
1148 481 1307 551 ἑτέρα
1338 482 1488 533 ἐστὶν
1522 483 1555 551 ἡ
1584 481 1829 552 δύναμις,

251 568 350 621 καὶ
384 568 645 639 κρείττων
676 570 824 642 παρὰ
848 571 944 635 τὰς
977 573 1330 644 αὶσθήσεις,ὴ
1360 573 1561 627 τούτων
1589 576 1835 643 ἐφικνου-

254 659 416 730 μένη.
450 660 512 712 Εἰ
540 659 595 713 δὲ
619 660 691 731 μὴ
724 662 1202 733 καταλαμϐάνεται
1225 705 1239 729 ,
1278 665 1396 719 οὐδὲ
1421 666 1575 719 ἔσται
1608 667 1739 735 ἡμῖν
1765 665 1834 719 τὰ

252 749 457 820 ἑτέρως
483 752 636 823 παρὰ
653 753 680 806 ὅ
706 755 821 807 ἐστι
838 755 1695 828 θεωρούμενα[καταλαμϐάνειν].
1712 759 1831 810 Ὅτι

250 840 313 893 δὲ
343 841 807 915 καταληπὰὴμῖν
831 845 1033 899 ἐστιτὰ
1054 848 1373 919 πράγματα,
1400 849 1557 917 δῆλον
1577 848 1635 915 ἐξ
1662 842 1723 902 οὗ
1751 850 1832 901 ol-

249 933 421 998 κείως
453 935 667 1007 ἑκάστῳ
704 938 839 1008 πρὸς
863 938 922 991 τὸ
946 941 1211 1011 χρήσιμον
1240 940 1517 1012 χρώμεθα,
1546 942 1638 993 καὶ
1675 940 1835 994 πάλιν

250 1026 733 1100 κατασκευάζομεν
751 1033 831 1095 εἰς
844 1031 879 1086 ἃ
901 1033 1172 1105 ἐθέλομεν.
1193 1034 1401 1087 Οὐκοῦν
1418 1037 1465 1087 ει
1482 1033 1547 1087 τὰ
1563 1034 1734 1103 ὅνταή
1745 1035 1834 1103 μῖν

247 1119 576 1192 καταληπτα
596 1123 827 1195 ἐδείχθη,
860 1125 914 1177 αἱ
942 1125 998 1177 δὲ
1023 1126 1298 1197 αἰσθήσεις
1314 1126 1495 1195 ἄλογοι
1511 1120 1836 1198 οὖσαιυψευ-

245 1212 359 1277 δῶς
380 1214 750 1287 δοκιμάζουσι,
782 1218 903 1282 νοῦς
931 1220 1081 1273 ἔσται
1104 1224 1132 1274 6
1157 1220 1224 1273 τὰ
1252 1222 1427 1275 πάντα
1452 1219 1593 1290 λόγῳ
1621 1220 1831 1289 διακρί-

245 1322 360 1359 νων
522 1310 550 1360 6
569 1309 740 1363 πάντα
757 1309 910 1379 λόγον
932 1313 1267 1385 διακρίνων],
1287 1313 1379 1367 καὶ
1400 1313 1513 1366 ἐστι
1528 1313 1601 1376 ὡς
1618 1311 1831 1383 ἀληθῶς

243 1400 322 1453 τὰ
354 1400 484 1454 ὅντα
510 1403 882 1471 ἐπιγινώσκων
902 1424 915 1437 ·
947 1406 1073 1471 νοῦς
1100 1407 1155 1460 δὲ
1188 1408 1365 1478 ψυχῆς
1392 1408 1452 1461 τὸ
1494 1406 1707 1476 λογικὸν
1737 1406 1832 1478 μέ-

248 1510 379 1565 ρος·
410 1495 598 1568 λογικὴ
627 1498 733 1569 ἄρα
765 1500 797 1569 ὴ
831 1500 995 1571 ψυχή·

1938 479 2105 536 falsas
2148 481 2307 536 nobis
2350 495 2532 534 rerum
2571 478 2834 548 imagines
2876 493 2940 533 ac
2982 480 3189 547 species
3222 477 3501 540 inducant,

1936 575 2295 644 reputandum
2339 574 2498 629 nobis
2539 582 2642 637 est,
2689 586 2777 624 res
2818 570 3273 640 comprehendine
3316 584 3503 624 revera

1936 679 2159 739 queant,
2195 683 2397 733 necne;
2448 675 2501 723 et
2545 664 2811 736 siquidem
2846 664 3229 733 comprehendi
3252 669 3501 733 possunt,

1936 763 2041 816 alia
2074 761 2231 816 nobis
2261 770 2455 830 praeter
2486 774 2681 815 sensus
2704 757 2787 813 vis
2813 766 2917 823 est,
2948 770 3118 825 eaque
3139 753 3500 824 praestantior,

1937 870 2043 924 qua
2096 854 2161 907 ad
2200 868 2388 907 earum
2431 852 2791 923 cognitionem
2826 848 3110 919 pervenire
3136 847 3313 902 liceat.
3349 844 3502 911 Quod

1936 948 1979 1000 si
2025 961 2133 999 non
2180 944 2745 1014 comprehenduntur,
2780 957 2848 997 ne
2890 942 2980 997 illa
3026 942 3242 1013 quidem
3284 940 3499 1008 assequi

1933 1036 2266 1105 poterimus,
2315 1051 2435 1105 quae
2502 1036 2656 1090 aliter
2691 1050 2853 1105 quam
2900 1043 3026 1089 sunt
3068 1033 3497 1103 conspiciuntur.

1935 1128 2041 1183 Res
2071 1143 2234 1198 porro
2260 1144 2290 1183 a
2316 1129 2472 1184 nobis
2504 1128 2729 1198 percipi,
2758 1127 2840 1183 vel
2853 1127 2931 1197 ζει
2952 1142 3017 1181 eo
3040 1135 3211 1196 patet,
3242 1126 3385 1196 quod
3408 1140 3500 1181 eas

1938 1220 2319 1275 convenienter
2352 1221 2417 1275 ad
2448 1236 2580 1275 usus
2615 1229 2833 1275 nostros
2858 1220 3195 1286 adhibemus,
3225 1229 3278 1274 et
3308 1234 3500 1274 rursus

1939 1313 1993 1365 in
2032 1311 2395 1381 quodcunque
2419 1312 2689 1376 volumus,
2714 1312 3098 1368 convertimus.
3128 1310 3307 1377 Quare
3340 1311 3386 1366 si
3411 1327 3498 1366 res

1936 1404 2316 1472 comprehendi
2367 1418 2558 1473 posse,
2603 1421 2631 1458 a
2665 1405 2842 1466 .nobis
2898 1404 3329 1459 demonstratum
3377 1410 3496 1469 est,

1935 1495 2098 1565 idque
2142 1510 2172 1550 a
2226 1494 2479 1549 sensibus
2520 1496 2732 1550 ratione
2778 1495 3051 1550 destitutis
3076 1494 3210 1549 ellici
3242 1502 3494 1563 nequeat,

244 1589 454 1660 Quippe
494 1595 598 1662 'qui
642 1593 808 1650 falsas
844 1597 1003 1651 nobis
1040 1597 1321 1666 opiniones
1352 1604 1741 1667 repraesentant
1778 1612 1791 1648 :
1828 1608 1980 1647 mens
2005 1608 2137 1646 sane
2164 1591 2288 1653 erit,
2320 1607 2441 1661 quae
2465 1591 2675 1645 ratione
2703 1600 2896 1645 cuncta
2935 1587 3217 1659 distinguit
3248 1586 3343 1659 [αι.
3375 1601 3496 1656 quae

244 1698 469 1739 omnem
501 1687 764 1742 rationem
805 1689 1084 1761 discernit]
1122 1703 1282 1761 atque
1327 1690 1605 1759 dijudicat,
1651 1698 1705 1744 et
1729 1702 1815 1743 res
1837 1694 1896 1739 ut
1930 1698 2114 1740 revera
2137 1694 2283 1750 sunt,
2316 1684 2633 1754 cognoscit;
2662 1700 2815 1738 mens
2845 1692 3023 1737 autem
3043 1691 3128 1737 est-
3150 1682 3344 1736 animaa
3369 1695 3495 1750 pars

242 1784 463 1838 ratione
494 1785 745 1840 decorata
767 1801 830 1841 ac
860 1786 1146 1842 illustrala.
1173 1786 1269 1843 Est
1296 1802 1423 1858 ergo
1448 1786 1628 1841 anima
1654 1782 1882 1839 rationis
1913 1782 2199 1851 particeps.

327 1876 471 1939 Ἔτι,
504 1876 583 1930 ὅτι
609 1879 759 1933 οὐδὲν
782 1879 1038 1951 ποιοῦμεν
1077 1880 1150 1952 μὴ
1180 1879 1441 1952 πρότερον
1470 1881 1680 1941 ἑαυτοῖς
1710 1878 1825 1931 δια-

1995 1872 2279 1927 Postremo
2304 1912 2317 1935 ,
2360 1873 2489 1940 quia
2550 1872 2681 1926 nihil
2722 1871 2965 1943 agimus,
3003 1870 3147 1938 quod
3187 1883 3295 1923 non
3344 1868 3497 1938 prius

244 1968 589 2038 γράψαντες·
618 1970 777 2025 τοῦτο
806 1973 882 2036 δὲ,
912 1973 1063 2028 οὐδὲν
1088 1974 1274 2046 ’έτερόν
1299 1972 1492 2042 ἐστινῆ
1528 1973 1627 2042 τῆς
1651 1970 1827 2042 ψυχῆς

242 2057 505 2129 ἀξίωμα·
552 2060 670 2113 οὐδὲ
712 2062 819 2134 γὰρ
846 2062 1041 2130 ἔξωθεν
1091 2066 1227 2136 αὐτῇ
1271 2065 1618 2135 προσγίνεται
1650 2064 1683 2133 ἡ
1719 2062 1827 2116 τῶν

239 2148 416 2203 ὄντων
442 2150 666 2222 εἶδησις,
695 2153 807 2207 ἀλλ’
831 2154 968 2226 αὐτὴ
990 2154 1178 2227 ὥσπερ
1195 2160 1312 2219 ταῖς
1341 2157 1538 2228 ἑαυτῆς
1567 2155 1827 2218 ἐπινοίαις

239 2241 316 2294 τὰ
337 2242 465 2295 ὄντα
498 2248 711 2315 κοσμεῖ.
771 2247 867 2299 Διὰ
899 2246 1054 2301 τοῦτο
1094 2250 1151 2301 ὲν
1192 2249 1356 2319 ἑαυτῇ
1397 2248 1826 2320 προαναζωγρα-

242 2332 425 2401 φοῦσα
461 2333 581 2406 [ἀλ.
616 2338 1137 2413 προαναζωγραφεί]
1175 2341 1431 2412 πρότερον
1471 2341 1530 2395 τὸ
1565 2343 1814 2413 πρᾶγμα,

243 2420 348 2477 εἷθ’
377 2424 550 2491 οὕτως
577 2431 656 2491 εἰς
690 2429 847 2501 ἔργον
877 2432 1114 2503 ἐκφέρει.
1155 2432 1392 2503 Ἀξίωμα
1416 2433 1470 2486 δὲ
1500 2434 1595 2504 τῆς
1618 2433 1816 2505 ψυχῆς,

242 2515 400 2568 οὐδέν
424 2516 569 2571 ἐστιν
601 2518 875 2591 ἐτερον,ῆ
919 2520 979 2572 τὸ
1028 2519 1164 2591 μετὰ
1201 2520 1357 2589 λόγου
1395 2522 1571 2575 πάντα
1616 2526 1815 2576 ποιεῖν·

241 2610 416 2677 ταυτῇ
446 2608 556 2679 γὰρ
581 2611 674 2663 καὶ
698 2609 959 2682 διαφέρει,
979 2613 1070 2665 καὶ
1092 2612 1197 2666 τῶν
1214 2613 1531 2685 αἰσθήσεων.
1580 2615 1819 2685 Ἐδείχθη

242 2698 357 2768 ἄρα
391 2699 580 2772 λογικὴ
614 2704 646 2771 η
677 2701 817 2773 ψυχή
999 2704 1168 2779 ταύτῃ
1262 2705 1370 2776 γὰρ
1406 2706 1680 2778 διαφέρειν
1726 2707 1820 2760 καὶ

244 2790 360 2843 τῶν
390 2791 708 2864 αἰσθήσεων.
752 2795 993 2866 Ἐδείχθη
1022 2795 1132 2869 ἄρα
1163 2796 1352 2868 λογικὴ
1380 2798 1412 2869 ἡ
1437 2797 1636 2869 ψυχή].

1924 1968 2082 2022 nobis
2135 1966 2235 2035 ipsi
2276 1966 2727 2035 descripserimus
2778 1974 2939 2034 atque
2988 1962 3389 2026 deiinierimus;
3440 1960 3493 2014 id

1928 2068 2109 2115 autem
2138 2060 2271 2114 nihil
2299 2061 2445 2115 aliud
2478 2069 2561 2115 est
2589 2073 2753 2129 quam
2782 2058 2977 2111 anima:
3002 2054 3270 2124 dignitas;
3297 2055 3497 2123 quippe

1924 2153 2013 2209 cui
2057 2168 2167 2206 non
2213 2153 2552 2207 extrinsecus
2599 2150 2818 2205 advenit
2860 2164 3044 2204 rerum
3087 2147 3361 2219 cognitio,
3401 2146 3494 2200 sed

1926 2244 2043 2313 ipsa
2090 2253 2347 2314 tanquam
2394 2244 2508 2298 suis
2537 2240 2858 2297 commentis
2882 2255 2947 2295 ac
2976 2240 3152 2294 sensis
3183 2252 3269 2291 res
3297 2245 3490 2298 ornat;

1923 2345 1977 2390 et
2006 2336 2123 2390 ideo
2166 2336 2220 2390 in
2252 2336 2429 2406 seipsa
2459 2351 2573 2390 rem
2602 2344 2726 2390 ante
2753 2332 2993 2403 depingit
3026 2342 3188 2401 atque
3214 2328 3491 2389 describit,

1925 2437 1985 2484 ut
2033 2429 2111 2485 sic
2157 2445 2277 2485 eam
2332 2436 2520 2499 postea
2571 2428 2625 2481 in
2689 2426 2926 2480 medium
2974 2421 3251 2492 proferat;
3298 2418 3494 2472 animae

1928 2537 2091 2591 porro
2126 2521 2383 2591 dignitas,
2429 2520 2562 2574 nihil
2588 2518 2736 2572 aliud
2762 2527 2845 2571 est
2876 2530 3039 2584 quam
3066 2512 3278 2568 ratione
3309 2508 3492 2563 omnia

1927 2611 2125 2677 facere,
2168 2628 2273 2684 qua
2313 2611 2532 2682 quidem
2577 2611 2742 2665 etiam
2790 2625 2821 2663 a
2855 2606 3106 2662 sensibus
3136 2603 3331 2658 diﬂ‘ert.
3358 2599 3496 2654 Ani-

1928 2717 2071 2757 mam
2109 2703 2273 2773 igitur
2300 2703 2512 2758 ratione
2543 2701 2824 2771 przeditam
2853 2714 2993 2762 esse.
3017 2696 3129 2766 jam
3154 2694 3493 2748 demonstra-

1926 2803 2038 2847 tum
2072 2803 2155 2848 est
2185 2793 2283 2865 [aL
2318 2793 2419 2849 hac
2447 2794 2592 2848 enim
2620 2793 2785 2848 etiam
2816 2805 2845 2845 a
2882 2789 3132 2845 sensibus
3155 2783 3368 2841 diﬂerre
3394 2783 3489 2837 de-

1923 2896 2282 2943 monstratum
2303 2896 2403 2945 est.
2449 2888 2642 2941 Anima
2680 2887 2846 2957 igitur
2888 2884 3097 2940 ratione
3121 2879 3340 2954 pmdita
3362 2874 3486 2950 est.}

280 3070 3487 3107 Μ

734 3256 864 3387 S.
966 3255 1728 3385 GREGORII
1844 3253 3013 3386 THAUMATURGI

1168 3513 1817 3629 HOMlLIfE
1896 3512 2572 3647 QUATUOR

1083 3724 1285 3792 (Opera
1312 3734 1365 3784 S.
1412 3735 1634 3796 Gregorii
1656 3734 2023 3797 Thaumaturgi,
2049 3733 2132 3782 ed.
2159 3734 2271 3783 Ger.
2298 3733 2478 3794 Vossii,
2502 3746 2551 3795 p.
2575 3732 2645 3796 9.)

1822 3910 1892 3922 -ι

1512 4033 2037 4128 HOMILIA
2120 4038 2155 4125 Ι

1130 4228 1202 4288 In
1257 4226 1765 4290 Annuntiatione
1808 4234 2039 4290 sancta;
2065 4227 2355 4308 Virginis
2386 4230 2624 4299 Maria).

256 4393 373 4448 Τοῦ
411 4392 480 4446 ἑν
518 4391 707 4461 ἁγίοις
737 4390 968 4463 Πατρός
996 4387 1173 4463 ’ἡμῶν
1214 4390 1542 4463 Γρῃγορίου
1580 4390 1851 4463 sxwon

1933 4390 2116 4463 Sancti
2166 4391 2345 4448 Patris
2392 4394 2560 4447 nostri
2601 4392 2839 4463 Gregorii
2881 4394 3107 4463 episcopi
3136 4392 3489 4452 Neocmarea

325 4479 444 4517 που
459 4462 918 4529 Νεοκαισαρείας
944 4461 1196 4527 Πόντου,
1214 4461 1319 4513 τοῦ
1340 4462 1814 4529 Θαυματουργοῦ,

324 4538 414 4613 sic
444 4533 549 4613 τργ
567 4531 1020 4613 Εὐαγῖελέονμιξν
1054 4529 1512 4613 τῆςιὺπερατζας
1540 4533 1817 4586 θεοτόκου

325 4603 631 4672 Παρθένου
692 4601 800 4671 τῆς
827 4602 1076 4671 Μαρίας,
1111 4601 1290 4671 λόγος
1327 4601 1571 4668 πρῶτος.

328 4717 575 4789 Σήμερον
603 4714 872 4785 ἀγγελικῇ
900 4712 1198 4785 παρατάξει
1227 4712 1486 4782 ὑμνῳδίαι
1515 4712 1826 4785 φαιδρύνον-

253 4827 372 4876 ται,
418 4811 512 4864 καὶ
542 4807 602 4862 τὸ
626 4809 827 4877 φέγγος
855 4806 954 4877 τῆς
997 4804 1088 4859 τοῦ
1121 4804 1356 4876 Χριστοῦ
1391 4806 1692 4877 παρουσίας
1717 4808 1826 4870 τοῖς

257 4904 472 4964 πιστοῖς
534 4900 969 4972 καταλάμπεται.
1037 4899 1285 4969 Σήμερον
1346 4897 1407 4951 τὸ
1471 4897 1649 4969 ἱλαρὸν
1696 4899 1827 4970 ἡμῖν

256 4996 396 5067 ἑαρ,
428 4995 659 5067 Χριστὸς
708 4994 737 5045 6
778 4994 876 5064 τῆς
917 4991 1259 5061 δικαιοσύνης
1307 4990 1457 5061 ἥλιος
1499 4990 1705 5063 φαιδρῷ
1750 4990 1828 5063 τῷ

259 5090 403 5158 φωτὶ
422 5090 571 5159 ἡμᾶς
598 5086 953 5159 περιέλαμψε,
1012 5086 1106 5139 καὶ
1136 5082 1232 5148 τὰς
1255 5084 1363 5138 τῶν
1389 5084 1592 5139 πιστῶν
1621 5085 1827 5149 ἑννοίας

260 5181 521 5252 ἐφώτισε.
601 5182 845 5252 Σήμερον
906 5181 935 5233 6
984 5179 1153 5249 Ἀδὰμ
1210 5178 1649 5233 ἀνακεκαινισται
1702 5179 1821 5251 [ἄλ.

258 5274 672 5347 ἁνακέκληται],
699 5278 790 5329 καὶ
819 5274 1031 5347 χορεύει
1076 5273 1188 5346 μετ’
1222 5274 1465 5343 ἀγγέλων
1496 5275 1574 5338 εἰς
1601 5274 1826 5346 οὐρανὸν

261 5369 650 5440 ἀνιπτάμενος.
724 5369 967 5440 Σήμερον
1031 5367 1289 5439 σύμπασα
1355 5368 1451 5438 τῆς
1508 5367 1827 5438 οἰκουμένης

260 5465 395 5531 γαῖα
417 5461 591 5533 χαρὰν
615 5461 982 5534 περιεϐάλετο,
1009 5460 1193 5531 ἐπειδὴ
1219 5458 1314 5514 τοῦ
1342 5461 1495 5529 ἁγίου
1515 5460 1828 5532 Πνεύματος

263 5555 604 5627 ἐπιφοίτησις
656 5555 749 5624 (ei;
794 5552 1110 5626 ἀνθρώπους
1195 5554 1405 5622 γέγονε.
1493 5554 1735 5625 Σήμερον
1793 5556 1825 5624 ἡ

267 5649 389 5702 θεία
418 5648 595 5719 χάρις,
625 5646 731 5701 τῶν
763 5646 1056 5718 ἁοράτωνὴ
1090 5646 1241 5709 ἐλπὶς
1272 5646 1559 5716 διαλάμπει
1591 5645 1657 5700 τὰ
1688 5646 1825 5717 ὑπὲρ

271 5741 475 5795 ἔννοιαν
526 5739 800 5812 θαύματα,
846 5739 906 5792 τὸ
958 5737 1052 5793 ἀπ’
1096 5736 1287 5801 αἰῶνος
1344 5738 1824 5808 ἀποκεκρυμμένον

1995 4462 2157 4516 Ponti
2176 4505 2203 4534 ,ί
2226 4463 2642 4534 Thaumaturgi,
2689 4462 2745 4516 in
2770 4462 3234 4519 Annuntiationem
3261 4469 3486 4521 sanctis-

1998 4534 2146 4588 sima:
2175 4533 2272 4587 Dei
2296 4533 2570 4603 genitricis
2607 4533 2835 4605 Virginis
2868 4534 3078 4602 Mariae,
3107 4553 3274 4591 sermo
3304 4537 3354 4590 Ι.

1999 4710 2170 4768 Hodie
2203 4714 2270 4767 ab
2293 4713 2550 4785 angelicis
2577 4714 2759 4768 choris
2781 4714 2967 4769 laudes
2999 4715 3193 4771 divinae
3213 4716 3489 4771 celebran-

1926 4821 2015 4864 tur
2034 4848 2049 4873 ,
2096 4818 2150 4863 et
2193 4808 2373 4861 lumen
2399 4807 2603 4863 Christi
2632 4808 2896 4863 adventus
2925 4808 3171 4864 ﬁdelibus
3204 4810 3483 4866 illucescit.

1925 4902 2097 4959 Hodie
2123 4904 2304 4959 laatum
2334 4903 2491 4958 nobis
2520 4919 2615 4957 ver
2638 4943 2654 4968 ,
2690 4902 2939 4958 Christus
2972 4905 3051 4958 sol
3074 4903 3296 4974 justitiae
3329 4903 3485 4958 aﬂ‘ul-

1926 4998 2033 5064 sit,
2068 5012 2133 5051 ac
2160 4997 2308 5052 claro
2336 5012 2437 5051 nos
2465 4996 2670 5051 lumine
2719 4996 3091 5061 collustravit,
3145 4996 3488 5066 ﬁdeliumque

1925 5098 2135 5145 mentes
2160 5089 2505 5144 illuminavit.
2540 5087 2712 5144 Hodie
2734 5101 3026 5145 renovatur
3053 5086 3151 5159 [αι.
3179 5086 3489 5161 revocatur]

1925 5185 2118 5249 Adam,
2147 5193 2200 5240 et
2222 5185 2420 5241 choros
2450 5200 2573 5239 eum
2601 5185 2805 5254 angelis
2832 5183 2975 5254 agit,
3006 5183 3058 5235 in
3082 5182 3277 5237 caelum
3305 5181 3488 5237 subla-

1926 5288 2035 5333 tus.
2072 5276 2246 5333 Hodie
2272 5286 2416 5333 totus
2448 5286 2716 5333 terrarum
2758 5277 2907 5332 orbis
2934 5276 3149 5349 gaudio,
3197 5277 3266 5330 ob
3296 5281 3488 5331 adven-

1926 5380 2039 5424 tum
2086 5370 2321 5440 Spiritus
2366 5371 2540 5425 sancli
2568 5371 2621 5423 in
2656 5370 2922 5433 homines,
2954 5369 3142 5438 plenus
3165 5380 3268 5425 est.
3316 5368 3486 5425 Hodie

1926 5464 2108 5518 divina
2136 5464 2328 5534 gratia,
2358 5479 2482 5533 spes
2511 5462 2859 5517 invisibilium
2890 5463 3122 5533 effulget,
3145 5472 3197 5518 et
3225 5464 3484 5520 miracula

1928 5571 2048 5625 qua:
2081 5566 2315 5612 mentem
2351 5567 2513 5627 atque
2536 5554 2939 5625 intelligentiam
2973 5564 3247 5626 superant,
3282 5566 3481 5627 myste-

1926 5649 2175 5717 riumque
2226 5648 2370 5717 quod
2421 5648 2488 5703 ab
2525 5659 2725 5703 aeterno
2757 5648 3085 5703 occultatum
3132 5648 3251 5716 fuit,
3306 5650 3483 5719 palam

1928 5739 2086 5797 nobis
2118 5738 2262 5796 facit.
2314 5737 2487 5797 Hodie
2528 5739 2776 5810 perennis
2809 5741 3021 5799 virtutis
3045 5751 3297 5799 texuntur
3322 5758 3480 5798 coro-
