3988 6200
495 257 632 314 ΗΠ
1133 259 1190 313 S.
1231 256 1557 314 GREGORII
1598 255 1958 312 THAUMAT.
1998 254 2066 309 Ol

2189 253 2366 309 PARS
2402 254 2694 312 ALTERA.
2735 288 2804 296 ——
2855 250 3080 310 DUBIA.
3560 246 3706 302 ιιιε

495 387 598 427 nm.
623 371 790 426 Hodie
812 387 967 428 sacra
990 371 1373 429 benevolorum
1419 384 1472 428 et
1499 371 1899 444 religiosorum,
1917 370 2053 426 dies-

2168 372 2451 442 μυστήριον
2492 371 2745 442 ἐμφανῶς
2789 371 2919 441 ἡμῖν
2977 361 3398 421 κατοπτεύουσα.
3462 359 3711 433 Σήμερον

493 479 600 535 que
629 463 794 518 feStos
827 463 1067 520 studiose
1105 465 1397 522 colentium
1439 466 1614 534 capita
1661 477 1923 517 coronare
1952 476 2048 516 vo-

2168 462 2355 533 Ξρετῆς
2391 463 2613 517 άεννάου
2657 461 2942 532 στέμματα
2986 457 3291 511 πλέκονται.
3334 453 3580 525 Σήμερον
3607 453 3712 516 τὰς

495 555 614 610 lens
645 552 807 620 Deus,
832 553 999 610 ﬁrmae
1024 555 1146 612 ﬁdei
1169 569 1437 612 amatores
1473 565 1726 626 tanquam
1753 563 1971 610 vocatos
1997 563 2050 608 et

2173 551 2307 622 εράς
2353 553 2460 607 τῶν
2501 552 2769 623 φιληκόων
2815 550 2908 604 καὶ
2939 545 3233 619 φιλεορτῶν
3270 542 3505 613 κεφαλάς
3542 560 3713 597 κατα.-

495 646 740 702 Ιιεειιοάεε
765 631 1025 716 appellat;
1054 661 1457 718 supernumque
1481 662 1707 718 regnum
1727 661 1852 702 cum
1871 645 2049 701 studio

2168 643 2345 712 πέψαι
2371 643 2684 714 βουλόμενος
2708 644 2738 696 6
2755 641 2906 706 Θεὸς,
2932 641 3058 703 τοὺς
3081 637 3310 709 ἐραστάς
3337 635 3434 706 τῆς
3460 631 3715 698 ἀκλινοῦς

494 753 593 795 eos
632 739 724 810 qui
765 739 1004 795 caelestia
1046 741 1296 810 sapiunt,
1324 749 1384 795 ut
1413 755 1472 794 se
1497 739 1681 794 divino
1707 739 2053 809 incorporeo-

2168 737 2390 799 πίστεως
2409 775 2424 800 ,
2477 736 2553 800 ὡς
2594 735 2821 806 κλητοὺς
2871 732 2965 786 καὶ
2995 730 3362 804 κληρονόμους
3409 726 3676 798 κέκληκεν
3693 743 3709 756 ο

496 845 618 885 rum
645 830 939 886 chororum
973 831 1278 886 ministerio
1295 833 1645 902 conjungant,
1675 839 1854 887 vocat.
1884 827 2052 886 Hodie

2168 829 2247 883 tat
2273 829 2309 899 ἡ
2333 827 2444 882 ἄνω
2481 827 2722 898 βασιλεία
2750 825 3038 889 σπουδάζει
3069 821 3306 878 καλοῦσα
3334 819 3461 884 τοὺς
3486 817 3713 890 οὐρανό-

1133 259 1190 313 S.
1231 256 1557 314 GREGORII
1598 255 1958 312 THAUMAT.
1998 254 2146 310 OPP.
2189 253 2366 309 PARS
2402 254 2694 312 ALTERA.
2735 288 2804 296 ——
2855 250 3080 310 DUBIA.

497 921 813 977 Davidicum
854 921 1201 992 adimpletum
1235 932 1317 977 est
1355 923 1656 985 oraculum,
1705 921 1850 991 quod
1878 921 2006 977 dicit
2036 939 2051 976 :

497 1012 764 1068 Laetentur
797 1013 932 1078 caeli,
968 1022 1016 1067 et
1031 1013 1253 1066 exsultet
1282 1024 1442 1067 terra.
1473 1011 1777 1067 Gaudebant
1794 1013 1985 1081 campi,
2006 1021 2055 1066 ct

499 1107 676 1160 omnia
705 1105 851 1175 ligna
870 1105 1036 1172 silum,
1060 1122 1092 1158 a
1111 1116 1384 1174 conspectu
1400 1105 1611 1158 Domini
1625 1103 1720 1177 [al.
1734 1114 1853 1160 ante
1870 1106 2056 1175 faciem

499 1195 737 1268 Domini]
764 1197 1012 1267 quoniam
1044 1198 1176 1250 venit
1200 1197 1265 1250 θί.
1292 1197 1357 1251 Ει
1385 1197 1547 1251 David
1575 1197 1791 1266 quidem
1814 1197 1960 1266 ligna
1974 1196 2058 1252 di-

500 1290 576 1345 cit
595 1308 610 1356 ;
633 1305 933 1360 praecursor
950 1304 1078 1344 vero
1095 1289 1327 1354 Domini,
1348 1291 1569 1344 arbores
1583 1290 1831 1360 facientes
1857 1290 2057 1359 fructus

500 1385 685 1452 dignos
709 1382 1014 1448 paenitentia
1029 1382 1095 1446 ⁸⁸,
1118 1383 1227 1437 imo
1243 1381 1456 1436 Domini
1483 1383 1740 1446 adventu,
1760 1393 2053 1452 nuncupat.

501 1473 846 1529 AtDominus
882 1482 1067 1528 noster
1093 1472 1252 1530 Jesus
1275 1474 1523 1530 Christus
1541 1490 1772 1544 perenne
1805 1475 2059 1543 gaudium

503 1566 712 1622 cunctis
741 1565 794 1618 in
819 1566 994 1637 ipsum
1023 1566 1369 1622 credentibus
1399 1567 1702 1621 annuntiat.
1760 1565 1848 1621 Ait
1869 1568 2012 1622 enim
2043 1586 2057 1621 :

2155 935 2376 991 φρονας,
2425 917 2656 987 συνάψαι
2683 919 2748 989 τῇ
2782 916 2902 988 θείᾳ
2927 913 3234 987 λειτουργίᾳ
3273 911 3381 965 τῶν
3409 909 3716 980 amttam

2157 1009 2353 1079 χορῶν.
2402 1008 2647 1079 Σήμερον
2691 1006 2752 1059 τὸ
2786 1005 2880 1058 τοῦ
2910 1004 3074 1060 Δαϐιδ
3117 1002 3468 1074 πεπλήρωται
3513 1001 3714 1068 λόγιον,

2156 1099 2216 1152 τὸ
2248 1099 2404 1167 λέγον
2422 1117 2436 1130 ·
2469 1097 3009 1168 Εὑρραινέσθωσαν
3040 1098 3093 1150 οἱ
3119 1093 3383 1163 οὐρανοί,
3411 1091 3513 1146 καί
3535 1092 3718 1160 ἀταλ-

2158 1190 2384 1246 λιάσθω
2434 1192 2473 1260 ἡ
2521 1189 2617 1261 τῆ.
2669 1189 3040 1258 Χαρήσονται
3095 1186 3205 1260 [ἄλ.
3243 1183 3592 1257 χαρήσεται]
3644 1185 3718 1238 τὰ

2161 1279 2352 1344 πεδία,
2400 1279 2495 1333 καὶ
2534 1279 2730 1332 πάντα
2769 1278 2839 1332 τὰ
2867 1277 3023 1343 ξύλα
3062 1276 3168 1330 τοῦ
3193 1275 3416 1345 δρυμοῦ
3453 1274 3574 1330 ἀπὸ
3607 1273 3713 1345 [ἄλ.

2164 1370 2303 1443 πρὸ]
2338 1371 2657 1440 προσώπου
2707 1371 2812 1425 τοῦ
2845 1372 3096 1440 Κυρίου,
3130 1370 3218 1424 ὅτι
3258 1370 3514 1441 ἔρχεται.
3552 1370 3660 1424 Καὶ
3687 1371 3718 1422 6

2167 1464 2264 1534 μὲν
2299 1463 2461 1517 Δαδὶδ
2497 1463 2626 1531 ξύλα
2659 1463 2862 1533 ἔλεγεν,
2897 1466 2925 1518 6
2953 1462 3008 1517 δὲ
3038 1462 3129 1516 τοῦ
3160 1462 3359 1534 Κυρίου
3393 1462 3716 1533 πρόδρομος,

2165 1555 2355 1628 δένδρα
2399 1556 2683 1610 ποιοῦντα
2718 1555 2982 1625 καρποὺς
3009 1556 3220 1621 ἀξίους
3255 1553 3363 1623 τῆς
3381 1555 3716 1624 μετανοίας,

505 1655 703 1712 Videbo
725 1674 810 1712 vos
833 1699 848 1723 ,
871 1666 919 1711 et
941 1657 1273 1726 gaudebitis;
1307 1669 1354 1712 et
1374 1659 1624 1728 gaudium
1659 1667 1884 1712 vestrum
1911 1674 2059 1712 nemo

2171 1647 2367 1718 μᾶλλον
2393 1646 2450 1700 δὲ
2471 1645 2572 1717 τῆς
2592 1647 2683 1700 τοῦ
2713 1645 2912 1718 Κυρίου
2946 1645 3242 1718 παρουσίας
3267 1644 3543 1700 ἐκάλεσεν.
3588 1643 3645 1698 '0
3665 1645 3721 1697 δὲ

2168 1739 2368 1763 ηιμ--
2396 1739 2550 1763 λης-η.
2585 1738 2788 1763 ’πμ-,2-
2816 1739 3046 1763 ν---,ι-
3067 1736 3161 1763 --..
3187 1736 3361 1763 ..--›...
3385 1735 3485 1763 .1...
3508 1735 3721 1763 3.1.-.-”

506 1747 652 1801 tollet
684 1747 874 1802 avobis
899 1747 967 1801 ⁸³.
993 1746 1160 1803 Hodie
1188 1749 1399 1803 celebre
1428 1759 1589 1820 atque
1621 1750 1887 1806 iueﬂabile
1907 1749 2066 1805 Chri-

2168 1739 2368 1812 Κύριος
2396 1739 2551 1810 ἡμῶν
2585 1738 2788 1810 Ἰησοῦς
2815 1739 3046 1810 Χριστὸς
3065 1736 3163 1808 τὴν
3187 1736 3361 1808 χαράν
3385 1735 3485 1807 τὴν
3505 1735 3723 1791 άένναον

505 1839 829 1903 stianorum,
858 1839 948 1909 qui
972 1855 1126 1894 suam
1162 1839 1215 1894 in
1235 1840 1512 1895 Christum
1533 1858 1680 1911 spem
1714 1852 1902 1912 sponte
1918 1843 2066 1898 obsi-

505 1941 740 2002 gnarunt
779 1930 876 2003 [αί.
901 1932 985 2000 pie
1015 1945 1078 1986 ac
1107 1941 1290 1987 sancte
1317 1933 1716 2006 obsignarunt],
1748 1934 2064 2005 mysterium

505 2023 664 2093 plane
688 2023 845 2078 nobis
867 2024 1236 2080 annuntiatur.
1252 2023 1424 2080 Hodie
1435 2025 1778 2097 Gabriel,qui
1806 2027 1915 2082 Deo
1929 2027 2068 2083 assi-

507 2115 601 2170 stit
623 2155 638 2181 ,
667 2115 732 2170 ad
757 2115 1117 2172 castissimam
1141 2115 1416 2189 Virginem
1450 2118 1670 2173 veniens
1691 2161 1706 2182 ,
1734 2119 1865 2174 illud
1891 2159 1906 2184 ,
1938 2120 2064 2185 Ave,

509 2207 684 2277 gratia
709 2207 864 2278 plena
885 2209 950 2275 ⁸⁵,
979 2209 1081 2279 ipsi
1112 2210 1418 2266 annuntiat.
1459 2209 1576 2280 Ipsa
1602 2225 1732 2266 vero
1764 2227 1947 2267 secum
1975 2227 2070 2267 co--

508 2299 712 2369 gitante
764 2302 940 2370 qualis
988 2311 1136 2357 esset
1188 2303 1278 2357 illa
1333 2303 1622 2371 salutatio,
1667 2305 1890 2376 angelus
1937 2321 2068 2360 con-

509 2389 688 2446 festim
709 2392 1008 2462 subjunxit,
1027 2394 1212 2449 dicens
1239 2413 1250 2447 :
1278 2393 1530 2448 Dominus
1561 2405 1748 2458 tecum,
1773 2411 1835 2449 ne
1859 2397 2065 2460 timeas,

508 2483 1005 2540 Maria:invenisti
1054 2487 1191 2540 enim
1237 2488 1463 2558 gratiam
1514 2488 1652 2556 apud
1701 2486 1884 2540 Deum.
1943 2485 2067 2540 Ideo

509 2574 765 2643 concipies
806 2573 900 2646 [aL
955 2592 1066 2630 ecce
1095 2573 1374 2646 concipias]
1406 2577 1459 2628 in
1498 2585 1646 2629 utero
1667 2618 1682 2641 ,
1715 2585 1762 2629 et
1793 2577 1964 2646 paries
2000 2577 2068 2646 ﬁ-

509 2665 643 2718 lium
679 2682 696 2718 :
740 2675 788 2719 et
819 2668 1069 2720 vocabunt
1106 2666 1198 2738 [aL
1234 2668 1465 2738 vocabis]
1506 2683 1690 2722 nomen
1721 2669 1835 2737 ejus
1865 2668 2066 2723 Iesum.

511 2755 616 2810 Hic
639 2758 745 2811 erit
769 2774 1008 2828 magnus,
1031 2768 1076 2810 et
1103 2756 1274 2811 Filius
1297 2758 1555 2813 Altissimi
1581 2759 1866 2814 vocabitur.
1891 2759 1960 2812 Et
1976 2761 2072 2812 da-

511 2849 586 2903 bit
614 2849 715 2918 ipsi
751 2848 1001 2904 Dominus
1032 2849 1170 2903 Deus
1201 2850 1373 2903 sedem
1410 2850 1579 2904 David
1620 2852 1786 2920 patris
1837 2851 1950 2920 ejus
1975 2893 1990 2918 ,
2021 2860 2070 2904 et

512 2943 748 3012 regnabit
786 2944 840 2996 in
888 2943 1041 2996 domo
1078 2942 1244 2997 Iacob
1290 2945 1344 2996 in
1374 2953 1624 2998 aeternum
1650 2961 1667 2996 :
1692 2953 1742 2996 et
1783 2944 1926 3013 regni
1957 2945 2068 3012 ejus

2166 1833 2297 1885 πᾶσι
2327 1833 2438 1894 τοῖς
2460 1833 2546 1894 ἐίς
2590 1831 2749 1884 αὐτὸν
2786 1830 3132 1883 πιστεύουσιν
3176 1828 3562 1900 ἐπηγγείλατο.
3593 1827 3725 1898 Φησὶ

2168 1923 2308 1995 γὰρ’
2361 1924 2618 1992 Ὅψομαι
2663 1921 2850 1992 ὑμᾶς,
2896 1922 2994 1976 καὶ
3052 1920 3420 1991 χαρήσεσθε·
3474 1919 3574 1973 καὶ
3615 1919 3727 1985 τὴν

2166 2017 2355 2085 χαρὰν
2397 2015 2560 2085 ὑμῶν
2593 2015 2790 2081 οὐδεὶς
2832 2015 2980 2084 αἴρει
3024 2013 3122 2082 ἀφ’
3153 2013 3338 2083 ὑμῶν.
3391 2013 3643 2083 Σήμερον
3670 2012 3726 2064 τὺ

2169 2108 2513 2180 περιϐόητον,
2540 2108 2632 2160 καὶ
2669 2107 2942 2176 ἄφραστον
2972 2107 3260 2177 μυστήριον
3283 2103 3390 2158 τῶν
3411 2104 3512 2174 τὴν
3542 2102 3728 2156 ἐλπίδα

2169 2205 2247 2265 είς
2273 2199 2502 2274 Χριστὸν
2546 2200 2803 2262 ἑκουσίως
2841 2196 3165 2270 [ἆλ.ὁσίως]
3211 2195 3728 2267 ἐπεσφραγισμένων

2169 2291 2505 2363 Χριστιανῶν
2550 2289 2804 2360 ἐμφανῶς
2833 2290 2962 2360 ἡμῖν
2991 2287 3437 2355 καταγγέλλεται.
3486 2286 3727 2356 Σήμερον

2168 2384 2436 2455 Γαϐριὴλ,
2487 2385 2515 2436 6
2557 2381 2635 2454 τῷ
2663 2380 2781 2452 Θεῷ
2822 2381 3238 2451 παριστάμενος,
3288 2377 3426 2450 πρὸς
3458 2376 3559 2448 τὴν
3583 2377 3727 2448 [Iap-

2170 2476 2318 2529 θένον
2350 2475 2514 2547 ἁγνὴν
2547 2473 2924 2544 παραγίνεται,
2954 2471 3033 2535 τὸ,
3058 2469 3230 2538 Χαῖρε
3269 2466 3724 2538 κεχαριτωμένη,

2170 2568 2305 2638 αὐτῇ
2354 2564 2846 2635 εὐαγγελιζόμενος.
2890 2561 3029 2615 Ἡδὲ
3083 2556 3439 2627 διελογίζετο,
3493 2555 3726 2618 ποταπὸς

2171 2661 2255 2731 εἴη
2280 2663 2307 2713 6
2332 2658 2615 2728 ἀσπασμὸς
2639 2650 2815 2718 οὗτος·
2849 2655 2877 2708 ὁ
2899 2654 2955 2706 δὲ
2982 2652 3205 2721 ἄγγελος
3228 2649 3427 2713 εὐθέως
3452 2648 3726 2719 ὑπήγαγεν

2171 2753 2370 2821 λέγων’
2413 2753 2466 2803 Ὀ
2497 2751 2706 2819 Κύριος
2734 2749 2883 2818 μετὰ
2925 2746 3060 2810 σοῦ,
3099 2744 3182 2814 μὴ
3216 2743 3424 2813 φοϐοῦ,
3467 2741 3722 2810 Μαριάμο

2170 2840 2342 2910 εὗρες
2387 2841 2496 2910 γὰρ
2529 2839 2704 2910 χάριν
2752 2840 2909 2907 παρὰ
2948 2836 3028 2902 τῷ
3069 2835 3225 2901 Θεῷ·
3265 2834 3355 2888 διὸ
3416 2832 3530 2904 [ἀλ.
3583 2831 3727 2902 ἰδοὺ]

2172 2933 2542 3002 dull-11157161-
2565 2933 2795 3004 γαστρὶ,
2818 2930 2914 2984 καὶ
2940 2927 3080 2997 τέξῃ
3101 2929 3230 2981 υἱόν
3244 2943 3257 2956 ’
3283 2926 3380 2978 καὶ
3401 2923 3728 2978 καλέσουσι

511 3009 615 3086 non
642 3034 742 3086 erit
768 3035 913 3102 ﬁnis.
945 3035 1099 3088 Dixit
1128 3040 1304 3088 autem
1330 3034 1506 3088 Maria
1528 3036 1596 3087 ad
1617 3009 1861 3104 angelum
1883 3051 1901 3088 :
1928 3009 2066 3099 Que-

2171 3024 2281 3096 [ᾶλ.
2319 3022 2620 3093 καλέσεις]
2660 3021 2725 3075 τὸ
2769 3021 2957 3089 ὄνομα
2999 3016 3181 3070 αὐτοῦ
3223 3014 3486 3083 Ἰησοῦν.
3550 3009 3730 3075 Οὗτος

513 3125 860 3179 modo'istud
905 3127 993 3194 [iet
1045 3125 1172 3178 mihi
1199 3165 1213 3190 ,
1255 3126 1503 3196 quoniam
1550 3126 1717 3178 virum
1755 3142 1856 3178 non
1883 3142 2070 3196 cogno-

513 3229 600 3267 sco
629 3215 716 3268 "1’
763 3215 1007 3284 nunquid
1057 3215 1290 3284 amplius
1338 3216 1489 3285 virgo
1534 3216 1899 3286 permanebo?
1929 3233 2070 3271 nun-

513 3305 642 3374 quid
675 3305 999 3374 virginitatis
1025 3306 1258 3376 dignitas
1290 3307 1345 3360 in
1374 3322 1459 3362 me
1493 3306 1750 3376 prodetur
1781 3316 1836 3361 et
1863 3309 2070 3362 amitte-

517 3398 645 3452 tur?
697 3397 828 3463 Quae
860 3399 1010 3466 dum,
1042 3399 1188 3454 velut
1213 3398 1627 3463 admirabunda,
1678 3413 1861 3453 secum
1887 3398 2070 3452 animo

513 3488 855 3544 sanctissima
881 3487 1043 3554 Virgo
1069 3501 1327 3554 versaret,
1363 3488 1598 3545 breviter
1621 3490 1844 3560 angelus
1864 3504 2066 3544 sermo-

513 3579 600 3634 nis
631 3595 899 3634 summam
926 3579 1151 3650 profert,
1187 3596 1249 3635 ac
1283 3580 1413 3636 dicit
1444 3599 1456 3635 :
1489 3578 1716 3648 Spiritus
1745 3589 2072 3650 sanctussu-

509 3672 768 3743 perveniet
804 3672 860 3724 in
902 3681 980 3738 te,
1020 3670 1276 3727 eLvirtus
1304 3672 1568 3726 Altissimi
1594 3671 1923 3728 obumbrabit
1952 3672 2070 3726 tibi.

512 3762 741 3835 Ideoque
783 3775 833 3818 et
875 3764 1013 3834 quod
1059 3776 1306 3820 nascetur
1339 3781 1402 3820 ea:
1436 3775 1482 3820 te
1511 3775 1772 3831 sanctum,
1804 3765 2073 3820 vocabitur

512 3855 691 3910 Filius
715 3855 812 3910 Dei
837 3857 901 3912 ⁸⁸.
941 3855 1076 3912 Nam
1103 3859 1246 3928 quod
1271 3866 1372 3922 est,
1401 3859 1505 3914 hoc
1529 3870 1584 3914 et
1605 3858 1827 3913 omnino
1847 3857 2073 3914 vocabi-

511 3955 620 4000 tur.
660 3944 1053 4002 Convenienter
1082 3947 1247 4018 igitur
1279 3957 1522 4003 sanetam
1551 3948 1772 4003 Mariam
1805 3963 1872 4003 ex
1899 3948 2073 4002 omni-

511 4036 617 4093 bus
663 4037 1104 4106 generationibus
1165 4039 1337 4093 solam
1361 4039 1532 4108 gratia
1558 4039 1735 4109 elegit.
1784 4037 1917 4092 Nam
1943 4053 2074 4107 pru-

511 4127 646 4182 dens
679 4143 867 4182 revera
901 4143 964 4182 ac
988 4129 1204 4198 sapiens
1234 4129 1286 4182 in
1313 4131 1524 4185 cunctis
1563 4139 1679 4185 erat
1710 4149 1723 4186 :
1756 4145 1857 4186 nec
1879 4130 2071 4187 similis

509 4218 585 4284 ei,
612 4234 679 4272 ex
712 4219 986 4275 universis
1009 4221 1452 4291 generationibus
1481 4221 1590 4276 ulla
1617 4237 1854 4293 unquam
1882 4231 1964 4277 est
1987 4239 2072 4279 re-

511 4317 685 4380 perta.
746 4307 863 4365 Non
894 4311 1036 4366 sicut
1063 4320 1220 4365 antea
1249 4313 1400 4382 virgo
1429 4311 1539 4366 Eva
1567 4311 1664 4384 [αι.
1689 4314 1864 4382 prima
1894 4313 2068 4386 virgo]

2169 3118 2338 3172 ἔσται
2383 3117 2570 3188 μέγας
2593 3156 2606 3180 ,
2654 3113 2750 3166 καί
2796 3111 2926 3177 Υἱὸς
2977 3111 3268 3180 Ὑψίστου
3342 3105 3724 3174 κληθήσεται.

2169 3203 2278 3258 Καὶ
2325 3203 2500 3256 δώσει
2537 3199 2697 3266 αὐτῷ
2730 3201 2940 3267 Κύριος
2964 3201 2996 3251 ὀ
3024 3199 3165 3263 Θεὸς
3186 3196 3291 3249 τὸν
3319 3195 3538 3264 θρόνον
3563 3191 3728 3246 Δαϐίδ

2170 3294 2277 3347 τοῦ
2309 3293 2527 3361 πατρὸς
2551 3291 2756 3356 αὐτοῦ,
2791 3292 2888 3345 καί
2922 3290 3282 3355 ,ϐασιλεύσει
3310 3286 3410 3340 ἐπὶ
3440 3287 3552 3339 τὸν
3573 3281 3728 3338 οἶκον

2181 3389 2393 3446 Ἰακὼϐ
2409 3393 2494 3456 εἰς
2524 3390 2663 3456 τοὺς
2687 3387 2923 3456 αἰῶνας,
2954 3386 3051 3440 καὶ
3085 3385 3192 3452 τῆς
3207 3382 3530 3449 ,ϐασιλείας
3552 3378 3728 3435 αὐτοῦ

2171 3489 2280 3542 οὑκ
2313 3483 2483 3538 ἔσται
2511 3480 2701 3546 τέλος.
2741 3480 2925 3535 Εἶπεν
2959 3478 3028 3531 δὲ
3060 3476 3294 3545 Μαριὰμ
3319 3475 3470 3542 πρὸς
3497 3474 3605 3529 τὸν
3632 3475 3727 3545 ἅτ-

2171 3581 2383 3650 γελονο
2428 3575 2558 3641 Πῶς
2596 3574 2764 3629 ἔσται
2796 3590 2896 3642 μοι
2925 3571 3098 3626 τοῦτο
3117 3610 3131 3635 ,
3171 3570 3298 3624 ἐπεὶ
3329 3569 3518 3638 ἄνδρα
3551 3572 3624 3624 οὐ
3656 3588 3730 3639 τι·

2171 3671 2414 3734 νώσκω;
2443 3666 2552 3744 ἆρα
2587 3667 2730 3739 μένω
2759 3667 2844 3720 ἔτι
2877 3665 3176 3738 παρθένος;
3210 3661 3316 3735 ἆρα
3351 3665 3426 3735 μὴ
3450 3665 3549 3735 τῆς
3591 3681 3728 3735 παρ-

2172 3765 2350 3828 θενίας
2391 3765 2424 3835 ἡ
2465 3761 2588 3826 ἀξία
2619 3759 2954 3835 προδίδοται;
3003 3758 3188 3812 Ταῦτα
3231 3757 3594 3829 διαποροῦσαν
3637 3760 3728 3828 τὴν

2174 3857 2335 3926 ἁγίαν
2359 3855 2651 3928 Παρθένον,
2686 3853 2964 3924 συντόμως
3007 3853 3036 3905 6
3076 3850 3303 3920 ἄγγελος
3345 3851 3610 3922 προφέρει
3641 3850 3739 3905 τοῦ-

2171 3949 2329 4018 λόγου
2355 3949 2416 4001 τὸ
2441 3946 2748 4016 κεφάλαιον,
2779 3944 2952 4012 λέγων
2971 3960 2985 3974 ·
3020 3941 3259 4011 Πνεῦμα
3289 3942 3458 4012 ἄτιον
3484 3944 3726 3998 ἐπελεύ-

2171 4055 2338 4096 σεται
2367 4038 2466 4093 ἐπὶ
2491 4038 2584 4100 σὲ,
2631 4037 2728 4091 καί
2776 4035 3027 4104 δύναμις
3079 4034 3370 4102 Ὑψίστου
3393 4033 3728 4090 ἐπισκιάσει

2173 4148 2295 4188 σοι.
2336 4130 2430 4185 Διὸ
2458 4127 2644 4184 καὶτὸ
2666 4126 3033 4200 γεννώμενον
3052 4125 3122 4179 ἐκ
3144 4125 3260 4180 σοῦ
3289 4125 3481 4196 ἄτιον,
3514 4127 3734 4196 κληθή-

2172 4241 2339 4278 σεται
2389 4222 2520 4287 Υίὸς
2561 4221 2728 4275 Θεοῦ.
2778 4222 2845 4274 Ὃ
2882 4220 2988 4291 γάρ
3029 4220 3164 4284 ἐστι,
3193 4217 3350 4272 τοῦτο
3393 4219 3490 4273 καὶ
3520 4221 3731 4284 πάντως

2171 4315 2517 4387 κληθήσεται.
2560 4311 2882 4382 Πρεπόντως
2919 4311 3025 4384 ἄρα
3064 4309 3163 4381 τὴν
3194 4311 3354 4378 ἁγίαν
3390 4311 3629 4382 Μαριάμ
3673 4312 3731 4369 ἐκ

508 4400 627 4457 sola
673 4400 728 4455 in
758 4401 1009 4471 paradiso
1053 4403 1280 4457 chorum
1323 4419 1487 4473 agens
1534 4411 1696 4474 atque
1742 4405 2066 4474 tripudians,

2176 4405 2360 4461 πασῶν
2397 4403 2595 4473 γενεῶν
2641 4403 2805 4474 μόνην
2836 4403 2868 4473 ἡ
2897 4401 3054 4474 χάρις
3081 4402 3409 4456 ἐκλέλεκται.
3451 4402 3601 4474 Σοφὴ
3628 4402 3730 4472 γὰρ

510 4492 750 4546 relaxata
793 4501 974 4547 mente
1019 4508 1114 4562 per
1174 4493 1436 4549 incuriam
1487 4494 1555 4550 ab
1607 4507 1829 4551 auctore
1895 4498 2070 4554 omnis

508 4587 640 4643 mali
671 4594 942 4656 serpente,
971 4587 1193 4640 verbum
1231 4587 1496 4657 suscepit;
1533 4597 1585 4643 et
1613 4588 1692 4644 sic
1717 4603 1878 4644 sensu
1910 4605 2066 4645 men-

507 4677 581 4733 tis
620 4675 720 4750 [αι.
769 4684 948 4731 mente
989 4675 1194 4747 cordis]
1237 4688 1491 4747 corrupta
1518 4687 1632 4744 est,
1681 4693 1744 4734 ac
1771 4694 1867 4749 per
1896 4679 2066 4748 ipsam

509 4767 885 4824 fraudulentus
909 4781 1174 4820 venenum
1204 4765 1505 4835 cll‘undens,
1535 4777 1873 4839 mortemque
1895 4770 2068 4825 admi—

508 4874 692 4925 scens,
723 4860 778 4914 in
803 4873 1020 4914 omnem
1059 4859 1321 4913 mundum
1360 4860 1702 4919 introduxit:
1729 4875 1794 4916 ac
1821 4871 2066 4932 propter-

510 4967 575 5008 ea
606 4950 783 5007 omnis
834 4958 1141 5005 sanctorum
1187 4965 1428 5004 aerumna
1471 4961 1597 5006 nata
1630 4960 1742 5017 est;
1791 4967 1978 5007 verum
2011 4954 2067 5008 in

510 5044 630 5100 sola
651 5053 839 5099 sancta
869 5042 1108 5114 Virgine,
1144 5043 1261 5112 ejus
1288 5042 1471 5111 lapsus
1501 5051 1782 5112 reparatus
1807 5053 1910 5098 est.
1962 5043 2066 5099 Ne-

511 5152 618 5206 que
643 5135 796 5207 prius
820 5134 1166 5191 sanctissima
1189 5131 1352 5204 Virgo
1377 5134 1580 5189 donum
1605 5134 1844 5198 admisit,
1879 5150 2064 5202 quam,

509 5229 637 5300 quis
676 5226 806 5283 illud
849 5227 1118 5290 mitteret,
1163 5234 1216 5280 et
1242 5226 1512 5295 quodnam
1559 5226 1760 5282 donum
1789 5235 1967 5290 esset,
2004 5240 2068 5280 ac

515 5323 639 5391 quis
662 5319 864 5387 ferret,
898 5320 1261 5377 addidicisset.
1293 5318 1424 5386 Quae
1486 5316 1615 5373 dum
1666 5333 1847 5374 secum
1873 5361 1887 5384 ,
1923 5321 2068 5376 velut

515 5413 1076 5484 ancepsdoqueretur,
1101 5412 1175 5468 ait
1203 5412 1270 5468 ad
1295 5412 1542 5483 angelum
1580 5431 1592 5466 :
1623 5409 1777 5466 Unde
1804 5413 1887 5468 sic
1910 5413 2064 5470 nobis

666 5587 811 5660 Pisa].
845 5605 977 5660 xcv,
1013 5591 1358 5660 11,12,115.

508 5655 588 5749 ,⁸⁸
613 5657 740 5714 Ibid.
783 5659 876 5722 55,

1456 5595 1498 5625 θ’
1538 5591 1718 5648 Matth.
1758 5609 1848 5664 ιιι,
1885 5593 1935 5647 8.
2015 5591 2229 5648 "Joan.
2270 5609 2389 5658 xvr,
2441 5593 2529 5646 ‘22.

2173 4499 2339 4562 ὄντως
2362 4496 2503 4550 κατὰ
2529 4495 2702 4549 πάντα
2723 4494 3014 4564 ἐτύγχανεν
3032 4512 3044 4525 ο
3074 4497 3172 4548 οὐκ
3196 4494 3355 4567 ὁμοία
3527 4496 3727 4566 ὅμοιος]

2173 4593 2308 4663 αὐτῇ
2337 4593 2401 4644 ἐκ
2434 4589 2621 4644 πασῶν
2651 4587 2850 4656 γενεῶν
2883 4606 2966 4652 τις
2998 4589 3216 4658 γέγονεν
3244 4589 3480 4643 πώποτε.
3515 4589 3633 4658 Οὐχ
3659 4589 3728 4650 ὡς

2171 4679 2203 4749 ἡ
2228 4677 2415 4750 πρώην
2441 4675 2558 4748 [ἄλ.
2595 4673 2820 4746 πρώτη]
2848 4675 3112 4746 παρθένος
3139 4677 3252 4732 Εὔα
3289 4677 3422 4749 μόνη
3457 4678 3515 4728 ἐν
3559 4695 3730 4749 παρα-

2169 4770 2328 4842 δείσῳ
2357 4769 2670 4841 χορεύουσα,
2695 4768 2865 4841 χαύνῃ
2882 4771 2946 4840 τῇ
2968 4769 3190 4839 διανοίᾳ,
3213 4767 3555 4840 ἀπεριέργως
3583 4768 3727 4841 παρὰ

2168 4863 2261 4916 τοῦ
2301 4863 2605 4934 ἀρχεκάκου
2634 4862 2807 4930 ὄφεως
2847 4863 2940 4914 τὸν
2968 4860 3120 4930 λόγον
3146 4861 3360 4927 ἐδέξατο
3377 4901 3392 4925 ,
3439 4862 3534 4913 καὶ
3561 4861 3727 4926 οὕτως

2167 4955 2375 5026 ἐφθάρη
2407 4954 2467 5007 τὸ
2491 4955 2587 5026 τῆς
2612 4954 2844 5018 διανοίας
2877 4954 3130 5026 φρόνημα
3292 4953 3368 5024 τῷ
3385 4954 3482 5024 τῆς
3506 4955 3726 5024 καρδίας

2169 5043 2532 5116 φρονήματι]·
2557 5045 2647 5096 καὶ
2681 5043 2935 5114 δι”αὺτῆς
2959 5046 2986 5097 ὁ
3028 5043 3197 5108 δόλιος
3233 5043 3322 5096 τὸν
3388 5043 3461 5096 ίὺν
3513 5045 3723 5114 ἐκχέας,

2169 5136 2376 5190 καὶτὸν
2398 5136 2619 5191 θάνατον
2649 5136 3008 5207 συγκεράσας,
3052 5138 3130 5200 είς
3171 5135 3344 5191 πάντα
3394 5135 3484 5188 τὸν
3529 5136 3724 5206 κόσμον

2170 5235 2465 5306 εἰσήγαγεν
2490 5249 2501 5264 ο
2533 5233 2627 5286 καὶ
2647 5233 2734 5286 διὰ
2755 5232 2909 5285 τοῦτο
2938 5234 3044 5296 πᾶς
3085 5231 3203 5303 [ἄλ.
3247 5231 3420 5302 ἅπας]
3463 5233 3492 5284 ὀ
3535 5231 3724 5302 μόχθος

2167 5322 2274 5375 τῶν
2295 5321 2464 5390 ἁγίων
2490 5321 2734 5391 ἐγένετο·
2770 5322 2883 5377 ἀλλ’
2916 5324 2974 5376 ἐν
3008 5322 3143 5394 μόνῃ
3171 5325 3238 5394 τῇ
3275 5322 3406 5394 ἁγίᾳ
3450 5323 3722 5393 Παρθένῳ,

2167 5414 2227 5468 τὸ
2258 5413 2470 5484 ἐκείνης
2503 5415 2744 5479 πταῖσμα
2775 5412 2893 5485 [tu
2927 5412 3157 5486 πτῶμα]
3189 5413 3577 5468 ἁνασέσωσται.
3623 5414 3724 5466 Καὶ

2627 5594 2671 5626 ⁸⁸
2709 5592 2838 5648 Luc.
2876 5608 2925 5654 ι,
2966 5591 3053 5646 28.
3148 5593 3191 5624 ⁸³
3233 5591 3364 5647 Ibid.
3397 5591 3497 5656 ‘28,
3535 5591 3632 5645 56.
