3938 6282
258 303 402 359 1H9

1166 313 1447 370 HOMILIA
1489 316 1508 369 l
1548 317 1613 371 IN
1656 318 2078 375 ANNUNTIAT.
2128 318 2303 374 VIRG.
2338 318 2595 373 MAlllAv'.

3340 322 3478 379 “50

250 426 317 478 οὐ
357 424 622 497 πρότερον
656 427 688 497 ἡ
723 426 851 495 ἁγία
870 429 928 481 τὸ
960 428 1128 501 δῶρον
1168 433 1529 507 ἐκαρτέρησεν
1569 437 1794 501 ὐποδέξα

1898 489 1902 498 ,
1931 437 2357 493 benedictionem
2387 435 2722 506 apportasti?
2753 434 2831 489 Ex
2852 435 3156 505 cujusmodi
3186 434 3476 505 thesauris,

250 514 405 580 σθαι,
441 519 569 588 πρὶν
603 518 669 571 ἂν
705 519 848 593 μάθῃ
863 521 945 585 τίς
967 524 994 575 6
1022 523 1253 593 πέμπων
1272 566 1286 589 ,
1334 528 1427 580 καὶ
1455 530 1506 581 τί
1545 530 1605 582 τὸ
1631 530 1821 601 δῶρον,

247 606 349 658 καὶ
380 607 465 669 τίς
487 608 515 660 6
538 607 733 679 φέρων.
764 610 947 664 Ταῦτα
972 612 1094 665 καθ’
1123 614 1321 686 ἑαυτὴν
1358 616 1602 690 διηπόρει
1628 622 1660 692 ἡ
1694 622 1822 690 άγία

248 696 508 765 λέγουσα,
541 701 691 770 φησὶ,
726 702 861 773 πρὸς
888 703 978 758 τὸν
1006 704 1229 773 ἄγγελον
1248 724 1262 737 ο
1294 708 1461 763 Πόθεν
1488 712 1617 781 ἡμῖν
1653 712 1822 777 οὕτως

247 788 351 858 τὴν
375 788 625 856 εὐλογίαν
654 789 1006 861 ἐξεκόμισαςς
1052 794 1144 848 Ἐκ
1180 796 1347 850 ποίων
1369 800 1500 870 ἡμῖν
1536 798 1821 870 θησαυρῶν

244 881 277 932 6
316 880 662 951 μαργαρίτης
696 880 791 935 τοῦ
834 883 989 951 λόγου
1029 885 1392 955 ἀπέσταλται;
1440 888 1606 941 Πόθεν
1634 892 1817 962 ήμῖνὴ

243 969 430 1042 δωρεά
469 971 567 1043 τὴν
601 972 851 1027 ὑπόθεσιν
1048 978 1368 1049 ὑπόσχεσιν]
1415 979 1688 1049 κέκτηται.
1732 982 1819 1046 Ἐξ

243 1062 480 1131 οὐρανοῦ
510 1065 906 1134 παραγέγονας,
938 1067 1053 1121 ἀλλ’
1082 1071 1175 1122 ἐπὶ
1202 1070 1306 1140 γῆς
1324 1070 1556 1142 βαδίζεις
1576 1089 1587 1101 ·
1608 1072 1815 1143 ἀνθρώ-

244 1170 353 1207 που
398 1156 718 1227 χαρακτῆρα
770 1158 1125 1224 ἐπιδεικνύεις
1153 1200 1166 1224 ,
1215 1161 1307 1213 καὶ
1356 1161 1610 1232 λαμπάδα
1643 1164 1817 1231 φωτὸς

241 1248 678 1319 ἀπαστράπτεις.
733 1250 915 1305 Ταῦτα
962 1253 1019 1304 ὲν
1077 1254 1240 1323 έαυτῇ
1301 1257 1332 1324 ἠ
1375 1254 1502 1322 ἁγία
1541 1255 1810 1321 διενοεῖτο,

236 1339 507 1404 τοιούτοις
534 1339 589 1392 δὲ
616 1341 791 1410 λόγοις
815 1343 843 1394 6
874 1344 1209 1414 ἀρχάγγελος
1240 1345 1335 1416 τὴν
1356 1346 1625 1418 διάκρισιν
1647 1346 1814 1419 αὐτῆς

241 1433 456 1495 ἔλυσεν,
487 1432 652 1488 εἰπὼν
674 1433 809 1506 πρὸς
840 1435 1031 1506 αὐτήν·
1066 1436 1307 1506 Πνεῦμα
1351 1437 1520 1507 ᾶγιον
1566 1438 1811 1494 ἐπελεύ-

238 1540 416 1579 σεται
458 1525 553 1578 ἐπὶ
592 1524 667 1578 σὲ
691 1566 706 1592 ,
741 1525 838 1579 καὶ
879 1525 1128 1596 δύναμις
1164 1529 1444 1597 Ὑψίστου
1472 1530 1810 1587 ἐπισκιάσει

237 1634 369 1671 σοι.
403 1619 499 1671 Διὸ
523 1618 619 1671 καὶ
646 1618 711 1672 τὸ
736 1618 1109 1689 γεννώμενον
1130 1620 1199 1673 ἐκ
1225 1621 1338 1675 σοῦ
1365 1621 1562 1690 ἅγιον,
1592 1624 1811 1694 κληθή-

1926 530 2080 585 verbi
2124 530 2411 601 margarita
2442 530 2598 584 nobis
2630 527 2827 582 emissa
2855 530 2969 583 est?
3017 527 3166 585 Unde
3194 531 3351 586 nobis
3381 532 3480 585 do-

1925 638 2053 677 num
2096 623 2380 677 materiam
2421 622 2517 694 [αι.
2546 620 2894 693 promissum]
2947 622 3189 691 paravit?
3230 621 3309 677 Ex
3340 624 3478 679 ctelo

1925 714 2228 780 advenisti,
2274 723 2330 768 at
2365 715 2421 767 in
2460 723 2600 769 terra
2639 713 2874 779 incedis;
2909 714 3198 769 humanam
3245 715 3473 769 formam

1920 806 2163 873 exhibes,
2189 817 2243 861 et
2269 806 2406 861 lucis
2437 804 2648 876 fulgore
2674 804 3006 874 resplendes.
3039 804 3162 860 llazc
3185 806 3312 860 dum
3333 806 3470 863 intra

1920 896 2273 968 se-COgitaret
2306 895 2649 949 sanctissima
2680 892 2862 962 Virgo,
2896 892 3094 948 talibus
3122 892 3473 962 archangelus

1918 989 2263 1044 sermonibus
2305 987 2759 1057 disceptationem
2807 986 2925 1055 ejus
2967 986 3163 1050 solvit,
3199 985 3381 1041 dicens
3404 986 3471 1039 ad

1917 1081 2089 1151 ipsam
2119 1100 2129 1134 :
2169 1078 2402 1149 Spiritus
2429 1088 2643 1135 sanctus
2684 1079 3000 1148 superveniet
3030 1079 3084 1131 in
3108 1088 3156 1131 te
3178 1118 3191 1143 ,
3223 1088 3272 1132 et
3306 1079 3470 1133 virtus

1913 1170 2179 1225 Altissimi
2208 1170 2535 1225 obumbrabit
2564 1172 2677 1225 tibi.
2748 1170 2872 1224 Ideo
2899 1179 2947 1225 et
2975 1171 3112 1240 quod
3140 1182 3380 1225 nascetur
3404 1185 3471 1225 ex

1916 1271 1963 1316 te
1992 1272 2253 1329 sanctum,
2282 1262 2549 1315 vocabitur
2580 1261 2755 1316 Filius
2785 1261 3311 1330 Dei.Et,Netimeas,
3344 1262 3466 1317 Ma-

1913 1353 2041 1405 iia‘:
2074 1368 2181 1406 non
2221 1351 2365 1406 enim
2396 1362 2456 1406 ut
2486 1361 2688 1406 metum
2736 1353 2831 1407 tibi
2870 1354 3164 1409 incuterem
3185 1397 3200 1421 ,
3235 1354 3422 1410 adveni
3449 1374 3464 1421 ;

1920 1443 2013 1497 sed
2044 1453 2104 1496 ut
2127 1451 2303 1498 metus
2338 1443 2616 1497 materiam
2640 1451 2744 1499 ate
2769 1445 3101 1514 repellerem.
3152 1445 3233 1500 Ne
3258 1448 3463 1515 timeas,

1911 1534 2087 1589 Maria
2110 1551 2127 1588 :
2156 1535 2397 1588 invenisti
2425 1535 2560 1587 enim
2582 1535 2809 1604 gratiam
2837 1535 2974 1603 apud
3002 1535 3185 1589 Deum.
3224 1534 3300 1591 Ne
3324 1538 3467 1606 diju-

1911 1625 2059 1680 dices
2088 1625 2314 1695 gratiam
2346 1625 2641 1680 secundum
2671 1633 2939 1679 naturam.
2994 1624 3223 1695 Legibus
3261 1625 3357 1698 [αι.
3391 1628 3467 1681 le-

232 1724 414 1762 σεται
444 1709 575 1775 Υίὸς
596 1709 762 1767 Θεοῦ.
799 1711 907 1765 Καὶ
928 1709 1014 1780 μὴ
1047 1712 1253 1790 φοϐοῦ,
1288 1711 1520 1782 Μαριάμ
1541 1731 1553 1744 ·
1597 1715 1657 1767 οὐ
1698 1714 1794 1787 γὰρ

1912 1715 1988 1788 gi]
2020 1718 2163 1772 enim
2194 1726 2402 1772 natura:
2458 1734 2516 1773 se
2549 1716 2743 1786 subjici
2769 1718 2941 1789 gratia
2971 1734 3079 1772 non
3102 1720 3321 1789 patitur.
3354 1717 3463 1775 No-

233 1800 394 1871 φόὸῳ
418 1800 757 1872 καταπλῆξαι
784 1819 842 1855 σε
872 1778 1239 1874 παραγέγονά,
1263 1778 1686 1870 antevenisset
1710 1778 1794 1860 τοιῖ

1911 1778 2001 1871 sti,
2036 1822 2069 1863 o
2089 1807 2278 1874 Maria,
2312 1823 2432 1878 qua:
2457 1778 2800 1878 patriarchas
2819 1818 2872 1863 et
2894 1778 3184 1879 prophetas
3206 1809 3461 1866 latebant.

229 1887 407 1957 φόϐου
432 1888 528 1959 τὴν
557 1889 826 1945 ὑπόθεσιν.
859 1890 957 1959 Μὴ
978 1892 1185 1959 φόϐου,
1213 1893 1446 1964 Μαριάμ
1463 1912 1475 1925 ·
1500 1890 1671 1963 εὗρες
1697 1896 1806 1965 τὰρ

227 1980 417 2053 χάριν
435 1982 593 2051 παρὰ
621 1982 703 2048 τῷ
741 1982 879 2049 Θεῷ.
904 1984 1014 2056 Τὴν
1035 1985 1193 2057 χάριν
1220 1986 1361 2040 κατά
1394 1988 1551 2056 φύσιν
1580 1989 1652 2060 μὴ
1675 1990 1804 2045 ἀνά-

225 2089 412 2141 κρινε.
442 2074 643 2145 Νόμοις
674 2073 807 2145 [ἄλ.
830 2075 1012 2149 νόμῳ]
1032 2077 1140 2148 γάρ
1172 2079 1403 2147 φύσεως,
1431 2082 1464 2151 ἡ
1496 2082 1652 2153 χάρις
1677 2083 1806 2135 ὐπο-

224 2161 444 2218 δαίνειν
463 2166 564 2219 οὐκ
584 2167 853 2238 ἀνέχεται.
886 2169 1115 2238 Ἐγνως,
1137 2163 1181 2224 ὦ
1201 2171 1452 2244 Μαριὰμ,
1473 2173 1540 2226 τά
1564 2176 1687 2239 τοὺς
1704 2158 1805 2228 πα-

222 2255 499 2325 τριάρχας
531 2258 624 2311 καὶ
651 2260 926 2330 προφήτας
971 2259 1315 2317 λανθάνοντα.
1366 2264 1725 2337 Μεμάθηκας,
1757 2262 1802 2321 ὦ

223 2344 498 2416 Παρθένε,
522 2347 558 2401 ἃ
593 2349 752 2421 μέχρι
784 2349 876 2403 τοῦ
915 2350 1008 2405 νῦν
1042 2355 1394 2427 κεκρυμμένα
1439 2357 1531 2410 καὶ
1560 2361 1671 2421 τοῖς
1706 2359 1803 2428 ἀγ-

222 2436 412 2506 γέλοις
437 2439 748 2511 ἐτύγχανον.
796 2443 1082 2513 Ἀκήκοας,
1123 2438 1167 2497 ὦ
1201 2447 1458 2515 παναγία,
1485 2442 1559 2502 ὧν
1591 2450 1801 2503 οὐδέπω

219 2532 253 2586 6
288 2532 449 2604 χορὸς
478 2532 584 2589 τῶν
628 2533 898 2606 θεοφόρων
928 2534 1170 2603 ἠξίωται.
1208 2537 1447 2610 Μωῦσῆς
1480 2542 1573 2595 καὶ
1616 2542 1796 2611 Δαϐὶδ,

221 2625 325 2677 καὶ
375 2623 633 2692 Ἡσαΐας,
671 2625 764 2679 καὶ
811 2626 1025 2697 Δανιὴλ,
1059 2628 1153 2681 καὶ
1188 2628 1384 2693 πάντες
1433 2633 1481 2684 οἱ
1528 2635 1799 2705 προφῆται

222 2717 361 2787 περὶ
393 2715 554 2770 αὐτοῦ
598 2715 972 2790 προεκήρυξαν
996 2734 1009 2748 ·
1057 2718 1193 2774 ἀλλά
1243 2722 1302 2774 τὸ
1356 2722 1504 2789 πῶς,
1541 2725 1639 2778 οὐκ
1677 2726 1796 2780 ἐπί-

223 2825 440 2865 σταντο.
465 2811 535 2865 Σὺ
560 2811 615 2864 δὲ
646 2812 803 2883 μόνη,
834 2805 879 2866 ὧ
918 2812 1163 2882 παναγία
1191 2814 1456 2887 Παρθένε,
1495 2815 1564 2869 τὰ
1588 2817 1797 2881 τούτοις

223 2901 433 2957 ἅπασιν
460 2904 793 2973 ἀγνοηθέντα
827 2905 1123 2977 μυστήρια,
1146 2905 1242 2960 νῦν
1267 2908 1522 2980 ὑποδέχῃ,
1549 2910 1641 2963 καὶ
1666 2927 1797 2980 μαν-

224 2992 412 3057 θάνεις
588 2995 867 3067 ὑποδέχου,
898 2997 989 3051 καὶ
1021 2996 1291 3071 μάνθανε]
1323 3000 1383 3053 τὸ
1414 2999 1593 3055 πόθεν.
1625 3001 1792 3054 Ὅπου

219 3084 335 3156 γὰρ
360 3085 581 3157 Πνεῦμα
597 3086 769 3156 ἆγιον,
787 3089 963 3143 πάντα
979 3089 1208 3161 ἑτοίμως
1234 3093 1603 3164 κατήρτισται.
1622 3094 1791 3147 Ὅπου
1819 3118 1861 3176 C

220 3176 349 3232 θεία
373 3178 551 3250 χάρις,
598 3179 775 3233 πάντα
814 3180 891 3252 τῷ
921 3182 1038 3255 Θεῷ
1067 3184 1284 3239 δυνατά.
1337 3185 1528 3255 Ἅγιον
1554 3185 1795 3255 Πνεῦμα

218 3268 324 3323 ἐπὶ
350 3269 426 3323 σὲ
445 3271 828 3329 ἐπελεύσεται
847 3316 861 3340 ,
903 3277 1000 3329 καὶ
1047 3277 1295 3348 δύναμις
1366 3277 1640 3347 Ὑψίστου
1672 3277 1794 3329 ἐπι-

220 3361 463 3418 σκιάσει
485 3380 606 3417 σοι’
641 3366 731 3419 διὸ
758 3367 854 3421 καὶ
876 3368 938 3422 τὸ
964 3368 1330 3440 γεννώμενον
1354 3370 1423 3423 ἐκ
1456 3369 1569 3424 σοῦ
1600 3368 1789 3437 ἄτιον,

220 3454 589 3523 κληθήσεται
636 3457 767 3525 Υἱὸς
788 3460 952 3515 Θεοῦ.
994 3461 1055 3514 Ei
1085 3461 1140 3513 δὲ
1171 3461 1297 3524 Υἱὸς
1321 3460 1454 3513 Θεοῦ
1477 3500 1491 3525 ,
1524 3462 1616 3514 καὶ
1638 3460 1787 3525 Θεὸς,

219 3543 544 3617 σύμμορφος
570 3548 645 3619 τῷ
666 3550 857 3621 Πατρὶ,
888 3551 981 3605 καὶ
1013 3549 1305 3615 συναῖδιος,
1337 3551 1393 3603 έν
1421 3542 1465 3616 ᾧ
1494 3550 1669 3603 πᾶσαν
1697 3550 1788 3603 κέ-

220 3654 421 3708 κτηται
452 3640 480 3691 ὁ
520 3640 709 3711 Πατὴρ
750 3642 848 3712 τὴν
881 3642 1183 3714 φανέρωσιν
1203 3659 1216 3671 ’
1252 3644 1280 3694 6
1327 3640 1609 3711 χαρακτὴρ
1633 3644 1688 3694 ὲν
1712 3640 1789 3711 τῷ

220 3731 503 3804 προσώπῳ
528 3773 543 3799 ,
580 3733 674 3787 καί
716 3732 804 3786 διά
831 3733 923 3786 τοῦ
945 3734 1373 3804 ἀπαυγάσματος
1411 3736 1445 3805 ἡ
1476 3733 1602 3799 δόξα
1622 3749 1787 3785 κατα-

216 3822 513 3895 λάμπεται.
544 3824 653 3877 Kal.
675 3823 862 3896 ὥσπερ
888 3825 953 3877 ἐκ
983 3828 1081 3896 τῆς
1109 3824 1332 3880 ἀεννάου
1368 3825 1548 3895 πηγῆς
1588 3826 1636 3877 οἱ
1688 3840 1786 3877 πο-

216 3915 387 3984 ταμοὶ
423 3914 781 3987 προέρχονται
803 3934 816 3947 ·
855 3914 1028 3979 οὕτως
1070 3914 1166 3970 καὶ
1200 3916 1266 3968 ὲκ
1295 3914 1497 3985 ταύτης
1534 3916 1632 3985 τῆς
1667 3916 1789 3967 ἀεν-

215 4006 351 4060 νάου
404 4006 494 4059 καὶ
522 4005 747 4069 ἀειζώου
769 4007 972 4078 πηγῆς,
999 4008 1322 4079 προέρχεται
1348 4006 1407 4059 τὸ
1431 4005 1545 4075 φῶς
1571 4006 1663 4059 τοῦ
1692 4007 1785 4059 κό-

220 4112 383 4168 σμου,
409 4097 469 4149 τὸ
487 4096 708 4150 ἀένναον
730 4098 825 4151 καὶ
846 4097 1115 4169 ἀληθινὸν,
1146 4098 1380 4169 Χριστὸς
1400 4097 1429 4148 6
1461 4097 1590 4161 Θεὸς
1609 4099 1639 4167 ἡ
1648 4098 1781 4168 μῶν.

219 4188 360 4260 Περὶ
387 4188 590 4260 ταύτης
617 4189 722 4262 γὰρ
748 4191 796 4243 οί
826 4191 1095 4263 προφῆται
1123 4192 1456 4263 κεκράγασιν
1475 4208 1488 4221 ·
1540 4190 1647 4243 Τοῦ
1676 4206 1781 4243 πο-

216 4282 407 4350 ταμοῦ
446 4284 518 4337 τὰ
553 4281 855 4354 ὀρμήματα
882 4285 1270 4353 εὐφραίνουσι
1309 4283 1429 4355 [γρ.
1460 4282 1525 4336 τὸ
1553 4282 1784 4352 ὅρμημα

217 4374 552 4448 εὐφραίνει]
601 4376 715 4445 τὴν
757 4378 939 4431 πόλιν
959 4376 1067 4431 τοῦ
1108 4376 1291 4431 Θεοῦ·
1334 4376 1393 4429 οὐ
1437 4376 1565 4447 μίαν
1593 4376 1647 4428 δὲ
1682 4376 1779 4429 πό-

1908 1898 2176 1965 Didicisti,
2209 1914 2242 1954 ο
2269 1898 2452 1971 Virgo,
2480 1915 2601 1969 qua:
2630 1900 2808 1956 adhuc
2831 1900 3035 1971 angelis
3055 1901 3218 1955 etiam
3246 1900 3465 1958 fuerunt

1906 1990 2245 2047 abscondita.
2298 1992 2546 2056 Audisti,
2576 2007 2609 2045 ο
2643 1992 3004 2057 sanctissima,
3039 2008 3160 2063 quae
3184 2009 3461 2064 nunquam

1904 2081 2089 2137 divino
2142 2081 2346 2153 Spiritu
2397 2082 2698 2138 amatorum
2752 2084 2950 2141 chorus
3004 2085 3193 2141 audire
3243 2085 3460 2140 meruit.

1904 2171 2115 2244 Moyses
2144 2183 2197 2230 et
2225 2174 2391 2231 David
2413 2216 2430 2243 ,
2465 2175 2632 2231 Isaias
2661 2191 2725 2231 ac
2751 2175 2970 2245 Daniel,
3023 2179 3309 2249 cunctique
3337 2194 3462 2249 pro-

1901 2264 2076 2334 pheta:
2122 2267 2189 2321 de
2234 2267 2351 2337 ipso
2381 2267 2856 2337 praedicaverunt;
2892 2270 2986 2324 sed
3034 2271 3252 2326 modum
3295 2271 3460 2326 ratio-

1904 2370 2097 2411 nemve
2145 2356 2487 2427 ignorarunt.
2538 2355 2619 2411 Tu
2670 2373 2800 2413 vero
2846 2359 2996 2425 sola,
3047 2378 3079 2415 υ
3116 2361 3457 2415 sanctissima

1903 2444 2068 2516 Virgo
2090 2488 2103 2512 ,
2150 2464 2272 2519 quae
2307 2449 2393 2504 his
2424 2448 2678 2503 omnibus
2720 2448 2902 2519 ignota
2931 2448 3149 2505 fuerunt
3181 2450 3454 2522 mysteria,
3492 2482 3499 2495 ο

1901 2556 2046 2595 nunc
2072 2540 2307 2610 suscipis
2331 2580 2346 2605 ,
2378 2556 2710 2610 causamque
2742 2541 2996 2612 intelligis
3025 2540 3121 2613 [αι.
3155 2542 3368 2612 suscipe
3402 2551 3458 2596 et

1899 2631 2179 2702 intellige].
2234 2631 2366 2685 Nam
2399 2632 2489 2687 ubi
2516 2630 2745 2701 Spiritus
2772 2642 3013 2695 sanctus,
3039 2642 3235 2687 cuncta
3266 2649 3453 2703 prom-

1897 2730 1987 2791 pte
2038 2731 2199 2791 atque
2252 2721 2630 2777 incunctanter
2683 2720 3054 2789 perﬁciuntur.
3122 2718 3223 2774 Ubi
3276 2719 3455 2775 divina

1897 2815 2050 2869 adest
2095 2814 2300 2883 gratia,
2351 2814 2535 2868 omnia
2562 2813 2672 2867 Deo
2706 2821 2834 2867 sunt
2875 2811 3169 2882 possibilia.
3222 2809 3453 2880 Spiritus

1896 2915 2109 2959 sanctus
2145 2906 2463 2975 superveniet
2504 2906 2558 2959 in
2586 2916 2664 2970 te,
2704 2916 2751 2959 et
2778 2905 2943 2959 virtus
2974 2903 3232 2957 Altissimi
3268 2902 3452 2957 obum-

1897 2998 2067 3052 brabit
2121 2999 2214 3053 tibi
2255 3016 2273 3053 :
2320 2999 2436 3053 ideo
2482 3010 2529 3053 et
2575 2999 2710 3069 quod
2756 3006 2998 3052 nascetur
3021 3013 3084 3051 ea:
3122 3006 3169 3051 te
3191 3005 3451 3063 sanctum,

1895 3090 2164 3144 vocabitur
2209 3089 2385 3146 Filius
2432 3092 2550 3147 Dei.
2618 3090 2674 3145 Si
2714 3099 2891 3145 autem
2921 3088 3091 3144 Filius
3120 3088 3243 3155 Dei,
3288 3088 3451 3142 etiam

1900 3181 2061 3249 Deus,
2086 3182 2330 3252 ejusdem
2360 3182 2546 3237 forma:
2575 3196 2697 3236 cum
2732 3179 2891 3234 Patre
2910 3221 2925 3245 ,
2955 3188 3008 3233 et
3037 3188 3368 3242 coaeternus;
3396 3175 3453 3231 in

1896 3290 2005 3347 quo
2032 3290 2247 3329 omnem
2275 3273 2438 3329 Pater
2468 3274 2709 3344 possidet
2737 3272 3209 3336 clariticationem;
3256 3269 3450 3325 chara-

1894 3379 2008 3425 cter
2054 3379 2216 3438 atque
2265 3368 2443 3437 imago
2490 3366 2542 3420 in
2580 3381 2847 3436 persona;
2893 3372 2947 3419 et
2986 3378 3082 3433 per
3109 3362 3449 3431 splendorem

1893 3462 2059 3527 gloria
2087 3460 2334 3529 refulget.
2383 3457 2450 3513 Et
2478 3456 2936 3528 quemadmodum
2966 3470 3028 3510 ex
3056 3454 3275 3525 perenni
3304 3453 3452 3507 fonte

1891 3552 2192 3623 procedunt
2219 3550 2464 3615 ﬂumina,
2494 3550 2572 3603 sic
2600 3557 2653 3603 et
2680 3563 2747 3602 ex
2773 3548 2876 3601 hoc
2906 3546 3125 3616 perenni
3154 3561 3216 3599 ac
3239 3559 3449 3613 semper

1891 3643 2016 3697 vivo
2048 3643 2215 3706 fonte,
2248 3641 2591 3711 progreditur
2620 3639 2872 3709 perennis
2896 3647 2949 3691 et
2970 3653 3093 3692 vera
3118 3637 3208 3691 lux
3236 3636 3447 3701 mundi,

1890 3734 2142 3789 Christus
2175 3733 2319 3788 Deus
2343 3742 2544 3787 noster.
2588 3731 2659 3785 De
2682 3746 2748 3786 eo
2780 3746 3014 3799 namque
3044 3729 3319 3799 propheta:
3348 3728 3451 3783 cla~

1888 3836 2110 3882 marum
2134 3845 2147 3881 :
2176 3825 2441 3880 Fluminis
2463 3828 2680 3895 impetus
2702 3824 2939 3892 lmtiﬁcat
2962 3825 3223 3877 civitatem
3244 3820 3341 3875 Dei
3360 3820 3405 3855 ⁸⁷
3430 3854 3447 3881 ,

1887 3934 2078 3988 neque
2114 3933 2279 3972 unam
2324 3916 2588 3971 duntaxat
2615 3916 2911 3979 civitatem,
2943 3915 3037 3970 sed
3061 3928 3285 3977 omnes;
3321 3926 3446 3965 nam

1887 4011 2029 4065 sicut
2060 4023 2223 4063 unam
2248 4006 2545 4073 civitatem,
2576 4006 2888 4059 universum
2917 4011 3186 4058 terrarum
3215 3998 3448 4054 laetiﬁcat

1885 4102 2093 4160 orbem.
2161 4099 2555 4155 Convenienter
2586 4099 2749 4169 igitur
2779 4096 3001 4167 angelus
3026 4092 3124 4166 [αι.
3154 4093 3447 4161 archange-

1884 4193 1993 4266 lus]
2026 4201 2228 4250 sanctae
2254 4190 2436 4245 Marize
2467 4188 2712 4261 Virgini,
2744 4188 2922 4259 primo
2957 4187 3200 4242 omnium
3222 4225 3236 4249 ,
3271 4182 3441 4238 illud:

1885 4288 2008 4349 Ave,
2040 4284 2217 4353 gratia
2244 4282 2417 4352 plena,
2453 4280 2710 4335 Dominus
2752 4288 2940 4345 tecum,
2973 4274 3440 4348 praesignificavit':

1885 4377 2143 4446 quoniam
2170 4390 2294 4429 cum
2328 4374 2445 4443 ipsa
2476 4382 2618 4427 totus
2651 4371 2836 4443 gratia:
2882 4370 3171 4425 thesaurus
3195 4364 3442 4421 recondi-

216 4463 322 4531 λιν,
350 4466 487 4520 ἀλλά
512 4468 719 4530 πάσας·
753 4468 941 4539 ὥσπερ
968 4467 1077 4538 γάρ
1124 4468 1251 4539 μίαν
1286 4467 1469 4533 πόλιν,
1505 4467 1782 4537 εὐφραίνει

1898 4483 1971 4523 ‘.us
1994 4476 2130 4522 erat.
2166 4465 2243 4519 Ex
2271 4466 2525 4520 omnibus
2559 4465 2703 4519 enim
2736 4460 3193 4535 generationibus,
3223 4458 3335 4511 hac
3358 4470 3446 4511 so-

212 4556 314 4628 την
344 4559 664 4631 οἰκουμένην
691 4560 922 4615 ἃπασαν.
959 4562 1278 4632 Πρεπόντως
1300 4561 1474 4614 τοίνυν
1502 4562 1530 4613 6
1551 4560 1779 4630 ἄγγελος

214 4646 343 4720 [ἄλ.
377 4651 742 4724 ἀρχάγγελος]
771 4654 834 4724 τῇ
883 4651 1013 4723 ἁγίᾳ
1056 4652 1241 4723 Μαρία
1288 4652 1549 4722 Παρθένῳ
1588 4652 1778 4726 πρώτῃ

220 4742 460 4806 πάντων,
490 4744 580 4797 τόο
619 4744 812 4812 Χαῖρε,
840 4744 1293 4814 κεχαριτωμένη,
1330 4747 1363 4799 ό
1392 4746 1606 4813 Κύριος
1633 4747 1781 4815 μετὰ

215 4835 359 4900 σοῦ,
391 4836 763 4908 προεσήμανεν
785 4852 798 4866 ο
832 4835 1014 4907 ἐπειδὴ
1052 4835 1168 4907 μετ’
1190 4836 1358 4907 αὐτῆς
1382 4836 1546 4900 ὅλοςὸ
1577 4838 1777 4907 θησαυ-

215 4928 313 4998 ρὸς
343 4927 440 4999 τῆς
472 4927 689 4999 χάριτος
719 4927 1050 4980 ὲναπέκειτο.
1094 4927 1189 4980 Ἐκ
1216 4927 1403 4981 πασῶν
1435 4928 1545 5001 γὰρ
1576 4931 1772 4998 γενεῶν

215 5016 353 5089 αὕτη
385 5019 516 5090 μόνη
548 5019 811 5090 παρθένος
838 5019 967 5087 ἀγία
1010 5018 1220 5090 σώματι
1261 5020 1354 5072 καὶ
1390 5020 1654 5091 πνεύματι
1685 5021 1776 5089 γέ-

215 5126 405 5177 γονεν·
441 5111 535 5164 καὶ
562 5110 695 5182 μόνη
726 5111 875 5182 φέρει
898 5111 988 5164 τὸν
1017 5109 1085 5163 τὰ
1113 5110 1289 5164 πάντα
1314 5110 1390 5182 τῷ
1434 5112 1636 5181 ῥήματι
1682 5114 1775 5181 φέ-

216 5218 402 5273 ροντα.
436 5204 544 5256 Καὶ
570 5204 632 5257 οὐ
676 5203 833 5273 μόνον
854 5198 1151 5273 θαυμάζειν
1193 5200 1338 5254 ἔστιν
1385 5201 1446 5252 τὸ
1484 5201 1584 5272 τῆς
1616 5201 1775 5270 ἁγίας

209 5294 275 5347 τὸ
302 5293 361 5347 ὲν
392 5294 600 5367 σώματι
646 5294 861 5358 κάλλοςο
894 5293 1029 5348 ἀλλά
1060 5293 1153 5346 καὶ
1193 5292 1293 5362 τῆς
1323 5291 1499 5362 ψυχῆς
1531 5294 1621 5347 τὸν
1654 5293 1776 5347 ἐνά-

216 5403 371 5459 ρετον
412 5388 629 5457 τρόπον.
675 5387 766 5441 Διὸ
808 5388 903 5441 κα)⁸
931 5388 1023 5440 τό·
1072 5384 1268 5453 Χαῖρε,
1299 5384 1732 5454 κεχαριτωμένη
1755 5425 1770 5447 ,

211 5479 349 5550 αὐτῇ
381 5478 619 5552 πρώτῃὸ
648 5478 872 5549 ἄγγελος
923 5476 1045 5548 [ἄλ.
1098 5476 1451 5549 ἀρχάγγελος]
1492 5474 1773 5548 προσεφώ-

211 5586 405 5639 νησεν*
453 5570 505 5623 Ὀ
528 5571 741 5638 Κύριος
764 5572 913 5639 μετὰ
941 5568 1077 5634 σοῦ,
1107 5571 1199 5622 καὶ
1220 5571 1280 5623 οὐ
1308 5570 1492 5639 γήϊνος
1526 5568 1769 5637 νυμφίος·

284 5731 325 5762 ⁸⁷
368 5731 509 5789 Psal.
559 5748 698 5797 XLV,
745 5734 795 5787 5.
880 5736 881 5739 “

1885 4559 1935 4613 la
1964 4559 2136 4628 virgo,
2170 4566 2358 4613 sancta
2389 4571 2616 4625 corpore
2647 4566 2700 4609 et
2735 4555 2927 4625 spiritu
2966 4553 3193 4616 exstitit,
3222 4550 3443 4619 solaque

1885 4649 1987 4703 fert
2009 4662 2133 4702 cum
2163 4648 2256 4717 qui
2283 4646 2449 4702 verbo
2487 4647 2669 4700 omnia
2700 4653 2899 4715 portat.
2934 4642 3000 4699 Et
3019 4659 3129 4698 non
3152 4642 3326 4697 solum
3356 4639 3443 4693 ad-

1887 4741 2229 4795 mirationem
2255 4741 2415 4795 nohis
2446 4742 2587 4808 parit
2615 4738 2974 4795 sanctissimae
3002 4736 3145 4791 illius
3171 4735 3224 4788 in
3251 4748 3445 4802 corpo-

1888 4848 1945 4888 re
1969 4832 2336 4901 pulchritudo,
2366 4831 2458 4885 sed
2484 4838 2539 4884 et
2571 4830 2799 4883 virtutes
2832 4828 3027 4882 animae
3047 4826 3185 4894 ejus.
3241 4823 3364 4877 Ideo
3388 4831 3443 4877 et

1886 4926 2067 4982 verbis
2096 4925 2203 4979 illis
2231 4943 2244 4978 :
2281 4924 2407 4989 Ave,
2433 4922 2609 4992 gratia
2634 4920 2805 4990 plena,
2825 4918 3056 4988 primum
3079 4915 3299 4985 angelus
3332 4912 3431 4985 [αι.

1883 5013 2267 5087 archangelus]
2312 5014 2487 5083 ipsam
2512 5011 2798 5067 salutando
2831 5008 3170 5079 compellavit
3201 5026 3213 5059 :
3246 5006 3430 5058 Domi-

1882 5129 1979 5167 nus
2011 5121 2199 5176 tecum,
2219 5121 2272 5163 et
2295 5123 2401 5162 non
2435 5114 2682 5160 terrenus
2703 5119 2963 5173 sponsus,
2984 5101 3075 5156 sed
3102 5101 3215 5169 ipse
3240 5098 3432 5154 sancti-

1883 5198 2153 5255 ﬁcationis
2196 5195 2293 5268 [αι.
2342 5192 2672 5263 sanctitatis]
2702 5191 2984 5256 Dominus,
3036 5198 3187 5258 pater
3212 5190 3433 5245 castita-

1884 5292 1977 5356 tis,
2010 5288 2434 5357 incorruptionis
2468 5297 2657 5341 auctor
2698 5293 2752 5337 et
2776 5282 3044 5337 libertatis
3065 5283 3252 5351 dator;
3285 5282 3433 5337 salu-

1880 5383 1949 5436 tis
1990 5390 2312 5451 procurator
2338 5421 2353 5446 ,
2399 5389 2453 5434 et
2505 5392 2647 5432 verae
2690 5379 2839 5447 pacis
2883 5388 3230 5433 conservator
3271 5386 3435 5447 atque

1881 5473 2137 5542 largitor;
2182 5472 2274 5541 qui
2315 5486 2379 5526 ex
2426 5479 2569 5524 terra
2603 5469 2808 5538 virgine
2834 5468 3036 5524 creavit
3060 5468 3350 5532 hominem,
3377 5476 3432 5522 et

1885 5579 1947 5619 ex
1979 5565 2120 5619 illius
2151 5565 2315 5620 latere
2340 5577 2401 5619 ac
2426 5569 2572 5618 costa
2604 5558 2765 5615 Evam
2798 5561 3090 5631 assumpsit
3118 5558 3213 5635 [αι.
3244 5570 3429 5631 protu-
