  <div class='ocr_page' id='page_1' title='image "/cluster/home/n/w/nwhite01/storage/ocr_20150623/10/hvd.32044073501330/595.png"; bbox 0 0 3988 6200; ppageno 0'>
   <div class='ocr_carea' id='block_1_1' title="bbox 519 273 652 332">
    <p class='ocr_par' dir='ltr' id='par_1_1' title="bbox 519 273 652 332">
     <span class='ocr_line' id='line_1_1' title="bbox 519 273 652 332; baseline 0.008 -3"><span class='ocrx_word' id='word_1_1' title='bbox 519 273 652 332; x_wconf 73' lang='grc' dir='ltr'>ιιει</span> 
     </span>
    </p>
   </div>
   <div class='ocr_carea' id='block_1_2' title="bbox 1144 268 3099 331">
    <p class='ocr_par' dir='ltr' id='par_1_2' title="bbox 1144 268 3099 331">
     <span class='ocr_line' id='line_1_2' title="bbox 1144 268 3099 331; baseline -0.003 -2"><span class='ocrx_word' id='word_1_2' title='bbox 1144 273 1204 329; x_wconf 88' lang='lat' dir='ltr'><strong>S.</strong></span> <span class='ocrx_word' id='word_1_3' title='bbox 1243 270 1573 331; x_wconf 80' lang='lat' dir='ltr'><strong>GREGORII</strong></span> <span class='ocrx_word' id='word_1_4' title='bbox 1610 269 1966 328; x_wconf 78' lang='lat' dir='ltr'><strong>THAUMAT.</strong></span> <span class='ocrx_word' id='word_1_5' title='bbox 2011 269 2159 327; x_wconf 80' lang='grc' dir='ltr'>ΟΡΡ.</span> <span class='ocrx_word' id='word_1_6' title='bbox 2199 270 2380 328; x_wconf 77' lang='lat' dir='ltr'><strong>PARS</strong></span> <span class='ocrx_word' id='word_1_7' title='bbox 2418 269 2714 326; x_wconf 80' lang='lat' dir='ltr'><strong>ALTERA.</strong></span> <span class='ocrx_word' id='word_1_8' title='bbox 2751 299 2823 315; x_wconf 84' lang='lat'><strong>—-</strong></span> <span class='ocrx_word' id='word_1_9' title='bbox 2872 268 3099 326; x_wconf 81' lang='lat' dir='ltr'><strong>DUBIA.</strong></span> 
     </span>
    </p>
   </div>
   <div class='ocr_carea' id='block_1_3' title="bbox 3590 271 3717 326">
    <p class='ocr_par' dir='ltr' id='par_1_3' title="bbox 3590 271 3717 326">
     <span class='ocr_line' id='line_1_3' title="bbox 3590 271 3717 326; baseline -0.008 0"><span class='ocrx_word' id='word_1_10' title='bbox 3590 271 3717 326; x_wconf 72' lang='lat'><strong>“52&#39;.</strong></span> 
     </span>
    </p>
   </div>
   <div class='ocr_carea' id='block_1_4' title="bbox 519 391 2088 466">
    <p class='ocr_par' dir='ltr' id='par_1_4' title="bbox 519 391 2068 466">
     <span class='ocr_line' id='line_1_4' title="bbox 519 391 2068 466; baseline 0.003 -18"><span class='ocrx_word' id='word_1_11' title='bbox 519 392 605 461; x_wconf 89' lang='lat' dir='ltr'><strong>lit,</strong></span> <span class='ocrx_word' id='word_1_12' title='bbox 634 391 856 466; x_wconf 72' lang='lat' dir='ltr'><strong>creavit]</strong></span> <span class='ocrx_word' id='word_1_13' title='bbox 892 412 905 449; x_wconf 89' lang='lat'><strong>:</strong></span> <span class='ocrx_word' id='word_1_14' title='bbox 935 393 1025 450; x_wconf 87' lang='lat' dir='ltr'><strong>hic</strong></span> <span class='ocrx_word' id='word_1_15' title='bbox 1047 392 1307 452; x_wconf 88' lang='lat' dir='ltr'><strong>Dominus</strong></span> <span class='ocrx_word' id='word_1_16' title='bbox 1336 403 1536 458; x_wconf 91' lang='lat' dir='ltr'><strong>tecum,</strong></span> <span class='ocrx_word' id='word_1_17' title='bbox 1574 404 1630 450; x_wconf 92' lang='lat' dir='ltr'><strong>et</strong></span> <span class='ocrx_word' id='word_1_18' title='bbox 1653 409 1868 450; x_wconf 87' lang='lat' dir='ltr'><strong>rursum</strong></span> <span class='ocrx_word' id='word_1_19' title='bbox 1902 411 1970 451; x_wconf 81' lang='lat' dir='ltr'><strong>ex</strong></span> <span class='ocrx_word' id='word_1_20' title='bbox 1995 404 2068 452; x_wconf 91' lang='lat' dir='ltr'><strong>te.</strong></span> 
     </span>
    </p>
   </div>
   <div class='ocr_carea' id='block_1_5' title="bbox 2190 391 3716 466">
    <p class='ocr_par' dir='ltr' id='par_1_5' title="bbox 2190 392 3716 466">
     <span class='ocr_line' id='line_1_5' title="bbox 2190 392 3716 466; baseline 0 -18"><span class='ocrx_word' id='word_1_21' title='bbox 2190 394 2286 448; x_wconf 71' lang='grc' dir='ltr'>ίλλ’</span> <span class='ocrx_word' id='word_1_22' title='bbox 2310 393 2472 458; x_wconf 80' lang='grc' dir='ltr'>αὐτὸς</span> <span class='ocrx_word' id='word_1_23' title='bbox 2516 396 2544 447; x_wconf 93' lang='lat'><strong>6</strong></span> <span class='ocrx_word' id='word_1_24' title='bbox 2572 392 2663 447; x_wconf 89' lang='grc' dir='ltr'><strong>τοῦ</strong></span> <span class='ocrx_word' id='word_1_25' title='bbox 2724 393 2998 464; x_wconf 85' lang='grc' dir='ltr'>ἁγιασμοῦ</span> <span class='ocrx_word' id='word_1_26' title='bbox 3025 392 3228 466; x_wconf 84' lang='grc' dir='ltr'>Κύριος</span> <span class='ocrx_word' id='word_1_27' title='bbox 3251 433 3266 458; x_wconf 94' lang='grc'><strong>,</strong></span> <span class='ocrx_word' id='word_1_28' title='bbox 3319 394 3348 447; x_wconf 98' lang='lat'><strong>6</strong></span> <span class='ocrx_word' id='word_1_29' title='bbox 3385 393 3486 464; x_wconf 88' lang='grc' dir='ltr'><strong>τῆς</strong></span> <span class='ocrx_word' id='word_1_30' title='bbox 3517 393 3716 462; x_wconf 77' lang='grc' dir='ltr'><strong>ἁγνείας</strong></span> 
     </span>
    </p>
   </div>
   <div class='ocr_carea' id='block_1_6' title="bbox 521 485 2075 557">
    <p class='ocr_par' dir='ltr' id='par_1_6' title="bbox 521 485 2075 557">
     <span class='ocr_line' id='line_1_6' title="bbox 521 485 2075 557; baseline 0.003 -20"><span class='ocrx_word' id='word_1_31' title='bbox 521 485 676 555; x_wconf 84' lang='lat' dir='ltr'><strong>Agite</strong></span> <span class='ocrx_word' id='word_1_32' title='bbox 720 485 885 556; x_wconf 78' lang='lat' dir='ltr'><strong>igitur</strong></span> <span class='ocrx_word' id='word_1_33' title='bbox 913 529 928 553; x_wconf 96' lang='lat'><strong>,</strong></span> <span class='ocrx_word' id='word_1_34' title='bbox 959 486 1265 542; x_wconf 87' lang='lat' dir='ltr'><strong>cbarissiml</strong></span> <span class='ocrx_word' id='word_1_35' title='bbox 1289 529 1305 554; x_wconf 90' lang='lat'><strong>,</strong></span> <span class='ocrx_word' id='word_1_36' title='bbox 1326 496 1392 542; x_wconf 78' lang='lat' dir='ltr'><strong>et</strong></span> <span class='ocrx_word' id='word_1_37' title='bbox 1416 502 1515 543; x_wconf 90' lang='lat' dir='ltr'><strong>nos</strong></span> <span class='ocrx_word' id='word_1_38' title='bbox 1557 488 1850 557; x_wconf 73' lang='lat' dir='ltr'><strong>angelicam</strong></span> <span class='ocrx_word' id='word_1_39' title='bbox 1881 502 2075 543; x_wconf 86' lang='lat' dir='ltr'><strong>conse-</strong></span> 
     </span>
    </p>
   </div>
   <div class='ocr_carea' id='block_1_7' title="bbox 523 575 2080 651">
    <p class='ocr_par' dir='ltr' id='par_1_7' title="bbox 523 575 2080 651">
     <span class='ocr_line' id='line_1_7' title="bbox 523 575 2080 651; baseline 0.002 -20"><span class='ocrx_word' id='word_1_40' title='bbox 523 585 732 632; x_wconf 85' lang='lat' dir='ltr'><strong>ctautes</strong></span> <span class='ocrx_word' id='word_1_41' title='bbox 759 575 998 644; x_wconf 89' lang='lat' dir='ltr'><strong>laudem,</strong></span> <span class='ocrx_word' id='word_1_42' title='bbox 1016 577 1253 633; x_wconf 91' lang='lat' dir='ltr'><strong>debitum</strong></span> <span class='ocrx_word' id='word_1_43' title='bbox 1281 594 1378 649; x_wconf 91' lang='lat' dir='ltr'><strong>pro</strong></span> <span class='ocrx_word' id='word_1_44' title='bbox 1403 579 1611 635; x_wconf 83' lang='lat' dir='ltr'><strong>viribus</strong></span> <span class='ocrx_word' id='word_1_45' title='bbox 1638 580 1774 650; x_wconf 80' lang='lat' dir='ltr'><strong>grati</strong></span> <span class='ocrx_word' id='word_1_46' title='bbox 1807 578 1904 651; x_wconf 84' lang='grc' dir='ltr'>[αι.</span> <span class='ocrx_word' id='word_1_47' title='bbox 1928 587 2080 651; x_wconf 87' lang='lat' dir='ltr'><strong>grato</strong></span> 
     </span>
    </p>
   </div>
   <div class='ocr_carea' id='block_1_8' title="bbox 526 664 2080 741">
    <p class='ocr_par' dir='ltr' id='par_1_8' title="bbox 526 664 2080 741">
     <span class='ocr_line' id='line_1_8' title="bbox 526 664 2080 741; baseline 0.003 -21"><span class='ocrx_word' id='word_1_48' title='bbox 526 664 730 738; x_wconf 86' lang='lat' dir='ltr'><strong>animo]</strong></span> <span class='ocrx_word' id='word_1_49' title='bbox 765 668 1162 737; x_wconf 88' lang='lat' dir='ltr'><strong>persolvamus,</strong></span> <span class='ocrx_word' id='word_1_50' title='bbox 1196 670 1476 725; x_wconf 74' lang='lat' dir='ltr'><strong>dicentes:</strong></span> <span class='ocrx_word' id='word_1_51' title='bbox 1511 670 1616 725; x_wconf 90' lang='lat' dir='ltr'><strong>Ave</strong></span> <span class='ocrx_word' id='word_1_52' title='bbox 1644 686 1707 725; x_wconf 91' lang='lat' dir='ltr'><strong>ac</strong></span> <span class='ocrx_word' id='word_1_53' title='bbox 1738 669 1933 741; x_wconf 90' lang='lat' dir='ltr'><strong>gaude,</strong></span> <span class='ocrx_word' id='word_1_54' title='bbox 1956 686 2080 740; x_wconf 83' lang='lat' dir='ltr'><strong>gra-</strong></span> 
     </span>
    </p>
   </div>
   <div class='ocr_carea' id='block_1_9' title="bbox 526 759 2080 829">
    <p class='ocr_par' dir='ltr' id='par_1_9' title="bbox 526 759 2080 829">
     <span class='ocr_line' id='line_1_9' title="bbox 526 759 2080 829; baseline 0.003 -15"><span class='ocrx_word' id='word_1_55' title='bbox 526 761 601 814; x_wconf 87' lang='lat' dir='ltr'><strong>tia</strong></span> <span class='ocrx_word' id='word_1_56' title='bbox 646 759 837 829; x_wconf 75' lang='lat' dir='ltr'><strong>plena,</strong></span> <span class='ocrx_word' id='word_1_57' title='bbox 886 760 1140 816; x_wconf 84' lang='lat' dir='ltr'><strong>Dominus</strong></span> <span class='ocrx_word' id='word_1_58' title='bbox 1184 771 1370 816; x_wconf 81' lang='lat' dir='ltr'><strong>tecum.</strong></span> <span class='ocrx_word' id='word_1_59' title='bbox 1440 761 1615 817; x_wconf 87' lang='lat' dir='ltr'><strong>Tuum</strong></span> <span class='ocrx_word' id='word_1_60' title='bbox 1658 763 1803 818; x_wconf 91' lang='lat' dir='ltr'><strong>enim</strong></span> <span class='ocrx_word' id='word_1_61' title='bbox 1845 777 1969 817; x_wconf 87' lang='lat' dir='ltr'><strong>vere</strong></span> <span class='ocrx_word' id='word_1_62' title='bbox 1997 771 2080 818; x_wconf 84' lang='lat' dir='ltr'><strong>est</strong></span> 
     </span>
    </p>
   </div>
   <div class='ocr_carea' id='block_1_10' title="bbox 523 853 2077 925">
    <p class='ocr_par' dir='ltr' id='par_1_10' title="bbox 523 853 2077 925">
     <span class='ocr_line' id='line_1_10' title="bbox 523 853 2077 925; baseline 0.001 -19"><span class='ocrx_word' id='word_1_63' title='bbox 523 865 683 908; x_wconf 81' lang='lat' dir='ltr'><strong>avere</strong></span> <span class='ocrx_word' id='word_1_64' title='bbox 739 861 903 924; x_wconf 91' lang='lat' dir='ltr'><strong>atque</strong></span> <span class='ocrx_word' id='word_1_65' title='bbox 942 853 1203 922; x_wconf 76' lang='lat' dir='ltr'><strong>gaudere;</strong></span> <span class='ocrx_word' id='word_1_66' title='bbox 1242 854 1498 925; x_wconf 88' lang='lat' dir='ltr'><strong>quoniam</strong></span> <span class='ocrx_word' id='word_1_67' title='bbox 1535 862 1712 911; x_wconf 82' lang='lat' dir='ltr'><strong>tecum</strong></span> <span class='ocrx_word' id='word_1_68' title='bbox 1743 853 1929 910; x_wconf 89' lang='lat' dir='ltr'><strong>divina</strong></span> <span class='ocrx_word' id='word_1_69' title='bbox 1951 869 2077 921; x_wconf 77' lang='lat' dir='ltr'><strong>gra-</strong></span> 
     </span>
    </p>
   </div>
   <div class='ocr_carea' id='block_1_11' title="bbox 524 941 2078 1017">
    <p class='ocr_par' dir='ltr' id='par_1_11' title="bbox 524 941 2078 1017">
     <span class='ocr_line' id='line_1_11' title="bbox 524 941 2078 1017; baseline 0.003 -22"><span class='ocrx_word' id='word_1_70' title='bbox 524 941 623 1008; x_wconf 86' lang='lat' dir='ltr'><strong>tia,</strong></span> <span class='ocrx_word' id='word_1_71' title='bbox 656 951 716 997; x_wconf 89' lang='lat' dir='ltr'><strong>ut</strong></span> <span class='ocrx_word' id='word_1_72' title='bbox 744 944 916 1008; x_wconf 89' lang='lat' dir='ltr'><strong>novit,</strong></span> <span class='ocrx_word' id='word_1_73' title='bbox 939 944 1322 1001; x_wconf 82' lang='lat' dir='ltr'><strong>habitationem</strong></span> <span class='ocrx_word' id='word_1_74' title='bbox 1355 945 1545 1017; x_wconf 91' lang='lat' dir='ltr'><strong>elegit;</strong></span> <span class='ocrx_word' id='word_1_75' title='bbox 1573 962 1698 1001; x_wconf 91' lang='lat' dir='ltr'><strong>cum</strong></span> <span class='ocrx_word' id='word_1_76' title='bbox 1725 946 1941 1011; x_wconf 83' lang='lat' dir='ltr'><strong>ancilla,</strong></span> <span class='ocrx_word' id='word_1_77' title='bbox 1965 944 2078 1000; x_wconf 73' lang='lat' dir='ltr'><strong>Rex</strong></span> 
     </span>
    </p>
   </div>
   <div class='ocr_carea' id='block_1_12' title="bbox 527 1033 2077 1107">
    <p class='ocr_par' dir='ltr' id='par_1_12' title="bbox 527 1033 2077 1107">
     <span class='ocr_line' id='line_1_12' title="bbox 527 1033 2077 1107; baseline 0.002 -20"><span class='ocrx_word' id='word_1_78' title='bbox 527 1033 710 1105; x_wconf 66' lang='lat' dir='ltr'><strong>gloria:</strong></span> <span class='ocrx_word' id='word_1_79' title='bbox 741 1052 753 1088; x_wconf 90' lang='lat'><strong>:</strong></span> <span class='ocrx_word' id='word_1_80' title='bbox 786 1050 908 1090; x_wconf 89' lang='lat' dir='ltr'><strong>cum</strong></span> <span class='ocrx_word' id='word_1_81' title='bbox 958 1035 1236 1105; x_wconf 87' lang='lat' dir='ltr'><strong>speciosa,</strong></span> <span class='ocrx_word' id='word_1_82' title='bbox 1290 1038 1549 1107; x_wconf 74' lang='lat' dir='ltr'><strong>speciosus</strong></span> <span class='ocrx_word' id='word_1_83' title='bbox 1597 1036 1772 1107; x_wconf 78' lang='lat' dir='ltr'><strong>[arma</strong></span> <span class='ocrx_word' id='word_1_84' title='bbox 1816 1053 1925 1107; x_wconf 69' lang='lat' dir='ltr'><strong>prta</strong></span> <span class='ocrx_word' id='word_1_85' title='bbox 1948 1035 2077 1107; x_wconf 84' lang='lat' dir='ltr'><strong>ﬁliis</strong></span> 
     </span>
    </p>
   </div>
   <div class='ocr_carea' id='block_1_13' title="bbox 525 1123 2076 1199">
    <p class='ocr_par' dir='ltr' id='par_1_13' title="bbox 525 1123 2076 1199">
     <span class='ocr_line' id='line_1_13' title="bbox 525 1123 2076 1199; baseline 0.006 -24"><span class='ocrx_word' id='word_1_86' title='bbox 525 1123 793 1177; x_wconf 83' lang='lat' dir='ltr'><strong>hominum</strong></span> <span class='ocrx_word' id='word_1_87' title='bbox 817 1123 899 1190; x_wconf 82' lang='grc'><strong>⁸⁸;</strong></span> <span class='ocrx_word' id='word_1_88' title='bbox 935 1140 1059 1180; x_wconf 92' lang='lat' dir='ltr'><strong>cum</strong></span> <span class='ocrx_word' id='word_1_89' title='bbox 1093 1126 1392 1197; x_wconf 84' lang='lat' dir='ltr'><strong>impolluta,</strong></span> <span class='ocrx_word' id='word_1_90' title='bbox 1414 1129 1503 1199; x_wconf 91' lang='lat' dir='ltr'><strong>qui</strong></span> <span class='ocrx_word' id='word_1_91' title='bbox 1527 1128 1832 1184; x_wconf 80' lang='lat' dir='ltr'><strong>sanctificat</strong></span> <span class='ocrx_word' id='word_1_92' title='bbox 1855 1129 2076 1184; x_wconf 89' lang='lat' dir='ltr'><strong>univer-</strong></span> 
     </span>
    </p>
   </div>
   <div class='ocr_carea' id='block_1_14' title="bbox 527 1213 2075 1291">
    <p class='ocr_par' dir='ltr' id='par_1_14' title="bbox 527 1213 2075 1291">
     <span class='ocr_line' id='line_1_14' title="bbox 527 1213 2075 1291; baseline 0.005 -22"><span class='ocrx_word' id='word_1_93' title='bbox 527 1230 609 1269; x_wconf 89' lang='lat' dir='ltr'><strong>sa.</strong></span> <span class='ocrx_word' id='word_1_94' title='bbox 637 1213 837 1271; x_wconf 89' lang='lat' dir='ltr'><strong>Tecum</strong></span> <span class='ocrx_word' id='word_1_95' title='bbox 868 1215 1030 1282; x_wconf 90' lang='lat' dir='ltr'><strong>Deus,</strong></span> <span class='ocrx_word' id='word_1_96' title='bbox 1066 1225 1119 1273; x_wconf 91' lang='lat' dir='ltr'><strong>et</strong></span> <span class='ocrx_word' id='word_1_97' title='bbox 1140 1233 1205 1273; x_wconf 76' lang='lat' dir='ltr'><strong>ex</strong></span> <span class='ocrx_word' id='word_1_98' title='bbox 1232 1229 1283 1275; x_wconf 87' lang='lat' dir='ltr'><strong>te</strong></span> <span class='ocrx_word' id='word_1_99' title='bbox 1312 1217 1481 1285; x_wconf 86' lang='lat' dir='ltr'><strong>Deus,</strong></span> <span class='ocrx_word' id='word_1_100' title='bbox 1510 1236 1575 1277; x_wconf 91' lang='lat' dir='ltr'><strong>ac</strong></span> <span class='ocrx_word' id='word_1_101' title='bbox 1596 1220 1866 1291; x_wconf 86' lang='lat' dir='ltr'><strong>perfectus</strong></span> <span class='ocrx_word' id='word_1_102' title='bbox 1891 1221 2075 1288; x_wconf 91' lang='lat' dir='ltr'><strong>homo,</strong></span> 
     </span>
    </p>
   </div>
   <div class='ocr_carea' id='block_1_15' title="bbox 526 1306 2070 1381">
    <p class='ocr_par' dir='ltr' id='par_1_15' title="bbox 526 1306 2070 1381">
     <span class='ocr_line' id='line_1_15' title="bbox 526 1306 2070 1381; baseline 0.005 -20"><span class='ocrx_word' id='word_1_103' title='bbox 526 1306 581 1362; x_wconf 90' lang='lat' dir='ltr'><strong>in</strong></span> <span class='ocrx_word' id='word_1_104' title='bbox 626 1323 732 1378; x_wconf 91' lang='lat' dir='ltr'><strong>quo</strong></span> <span class='ocrx_word' id='word_1_105' title='bbox 752 1310 929 1366; x_wconf 90' lang='lat' dir='ltr'><strong>omnis</strong></span> <span class='ocrx_word' id='word_1_106' title='bbox 970 1311 1247 1381; x_wconf 85' lang='lat' dir='ltr'><strong>plenitudo</strong></span> <span class='ocrx_word' id='word_1_107' title='bbox 1288 1312 1585 1369; x_wconf 84' lang='lat' dir='ltr'><strong>divinitatis</strong></span> <span class='ocrx_word' id='word_1_108' title='bbox 1615 1314 1899 1370; x_wconf 85' lang='lat' dir='ltr'><strong>inhabitat.</strong></span> <span class='ocrx_word' id='word_1_109' title='bbox 1944 1315 2070 1378; x_wconf 82' lang='lat' dir='ltr'><strong>Ave,</strong></span> 
     </span>
    </p>
   </div>
   <div class='ocr_carea' id='block_1_16' title="bbox 526 1403 2080 1478">
    <p class='ocr_par' dir='ltr' id='par_1_16' title="bbox 526 1403 2080 1478">
     <span class='ocr_line' id='line_1_16' title="bbox 526 1403 2080 1478; baseline 0.005 -24"><span class='ocrx_word' id='word_1_110' title='bbox 526 1403 700 1473; x_wconf 86' lang='lat' dir='ltr'><strong>gratia</strong></span> <span class='ocrx_word' id='word_1_111' title='bbox 726 1403 881 1473; x_wconf 79' lang='lat' dir='ltr'><strong>plena</strong></span> <span class='ocrx_word' id='word_1_112' title='bbox 901 1446 915 1469; x_wconf 91' lang='lat'><strong>,</strong></span> <span class='ocrx_word' id='word_1_113' title='bbox 951 1403 1073 1460; x_wconf 90' lang='lat' dir='ltr'><strong>fons</strong></span> <span class='ocrx_word' id='word_1_114' title='bbox 1099 1405 1235 1461; x_wconf 91' lang='lat' dir='ltr'><strong>lucis</strong></span> <span class='ocrx_word' id='word_1_115' title='bbox 1258 1447 1275 1473; x_wconf 93' lang='lat'><strong>,</strong></span> <span class='ocrx_word' id='word_1_116' title='bbox 1297 1407 1389 1477; x_wconf 88' lang='lat' dir='ltr'><strong>qui</strong></span> <span class='ocrx_word' id='word_1_117' title='bbox 1414 1416 1639 1463; x_wconf 90' lang='lat' dir='ltr'><strong>cunctos</strong></span> <span class='ocrx_word' id='word_1_118' title='bbox 1669 1409 1721 1462; x_wconf 94' lang='lat' dir='ltr'><strong>in</strong></span> <span class='ocrx_word' id='word_1_119' title='bbox 1757 1408 1930 1478; x_wconf 91' lang='lat' dir='ltr'><strong>ipsum</strong></span> <span class='ocrx_word' id='word_1_120' title='bbox 1963 1423 2080 1464; x_wconf 92' lang='lat' dir='ltr'><strong>crc-</strong></span> 
     </span>
    </p>
   </div>
   <div class='ocr_carea' id='block_1_17' title="bbox 508 1493 2079 1570">
    <p class='ocr_par' dir='ltr' id='par_1_17' title="bbox 508 1493 2079 1570">
     <span class='ocr_line' id='line_1_17' title="bbox 508 1493 2079 1570; baseline 0.003 -20"><span class='ocrx_word' id='word_1_121' title='bbox 508 1493 712 1551; x_wconf 78' lang='lat' dir='ltr'><strong>&#39;dentes</strong></span> <span class='ocrx_word' id='word_1_122' title='bbox 739 1494 1025 1554; x_wconf 86' lang='lat' dir='ltr'><strong>illuminat.</strong></span> <span class='ocrx_word' id='word_1_123' title='bbox 1062 1497 1183 1566; x_wconf 84' lang='lat' dir='ltr'><strong>Ave,</strong></span> <span class='ocrx_word' id='word_1_124' title='bbox 1216 1499 1392 1570; x_wconf 84' lang='lat' dir='ltr'><strong>gratia</strong></span> <span class='ocrx_word' id='word_1_125' title='bbox 1415 1498 1589 1569; x_wconf 80' lang='lat' dir='ltr'><strong>plena,</strong></span> <span class='ocrx_word' id='word_1_126' title='bbox 1615 1499 1966 1570; x_wconf 89' lang='lat' dir='ltr'><strong>intelligibilis</strong></span> <span class='ocrx_word' id='word_1_127' title='bbox 1990 1513 2079 1555; x_wconf 86' lang='lat' dir='ltr'><strong>so-</strong></span> 
     </span>
    </p>
   </div>
   <div class='ocr_carea' id='block_1_18' title="bbox 525 1584 2078 1664">
    <p class='ocr_par' dir='ltr' id='par_1_18' title="bbox 525 1584 2078 1664">
     <span class='ocr_line' id='line_1_18' title="bbox 525 1584 2078 1664; baseline 0.004 -24"><span class='ocrx_word' id='word_1_128' title='bbox 525 1584 595 1642; x_wconf 86' lang='lat' dir='ltr'><strong>lis</strong></span> <span class='ocrx_word' id='word_1_129' title='bbox 618 1587 799 1643; x_wconf 88' lang='lat' dir='ltr'><strong>oriens</strong></span> <span class='ocrx_word' id='word_1_130' title='bbox 834 1586 931 1661; x_wconf 85' lang='grc' dir='ltr'>[αι.</span> <span class='ocrx_word' id='word_1_131' title='bbox 963 1589 1094 1645; x_wconf 87' lang='lat' dir='ltr'><strong>solis</strong></span> <span class='ocrx_word' id='word_1_132' title='bbox 1112 1590 1336 1661; x_wconf 71' lang='lat' dir='ltr'><strong>iustitiae</strong></span> <span class='ocrx_word' id='word_1_133' title='bbox 1365 1590 1605 1664; x_wconf 88' lang='lat' dir='ltr'><strong>oriens],</strong></span> <span class='ocrx_word' id='word_1_134' title='bbox 1625 1600 1680 1647; x_wconf 91' lang='lat' dir='ltr'><strong>et</strong></span> <span class='ocrx_word' id='word_1_135' title='bbox 1708 1591 1807 1649; x_wconf 85' lang='lat' dir='ltr'><strong>llos</strong></span> <span class='ocrx_word' id='word_1_136' title='bbox 1831 1593 1953 1647; x_wconf 64' lang='lat' dir='ltr'><strong>vitae</strong></span> <span class='ocrx_word' id='word_1_137' title='bbox 1974 1592 2078 1646; x_wconf 81' lang='lat' dir='ltr'><strong>im-</strong></span> 
     </span>
    </p>
   </div>
   <div class='ocr_carea' id='block_1_19' title="bbox 527 1675 2081 1752">
    <p class='ocr_par' dir='ltr' id='par_1_19' title="bbox 527 1675 2081 1752">
     <span class='ocr_line' id='line_1_19' title="bbox 527 1675 2081 1752; baseline 0.004 -22"><span class='ocrx_word' id='word_1_138' title='bbox 527 1675 849 1733; x_wconf 86' lang='lat' dir='ltr'><strong>maculatus.</strong></span> <span class='ocrx_word' id='word_1_139' title='bbox 908 1675 1031 1745; x_wconf 89' lang='lat' dir='ltr'><strong>Ave,</strong></span> <span class='ocrx_word' id='word_1_140' title='bbox 1060 1682 1234 1750; x_wconf 88' lang='lat' dir='ltr'><strong>gratia</strong></span> <span class='ocrx_word' id='word_1_141' title='bbox 1263 1680 1417 1751; x_wconf 84' lang='lat' dir='ltr'><strong>plena</strong></span> <span class='ocrx_word' id='word_1_142' title='bbox 1436 1722 1452 1747; x_wconf 92' lang='lat'><strong>,</strong></span> <span class='ocrx_word' id='word_1_143' title='bbox 1478 1690 1690 1751; x_wconf 85' lang='lat' dir='ltr'><strong>pratum</strong></span> <span class='ocrx_word' id='word_1_144' title='bbox 1713 1679 2081 1752; x_wconf 81' lang='lat' dir='ltr'><strong>fragrantissi-</strong></span> 
     </span>
    </p>
   </div>
   <div class='ocr_carea' id='block_1_20' title="bbox 526 1744 2153 1844">
    <p class='ocr_par' dir='ltr' id='par_1_20' title="bbox 526 1744 2153 1844">
     <span class='ocr_line' id='line_1_20' title="bbox 526 1744 2153 1844; baseline 0.004 -23"><span class='ocrx_word' id='word_1_145' title='bbox 526 1781 699 1823; x_wconf 87' lang='lat' dir='ltr'><strong>mum.</strong></span> <span class='ocrx_word' id='word_1_146' title='bbox 729 1768 855 1836; x_wconf 89' lang='lat' dir='ltr'><strong>Ave,</strong></span> <span class='ocrx_word' id='word_1_147' title='bbox 879 1744 1278 1841; x_wconf 37' lang='lat' dir='ltr'><strong>gratiavplena,</strong></span> <span class='ocrx_word' id='word_1_148' title='bbox 1319 1744 1447 1828; x_wconf 84' lang='lat' dir='ltr'><strong>vitis</strong></span> <span class='ocrx_word' id='word_1_149' title='bbox 1473 1744 1684 1841; x_wconf 77' lang='lat' dir='ltr'><strong>semper</strong></span> <span class='ocrx_word' id='word_1_150' title='bbox 1707 1744 1926 1844; x_wconf 70' lang='lat' dir='ltr'><strong>vigens;</strong></span> <span class='ocrx_word' id='word_1_151' title='bbox 1960 1786 2082 1843; x_wconf 74' lang='lat' dir='ltr'><strong>qua:</strong></span> <span class='ocrx_word' id='word_1_152' title='bbox 2110 1744 2153 1801; x_wconf 75' lang='grc' dir='ltr'><strong>Β</strong></span> 
     </span>
    </p>
   </div>
   <div class='ocr_carea' id='block_1_21' title="bbox 525 1857 2080 1931">
    <p class='ocr_par' dir='ltr' id='par_1_21' title="bbox 525 1857 2080 1931">
     <span class='ocr_line' id='line_1_21' title="bbox 525 1857 2080 1931; baseline 0.004 -20"><span class='ocrx_word' id='word_1_153' title='bbox 525 1857 737 1914; x_wconf 87' lang='lat' dir='ltr'><strong>animas</strong></span> <span class='ocrx_word' id='word_1_154' title='bbox 759 1859 1167 1929; x_wconf 82' lang='lat' dir='ltr'><strong>gloriﬁcantium</strong></span> <span class='ocrx_word' id='word_1_155' title='bbox 1201 1870 1253 1916; x_wconf 89' lang='lat' dir='ltr'><strong>te</strong></span> <span class='ocrx_word' id='word_1_156' title='bbox 1275 1861 1535 1917; x_wconf 63' lang='lat' dir='ltr'><strong>laetificas.</strong></span> <span class='ocrx_word' id='word_1_157' title='bbox 1562 1862 1691 1926; x_wconf 83' lang='lat' dir='ltr'><strong>Ave,</strong></span> <span class='ocrx_word' id='word_1_158' title='bbox 1717 1863 1890 1931; x_wconf 85' lang='lat' dir='ltr'><strong>gratia</strong></span> <span class='ocrx_word' id='word_1_159' title='bbox 1906 1860 2080 1931; x_wconf 80' lang='lat' dir='ltr'><strong>plena,</strong></span> 
     </span>
    </p>
   </div>
   <div class='ocr_carea' id='block_1_22' title="bbox 456 1949 2079 2023">
    <p class='ocr_par' dir='ltr' id='par_1_22' title="bbox 456 1949 2079 2023">
     <span class='ocr_line' id='line_1_22' title="bbox 456 1949 2079 2023; baseline 0.004 -22"><span class='ocrx_word' id='word_1_160' title='bbox 456 1966 463 1969; x_wconf 94' lang='grc'>·</span> <span class='ocrx_word' id='word_1_161' title='bbox 527 1963 658 2021; x_wconf 83' lang='lat' dir='ltr'><strong>ager</strong></span> <span class='ocrx_word' id='word_1_162' title='bbox 678 1949 770 2021; x_wconf 90' lang='lat' dir='ltr'><strong>qui</strong></span> <span class='ocrx_word' id='word_1_163' title='bbox 795 1965 900 2005; x_wconf 90' lang='lat' dir='ltr'><strong>non</strong></span> <span class='ocrx_word' id='word_1_164' title='bbox 923 1959 1175 2006; x_wconf 79' lang='lat' dir='ltr'><strong>exaratus</strong></span> <span class='ocrx_word' id='word_1_165' title='bbox 1199 1950 1408 2007; x_wconf 88' lang='lat' dir='ltr'><strong>fructus</strong></span> <span class='ocrx_word' id='word_1_166' title='bbox 1431 1951 1632 2023; x_wconf 82' lang='lat' dir='ltr'><strong>profert</strong></span> <span class='ocrx_word' id='word_1_167' title='bbox 1654 1952 2079 2022; x_wconf 87' lang='lat' dir='ltr'><strong>pulcherrimos:</strong></span> 
     </span>
    </p>
   </div>
   <div class='ocr_carea' id='block_1_23' title="bbox 529 2041 2081 2116">
    <p class='ocr_par' dir='ltr' id='par_1_23' title="bbox 529 2041 2081 2116">
     <span class='ocr_line' id='line_1_23' title="bbox 529 2041 2081 2116; baseline 0.003 -21"><span class='ocrx_word' id='word_1_168' title='bbox 529 2041 829 2096; x_wconf 87' lang='lat' dir='ltr'><strong>secundum</strong></span> <span class='ocrx_word' id='word_1_169' title='bbox 863 2052 1113 2098; x_wconf 86' lang='lat' dir='ltr'><strong>naturam</strong></span> <span class='ocrx_word' id='word_1_170' title='bbox 1146 2043 1385 2114; x_wconf 88' lang='lat' dir='ltr'><strong>quidem,</strong></span> <span class='ocrx_word' id='word_1_171' title='bbox 1417 2060 1484 2099; x_wconf 94' lang='lat' dir='ltr'><strong>eo</strong></span> <span class='ocrx_word' id='word_1_172' title='bbox 1513 2045 1658 2116; x_wconf 88' lang='lat' dir='ltr'><strong>quod</strong></span> <span class='ocrx_word' id='word_1_173' title='bbox 1689 2060 1839 2101; x_wconf 90' lang='lat' dir='ltr'><strong>more</strong></span> <span class='ocrx_word' id='word_1_174' title='bbox 1869 2053 2081 2112; x_wconf 91' lang='lat' dir='ltr'><strong>nostro,</strong></span> 
     </span>
    </p>
   </div>
   <div class='ocr_carea' id='block_1_24' title="bbox 524 2138 2085 2213">
    <p class='ocr_par' dir='ltr' id='par_1_24' title="bbox 524 2138 2085 2213">
     <span class='ocr_line' id='line_1_24' title="bbox 524 2138 2085 2213; baseline 0.004 -26"><span class='ocrx_word' id='word_1_175' title='bbox 524 2142 579 2188; x_wconf 91' lang='lat' dir='ltr'><strong>et</strong></span> <span class='ocrx_word' id='word_1_176' title='bbox 608 2142 847 2204; x_wconf 88' lang='lat' dir='ltr'><strong>tempore</strong></span> <span class='ocrx_word' id='word_1_177' title='bbox 876 2144 1054 2191; x_wconf 89' lang='lat' dir='ltr'><strong>motus</strong></span> <span class='ocrx_word' id='word_1_178' title='bbox 1142 2138 1566 2207; x_wconf 88' lang='lat' dir='ltr'><strong>gestationisque</strong></span> <span class='ocrx_word' id='word_1_179' title='bbox 1612 2145 1825 2193; x_wconf 76' lang='lat' dir='ltr'><strong>servato</strong></span> <span class='ocrx_word' id='word_1_180' title='bbox 1859 2138 2085 2213; x_wconf 83' lang='lat' dir='ltr'><strong>protuli-</strong></span> 
     </span>
    </p>
   </div>
   <div class='ocr_carea' id='block_1_25' title="bbox 526 2224 2084 2300">
    <p class='ocr_par' dir='ltr' id='par_1_25' title="bbox 526 2224 2084 2300">
     <span class='ocr_line' id='line_1_25' title="bbox 526 2224 2084 2300; baseline 0.005 -22"><span class='ocrx_word' id='word_1_181' title='bbox 526 2224 628 2291; x_wconf 86' lang='lat' dir='ltr'><strong>sti;</strong></span> <span class='ocrx_word' id='word_1_182' title='bbox 661 2234 715 2279; x_wconf 90' lang='lat' dir='ltr'><strong>at</strong></span> <span class='ocrx_word' id='word_1_183' title='bbox 737 2234 930 2295; x_wconf 65' lang='lat' dir='ltr'><strong>praeter</strong></span> <span class='ocrx_word' id='word_1_184' title='bbox 961 2235 1233 2291; x_wconf 90' lang='lat' dir='ltr'><strong>naturam,</strong></span> <span class='ocrx_word' id='word_1_185' title='bbox 1259 2238 1354 2284; x_wconf 92' lang='lat' dir='ltr'><strong>aut</strong></span> <span class='ocrx_word' id='word_1_186' title='bbox 1376 2229 1554 2299; x_wconf 83' lang='lat' dir='ltr'><strong>potius</strong></span> <span class='ocrx_word' id='word_1_187' title='bbox 1595 2242 1760 2300; x_wconf 80' lang='lat' dir='ltr'><strong>supra</strong></span> <span class='ocrx_word' id='word_1_188' title='bbox 1807 2239 2084 2297; x_wconf 79' lang='lat' dir='ltr'><strong>naturam,</strong></span> 
     </span>
    </p>
   </div>
   <div class='ocr_carea' id='block_1_26' title="bbox 526 2314 2087 2384">
    <p class='ocr_par' dir='ltr' id='par_1_26' title="bbox 526 2314 2087 2384">
     <span class='ocr_line' id='line_1_26' title="bbox 526 2314 2087 2384; baseline 0.007 -18"><span class='ocrx_word' id='word_1_189' title='bbox 526 2314 654 2383; x_wconf 88' lang='lat' dir='ltr'><strong>quia</strong></span> <span class='ocrx_word' id='word_1_190' title='bbox 689 2330 919 2384; x_wconf 83' lang='lat' dir='ltr'><strong>superne</strong></span> <span class='ocrx_word' id='word_1_191' title='bbox 961 2316 1201 2372; x_wconf 89' lang='lat' dir='ltr'><strong>divinum</strong></span> <span class='ocrx_word' id='word_1_192' title='bbox 1235 2318 1472 2374; x_wconf 86' lang='lat' dir='ltr'><strong>Verbum</strong></span> <span class='ocrx_word' id='word_1_193' title='bbox 1500 2319 1751 2384; x_wconf 86' lang='lat' dir='ltr'><strong>advenit,</strong></span> <span class='ocrx_word' id='word_1_194' title='bbox 1801 2328 1855 2375; x_wconf 87' lang='lat' dir='ltr'><strong>et</strong></span> <span class='ocrx_word' id='word_1_195' title='bbox 1878 2320 1931 2375; x_wconf 89' lang='lat' dir='ltr'><strong>in</strong></span> <span class='ocrx_word' id='word_1_196' title='bbox 1961 2335 2087 2377; x_wconf 79' lang='lat' dir='ltr'><strong>san-</strong></span> 
     </span>
    </p>
   </div>
   <div class='ocr_carea' id='block_1_27' title="bbox 526 2407 2082 2477">
    <p class='ocr_par' dir='ltr' id='par_1_27' title="bbox 526 2407 2082 2477">
     <span class='ocr_line' id='line_1_27' title="bbox 526 2407 2082 2477; baseline 0.004 -17"><span class='ocrx_word' id='word_1_197' title='bbox 526 2413 614 2460; x_wconf 88' lang='lat' dir='ltr'><strong>cto</strong></span> <span class='ocrx_word' id='word_1_198' title='bbox 646 2415 739 2460; x_wconf 93' lang='lat' dir='ltr'><strong>tuo</strong></span> <span class='ocrx_word' id='word_1_199' title='bbox 768 2416 921 2461; x_wconf 86' lang='lat' dir='ltr'><strong>utero</strong></span> <span class='ocrx_word' id='word_1_200' title='bbox 948 2407 1213 2463; x_wconf 89' lang='lat' dir='ltr'><strong>Adamum</strong></span> <span class='ocrx_word' id='word_1_201' title='bbox 1241 2408 1576 2477; x_wconf 78' lang='lat' dir='ltr'><strong>reformavit,</strong></span> <span class='ocrx_word' id='word_1_202' title='bbox 1610 2426 1674 2467; x_wconf 87' lang='lat' dir='ltr'><strong>ac</strong></span> <span class='ocrx_word' id='word_1_203' title='bbox 1700 2409 2082 2469; x_wconf 80' lang='lat' dir='ltr'><strong>fecunditatem</strong></span> 
     </span>
    </p>
   </div>
   <div class='ocr_carea' id='block_1_28' title="bbox 529 2496 2083 2577">
    <p class='ocr_par' dir='ltr' id='par_1_28' title="bbox 529 2496 2083 2577">
     <span class='ocr_line' id='line_1_28' title="bbox 529 2496 2083 2577; baseline 0.007 -27"><span class='ocrx_word' id='word_1_204' title='bbox 529 2496 748 2567; x_wconf 84' lang='lat' dir='ltr'><strong>quidem</strong></span> <span class='ocrx_word' id='word_1_205' title='bbox 797 2498 1031 2568; x_wconf 89' lang='lat' dir='ltr'><strong>Spiritus</strong></span> <span class='ocrx_word' id='word_1_206' title='bbox 1077 2510 1300 2558; x_wconf 79' lang='lat' dir='ltr'><strong>sanctus</strong></span> <span class='ocrx_word' id='word_1_207' title='bbox 1330 2512 1531 2559; x_wconf 73' lang='lat' dir='ltr'><strong>sancta:</strong></span> <span class='ocrx_word' id='word_1_208' title='bbox 1560 2501 1768 2577; x_wconf 83' lang='lat' dir='ltr'><strong>Virgini</strong></span> <span class='ocrx_word' id='word_1_209' title='bbox 1820 2506 2083 2575; x_wconf 67' lang='lat' dir='ltr'><strong>praebuit;</strong></span> 
     </span>
    </p>
   </div>
   <div class='ocr_carea' id='block_1_29' title="bbox 529 2594 2082 2680">
    <p class='ocr_par' dir='ltr' id='par_1_29' title="bbox 529 2594 2082 2680">
     <span class='ocr_line' id='line_1_29' title="bbox 529 2594 2082 2680; baseline 0.005 -36"><span class='ocrx_word' id='word_1_210' title='bbox 529 2605 716 2645; x_wconf 89' lang='lat' dir='ltr'><strong>verum</strong></span> <span class='ocrx_word' id='word_1_211' title='bbox 764 2601 944 2648; x_wconf 89' lang='lat' dir='ltr'><strong>autem</strong></span> <span class='ocrx_word' id='word_1_212' title='bbox 988 2608 1188 2663; x_wconf 87' lang='lat' dir='ltr'><strong>corpus</strong></span> <span class='ocrx_word' id='word_1_213' title='bbox 1234 2609 1300 2650; x_wconf 79' lang='lat' dir='ltr'><strong>ex</strong></span> <span class='ocrx_word' id='word_1_214' title='bbox 1342 2594 1460 2664; x_wconf 86' lang='lat' dir='ltr'><strong>ejus</strong></span> <span class='ocrx_word' id='word_1_215' title='bbox 1486 2610 1710 2666; x_wconf 90' lang='lat' dir='ltr'><strong>corpore</strong></span> <span class='ocrx_word' id='word_1_216' title='bbox 1745 2606 2082 2680; x_wconf 73' lang='lat' dir='ltr'><strong>assumptum</strong></span> 
     </span>
    </p>
   </div>
   <div class='ocr_carea' id='block_1_30' title="bbox 525 2681 2084 2758">
    <p class='ocr_par' dir='ltr' id='par_1_30' title="bbox 525 2681 2084 2758">
     <span class='ocr_line' id='line_1_30' title="bbox 525 2681 2084 2758; baseline 0.006 -21"><span class='ocrx_word' id='word_1_217' title='bbox 525 2689 631 2738; x_wconf 87' lang='lat' dir='ltr'><strong>est.</strong></span> <span class='ocrx_word' id='word_1_218' title='bbox 691 2681 759 2738; x_wconf 87' lang='lat' dir='ltr'><strong>Et</strong></span> <span class='ocrx_word' id='word_1_219' title='bbox 786 2684 929 2739; x_wconf 89' lang='lat' dir='ltr'><strong>sicut</strong></span> <span class='ocrx_word' id='word_1_220' title='bbox 957 2686 1248 2756; x_wconf 86' lang='lat' dir='ltr'><strong>margarita</strong></span> <span class='ocrx_word' id='word_1_221' title='bbox 1274 2686 1387 2758; x_wconf 86' lang='lat' dir='ltr'><strong>(ll)</strong></span> <span class='ocrx_word' id='word_1_222' title='bbox 1412 2702 1479 2743; x_wconf 81' lang='lat' dir='ltr'><strong>ex</strong></span> <span class='ocrx_word' id='word_1_223' title='bbox 1500 2688 1710 2745; x_wconf 87' lang='lat' dir='ltr'><strong>duabus</strong></span> <span class='ocrx_word' id='word_1_224' title='bbox 1732 2690 1942 2746; x_wconf 88' lang='lat' dir='ltr'><strong>naturis</strong></span> <span class='ocrx_word' id='word_1_225' title='bbox 1966 2732 1981 2757; x_wconf 95' lang='lat'><strong>,</strong></span> <span class='ocrx_word' id='word_1_226' title='bbox 2018 2705 2084 2746; x_wconf 79' lang='lat' dir='ltr'><strong>ex</strong></span> 
     </span>
    </p>
   </div>
   <div class='ocr_carea' id='block_1_31' title="bbox 528 2766 2086 2852">
    <p class='ocr_par' dir='ltr' id='par_1_31' title="bbox 528 2766 2086 2852">
     <span class='ocr_line' id='line_1_31' title="bbox 528 2766 2086 2852; baseline 0.007 -25"><span class='ocrx_word' id='word_1_227' title='bbox 528 2766 742 2847; x_wconf 77' lang='lat' dir='ltr'><strong>fulgure</strong></span> <span class='ocrx_word' id='word_1_228' title='bbox 770 2775 1026 2832; x_wconf 88' lang='lat' dir='ltr'><strong>nimirum</strong></span> <span class='ocrx_word' id='word_1_229' title='bbox 1056 2788 1107 2834; x_wconf 92' lang='lat' dir='ltr'><strong>et</strong></span> <span class='ocrx_word' id='word_1_230' title='bbox 1130 2794 1293 2849; x_wconf 88' lang='lat' dir='ltr'><strong>aqua,</strong></span> <span class='ocrx_word' id='word_1_231' title='bbox 1321 2781 1548 2837; x_wconf 89' lang='lat' dir='ltr'><strong>occultis</strong></span> <span class='ocrx_word' id='word_1_232' title='bbox 1594 2782 1919 2852; x_wconf 88' lang='lat' dir='ltr'><strong>quibusdam</strong></span> <span class='ocrx_word' id='word_1_233' title='bbox 1948 2783 2086 2838; x_wconf 84' lang='lat' dir='ltr'><strong>indi-</strong></span> 
     </span>
    </p>
   </div>
   <div class='ocr_carea' id='block_1_32' title="bbox 524 2865 2085 2942">
    <p class='ocr_par' dir='ltr' id='par_1_32' title="bbox 524 2865 2085 2942">
     <span class='ocr_line' id='line_1_32' title="bbox 524 2865 2085 2942; baseline 0.006 -22"><span class='ocrx_word' id='word_1_234' title='bbox 524 2865 626 2922; x_wconf 87' lang='lat' dir='ltr'><strong>ciis</strong></span> <span class='ocrx_word' id='word_1_235' title='bbox 660 2882 724 2921; x_wconf 85' lang='lat' dir='ltr'><strong>ac</strong></span> <span class='ocrx_word' id='word_1_236' title='bbox 748 2866 917 2937; x_wconf 86' lang='lat' dir='ltr'><strong>signis</strong></span> <span class='ocrx_word' id='word_1_237' title='bbox 946 2868 1113 2924; x_wconf 88' lang='lat' dir='ltr'><strong>maris</strong></span> <span class='ocrx_word' id='word_1_238' title='bbox 1161 2872 1437 2939; x_wconf 88' lang='lat' dir='ltr'><strong>provenit;</strong></span> <span class='ocrx_word' id='word_1_239' title='bbox 1470 2874 1543 2927; x_wconf 88' lang='lat' dir='ltr'><strong>ita</strong></span> <span class='ocrx_word' id='word_1_240' title='bbox 1573 2886 1791 2942; x_wconf 88' lang='lat' dir='ltr'><strong>quoque</strong></span> <span class='ocrx_word' id='word_1_241' title='bbox 1823 2872 2085 2929; x_wconf 85' lang='lat' dir='ltr'><strong>Dominus</strong></span> 
     </span>
    </p>
   </div>
   <div class='ocr_carea' id='block_1_33' title="bbox 529 2957 2087 3029">
    <p class='ocr_par' dir='ltr' id='par_1_33' title="bbox 529 2957 2087 3029">
     <span class='ocr_line' id='line_1_33' title="bbox 529 2957 2087 3029; baseline 0.006 -18"><span class='ocrx_word' id='word_1_242' title='bbox 529 2965 714 3013; x_wconf 89' lang='lat' dir='ltr'><strong>noster</strong></span> <span class='ocrx_word' id='word_1_243' title='bbox 759 2957 918 3016; x_wconf 84' lang='lat' dir='ltr'><strong>Jesus</strong></span> <span class='ocrx_word' id='word_1_244' title='bbox 962 2960 1233 3029; x_wconf 79' lang='lat' dir='ltr'><strong>Christus,</strong></span> <span class='ocrx_word' id='word_1_245' title='bbox 1289 2962 1572 3020; x_wconf 88' lang='lat' dir='ltr'><strong>inconfuse</strong></span> <span class='ocrx_word' id='word_1_246' title='bbox 1595 2973 1651 3020; x_wconf 88' lang='lat' dir='ltr'><strong>et</strong></span> <span class='ocrx_word' id='word_1_247' title='bbox 1676 2965 2087 3021; x_wconf 88' lang='lat' dir='ltr'><strong>immutabiliter</strong></span> 
     </span>
    </p>
   </div>
   <div class='ocr_carea' id='block_1_34' title="bbox 2180 481 3719 556">
    <p class='ocr_par' dir='ltr' id='par_1_34' title="bbox 2180 481 3719 556">
     <span class='ocr_line' id='line_1_34' title="bbox 2180 481 3719 556; baseline 0.001 -20"><span class='ocrx_word' id='word_1_248' title='bbox 2180 482 2312 556; x_wconf 73' lang='grc' dir='ltr'><strong>[ἄλ.</strong></span> <span class='ocrx_word' id='word_1_249' title='bbox 2338 481 2526 555; x_wconf 89' lang='grc' dir='ltr'>ἁγίας]</span> <span class='ocrx_word' id='word_1_250' title='bbox 2553 484 2756 556; x_wconf 83' lang='grc' dir='ltr'>πατὴρ,</span> <span class='ocrx_word' id='word_1_251' title='bbox 2784 485 2813 536; x_wconf 88' lang='lat'><strong>6</strong></span> <span class='ocrx_word' id='word_1_252' title='bbox 2830 483 2929 553; x_wconf 86' lang='grc' dir='ltr'><strong>τῆς</strong></span> <span class='ocrx_word' id='word_1_253' title='bbox 2944 482 3251 554; x_wconf 78' lang='grc' dir='ltr'><strong>ἀφθαρσίας</strong></span> <span class='ocrx_word' id='word_1_254' title='bbox 3266 482 3507 553; x_wconf 80' lang='grc' dir='ltr'><strong>κτίστης,</strong></span> <span class='ocrx_word' id='word_1_255' title='bbox 3530 483 3719 555; x_wconf 74' lang='grc' dir='ltr'>καὶτῆς</span> 
     </span>
    </p>
   </div>
   <div class='ocr_carea' id='block_1_35' title="bbox 2175 575 3721 653">
    <p class='ocr_par' dir='ltr' id='par_1_35' title="bbox 2175 575 3721 653">
     <span class='ocr_line' id='line_1_35' title="bbox 2175 575 3721 653; baseline -0.003 -19"><span class='ocrx_word' id='word_1_256' title='bbox 2175 579 2485 653; x_wconf 74' lang='grc' dir='ltr'><strong>ἐλευθερίας</strong></span> <span class='ocrx_word' id='word_1_257' title='bbox 2515 580 2697 651; x_wconf 83' lang='grc' dir='ltr'>δοτὴρ,</span> <span class='ocrx_word' id='word_1_258' title='bbox 2731 579 2760 631; x_wconf 89' lang='lat'><strong>6</strong></span> <span class='ocrx_word' id='word_1_259' title='bbox 2788 579 2886 650; x_wconf 91' lang='grc' dir='ltr'><strong>τῆς</strong></span> <span class='ocrx_word' id='word_1_260' title='bbox 2906 578 3177 650; x_wconf 78' lang='grc' dir='ltr'><strong>σωτηρίας</strong></span> <span class='ocrx_word' id='word_1_261' title='bbox 3203 575 3475 649; x_wconf 84' lang='grc' dir='ltr'>κηδεμὼν,</span> <span class='ocrx_word' id='word_1_262' title='bbox 3513 576 3605 630; x_wconf 78' lang='grc' dir='ltr'>καὶ</span> <span class='ocrx_word' id='word_1_263' title='bbox 3633 577 3721 648; x_wconf 81' lang='grc' dir='ltr'><strong>τῆς</strong></span> 
     </span>
    </p>
   </div>
   <div class='ocr_carea' id='block_1_36' title="bbox 2176 668 3722 744">
    <p class='ocr_par' dir='ltr' id='par_1_36' title="bbox 2176 668 3722 744">
     <span class='ocr_line' id='line_1_36' title="bbox 2176 668 3722 744; baseline -0.001 -18"><span class='ocrx_word' id='word_1_264' title='bbox 2176 671 2407 744; x_wconf 82' lang='grc' dir='ltr'><strong>ἀληθοῦς</strong></span> <span class='ocrx_word' id='word_1_265' title='bbox 2425 673 2647 744; x_wconf 81' lang='grc' dir='ltr'><strong>εἰρήνης</strong></span> <span class='ocrx_word' id='word_1_266' title='bbox 2665 671 2867 743; x_wconf 79' lang='grc' dir='ltr'>ταμίας</span> <span class='ocrx_word' id='word_1_267' title='bbox 2892 669 3145 741; x_wconf 77' lang='grc' dir='ltr'>χορηγὸς,</span> <span class='ocrx_word' id='word_1_268' title='bbox 3178 671 3207 723; x_wconf 90' lang='lat'><strong>6</strong></span> <span class='ocrx_word' id='word_1_269' title='bbox 3236 670 3299 723; x_wconf 78' lang='grc' dir='ltr'>ἐκ</span> <span class='ocrx_word' id='word_1_270' title='bbox 3330 668 3430 738; x_wconf 86' lang='grc' dir='ltr'><strong>τῆς</strong></span> <span class='ocrx_word' id='word_1_271' title='bbox 3459 668 3722 739; x_wconf 73' lang='grc' dir='ltr'><strong>Παρθένου</strong></span> 
     </span>
    </p>
   </div>
   <div class='ocr_carea' id='block_1_37' title="bbox 2176 760 3725 835">
    <p class='ocr_par' dir='ltr' id='par_1_37' title="bbox 2176 760 3725 835">
     <span class='ocr_line' id='line_1_37' title="bbox 2176 760 3725 835; baseline -0.013 -6"><span class='ocrx_word' id='word_1_272' title='bbox 2176 765 2280 835; x_wconf 82' lang='grc' dir='ltr'><strong>γῆς</strong></span> <span class='ocrx_word' id='word_1_273' title='bbox 2312 763 2522 827; x_wconf 80' lang='grc' dir='ltr'>πλάσας</span> <span class='ocrx_word' id='word_1_274' title='bbox 2545 763 2636 817; x_wconf 78' lang='grc' dir='ltr'>τὸν</span> <span class='ocrx_word' id='word_1_275' title='bbox 2660 762 2963 834; x_wconf 77' lang='grc' dir='ltr'>ἄνθρωπον,</span> <span class='ocrx_word' id='word_1_276' title='bbox 2993 762 3087 816; x_wconf 80' lang='grc' dir='ltr'><strong>καὶ</strong></span> <span class='ocrx_word' id='word_1_277' title='bbox 3119 762 3184 814; x_wconf 78' lang='grc' dir='ltr'>ὲκ</span> <span class='ocrx_word' id='word_1_278' title='bbox 3213 761 3310 832; x_wconf 89' lang='grc' dir='ltr'><strong>τῆς</strong></span> <span class='ocrx_word' id='word_1_279' title='bbox 3344 760 3554 814; x_wconf 79' lang='grc' dir='ltr'>ἐκείνου</span> <span class='ocrx_word' id='word_1_280' title='bbox 3583 761 3725 815; x_wconf 81' lang='grc' dir='ltr'>πλευ-</span> 
     </span>
    </p>
   </div>
   <div class='ocr_carea' id='block_1_38' title="bbox 2178 849 3723 927">
    <p class='ocr_par' dir='ltr' id='par_1_38' title="bbox 2178 849 3723 927">
     <span class='ocr_line' id='line_1_38' title="bbox 2178 849 3723 927; baseline 0.003 -21"><span class='ocrx_word' id='word_1_281' title='bbox 2178 856 2278 927; x_wconf 76' lang='grc' dir='ltr'>ρᾶς</span> <span class='ocrx_word' id='word_1_282' title='bbox 2312 853 2587 926; x_wconf 80' lang='grc' dir='ltr'>τήν,Εὐαν</span> <span class='ocrx_word' id='word_1_283' title='bbox 2639 852 3070 925; x_wconf 64' lang='grc' dir='ltr'>προσλαῶμενος</span> <span class='ocrx_word' id='word_1_284' title='bbox 3102 850 3232 923; x_wconf 71' lang='grc' dir='ltr'><strong>[ἀλ.</strong></span> <span class='ocrx_word' id='word_1_285' title='bbox 3254 849 3723 924; x_wconf 75' lang='grc' dir='ltr'>προὸαλλόμενος1⁶</span> 
     </span>
    </p>
   </div>
   <div class='ocr_carea' id='block_1_39' title="bbox 2175 940 3729 1017">
    <p class='ocr_par' dir='ltr' id='par_1_39' title="bbox 2175 940 3729 1017">
     <span class='ocr_line' id='line_1_39' title="bbox 2175 940 3729 1017; baseline -0.003 -17"><span class='ocrx_word' id='word_1_286' title='bbox 2175 940 2325 1010; x_wconf 73' lang='grc' dir='ltr'>οὗτος</span> <span class='ocrx_word' id='word_1_287' title='bbox 2352 947 2381 999; x_wconf 88' lang='lat'><strong>6</strong></span> <span class='ocrx_word' id='word_1_288' title='bbox 2416 943 2620 1016; x_wconf 85' lang='grc' dir='ltr'>Κύριος</span> <span class='ocrx_word' id='word_1_289' title='bbox 2667 944 2806 1016; x_wconf 87' lang='grc' dir='ltr'><strong>μετὰ</strong></span> <span class='ocrx_word' id='word_1_290' title='bbox 2833 943 2948 1009; x_wconf 89' lang='grc' dir='ltr'>σοῦ,</span> <span class='ocrx_word' id='word_1_291' title='bbox 2976 943 3071 997; x_wconf 80' lang='grc' dir='ltr'><strong>καὶ</strong></span> <span class='ocrx_word' id='word_1_292' title='bbox 3095 943 3257 997; x_wconf 82' lang='grc' dir='ltr'>πάλιν</span> <span class='ocrx_word' id='word_1_293' title='bbox 3299 945 3365 997; x_wconf 82' lang='grc' dir='ltr'>ὲκ</span> <span class='ocrx_word' id='word_1_294' title='bbox 3413 941 3531 995; x_wconf 82' lang='grc' dir='ltr'>σοῦ.</span> <span class='ocrx_word' id='word_1_295' title='bbox 3574 942 3729 1017; x_wconf 83' lang='grc' dir='ltr'>Δεῦρο</span> 
     </span>
    </p>
   </div>
   <div class='ocr_carea' id='block_1_40' title="bbox 2177 1033 3729 1110">
    <p class='ocr_par' dir='ltr' id='par_1_40' title="bbox 2177 1033 3729 1110">
     <span class='ocr_line' id='line_1_40' title="bbox 2177 1033 3729 1110; baseline -0.001 -19"><span class='ocrx_word' id='word_1_296' title='bbox 2177 1035 2308 1110; x_wconf 72' lang='grc' dir='ltr'><strong>[ἄλ.</strong></span> <span class='ocrx_word' id='word_1_297' title='bbox 2334 1034 2511 1107; x_wconf 87' lang='grc' dir='ltr'>δεῦτε]</span> <span class='ocrx_word' id='word_1_298' title='bbox 2538 1034 2736 1099; x_wconf 87' lang='grc' dir='ltr'>τοίνυν,</span> <span class='ocrx_word' id='word_1_299' title='bbox 2760 1036 3051 1108; x_wconf 79' lang='grc' dir='ltr'>ἀγαπητοὶ,</span> <span class='ocrx_word' id='word_1_300' title='bbox 3081 1034 3347 1105; x_wconf 70' lang='grc' dir='ltr'>καὶήμείς</span> <span class='ocrx_word' id='word_1_301' title='bbox 3373 1033 3451 1105; x_wconf 76' lang='grc' dir='ltr'>τῷ</span> <span class='ocrx_word' id='word_1_302' title='bbox 3471 1034 3729 1105; x_wconf 74' lang='grc' dir='ltr'>ἁγγελικῷ</span> 
     </span>
    </p>
   </div>
   <div class='ocr_carea' id='block_1_41' title="bbox 2176 1126 3730 1202">
    <p class='ocr_par' dir='ltr' id='par_1_41' title="bbox 2176 1126 3730 1202">
     <span class='ocr_line' id='line_1_41' title="bbox 2176 1126 3730 1202; baseline -0.003 -17"><span class='ocrx_word' id='word_1_303' title='bbox 2176 1131 2311 1201; x_wconf 79' lang='grc' dir='ltr'>αῐνῳ</span> <span class='ocrx_word' id='word_1_304' title='bbox 2341 1127 2716 1202; x_wconf 77' lang='grc' dir='ltr'><strong>συνεπόμενοι,</strong></span> <span class='ocrx_word' id='word_1_305' title='bbox 2746 1127 2845 1201; x_wconf 84' lang='grc' dir='ltr'>τὴν</span> <span class='ocrx_word' id='word_1_306' title='bbox 2866 1127 3010 1182; x_wconf 87' lang='grc' dir='ltr'><strong>κατὰ</strong></span> <span class='ocrx_word' id='word_1_307' title='bbox 3035 1128 3265 1199; x_wconf 88' lang='grc' dir='ltr'>δύναμιν</span> <span class='ocrx_word' id='word_1_308' title='bbox 3296 1126 3515 1199; x_wconf 75' lang='grc' dir='ltr'>ὀφειλὴν</span> <span class='ocrx_word' id='word_1_309' title='bbox 3540 1126 3730 1197; x_wconf 79' lang='grc' dir='ltr'>εὐγνώ-</span> 
     </span>
    </p>
   </div>
   <div class='ocr_carea' id='block_1_42' title="bbox 2181 1220 3728 1294">
    <p class='ocr_par' dir='ltr' id='par_1_42' title="bbox 2181 1220 3728 1294">
     <span class='ocr_line' id='line_1_42' title="bbox 2181 1220 3728 1294; baseline -0.003 -17"><span class='ocrx_word' id='word_1_310' title='bbox 2181 1240 2337 1294; x_wconf 89' lang='grc' dir='ltr'>μονες</span> <span class='ocrx_word' id='word_1_311' title='bbox 2390 1220 2515 1294; x_wconf 71' lang='grc' dir='ltr'>[γρ.</span> <span class='ocrx_word' id='word_1_312' title='bbox 2579 1220 2972 1292; x_wconf 76' lang='grc' dir='ltr'><strong>εὐγνωμόνως]</strong></span> <span class='ocrx_word' id='word_1_313' title='bbox 3035 1220 3416 1292; x_wconf 85' lang='grc' dir='ltr'>ἁποτίσωμεν,</span> <span class='ocrx_word' id='word_1_314' title='bbox 3460 1220 3728 1289; x_wconf 83' lang='grc' dir='ltr'>λέγοντες·</span> 
     </span>
    </p>
   </div>
   <div class='ocr_carea' id='block_1_43' title="bbox 2176 1311 3731 1383">
    <p class='ocr_par' dir='ltr' id='par_1_43' title="bbox 2176 1311 3731 1383">
     <span class='ocr_line' id='line_1_43' title="bbox 2176 1311 3731 1383; baseline -0.003 -15"><span class='ocrx_word' id='word_1_315' title='bbox 2176 1314 2367 1382; x_wconf 77' lang='grc' dir='ltr'>Χαῖρε,</span> <span class='ocrx_word' id='word_1_316' title='bbox 2392 1312 2845 1383; x_wconf 80' lang='grc' dir='ltr'><strong>κεχαριτωμένη,</strong></span> <span class='ocrx_word' id='word_1_317' title='bbox 2878 1315 2910 1367; x_wconf 86' lang='grc' dir='ltr'><strong>ό</strong></span> <span class='ocrx_word' id='word_1_318' title='bbox 2928 1313 3143 1381; x_wconf 81' lang='grc' dir='ltr'>Κύριος</span> <span class='ocrx_word' id='word_1_319' title='bbox 3172 1312 3323 1381; x_wconf 74' lang='grc' dir='ltr'>μετὰ</span> <span class='ocrx_word' id='word_1_320' title='bbox 3342 1311 3482 1366; x_wconf 83' lang='grc' dir='ltr'>σοῦ.</span> <span class='ocrx_word' id='word_1_321' title='bbox 3515 1312 3609 1365; x_wconf 73' lang='grc' dir='ltr'>Σὺν</span> <span class='ocrx_word' id='word_1_322' title='bbox 3635 1311 3731 1383; x_wconf 82' lang='grc' dir='ltr'><strong>γὰρ</strong></span> 
     </span>
    </p>
   </div>
   <div class='ocr_carea' id='block_1_44' title="bbox 2176 1402 3729 1478">
    <p class='ocr_par' dir='ltr' id='par_1_44' title="bbox 2176 1402 3729 1478">
     <span class='ocr_line' id='line_1_44' title="bbox 2176 1402 3729 1478; baseline -0.002 -20"><span class='ocrx_word' id='word_1_323' title='bbox 2176 1406 2237 1458; x_wconf 80' lang='grc' dir='ltr'>τὸ</span> <span class='ocrx_word' id='word_1_324' title='bbox 2266 1405 2473 1478; x_wconf 84' lang='grc' dir='ltr'>χαίρειν</span> <span class='ocrx_word' id='word_1_325' title='bbox 2502 1403 2746 1476; x_wconf 80' lang='grc' dir='ltr'>ἀληθῶς·</span> <span class='ocrx_word' id='word_1_326' title='bbox 2778 1403 2965 1476; x_wconf 76' lang='grc' dir='ltr'>ἐπειδὴ</span> <span class='ocrx_word' id='word_1_327' title='bbox 3017 1402 3158 1475; x_wconf 84' lang='grc' dir='ltr'><strong>μετὰ</strong></span> <span class='ocrx_word' id='word_1_328' title='bbox 3189 1402 3284 1456; x_wconf 88' lang='grc' dir='ltr'><strong>σοῦ</strong></span> <span class='ocrx_word' id='word_1_329' title='bbox 3319 1406 3353 1474; x_wconf 83' lang='grc' dir='ltr'><strong>ή</strong></span> <span class='ocrx_word' id='word_1_330' title='bbox 3400 1403 3522 1456; x_wconf 90' lang='grc' dir='ltr'>θεία</span> <span class='ocrx_word' id='word_1_331' title='bbox 3566 1403 3729 1474; x_wconf 78' lang='grc' dir='ltr'>χάρις,</span> 
     </span>
    </p>
   </div>
   <div class='ocr_carea' id='block_1_45' title="bbox 2176 1492 3732 1569">
    <p class='ocr_par' dir='ltr' id='par_1_45' title="bbox 2176 1492 3732 1569">
     <span class='ocr_line' id='line_1_45' title="bbox 2176 1492 3732 1569; baseline 0.002 -20"><span class='ocrx_word' id='word_1_332' title='bbox 2176 1496 2253 1562; x_wconf 83' lang='grc' dir='ltr'>ὡς</span> <span class='ocrx_word' id='word_1_333' title='bbox 2276 1492 2414 1551; x_wconf 82' lang='grc' dir='ltr'>οἶδεν</span> <span class='ocrx_word' id='word_1_334' title='bbox 2438 1537 2455 1563; x_wconf 96' lang='grc'><strong>,</strong></span> <span class='ocrx_word' id='word_1_335' title='bbox 2498 1498 2805 1569; x_wconf 76' lang='grc' dir='ltr'><strong>ἐσκήνωσεν</strong></span> <span class='ocrx_word' id='word_1_336' title='bbox 2825 1514 2838 1526; x_wconf 89' lang='grc'><strong>·</strong></span> <span class='ocrx_word' id='word_1_337' title='bbox 2897 1494 3035 1567; x_wconf 85' lang='grc' dir='ltr'><strong>μετὰ</strong></span> <span class='ocrx_word' id='word_1_338' title='bbox 3068 1499 3167 1565; x_wconf 77' lang='grc' dir='ltr'><strong>τῆς</strong></span> <span class='ocrx_word' id='word_1_339' title='bbox 3194 1496 3406 1569; x_wconf 81' lang='grc' dir='ltr'><strong>δούλης,</strong></span> <span class='ocrx_word' id='word_1_340' title='bbox 3431 1500 3463 1551; x_wconf 88' lang='lat'><strong>6</strong></span> <span class='ocrx_word' id='word_1_341' title='bbox 3488 1498 3732 1561; x_wconf 78' lang='grc' dir='ltr'>Βασιλεὺς</span> 
     </span>
    </p>
   </div>
   <div class='ocr_carea' id='block_1_46' title="bbox 2178 1587 3733 1662">
    <p class='ocr_par' dir='ltr' id='par_1_46' title="bbox 2178 1587 3733 1662">
     <span class='ocr_line' id='line_1_46' title="bbox 2178 1587 3733 1662; baseline -0.003 0"><span class='ocrx_word' id='word_1_342' title='bbox 2178 1589 2276 1662; x_wconf 75' lang='grc' dir='ltr'>τῆς</span> <span class='ocrx_word' id='word_1_343' title='bbox 2319 1588 2473 1661; x_wconf 79' lang='grc' dir='ltr'>δόξης</span> <span class='ocrx_word' id='word_1_344' title='bbox 2494 1606 2507 1620; x_wconf 82' lang='grc'><em>’</em></span> <span class='ocrx_word' id='word_1_345' title='bbox 2539 1588 2677 1661; x_wconf 79' lang='grc' dir='ltr'><strong>μετά</strong></span> <span class='ocrx_word' id='word_1_346' title='bbox 2701 1588 2799 1660; x_wconf 78' lang='grc' dir='ltr'><strong>τῆς</strong></span> <span class='ocrx_word' id='word_1_347' title='bbox 2828 1588 3059 1661; x_wconf 76' lang='grc' dir='ltr'>ὡραίας.</span> <span class='ocrx_word' id='word_1_348' title='bbox 3076 1591 3110 1643; x_wconf 78' lang='grc' dir='ltr'><em>ὁ</em></span> <span class='ocrx_word' id='word_1_349' title='bbox 3126 1588 3339 1658; x_wconf 82' lang='grc' dir='ltr'>ὡραῖος</span> <span class='ocrx_word' id='word_1_350' title='bbox 3356 1587 3569 1644; x_wconf 64' lang='grc' dir='ltr'>κάλ-εει</span> <span class='ocrx_word' id='word_1_351' title='bbox 3592 1588 3733 1657; x_wconf 69' lang='grc' dir='ltr'>παρὰ</span> 
     </span>
    </p>
   </div>
   <div class='ocr_carea' id='block_1_47' title="bbox 2180 1679 3736 1752">
    <p class='ocr_par' dir='ltr' id='par_1_47' title="bbox 2180 1679 3736 1752">
     <span class='ocr_line' id='line_1_47' title="bbox 2180 1679 3736 1752; baseline 0.001 -18"><span class='ocrx_word' id='word_1_352' title='bbox 2180 1680 2322 1747; x_wconf 84' lang='grc' dir='ltr'>τοὺς</span> <span class='ocrx_word' id='word_1_353' title='bbox 2344 1680 2513 1748; x_wconf 72' lang='grc' dir='ltr'>υἱοὺς</span> <span class='ocrx_word' id='word_1_354' title='bbox 2548 1680 2667 1735; x_wconf 83' lang='grc' dir='ltr'><strong>τῶν</strong></span> <span class='ocrx_word' id='word_1_355' title='bbox 2692 1679 3049 1750; x_wconf 56' lang='grc' dir='ltr'><strong>ἀνθρώπων</strong></span> <span class='ocrx_word' id='word_1_356' title='bbox 3100 1679 3238 1752; x_wconf 83' lang='grc' dir='ltr'><strong>μετὰ</strong></span> <span class='ocrx_word' id='word_1_357' title='bbox 3271 1680 3371 1751; x_wconf 87' lang='grc' dir='ltr'><strong>τῆς</strong></span> <span class='ocrx_word' id='word_1_358' title='bbox 3400 1681 3683 1752; x_wconf 80' lang='grc' dir='ltr'>ἀμιάντου,</span> <span class='ocrx_word' id='word_1_359' title='bbox 3709 1683 3736 1735; x_wconf 87' lang='lat'><strong>6</strong></span> 
     </span>
    </p>
   </div>
   <div class='ocr_carea' id='block_1_48' title="bbox 2181 1771 3738 1845">
    <p class='ocr_par' dir='ltr' id='par_1_48' title="bbox 2181 1771 3738 1845">
     <span class='ocr_line' id='line_1_48' title="bbox 2181 1771 3738 1845; baseline -0.001 -17"><span class='ocrx_word' id='word_1_360' title='bbox 2181 1773 2419 1844; x_wconf 78' lang='grc' dir='ltr'>ἁγιὰζων</span> <span class='ocrx_word' id='word_1_361' title='bbox 2445 1771 2515 1827; x_wconf 87' lang='grc' dir='ltr'><strong>τὰ</strong></span> <span class='ocrx_word' id='word_1_362' title='bbox 2539 1773 2845 1845; x_wconf 86' lang='grc' dir='ltr'>σύμπαντα.</span> <span class='ocrx_word' id='word_1_363' title='bbox 2871 1772 3028 1834; x_wconf 71' lang='grc' dir='ltr'>Μετὰ</span> <span class='ocrx_word' id='word_1_364' title='bbox 3055 1771 3149 1826; x_wconf 87' lang='grc' dir='ltr'><strong>σοῦ</strong></span> <span class='ocrx_word' id='word_1_365' title='bbox 3174 1774 3203 1826; x_wconf 90' lang='lat'><strong>6</strong></span> <span class='ocrx_word' id='word_1_366' title='bbox 3232 1771 3386 1837; x_wconf 78' lang='grc' dir='ltr'>Θεὸς,</span> <span class='ocrx_word' id='word_1_367' title='bbox 3417 1773 3513 1827; x_wconf 77' lang='grc' dir='ltr'>καὶ</span> <span class='ocrx_word' id='word_1_368' title='bbox 3549 1774 3738 1840; x_wconf 76' lang='grc' dir='ltr'>τέλειος</span> 
     </span>
    </p>
   </div>
   <div class='ocr_carea' id='block_1_49' title="bbox 2180 1858 3740 1940">
    <p class='ocr_par' dir='ltr' id='par_1_49' title="bbox 2180 1858 3740 1940">
     <span class='ocr_line' id='line_1_49' title="bbox 2180 1858 3740 1940; baseline -0.001 -19"><span class='ocrx_word' id='word_1_369' title='bbox 2180 1866 2484 1940; x_wconf 78' lang='grc' dir='ltr'>ἄνθρωπος,</span> <span class='ocrx_word' id='word_1_370' title='bbox 2516 1868 2574 1920; x_wconf 81' lang='grc' dir='ltr'>ὲν</span> <span class='ocrx_word' id='word_1_371' title='bbox 2604 1858 2649 1933; x_wconf 82' lang='grc' dir='ltr'><strong>ᾧ</strong></span> <span class='ocrx_word' id='word_1_372' title='bbox 2684 1868 2927 1920; x_wconf 80' lang='grc' dir='ltr'><strong>κατοικεῖ</strong></span> <span class='ocrx_word' id='word_1_373' title='bbox 2958 1866 3068 1920; x_wconf 78' lang='grc' dir='ltr'>πᾶν</span> <span class='ocrx_word' id='word_1_374' title='bbox 3092 1865 3155 1918; x_wconf 84' lang='grc' dir='ltr'>τὸ</span> <span class='ocrx_word' id='word_1_375' title='bbox 3186 1865 3461 1937; x_wconf 84' lang='grc' dir='ltr'>πλήρωμα</span> <span class='ocrx_word' id='word_1_376' title='bbox 3504 1865 3606 1935; x_wconf 86' lang='grc' dir='ltr'><strong>τῆς</strong></span> <span class='ocrx_word' id='word_1_377' title='bbox 3636 1866 3740 1920; x_wconf 74' lang='grc' dir='ltr'>θεό-</span> 
     </span>
    </p>
   </div>
   <div class='ocr_carea' id='block_1_50' title="bbox 2181 1955 3740 2031">
    <p class='ocr_par' dir='ltr' id='par_1_50' title="bbox 2181 1955 3740 2031">
     <span class='ocr_line' id='line_1_50' title="bbox 2181 1955 3740 2031; baseline -0.003 -17"><span class='ocrx_word' id='word_1_378' title='bbox 2181 1958 2564 2031; x_wconf 78' lang='grc' dir='ltr'>τητος.Χαῖρε,</span> <span class='ocrx_word' id='word_1_379' title='bbox 2592 1956 3045 2027; x_wconf 78' lang='grc' dir='ltr'><strong>κεχαριτωμένη,</strong></span> <span class='ocrx_word' id='word_1_380' title='bbox 3072 1958 3105 2029; x_wconf 89' lang='grc' dir='ltr'><strong>ή</strong></span> <span class='ocrx_word' id='word_1_381' title='bbox 3143 1955 3293 2028; x_wconf 83' lang='grc' dir='ltr'>πηγή</span> <span class='ocrx_word' id='word_1_382' title='bbox 3317 1956 3413 2009; x_wconf 89' lang='grc' dir='ltr'><strong>τοῦ</strong></span> <span class='ocrx_word' id='word_1_383' title='bbox 3443 1955 3740 2026; x_wconf 78' lang='grc' dir='ltr'>φωτὸς,τώ</span> 
     </span>
    </p>
   </div>
   <div class='ocr_carea' id='block_1_51' title="bbox 2183 2048 3739 2121">
    <p class='ocr_par' dir='ltr' id='par_1_51' title="bbox 2183 2048 3739 2121">
     <span class='ocr_line' id='line_1_51' title="bbox 2183 2048 3739 2121; baseline -0.003 -16"><span class='ocrx_word' id='word_1_384' title='bbox 2183 2049 2505 2121; x_wconf 76' lang='grc' dir='ltr'>φωτίζοντος</span> <span class='ocrx_word' id='word_1_385' title='bbox 2565 2049 2794 2113; x_wconf 71' lang='grc' dir='ltr'>πάντας,</span> <span class='ocrx_word' id='word_1_386' title='bbox 2825 2049 2952 2111; x_wconf 77' lang='grc' dir='ltr'><strong>τούς</strong></span> <span class='ocrx_word' id='word_1_387' title='bbox 3001 2049 3080 2112; x_wconf 84' lang='grc' dir='ltr'><strong>είς</strong></span> <span class='ocrx_word' id='word_1_388' title='bbox 3141 2048 3301 2101; x_wconf 81' lang='grc' dir='ltr'>αὐτὸν</span> <span class='ocrx_word' id='word_1_389' title='bbox 3373 2048 3739 2111; x_wconf 81' lang='grc' dir='ltr'>πιστεύοντας.</span> 
     </span>
    </p>
   </div>
   <div class='ocr_carea' id='block_1_52' title="bbox 2181 2138 3745 2215">
    <p class='ocr_par' dir='ltr' id='par_1_52' title="bbox 2181 2138 3745 2215">
     <span class='ocr_line' id='line_1_52' title="bbox 2181 2138 3745 2215; baseline -0.003 -18"><span class='ocrx_word' id='word_1_390' title='bbox 2181 2139 2822 2215; x_wconf 68' lang='grc' dir='ltr'>Χαῖρε,κεχαριτωμένη</span> <span class='ocrx_word' id='word_1_391' title='bbox 2845 2180 2860 2205; x_wconf 84' lang='grc'><strong>,</strong></span> <span class='ocrx_word' id='word_1_392' title='bbox 2906 2138 3002 2192; x_wconf 91' lang='grc' dir='ltr'><strong>τοῦ</strong></span> <span class='ocrx_word' id='word_1_393' title='bbox 3044 2138 3234 2210; x_wconf 90' lang='grc' dir='ltr'>νοητοῦ</span> <span class='ocrx_word' id='word_1_394' title='bbox 3270 2138 3422 2210; x_wconf 92' lang='grc' dir='ltr'>ήλίου</span> <span class='ocrx_word' id='word_1_395' title='bbox 3448 2141 3484 2210; x_wconf 89' lang='grc' dir='ltr'><strong>ή</strong></span> <span class='ocrx_word' id='word_1_396' title='bbox 3522 2138 3745 2210; x_wconf 68' lang='grc' dir='ltr'>ἀνατολὴ</span> 
     </span>
    </p>
   </div>
   <div class='ocr_carea' id='block_1_53' title="bbox 2183 2227 3745 2307">
    <p class='ocr_par' dir='ltr' id='par_1_53' title="bbox 2183 2227 3745 2307">
     <span class='ocr_line' id='line_1_53' title="bbox 2183 2227 3745 2307; baseline -0.004 -18"><span class='ocrx_word' id='word_1_397' title='bbox 2183 2235 2322 2307; x_wconf 64' lang='grc' dir='ltr'><strong>ὶᾶλ.</strong></span> <span class='ocrx_word' id='word_1_398' title='bbox 2353 2233 2500 2307; x_wconf 88' lang='grc' dir='ltr'>ήλίου</span> <span class='ocrx_word' id='word_1_399' title='bbox 2531 2234 2628 2305; x_wconf 86' lang='grc' dir='ltr'><strong>τῆς</strong></span> <span class='ocrx_word' id='word_1_400' title='bbox 2656 2231 3000 2302; x_wconf 77' lang='grc' dir='ltr'>δικαιοσύνης</span> <span class='ocrx_word' id='word_1_401' title='bbox 3044 2232 3077 2301; x_wconf 84' lang='grc' dir='ltr'>ὴ</span> <span class='ocrx_word' id='word_1_402' title='bbox 3111 2227 3413 2301; x_wconf 66' lang='grc' dir='ltr'>ἁνατολὴΪ,</span> <span class='ocrx_word' id='word_1_403' title='bbox 3445 2230 3544 2283; x_wconf 77' lang='grc' dir='ltr'>καὶ</span> <span class='ocrx_word' id='word_1_404' title='bbox 3569 2229 3634 2283; x_wconf 83' lang='grc' dir='ltr'>τὸ</span> <span class='ocrx_word' id='word_1_405' title='bbox 3656 2229 3745 2299; x_wconf 80' lang='grc' dir='ltr'><strong>τῆς</strong></span> 
     </span>
    </p>
   </div>
   <div class='ocr_carea' id='block_1_54' title="bbox 2183 2320 3747 2398">
    <p class='ocr_par' dir='ltr' id='par_1_54' title="bbox 2183 2320 3747 2398">
     <span class='ocr_line' id='line_1_54' title="bbox 2183 2320 3747 2398; baseline -0.003 -18"><span class='ocrx_word' id='word_1_406' title='bbox 2183 2326 2329 2396; x_wconf 74' lang='grc' dir='ltr'>ζωῆς</span> <span class='ocrx_word' id='word_1_407' title='bbox 2348 2325 2608 2398; x_wconf 88' lang='grc' dir='ltr'>ἀμίαντον</span> <span class='ocrx_word' id='word_1_408' title='bbox 2640 2324 2816 2388; x_wconf 83' lang='grc' dir='ltr'>ἄνθος.</span> <span class='ocrx_word' id='word_1_409' title='bbox 2869 2322 3068 2392; x_wconf 79' lang='grc' dir='ltr'>Χαῖρε,</span> <span class='ocrx_word' id='word_1_410' title='bbox 3081 2320 3521 2391; x_wconf 79' lang='grc' dir='ltr'>κεχαριτωμένη</span> <span class='ocrx_word' id='word_1_411' title='bbox 3543 2361 3560 2385; x_wconf 93' lang='grc'><strong>,</strong></span> <span class='ocrx_word' id='word_1_412' title='bbox 3587 2323 3618 2373; x_wconf 97' lang='lat'><strong>6</strong></span> <span class='ocrx_word' id='word_1_413' title='bbox 3647 2321 3747 2375; x_wconf 80' lang='grc' dir='ltr'>λει-</span> 
     </span>
    </p>
   </div>
   <div class='ocr_carea' id='block_1_55' title="bbox 2187 2413 3747 2490">
    <p class='ocr_par' dir='ltr' id='par_1_55' title="bbox 2187 2413 3747 2490">
     <span class='ocr_line' id='line_1_55' title="bbox 2187 2413 3747 2490; baseline -0.003 -19"><span class='ocrx_word' id='word_1_414' title='bbox 2187 2420 2300 2490; x_wconf 84' lang='grc' dir='ltr'>μὼν</span> <span class='ocrx_word' id='word_1_415' title='bbox 2328 2418 2423 2489; x_wconf 85' lang='grc' dir='ltr'><strong>τῆς</strong></span> <span class='ocrx_word' id='word_1_416' title='bbox 2452 2415 2690 2480; x_wconf 82' lang='grc' dir='ltr'>εὐωδίας.</span> <span class='ocrx_word' id='word_1_417' title='bbox 2721 2413 3386 2484; x_wconf 81' lang='grc' dir='ltr'>Χαῖρε,κεχαριτωμένη,</span> <span class='ocrx_word' id='word_1_418' title='bbox 3429 2414 3464 2484; x_wconf 83' lang='grc' dir='ltr'><strong>ή</strong></span> <span class='ocrx_word' id='word_1_419' title='bbox 3510 2414 3747 2484; x_wconf 71' lang='grc' dir='ltr'>ἄμπελος</span> 
     </span>
    </p>
   </div>
   <div class='ocr_carea' id='block_1_56' title="bbox 2184 2503 3751 2584">
    <p class='ocr_par' dir='ltr' id='par_1_56' title="bbox 2184 2503 3751 2584">
     <span class='ocr_line' id='line_1_56' title="bbox 2184 2503 3751 2584; baseline -0.004 -20"><span class='ocrx_word' id='word_1_420' title='bbox 2184 2514 2218 2584; x_wconf 87' lang='grc' dir='ltr'><strong>ή</strong></span> <span class='ocrx_word' id='word_1_421' title='bbox 2248 2509 2520 2582; x_wconf 83' lang='grc' dir='ltr'>ἁειθαλὴς,</span> <span class='ocrx_word' id='word_1_422' title='bbox 2542 2511 2574 2579; x_wconf 91' lang='grc' dir='ltr'><strong>ή</strong></span> <span class='ocrx_word' id='word_1_423' title='bbox 2596 2508 2953 2581; x_wconf 84' lang='grc' dir='ltr'>εὐφραίνουσα</span> <span class='ocrx_word' id='word_1_424' title='bbox 2973 2507 3069 2571; x_wconf 84' lang='grc' dir='ltr'><strong>τὰς</strong></span> <span class='ocrx_word' id='word_1_425' title='bbox 3094 2506 3271 2577; x_wconf 78' lang='grc' dir='ltr'>ψυχὰς</span> <span class='ocrx_word' id='word_1_426' title='bbox 3298 2506 3406 2560; x_wconf 85' lang='grc' dir='ltr'><strong>τῶν</strong></span> <span class='ocrx_word' id='word_1_427' title='bbox 3427 2506 3489 2559; x_wconf 78' lang='grc' dir='ltr'>σὲ</span> <span class='ocrx_word' id='word_1_428' title='bbox 3511 2503 3751 2571; x_wconf 70' lang='grc' dir='ltr'>δοξαξόν-</span> 
     </span>
    </p>
   </div>
   <div class='ocr_carea' id='block_1_57' title="bbox 2182 2596 3750 2671">
    <p class='ocr_par' dir='ltr' id='par_1_57' title="bbox 2182 2596 3750 2671">
     <span class='ocr_line' id='line_1_57' title="bbox 2182 2596 3750 2671; baseline -0.003 -15"><span class='ocrx_word' id='word_1_429' title='bbox 2182 2620 2309 2656; x_wconf 90' lang='grc' dir='ltr'>των.</span> <span class='ocrx_word' id='word_1_430' title='bbox 2326 2601 2517 2671; x_wconf 64' lang='grc' dir='ltr'>Χαῖρε,</span> <span class='ocrx_word' id='word_1_431' title='bbox 2550 2598 3003 2671; x_wconf 81' lang='grc' dir='ltr'>κεχαριτωμένη,</span> <span class='ocrx_word' id='word_1_432' title='bbox 3034 2600 3068 2669; x_wconf 89' lang='grc' dir='ltr'><strong>ή</strong></span> <span class='ocrx_word' id='word_1_433' title='bbox 3095 2596 3443 2670; x_wconf 80' lang='grc' dir='ltr'>ἀγεώργητος</span> <span class='ocrx_word' id='word_1_434' title='bbox 3470 2596 3750 2668; x_wconf 84' lang='grc' dir='ltr'>καλλίκαρ-</span> 
     </span>
    </p>
   </div>
   <div class='ocr_carea' id='block_1_58' title="bbox 2185 2689 3749 2765">
    <p class='ocr_par' dir='ltr' id='par_1_58' title="bbox 2185 2689 3749 2765">
     <span class='ocr_line' id='line_1_58' title="bbox 2185 2689 3749 2765; baseline -0.004 -17"><span class='ocrx_word' id='word_1_435' title='bbox 2185 2712 2285 2757; x_wconf 89' lang='grc' dir='ltr'><strong>πος</strong></span> <span class='ocrx_word' id='word_1_436' title='bbox 2313 2694 2538 2765; x_wconf 80' lang='grc' dir='ltr'>ἄρουρα.</span> <span class='ocrx_word' id='word_1_437' title='bbox 2573 2690 2733 2746; x_wconf 79' lang='grc' dir='ltr'>Κατὰ</span> <span class='ocrx_word' id='word_1_438' title='bbox 2757 2690 2916 2760; x_wconf 85' lang='grc' dir='ltr'>φύσιν</span> <span class='ocrx_word' id='word_1_439' title='bbox 2942 2691 3068 2762; x_wconf 82' lang='grc' dir='ltr'>μὲν,</span> <span class='ocrx_word' id='word_1_440' title='bbox 3102 2689 3189 2743; x_wconf 86' lang='grc' dir='ltr'>διὰ</span> <span class='ocrx_word' id='word_1_441' title='bbox 3217 2690 3277 2743; x_wconf 82' lang='grc' dir='ltr'>τὸ</span> <span class='ocrx_word' id='word_1_442' title='bbox 3306 2689 3429 2744; x_wconf 81' lang='grc' dir='ltr'>καθ’</span> <span class='ocrx_word' id='word_1_443' title='bbox 3460 2690 3637 2761; x_wconf 75' lang='grc' dir='ltr'>ἡμᾶς,</span> <span class='ocrx_word' id='word_1_444' title='bbox 3663 2690 3749 2744; x_wconf 71' lang='grc' dir='ltr'>καὶ</span> 
     </span>
    </p>
   </div>
   <div class='ocr_carea' id='block_1_59' title="bbox 2184 2777 3745 2855">
    <p class='ocr_par' dir='ltr' id='par_1_59' title="bbox 2184 2777 3745 2855">
     <span class='ocr_line' id='line_1_59' title="bbox 2184 2777 3745 2855; baseline -0.005 -17"><span class='ocrx_word' id='word_1_445' title='bbox 2184 2784 2271 2839; x_wconf 81' lang='grc' dir='ltr'><strong>διὰ</strong></span> <span class='ocrx_word' id='word_1_446' title='bbox 2301 2782 2388 2837; x_wconf 83' lang='grc' dir='ltr'>τὸν</span> <span class='ocrx_word' id='word_1_447' title='bbox 2410 2783 2595 2855; x_wconf 79' lang='grc' dir='ltr'>χρόνον</span> <span class='ocrx_word' id='word_1_448' title='bbox 2618 2781 2716 2851; x_wconf 85' lang='grc' dir='ltr'><strong>τῆς</strong></span> <span class='ocrx_word' id='word_1_449' title='bbox 2742 2781 3023 2851; x_wconf 82' lang='grc' dir='ltr'>ἀσκήσεως</span> <span class='ocrx_word' id='word_1_450' title='bbox 3046 2777 3339 2851; x_wconf 85' lang='grc' dir='ltr'>[κυήσεως]</span> <span class='ocrx_word' id='word_1_451' title='bbox 3363 2797 3377 2810; x_wconf 88' lang='grc'><strong>·</strong></span> <span class='ocrx_word' id='word_1_452' title='bbox 3402 2779 3557 2851; x_wconf 77' lang='grc' dir='ltr'>παρὰ</span> <span class='ocrx_word' id='word_1_453' title='bbox 3591 2779 3745 2847; x_wconf 84' lang='grc' dir='ltr'>φύσιν</span> 
     </span>
    </p>
   </div>
   <div class='ocr_carea' id='block_1_60' title="bbox 2176 2870 3744 2948">
    <p class='ocr_par' dir='ltr' id='par_1_60' title="bbox 2176 2870 3744 2948">
     <span class='ocr_line' id='line_1_60' title="bbox 2176 2870 3744 2948; baseline -0.005 -17"><span class='ocrx_word' id='word_1_454' title='bbox 2176 2877 2261 2941; x_wconf 81' lang='grc' dir='ltr'>δὲ,</span> <span class='ocrx_word' id='word_1_455' title='bbox 2280 2874 2477 2948; x_wconf 75' lang='grc' dir='ltr'>μᾶλλον</span> <span class='ocrx_word' id='word_1_456' title='bbox 2499 2875 2556 2929; x_wconf 84' lang='grc' dir='ltr'>δὲ</span> <span class='ocrx_word' id='word_1_457' title='bbox 2574 2876 2712 2947; x_wconf 85' lang='grc' dir='ltr'>ὑπὲρ</span> <span class='ocrx_word' id='word_1_458' title='bbox 2738 2874 2918 2944; x_wconf 84' lang='grc' dir='ltr'>φύσιν,</span> <span class='ocrx_word' id='word_1_459' title='bbox 2936 2873 3024 2927; x_wconf 84' lang='grc' dir='ltr'>διὰ</span> <span class='ocrx_word' id='word_1_460' title='bbox 3044 2873 3134 2926; x_wconf 83' lang='grc' dir='ltr'>τὸν</span> <span class='ocrx_word' id='word_1_461' title='bbox 3150 2870 3351 2926; x_wconf 78' lang='grc' dir='ltr'>ἄνωθεν</span> <span class='ocrx_word' id='word_1_462' title='bbox 3371 2870 3744 2942; x_wconf 78' lang='grc' dir='ltr'>ὲνδημήσαντα</span> 
     </span>
    </p>
   </div>
   <div class='ocr_carea' id='block_1_61' title="bbox 2184 2964 3742 3038">
    <p class='ocr_par' dir='ltr' id='par_1_61' title="bbox 2184 2964 3742 3038">
     <span class='ocr_line' id='line_1_61' title="bbox 2184 2964 3742 3038; baseline -0.004 -16"><span class='ocrx_word' id='word_1_463' title='bbox 2184 2968 2316 3023; x_wconf 83' lang='grc' dir='ltr'>Θεὸν</span> <span class='ocrx_word' id='word_1_464' title='bbox 2341 2968 2537 3032; x_wconf 84' lang='grc' dir='ltr'>Λόγον,</span> <span class='ocrx_word' id='word_1_465' title='bbox 2568 2969 2659 3023; x_wconf 76' lang='grc' dir='ltr'>καὶ</span> <span class='ocrx_word' id='word_1_466' title='bbox 2698 2970 2755 3021; x_wconf 86' lang='grc' dir='ltr'>ὲν</span> <span class='ocrx_word' id='word_1_467' title='bbox 2790 2969 2854 3038; x_wconf 81' lang='grc' dir='ltr'><strong>τῇ</strong></span> <span class='ocrx_word' id='word_1_468' title='bbox 2889 2966 3020 3037; x_wconf 77' lang='grc' dir='ltr'>ἁγίᾳ</span> <span class='ocrx_word' id='word_1_469' title='bbox 3061 2982 3154 3018; x_wconf 91' lang='grc' dir='ltr'><strong>σου</strong></span> <span class='ocrx_word' id='word_1_470' title='bbox 3178 2964 3375 3035; x_wconf 76' lang='grc' dir='ltr'>γαστρὶ</span> <span class='ocrx_word' id='word_1_471' title='bbox 3412 2964 3505 3017; x_wconf 81' lang='grc' dir='ltr'>τὸν</span> <span class='ocrx_word' id='word_1_472' title='bbox 3574 2964 3742 3033; x_wconf 69' lang='grc' dir='ltr'>Ἀδὰμ</span> 
     </span>
    </p>
   </div>
   <div class='ocr_carea' id='block_1_62' title="bbox 526 3053 2088 3151">
    <p class='ocr_par' dir='ltr' id='par_1_62' title="bbox 526 3053 2088 3121">
     <span class='ocr_line' id='line_1_62' title="bbox 526 3053 2088 3121; baseline 0.006 -20"><span class='ocrx_word' id='word_1_473' title='bbox 526 3062 591 3102; x_wconf 75' lang='grc' dir='ltr'><strong>ετ</strong></span> <span class='ocrx_word' id='word_1_474' title='bbox 623 3064 757 3119; x_wconf 91' lang='lat' dir='ltr'><strong>pura</strong></span> <span class='ocrx_word' id='word_1_475' title='bbox 782 3064 848 3104; x_wconf 93' lang='lat' dir='ltr'><strong>ac</strong></span> <span class='ocrx_word' id='word_1_476' title='bbox 872 3059 1047 3116; x_wconf 87' lang='lat' dir='ltr'><strong>casta,</strong></span> <span class='ocrx_word' id='word_1_477' title='bbox 1091 3060 1145 3107; x_wconf 90' lang='lat' dir='ltr'><strong>et</strong></span> <span class='ocrx_word' id='word_1_478' title='bbox 1171 3053 1449 3121; x_wconf 89' lang='lat' dir='ltr'><strong>impolluta</strong></span> <span class='ocrx_word' id='word_1_479' title='bbox 1476 3070 1540 3111; x_wconf 88' lang='lat' dir='ltr'><strong>ac</strong></span> <span class='ocrx_word' id='word_1_480' title='bbox 1560 3065 1747 3112; x_wconf 90' lang='lat' dir='ltr'><strong>sancta</strong></span> <span class='ocrx_word' id='word_1_481' title='bbox 1770 3054 1936 3111; x_wconf 84' lang='lat' dir='ltr'><strong>Maria</strong></span> <span class='ocrx_word' id='word_1_482' title='bbox 1969 3055 2088 3110; x_wconf 88' lang='lat' dir='ltr'><strong>Vir-</strong></span> 
     </span>
    </p>
   </div>
   <div class='ocr_carea' id='block_1_63' title="bbox 2190 3053 3752 3151">
    <p class='ocr_par' dir='ltr' id='par_1_63' title="bbox 2192 3055 3752 3133">
     <span class='ocr_line' id='line_1_63' title="bbox 2192 3055 3752 3133; baseline -0.004 -18"><span class='ocrx_word' id='word_1_483' title='bbox 2192 3059 2597 3123; x_wconf 86' lang='grc' dir='ltr'>ἁναπλὰσαντα,</span> <span class='ocrx_word' id='word_1_484' title='bbox 2626 3059 2720 3113; x_wconf 76' lang='grc' dir='ltr'>καὶ</span> <span class='ocrx_word' id='word_1_485' title='bbox 2753 3058 2812 3112; x_wconf 85' lang='grc' dir='ltr'>τὸ</span> <span class='ocrx_word' id='word_1_486' title='bbox 2842 3057 2939 3129; x_wconf 81' lang='grc' dir='ltr'>μὲν</span> <span class='ocrx_word' id='word_1_487' title='bbox 2968 3057 3207 3127; x_wconf 88' lang='grc' dir='ltr'>γόνιμον,</span> <span class='ocrx_word' id='word_1_488' title='bbox 3226 3060 3293 3128; x_wconf 76' lang='grc' dir='ltr'>τῇ</span> <span class='ocrx_word' id='word_1_489' title='bbox 3319 3055 3451 3129; x_wconf 74' lang='grc' dir='ltr'>ἁγίᾳ</span> <span class='ocrx_word' id='word_1_490' title='bbox 3495 3055 3752 3133; x_wconf 77' lang='grc' dir='ltr'>Παρθένῳ</span> 
     </span>
    </p>
   </div>
   <div class='ocr_carea' id='block_1_64' title="bbox 526 3138 2091 3215">
    <p class='ocr_par' dir='ltr' id='par_1_64' title="bbox 526 3138 2091 3215">
     <span class='ocr_line' id='line_1_64' title="bbox 526 3138 2091 3215; baseline 0.006 -22"><span class='ocrx_word' id='word_1_491' title='bbox 526 3138 650 3209; x_wconf 61' lang='lat' dir='ltr'><strong>gine</strong></span> <span class='ocrx_word' id='word_1_492' title='bbox 675 3142 1035 3210; x_wconf 86' lang='lat' dir='ltr'><strong>progreditur,</strong></span> <span class='ocrx_word' id='word_1_493' title='bbox 1062 3142 1117 3196; x_wconf 92' lang='lat' dir='ltr'><strong>in</strong></span> <span class='ocrx_word' id='word_1_494' title='bbox 1150 3144 1349 3199; x_wconf 89' lang='lat' dir='ltr'><strong>deitate</strong></span> <span class='ocrx_word' id='word_1_495' title='bbox 1374 3144 1664 3215; x_wconf 86' lang='lat' dir='ltr'><strong>perfectus,</strong></span> <span class='ocrx_word' id='word_1_496' title='bbox 1682 3149 1810 3202; x_wconf 88' lang='lat' dir='ltr'><strong>etin</strong></span> <span class='ocrx_word' id='word_1_497' title='bbox 1844 3148 2091 3203; x_wconf 86' lang='lat' dir='ltr'><strong>humani-</strong></span> 
     </span>
    </p>
   </div>
   <div class='ocr_carea' id='block_1_65' title="bbox 528 3228 2087 3302">
    <p class='ocr_par' dir='ltr' id='par_1_65' title="bbox 528 3228 2087 3302">
     <span class='ocr_line' id='line_1_65' title="bbox 528 3228 2087 3302; baseline 0.005 -19"><span class='ocrx_word' id='word_1_498' title='bbox 528 3238 637 3284; x_wconf 91' lang='lat' dir='ltr'><strong>tate</strong></span> <span class='ocrx_word' id='word_1_499' title='bbox 676 3228 986 3300; x_wconf 87' lang='lat' dir='ltr'><strong>perfectus,</strong></span> <span class='ocrx_word' id='word_1_500' title='bbox 1029 3229 1174 3285; x_wconf 88' lang='lat' dir='ltr'><strong>Patri</strong></span> <span class='ocrx_word' id='word_1_501' title='bbox 1219 3247 1316 3302; x_wconf 90' lang='lat' dir='ltr'><strong>per</strong></span> <span class='ocrx_word' id='word_1_502' title='bbox 1356 3233 1539 3289; x_wconf 90' lang='lat' dir='ltr'><strong>omnia</strong></span> <span class='ocrx_word' id='word_1_503' title='bbox 1579 3235 1773 3290; x_wconf 87' lang='lat' dir='ltr'><strong>similis</strong></span> <span class='ocrx_word' id='word_1_504' title='bbox 1803 3276 1818 3302; x_wconf 92' lang='lat'><strong>,</strong></span> <span class='ocrx_word' id='word_1_505' title='bbox 1848 3245 1904 3290; x_wconf 90' lang='lat' dir='ltr'><strong>et</strong></span> <span class='ocrx_word' id='word_1_506' title='bbox 1932 3236 2087 3292; x_wconf 88' lang='lat' dir='ltr'><strong>nobis</strong></span> 
     </span>
    </p>
   </div>
   <div class='ocr_carea' id='block_1_66' title="bbox 528 3320 2086 3395">
    <p class='ocr_par' dir='ltr' id='par_1_66' title="bbox 528 3320 2086 3395">
     <span class='ocr_line' id='line_1_66' title="bbox 528 3320 2086 3395; baseline 0.004 -19"><span class='ocrx_word' id='word_1_507' title='bbox 528 3337 626 3394; x_wconf 89' lang='lat' dir='ltr'><strong>per</strong></span> <span class='ocrx_word' id='word_1_508' title='bbox 669 3320 852 3376; x_wconf 89' lang='lat' dir='ltr'><strong>omnia</strong></span> <span class='ocrx_word' id='word_1_509' title='bbox 878 3322 1353 3380; x_wconf 88' lang='lat' dir='ltr'><strong>consubstantialis</strong></span> <span class='ocrx_word' id='word_1_510' title='bbox 1373 3366 1389 3391; x_wconf 94' lang='lat'><strong>,</strong></span> <span class='ocrx_word' id='word_1_511' title='bbox 1434 3326 1530 3381; x_wconf 88' lang='lat' dir='ltr'><strong>sed</strong></span> <span class='ocrx_word' id='word_1_512' title='bbox 1559 3325 1736 3381; x_wconf 90' lang='lat' dir='ltr'><strong>omnis</strong></span> <span class='ocrx_word' id='word_1_513' title='bbox 1762 3328 1967 3395; x_wconf 85' lang='lat' dir='ltr'><strong>peccati</strong></span> <span class='ocrx_word' id='word_1_514' title='bbox 1989 3342 2086 3382; x_wconf 81' lang='lat' dir='ltr'><strong>ex-</strong></span> 
     </span>
    </p>
   </div>
   <div class='ocr_carea' id='block_1_67' title="bbox 526 3424 676 3481">
    <p class='ocr_par' dir='ltr' id='par_1_67' title="bbox 526 3424 676 3481">
     <span class='ocr_line' id='line_1_67' title="bbox 526 3424 676 3481; baseline 0.02 -17"><span class='ocrx_word' id='word_1_515' title='bbox 526 3424 676 3481; x_wconf 83' lang='lat' dir='ltr'><strong>pers.</strong></span> 
     </span>
    </p>
   </div>
   <div class='ocr_carea' id='block_1_68' title="bbox 2191 3147 3753 3222">
    <p class='ocr_par' dir='ltr' id='par_1_68' title="bbox 2191 3147 3753 3222">
     <span class='ocr_line' id='line_1_68' title="bbox 2191 3147 3753 3222; baseline -0.003 -18"><span class='ocrx_word' id='word_1_516' title='bbox 2191 3150 2459 3222; x_wconf 84' lang='grc' dir='ltr'>παρέσχεν</span> <span class='ocrx_word' id='word_1_517' title='bbox 2484 3150 2545 3203; x_wconf 85' lang='grc' dir='ltr'>τὸ</span> <span class='ocrx_word' id='word_1_518' title='bbox 2569 3150 2721 3219; x_wconf 80' lang='grc' dir='ltr'>ἁγιον</span> <span class='ocrx_word' id='word_1_519' title='bbox 2755 3148 2976 3219; x_wconf 82' lang='grc' dir='ltr'>Πνεῦμα</span> <span class='ocrx_word' id='word_1_520' title='bbox 2999 3166 3012 3179; x_wconf 89' lang='grc'><strong>·</strong></span> <span class='ocrx_word' id='word_1_521' title='bbox 3046 3151 3080 3221; x_wconf 89' lang='grc' dir='ltr'><strong>ή</strong></span> <span class='ocrx_word' id='word_1_522' title='bbox 3109 3149 3164 3202; x_wconf 84' lang='grc' dir='ltr'><strong>δὲ</strong></span> <span class='ocrx_word' id='word_1_523' title='bbox 3195 3148 3420 3220; x_wconf 85' lang='grc' dir='ltr'>ἁλήθεια</span> <span class='ocrx_word' id='word_1_524' title='bbox 3452 3148 3548 3202; x_wconf 80' lang='grc' dir='ltr'><strong>τοῦ</strong></span> <span class='ocrx_word' id='word_1_525' title='bbox 3573 3147 3753 3219; x_wconf 78' lang='grc' dir='ltr'>σώμα-</span> 
     </span>
    </p>
   </div>
   <div class='ocr_carea' id='block_1_69' title="bbox 2189 3237 3754 3311">
    <p class='ocr_par' dir='ltr' id='par_1_69' title="bbox 2189 3237 3754 3311">
     <span class='ocr_line' id='line_1_69' title="bbox 2189 3237 3754 3311; baseline -0.001 -18"><span class='ocrx_word' id='word_1_526' title='bbox 2189 3257 2280 3303; x_wconf 91' lang='grc' dir='ltr'><strong>τος</strong></span> <span class='ocrx_word' id='word_1_527' title='bbox 2327 3238 2674 3310; x_wconf 82' lang='grc' dir='ltr'>προσελήφθη</span> <span class='ocrx_word' id='word_1_528' title='bbox 2706 3240 2771 3292; x_wconf 80' lang='grc' dir='ltr'>ὲκ</span> <span class='ocrx_word' id='word_1_529' title='bbox 2793 3237 2886 3291; x_wconf 88' lang='grc' dir='ltr'><strong>τοῦ</strong></span> <span class='ocrx_word' id='word_1_530' title='bbox 2927 3237 3174 3309; x_wconf 85' lang='grc' dir='ltr'>σώματος</span> <span class='ocrx_word' id='word_1_531' title='bbox 3207 3239 3395 3310; x_wconf 87' lang='grc' dir='ltr'>αὐτῆς.</span> <span class='ocrx_word' id='word_1_532' title='bbox 3432 3239 3545 3292; x_wconf 79' lang='grc' dir='ltr'><strong>Καὶ</strong></span> <span class='ocrx_word' id='word_1_533' title='bbox 3574 3238 3754 3311; x_wconf 80' lang='grc' dir='ltr'>ὥσπερ</span> 
     </span>
    </p>
   </div>
   <div class='ocr_carea' id='block_1_70' title="bbox 2189 3329 3756 3402">
    <p class='ocr_par' dir='ltr' id='par_1_70' title="bbox 2189 3329 3756 3402">
     <span class='ocr_line' id='line_1_70' title="bbox 2189 3329 3756 3402; baseline -0.001 -17"><span class='ocrx_word' id='word_1_534' title='bbox 2189 3332 2219 3385; x_wconf 88' lang='grc' dir='ltr'>ὁ</span> <span class='ocrx_word' id='word_1_535' title='bbox 2251 3329 2591 3402; x_wconf 86' lang='grc' dir='ltr'>μαργαρίτης</span> <span class='ocrx_word' id='word_1_536' title='bbox 2621 3332 2684 3384; x_wconf 83' lang='grc' dir='ltr'>ὲκ</span> <span class='ocrx_word' id='word_1_537' title='bbox 2721 3330 2827 3385; x_wconf 85' lang='grc' dir='ltr'><strong>τῶν</strong></span> <span class='ocrx_word' id='word_1_538' title='bbox 2858 3330 2952 3385; x_wconf 89' lang='grc' dir='ltr'>δύο</span> <span class='ocrx_word' id='word_1_539' title='bbox 2983 3331 3216 3401; x_wconf 85' lang='grc' dir='ltr'>φύσεων,</span> <span class='ocrx_word' id='word_1_540' title='bbox 3251 3330 3309 3397; x_wconf 74' lang='grc' dir='ltr'><strong>ἐξ</strong></span> <span class='ocrx_word' id='word_1_541' title='bbox 3342 3332 3635 3402; x_wconf 81' lang='grc' dir='ltr'>ἀστραπῆς</span> <span class='ocrx_word' id='word_1_542' title='bbox 3667 3332 3756 3384; x_wconf 71' lang='grc' dir='ltr'>καὶ</span> 
     </span>
    </p>
   </div>
   <div class='ocr_carea' id='block_1_71' title="bbox 2194 3420 3759 3495">
    <p class='ocr_par' dir='ltr' id='par_1_71' title="bbox 2194 3420 3759 3495">
     <span class='ocr_line' id='line_1_71' title="bbox 2194 3420 3759 3495; baseline 0 -21"><span class='ocrx_word' id='word_1_543' title='bbox 2194 3420 2404 3487; x_wconf 78' lang='grc' dir='ltr'>ὓδατος,</span> <span class='ocrx_word' id='word_1_544' title='bbox 2433 3423 2498 3475; x_wconf 81' lang='grc' dir='ltr'>ἐκ</span> <span class='ocrx_word' id='word_1_545' title='bbox 2514 3421 2621 3475; x_wconf 83' lang='grc' dir='ltr'><strong>τῶν</strong></span> <span class='ocrx_word' id='word_1_546' title='bbox 2636 3422 2843 3494; x_wconf 87' lang='grc' dir='ltr'>ἀδήλων</span> <span class='ocrx_word' id='word_1_547' title='bbox 2871 3423 3111 3494; x_wconf 87' lang='grc' dir='ltr'>σημείων</span> <span class='ocrx_word' id='word_1_548' title='bbox 3134 3424 3231 3494; x_wconf 89' lang='grc' dir='ltr'><strong>τῆς</strong></span> <span class='ocrx_word' id='word_1_549' title='bbox 3264 3422 3542 3494; x_wconf 75' lang='grc' dir='ltr'>θαλάσσης</span> <span class='ocrx_word' id='word_1_550' title='bbox 3570 3424 3759 3495; x_wconf 75' lang='grc' dir='ltr'>προέρ-</span> 
     </span>
    </p>
   </div>
   <div class='ocr_carea' id='block_1_72' title="bbox 527 3506 3756 3590">
    <p class='ocr_par' dir='ltr' id='par_1_72' title="bbox 527 3506 3756 3590">
     <span class='ocr_line' id='line_1_72' title="bbox 527 3506 3756 3590; baseline 0.005 -31"><span class='ocrx_word' id='word_1_551' title='bbox 527 3522 707 3577; x_wconf 84' lang='grc' dir='ltr'>χεται’</span> <span class='ocrx_word' id='word_1_552' title='bbox 738 3506 908 3571; x_wconf 82' lang='grc' dir='ltr'>οὓτως</span> <span class='ocrx_word' id='word_1_553' title='bbox 928 3509 1021 3562; x_wconf 77' lang='grc' dir='ltr'><strong>καὶ</strong></span> <span class='ocrx_word' id='word_1_554' title='bbox 1039 3511 1067 3563; x_wconf 89' lang='lat'><strong>6</strong></span> <span class='ocrx_word' id='word_1_555' title='bbox 1096 3509 1369 3582; x_wconf 86' lang='grc' dir='ltr'>Δεσπότης</span> <span class='ocrx_word' id='word_1_556' title='bbox 1382 3508 1538 3582; x_wconf 84' lang='grc' dir='ltr'>ήμῶν</span> <span class='ocrx_word' id='word_1_557' title='bbox 1570 3509 1777 3581; x_wconf 77' lang='grc' dir='ltr'>Ἰησοῦς</span> <span class='ocrx_word' id='word_1_558' title='bbox 1804 3514 1832 3566; x_wconf 80' lang='lat'><strong>6</strong></span> <span class='ocrx_word' id='word_1_559' title='bbox 1851 3510 2105 3585; x_wconf 82' lang='grc' dir='ltr'>Χριστὸς,</span> <span class='ocrx_word' id='word_1_560' title='bbox 2166 3516 2482 3588; x_wconf 87' lang='grc' dir='ltr'>ἁσυγχύτως</span> <span class='ocrx_word' id='word_1_561' title='bbox 2525 3518 2619 3572; x_wconf 71' lang='grc' dir='ltr'>καὶ</span> <span class='ocrx_word' id='word_1_562' title='bbox 2642 3517 2946 3590; x_wconf 80' lang='grc' dir='ltr'>ἀτρέπτως,</span> <span class='ocrx_word' id='word_1_563' title='bbox 2966 3519 3031 3573; x_wconf 81' lang='grc' dir='ltr'>ἐκ</span> <span class='ocrx_word' id='word_1_564' title='bbox 3067 3519 3165 3589; x_wconf 89' lang='grc' dir='ltr'><strong>τῆς</strong></span> <span class='ocrx_word' id='word_1_565' title='bbox 3183 3518 3427 3590; x_wconf 74' lang='grc' dir='ltr'>καθαρᾶς</span> <span class='ocrx_word' id='word_1_566' title='bbox 3450 3520 3549 3572; x_wconf 77' lang='grc' dir='ltr'>καὶ</span> <span class='ocrx_word' id='word_1_567' title='bbox 3570 3519 3756 3588; x_wconf 77' lang='grc' dir='ltr'>ἁγνῆς.</span> 
     </span>
    </p>
   </div>
   <div class='ocr_carea' id='block_1_73' title="bbox 527 3599 3760 3685">
    <p class='ocr_par' dir='ltr' id='par_1_73' title="bbox 527 3599 3760 3685">
     <span class='ocr_line' id='line_1_73' title="bbox 527 3599 3760 3685; baseline 0.003 -30"><span class='ocrx_word' id='word_1_568' title='bbox 527 3599 623 3655; x_wconf 75' lang='grc' dir='ltr'>καὶ</span> <span class='ocrx_word' id='word_1_569' title='bbox 660 3600 956 3671; x_wconf 86' lang='grc' dir='ltr'>ἁμιὰντου,</span> <span class='ocrx_word' id='word_1_570' title='bbox 992 3602 1086 3658; x_wconf 73' lang='grc' dir='ltr'>καὶ</span> <span class='ocrx_word' id='word_1_571' title='bbox 1119 3603 1280 3673; x_wconf 90' lang='grc' dir='ltr'>ἁγίας</span> <span class='ocrx_word' id='word_1_572' title='bbox 1330 3604 1604 3677; x_wconf 81' lang='grc' dir='ltr'>Παρθένου</span> <span class='ocrx_word' id='word_1_573' title='bbox 1637 3607 1858 3678; x_wconf 87' lang='grc' dir='ltr'>Μαρίας</span> <span class='ocrx_word' id='word_1_574' title='bbox 1890 3609 2238 3683; x_wconf 76' lang='grc' dir='ltr'>προέρχεται,</span> <span class='ocrx_word' id='word_1_575' title='bbox 2282 3614 2340 3665; x_wconf 83' lang='grc' dir='ltr'>ὲν</span> <span class='ocrx_word' id='word_1_576' title='bbox 2387 3612 2602 3685; x_wconf 87' lang='grc' dir='ltr'>θεότητι</span> <span class='ocrx_word' id='word_1_577' title='bbox 2640 3613 2862 3678; x_wconf 84' lang='grc' dir='ltr'>τέλειος,</span> <span class='ocrx_word' id='word_1_578' title='bbox 2903 3614 2997 3667; x_wconf 76' lang='grc' dir='ltr'>καὶ</span> <span class='ocrx_word' id='word_1_579' title='bbox 3022 3615 3077 3666; x_wconf 79' lang='grc' dir='ltr'>ὲν</span> <span class='ocrx_word' id='word_1_580' title='bbox 3119 3613 3495 3685; x_wconf 79' lang='grc' dir='ltr'>ἀνθρωπάτητι</span> <span class='ocrx_word' id='word_1_581' title='bbox 3536 3614 3760 3676; x_wconf 79' lang='grc' dir='ltr'>τέλειος,</span> 
     </span>
    </p>
   </div>
   <div class='ocr_carea' id='block_1_74' title="bbox 528 3694 2991 3780">
    <p class='ocr_par' dir='ltr' id='par_1_74' title="bbox 528 3694 2991 3780">
     <span class='ocr_line' id='line_1_74' title="bbox 528 3694 2991 3780; baseline 0.004 -31"><span class='ocrx_word' id='word_1_582' title='bbox 528 3694 669 3749; x_wconf 86' lang='grc' dir='ltr'><strong>κατὰ</strong></span> <span class='ocrx_word' id='word_1_583' title='bbox 710 3696 886 3751; x_wconf 79' lang='grc' dir='ltr'>πάντα</span> <span class='ocrx_word' id='word_1_584' title='bbox 927 3698 1111 3769; x_wconf 82' lang='grc' dir='ltr'>ὅμοιος</span> <span class='ocrx_word' id='word_1_585' title='bbox 1139 3698 1216 3771; x_wconf 83' lang='grc' dir='ltr'>τῷ</span> <span class='ocrx_word' id='word_1_586' title='bbox 1255 3700 1458 3773; x_wconf 78' lang='grc' dir='ltr'>Πατρὶ,</span> <span class='ocrx_word' id='word_1_587' title='bbox 1492 3700 1587 3754; x_wconf 70' lang='grc' dir='ltr'><strong>καί¹</strong></span> <span class='ocrx_word' id='word_1_588' title='bbox 1633 3701 1914 3773; x_wconf 78' lang='grc' dir='ltr'>ὁμοούσιος</span> <span class='ocrx_word' id='word_1_589' title='bbox 1950 3704 2080 3775; x_wconf 68' lang='grc' dir='ltr'><strong>⁴ἡμῖν</strong></span> <span class='ocrx_word' id='word_1_590' title='bbox 2113 3705 2250 3760; x_wconf 87' lang='grc' dir='ltr'><strong>κατὰ</strong></span> <span class='ocrx_word' id='word_1_591' title='bbox 2279 3706 2474 3773; x_wconf 84' lang='grc' dir='ltr'>πάντα,</span> <span class='ocrx_word' id='word_1_592' title='bbox 2505 3708 2672 3779; x_wconf 81' lang='grc' dir='ltr'>χωρὶς</span> <span class='ocrx_word' id='word_1_593' title='bbox 2703 3707 2991 3780; x_wconf 87' lang='grc' dir='ltr'>ἁμαρτίας.</span> 
     </span>
    </p>
   </div>
   <div class='ocr_carea' id='block_1_75' title="bbox 597 3792 2092 3867">
    <p class='ocr_par' dir='ltr' id='par_1_75' title="bbox 597 3792 2092 3867">
     <span class='ocr_line' id='line_1_75' title="bbox 597 3792 2092 3867; baseline 0.005 -21"><span class='ocrx_word' id='word_1_594' title='bbox 597 3792 823 3847; x_wconf 78' lang='lat' dir='ltr'><strong>Plurimi</strong></span> <span class='ocrx_word' id='word_1_595' title='bbox 870 3802 1181 3849; x_wconf 88' lang='lat' dir='ltr'><strong>sanctorum</strong></span> <span class='ocrx_word' id='word_1_596' title='bbox 1231 3793 1493 3862; x_wconf 88' lang='lat' dir='ltr'><strong>Patrum,</strong></span> <span class='ocrx_word' id='word_1_597' title='bbox 1559 3797 1989 3867; x_wconf 81' lang='lat' dir='ltr'><strong>patriarcharum</strong></span> <span class='ocrx_word' id='word_1_598' title='bbox 2038 3807 2092 3855; x_wconf 85' lang='lat' dir='ltr'><strong>et</strong></span> 
     </span>
    </p>
   </div>
   <div class='ocr_carea' id='block_1_76' title="bbox 529 3884 2093 3960">
    <p class='ocr_par' dir='ltr' id='par_1_76' title="bbox 529 3884 2093 3960">
     <span class='ocr_line' id='line_1_76' title="bbox 529 3884 2093 3960; baseline 0.004 -22"><span class='ocrx_word' id='word_1_599' title='bbox 529 3884 920 3956; x_wconf 81' lang='lat' dir='ltr'><strong>prapbetarum</strong></span> <span class='ocrx_word' id='word_1_600' title='bbox 943 3886 1320 3943; x_wconf 90' lang='lat' dir='ltr'><strong>desiderarunt</strong></span> <span class='ocrx_word' id='word_1_601' title='bbox 1345 3902 1469 3942; x_wconf 90' lang='lat' dir='ltr'><strong>eum</strong></span> <span class='ocrx_word' id='word_1_602' title='bbox 1490 3888 1673 3944; x_wconf 85' lang='lat' dir='ltr'><strong>videre</strong></span> <span class='ocrx_word' id='word_1_603' title='bbox 1697 3903 1751 3945; x_wconf 89' lang='lat' dir='ltr'><strong>et</strong></span> <span class='ocrx_word' id='word_1_604' title='bbox 1772 3906 1953 3945; x_wconf 89' lang='lat' dir='ltr'><strong>coram</strong></span> <span class='ocrx_word' id='word_1_605' title='bbox 1976 3905 2093 3960; x_wconf 89' lang='lat' dir='ltr'><strong>spe-</strong></span> 
     </span>
    </p>
   </div>
   <div class='ocr_carea' id='block_1_77' title="bbox 530 3977 2089 4051">
    <p class='ocr_par' dir='ltr' id='par_1_77' title="bbox 530 3977 2089 4051">
     <span class='ocr_line' id='line_1_77' title="bbox 530 3977 2089 4051; baseline 0.002 -18"><span class='ocrx_word' id='word_1_606' title='bbox 530 3985 765 4033; x_wconf 87' lang='lat' dir='ltr'><strong>ctatores</strong></span> <span class='ocrx_word' id='word_1_607' title='bbox 794 3977 933 4045; x_wconf 84' lang='lat' dir='ltr'><strong>fieri,</strong></span> <span class='ocrx_word' id='word_1_608' title='bbox 968 3986 1024 4032; x_wconf 92' lang='lat' dir='ltr'><strong>et</strong></span> <span class='ocrx_word' id='word_1_609' title='bbox 1047 3994 1156 4033; x_wconf 91' lang='lat' dir='ltr'><strong>non</strong></span> <span class='ocrx_word' id='word_1_610' title='bbox 1186 3989 1501 4050; x_wconf 90' lang='lat' dir='ltr'><strong>potuerunt.</strong></span> <span class='ocrx_word' id='word_1_611' title='bbox 1557 3979 1626 4035; x_wconf 88' lang='lat' dir='ltr'><strong>Et</strong></span> <span class='ocrx_word' id='word_1_612' title='bbox 1650 3980 1741 4035; x_wconf 89' lang='lat' dir='ltr'><strong>alii</strong></span> <span class='ocrx_word' id='word_1_613' title='bbox 1775 3981 1993 4051; x_wconf 87' lang='lat' dir='ltr'><strong>quidem</strong></span> <span class='ocrx_word' id='word_1_614' title='bbox 2022 3996 2089 4036; x_wconf 80' lang='lat' dir='ltr'><strong>ex</strong></span> 
     </span>
    </p>
   </div>
   <div class='ocr_carea' id='block_1_78' title="bbox 532 4070 2086 4146">
    <p class='ocr_par' dir='ltr' id='par_1_78' title="bbox 532 4070 2086 4146">
     <span class='ocr_line' id='line_1_78' title="bbox 532 4070 2086 4146; baseline -0.002 -17"><span class='ocrx_word' id='word_1_615' title='bbox 532 4070 666 4141; x_wconf 82' lang='lat' dir='ltr'><strong>ipsis</strong></span> <span class='ocrx_word' id='word_1_616' title='bbox 708 4086 805 4142; x_wconf 89' lang='lat' dir='ltr'><strong>per</strong></span> <span class='ocrx_word' id='word_1_617' title='bbox 846 4072 1083 4128; x_wconf 86' lang='lat' dir='ltr'><strong>visiones</strong></span> <span class='ocrx_word' id='word_1_618' title='bbox 1110 4073 1475 4128; x_wconf 89' lang='lat' dir='ltr'><strong>adumbratim</strong></span> <span class='ocrx_word' id='word_1_619' title='bbox 1508 4072 1565 4127; x_wconf 91' lang='lat' dir='ltr'><strong>in</strong></span> <span class='ocrx_word' id='word_1_620' title='bbox 1590 4072 1965 4144; x_wconf 67' lang='lat' dir='ltr'><strong>aanigmatibus</strong></span> <span class='ocrx_word' id='word_1_621' title='bbox 1989 4072 2086 4146; x_wconf 80' lang='grc' dir='ltr'>[αι.</span> 
     </span>
    </p>
   </div>
   <div class='ocr_carea' id='block_1_79' title="bbox 534 4162 2092 4236">
    <p class='ocr_par' dir='ltr' id='par_1_79' title="bbox 534 4162 2092 4236">
     <span class='ocr_line' id='line_1_79' title="bbox 534 4162 2092 4236; baseline 0.001 -18"><span class='ocrx_word' id='word_1_622' title='bbox 534 4162 589 4218; x_wconf 89' lang='lat' dir='ltr'><strong>in</strong></span> <span class='ocrx_word' id='word_1_623' title='bbox 617 4162 922 4236; x_wconf 69' lang='lat' dir='ltr'><strong>aenigmate]</strong></span> <span class='ocrx_word' id='word_1_624' title='bbox 969 4173 1396 4235; x_wconf 82' lang='lat' dir='ltr'><strong>conspexerunt;</strong></span> <span class='ocrx_word' id='word_1_625' title='bbox 1447 4164 1540 4218; x_wconf 89' lang='lat' dir='ltr'><strong>alii</strong></span> <span class='ocrx_word' id='word_1_626' title='bbox 1587 4179 1713 4219; x_wconf 87' lang='lat' dir='ltr'><strong>vero</strong></span> <span class='ocrx_word' id='word_1_627' title='bbox 1755 4164 1809 4218; x_wconf 92' lang='lat' dir='ltr'><strong>in</strong></span> <span class='ocrx_word' id='word_1_628' title='bbox 1839 4165 2092 4221; x_wconf 88' lang='lat' dir='ltr'><strong>columna</strong></span> 
     </span>
    </p>
   </div>
   <div class='ocr_carea' id='block_1_80' title="bbox 534 4255 2095 4322">
    <p class='ocr_par' dir='ltr' id='par_1_80' title="bbox 534 4255 2095 4322">
     <span class='ocr_line' id='line_1_80' title="bbox 534 4255 2095 4322; baseline 0.001 -12"><span class='ocrx_word' id='word_1_629' title='bbox 534 4255 696 4311; x_wconf 87' lang='lat' dir='ltr'><strong>nubis</strong></span> <span class='ocrx_word' id='word_1_630' title='bbox 719 4256 959 4311; x_wconf 89' lang='lat' dir='ltr'><strong>divinam</strong></span> <span class='ocrx_word' id='word_1_631' title='bbox 999 4272 1190 4312; x_wconf 85' lang='lat' dir='ltr'><strong>vocem</strong></span> <span class='ocrx_word' id='word_1_632' title='bbox 1223 4258 1531 4322; x_wconf 87' lang='lat' dir='ltr'><strong>audierunt,</strong></span> <span class='ocrx_word' id='word_1_633' title='bbox 1562 4266 1618 4312; x_wconf 90' lang='lat' dir='ltr'><strong>et</strong></span> <span class='ocrx_word' id='word_1_634' title='bbox 1646 4267 1958 4313; x_wconf 83' lang='lat' dir='ltr'><strong>sanctorum</strong></span> <span class='ocrx_word' id='word_1_635' title='bbox 1995 4272 2095 4313; x_wconf 89' lang='lat' dir='ltr'><strong>an-</strong></span> 
     </span>
    </p>
   </div>
   <div class='ocr_carea' id='block_1_81' title="bbox 533 4347 2096 4419">
    <p class='ocr_par' dir='ltr' id='par_1_81' title="bbox 533 4347 2096 4419">
     <span class='ocr_line' id='line_1_81' title="bbox 533 4347 2096 4419; baseline 0 -16"><span class='ocrx_word' id='word_1_636' title='bbox 533 4348 774 4419; x_wconf 85' lang='lat' dir='ltr'><strong>gelorum</strong></span> <span class='ocrx_word' id='word_1_637' title='bbox 806 4348 1117 4419; x_wconf 88' lang='lat' dir='ltr'><strong>aspectibus</strong></span> <span class='ocrx_word' id='word_1_638' title='bbox 1158 4349 1311 4419; x_wconf 90' lang='lat' dir='ltr'><strong>potiti</strong></span> <span class='ocrx_word' id='word_1_639' title='bbox 1354 4356 1513 4415; x_wconf 89' lang='lat' dir='ltr'><strong>sunt;</strong></span> <span class='ocrx_word' id='word_1_640' title='bbox 1554 4349 1622 4404; x_wconf 91' lang='lat' dir='ltr'><strong>ad</strong></span> <span class='ocrx_word' id='word_1_641' title='bbox 1654 4347 1883 4404; x_wconf 85' lang='lat' dir='ltr'><strong>Mariam</strong></span> <span class='ocrx_word' id='word_1_642' title='bbox 1914 4356 2096 4404; x_wconf 91' lang='lat' dir='ltr'><strong>autem</strong></span> 
     </span>
    </p>
   </div>
   <div class='ocr_carea' id='block_1_82' title="bbox 533 4439 2094 4513">
    <p class='ocr_par' dir='ltr' id='par_1_82' title="bbox 533 4439 2094 4513">
     <span class='ocr_line' id='line_1_82' title="bbox 533 4439 2094 4513; baseline 0.001 -18"><span class='ocrx_word' id='word_1_643' title='bbox 533 4440 796 4512; x_wconf 86' lang='lat' dir='ltr'><strong>virginem</strong></span> <span class='ocrx_word' id='word_1_644' title='bbox 838 4441 1008 4496; x_wconf 90' lang='lat' dir='ltr'><strong>solam</strong></span> <span class='ocrx_word' id='word_1_645' title='bbox 1054 4449 1297 4496; x_wconf 87' lang='lat' dir='ltr'><strong>sanctam</strong></span> <span class='ocrx_word' id='word_1_646' title='bbox 1340 4439 1555 4494; x_wconf 89' lang='lat' dir='ltr'><strong>Gabriel</strong></span> <span class='ocrx_word' id='word_1_647' title='bbox 1603 4441 1960 4510; x_wconf 82' lang='lat' dir='ltr'><strong>archangelus</strong></span> <span class='ocrx_word' id='word_1_648' title='bbox 1996 4440 2094 4513; x_wconf 84' lang='grc' dir='ltr'>[ιιι.</span> 
     </span>
    </p>
   </div>
   <div class='ocr_carea' id='block_1_83' title="bbox 534 4531 2097 4604">
    <p class='ocr_par' dir='ltr' id='par_1_83' title="bbox 534 4531 2097 4604">
     <span class='ocr_line' id='line_1_83' title="bbox 534 4531 2097 4604; baseline 0.001 -18"><span class='ocrx_word' id='word_1_649' title='bbox 534 4531 799 4604; x_wconf 70' lang='grc' dir='ltr'><strong>ιηεθιιιε]</strong></span> <span class='ocrx_word' id='word_1_650' title='bbox 821 4532 970 4587; x_wconf 86' lang='lat' dir='ltr'><strong>claro</strong></span> <span class='ocrx_word' id='word_1_651' title='bbox 1008 4532 1214 4585; x_wconf 88' lang='lat' dir='ltr'><strong>lumine</strong></span> <span class='ocrx_word' id='word_1_652' title='bbox 1244 4532 1421 4598; x_wconf 87' lang='lat' dir='ltr'><strong>venit,</strong></span> <span class='ocrx_word' id='word_1_653' title='bbox 1454 4531 1581 4598; x_wconf 85' lang='lat' dir='ltr'><strong>Ave,</strong></span> <span class='ocrx_word' id='word_1_654' title='bbox 1608 4533 1784 4602; x_wconf 88' lang='lat' dir='ltr'><strong>gratia</strong></span> <span class='ocrx_word' id='word_1_655' title='bbox 1810 4531 1997 4601; x_wconf 86' lang='lat' dir='ltr'><strong>plena,</strong></span> <span class='ocrx_word' id='word_1_656' title='bbox 2046 4532 2097 4588; x_wconf 83' lang='lat' dir='ltr'><strong>ei</strong></span> 
     </span>
    </p>
   </div>
   <div class='ocr_carea' id='block_1_84' title="bbox 536 4624 2097 4696">
    <p class='ocr_par' dir='ltr' id='par_1_84' title="bbox 536 4624 2097 4696">
     <span class='ocr_line' id='line_1_84' title="bbox 536 4624 2097 4696; baseline 0.001 -16"><span class='ocrx_word' id='word_1_657' title='bbox 536 4625 905 4692; x_wconf 85' lang='lat' dir='ltr'><strong>annuntians;</strong></span> <span class='ocrx_word' id='word_1_658' title='bbox 953 4633 1010 4681; x_wconf 88' lang='lat' dir='ltr'><strong>et</strong></span> <span class='ocrx_word' id='word_1_659' title='bbox 1057 4624 1136 4681; x_wconf 87' lang='lat' dir='ltr'><strong>sic</strong></span> <span class='ocrx_word' id='word_1_660' title='bbox 1180 4625 1298 4696; x_wconf 87' lang='lat' dir='ltr'><strong>ipsa</strong></span> <span class='ocrx_word' id='word_1_661' title='bbox 1349 4624 1586 4681; x_wconf 85' lang='lat' dir='ltr'><strong>Verbum</strong></span> <span class='ocrx_word' id='word_1_662' title='bbox 1639 4627 1897 4696; x_wconf 86' lang='lat' dir='ltr'><strong>suscepit,</strong></span> <span class='ocrx_word' id='word_1_663' title='bbox 1944 4636 2001 4682; x_wconf 90' lang='lat' dir='ltr'><strong>et</strong></span> <span class='ocrx_word' id='word_1_664' title='bbox 2042 4628 2097 4682; x_wconf 91' lang='lat' dir='ltr'><strong>in</strong></span> 
     </span>
    </p>
   </div>
   <div class='ocr_carea' id='block_1_85' title="bbox 538 4718 2102 4789">
    <p class='ocr_par' dir='ltr' id='par_1_85' title="bbox 538 4718 2102 4789">
     <span class='ocr_line' id='line_1_85' title="bbox 538 4718 2102 4789; baseline 0.001 -18"><span class='ocrx_word' id='word_1_665' title='bbox 538 4724 783 4786; x_wconf 89' lang='lat' dir='ltr'><strong>tempore</strong></span> <span class='ocrx_word' id='word_1_666' title='bbox 812 4730 1088 4787; x_wconf 71' lang='lat' dir='ltr'><strong>corporea:</strong></span> <span class='ocrx_word' id='word_1_667' title='bbox 1118 4718 1498 4787; x_wconf 88' lang='lat' dir='ltr'><strong>completionis</strong></span> <span class='ocrx_word' id='word_1_668' title='bbox 1528 4719 1821 4789; x_wconf 88' lang='lat' dir='ltr'><strong>pretiosam</strong></span> <span class='ocrx_word' id='word_1_669' title='bbox 1845 4718 2102 4789; x_wconf 87' lang='lat' dir='ltr'><strong>margari-</strong></span> 
     </span>
    </p>
   </div>
   <div class='ocr_carea' id='block_1_86' title="bbox 540 4807 2099 4881">
    <p class='ocr_par' dir='ltr' id='par_1_86' title="bbox 540 4807 2099 4881">
     <span class='ocr_line' id='line_1_86' title="bbox 540 4807 2099 4881; baseline 0 -18"><span class='ocrx_word' id='word_1_670' title='bbox 540 4816 651 4863; x_wconf 86' lang='lat' dir='ltr'><strong>tam</strong></span> <span class='ocrx_word' id='word_1_671' title='bbox 674 4807 945 4878; x_wconf 83' lang='lat' dir='ltr'><strong>produxit.</strong></span> <span class='ocrx_word' id='word_1_672' title='bbox 998 4807 1200 4865; x_wconf 87' lang='lat' dir='ltr'><strong>Adeste</strong></span> <span class='ocrx_word' id='word_1_673' title='bbox 1239 4810 1432 4880; x_wconf 84' lang='lat' dir='ltr'><strong>igitur,</strong></span> <span class='ocrx_word' id='word_1_674' title='bbox 1476 4825 1575 4865; x_wconf 83' lang='lat' dir='ltr'><strong>vos</strong></span> <span class='ocrx_word' id='word_1_675' title='bbox 1602 4825 1818 4881; x_wconf 89' lang='lat' dir='ltr'><strong>quoque</strong></span> <span class='ocrx_word' id='word_1_676' title='bbox 1841 4810 2099 4866; x_wconf 87' lang='lat' dir='ltr'><strong>charissi-</strong></span> 
     </span>
    </p>
   </div>
   <div class='ocr_carea' id='block_1_87' title="bbox 540 4900 2097 4972">
    <p class='ocr_par' dir='ltr' id='par_1_87' title="bbox 540 4900 2097 4972">
     <span class='ocr_line' id='line_1_87' title="bbox 540 4900 2097 4972; baseline 0.002 -17"><span class='ocrx_word' id='word_1_677' title='bbox 540 4900 638 4964; x_wconf 85' lang='lat' dir='ltr'><strong>mi,</strong></span> <span class='ocrx_word' id='word_1_678' title='bbox 688 4908 742 4955; x_wconf 90' lang='lat' dir='ltr'><strong>et</strong></span> <span class='ocrx_word' id='word_1_679' title='bbox 784 4900 962 4956; x_wconf 87' lang='lat' dir='ltr'><strong>dulcia</strong></span> <span class='ocrx_word' id='word_1_680' title='bbox 1004 4902 1168 4956; x_wconf 81' lang='lat' dir='ltr'><strong>verba</strong></span> <span class='ocrx_word' id='word_1_681' title='bbox 1210 4901 1301 4956; x_wconf 87' lang='lat' dir='ltr'><strong>illa</strong></span> <span class='ocrx_word' id='word_1_682' title='bbox 1339 4917 1407 4956; x_wconf 79' lang='lat' dir='ltr'><strong>ex</strong></span> <span class='ocrx_word' id='word_1_683' title='bbox 1435 4902 1669 4972; x_wconf 88' lang='lat' dir='ltr'><strong>spiritali</strong></span> <span class='ocrx_word' id='word_1_684' title='bbox 1693 4901 1858 4957; x_wconf 88' lang='lat' dir='ltr'><strong>David</strong></span> <span class='ocrx_word' id='word_1_685' title='bbox 1886 4904 2097 4958; x_wconf 89' lang='lat' dir='ltr'><strong>cithara</strong></span> 
     </span>
    </p>
   </div>
   <div class='ocr_carea' id='block_1_88' title="bbox 539 4993 2097 5064">
    <p class='ocr_par' dir='ltr' id='par_1_88' title="bbox 539 4993 2097 5064">
     <span class='ocr_line' id='line_1_88' title="bbox 539 4993 2097 5064; baseline 0.001 -17"><span class='ocrx_word' id='word_1_686' title='bbox 539 4993 700 5049; x_wconf 90' lang='lat' dir='ltr'><strong>nobis</strong></span> <span class='ocrx_word' id='word_1_687' title='bbox 743 5002 1124 5063; x_wconf 66' lang='lat' dir='ltr'><strong>repraesentata</strong></span> <span class='ocrx_word' id='word_1_688' title='bbox 1171 4995 1520 5051; x_wconf 88' lang='lat' dir='ltr'><strong>decantemus</strong></span> <span class='ocrx_word' id='word_1_689' title='bbox 1544 5036 1559 5063; x_wconf 95' lang='lat'><strong>,</strong></span> <span class='ocrx_word' id='word_1_690' title='bbox 1592 4995 1868 5051; x_wconf 85' lang='lat' dir='ltr'><strong>dicentes:</strong></span> <span class='ocrx_word' id='word_1_691' title='bbox 1910 4994 2097 5064; x_wconf 83' lang='lat' dir='ltr'><strong>Surge,</strong></span> 
     </span>
    </p>
   </div>
   <div class='ocr_carea' id='block_1_89' title="bbox 543 5083 2103 5155">
    <p class='ocr_par' dir='ltr' id='par_1_89' title="bbox 543 5083 2103 5155">
     <span class='ocr_line' id='line_1_89' title="bbox 543 5083 2103 5155; baseline 0 -16"><span class='ocrx_word' id='word_1_692' title='bbox 543 5083 784 5146; x_wconf 84' lang='lat' dir='ltr'><strong>Domine.</strong></span> <span class='ocrx_word' id='word_1_693' title='bbox 833 5086 888 5140; x_wconf 85' lang='lat' dir='ltr'><strong>in</strong></span> <span class='ocrx_word' id='word_1_694' title='bbox 918 5089 1144 5155; x_wconf 86' lang='lat' dir='ltr'><strong>requiem</strong></span> <span class='ocrx_word' id='word_1_695' title='bbox 1176 5096 1342 5151; x_wconf 87' lang='lat' dir='ltr'><strong>tuam,</strong></span> <span class='ocrx_word' id='word_1_696' title='bbox 1383 5095 1459 5150; x_wconf 85' lang='lat' dir='ltr'><strong>tu,</strong></span> <span class='ocrx_word' id='word_1_697' title='bbox 1486 5097 1535 5140; x_wconf 86' lang='lat' dir='ltr'><strong>et</strong></span> <span class='ocrx_word' id='word_1_698' title='bbox 1565 5103 1691 5140; x_wconf 84' lang='lat' dir='ltr'><strong>arca</strong></span> <span class='ocrx_word' id='word_1_699' title='bbox 1720 5086 2103 5154; x_wconf 81' lang='lat' dir='ltr'><strong>sanctiﬁcatio-</strong></span> 
     </span>
    </p>
   </div>
   <div class='ocr_carea' id='block_1_90' title="bbox 544 5173 2099 5243">
    <p class='ocr_par' dir='ltr' id='par_1_90' title="bbox 544 5173 2099 5243">
     <span class='ocr_line' id='line_1_90' title="bbox 544 5173 2099 5243; baseline -0.001 -13"><span class='ocrx_word' id='word_1_700' title='bbox 544 5174 627 5230; x_wconf 81' lang='lat' dir='ltr'><strong>nis</strong></span> <span class='ocrx_word' id='word_1_701' title='bbox 656 5184 759 5230; x_wconf 75' lang='lat' dir='ltr'><strong>tua:</strong></span> <span class='ocrx_word' id='word_1_702' title='bbox 788 5174 854 5230; x_wconf 84' lang='lat'><strong>”.</strong></span> <span class='ocrx_word' id='word_1_703' title='bbox 901 5173 1040 5231; x_wconf 86' lang='lat' dir='ltr'><strong>Vere</strong></span> <span class='ocrx_word' id='word_1_704' title='bbox 1087 5174 1233 5230; x_wconf 90' lang='lat' dir='ltr'><strong>enim</strong></span> <span class='ocrx_word' id='word_1_705' title='bbox 1264 5191 1392 5231; x_wconf 88' lang='lat' dir='ltr'><strong>arca</strong></span> <span class='ocrx_word' id='word_1_706' title='bbox 1425 5187 1507 5231; x_wconf 89' lang='lat' dir='ltr'><strong>est</strong></span> <span class='ocrx_word' id='word_1_707' title='bbox 1537 5175 1882 5232; x_wconf 85' lang='lat' dir='ltr'><strong>sanctissima</strong></span> <span class='ocrx_word' id='word_1_708' title='bbox 1918 5173 2099 5243; x_wconf 82' lang='lat' dir='ltr'><strong>Virgo,</strong></span> 
     </span>
    </p>
   </div>
   <div class='ocr_carea' id='block_1_91' title="bbox 546 5267 2101 5336">
    <p class='ocr_par' dir='ltr' id='par_1_91' title="bbox 546 5267 2101 5336">
     <span class='ocr_line' id='line_1_91' title="bbox 546 5267 2101 5336; baseline -0.002 -13"><span class='ocrx_word' id='word_1_709' title='bbox 546 5268 874 5325; x_wconf 88' lang='lat' dir='ltr'><strong>intrinsecus</strong></span> <span class='ocrx_word' id='word_1_710' title='bbox 899 5278 953 5325; x_wconf 90' lang='lat' dir='ltr'><strong>et</strong></span> <span class='ocrx_word' id='word_1_711' title='bbox 974 5269 1313 5327; x_wconf 82' lang='lat' dir='ltr'><strong>extrinsecus</strong></span> <span class='ocrx_word' id='word_1_712' title='bbox 1334 5267 1613 5333; x_wconf 85' lang='lat' dir='ltr'><strong>deaurata,</strong></span> <span class='ocrx_word' id='word_1_713' title='bbox 1642 5282 1764 5336; x_wconf 57' lang='lat' dir='ltr'><strong>quae</strong></span> <span class='ocrx_word' id='word_1_714' title='bbox 1792 5267 2101 5322; x_wconf 88' lang='lat' dir='ltr'><strong>universum</strong></span> 
     </span>
    </p>
   </div>
   <div class='ocr_carea' id='block_1_92' title="bbox 546 5358 2101 5431">
    <p class='ocr_par' dir='ltr' id='par_1_92' title="bbox 546 5358 2101 5431">
     <span class='ocr_line' id='line_1_92' title="bbox 546 5358 2101 5431; baseline -0.003 -13"><span class='ocrx_word' id='word_1_715' title='bbox 546 5361 987 5419; x_wconf 76' lang='lat' dir='ltr'><strong>sanctiﬁcationis</strong></span> <span class='ocrx_word' id='word_1_716' title='bbox 1020 5362 1337 5417; x_wconf 88' lang='lat' dir='ltr'><strong>thesaurum</strong></span> <span class='ocrx_word' id='word_1_717' title='bbox 1363 5360 1617 5431; x_wconf 86' lang='lat' dir='ltr'><strong>suscepit.</strong></span> <span class='ocrx_word' id='word_1_718' title='bbox 1649 5358 1836 5431; x_wconf 84' lang='lat' dir='ltr'><strong>Surge,</strong></span> <span class='ocrx_word' id='word_1_719' title='bbox 1862 5360 2101 5426; x_wconf 86' lang='lat' dir='ltr'><strong>Domine,</strong></span> 
     </span>
    </p>
   </div>
   <div class='ocr_carea' id='block_1_93' title="bbox 618 5527 1731 5599">
    <p class='ocr_par' dir='ltr' id='par_1_93' title="bbox 618 5527 1731 5599">
     <span class='ocr_line' id='line_1_93' title="bbox 618 5527 1731 5599; baseline -0.002 -15"><span class='ocrx_word' id='word_1_720' title='bbox 618 5529 662 5562; x_wconf 80' lang='grc'><strong>⁸⁸</strong></span> <span class='ocrx_word' id='word_1_721' title='bbox 682 5529 826 5586; x_wconf 85' lang='lat' dir='ltr'><strong>Psal.</strong></span> <span class='ocrx_word' id='word_1_722' title='bbox 863 5544 1022 5599; x_wconf 78' lang='lat' dir='ltr'><strong>xmv,</strong></span> <span class='ocrx_word' id='word_1_723' title='bbox 1070 5531 1124 5586; x_wconf 81' lang='lat'><strong>&#39;5.</strong></span> <span class='ocrx_word' id='word_1_724' title='bbox 1198 5531 1243 5564; x_wconf 64' lang='grc' dir='ltr'>θ’</span> <span class='ocrx_word' id='word_1_725' title='bbox 1284 5529 1433 5585; x_wconf 89' lang='lat' dir='ltr'><strong>Psal.</strong></span> <span class='ocrx_word' id='word_1_726' title='bbox 1470 5544 1653 5595; x_wconf 74' lang='lat' dir='ltr'><strong>cum,</strong></span> <span class='ocrx_word' id='word_1_727' title='bbox 1680 5527 1731 5584; x_wconf 89' lang='lat'><strong>8.</strong></span> 
     </span>
    </p>
   </div>
   <div class='ocr_carea' id='block_1_94' title="bbox 2265 3800 3767 3874">
    <p class='ocr_par' dir='ltr' id='par_1_94' title="bbox 2265 3800 3767 3874">
     <span class='ocr_line' id='line_1_94' title="bbox 2265 3800 3767 3874; baseline 0 -20"><span class='ocrx_word' id='word_1_728' title='bbox 2265 3801 2511 3856; x_wconf 85' lang='grc' dir='ltr'>Πλεῖστοι</span> <span class='ocrx_word' id='word_1_729' title='bbox 2529 3802 2637 3856; x_wconf 84' lang='grc' dir='ltr'><strong>τῶν</strong></span> <span class='ocrx_word' id='word_1_730' title='bbox 2665 3802 2832 3871; x_wconf 88' lang='grc' dir='ltr'>ἁγίων</span> <span class='ocrx_word' id='word_1_731' title='bbox 2854 3802 3132 3873; x_wconf 81' lang='grc' dir='ltr'>Πατέρων,</span> <span class='ocrx_word' id='word_1_732' title='bbox 3156 3802 3251 3854; x_wconf 81' lang='grc' dir='ltr'>καὶ</span> <span class='ocrx_word' id='word_1_733' title='bbox 3271 3800 3650 3874; x_wconf 82' lang='grc' dir='ltr'>πατριαρχῶν,</span> <span class='ocrx_word' id='word_1_734' title='bbox 3673 3800 3767 3854; x_wconf 73' lang='grc' dir='ltr'><strong>καὶ</strong></span> 
     </span>
    </p>
   </div>
   <div class='ocr_carea' id='block_1_95' title="bbox 2196 3890 3768 3963">
    <p class='ocr_par' dir='ltr' id='par_1_95' title="bbox 2196 3890 3768 3963">
     <span class='ocr_line' id='line_1_95' title="bbox 2196 3890 3768 3963; baseline 0.003 -19"><span class='ocrx_word' id='word_1_735' title='bbox 2196 3891 2507 3962; x_wconf 85' lang='grc' dir='ltr'>προφητῶν,</span> <span class='ocrx_word' id='word_1_736' title='bbox 2545 3891 2891 3963; x_wconf 77' lang='grc' dir='ltr'>ἐπεθύμησαν</span> <span class='ocrx_word' id='word_1_737' title='bbox 2922 3890 3067 3955; x_wconf 73' lang='grc' dir='ltr'>ἰδεῖν,</span> <span class='ocrx_word' id='word_1_738' title='bbox 3088 3892 3179 3947; x_wconf 76' lang='grc' dir='ltr'>καὶ</span> <span class='ocrx_word' id='word_1_739' title='bbox 3204 3890 3465 3945; x_wconf 81' lang='grc' dir='ltr'>αὐτόπται</span> <span class='ocrx_word' id='word_1_740' title='bbox 3485 3891 3768 3960; x_wconf 71' lang='grc' dir='ltr'>γενέσθαι.</span> 
     </span>
    </p>
   </div>
   <div class='ocr_carea' id='block_1_96' title="bbox 2195 3981 3769 4053">
    <p class='ocr_par' dir='ltr' id='par_1_96' title="bbox 2195 3981 3769 4053">
     <span class='ocr_line' id='line_1_96' title="bbox 2195 3981 3769 4053; baseline -0.001 -18"><span class='ocrx_word' id='word_1_741' title='bbox 2195 3983 2289 4036; x_wconf 72' lang='grc' dir='ltr'><strong>καὶ</strong></span> <span class='ocrx_word' id='word_1_742' title='bbox 2329 3982 2388 4035; x_wconf 87' lang='grc' dir='ltr'><strong>οὐ</strong></span> <span class='ocrx_word' id='word_1_743' title='bbox 2440 3982 2744 4052; x_wconf 87' lang='grc' dir='ltr'>γεγόνασιν.</span> <span class='ocrx_word' id='word_1_744' title='bbox 2779 3982 2889 4036; x_wconf 68' lang='grc' dir='ltr'><strong>Καὶ</strong></span> <span class='ocrx_word' id='word_1_745' title='bbox 2930 3982 2980 4035; x_wconf 87' lang='grc' dir='ltr'>οἱ</span> <span class='ocrx_word' id='word_1_746' title='bbox 3031 3982 3127 4053; x_wconf 84' lang='grc' dir='ltr'>μὲν</span> <span class='ocrx_word' id='word_1_747' title='bbox 3175 3981 3388 4047; x_wconf 85' lang='grc' dir='ltr'>αὐτῶν,</span> <span class='ocrx_word' id='word_1_748' title='bbox 3420 3981 3514 4035; x_wconf 77' lang='grc' dir='ltr'>διὰ</span> <span class='ocrx_word' id='word_1_749' title='bbox 3545 3982 3769 4053; x_wconf 78' lang='grc' dir='ltr'>ὁράσεις</span> 
     </span>
    </p>
   </div>
   <div class='ocr_carea' id='block_1_97' title="bbox 2196 4071 3771 4145">
    <p class='ocr_par' dir='ltr' id='par_1_97' title="bbox 2196 4071 3771 4145">
     <span class='ocr_line' id='line_1_97' title="bbox 2196 4071 3771 4145; baseline -0.002 -16"><span class='ocrx_word' id='word_1_750' title='bbox 2196 4075 2359 4129; x_wconf 81' lang='grc' dir='ltr'>αὐτὸν</span> <span class='ocrx_word' id='word_1_751' title='bbox 2401 4074 2646 4138; x_wconf 83' lang='grc' dir='ltr'>τυπικῶς</span> <span class='ocrx_word' id='word_1_752' title='bbox 2693 4078 2752 4127; x_wconf 84' lang='grc' dir='ltr'>ὲν</span> <span class='ocrx_word' id='word_1_753' title='bbox 2810 4073 3122 4144; x_wconf 82' lang='grc' dir='ltr'>αἰνίγμασιν</span> <span class='ocrx_word' id='word_1_754' title='bbox 3165 4072 3292 4145; x_wconf 70' lang='grc' dir='ltr'><strong>[ἀλ.</strong></span> <span class='ocrx_word' id='word_1_755' title='bbox 3336 4074 3392 4127; x_wconf 83' lang='grc' dir='ltr'>ὲν</span> <span class='ocrx_word' id='word_1_756' title='bbox 3445 4071 3771 4145; x_wconf 83' lang='grc' dir='ltr'>αἰνίγματι]</span> 
     </span>
    </p>
   </div>
   <div class='ocr_carea' id='block_1_98' title="bbox 2199 4163 3773 4237">
    <p class='ocr_par' dir='ltr' id='par_1_98' title="bbox 2199 4163 3773 4237">
     <span class='ocr_line' id='line_1_98' title="bbox 2199 4163 3773 4237; baseline -0.003 -15"><span class='ocrx_word' id='word_1_757' title='bbox 2199 4167 2490 4223; x_wconf 70' lang='grc' dir='ltr'>ἐθεάσαντο</span> <span class='ocrx_word' id='word_1_758' title='bbox 2510 4184 2523 4197; x_wconf 89' lang='grc'>·</span> <span class='ocrx_word' id='word_1_759' title='bbox 2553 4167 2602 4220; x_wconf 82' lang='grc' dir='ltr'>οἱ</span> <span class='ocrx_word' id='word_1_760' title='bbox 2627 4166 2683 4218; x_wconf 85' lang='grc' dir='ltr'><strong>δὲ</strong></span> <span class='ocrx_word' id='word_1_761' title='bbox 2716 4166 2773 4218; x_wconf 79' lang='grc' dir='ltr'>ὲν</span> <span class='ocrx_word' id='word_1_762' title='bbox 2808 4166 2978 4237; x_wconf 88' lang='grc' dir='ltr'>στόλῳ</span> <span class='ocrx_word' id='word_1_763' title='bbox 3019 4164 3246 4235; x_wconf 81' lang='grc' dir='ltr'>νεφέλης</span> <span class='ocrx_word' id='word_1_764' title='bbox 3286 4163 3435 4227; x_wconf 88' lang='grc' dir='ltr'>θείας</span> <span class='ocrx_word' id='word_1_765' title='bbox 3472 4165 3665 4234; x_wconf 85' lang='grc' dir='ltr'>φωνῆς</span> <span class='ocrx_word' id='word_1_766' title='bbox 3715 4165 3773 4217; x_wconf 76' lang='grc' dir='ltr'>ὲν</span> 
     </span>
    </p>
   </div>
   <div class='ocr_carea' id='block_1_99' title="bbox 2198 4254 3777 4329">
    <p class='ocr_par' dir='ltr' id='par_1_99' title="bbox 2198 4254 3777 4329">
     <span class='ocr_line' id='line_1_99' title="bbox 2198 4254 3777 4329; baseline -0.004 -16"><span class='ocrx_word' id='word_1_767' title='bbox 2198 4257 2460 4329; x_wconf 83' lang='grc' dir='ltr'>ἀκροάσει</span> <span class='ocrx_word' id='word_1_768' title='bbox 2496 4257 2805 4326; x_wconf 88' lang='grc' dir='ltr'>γεγόνασιν,</span> <span class='ocrx_word' id='word_1_769' title='bbox 2847 4257 2939 4310; x_wconf 77' lang='grc' dir='ltr'>καὶ</span> <span class='ocrx_word' id='word_1_770' title='bbox 2972 4256 3141 4325; x_wconf 88' lang='grc' dir='ltr'>ἁγίων</span> <span class='ocrx_word' id='word_1_771' title='bbox 3187 4254 3429 4325; x_wconf 82' lang='grc' dir='ltr'>ἀγγέλων</span> <span class='ocrx_word' id='word_1_772' title='bbox 3476 4256 3777 4326; x_wconf 80' lang='grc' dir='ltr'>συνέτυχον</span> 
     </span>
    </p>
   </div>
   <div class='ocr_carea' id='block_1_100' title="bbox 2201 4344 3776 4419">
    <p class='ocr_par' dir='ltr' id='par_1_100' title="bbox 2201 4344 3776 4419">
     <span class='ocr_line' id='line_1_100' title="bbox 2201 4344 3776 4419; baseline -0.003 -16"><span class='ocrx_word' id='word_1_773' title='bbox 2201 4350 2518 4413; x_wconf 84' lang='grc' dir='ltr'>ὀπτασίαις·</span> <span class='ocrx_word' id='word_1_774' title='bbox 2571 4348 2707 4419; x_wconf 79' lang='grc' dir='ltr'>πρὸς</span> <span class='ocrx_word' id='word_1_775' title='bbox 2759 4347 2991 4419; x_wconf 81' lang='grc' dir='ltr'>Μαριὰμ.</span> <span class='ocrx_word' id='word_1_776' title='bbox 3036 4347 3092 4401; x_wconf 84' lang='grc' dir='ltr'><strong>δὲ</strong></span> <span class='ocrx_word' id='word_1_777' title='bbox 3140 4344 3411 4418; x_wconf 80' lang='grc' dir='ltr'>Παρθένον</span> <span class='ocrx_word' id='word_1_778' title='bbox 3459 4345 3629 4417; x_wconf 87' lang='grc' dir='ltr'>μόνην</span> <span class='ocrx_word' id='word_1_779' title='bbox 3676 4346 3776 4418; x_wconf 73' lang='grc' dir='ltr'><strong>τήν</strong></span> 
     </span>
    </p>
   </div>
   <div class='ocr_carea' id='block_1_101' title="bbox 2203 4436 3774 4512">
    <p class='ocr_par' dir='ltr' id='par_1_101' title="bbox 2203 4436 3774 4512">
     <span class='ocr_line' id='line_1_101' title="bbox 2203 4436 3774 4512; baseline -0.006 -13"><span class='ocrx_word' id='word_1_780' title='bbox 2203 4440 2385 4511; x_wconf 77' lang='grc' dir='ltr'>ἁγίαν,</span> <span class='ocrx_word' id='word_1_781' title='bbox 2410 4439 2644 4511; x_wconf 76' lang='grc' dir='ltr'>Γαϐριὴλ</span> <span class='ocrx_word' id='word_1_782' title='bbox 2672 4449 2701 4494; x_wconf 89' lang='lat'><strong>6</strong></span> <span class='ocrx_word' id='word_1_783' title='bbox 2730 4439 3062 4512; x_wconf 82' lang='grc' dir='ltr'>ἀρχάγγελος</span> <span class='ocrx_word' id='word_1_784' title='bbox 3253 4440 3282 4492; x_wconf 85' lang='grc' dir='ltr'>ὁ</span> <span class='ocrx_word' id='word_1_785' title='bbox 3309 4436 3577 4509; x_wconf 78' lang='grc' dir='ltr'>ἄγγελος]</span> <span class='ocrx_word' id='word_1_786' title='bbox 3598 4455 3774 4508; x_wconf 70' lang='grc' dir='ltr'>φωτι-</span> 
     </span>
    </p>
   </div>
   <div class='ocr_carea' id='block_1_102' title="bbox 2206 4528 3778 4605">
    <p class='ocr_par' dir='ltr' id='par_1_102' title="bbox 2206 4528 3778 4605">
     <span class='ocr_line' id='line_1_102' title="bbox 2206 4528 3778 4605; baseline -0.004 -17"><span class='ocrx_word' id='word_1_787' title='bbox 2206 4533 2403 4598; x_wconf 84' lang='grc' dir='ltr'>στικῶς</span> <span class='ocrx_word' id='word_1_788' title='bbox 2436 4534 2796 4605; x_wconf 76' lang='grc' dir='ltr'>παρεγένετο,</span> <span class='ocrx_word' id='word_1_789' title='bbox 2825 4532 2905 4596; x_wconf 83' lang='grc' dir='ltr'>τὸ,</span> <span class='ocrx_word' id='word_1_790' title='bbox 2935 4532 3130 4600; x_wconf 80' lang='grc' dir='ltr'>Χαῖρε,</span> <span class='ocrx_word' id='word_1_791' title='bbox 3161 4528 3778 4600; x_wconf 73' lang='grc' dir='ltr'>κεχαριτωμένη,αὐτῇ</span> 
     </span>
    </p>
   </div>
   <div class='ocr_carea' id='block_1_103' title="bbox 2203 4621 3781 4697">
    <p class='ocr_par' dir='ltr' id='par_1_103' title="bbox 2203 4621 3781 4697">
     <span class='ocr_line' id='line_1_103' title="bbox 2203 4621 3781 4697; baseline -0.002 -18"><span class='ocrx_word' id='word_1_792' title='bbox 2203 4625 2683 4697; x_wconf 79' lang='grc' dir='ltr'>εὐαγγελιζόμενος</span> <span class='ocrx_word' id='word_1_793' title='bbox 2701 4643 2713 4655; x_wconf 88' lang='grc'><strong>·</strong></span> <span class='ocrx_word' id='word_1_794' title='bbox 2749 4626 2843 4679; x_wconf 63' lang='grc' dir='ltr'><strong>καί⁵</strong></span> <span class='ocrx_word' id='word_1_795' title='bbox 2871 4624 3040 4687; x_wconf 79' lang='grc' dir='ltr'>οὕτως</span> <span class='ocrx_word' id='word_1_796' title='bbox 3070 4624 3161 4678; x_wconf 75' lang='grc' dir='ltr'><strong>τὸν</strong></span> <span class='ocrx_word' id='word_1_797' title='bbox 3182 4625 3353 4693; x_wconf 82' lang='grc' dir='ltr'>Λόγον</span> <span class='ocrx_word' id='word_1_798' title='bbox 3385 4621 3607 4687; x_wconf 74' lang='grc' dir='ltr'>ἐδέξατο</span> <span class='ocrx_word' id='word_1_799' title='bbox 3626 4666 3642 4689; x_wconf 87' lang='grc'><strong>,</strong></span> <span class='ocrx_word' id='word_1_800' title='bbox 3682 4623 3781 4676; x_wconf 75' lang='grc' dir='ltr'>καὶ</span> 
     </span>
    </p>
   </div>
   <div class='ocr_carea' id='block_1_104' title="bbox 2201 4712 3781 4789">
    <p class='ocr_par' dir='ltr' id='par_1_104' title="bbox 2201 4712 3781 4789">
     <span class='ocr_line' id='line_1_104' title="bbox 2201 4712 3781 4789; baseline -0.002 -20"><span class='ocrx_word' id='word_1_801' title='bbox 2201 4718 2258 4770; x_wconf 74' lang='grc' dir='ltr'>ὲν</span> <span class='ocrx_word' id='word_1_802' title='bbox 2288 4716 2364 4788; x_wconf 81' lang='grc' dir='ltr'>τῷ</span> <span class='ocrx_word' id='word_1_803' title='bbox 2389 4716 2565 4789; x_wconf 82' lang='grc' dir='ltr'>καιρῷ</span> <span class='ocrx_word' id='word_1_804' title='bbox 2586 4716 2681 4788; x_wconf 88' lang='grc' dir='ltr'><strong>τῆς</strong></span> <span class='ocrx_word' id='word_1_805' title='bbox 2720 4716 3031 4787; x_wconf 87' lang='grc' dir='ltr'>σωματικῆς</span> <span class='ocrx_word' id='word_1_806' title='bbox 3061 4712 3522 4786; x_wconf 83' lang='grc' dir='ltr'>συμπληρώσεως,</span> <span class='ocrx_word' id='word_1_807' title='bbox 3557 4714 3652 4768; x_wconf 81' lang='grc' dir='ltr'>τὸν</span> <span class='ocrx_word' id='word_1_808' title='bbox 3680 4729 3781 4766; x_wconf 67' lang='grc' dir='ltr'>που</span> 
     </span>
    </p>
   </div>
   <div class='ocr_carea' id='block_1_105' title="bbox 2202 4802 3782 4880">
    <p class='ocr_par' dir='ltr' id='par_1_105' title="bbox 2202 4802 3782 4880">
     <span class='ocr_line' id='line_1_105' title="bbox 2202 4802 3782 4880; baseline -0.003 -19"><span class='ocrx_word' id='word_1_809' title='bbox 2202 4807 2423 4879; x_wconf 86' lang='grc' dir='ltr'>λύτιμον</span> <span class='ocrx_word' id='word_1_810' title='bbox 2470 4808 2811 4880; x_wconf 85' lang='grc' dir='ltr'>μαργαρίτην</span> <span class='ocrx_word' id='word_1_811' title='bbox 2863 4808 3216 4879; x_wconf 80' lang='grc' dir='ltr'>προήνεγκεν.</span> <span class='ocrx_word' id='word_1_812' title='bbox 3266 4805 3429 4859; x_wconf 86' lang='grc' dir='ltr'>Δεῦτε</span> <span class='ocrx_word' id='word_1_813' title='bbox 3458 4805 3640 4860; x_wconf 88' lang='grc' dir='ltr'>τοίνυν</span> <span class='ocrx_word' id='word_1_814' title='bbox 3682 4802 3782 4858; x_wconf 84' lang='grc' dir='ltr'>καὶ</span> 
     </span>
    </p>
   </div>
   <div class='ocr_carea' id='block_1_106' title="bbox 2205 4894 3781 4971">
    <p class='ocr_par' dir='ltr' id='par_1_106' title="bbox 2205 4894 3781 4971">
     <span class='ocr_line' id='line_1_106' title="bbox 2205 4894 3781 4971; baseline -0.001 -18"><span class='ocrx_word' id='word_1_815' title='bbox 2205 4901 2379 4971; x_wconf 80' lang='grc' dir='ltr'>ὑμεῖς,</span> <span class='ocrx_word' id='word_1_816' title='bbox 2413 4894 2457 4953; x_wconf 78' lang='grc' dir='ltr'><strong>ὦ</strong></span> <span class='ocrx_word' id='word_1_817' title='bbox 2487 4901 2776 4971; x_wconf 78' lang='grc' dir='ltr'>ἀγαπητοὶ,</span> <span class='ocrx_word' id='word_1_818' title='bbox 2801 4898 2869 4953; x_wconf 88' lang='grc' dir='ltr'><strong>τὰ</strong></span> <span class='ocrx_word' id='word_1_819' title='bbox 2885 4902 2950 4951; x_wconf 81' lang='grc' dir='ltr'>ἐκ</span> <span class='ocrx_word' id='word_1_820' title='bbox 2975 4900 3072 4970; x_wconf 86' lang='grc' dir='ltr'><strong>τῆς</strong></span> <span class='ocrx_word' id='word_1_821' title='bbox 3102 4896 3195 4951; x_wconf 88' lang='grc' dir='ltr'><strong>τοῦ</strong></span> <span class='ocrx_word' id='word_1_822' title='bbox 3220 4896 3383 4951; x_wconf 74' lang='grc' dir='ltr'><strong>Δαὸὶδ</strong></span> <span class='ocrx_word' id='word_1_823' title='bbox 3414 4897 3781 4952; x_wconf 78' lang='grc' dir='ltr'>θεοπνεύστου</span> 
     </span>
    </p>
   </div>
   <div class='ocr_carea' id='block_1_107' title="bbox 2204 4989 3776 5063">
    <p class='ocr_par' dir='ltr' id='par_1_107' title="bbox 2204 4989 3776 5063">
     <span class='ocr_line' id='line_1_107' title="bbox 2204 4989 3776 5063; baseline -0.001 -18"><span class='ocrx_word' id='word_1_824' title='bbox 2204 4990 2432 5063; x_wconf 86' lang='grc' dir='ltr'>κιθάρας</span> <span class='ocrx_word' id='word_1_825' title='bbox 2451 5032 2465 5056; x_wconf 91' lang='grc'><strong>,</strong></span> <span class='ocrx_word' id='word_1_826' title='bbox 2510 4992 2642 5062; x_wconf 78' lang='grc' dir='ltr'>ἡμῖν</span> <span class='ocrx_word' id='word_1_827' title='bbox 2677 4990 2989 5061; x_wconf 77' lang='grc' dir='ltr'>δεδειγμένα</span> <span class='ocrx_word' id='word_1_828' title='bbox 3026 4990 3450 5062; x_wconf 82' lang='grc' dir='ltr'>μελῳδήσωμεν,</span> <span class='ocrx_word' id='word_1_829' title='bbox 3480 4989 3740 5058; x_wconf 78' lang='grc' dir='ltr'>λέγοντες</span> <span class='ocrx_word' id='word_1_830' title='bbox 3762 5004 3776 5017; x_wconf 92' lang='grc'><strong>·</strong></span> 
     </span>
    </p>
   </div>
   <div class='ocr_carea' id='block_1_108' title="bbox 2216 5080 3777 5151">
    <p class='ocr_par' dir='ltr' id='par_1_108' title="bbox 2216 5080 3777 5151">
     <span class='ocr_line' id='line_1_108' title="bbox 2216 5080 3777 5151; baseline -0.001 -15"><span class='ocrx_word' id='word_1_831' title='bbox 2216 5082 2555 5151; x_wconf 77' lang='grc' dir='ltr'>Ἀνάστηθι,</span> <span class='ocrx_word' id='word_1_832' title='bbox 2580 5085 2787 5150; x_wconf 79' lang='grc' dir='ltr'>Κύριε,</span> <span class='ocrx_word' id='word_1_833' title='bbox 2827 5085 2915 5149; x_wconf 78' lang='grc' dir='ltr'>εὶς</span> <span class='ocrx_word' id='word_1_834' title='bbox 2948 5080 3061 5150; x_wconf 77' lang='grc' dir='ltr'><strong>τὴν</strong></span> <span class='ocrx_word' id='word_1_835' title='bbox 3090 5080 3435 5136; x_wconf 76' lang='grc' dir='ltr'><strong>ἀνάπαυσιν</strong></span> <span class='ocrx_word' id='word_1_836' title='bbox 3476 5097 3594 5135; x_wconf 87' lang='grc' dir='ltr'><strong>σου</strong></span> <span class='ocrx_word' id='word_1_837' title='bbox 3615 5099 3629 5111; x_wconf 79' lang='lat'>&#39;</span> <span class='ocrx_word' id='word_1_838' title='bbox 3664 5082 3777 5145; x_wconf 86' lang='grc' dir='ltr'>σὺ,</span> 
     </span>
    </p>
   </div>
   <div class='ocr_carea' id='block_1_109' title="bbox 2204 5171 3778 5243">
    <p class='ocr_par' dir='ltr' id='par_1_109' title="bbox 2204 5171 3778 5243">
     <span class='ocr_line' id='line_1_109' title="bbox 2204 5171 3778 5243; baseline -0.002 -16"><span class='ocrx_word' id='word_1_839' title='bbox 2204 5173 2302 5227; x_wconf 82' lang='grc' dir='ltr'>καὶ</span> <span class='ocrx_word' id='word_1_840' title='bbox 2327 5175 2363 5240; x_wconf 76' lang='grc' dir='ltr'><strong><em>ἡ</em></strong></span> <span class='ocrx_word' id='word_1_841' title='bbox 2404 5173 2642 5240; x_wconf 81' lang='grc' dir='ltr'>κιϐωτὸς</span> <span class='ocrx_word' id='word_1_842' title='bbox 2675 5172 2782 5227; x_wconf 84' lang='grc' dir='ltr'><strong>τοῦ</strong></span> <span class='ocrx_word' id='word_1_843' title='bbox 2827 5171 3186 5243; x_wconf 77' lang='grc' dir='ltr'>ἁγιάσματός</span> <span class='ocrx_word' id='word_1_844' title='bbox 3223 5187 3359 5226; x_wconf 85' lang='grc' dir='ltr'>σου.</span> <span class='ocrx_word' id='word_1_845' title='bbox 3385 5172 3633 5236; x_wconf 78' lang='grc' dir='ltr'>Κιόωτὸς</span> <span class='ocrx_word' id='word_1_846' title='bbox 3663 5173 3778 5243; x_wconf 72' lang='grc' dir='ltr'>γὰρ</span> 
     </span>
    </p>
   </div>
   <div class='ocr_carea' id='block_1_110' title="bbox 2206 5263 3779 5337">
    <p class='ocr_par' dir='ltr' id='par_1_110' title="bbox 2206 5263 3779 5337">
     <span class='ocr_line' id='line_1_110' title="bbox 2206 5263 3779 5337; baseline -0.003 -17"><span class='ocrx_word' id='word_1_847' title='bbox 2206 5265 2437 5337; x_wconf 82' lang='grc' dir='ltr'>ἀληθῶς,</span> <span class='ocrx_word' id='word_1_848' title='bbox 2471 5268 2504 5337; x_wconf 83' lang='grc' dir='ltr'><strong>ή</strong></span> <span class='ocrx_word' id='word_1_849' title='bbox 2533 5266 2661 5334; x_wconf 83' lang='grc' dir='ltr'>ἁγία</span> <span class='ocrx_word' id='word_1_850' title='bbox 2691 5264 2983 5336; x_wconf 84' lang='grc' dir='ltr'>Παρθένος,</span> <span class='ocrx_word' id='word_1_851' title='bbox 3015 5264 3214 5318; x_wconf 70' lang='grc' dir='ltr'>ἔσωθεν</span> <span class='ocrx_word' id='word_1_852' title='bbox 3232 5264 3327 5319; x_wconf 78' lang='grc' dir='ltr'>καὶ</span> <span class='ocrx_word' id='word_1_853' title='bbox 3350 5263 3544 5329; x_wconf 75' lang='grc' dir='ltr'>ἔξωθεν</span> <span class='ocrx_word' id='word_1_854' title='bbox 3577 5281 3779 5335; x_wconf 82' lang='grc' dir='ltr'>κεχρυ-</span> 
     </span>
    </p>
   </div>
   <div class='ocr_carea' id='block_1_111' title="bbox 2210 5356 3777 5430">
    <p class='ocr_par' dir='ltr' id='par_1_111' title="bbox 2210 5356 3777 5430">
     <span class='ocr_line' id='line_1_111' title="bbox 2210 5356 3777 5430; baseline -0.001 -20"><span class='ocrx_word' id='word_1_855' title='bbox 2210 5358 2449 5429; x_wconf 83' lang='grc' dir='ltr'>σωμένη,</span> <span class='ocrx_word' id='word_1_856' title='bbox 2481 5360 2514 5430; x_wconf 90' lang='grc' dir='ltr'><strong>ή</strong></span> <span class='ocrx_word' id='word_1_857' title='bbox 2542 5357 2658 5411; x_wconf 87' lang='grc' dir='ltr'>ὅλον</span> <span class='ocrx_word' id='word_1_858' title='bbox 2686 5357 2776 5410; x_wconf 84' lang='grc' dir='ltr'>τὸν</span> <span class='ocrx_word' id='word_1_859' title='bbox 2803 5357 3074 5429; x_wconf 80' lang='grc' dir='ltr'>θησαυρὸν</span> <span class='ocrx_word' id='word_1_860' title='bbox 3090 5356 3359 5430; x_wconf 77' lang='grc' dir='ltr'>δεξαμένη</span> <span class='ocrx_word' id='word_1_861' title='bbox 3384 5356 3474 5411; x_wconf 90' lang='grc' dir='ltr'><strong>τοῦ</strong></span> <span class='ocrx_word' id='word_1_862' title='bbox 3499 5356 3777 5427; x_wconf 71' lang='grc' dir='ltr'>ἁγιάσμαο</span> 
     </span>
    </p>
   </div>
   <div class='ocr_carea' id='block_1_112' title="bbox 626 5682 3103 5760">
    <p class='ocr_par' dir='ltr' id='par_1_112' title="bbox 626 5682 3103 5760">
     <span class='ocr_line' id='line_1_112' title="bbox 626 5682 3103 5760; baseline 0 -20"><span class='ocrx_word' id='word_1_863' title='bbox 626 5684 735 5759; x_wconf 86' lang='lat' dir='ltr'><strong>(ll)</strong></span> <span class='ocrx_word' id='word_1_864' title='bbox 776 5684 983 5743; x_wconf 84' lang='lat' dir='ltr'><strong>Similia</strong></span> <span class='ocrx_word' id='word_1_865' title='bbox 1011 5697 1138 5744; x_wconf 87' lang='lat' dir='ltr'><strong>sunt</strong></span> <span class='ocrx_word' id='word_1_866' title='bbox 1160 5688 1301 5760; x_wconf 87' lang='lat' dir='ltr'><strong>apud</strong></span> <span class='ocrx_word' id='word_1_867' title='bbox 1323 5698 1570 5759; x_wconf 81' lang='lat' dir='ltr'><strong>sanctum</strong></span> <span class='ocrx_word' id='word_1_868' title='bbox 1600 5686 1848 5758; x_wconf 71' lang='lat' dir='ltr'><strong>prrmm</strong></span> <span class='ocrx_word' id='word_1_869' title='bbox 1877 5686 1928 5742; x_wconf 89' lang='lat' dir='ltr'><strong>in</strong></span> <span class='ocrx_word' id='word_1_870' title='bbox 1958 5701 2120 5745; x_wconf 87' lang='lat' dir='ltr'><strong>serm.</strong></span> <span class='ocrx_word' id='word_1_871' title='bbox 2155 5683 2227 5739; x_wconf 70' lang='lat' dir='ltr'><strong>De</strong></span> <span class='ocrx_word' id='word_1_872' title='bbox 2258 5683 2556 5756; x_wconf 78' lang='lat' dir='ltr'><strong>Margarita</strong></span> <span class='ocrx_word' id='word_1_873' title='bbox 2578 5686 2825 5754; x_wconf 76' lang='lat' dir='ltr'><strong>pretiosa,</strong></span> <span class='ocrx_word' id='word_1_874' title='bbox 2857 5692 3001 5739; x_wconf 89' lang='lat' dir='ltr'><strong>lomo</strong></span> <span class='ocrx_word' id='word_1_875' title='bbox 3020 5682 3103 5740; x_wconf 89' lang='lat' dir='ltr'><strong>lll.</strong></span> 
     </span>
    </p>
   </div>
  </div>
