3988 6200
196 289 341 346 “55

1099 285 1384 342 HOMILIA
1422 285 1443 339 l
1478 284 1544 340 ΙΝ
1586 284 2010 342 ANNUNTIAT.
2051 285 2233 343 νιιιε.
2272 287 2534 345 ΜΑΒΙᾸΞ.

3277 285 3416 340 “Si

191 424 306 470 τος.
359 404 698 473 Ἀνάστηθι,
737 408 932 476 Κύριε,
977 408 1067 468 είς
1095 406 1211 475 τὴν
1239 406 1586 462 ἀνάπαυσιν
1625 422 1762 462 σου.

1868 407 1922 459 in
1946 407 2171 476 requiem
2199 416 2363 463 tuam.
2395 408 2580 480 Surge,
2619 409 2858 470 Domine,
2888 422 2952 462 ex
2985 405 3106 462 sinu
3137 404 3333 474 Patris,
3363 415 3423 461 ut

207 497 542 566 Ἀνάστηθι,
571 501 766 569 Κύριε,
792 502 854 554 ἐκ
878 500 984 554 τῶν
1013 500 1226 554 κόλπων
1270 499 1360 554 τοῦ
1387 498 1628 572 Πατρὸς,
1674 501 1762 555 ἵνα

195 592 574 664 ἐξαναστήσῃς
599 590 660 644 τὸ
687 594 970 655 πεπτωκὸς
999 591 1152 661 γένος
1176 591 1269 644 τοῦ
1319 591 1754 663 πρωτοπλάστου.

195 681 384 735 Ταῦτα
411 679 724 752 πρεσϐεύων
754 684 783 736 ὁ
813 681 975 736 Δαϐὶδ
998 681 1132 753 πρὸς
1157 681 1255 752 τήν
1278 679 1334 747 ἐξ
1351 665 1512 733 αύτοῦ
1535 679 1760 751 μέλλου-

198 793 301 830 σαν
332 774 644 846 βλαστάνειν
679 775 869 846 ῥάϐδον
897 775 958 829 τὸ
984 776 1347 847 καλλίκαρπον
1380 776 1552 830 ἐκεῖνο
1579 774 1756 840 ἄνθος,

197 866 556 939 προφητεύων
588 867 793 934 ἔλεγεν·
836 868 1147 932 Ἄκουσον,
1182 869 1429 937 θύγατερ
1451 909 1466 933 ,
1504 869 1603 922 καὶ
1648 867 1756 933 ἴδε,

196 963 299 1016 καί
327 961 538 1017 κλῖνον
576 959 640 1014 τὸ
681 955 788 1025 οὖς
817 977 965 1022 σου,
1015 961 1112 1013 καὶ
1146 960 1428 1014 ἐπιλάθου
1465 960 1571 1015 τοῦ
1607 961 1760 1016 λαοῦ

196 1072 338 1118 σου,
368 1053 465 1108 καὶ
505 1052 612 1106 τοῦ
656 1052 823 1106 οἴκου
855 1052 958 1106 τοῦ
990 1052 1218 1119 Πατρός
1242 1068 1356 1105 σου
1379 1068 1391 1079 ·
1423 1053 1522 1105 καὶ
1558 1053 1758 1107 ἐπιθυ-

189 1148 378 1218 μήσει
410 1151 443 1201 ό
483 1145 779 1211 ,βασιλεὺς
829 1144 934 1198 τοῦ
976 1143 1241 1211 κάλλους
1275 1161 1416 1200 σου’
1464 1145 1552 1198 ὅτι
1580 1147 1762 1212 αὐτός

192 1242 370 1295 ἐστιν
400 1241 612 1309 Κύριος
635 1242 666 1292 ό
693 1239 834 1304 Θεός
853 1253 989 1301 σου,
1029 1239 1125 1291 καὶ
1150 1238 1594 1307 προσκυνήσεις
1624 1238 1755 1310 [ἄλ.

193 1331 686 1406 προσκυνήσουσιν]
701 1331 877 1396 αὐτῷ.
888 1333 1198 1395 Ἄκουσον,
1213 1333 1476 1400 θύγατερ,
1491 1333 1560 1386 τὰ
1573 1332 1759 1405 πρώην

194 1428 280 1490 είς
308 1427 368 1479 σὲ
558 1424 684 1494 περὶ
723 1422 852 1493 σοῦ]
887 1424 1361 1495 προφητευόμεναο
1405 1425 1490 1477 ἵνα
1527 1426 1619 1478 καὶ
1650 1427 1760 1488 τοῖς

191 1514 450 1586 γνώσεως
480 1510 772 1582 ὀφθαλμοῖς
804 1510 1083 1584 θεωρήσῃς
1115 1510 1181 1564 τὰ
1207 1513 1525 1582 πράγματα.
1562 1513 1760 1564 Ἀκου-

199 1624 297 1661 σον
325 1605 459 1678 ἐμοῦ
494 1622 574 1658 σοι
604 1603 1028 1675 προμηνύοντος,
1060 1605 1153 1658 καὶ
1179 1603 1270 1657 τοῦ
1301 1603 1635 1676 ἀρχαγγέλου
1679 1620 1760 1656 σοι

193 1702 269 1756 τὰ
317 1701 510 1772 ἐντελῆ
557 1715 638 1754 σοι
692 1700 963 1772 μυστήρια
1003 1696 1297 1768 διαρρήδην
1323 1693 1755 1763 ἀναγγέλλοντος.

1867 497 2165 568 collapsum
2192 499 2354 568 primi
2383 500 2621 571 parentis
2655 515 2823 568 genus
2847 499 3042 569 erigas.
3071 496 3196 553 Hzec
3227 504 3420 566 postu-

1865 589 1984 644 laus
2031 606 2096 645 ac
2141 590 2437 662 deprecans
2473 591 2660 656 David,
2697 591 2762 645 ad
2790 589 3015 660 virgam,
3067 606 3186 660 qua:
3212 605 3279 646 ex
3303 589 3424 660 ipso

1866 681 2214 751 pulcherrimi
2250 684 2392 740 illius
2420 684 2630 739 h-uctus
2663 683 2849 737 ﬂorem
2893 683 3254 752 germinatura
3282 692 3422 744 erat.

1864 773 2156 830 viticinans
2185 776 2398 831 dicebat
2436 795 2447 830 :
2483 776 2620 830 Audi
2647 818 2661 841 ,
2698 776 2812 844 [ilia
2837 815 2850 837 ,
2877 786 2925 828 et
2955 776 3067 828 vide
3095 819 3108 838 ,
3145 784 3192 828 et
3227 775 3426 838 inclina

1866 882 2047 922 aurem
2075 875 2254 930 tuam;
2285 880 2331 922 et
2351 866 2650 922 obliviscere
2669 867 2917 937 populum
2949 877 3115 931 tuum,
3140 877 3187 920 et
3213 869 3425 920 domum

1864 957 2032 1025 patris
2087 959 2198 1020 tui;
2230 967 2278 1010 et
2306 959 2629 1026 concupiscet
2679 972 2771 1010 rex
2815 958 3050 1010 decorem
3083 967 3225 1008 tuum
3256 973 3428 1025 :qno-

1865 1048 2008 1100 niam
2035 1049 2145 1117 ipse
2169 1058 2246 1101 est
2275 1048 2528 1102 Dominus
2561 1047 2698 1102 Deus
2723 1058 2862 1114 tuus,
2886 1059 2933 1101 et
2954 1047 3201 1100 adorabis
3222 1064 3336 1100 eum
3355 1050 3423 1101 ὀ.

1863 1137 2025 1204 Audi,
2065 1139 2219 1209 ﬁlia,
2270 1156 2391 1210 quae
2434 1149 2591 1196 antea
2638 1143 2690 1195 in
2732 1149 2784 1196 te
2831 1139 2926 1212 [αι.
2959 1142 3023 1194 de
3068 1140 3138 1212 te]
3175 1141 3426 1209 prmilicta

1867 1240 1994 1287 sunt
2028 1252 2039 1286 :
2077 1242 2134 1286 ut
2160 1241 2212 1285 et
2244 1231 2568 1300 cognitionis
2611 1232 2781 1286 oculis
2810 1248 2894 1286 res
2919 1232 3064 1302 ipsas
3091 1233 3425 1301 contemple-

1866 1319 1961 1373 ris.
2000 1320 2135 1373 Audi
2169 1335 2254 1374 me
2289 1321 2383 1374 tibi
2411 1321 2936 1391 prmsigniﬁcantem,
2965 1331 3017 1376 et
3039 1323 3424 1392 archangelum

1865 1409 2100 1481 perfecta
2133 1411 2228 1464 tibi
2261 1413 2514 1482 mysteria
2541 1395 2739 1468 diserte
2765 1415 3198 1468 annuntiantem.
3238 1413 3426 1468 Venite

1821 1507 1830 1518 ‘
1867 1503 2066 1574 igitur,
2119 1503 2493 1572 dilectissimi,
2546 1515 2600 1560 et
2626 1521 2727 1560 nos
2764 1506 2829 1560 ad
2865 1507 3179 1560 memoriam
3207 1522 3272 1562 ea
3303 1523 3426 1577 quae

1865 1603 2258 1663 praecesserunt
2291 1603 2626 1658 revocantes,
2665 1596 2872 1665 virgam
2903 1596 3048 1649 illam
3078 1611 3143 1650 ex
3175 1594 3325 1652 Jesse
3347 1598 3426 1652 sic

1866 1683 2256 1737 admirabiliter
2286 1693 2444 1752 atque
2474 1683 2814 1737 ineli'abiliter
2841 1684 3231 1754 germinantem
3268 1683 3427 1753 glori-

193 1788 364 1846 Δεῦτε
387 1791 581 1855 τοίνυν,
617 1789 908 1860 ἀγαπητοὶ,
941 1790 1034 1842 καὶ
1066 1790 1222 1858 ἡμεῖς
1250 1785 1340 1838 ἐπὶ
1360 1786 1456 1857 τὴν
1489 1785 1596 1838 τῶν
1625 1801 1759 1858 προ-

1868 1773 2085 1829 iicemus
2111 1815 2126 1839 ,
2163 1774 2534 1829 collaudemus
2560 1814 2575 1839 ,
2603 1774 2814 1828 beatam
2838 1774 3192 1844 praedicemus
3216 1817 3229 1840 ,
3254 1775 3420 1829 laetis-

195 1883 468 1937 λαϐόντων
494 1884 708 1953 μνήμην
740 1881 1154 1952 ἀναδραμόντες,
1200 1879 1296 1948 τήν
1332 1877 1389 1943 ἐξ
1432 1877 1626 1930 Ἰεσσαὶ
1668 1876 1763 1948 ῥά-

197 1974 324 2027 ϐδον
356 1972 645 2045 ὑπερφυῶς
674 1970 844 2035 οὕτως
886 1970 1262 2040 βλαστήσασαν
1276 1967 1606 2040 δοξάσωμεν,
1637 1969 1764 2020 ἀνυ-

199 2067 516 2139 μνήσωμεν,
574 2064 1000 2136 μακαρίσωμεν,
1060 2061 1465 2132 εὐφημίσωμεν.
1527 2061 1600 2114 Οὐ
1657 2059 1765 2132 γὰρ

199 2158 350 2229 μόνῳ
376 2157 454 2228 τῷ
657 2157 814 2227 μόνον
834 2153 964 2226 τὸν]
1008 2155 1225 2224 Ἰωσὴφ,
1257 2152 1392 2206 ἀλλά
1424 2153 1518 2205 καὶ
1547 2154 1612 2223 τῇ
1646 2151 1765 2205 θεο-

195 2252 344 2321 τόκῳ
384 2249 571 2321 Μαρίᾳ
608 2247 1010 2320 προμαρτυρῶν
1066 2245 1198 2318 [ἄλ.
1241 2244 1706 2317 προσμαρτυρῶν]
1738 2247 1766 2298 ὁ

195 2345 432 2408 Λουκᾶς,
459 2344 516 2396 ὲν
549 2344 660 2404 τοῖς
689 2341 850 2404 θείοις
882 2338 1247 2407 Εὑαγγελίοις,
1281 2338 1480 2409 ἱστορεί
1507 2336 1642 2407 πρὸς
1668 2336 1765 2389 αὺ-

196 2436 299 2507 τὴν
321 2435 421 2506 τήν
443 2432 536 2486 τοῦ
559 2431 720 2486 Δαϐὶδ
742 2431 1045 2500 οἰκειότητα
1067 2445 1079 2457 ·
1122 2425 1317 2493 Ἀνέϐη
1341 2425 1450 2495 γὰρ
1467 2428 1498 2478 ό
1530 2423 1764 2492 Ἰωσὴφ,

199 2529 398 2600 φησὶν,
417 2525 532 2580 ἀπὸ
554 2524 663 2592 τῆς
677 2523 1006 2588 Γαλιλαίας
1020 2523 1106 2585 εὶς
1131 2520 1311 2572 πόλιν
1325 2517 1433 2585 τῆς
1465 2514 1763 2581 Ἰουδαίας,

199 2619 337 2687 ἣτις
369 2619 631 2674 καλεῖται
661 2615 948 2685 Βηθλεέμ,
985 2612 1441 2684 ἀπογράψασθαι
1485 2609 1605 2664 σὺν
1645 2611 1768 2662 Μα-

190 2714 343 2781 ριὰμ
401 2709 476 2779 τῇ
525 2705 1020 2780 μεμνηστευμένη
1079 2702 1237 2768 αὐτῷ
1303 2700 1560 2771 γυναικὶ,
1611 2700 1764 2769 οὐσίῃ

199 2800 416 2870 ὲγκύιιι,
447 2797 539 2852 διὰ
562 2797 629 2850 τὸ
657 2793 807 2850 εἶναι
833 2795 1054 2860 αὐτοὺς
1077 2793 1146 2856 ἐξ
1173 2792 1343 2845 οἴκου
1373 2790 1470 2844 καὶ
1518 2789 1768 2858 πατριᾶς

200 2890 400 2946 Δαϐίδ.
441 2890 696 2959 Ἐγένετο
723 2887 791 2941 δὲ
814 2888 882 2940 ἐν
908 2886 989 2952 τῷ
1013 2882 1163 2940 εἶναι
1189 2885 1408 2952 αὐτοὺς
1429 2883 1569 2949 ἐκεῖ,
1586 2881 1770 2949 ἐπλή-

199 2989 447 3052 σθησαν
471 2985 529 3035 αὶ
553 2980 762 3050 ἡμέραι
787 2979 892 3033 τοῦ
923 2978 1114 3032 τεκεῖν
1144 2976 1339 3044 αὐτὴν
1357 3016 1372 3039 ,
1424 2975 1522 3029 καὶ
1565 2976 1769 3029 ἔτεκεν

200 3075 312 3128 τὸν
335 3072 466 3128 υἱὸν
483 3071 672 3140 αὐτῆς
715 3070 820 3125 τὸν
859 3071 1229 3138 πρωτότοκον
1269 3068 1472 3134 πάσης
1502 3064 1609 3133 τῆς
1648 3068 1770 3121 κτί-

201 3183 388 3232 σεως’
422 3165 518 3219 καὶ
565 3162 1028 3232 ἐσπαργάνωσεν
1060 3163 1264 3227 αὐτὸν,
1313 3161 1408 3214 καὶ
1452 3161 1766 3215 ἀνέκλινεν

200 3257 388 3311 αὑτὸν
412 3256 482 3309 ὲν
508 3254 582 3324 τῇ
604 3255 816 3324 φάτνῃ,
850 3253 996 3306 διότι
1019 3255 1130 3307 οὐκ
1151 3248 1231 3323 ἦν
1253 3252 1458 3320 αὐτοῖς
1495 3253 1674 3318 τόπος
1697 3252 1766 3305 ἐν

202 3347 284 3413 τῷ
318 3347 700 3415 καταλύματι.
740 3344 1190 3415 Ἐσπαργάνωσεν
1218 3345 1323 3396 τὸν
1362 3344 1766 3413 ἀναϐαλλόμε-

202 3456 318 3492 νον
355 3437 480 3507 φῶς
519 3438 598 3503 ὠς
645 3435 894 3506 ἱμάτιον.
947 3435 1394 3505 Ἐσπαργάνωσεν
1443 3435 1534 3487 τὸν
1588 3438 1765 3490 πᾶσαν

204 3531 382 3585 κτίσιν
401 3530 895 3602 δημιουργήσαντα.
961 3527 1260 3581 Ἀνέκλινεν
1304 3529 1361 3579 ὲν
1416 3527 1620 3600 φάτνῃ,
1661 3528 1766 3580 τὸν

203 3621 358 3690 ὑπὲρ
385 3623 663 3692 χερουϐίμ
685 3619 1038 3690 καθήμενον,
1062 3620 1154 3672 καὶ
1175 3619 1277 3672 ὑπὸ
1306 3619 1574 3691 μυριάδων
1605 3618 1766 3686 ἀγγέ-

202 3715 314 3770 λων
338 3715 571 3786 ἀνυμνού
581 3732 756 3785 μενον.
777 3715 863 3766 Ἐν
891 3716 955 3784 τῇ
976 3711 1082 3764 τῶν
1111 3712 1318 3780 ἀλόγων
1338 3711 1509 3781 φάτνῃ
1534 3710 1767 3763 ἀνεπαύ-

205 3823 340 3860 σατο
360 3809 388 3860 ό
417 3806 508 3858 τοῦ
526 3804 659 3858 Θεοῦ
681 3805 870 3873 Λόγος,
891 3805 974 3856 ἵνα
999 3807 1110 3867 τοῖς
1136 3804 1302 3866 ὅντως
1333 3802 1545 3870 ἀλόγοις
1562 3802 1655 3856 ἀνθ
1667 3819 1768 3874 ρω-

205 3899 386 3959 πίνοις
408 3896 522 3968 [γρ.
551 3895 897 3967 ἀνθρώποις],
923 3895 1061 3948 κατά
1081 3894 1413 3966 πωαίρεσιν,
1433 3893 1650 3965 λογικῆς
1673 3911 1768 3965 με-

203 3987 421 4060 ταδώσει
435 3989 751 4058 αἰσθήσεως.
771 3987 856 4038 Ἐν
880 3989 944 4056 τῇ
973 3985 1220 4057 τραπέζῃ
1243 3987 1347 4038 τῶν
1381 3985 1589 4056 κτηνῶν
1612 4003 1766 4058 προε·

203 4081 336 4151 τὲθη
357 4083 383 4132 ὁ
400 4081 647 4152 οὐράνιος
663 4081 821 4150 ἄρτος
837 4079 956 4150 [ἄλ.
977 4078 1272 4150 προσετέθη
1294 4080 1454 4151 ἄρτος
1465 4079 1561 4150 τῆς
1576 4078 1764 4150 ζωῆς],

156 4165 165 4174 ’
207 4174 297 4228 ἵνα
325 4176 433 4236 τοῖς
467 4171 789 4243 κτηνὼδεσιν
809 4175 919 4236 τοῖς
939 4171 1296 4242 ἀνθρωπίνοις
1330 4172 1594 4242 μυστικῆς
1629 4171 1768 4242 βρώ-

210 4285 348 4330 σεως
373 4269 654 4340 χορηγήσῃ
690 4265 1002 4338 μετάληψιν.
1026 4265 1135 4318 Καὶ
1161 4264 1284 4317 οὐδὲ
1304 4264 1464 4326 τόπος
1491 4259 1558 4334 ἦν
1589 4265 1768 4327 αὐτοῖς

209 4361 268 4414 ιν
303 4359 382 4430 τῷ
413 4358 771 4429 καταλύματι.
826 4358 998 4410 Τόπον
1046 4358 1145 4410 οὐκ
1174 4352 1338 4426 εἶχεν,
1370 4357 1399 4409 ὁ
1422 4355 1647 4427 οὐρανὸν
1677 4355 1770 4408 καὶ

1861 1881 1964 1934 que
2023 1865 2498 1920 acclamationibus
2565 1864 2916 1934 excipiamus.
2982 1863 3098 1920 Non
3147 1866 3289 1920 enim
3323 1865 3425 1919 soli

1865 1957 1959 2030 [αι.
1989 1955 2191 2028 solum]
2239 1954 2438 2025 Joseph
2463 1997 2478 2022 ,
2518 1957 2611 2010 sed
2645 1965 2697 2011 et
2724 1955 2817 2011 Dei
2849 1957 3094 2028 genitrici
3141 1956 3319 2010 Mariae
3344 1965 3426 2012 te-

1863 2048 2179 2103 stimonium
2215 2047 2502 2117 perhibens
2545 2047 2742 2112 Lucas,
2792 2047 2845 2102 in
2871 2048 3067 2102 divinis
3100 2047 3426 2118 Evangeliis,

1864 2138 1930 2192 ad
1964 2139 2133 2208 ipsam
2166 2137 2334 2194 David
2370 2137 2625 2192 familiam
2659 2147 2820 2208 atque
2843 2139 3221 2209 cognationem
3255 2138 3430 2208 respi-

1870 2235 2043 2298 ciens,
2108 2245 2323 2290 enarrat
2365 2251 2428 2290 ac
2451 2236 2621 2290 dicit:
2658 2237 2906 2290 Ascendit
2954 2246 3126 2290 autem
3156 2247 3204 2290 et
3235 2236 3428 2305 Joseplt

1865 2343 1896 2378 a
1915 2324 2135 2380 Galilwa
2155 2328 2205 2380 in
2229 2328 2486 2380 civitatem
2498 2326 2722 2393 Iudaeae,
2739 2345 2854 2398 qua:
2877 2341 3091 2382 uocatur
3106 2328 3426 2395 Bel/debent,

1864 2424 1921 2468 ut
1947 2415 2279 2483 proﬁteretur
2305 2432 2420 2468 cum
2439 2415 2616 2469 Maria
2639 2417 2952 2486 desponsata
2977 2419 3080 2470 sibi
3109 2435 3271 2472 uxore
3293 2436 3431 2489 prw-

1867 2515 2091 2573 gnante;
2142 2520 2200 2557 eo
2241 2505 2377 2575 quod
2408 2516 2576 2558 essent
2621 2507 2720 2575 ipsi
2761 2524 2786 2561 e
2811 2508 2964 2561 domo
2993 2519 3041 2562 et
3075 2509 3283 2578 [ancilia
3318 2510 3431 2563 Da«

1866 2596 1971 2649 uid.
2035 2591 2263 2649 Factum
2288 2607 2362 2650 est
2391 2606 2587 2662 autem,
2638 2615 2754 2651 cunt
2787 2611 2952 2654 essent
2983 2601 3081 2668 ipsi
3109 2601 3201 2666 ibi,
3229 2603 3429 2674 impleti

1868 2696 1989 2740 sunt
2021 2687 2130 2740 dies
2161 2697 2217 2740 ut
2249 2697 2452 2757 pareret
2477 2690 2590 2758 ipsa
2611 2731 2625 2756 ,
2657 2699 2706 2743 et
2733 2692 2928 2760 peperit
2954 2691 3124 2760 ﬁlium
3143 2710 3294 2747 suum
3316 2699 3430 2763 pri-

1869 2780 2186 2848 mogenitum
2225 2781 2392 2834 omnis
2441 2791 2729 2845 creaturae;
2759 2792 2808 2836 et
2836 2785 3024 2852 pannis
3050 2802 3164 2838 eum
3196 2787 3430 2853 inuoluit,

1871 2883 1920 2927 et
1952 2873 2223 2926 reclinavit
2250 2873 2419 2942 ipsum
2449 2875 2502 2927 in
2526 2876 2799 2944 prwsepio,
2835 2877 2960 2945 quia
2988 2892 3090 2929 non
3118 2890 3230 2933 erat
3253 2880 3326 2932 eis
3351 2882 3433 2934 lo-

1871 2982 1962 3019 cus
1995 2966 2050 3018 in
2072 2965 2360 3018 diversorio
2383 2965 2448 3019 ".
2494 2964 2700 3022 Fasciis
2731 2982 2854 3021 cum
2891 2969 3139 3030 involvit,
3175 2969 3267 3039 qui
3297 2971 3432 3024 ami-

1871 3071 1983 3113 ctus
2027 3067 2101 3112 est
2149 3057 2342 3112 lumine
2372 3059 2505 3111 sicut
2541 3060 2843 3113 vestimento
2877 3061 2942 3114 ".
2978 3059 3203 3114 Involvit
3236 3064 3433 3131 pannis

1871 3166 2016 3215 eum,
2047 3152 2139 3221 qui
2165 3167 2381 3206 omnem
2412 3150 2665 3204 formavit
2693 3161 3018 3206 creaturam.
3053 3151 3351 3208 Reclinavit
3376 3155 3431 3210 in

1871 3243 2132 3313 prtesepio
2159 3259 2305 3306 eum,
2338 3241 2430 3312 qui
2458 3258 2612 3311 super
2641 3241 2905 3296 cherubim
2931 3244 3092 3307 sedet,
3126 3254 3180 3300 et
3208 3247 3275 3300 ab
3307 3246 3431 3300 inti-

1872 3339 2000 3394 nitis
2030 3337 2233 3408 angelis
2253 3337 2590 3393 collaudatur
2617 3337 2681 3390 ⁸³.
2715 3336 2773 3391 In
2804 3337 3202 3393 irrationalium
3230 3341 3433 3395 anima-

1872 3429 2003 3484 lium
2030 3429 2291 3500 prasepio
2319 3429 2564 3483 divinum
2596 3430 2861 3500 requievit
2892 3427 3150 3497 Verbum,
3176 3441 3235 3484 ut
3257 3432 3434 3486 homi-

1872 3522 2032 3576 nibus
2061 3537 2185 3576 vere
2227 3522 2634 3576 irrationalibus
2657 3523 2951 3577 secundum
2989 3523 3213 3577 liberam
3239 3525 3434 3579 volun-

1872 3621 2056 3678 tatem,
2097 3613 2412 3666 rationalem
2460 3627 2677 3668 sensum
2721 3615 2999 3669 tribueret.
3038 3613 3095 3668 In
3140 3618 3435 3685 mensaju-

1871 3711 2178 3756 mentorum
2227 3701 2460 3758 celestis
2492 3703 2646 3771 panis
2688 3705 2996 3773 propositus
3040 3715 3121 3760 est
3150 3704 3246 3777 [αἱ.
3278 3708 3433 3775 panis

1872 3794 1996 3848 vitae
2028 3794 2307 3861 appositus
2353 3792 2480 3864 est],
2515 3805 2571 3848 ut
2595 3794 2842 3851 homines
2873 3797 3042 3850 instar
3073 3813 3330 3866 pecorum
3359 3799 3432 3852 ir-

1873 3885 2164 3939 rationales
2189 3884 2398 3954 mystici
2425 3884 2529 3939 cibi
2559 3885 2846 3955 participes
2871 3887 3139 3943 redderet.
3175 3888 3240 3942 Et
3260 3906 3330 3945 ne
3353 3891 3426 3944 lo-

1872 3992 1968 4032 cus
2000 3976 2216 4045 quidem
2243 3976 2322 4031 eis
2349 3988 2465 4031 erat
2494 3977 2548 4029 in
2586 3976 2903 4033 diversorio.
2955 3978 3157 4035 Locum
3189 3998 3297 4036 non
3335 3984 3433 4038 ba-

1872 4070 2009 4138 buit,
2025 4071 2116 4140 qui
2139 4070 2334 4125 caelum
2361 4077 2416 4124 et
2441 4080 2639 4123 terram
2663 4069 2828 4124 verbo
2847 4072 3139 4127 exstruxit:
3158 4072 3436 4142 quoniam,

1873 4182 1991 4218 cum
2027 4165 2168 4218 dives
2199 4172 2368 4229 esset,
2412 4171 2642 4233 propter,
2677 4178 2777 4217 nos
2824 4163 2995 4231 factus
3038 4175 3115 4218 est
3141 4182 3338 4234 pauper
3363 4166 3430 4232 ⁸⁸,

1873 4267 2166 4312 extremam
2203 4257 2464 4312 vilitatem
2503 4256 2573 4309 ob
2599 4255 2828 4310 salutem
2875 4265 3071 4310 natura
3111 4266 3309 4312 nostra:
3333 4257 3431 4313 eli-

1874 4366 2028 4421 gens,
2059 4365 2124 4404 ex
2153 4349 2388 4419 ingenita
2417 4367 2516 4404 sua
2548 4350 2600 4403 in
2626 4366 2726 4404 nos
2750 4349 3005 4404 bonitate.
3059 4348 3163 4415 Qui
3189 4349 3431 4404 occulto-

209 4455 309 4523 τὴν
347 4453 450 4522 γῆν
481 4452 558 4523 τῷ
587 4452 728 4521 λόγῳ
761 4451 1200 4513 κατασκευάσας·
1250 4447 1765 4520 ὲπειδὴ,πλούσιος

1874 4459 1993 4498 rum
2015 4443 2437 4512 dispensationis
2462 4441 2837 4512 mysteriorum
2861 4439 2938 4512 [al
2947 4481 2961 4493 .
2989 4440 3200 4494 occulto
3221 4439 3432 4511 dispen-

209 4545 315 4607 ὢν,
342 4545 409 4596 δι’
431 4547 575 4615 ἡμᾶς
598 4543 993 4611 ἐπτώχευσεν,
1027 4542 1345 4595 ταπείνωσιν
1374 4541 1546 4612 ἄκραν
1584 4541 1770 4612 ἐλόμε-

209 4650 302 4699 νῦς
328 4635 456 4705 [ἄλ.
480 4634 843 4706 ἀνελόμενος],
869 4634 953 4686 διὰ
975 4634 1070 4704 τὴν
1089 4634 1356 4705 σωτηρίαν
1380 4634 1478 4705 τῆς
1495 4633 1768 4704 ἡμετέρας

212 4728 448 4798 (φύσεως,
485 4727 582 4797 τῆς
611 4726 847 4797 ἐμφύτου
879 4725 1040 4778 αὐτοῦ
1073 4725 1208 4797 πρὸς
1241 4727 1386 4796 ἡμᾶς
1420 4725 1769 4796 ἀγαθότητος.

223 4820 286 4874 'U
310 4821 627 4893 ἀπορρήτων
653 4819 961 4890 μυστηρίων
1144 4820 1434 4890 ἀπορρήτῳ
1465 4816 1768 4889 μυστηρίῳ]

209 4913 314 4984 τῆς
346 4912 650 4982 οἰκονομίας
679 4910 968 4982 πληρώσας
1014 4912 1192 4965 πᾶσαν
1235 4909 1494 4981 διοίκησιν
1690 4909 1771 4961 δι-

211 4999 528 5071 καιοσύνην]
587 5001 642 5052 ὲν
697 4999 909 5070 οὐρανῷ
957 5002 1014 5052 ἐν
1073 4999 1254 5070 κόλπῳ
1281 4998 1374 5052 τοῦ
1405 5000 1642 5070 Πατρὸς,
1677 5001 1768 5053 καὶ

213 5094 274 5144 ὲν
307 5092 550 5162 σπηλαίῳ
590 5094 647 5144 ἐν
692 5093 952 5160 ἀγκάλαις
983 5093 1206 5164 μητρὸς,
1242 5091 1586 5146 ἀνεπαύσατο
1615 5094 1672 5145 ὲν
1704 5095 1771 5163 τῇ

213 5184 414 5254 φάτνῃ.
458 5183 764 5252 Ἀγγελικαλ⁸
780 5188 982 5255 χορεῖαι
1011 5184 1452 5255 περιεκύκλωσαν
1495 5185 1686 5249 αὐτὸν,
1717 5187 1775 5237 ὲν

211 5277 430 5349 οὐρανῷ
469 5277 802 5346 δοξολογίαν,
849 5279 942 5330 καὶ
990 5280 1082 5330 ὲπὶ
1109 5279 1210 5348 γῆς
1247 5279 1466 5349 εἰρήνην
1522 5295 1774 5348 καταμη-

212 5369 452 5433 νύοντες.
488 5369 577 5422 Ἐν
601 5369 812 5440 οὐρανῷ
831 5372 894 5422 ὲκ
908 5369 1093 5433 δεξιῶν
1115 5370 1206 5424 τοῦ
1234 5371 1444 5442 Πατρὸς
1462 5370 1771 5434 ἐκαθέζετο·

209 5463 312 5516 καὶ
353 5463 423 5532 ὲν¹
448 5463 511 5533 τῇ
559 5461 731 5532 φάτνῃ
767 5461 840 5525 ὡς
866 5462 958 5514 ἐπὶ
986 5461 1092 5514 τῶν
1124 5461 1384 5535 χερουϐὶμ
1409 5461 1772 5517 ἀνεπαύσατο.

1876 4535 2104 4590 sationis
2121 4533 2398 4606 mysterio]
2415 4549 2628 4589 omnem
2658 4533 2895 4603 implevit
2918 4532 3308 4602 providentiam
3331 4532 3430 4604 [οι.

1871 4626 2160 4698 justitiam]
2186 4668 2202 4694 ,
2237 4642 2300 4682 ac
2320 4627 2726 4696 dispositionem
2761 4626 2814 4679 in
2845 4625 2984 4680 coelo
3012 4625 3065 4678 in
3089 4625 3209 4680 sinu
3234 4624 3430 4692 Patris,

1874 4728 1928 4773 et
1955 4718 2010 4772 in
2035 4721 2290 4788 spelunca
2337 4719 2391 4772 iu
2434 4719 2574 4774 ulnis
2603 4718 2813 4784 matris,
2845 4718 2902 4772 in
2932 4719 3192 4787 praesepio
3221 4718 3433 4787 requie-

1874 4811 1970 4866 vit.
2028 4810 2193 4865 Chori
2228 4810 2455 4881 angelici
2501 4810 2995 4881 eircumcingebant
3018 4826 3142 4865 eum
3165 4853 3180 4876 ,
3209 4811 3263 4864 in
3293 4812 3432 4864 coelo

1875 4903 2100 4974 gloriam
2130 4903 2474 4958 concinentes
2494 4945 2509 4968 ,
2547 4911 2600 4957 et
2628 4902 2683 4956 in
2710 4910 3070 4972 terrapacem
3101 4904 3433 4956 annuntian-

1875 5007 1975 5054 tes.
2035 4994 2092 5049 In
2121 4995 2259 5050 caelo
2283 5011 2312 5049 a
2335 4994 2538 5050 dextris
2563 4992 2739 5050 Patris
2771 4996 3024 5059 sedebat,
3061 5004 3115 5049 et
3154 4993 3208 5046 in
3236 5008 3433 5063 prame-

1878 5090 1986 5160 pio,
2023 5096 2082 5142 ut
2110 5103 2271 5158 super
2299 5087 2599 5150 cherubim,
2619 5087 3006 5158 requiescebat.
3072 5085 3324 5141 Thr-onus
3345 5100 3432 5140 re-

1878 5197 2004 5237 vera
2036 5191 2090 5236 et
2118 5181 2207 5235 hic
2236 5190 2352 5235 erat
2378 5179 2736 5246 cherubicus;
2767 5179 2997 5234 thronus
3025 5179 3255 5246 regalis;
3290 5177 3430 5230 San-

1878 5286 1998 5330 ctus
2023 5283 2368 5342 sanctorum;
2400 5275 2550 5330 solus
2571 5289 2730 5343 super
2755 5284 2950 5328 terram
2981 5271 3284 5341 gloriosus;
3313 5283 3435 5322 san-

1878 5369 1979 5425 ctis
2008 5369 2274 5433 sanctior;
2304 5368 2356 5420 in
2380 5382 2489 5436 quo
2511 5367 2774 5436 requievit
2794 5363 3040 5418 Christus
3060 5360 3201 5416 Deus
3225 5370 3428 5415 uoster.

1878 5460 1980 5515 Cui
2008 5460 2198 5531 gloria,
2235 5453 2432 5527 honor,
2455 5469 2511 5514 et
2540 5458 2848 5527 imperium,
2883 5472 3007 5511 cum
3039 5454 3430 5510 iuunaculatis-

289 5689 337 5723 ὀ
375 5690 518 5749 Psal.
548 5694 801 5762 xuv,H,
834 5692 919 5747 12.
995 5694 1038 5727 ⁹¹
1075 5691 1206 5749 Luc.
1243 5708 1315 5756 ιι,
1352 5693 1419 5759 4,
1449 5690 1513 5759 6,
1551 5691 1600 5745 7.
1699 5689 1744 5722 “

1868 5687 1925 5741 ιι.
1952 5701 2069 5754 cm,
2096 5685 2152 5740 2.
2227 5685 2273 5718 ⁸³
2310 5683 2456 5740 Psal.
2484 5699 2654 5748 Lxxu,
2683 5681 2719 5735 9.
2743 5697 2759 5750 ;
2799 5679 2936 5734 Dan.
2965 5695 3049 5736 ιιι.
3148 5678 3196 5711 ⁸⁸
3227 5675 3274 5732 ιι
3301 5674 3429 5730 Cor.

217 5777 336 5829 vm,
366 5763 420 5818 9.
