3988 6200
549 219 686 275 H55

1173 210 1232 266 S.
1271 204 1592 265 GREGORH
1631 200 1985 260 TIIAUMAT.
2021 198 2168 254 OPP.
2207 194 2386 252 PARS
2423 192 2722 249 ALTERA.
2755 221 2823 230 —
2862 187 3092 246 DUBIA.

3609 179 3670 234 ﬂ
3685 178 3759 233 56

547 337 688 395 simo
717 334 876 390 Patre
907 340 962 388 et
989 330 1333 388 sanctissimo
1367 344 1430 383 ac
1456 328 1675 382 viviﬁco
1699 324 1926 394 Spiritu,
1952 334 2098 375 nunc
2125 355 2137 377 λ

2218 317 2398 389 ἓρόνος
2427 313 2638 384 ἀληθῶς
2661 312 2753 365 καὶ
2783 305 2934 373 οὗτος
2956 302 3269 380 χερουϐικός
3290 318 3303 332 ⁸
3339 298 3529 372 θρόνος
3553 296 3757 369 βασιλι-

543 439 599 485 et
630 442 863 498 semper,
887 435 939 480 et
960 425 1014 479 in
1047 424 1240 480 saecula
1270 422 1612 478 saeculorum.
1638 419 1828 472 Amen.

2205 386 2517 476 κός·”Αγιος
2537 403 2704 472 ἁγίων
2724 443 2739 467 ,
2774 399 2978 464 ἔνδοξος
3022 396 3177 468 μόνος
3217 393 3309 444 ἐπὶ
3347 389 3448 458 τῆς
3484 389 3586 458 γῆς
3606 427 3620 450 ,
3654 386 3759 440 τῶν

546 513 714 593 ἁγίων
1255 477 1592 570 ἀνεπαύσατο
1635 509 1865 584 Χριστὸς
1892 509 1920 560 6
1954 507 2082 569 Θεὸς
2133 502 2310 575 ἡμῶν.
2336 494 2407 571 ᾯ
2472 500 2505 570 ὴ
2559 495 2703 561 δόξα,
2726 493 2880 565 τιμὴ,
2910 492 3002 544 καὶ
3024 489 3085 543 τὸ
3122 488 3340 559 κράτος,
3364 485 3460 537 σὺν
3481 480 3558 550 τῷ
3586 477 3761 550 Πατρὶ

545 577 822 694 ἀὲράντιρ,
864 577 959 672 καί
1100 577 1346 683 παναγίῳ
1397 612 1490 665 καὶ
1513 577 1756 678 ζωοποιῷ
1784 603 2078 671 Πνεύματι,
2099 600 2192 654 νῦν
2219 599 2312 652 καὶ
2336 596 2444 659 ἀεὶ,
2470 595 2563 648 καὶ
2595 594 2672 656 εἰς
2708 591 2833 654 τοὺς
2860 586 3057 650 αἰῶνας
3081 583 3185 638 τῶν
3205 580 3436 637 αἰώνων.
3463 577 3655 650 Ἀμήν.

552 764 3724 822 ________________________.______._——————

1796 943 2311 1038 HOMILIA
2390 941 2478 1028 Il

1385 1149 1456 1210 In
1510 1140 2014 1208 Annuntiatione
2059 1143 2289 1199 sancta)
2316 1133 2600 1214 Virginis
2649 1130 2883 1195 Marica.

550 1474 800 1546 Ejusdem
828 1471 994 1546 sancti
1025 1467 1204 1546 Pagi-is
1251 1465 1416 1546 nostri
1444 1457 1931 1546 .Gregorii'episcop‘i
1965 1455 2108 1510 Neo-
2135 1512 2137 1518 λ

2218 1435 3758 1546 T05:iisti.itir‘otsnﬁsieiidﬁaﬂﬁtmfi}:

615 1559 857 1600 cenarem
881 1542 1058 1603 Ponti,
1086 1536 1486 1604 Thaumaturgi,
1501 1531 1790 1588 encomium
1813 1532 1869 1583 in
1892 1531 2108 1583 Annuu-

622 1617 891 1669 tiationem
951 1609 1296 1665 sanctissima:
1327 1603 1446 1676 _l_)ei
1490 1603 1756 1676 genitricis
1815 1613 2109 1669 semperque

619 1687 834 1757 virginis
869 1682 1075 1747 Maria,
1112 1694 1280 1733 sermo
1317 1674 1405 1730 ΙΙ.

621 1866 857 1923 Cunctas
888 1860 1106 1932 quidem
1136 1857 1394 1912 festorum
1414 1853 1747 1910 celebritates
1769 1859 1929 1919 atque
1957 1847 2111 1918 hym-

551 1957 742 2014 rodias
764 1955 916 2009 decet
957 1965 1055 2005 nos
1095 1945 1480 2002 sacriﬁciorum
1525 1942 1695 1997 instar
1725 1939 1920 1994 oiIerre
1951 1936 2062 1991 Deo
2095 1954 2109 1990 :

549 2049 788 2121 primum
817 2053 997 2099 autem
1043 2039 1322 2103 omnium,
1369 2033 1843 2089 Annuntiationem
1881 2030 2113 2086 sanctis.

550 2141 704 2198 sima:
754 2136 847 2191 Dei
889 2132 1204 2206 genitricis,
1254 2129 1434 2183 verbis
1483 2127 1589 2181 illis
1633 2122 2108 2194 comprehensam,

553 2233 679 2298 Ave,
715 2229 888 2300 gratia
913 2226 1066 2296 plena
1083 2225 1152 2291 ⁸³,
1182 2237 1302 2293 qua:
1341 2219 1409 2274 ab
1459 2217 1647 2288 angelo
1694 2214 1761 2269 ad
1812 2229 1931 2269 eam
1977 2212 2114 2268 facta

551 2332 673 2380 est:
707 2319 961 2391 quoniam
987 2325 1040 2371 et
1082 2315 1253 2385 prima
1306 2311 1483 2366 omnis
1527 2307 1804 2376 sapientia:
1850 2305 1947 2376 [αι.
1994 2313 2118 2358 ante

552 2408 770 2472 omnem
796 2406 1134 2482 sapientiam]
1181 2415 1235 2462 et
1271 2403 1522 2460 salutaris
1571 2401 1829 2455 doctrina:
1874 2399 1929 2452 in
1968 2397 2117 2453 Novo

553 2503 900 2562 Testamento
942 2500 1032 2555 illa
1080 2497 1234 2552 nobis
1272 2493 1527 2551 salutatio
1582 2508 1614 2546 a
1652 2489 1810 2544 Patre
1853 2488 2117 2542 luminum

551 2598 752 2654 emissa
785 2603 885 2651 est.
915 2591 1104 2648 Gratia
1129 2596 1308 2643 autem
1345 2585 1497 2656 plena
1530 2583 1733 2648 dicens,
1769 2593 1982 2635 omnem
2021 2593 2118 2631 na-

551 2696 732 2744 turam
757 2687 1050 2741 humanam
1096 2680 1411 2750 complexus
1449 2684 1550 2730 est.
1588 2675 1711 2740 Ave,
1734 2671 1908 2743 gratia
1945 2670 2118 2739 plena.

553 2772 612 2828 in
647 2781 832 2830 sancta
857 2769 1225 2839 conceptione,
1251 2775 1305 2820 et
1329 2767 1381 2819 in
1405 2763 1638 2834 glorioso
1675 2770 1852 2831 partu.
1901 2760 2118 2814 Annuu-

557 2867 632 2921 tio
674 2863 816 2920 vobis
860 2862 1110 2933 gaudium
1174 2873 1452 2928 magnum,
1504 2858 1640 2924 quod
1689 2853 1789 2905 erit
1839 2849 1978 2904 omni
2024 2863 2116 2916 po-

553 2959 679 3031 pulo
703 2958 770 3010 ⁹⁶.
804 2955 1012 3010 Rursus
1051 2953 1118 3007 ad
1165 2951 1453 3006 salutarem
1504 2945 1810 3018 passionem
1861 2941 2117 2996 Dominus

554 3049 807 3112 veniens,
824 3045 1042 3100 aiebat:
1088 3040 1278 3096 Videbo
1309 3055 1418 3105 vos,
1446 3047 1495 3091 et
1531 3035 1855 3108 gaudebitis,
1899 3042 1948 3087 et
1989 3047 2120 3103 gau-

555 3140 702 3194 dium
730 3145 954 3192 vestrum
985 3149 1130 3188 nemo
1159 3131 1301 3185 tollet
1335 3147 1367 3183 a
1412 3130 1552 3183 vobis
1575 3126 1641 3180 "’.
1694 3125 1758 3180 Et
1799 3133 1921 3194 post
1963 3138 2116 3179 suam

554 3228 1027 3290 resurrectionem,
1075 3224 1272 3279 iterum
1320 3237 1415 3291 per
1458 3227 1674 3275 sanctas
1716 3217 1967 3271 mulieres
2010 3216 2120 3285 pri-

556 3338 728 3390 mum,
767 3320 899 3376 illud
925 3335 1016 3374 ave
1040 3317 1137 3390 [aL
1177 3313 1346 3387 avete]
1384 3315 1430 3349 ⁸⁸
1470 3313 1628 3367 nobis
1674 3309 1980 3366 annuntiat.
2033 3307 2119 3362 Si-

555 3412 706 3468 milia
738 3425 956 3465 rursum
997 3408 1144 3463 hisce
1196 3405 1486 3476 Apostolus
1537 3401 1927 3473 proclamavit:
1968 3397 2117 3454 Sem-

555 3520 648 3577 per
677 3501 969 3574 (inquiens)
1001 3500 1250 3572 gaudete;
1277 3499 1388 3552 sine
1434 3496 1816 3551 intermissione
1844 3503 2021 3560 orate,
2063 3493 2119 3546 in

557 3598 795 3653 omnibus
820 3596 1019 3667 gratias
1047 3593 1183 3664 agite
1202 3594 1267 3647 °’.
1303 3591 1488 3648 Videte
1509 3589 1692 3660 igitur,
1715 3603 1749 3643 ο
1789 3586 2116 3652 charissimi,

557 3705 667 3760 quo
695 3695 853 3758 pacto
876 3685 1150 3757 gaudium,
1180 3682 1324 3754 quod
1354 3695 1567 3738 omnem
1610 3679 1990 3748 cogitationem
2021 3691 2119 3730 ex-

556 3780 720 3848 cedit,
757 3786 920 3849 atque
967 3791 1222 3848 perenne,
1274 3773 1431 3830 nobis
1485 3771 1877 3827 indivisibiliter
1921 3769 2121 3839 ubique

555 3870 822 3926 Dominus
849 3867 1130 3939 dilargitus
1161 3867 1251 3922 sit.
1298 3863 1432 3918 Nam
1465 3863 1722 3934 quoniam
1765 3861 1824 3915 S.
1869 3858 2036 3914 Maria
2068 3859 2119 3912 in

557 3976 722 4019 carne
750 3961 878 4016 dum
907 3968 1069 4025 esset,
1098 3957 1441 4027 purissimam
1485 3955 1650 4009 vitam
1675 3993 1690 4018 ,
1722 3953 1978 4022 omnique
2026 3965 2116 4020 ge-

557 4069 687 4109 nere
732 4053 994 4106 virtutnm
1046 4050 1346 4113 cxcultam,
1398 4046 1763 4116 optimamque
1818 4057 1979 4112 supra
2022 4042 2122 4096 hu-

2273 1521 2602 1576 ἐπισκόπου
2659 1507 2774 1586 τῆξ
2823 1507 3276 1586 Νεοκαιάαρείᾳῤ
3320 1507 3606 1586 μόντουῃ,
3661 1507 3759 1586 τοῦ

2277 1576 3040 1661 Θαυματουργοῧξέγκώμιον
3067 1576 3157 1661 εἷς
3176 1581 3290 1661 τρν¹
3315 1576 3760 1661 Εῠαζτελισμρν

2275 1643 2708 1731 τῆξάαναᾶοιὶις
2736 1643 3021 1731 ’θροτὸκου
3065 1643 3163 1706 καὶ
3205 1649 3296 1705 ἀεὶ
3328 1643 3630 1715 παρθένου
3659 1643 3762 1711 τῆς

2275 1728 2525 1800 Μαρίας,
2554 1730 2734 1799 λόγος
2753 1728 2832 1791 β’.

2291 1845 2514 1916 Ἑορτάς
2565 1843 2660 1913 μὲν
2702 1838 2917 1900 ἁπάσας
2966 1834 3061 1889 καὶ
3102 1830 3400 1904 ὑμνῳδίας,
3446 1827 3566 1881 δέον
3619 1825 3761 1896 ἡμᾶς

2212 1915 2408 1995 θυσιῶν
2439 1936 2592 2006 δίκην
2634 1930 2957 2004 προσφέρειν
2994 1924 3073 1996 τῷ
3117 1921 3254 1994 Θεῷο
3303 1918 3525 1992 πρώτην
3560 1915 3766 1988 δὲ

2214 2031 2428 2104 πρῶτον
2474 2025 2557 2098 δὲ]
2597 2024 2832 2087 πάντων,
2879 2020 2970 2074 τὸν
3013 2012 3417 2087 Εὐαγγελισμὸν
3457 2010 3561 2079 τῆς
3610 2006 3768 2076 ἁγίας

2213 2097 2494 2185 Θεοτόκου,
2520 2097 2600 2182 τὸ,
2638 2115 2832 2184 Χαῖρε,
2879 2109 3330 2180 κεχαριτωμένη,
3366 2105 3456 2156 τὸν
3495 2100 3650 2172 παρὰ
3681 2097 3767 2151 τοῦ

2215 2212 2440 2282 ἀγγέλου
2486 2209 2621 2279 πρὸς
2672 2205 2839 2276 αὐτὴν
2880 2199 3167 2272 γεγονότα·
3213 2193 3399 2264 ἐπειδὴ
3439 2191 3534 2244 καὶ
3579 2188 3767 2260 πρώτη

2216 2307 2394 2375 πάσης
2440 2301 2628 2370 σοφίας
2820 2295 2925 2367 πρὸ
2953 2294 3050 2363 τῆς
3084 2288 3272 2358 σοφίας
3309 2283 3513 2355 πάσης]
3540 2282 3638 2375 καὶ
3671 2297 3767 2375 σω-

2215 2369 2401 2469 τηρίου
2427 2369 2770 2452 διδασκαλίας
2800 2386 2893 2440 ἐπὶ
2923 2385 3017 2455 τῆς
3065 2383 3191 2448 νέας
3206 2377 3489 2469 διαθήκης,
3512 2370 3576 2425 τὸ
3595 2369 3762 2469 lic-ripis

2221 2460 2673 2561 κεᾷαριτωμένη,
2693 2482 2842 2554 παρὰ
2865 2479 2958 2536 τοῦ
3006 2471 3215 2543 Πατρδς
3248 2467 3354 2561 τῷν
3401 2463 3596 2561 φώτων
3645 2460 3766 2561 iui-iv

2219 2551 2516 2646 ἀπεστάληί
2569 2551 3015 2640 Κεχαρίτωμένη
3055 2565 3114 2618 δὲ
3171 2559 3338 2615 εἰπὼν
3361 2597 3376 2622 ,
3431 2557 3614 2609 πᾶσαν
3679 2551 3767 2621 τὴν

2221 2672 2378 2743 φύσιν
2403 2669 2508 2722 τῶν
2537 2662 2832 2733 ἀνθρώπων
2866 2651 3312 2729 συμπεριέλαϐεν.
3347 2647 3551 2716 Χαῖρε,
3594 2659 3766 2712 κεχα-

2213 2733 2522 2833 ῥιτωμένη,
2555 2757 2647 2809 ἐπὶ
2673 2756 2738 2825 τῇ
2770 2751 2897 2822 ἁγίᾳ
2932 2746 3184 2816 συλλήψει
3216 2742 3311 2796 καὶ
3353 2740 3446 2792 ἐπὶ
3473 2740 3543 2808 τῇ
3582 2733 3770 2804 ἐνδόξῳ

2217 2827 2426 2926 κυήσνει,
2457 2845 2909 2918 Εὑαγγελίζομαι
2938 2839 3080 2909 ὑμῖν
3105 2833 3295 2907 χαρὰν
3313 2830 3611 2902 μεγάλην,
3644 2827 3767 2894 ἣτις

2212 2919 2383 2999 ἔσται
2411 2941 2588 2996 παντὶ
2616 2939 2694 3004 τῷ
2723 2935 2867 3001 λαῷ.
2898 2932 3062 2986 Πάλιν
3087 2929 3178 2982 ἐπὶ
3202 2927 3262 2979 τὸ
3290 2925 3557 2994 σωτήριον
3607 2919 3768 2979 πάθος

2214 3041 2244 3092 6
2285 3036 2486 3108 Κύριος
2528 3031 2846 3103 ἐρχόμενος,
2901 3026 3111 3094 ἔλεγενο
3151 3022 3396 3089 Ὄψομαι
3435 3012 3628 3084 ὑμᾶς,
3679 3007 3772 3062 καὶ

2216 3101 2678 3201 χαρίάεσθε,-καὶ
2708 3121 2821 3188 τὴν
2864 3116 3053 3186 χαρὰν
3083 3111 3246 3183 ὑμῶν
3271 3107 3472 3173 οὐδεὶς
3498 3103 3656 3173 αἱρεῖ
3675 3101 3772 3171 ἀφ’

2430 3216 2541 3271 Kal.
2566 3212 2700 3286 μετά
2720 3213 2779 3265 τὸ
2809 3210 3124 3281 ἀναστῆναι,
3157 3204 3316 3258 πάλιν
3348 3201 3436 3254 διά
3467 3198 3576 3252 τῶν
3609 3195 3772 3264 ἁγίων

2217 3290 2508 3382 γυναικῶν,
2531 3307 2744 3379 πρῶτον
2772 3308 2832 3360 τὸ
2855 3307 3019 3378 χαῖρε
3037 3297 3394 3375 [ἄλ.χαζρετε
3411 3293 3434 3367 ]
3454 3294 3590 3364 ἡμῖν
3618 3290 3776 3357 εὐαγ-

2218 3404 2511 3474 γελίζεται.
2546 3399 2714 3453 Πάλιν
2763 3394 3115 3468 παραπλήσια
3146 3390 3352 3452 τούτοις
3389 3389 3419 3440 6
3460 3382 3775 3442 Ἀπόστολος

2219 3496 2507 3567 κέκραγεν*
2541 3492 2819 3554 Πάντοτε,
2864 3487 3069 3555 λέγων,
3101 3482 3351 3553 χαίρετε·
3387 3475 3776 3536 ἀδιαλείπτως

2220 3562 2646 3656 προσεύχεσθε
2680 3581 2749 3634 ὲν
2775 3578 2951 3632 παντὶ
2985 3570 3405 3642 εὐχαριστεῖτε.
3453 3567 3650 3637 Ὁρᾶτε
3678 3562 3778 3615 τοί⁶

2219 3698 2333 3745 νυν,
2369 3671 2413 3732 ὧ
2439 3674 2727 3746 ἀγαπητοὶ,
2757 3671 2872 3735 πῶς
2898 3668 2994 3740 τὴν
3027 3667 3164 3735 ὑπὲρ
3195 3664 3400 3718 ἔννοιαν
3430 3660 3528 3714 καὶ
3562 3659 3776 3712 ἀένναοεν

2220 3773 2413 3847 χαρὰν,
2441 3769 2762 3842 ἀδιαιρέτως
2805 3763 3074 3834 πανταχοῦ
3109 3762 3238 3832 ἡμῖν
3280 3760 3308 3810 6
3337 3755 3543 3828 Κύριος
3583 3751 3779 3847 ἐδιξρῆ·

2223 3839 2368 3922 dare.
2415 3839 2629 3934 Ἐπειδῆ
2669 3860 2776 3933 γὰρ
2814 3859 2848 3930 ἡ
2896 3855 3023 3924 ἁγία
3067 3851 3255 3922 Μαρία
3297 3850 3355 3901 ὲν
3406 3845 3574 3916 σαρκὶ
3625 3839 3777 3902 οὖσα,

2219 3961 2317 4032 τὴν
2364 3958 2634 4029 ἄφθαρτον
2667 3951 2937 4008 πολιτείαν
2983 3948 3260 4017 ἐκέκτητο,
3291 3942 3513 4012 ἀρεταῖς
3554 3955 3614 3991 τε
3646 3952 3777 3989 παν-

2221 4053 2391 4115 τοίαις
2419 4046 2869 4117 πολιτευσαμένη,
2894 4041 2988 4096 καὶ
3015 4039 3254 4111 βιώσασα
3291 4037 3538 4106 κρεῖττον
3576 4032 3610 4102 ἢ
3644 4028 3780 4083 κατά

557 4160 735 4202 mante
759 4153 963 4198 naturae
989 4139 1454 4201 consuetudinem,
1486 4137 1739 4207 gerebat;
1771 4133 1896 4188 ideo
1935 4130 2121 4188 δειενηὶ

2223 4144 2522 4215 ἀνθρωπονο
2555 4139 2640 4193 διὰ
2667 4135 2842 4203 τοῦτο,
2866 4137 2894 4188 6
2917 4135 2980 4187 ὲκ
3012 4129 3142 4185 Θεοῦ
3175 4127 3381 4199 Πατρὸς
3401 4125 3576 4192 Λόγος
3607 4122 3781 4193 σάρκα

557 4236 736 4292 Patris
761 4233 1021 4298 Verbum,
1054 4245 1271 4286 carnem
1292 4245 1358 4285 ex
1383 4243 1468 4294 ea,
1494 4236 1549 4282 et
1587 4224 1877 4297 perfectam
1926 4224 2119 4278 buma-

559 4343 684 4384 nam
720 4335 968 4382 naturam
993 4323 1267 4392 suscipere
1291 4321 1568 4391 (lignatum
1597 4325 1708 4383 est;
1750 4324 1809 4370 ut
1833 4331 1926 4386 per
1955 4330 2119 4384 quam

559 4433 778 4475 carnem
813 4425 1091 4486 peccatum
1118 4415 1172 4467 in
1202 4412 1464 4466 mundum
1491 4409 1754 4474 introivit,
1786 4417 1840 4462 et
1866 4422 1961 4476 per
1995 4421 2119 4476 pec-

557 4520 738 4568 catum
767 4523 934 4572 mors,
959 4522 1053 4577 per
1077 4506 1318 4560 eamdem
1341 4517 1556 4558 carnem
1579 4510 1852 4571 peccatum
1882 4500 1934 4552 in
1957 4513 2120 4553 carne

559 4601 966 4665 condemnetur,
990 4613 1052 4652 ac
1080 4597 1283 4668 peccati
1329 4604 1562 4650 tentator
1604 4595 1660 4648 in
1693 4592 1965 4662 sepultura
2011 4589 2115 4662 [αι.

569 4703 624 4754 in
643 4689 864 4760 attactu]
899 4690 1071 4743 sancti
1105 4689 1347 4759 corporis
1379 4688 1659 4748 vincatur,
1691 4683 2120 4755 principiumque

559 4781 971 4840 resurrectionis
1000 4779 1159 4833 simul
1197 4777 1510 4833 ostendatur
1534 4816 1550 4842 ,
1594 4787 1646 4831 et
1681 4777 1787 4830 vita
1833 4783 2032 4829 aeterna
2066 4772 2121 4824 in

559 4875 763 4932 mundo
791 4881 1054 4936 versetur,
1088 4887 1151 4925 ac
1172 4869 1264 4924 Dei
1302 4867 1475 4924 Patris
1523 4883 1647 4922 cum
1697 4867 2003 4920 hominibus
2037 4879 2122 4918 so-

558 4971 726 5026 cietas
759 4967 1124 5023 contrahatur.
1157 4963 1418 5017 Caeterum
1446 4961 1574 5031 quid
1603 4961 1690 5015 hic
1715 4959 1980 5023 dicamus,
2030 4964 2122 5009 aut

559 5063 736 5119 dicere
769 5057 1124 5117 omittamus?
1153 5064 1245 5110 aut
1269 5055 1390 5124 quis
1431 5053 1671 5125 mysterii
1706 5050 2120 5120 incomprehen-

561 5157 870 5214 sibilitatem
899 5151 1169 5208 enarrabit
1212 5163 1371 5219 atque
1411 5146 1678 5216 exponet?
1721 5145 1824 5198 Sed
1866 5158 2007 5196 nunc
2054 5143 2121 5196 ad

560 5250 894 5321 propositum
951 5247 1252 5302 redeamus.
1303 5243 1380 5297 Ad
1437 5240 1789 5295 castissimam
1849 5237 2121 5306 Virginem

563 5345 762 5397 missus
815 5350 897 5395 est
938 5338 1186 5404 Gabriel;
1240 5337 1610 5404 incorporeus,
1647 5333 1714 5386 ad
1762 5347 1878 5385 eam
1913 5347 2034 5400 quae
2066 5331 2119 5384 in

564 5448 789 5502 corpore
820 5433 980 5486 vitam
1011 5429 1332 5500 transigebat
1358 5429 1738 5494 incorruptam,
1792 5425 1843 5476 in
1873 5423 2118 5478 castitate

2220 4234 2526 4297 ἀναλαϐεῖν,
2564 4231 2658 4286 καὶ
2698 4229 2897 4282 τέλειον
2934 4223 3263 4296 ἀνθρώπινον
3305 4218 3362 4284 ὲξ
3396 4216 3568 4286 αὐτῆς
3606 4230 3781 4282 -κατη-

2221 4328 2430 4394 ξίωσενσ
2458 4324 2545 4377 ἵνα
2577 4322 2642 4374 δι’
2675 4315 2741 4392 ἧς
2778 4317 2975 4390 σαρκὸς
3019 4316 3052 4386 ἡ
3085 4310 3324 4384 ἁμαρτία
3355 4310 3434 4371 εἰς
3465 4307 3558 4360 τὸν
3581 4307 3782 4375 κόσμον

2220 4415 2487 4487 εἰσῆλθεν,
2524 4412 2619 4467 καὶ
2655 4410 2741 4464 διὰ
2788 4409 2886 4478 τῆς
2925 4405 3194 4478 ἁμαρτίας
3225 4405 3253 4456 6
3296 4401 3542 4462 θάνατος,
3571 4398 3666 4451 διά
3690 4397 3781 4466 τῆς

2220 4509 2385 4578 αὐτῆς
2431 4505 2630 4576 σαρκὸς
2674 4498 2974 4571 κατακριθῇ
3027 4499 3060 4568 ἡ
3101 4493 3340 4566 ἁμαρτία
3374 4493 3430 4544 ὲν
3476 4493 3543 4560 τῇ
3598 4489 3780 4560 σαρκὶ,

2220 4603 2311 4656 καὶ
2343 4597 2534 4668 νικηθῇ
2567 4597 2595 4648 6
2625 4594 2723 4664 τῆς
2768 4590 3037 4662 ἁμαρτίας
3078 4584 3390 4658 πειραστὴς,
3430 4585 3490 4636 ὲν
3533 4584 3600 4651 τῇ
3641 4581 3780 4647 ταφῇ

2223 4692 2341 4765 [ἄλ.
2371 4693 2429 4744 ὲν
2457 4691 2522 4761 τῆ
2559 4687 2692 4758 ἁφῇ]
2730 4683 2820 4738 τοῦ
2849 4683 3001 4752 ἁγίου
3047 4680 3310 4752 σώματος·
3347 4676 3440 4729 καὶ¹
3473 4676 3620 4745 ἀρχὴ
3654 4676 3780 4727 ἀνα-

2225 4786 2460 4846 στάσεως
2500 4782 2614 4852 ᾶμα
2657 4777 2944 4848 ἀποδεχθῇ,
2977 4775 3072 4829 καὶ
3117 4773 3228 4843 ζωὴ
3260 4770 3471 4833 αἰώνιος
3498 4771 3557 4822 ὲν
3592 4768 3781 4837 κόσμῳ

2223 4873 2528 4944 πολιτευθῇ,
2557 4872 2647 4925 καὶ
2678 4869 2808 4922 Θεοῦ
2845 4867 3051 4938 Πατρδς
3084 4864 3384 4935 ἀνθρώποις
3414 4861 3642 4931 γένηται
3671 4877 3780 4912 κοι-

2221 4967 2403 5020 νωνία.
2441 4966 2547 5017 Καὶ
2577 4964 2630 5016 τί
2664 4963 2922 5032 εἴπωμεν,
2964 4960 2997 5029 ἢ
3041 4957 3090 5011 τί
3139 4955 3592 5030 παραλείπωμεν;
3628 4953 3663 5024 ἦ
3699 4951 3778 5012 τίς

2221 5059 2538 5131 ἐξηγήσεται
2579 5056 2670 5109 τοῦ
2721 5052 3013 5126 μυστηρίου
3057 5051 3116 5103 τὸ
3165 5047 3574 5116 ἀκατάληπτον;
3623 5043 3775 5096 Ἀλλά

2223 5151 2314 5204 νῦν
2337 5151 2429 5202 ἐπὶ
2454 5149 2511 5202 τὸ
2534 5147 2884 5220 προκείμενον
2909 5141 3303 5210 ἐπανέλθωμεν,
3327 5138 3470 5211 Πρὸς
3506 5135 3775 5208 Παρθένον

2223 5243 2388 5313 ἁγνὴν
2425 5239 2657 5311 Γαϐριὴλ
2685 5236 3033 5292 ἀπέσταλται·
3061 5238 3088 5288 6
3118 5233 3401 5304 ἀσώματος
3430 5231 3565 5302 πρὸς
3723 5231 3774 5280 ἐν

2225 5330 2431 5400 σώματι
2469 5328 2825 5400 μετελθοῦσαν
2869 5329 2965 5398 τὴν
3015 5326 3285 5380 πολιτείαν
3337 5325 3432 5395 τὴν
3481 5321 3770 5391 ἄφθαρτον,

2225 5427 2280 5475 ἐν
2307 5423 2515 5493 ἁγνεία,
2545 5424 2637 5475 καὶ
2661 5424 2717 5475 ὲν
2749 5422 2967 5493 ἀρεταῖς
2999 5419 3288 5490 βιώσασαν.
3320 5418 3427 5470 Καὶ
3451 5415 3617 5469 ἐλθὼν
3642 5413 3770 5484 πρὶς

522 5619 541 5652 ⁷
635 5639 681 5673 ⁸⁵
703 5639 834 5694 Luc.
857 5654 896 5704 ι,
924 5639 1011 5692 28.
1086 5640 1130 5671 ³⁸
1155 5639 1284 5694 Luc.
1309 5653 1369 5704 ιι,
1405 5636 1491 5692 l0.
1565 5635 1607 5668 ’⁷
1629 5631 1785 5690 Joan.
1815 5649 1921 5699 xw,
1947 5631 2034 5687 22.
2110 5637 2137 5668 οι

2218 5632 2372 5690 latth.
2409 5647 2600 5702 xxvm,
2635 5632 2688 5689 9.
2761 5629 2851 5685 "l
2893 5630 3199 5701 Thess.,v,
3246 5629 3313 5686 16
3337 5671 3352 5696 ,
3398 5628 3491 5694 17,
3527 5628 3610 5683 18.
