3988 6200
198 291 337 348 1157

1106 282 1390 340 HOMILIA
1430 278 1473 337 ll
1508 280 1573 335 IN
1610 275 2031 335 ANNUNTIAT.
2070 274 2251 331 VIRG.
2290 272 2553 329 MARUE.

3285 271 3422 328 “58

195 410 386 479 αὐτὴν,
424 405 635 478 πρῶτον
694 404 772 466 τὸ,
804 401 997 471 Xans,
1022 398 1473 471 κεχαριτωμένη,
1501 399 1534 449 ὁ
1556 397 1766 464 Κύριος

1875 406 1929 446 ac
1954 386 2242 443 virtutibus
2270 386 2560 440 viventem.
2597 381 2661 436 Et
2687 380 2751 435 ad
2791 362 2961 452 ipsam
2998 380 3253 446 veniens,
3309 383 3423 450 pri-

191 502 347 571 μετὰ
375 497 512 564 σοῦ,
530 497 666 568 αύτῇ
703 494 1108 564 εὐαγγελίζεται
1137 492 1326 557 οὕτως·
1348 490 1542 558 Χαῖρε,
1583 505 1756 557 κεχα-

188 590 508 662 ριτωμένη.
542 591 615 644 Σὺ
665 588 773 661 γὰρ
817 588 885 641 τά
938 589 1035 659 τῆς
1078 587 1244 651 ὅντως
1284 587 1457 658 χαρᾶς
1505 584 1760 655 πράττεις

196 684 358 747 ἄξιαο
404 680 591 753 ἐπειδὴ
626 683 689 735 σὺ
733 682 824 735 τὸν
854 680 1077 736 ἄσπιλον
1109 680 1311 750 χιτῶνα
1341 678 1633 743 ὲνδέδυσαι,
1668 678 1762 730 καὶ

194 777 298 848 τὴν
330 773 505 846 ζώνην
530 775 625 845 τῆς
648 773 998 845 σωφροσύνης
1027 774 1352 845 περίκεισαι.
1381 770 1761 839 Χαῖρε,κεχα-

189 865 506 936 ριτωμένη,
544 865 745 936 δοχεῖον
789 864 886 935 τῆς
915 863 1234 934 ἐπουρανίου
1268 862 1599 935 εὐφροσύνης
1630 879 1762 930 τυγ-

197 960 457 1031 χάνουσα.
494 956 690 1025 Χαῖρε,
716 955 1268 1026 κεχαριτωμένηγδιὰ
1301 954 1394 1007 σοῦ
1422 954 1528 1026 γὰρ
1562 956 1594 1025 ἡ
1624 956 1764 1026 χαρὰ

196 1052 349 1123 πάσῃ
382 1053 449 1122 τῇ
474 1050 647 1103 κτίσει
677 1048 1017 1120 βραϐεύεται,
1054 1049 1147 1101 καὶ
1178 1047 1239 1100 τὸ
1259 1047 1411 1116 γένος
1439 1046 1545 1101 τῶν
1566 1045 1765 1118 ἀνθρώ⁴

196 1161 320 1197 πων
350 1141 721 1209 ἀπολαμϐάνει
752 1140 811 1193 τὸ
853 1142 1077 1212 ἀρχαῖον
1111 1139 1346 1211 ἀξίωμα.
1379 1138 1571 1207 Χαῖρε,
1592 1156 1765 1207 κεχα-

187 1235 509 1306 ριτωμένηυ
545 1234 625 1288 ὅτι
653 1235 710 1286 ὲν
742 1236 857 1298 ταῖς
890 1232 1156 1301 ἀγκάλαις
1192 1249 1284 1284 σου
1347 1233 1375 1285 ό
1406 1231 1629 1301 κτίστης
1659 1230 1763 1283 τῶν

194 1330 457 1384 ἁπάντων
502 1328 683 1400 μέλλει
727 1326 1103 1399 βαστάσεσθαι.
1158 1327 1220 1380 Ἦ
1264 1327 1321 1380 δὲ
1364 1326 1456 1379 ἐπὶ
1504 1326 1580 1397 τῷ
1623 1325 1765 1396 λόγῳ

195 1421 375 1491 τούτῳ
419 1420 758 1492 διεταράχθη·
804 1420 976 1491 ἀήθης
1008 1419 1115 1491 γὰρ
1161 1420 1295 1490 πρὸς
1323 1420 1500 1483 πάσας
1524 1419 1622 1484 τὰς
1652 1420 1766 1474 δια-

193 1512 377 1578 λέξεις
422 1512 527 1566 τῶν
574 1511 874 1584 ἀνθρώπων
924 1512 1236 1582 ἐτύγχανεν·
1270 1513 1362 1566 καὶ
1386 1513 1482 1584 τὴν
1514 1513 1762 1584 ἡσυχίαν,

194 1601 277 1666 ὡς
315 1603 522 1675 μητέρα
553 1601 902 1674 σωφροσύνης
939 1602 1033 1655 καὶ
1075 1602 1312 1670 ἁγνείας,
1348 1602 1642 1673 ἠσπάζετο,
1670 1622 1763 1658 κα-

198 1693 369 1765 θαρὸν
423 1693 774 1766 ὑπάρχουσα,
823 1693 917 1748 καὶ
973 1694 1226 1767 ἀκέραιον
1254 1736 1267 1762 ,
1317 1698 1410 1750 καὶ
1470 1697 1763 1768 ἀμόλυντον

1859 496 2008 535 mum
2030 479 2182 542 illud,
2214 477 2338 543 Ave,
2367 476 2539 547 gratia
2571 474 2745 544 plena,
2777 472 3028 526 Dominus
3058 482 3223 527 tecum
3247 473 3287 536 ¹,
3322 471 3423 541 ipsi

1858 572 1939 627 sic
1974 570 2260 625 annuntiat
2291 588 2302 622 :
2339 572 2464 631 Ave,
2494 567 2666 637 gratia
2694 563 2865 633 plena.
2893 562 2973 618 Tu
2997 563 3139 618 enim
3174 577 3294 632 qua:
3338 576 3424 615 rc-

1857 679 1983 719 vera
2012 662 2206 734 gaudio
2263 670 2387 715 sunt
2424 660 2583 730 digna
2634 658 2747 728 agis
2778 675 2791 710 :
2829 654 3085 726 quoniam
3119 653 3430 709 immacula-

1858 765 1968 810 tam
1996 755 2183 809 induta
2231 767 2288 807 es
2330 760 2568 814 vestem,
2617 761 2670 804 et
2708 746 2927 817 cingulo
2970 746 3315 801 continentiae
3364 759 3429 799 ac

1862 845 2134 916 pudicitiae
2157 842 2334 897 cincta
2370 857 2447 897 es.
2489 842 2612 908 Ave,
2650 839 2825 911 gratia
2872 838 3047 907 plena,
3096 852 3217 906 quae
3248 854 3432 907 supcr-

1863 940 2097 996 caalestis
2130 938 2327 992 laetitiae
2377 952 2472 991 vas
2528 951 2587 991 es
2629 944 2789 1004 atque
2836 931 3254 1002 receptaculum.
3304 930 3432 996 Ave,

1863 1032 2037 1102 gratia
2076 1031 2273 1099 plena:
2303 1044 2424 1083 nam
2456 1043 2554 1097 per
2586 1034 2659 1093 te,
2690 1026 2944 1096 gaudium
2969 1023 3117 1078 omni
3152 1023 3431 1092 dispensa-

1865 1135 1952 1180 tur
1979 1133 2259 1186 cresiturax,
2301 1137 2577 1193 genusque
2618 1122 2915 1175 humanum
2946 1117 3234 1187 antiquamf
3260 1115 3434 1186 digni-

1866 1226 2028 1272 tatem
2061 1224 2362 1285 recuperat.
2392 1215 2517 1281 Ave,
2550 1213 2723 1283 gratia
2762 1211 2957 1281 plena:
2984 1210 3240 1279 quoniam
3279 1210 3331 1263 in
3357 1208 3434 1263 ul-

1863 1310 1949 1363 nis
1971 1308 2077 1363 tuis
2110 1308 2333 1362 Creator
2379 1305 2755 1359 universorum
2802 1303 3116 1373 gestabitur.
3156 1301 3269 1371 Ipsa
3303 1315 3435 1356 vero

1864 1400 1920 1454 in
1949 1400 2051 1455 hoc
2076 1399 2290 1454 turbata
2312 1410 2398 1451 est
2424 1396 2587 1450 verbo
2620 1413 2632 1447 :
2667 1410 2787 1448 nam
2814 1394 2879 1447 ad
2906 1408 3269 1464 quoscunque
3292 1392 3436 1448 viro-

1865 1508 1985 1547 rum
2009 1490 2202 1545 aﬂ‘atus
2264 1496 2379 1544 erat
2406 1488 2619 1542 insolita
2642 1531 2655 1554 ,
2692 1497 2745 1541 et
2778 1486 3013 1555 quietem
3065 1492 3228 1553 atque
3270 1483 3436 1539 silen-

1866 1584 2002 1639 tium
2029 1593 2089 1637 ut
2117 1582 2461 1637 continentia:
2486 1596 2549 1633 ac
2574 1578 2837 1634 castitatis
2882 1585 3108 1631 matrem
3153 1575 3435 1645 amplecte-

1867 1678 2029 1732 batur
2054 1694 2067 1741 ;
2096 1689 2327 1743 cumque
2348 1672 2599 1742 puritatis
2628 1679 2791 1739 atque
2826 1668 3147 1739 integritatis
3172 1669 3436 1722 immacu-

196 1756 425 1856 ἄγαλμα
444 1827 457 1852 ,
650 1787 747 1858 τὴν
761 1756 1062 1859 ⁷ἀγγελικὴν
1078 1756 1203 1857 ’ὄψιν
1231 1756 1329 1841 ούκ
1354 1756 1661 1855 sagacem,
1687 1790 1762 1855 ὡς

1875 1773 2033 1825 latum
2064 1767 2413 1823 simulacrum
2442 1776 2604 1826 esset,
2634 1772 2911 1832 aspectum
2943 1760 3057 1830 ipsa
3101 1758 3431 1831 angelicum,

196 1877 250 1928 oi
290 1876 534 1941 πλείονες
728 1878 934 1951 πολλοὶ]
958 1879 1066 1933 τῶν
1110 1879 1419 1951 προφητῶν·
1456 1882 1643 1953 ἐπειδὴ
1673 1883 1767 1937 καὶ

198 1967 471 2042 παρθενία
522 1968 722 2042 ἀληθὴς
757 1970 892 2042 πρὸς
942 1971 1204 2039 ἀγγέλους
1249 1973 1534 2042 συγγένεια
1570 1977 1768 2047 τυγχά-

199 2078 318 2126 νει,
358 2061 453 2115 καὶ
488 2063 774 2134 ίσομοιρία.
831 2063 1132 2134 Ἐπιμελῶς
1168 2064 1274 2134 γὰρ
1313 2067 1345 2137 ὴ
1390 2067 1520 2135 ἁγία
1558 2067 1768 2137 Παρθέ-

200 2168 295 2217 νος
345 2153 446 2225 τὴν
482 2154 736 2225 λαμπάδα
790 2155 889 2226 τῆς
936 2156 1231 2228 παρθενίας
1268 2157 1634 2226 φυλάττουσα,
1676 2162 1771 2214 καὶ

202 2244 407 2317 πολλὴν
451 2245 542 2299 τοῦ
591 2246 664 2318 μὴ
715 2246 1037 2317 σϐεσθῆναι,
1078 2247 1486 2321 ἧσπιλωθῆναι,
1519 2252 1770 2323 πρόνοιαν

203 2336 344 2409 εἶχε.
373 2338 483 2391 Καὶ
510 2338 757 2411 καθάπερ
794 2339 858 2393 ἄν
893 2357 975 2403 τις
1020 2340 1273 2412 λαμπράν
1314 2342 1503 2414 στολὴν
1556 2344 1773 2415 περιϐε-

207 2428 495 2501 ϐλημένος,
540 2430 705 2484 πολὺν
746 2434 974 2484 ποιεῖται
1022 2431 1197 2500 λόγον,
1244 2434 1314 2505 μή
1357 2451 1439 2498 τις
1481 2434 1769 2505 μολυσμὸς,

205 2521 243 2593 ἢ
285 2518 456 2594 ῥύπος
491 2521 651 2575 πόθεν
684 2524 1045 2596 προσγένηται
1072 2540 1086 2554 ⁶
1120 2524 1289 2589 οὕτως
1328 2527 1360 2597 ἡ
1407 2526 1537 2595 ἁγία
1587 2528 1776 2601 Μαρία

207 2616 269 2668 ὲν
292 2613 459 2685 ἑαυτῇ
486 2613 765 2682 διενοεῖτο,
800 2616 895 2669 καὶ
934 2616 1116 2684 ἔλεγεν
1138 2633 1149 2646 ⁸
1178 2618 1267 2689 Μή
1305 2632 1423 2671 τινα
1464 2615 1572 2693 ἆρα
1603 2638 1775 2674 κατα-

208 2706 411 2778 σκευὴν
490 2706 524 2778 ἢ
573 2705 809 2761 θωπείαν
854 2710 886 2779 ἡ
935 2708 1194 2780 θεραπεία
1239 2709 1545 2781 κέκτηται;
1587 2712 1678 2784 Μὴ
1718 2711 1776 2765 τὸ

206 2798 379 2869 χαῖρε
399 2798 558 2853 τοῦτο
584 2798 755 2871 λύπης
780 2800 946 2853 αἴτιον
970 2818 1056 2872 μοι
1078 2802 1381 2873 γενήσεται,
1401 2800 1582 2868 καθὼς
1612 2804 1778 2858 πάλαι

207 2892 279 2960 τῇ
336 2890 636 2961 προμήτορι
660 2888 772 2961 Εὕα
794 2891 826 2960 ἡ
859 2889 1234 2961 όφεοδαίμονος
1256 2891 1581 2963 συνέργητος
1604 2910 1779 2965 παρα-

207 2976 341 3052 δοχή
373 2981 469 3051 τῆς
492 2980 850 3052 χρηστολόγου
881 2980 1222 3053 ὑποσχέσεως
1245 2983 1345 3054 τῆς
1372 2983 1645 3053 θεώσεως;
1688 2987 1779 3059 Μὴ

210 3072 375 3126 πάλιν
396 3075 483 3138 εἰς
509 3071 765 3143 ἄγγελον
791 3072 983 3141 φωτὸς
1014 3078 1595 3144 μετασχηματισθεὶς
1627 3080 1655 3130 ὁ
1675 3079 1775 3151 ἀρ-
1804 3106 1845 3162 C

206 3166 444 3236 χέκακος
474 3165 700 3236 δαίμων,
741 3166 836 3220 καὶ
874 3166 952 3237 τῷ
991 3167 1108 3238 ἐμῷ
1149 3170 1406 3239 μνήστορι
1434 3170 1641 3239 φθονῶν
1681 3172 1777 3242 τῆς

206 3258 350 3326 ἄγαν
379 3256 765 3331 σωφροσύνης,
808 3259 902 3312 καὶ
928 3260 1103 3330 τούτῳ
1136 3260 1418 3332 προϐαλὼν
1459 3262 1523 3316 δι’
1565 3264 1779 3334 ὁμιλίας

208 3346 351 3416 τάχα
378 3348 619 3419 χρηστῆς
638 3389 651 3413 ,
682 3348 777 3401 καὶ⁵
804 3348 877 3419 μὴ
906 3347 1129 3419 ἰσχύσας
1163 3351 1237 3415 ὡς
1265 3352 1487 3425 στερρὸν
1517 3355 1659 3420 νοῦν,
1690 3355 1778 3409 τὸν

207 3438 380 3509 ἄνδρα
405 3439 709 3510 ἀπατῆσαι,
740 3441 862 3511 ἐμοὶ
904 3440 1206 3513 προσῆλθεν
1236 3443 1311 3507 ὡς
1339 3445 1663 3518 ἁπαλωτέρᾳ
1686 3464 1779 3500 κε-

209 3530 537 3603 κοσμημένη
570 3535 635 3603 τῇ
668 3532 906 3605 διανοίᾳ,
934 3535 1027 3587 καὶ
1059 3535 1119 3587 τὸ
1147 3535 1314 3604 χαῷε
1336 3539 1594 3607 ὲπιφωνεῖ
1627 3539 1687 3591 τὸ
1723 3541 1779 3602 ἐς

209 3624 441 3697 ὕστερον
463 3625 626 3697 ἄχαρι
647 3642 662 3690 ;
702 3626 793 3696 Μὴ
816 3624 922 3697 ἄρα
944 3629 971 3679 ὁ
1006 3628 1350 3699 μακαρισμὸς
1379 3629 1473 3682 καὶ
1495 3630 1780 3699 ἀσπασμὸς

207 3720 271 3772 ὲν
300 3718 553 3788 εἰρωνείᾳ
584 3717 809 3787 γέγονε;
838 3720 929 3791 Μή
957 3739 1038 3784 τις
1075 3722 1149 3785 ἰὸς
1193 3723 1249 3774 ἐν
1276 3721 1354 3791 τῷ
1384 3721 1559 3792 μέλιτι
1585 3722 1782 3794 κέκρυ-

209 3826 381 3876 πται;
410 3809 501 3881 Μὴ
531 3809 685 3878 λόγος
718 3808 813 3881 μὲν
842 3811 1345 3882 εὐαγγελιζομένου,
1377 3812 1573 3875 σκοπὸς
1604 3812 1661 3863 δὲ
1689 3830 1782 3865 συ-

210 3901 458 3966 λοῦντος;
498 3902 599 3955 Ἢν
623 3900 730 3971 γὰρ
756 3902 854 3955 ούκ
882 3898 1020 3955 οἶδεν
1053 3904 1231 3967 αὐτὸς,
1262 3904 1421 3957 πόθεν
1448 3904 1777 3972 dte-tractarat;

211 3990 401 4046 Ταῦτα
431 3994 488 4046 ὲν
522 3994 686 4063 ἑαυτῇ
710 3992 992 4065 διηπόρει,
1031 3995 1125 4047 καὶ
1162 3994 1360 4063 ἔλεγεν.
1394 3995 1527 4049 Τότε
1568 3996 1727 4051 πάλιν
1753 3998 1781 4049 ὁ

212 4083 555 4157 ἀρχάγγελος
584 4087 892 4155 προσφωνεῖ
912 4085 1047 4156 αὐτῇ
1074 4087 1246 4157 χαρὰν
1274 4091 1385 4150 τοῖς
1413 4089 1545 4140 πᾶσι
1564 4088 1779 4160 πιστὴν,

215 4177 313 4230 καὶ
362 4176 703 4248 ἀδιαίρετον,
738 4178 1065 4248 προμηνύων
1112 4178 1205 4231 καὶ⁸
1252 4178 1422 4247 λέγων
1465 4180 1634 4253 αύτῇ’
1683 4181 1780 4250 Μὴ

211 4267 437 4337 φοϐοῦ,
468 4268 702 4338 Μαριὰμ
732 4268 852 4341 [ἄλ.
892 4270 1065 4340 χαρὰν
1096 4271 1416 4343 ἀδιαίρετον,
1464 4274 1558 4326 καὶ
1599 4273 1778 4342 λέγει’

213 4362 313 4436 Μὴ
361 4360 570 4431 φοϐοῦ,
617 4360 910 4433 Μαριὰμ],
950 4357 1121 4430 εὗρες
1155 4363 1264 4431 τὰρ
1302 4363 1477 4433 χάριν
1516 4367 1675 4433 παρὰ
1704 4366 1783 4432 τῷ

1868 1862 2008 1917 sicut
2034 1860 2305 1930 pluresex
2327 1853 2607 1926 prophetis
2674 1867 2780 1906 non
2835 1850 3245 1917 reformidavit;
3300 1864 3436 1919 quo-

1869 1956 2012 2010 niam
2044 1963 2097 2009 et
2128 1952 2439 2007 aﬂinitatem
2469 1948 2757 2018 quamdam
2784 1962 2847 2001 ac
2874 1943 3283 2000 similitudinem
3306 1956 3436 1997 vera

1868 2047 2148 2118 virginitas
2179 2060 2301 2100 cum
2327 2042 2530 2113 angelis
2558 2041 2737 2095 habet.
2787 2038 3038 2093 Studiose
3074 2036 3271 2106 quippe
3314 2048 3440 2089 san-

1870 2141 2110 2195 ctissima
2178 2136 2343 2207 Virgo
2408 2134 2710 2204 lampadem
2758 2130 3084 2203 virginitatis
3141 2143 3436 2184 conserva-

1870 2233 1982 2298 bat,
2036 2240 2089 2285 et
2149 2241 2216 2282 ne
2286 2225 2719 2294 exstingueretur
2778 2230 2871 2275 aut
2917 2218 3437 2284 commacularetur,

1871 2322 2093 2396 provide
2154 2321 2543 2393 diligenterque
2602 2315 2845 2371 curabat.
2908 2312 2972 2367 Et
3034 2312 3175 2366 sicut
3238 2310 3440 2380 aliquis

1874 2413 2149 2485 splendido
2221 2410 2451 2465 amictus
2514 2406 2879 2468 vestimento,
2944 2416 3196 2474 magnam
3266 2400 3437 2455 ratio-

1874 2524 1997 2563 nem
2062 2522 2126 2561 ac
2188 2519 2374 2560 curam
2441 2501 2697 2564 adhibet,
2758 2512 2827 2552 ne
2892 2511 2997 2566 qua
3066 2493 3440 2564 inquinatione

1875 2616 1939 2654 ac
1988 2598 2147 2654 sorde
2189 2595 2631 2658 contaminetur;
2692 2590 2767 2645 ita
2828 2602 3045 2658 quoque
3093 2584 3439 2641 sanctissima

1876 2692 2042 2746 Maria
2073 2692 2218 2746 intra
2264 2704 2324 2745 se
2364 2686 2636 2756 cogitabat
2697 2692 2856 2752 atque
2899 2681 3112 2736 dicebat
3141 2698 3154 2733 :
3184 2676 3441 2749 Nunquid

1878 2781 2017 2837 forte
2044 2780 2337 2835 artiﬁcium
2369 2774 2587 2845 aliquod
2615 2788 2678 2827 ac
2700 2772 2969 2838 fraudem,
3004 2769 3089 2823 vel
3112 2768 3437 2824 assentatio.

1878 2892 2000 2931 nem
2033 2876 2135 2930 iste
2166 2871 2457 2927 ministerii
2488 2881 2649 2939 atque
2676 2864 2925 2934 obsequii
2952 2873 3106 2919 actus
3134 2863 3189 2917 in
3217 2876 3276 2917 se
3304 2876 3438 2947 con-

1880 2970 2048 3024 tinet?
2073 2966 2328 3037 Nunquid
2376 2981 2468 3019 ave
2506 2964 2648 3019 istud
2696 2966 2901 3021 doloris
2927 2964 3061 3018 mihi
3102 2979 3267 3019 causa
3304 2963 3439 3029 erit,

1880 3062 2023 3118 sicut
2073 3060 2202 3115 olim
2248 3058 2438 3129 primae
2495 3058 2657 3112 matri
2700 3056 2858 3120 Evte,
2903 3056 3099 3112 blanda
3152 3056 3446 3111 divinitatis

1879 3154 2189 3226 promissio,
2221 3168 2384 3223 quam
2409 3166 2474 3206 ex
2503 3150 2820 3205 daemoniaci
2843 3151 3109 3219 serpentis
3131 3150 3445 3219 operatione

1879 3248 2261 3319 susceperat?
2327 3244 2582 3315 Nunquid
2653 3258 2844 3299 rursus
2898 3246 2957 3298 in
3007 3242 3249 3313 angelum
3310 3241 3443 3296 lucis

1882 3336 2297 3407 transﬁguratus
2331 3334 2456 3388 mali
2488 3346 2674 3388 auctor
2705 3334 2915 3389 daemon
2933 3333 2971 3399 ³,
3010 3340 3065 3387 et
3098 3348 3218 3388 meo
3246 3346 3449 3403 sponso

1879 3443 2035 3483 suam
2092 3428 2244 3482 valde
2289 3426 2603 3496 pudicitiam
2653 3426 2929 3491 invidens,
2970 3425 3276 3495 blandoque
3322 3438 3448 3479 eum

1881 3530 2129 3574 sermone
2180 3516 2410 3571 fortasse
2453 3531 2809 3586 oppugnans,
2852 3524 2906 3570 et
2950 3530 3059 3569 non
3117 3515 3301 3570 valens
3345 3513 3449 3569 viri

1884 3618 2121 3665 mentem
2158 3618 2414 3678 tanquam
2444 3608 2738 3661 ﬁrmiorem
2769 3607 3039 3675 decipere,
3070 3607 3136 3661 ad
3176 3622 3263 3661 me
3290 3606 3449 3676 quasi

1882 3701 2153 3755 teneriore
2184 3701 2495 3754 decoratam
2532 3710 2710 3753 mente
2753 3698 3012 3763 accessit;
3049 3708 3102 3751 et
3131 3698 3274 3753 istud
3310 3698 3445 3751 mihi

1880 3806 1969 3845 ave
2018 3792 2361 3846 invenustum
2388 3792 2440 3844 in
2470 3800 2747 3861 posterum
2782 3788 3321 3858 intonuit?Nunquid
3352 3804 3449 3857 per

1883 3882 2113 3938 ironiam
2162 3882 2487 3959 beatiﬁcatio
2520 3890 2678 3951 atque
2712 3881 2966 3935 salutatio
3022 3879 3115 3933 illa.
3152 3878 3291 3933 facta
3323 3879 3451 3935 est?

1880 3976 2135 4047 Nunquid
2172 3990 2440 4029 venenum
2474 3974 2576 4028 sub
2604 3973 2761 4027 melle
2792 3972 3161 4026 occultatum?
3191 3971 3448 4043 Nunquid

1884 4071 2048 4126 verba
2084 4070 2300 4139 quidem
2333 4067 2511 4122 fausta
2546 4066 2881 4132 nuntiantis;
2916 4074 2971 4119 at
3002 4081 3201 4136 scopus
3230 4075 3314 4121 est
3351 4067 3447 4121 de-

1883 4162 2213 4235 praedantis?
2260 4159 2545 4227 Quomodo
2589 4160 2733 4213 enim
2768 4173 2930 4229 quam
2976 4174 3083 4212 non
3134 4158 3283 4213 novit
3334 4158 3450 4229 ipse

1884 4256 2118 4311 salutat?
2169 4252 2294 4308 Haec
2340 4253 2479 4321 apud
2524 4266 2583 4306 se
2619 4250 2783 4306 dubia
2825 4249 3154 4321 cogitatione
3198 4250 3452 4305 versabat

1883 4356 2048 4415 atque
2073 4345 2305 4400 dicebat.
2337 4344 2489 4399 Tunc
2518 4358 2708 4397 rursus
2736 4340 2991 4412 gaudium
3023 4340 3235 4396 cunctis
3270 4341 3449 4395 credi-

214 4435 360 4521 Θεῷ.
389 4455 571 4525 Ἔχεις
602 4453 861 4524 σύντομον
897 4454 995 4523 τὴν
1038 4453 1145 4508 τῶν
1188 4455 1457 4527 ῥηθέντων
1484 4457 1774 4525 ἀπόδειξιν.

1886 4438 1990 4492 bile
2020 4448 2183 4507 atque
2228 4436 2580 4491 indubitabile
2612 4436 2968 4505 archangelus
2996 4435 3096 4504 ipsi
3127 4436 3447 4502 annuntiat,

212 4548 291 4601 Ού
323 4546 482 4616 μόνον
512 4547 618 4618 γάρ
646 4563 760 4613 σοι,
794 4546 854 4598 τὸ
885 4544 1055 4616 μηθὲν
1081 4545 1380 4615 φοϐεῖσθαι,
1404 4547 1538 4601 ἀλλὰ
1561 4549 1654 4601 καὶ
1681 4549 1779 4620 τῆς

214 4639 448 4709 ἀφοϐίας
481 4639 572 4693 τὸν
610 4638 807 4709 τρόπον
845 4637 1167 4708 αίνίττομαι.
1202 4639 1279 4689 Δι’
1308 4638 1439 4709 ἐμοῦ
1476 4639 1584 4710 γὰρ
1612 4642 1780 4695 πᾶσαι

216 4732 272 4783 αἱ
311 4729 557 4800 οὐράνιαι
583 4727 837 4798 δυνάμεις
857 4766 870 4789 ,
898 4727 959 4778 σὲ
985 4726 1081 4797 τὴν
1116 4726 1273 4794 ἁγίαν
1300 4727 1569 4798 Παρθένον
1602 4730 1752 4784 ὰσπά
1775 4761 1781 4766 -

217 4822 399 4885 ζονται
423 4838 437 4852 ·
467 4819 626 4882 αὐτὸς
652 4820 707 4872 δὲ
744 4818 937 4889 μᾶλλον
967 4818 994 4868 ὁ
1032 4816 1299 4887 κυριεύων
1333 4818 1519 4872 πασῶν
1560 4820 1665 4872 τῶν
1694 4820 1782 4874 ού·-

222 4912 419 4983 ρανίων
444 4911 743 4982 δυνάμεων,
784 4910 892 4962 ἀπὸ
933 4909 1113 4980 πάσης
1150 4908 1245 4979 τῆς
1276 4908 1530 4973 κτίσεως,
1588 4911 1646 4963 σὲ
1680 4914 1777 4983 τὴν

218 5001 381 5070 ἁγίαν
407 5002 499 5053 καὶ
522 5000 857 5070 παγκόσμιον
879 4997 1188 5052 ὲκλέλεκται
1207 5014 1219 5027 ⁸
1247 4998 1340 5051 καὶ
1361 4998 1447 5052 διὰ
1495 5001 1593 5071 τῆς
1625 5003 1785 5071 ἁγίας

218 5096 315 5150 καὶ
336 5094 508 5164 ἁγνῆς
526 5132 540 5157 ,
571 5094 664 5147 καὶ
693 5092 934 5161 καθαρᾶς
954 5131 968 5154 ,
995 5092 1088 5145 καὶ
1111 5092 1371 5161 ἀμιάντου
1401 5110 1490 5144 σου
1518 5094 1751 5166 γαστρὸς
1769 5135 1785 5161 ,

214 5189 245 5241 ὁ
289 5184 610 5255 φωτιστικδς
655 5183 997 5256 μαργαρίτης
1041 5182 1361 5253 προέρχεται
1402 5185 1480 5245 εἰς
1514 5186 1784 5255 σωτηρίαν

218 5280 403 5350 πάσης
441 5278 541 5349 τῆς
575 5278 927 5349 οἰκουμένηςο
982 5274 1167 5345 ἐπειδὴ
1215 5276 1391 5345 πάσης
1444 5276 1788 5351 ἀνθρωπίνης

218 5371 436 5442 φύσεως
622 5368 905 5438 κτίσεως),
935 5368 1027 5420 καὶ
1066 5366 1128 5419 σὺ
1168 5368 1199 5437 ἡ
1244 5368 1372 5435 ἁγία
1394 5409 1407 5431 ,
1442 5369 1751 5442 ἐνδοξοτέρα
1773 5411 1787 5435 ,

219 5460 315 5515 και
337 5459 716 5533 καθαρωτέρα,
748 5458 841 5513 καὶ
868 5456 1131 5527 ὁσιωτέρα
1167 5456 1488 5526 γεγέννησαι
1509 5474 1521 5486 ·
1554 5458 1793 5530 λαμπρο-

220 5552 385 5623 τέραν
420 5552 519 5621 μὲν
547 5551 686 5622 ὑπὲρ
724 5549 874 5620 χιόνα
908 5547 1101 5616 ἔχουσα
1144 5545 1239 5614 τὴν
1281 5544 1547 5610 διάνοιαν,
1592 5548 1793 5611 παντὸς

1885 4541 1940 4587 et
1980 4532 2111 4588 dicit
2139 4551 2152 4587 :
2186 4527 2268 4584 Ne
2302 4532 2486 4584 timeas
2508 4528 2607 4601 [αι.
2636 4529 2891 4600 gaudium
2924 4528 3250 4583 indivisibile
3281 4528 3329 4582 ei
3355 4543 3451 4581 an-

1886 4627 2119 4691 nuntiat,
2156 4640 2219 4679 ac
2245 4625 2375 4678 dicit
2426 4640 2441 4676 :
2505 4622 2585 4676 Ne
2632 4620 2858 4692 timeas],
2921 4620 3098 4674 Maria
3145 4639 3162 4676 :
3212 4622 3450 4676 invenisti

1885 4721 2023 4774 enim
2058 4718 2281 4789 gratiam
2310 4717 2449 4786 apud
2482 4716 2646 4769 Deum
2666 4715 2705 4768 ⁸.
2732 4714 2909 4769 Habes
2937 4715 3153 4771 brevem
3182 4715 3451 4771 dictorum

1887 4812 2425 4866 demonstrationem.
2455 4807 2570 4861 Non
2619 4809 2794 4862 solum
2825 4809 2970 4863 enim
3007 4808 3101 4863 tibi
3142 4809 3285 4878 quod
3317 4808 3449 4863 nihil

1888 4901 2189 4957 timendum
2217 4909 2319 4965 est,
2350 4900 2441 4955 sed
2472 4908 2524 4955 et
2551 4899 2760 4955 ﬁducia:
2788 4900 3050 4955 rationem
3079 4901 3263 4954 innuo.
3312 4898 3449 4952 Nam
3540 4930 3543 4945 ι

1888 5003 2097 5051 cuncta:
2138 5009 2233 5064 per
2263 5008 2349 5047 mc
2374 4992 2622 5047 cmlcslcs
2653 5001 2946 5062 potestates
2979 5003 3030 5045 te
3056 5002 3296 5045 sanctam
3330 4988 3449 5043 Vir.

1895 5088 2075 5159 ginem
2119 5087 2356 5141 salutant
2396 5103 2410 5139 :
2454 5084 2583 5154 quin
2621 5094 2675 5138 et
2713 5085 2828 5153 ipse
2867 5084 3163 5138 caelestium
3204 5082 3449 5137 omnium

1894 5188 2220 5249 potestatum
2251 5178 2587 5243 dominator,
2630 5192 2695 5231 ex
2727 5177 2875 5231 omni
2910 5184 3153 5230 creatura
3174 5214 3187 5238 ,
3236 5183 3286 5231 te
3320 5188 3449 5227 san-

1886 5272 2184 5328 ctissimam
2222 5280 2274 5326 et
2310 5271 2713 5325 ornatissimam
2764 5270 2947 5338 elegit;
2986 5276 3039 5321 ct
3068 5283 3161 5336 per
3202 5276 3447 5321 sanctum

1888 5381 1951 5421 ac
1973 5376 2419 5435 castum,purum
2445 5373 2607 5434 atque
2640 5362 2977 5431 impollutum
3003 5369 3243 5412 ventrem
3271 5367 3446 5422 tuum,

1890 5456 2249 5528 fulgidissima
2288 5449 2580 5526 margarita
2624 5454 2675 5507 in
2722 5454 2949 5506 salutem
2982 5451 3145 5505 totius
3180 5459 3447 5504 terrarum

1890 5548 2042 5601 orbis
2092 5548 2472 5618 progreditur;
2522 5544 2775 5618 quoniam
2820 5556 2872 5599 et
2922 5551 2973 5596 tu
3030 5551 3247 5609 sancta,
3300 5540 3449 5596 omni

294 5737 312 5767 ί
353 5733 485 5790 Luc.
518 5751 556 5803 1,
580 5733 669 5788 28.
748 5736 767 5766 ³
799 5733 931 5788 Gen.
968 5748 1048 5787 ιιι.
1128 5726 1146 5762 ³
1184 5731 1218 5785 ll
1253 5730 1372 5786 Cor.
1407 5745 1463 5797 ιι,
1500 5728 1579 5781 H.
1661 5726 1679 5758 ⁸
1705 5723 1833 5779 Luc.
1872 5742 1909 5793 ι,
1943 5725 2029 5779 50.
