3988 6200
578 235 715 293 1159

1204 238 1264 293 S.
1302 235 1630 294 GREGORII
1668 237 2028 298 THAUMAT.
2068 240 2220 299 OPP.
2260 242 2443 300 PARS
2474 242 2776 299 ALTERA.
2817 273 2888 283 —
2923 240 3154 299 DUBIA.

3649 250 3764 305 Ηίῑῦ

575 355 811 412 humana
840 359 1037 408 natura
1066 349 1175 425 [αι.
1206 352 1493 424 creatura]
1524 354 1817 425 gloriosior
1850 373 1915 412 ac
1944 358 2113 428 purioi

2233 357 2290 412 δὲ
2318 359 2537 429 χρυσίου
2561 356 2926 429 δοκιμωτέρου
2965 358 3377 430 κεκαθαρμένον
3401 359 3463 412 τὸ
3494 359 3663 432 σῶμιν
3685 379 3766 432 γα⁶

572 444 923 515 sanctiorque
950 444 1137 501 eﬂ‘ecta
1161 460 1337 512 es;ac
1364 445 1487 500 nive
1511 447 1730 516 quidem
1762 449 2130 504 candidiorem

570 537 775 593 habens
828 545 1101 604 mentem,
1148 538 1343 606 quovis
1390 547 1569 593 autem
1618 555 1752 595 auro
1782 544 2131 611 quantumvis

567 630 794 700 probato
827 631 1169 702 puriﬁcatum
1220 631 1392 699 magis
1424 646 1658 702 corpus;
1688 642 1928 690 ventrem
1978 651 2128 703 vero,

567 722 782 791 qualem
815 720 1062 776 Ezechiel
1093 720 1260 788 vidit,
1307 731 1361 777 et
1392 725 1607 793 qualem
1656 727 1962 795 recensuit,
2001 729 2129 783 talia

510 822 535 837 ‘
567 815 796 869 dicens:
854 812 1158 868 Similitudo
1203 816 1513 871 animalium
1557 835 1711 887 super
1750 833 1941 888 caput,
1979 823 2130 890 quasi

566 905 1038 974 ﬁrmamentum,“
1060 906 1209 975 quasi
1229 917 1466 976 aspectus
1485 908 1725 978 crystalli
1749 910 2124 979 formidabilis,

566 1005 615 1049 et
640 995 930 1048 similitudo
960 995 1136 1050 throni
1154 1037 1171 1061 ,
1203 1012 1358 1065 super
1384 1014 1467 1060 ea,
1489 1000 1642 1069 quasi
1664 1011 1902 1070 aspectus
1933 1002 2126 1072 lapidis

565 1087 839 1159 sapphiri;
873 1097 921 1142 et
950 1105 1106 1158 super
1136 1088 1399 1157 thronum,
1435 1102 1685 1162 tanquam
1715 1094 2008 1149 similitudo
2040 1097 2129 1150 Ito-

567 1180 752 1244 minis,
777 1189 827 1234 et
858 1182 1014 1251 quasi
1045 1191 1283 1252 aspectus
1320 1184 1539 1247 electri;
1568 1193 1616 1238 et
1645 1185 1957 1240 intrinsecus
1987 1187 2123 1257 ejus,

565 1272 697 1325 velut
731 1283 969 1341 aspectus
1001 1274 1167 1343 ignis,
1211 1290 1310 1343 per
1333 1274 1669 1332 circuitum'.
1702 1274 1991 1346 Perspicue
2021 1278 2126 1350 igi—

565 1372 651 1416 tur
676 1363 936 1434 propheta
981 1374 1167 1420 natum
1204 1382 1272 1421 ex
1321 1367 1665 1422 sanctissima
1698 1366 1948 1439 Virgine,
1982 1369 2036 1424 in
2070 1370 2129 1424 ll-

562 1470 695 1525 gura
725 1470 789 1510 ac
816 1455 1006 1510 umbra
1031 1457 1285 1511 cernebat
1309 1472 1322 1507 :
1348 1472 1507 1527 quem
1533 1466 1610 1523 tu,
1628 1468 1810 1515 sancta
1838 1458 1999 1531 Virgo
2025 1459 2122 1532 [al.

562 1548 714 1603 beata
743 1545 926 1619 Virgo]
957 1556 1175 1617 portare
1219 1565 1326 1603 non
1363 1565 1552 1620 posses
1574 1591 1589 1614 ,
1625 1551 1731 1607 nisi
1774 1554 1923 1607 omni
1955 1553 2124 1624 gloria

560 1649 725 1709 atque
749 1639 948 1693 virtute
970 1654 1069 1709 pro
1095 1650 1340 1710 tempore
1367 1641 1461 1698 illo
1492 1642 1787 1716 refulgeres
1805 1643 1901 1717 [aL
1933 1654 2113 1701 contra

2225 1634 2461 1689 ἐπαίνων
2480 1635 2709 1707 νεύμασι
2741 1639 2837 1692 καὶ
2859 1638 3175 1710 κηρύγμασι
3199 1640 3289 1694 τὸν
3313 1641 3538 1697 ἄσπιλον
3565 1646 3770 1719 ὰνυμνη·

562 1730 760 1787 throno
795 1730 968 1801 ipsius
1002 1731 1374 1803 coruscares].
1422 1732 1631 1800 Quibus
1664 1737 1827 1807 igitur
1851 1740 2113 1793 encomio-

2229 1738 2409 1794 σωμεν
2450 1725 2800 1797 χαρακτῆρα;
2849 1727 3037 1793 Ποίαις
3072 1735 3464 1801 πνευματικαῖς
3502 1709 3770 1806 ὑμνῳδίαις

559 1836 681 1875 rum
749 1818 925 1875 verbis
975 1819 1294 1891 dignitatem
1347 1823 1664 1893 virginalem
1710 1826 2127 1884 describamus?

558 1908 768 1978 Quibus
819 1908 1039 1965 laudum
1096 1910 1586 1981 signiﬁcationibus
1635 1926 1800 1986 atque
1866 1921 2124 1988 praeconii

555 1996 958 2057 immaculatam
987 2002 1107 2072 ejus
1128 2001 1360 2058 formam
1388 2006 1765 2064 celebremus?
1785 2011 1987 2080 quibus
2013 2012 2126 2082 spi-

559 2094 805 2149 ritalibus
820 2094 1048 2149 canticis
1072 2102 1234 2165 atque
1249 2096 1652 2156 elocutionibus
1668 2101 2122 2172 gloriosissimam

558 2185 697 2241 inter
716 2187 937 2257 angelos
959 2188 1358 2257 gloriﬁcemus?
1387 2190 1533 2258 llzec,
1562 2194 1615 2248 in
1642 2195 1803 2251 domo
1830 2196 1923 2251 Dei
1948 2197 2121 2253 instar

556 2274 847 2333 fructiferae
875 2279 1030 2335 oliva:
1054 2280 1326 2350 plantata,
1361 2285 1447 2339 cui
1480 2283 1717 2355 Spiritus
1769 2298 1994 2345 sanctus
2032 2291 2125 2345 ob-

555 2371 856 2438 umbravit;
908 2388 1003 2443 per
1049 2389 1213 2443 quam
1261 2392 1361 2432 nos
1406 2378 1543 2433 ﬁlios
1582 2389 1636 2434 ct
1680 2380 1917 2438 itaaredes
1966 2384 2120 2454 regni

554 2463 757 2519 Christi
781 2467 1010 2520 vocavit.
1048 2464 1173 2522 Haec
1231 2482 1443 2538 semper
1474 2469 1661 2539 vigens
1697 2471 2120 2530 immortalitatis

555 2558 840 2626 paradisus
863 2598 879 2624 ,
926 2559 981 2613 in
1010 2575 1115 2630 qua
1154 2561 1362 2633 lignum
1406 2565 1529 2619 vita:
1575 2566 1877 2637 plantatum
1907 2570 2119 2626 cunctis

554 2646 977 2705 immortalitatis
1025 2650 1236 2708 fructus
1283 2652 1381 2725 [aL
1415 2656 1949 2727 incorruptibilitatis
1995 2660 2135 2735 ίίἰι-⁴

553 2737 734 2812 ctum]
766 2742 1093 2811 suppeditat.
1129 2742 1254 2801 Haec
1294 2748 1563 2818 virginum
1594 2751 1880 2821 gloriatio,
1906 2761 1963 2809 et
1996 2769 2117 2809 ma-

552 2864 698 2912 trum
733 2858 1006 2929 jubilatio.
1048 2860 1174 2918 Ilaec
1210 2865 1549 2922 credentium
1593 2868 2032 2936 ﬁrmamentum,
2062 2880 2118 2927 et

551 2947 765 3019 piorum
805 2951 1107 3021 perfectum
1137 2956 1465 3024 exemplum.
1499 2955 1623 3013 Haec
1662 2959 1801 3015 lucis
1829 2961 2116 3017 indumen-

551 3050 705 3108 tum,
745 3050 800 3097 et
833 3044 1051 3100 virtutis
1097 3043 1212 3117 [al.
1249 3048 1524 3120 veritatis]
1571 3050 1935 3108 domicilium.
1987 3052 2113 3111 Haec
2140 3061 2183 3118 C

549 3132 674 3189 fons
719 3137 1005 3205 perennis,
1042 3136 1098 3191 in
1132 3152 1240 3207 quo
1288 3154 1430 3209 aqua
1479 3141 1601 3196 viva
1645 3146 1925 3199 scaturivit
1952 3156 2113 3216 atque

549 3226 807 3298 produxit
847 3226 1062 3283 Domini
1114 3229 1171 3284 in
1200 3245 1364 3285 carne
1398 3232 1711 3291 adventum.
1739 3234 1867 3291 Haec
1887 3236 2113 3307 iustitia:

548 3317 981 3387 munimentum;
1010 3329 1062 3375 et
1095 3321 1407 3393 quicunque
1435 3324 1554 3392 ejus
1575 3366 1590 3391 ,
1622 3341 1688 3380 ac
1722 3327 2000 3398 virginalis
2029 3330 2111 3383 in-

546 3408 839 3478 genuitatis
875 3411 1238 3485 puritatisque
1278 3424 1551 3471 amatores
1592 3415 1840 3485 fuerint,
1869 3421 2110 3490 angelica

545 3500 718 3571 gratia
773 3501 1141 3570 perfruentur.
1172 3498 1517 3576 Quicunque
1565 3522 1596 3561 a
1661 3511 1784 3562 vino
1831 3509 2111 3567 ebrietatis

548 3587 645 3661 [αι.
693 3605 724 3644 a
751 3590 879 3645 vino
909 3601 964 3646 et
996 3591 1282 3665 ebrietate]
1309 3603 1362 3648 et
1395 3595 1570 3649 sicera
1611 3596 1903 3665 voluptatis
1937 3597 2109 3651 absti-

545 3683 799 3750 nuerint,
833 3698 901 3739 ex
930 3684 1203 3756 genimine
1225 3684 1451 3741 vivifica:
1490 3687 1842 3757 plantationis
1871 3688 2111 3743 ltetilica-

543 3775 769 3832 buntur.
798 3774 1119 3849 Quicunque
1151 3778 1475 3848 virginitatis
1500 3779 1804 3850 lampadem
1848 3781 2111 3837 inexstin-

543 3876 685 3924 ctam
713 3870 1177 3936 conservaverint,
1210 3872 1648 3930 immarcessibili
1684 3876 2109 3931 immortalitatis

542 3963 778 4017 corona‘l
834 3965 1265 4020 exornabuntur.
1318 3963 1641 4038 Quicunque
1702 3969 2108 4025 immaculatam

542 4048 910 4122 temperantiae
966 4070 1030 4108 ac
1071 4057 1344 4125 pudicitiae
1382 4068 1587 4114 vestem
1639 4063 2104 4132 comparaverint,

541 4144 771 4213 mystico
807 4143 1032 4214 iustitia:
1080 4147 1318 4202 thalamo
1357 4150 1717 4220 excipientur.
1782 4153 2107 4226 Quicunque

543 4236 767 4303 propius
829 4236 897 4292 ad
964 4239 1266 4309 angelicum
1293 4242 1520 4311 gradum
1560 4246 1931 4314 accesserint,
1977 4263 2104 4317 per-

540 4324 736 4381 fectius
764 4344 978 4399 quoque
1005 4331 1213 4386 deliciis
1245 4334 1535 4390 Dominicae
1570 4335 1925 4393 beatitudinis
1976 4340 2102 4394 reli-

538 4417 770 4475 cientur.
807 4418 1128 4492 Quicunque
1164 4424 1492 4494 pellucidum
1532 4429 1729 4483 mentis
1760 4431 1973 4496 oleum,
2035 4448 2099 4488 ac

537 4548 735 4605 purum
785 4536 1133 4591 conscientia
1182 4537 1480 4608 thymiama
1534 4542 1901 4612 possederint,
1971 4546 2101 4603 boni

532 4622 796 4693 Spiritalis
822 4622 1005 4678 odoris
1037 4626 1449 4700 adoptionisque
1469 4630 1562 4704 [αι.
1584 4641 1638 4688 et
1661 4635 1967 4705 adoptionis
1989 4641 2097 4710 spi-

537 4713 735 4787 ritalis]
764 4714 1182 4785 promissionem
1210 4734 1632 4793 consequentur.
1666 4724 1990 4801 Quicunque
2013 4732 2091 4786 di-

535 4822 638 4879 gne
680 4806 772 4862 Dei
810 4807 1087 4878 genitricis
1110 4812 1348 4882 Virginis
1380 4814 1565 4887 Maria:
1611 4818 2093 4879 Annuntiationem

533 4900 952 4969 celebraverint,
995 4903 1295 4973 pleniorem
1324 4908 1485 4963 etiam
1516 4911 1773 4981 angelicae
1807 4913 2093 4971 salutatio-

533 4993 620 5047 nis
660 4992 837 5057 illius,
886 4995 1012 5061 Ave,
1058 4997 1233 5067 gratia
1259 4997 1437 5067 plena,
1488 5004 1793 5059 mercedem
1833 5005 2087 5062 relerent.

530 5081 757 5154 Oportet
806 5083 968 5156 igitur
1024 5103 1123 5143 nos
1176 5088 1316 5146 hanc
1370 5089 1715 5149 festivitatem
1777 5096 2090 5163 celebrare,

530 5178 786 5248 quoniam
832 5178 1027 5250 gaudio
1067 5190 1230 5250 atque
1278 5181 1460 5238 laetitia
1508 5193 1765 5241 cunctum
1821 5196 2089 5245 terrarum

531 5271 754 5341 replevit
793 5273 1000 5329 orbem.
1074 5273 1423 5332 Celebremus
1478 5279 1644 5348 igitur
1692 5296 1795 5338 nos
1856 5298 1976 5338 eam
2032 5285 2089 5340 in

531 5362 753 5430 psalmis
771 5372 826 5419 et
851 5363 1086 5436 hymnis,
1113 5382 1178 5423 ac
1208 5369 1436 5425 canticis
1458 5372 1819 5442 spiritalibus.
1841 5376 2089 5433 Celebra-

532 5454 604 5508 vit
628 5455 757 5510 olim
783 5464 838 5511 et
860 5455 1024 5516 Israel
1049 5476 1063 5513 :
1084 5470 1140 5516 at
1160 5461 1215 5517 in
1235 5465 1462 5536 azymis,
1487 5473 1541 5521 ct
1568 5466 1752 5522 herbis
1783 5471 2004 5538 amaris,
2019 5471 2087 5527 de

531 5545 726 5615 quibus
746 5548 822 5603 ait
833 5553 1091 5622 propheta
1111 5572 1126 5609 :
1164 5554 1473 5613 Convertam
1496 5558 1829 5628 festivitatem
1851 5564 2083 5634 ipsorum

595 5720 616 5753 ⁸
645 5719 842 5778 Ezech.
867 5740 907 5792 ι,
932 5727 1027 5797 29.,
1056 5730 1147 5795 26,
1180 5732 1270 5788 27.
1350 5737 1371 5768 ⁶
1396 5735 1417 5791 Ι
1446 5736 1590 5795 Petr.
1626 5757 1679 5810 v,
1708 5744 1760 5797 4.

2233 451 2397 523 στέρα
2438 451 2528 513 δὲ,
2578 451 2693 504 οἵαν
2731 452 2760 503 ὁ
2799 449 3057 521 Ἰεζεκιὴλ
3100 451 3389 516 ἐθεάσατο,
3421 453 3513 507 καὶ
3551 455 3685 508 ποίαν
3715 456 3764 510 δὲ

2232 538 2511 609 ἱστόρησεν
2534 578 2549 600 ,
2599 537 2774 591 τοιάδε
2806 537 3008 606 λέγων’
3046 538 3328 609 Ὁμοίωμα
3356 539 3508 602 ζώων
3527 544 3661 614 ὑπὲρ
3684 563 3764 600 κε-

2228 628 2428 699 φαλῆς
2445 670 2461 695 ,
2494 630 2637 685 ὡσεὶ
2670 630 2992 700 στερέωμα,
3027 632 3123 686 καὶ
3151 632 3232 699 ὡς
3274 631 3482 701 ὅρασις
3504 637 3765 703 κρυστάλ-

2228 723 2342 776 λου
2379 722 2652 790 φοϐεροῦ,
2682 723 2778 776 καί
2827 724 3085 792 ὁμοίωμα
3117 725 3333 792 θρόνου
3361 725 3452 778 ἐπ’
3483 727 3764 797 αὐτῶν,ὼς

2229 806 2441 876 ὅρασις
2465 811 2639 863 λίθου
2668 812 3002 880 σαπερείρου
3022 828 3036 842 ⁸
3067 813 3164 866 καὶ
3195 813 3396 868 ἐπάνω
3427 816 3531 871 τοῦ
3557 820 3761 885 θρόνου,

2228 897 2307 965 ὡς
2341 900 2600 969 ὁμοίωμα
2630 899 2963 969 ἀνθρώπου,
2997 904 3097 957 καὶ
3125 904 3205 970 ὡς
3238 904 3445 973 ὅρασις
3468 907 3728 977 ἠλέκτρου
3746 929 3759 941 ·

2227 989 2324 1043 καί
2348 991 2572 1044 ἔσωθεν
2603 993 2811 1058 αὐτοῦ,
2842 992 2923 1059 ὡς
2948 992 3156 1062 ὅρασις
3187 994 3410 1064 πυρὸς,
3442 999 3649 1067 κύκλῳ.
3675 1001 3763 1053 Σα-

2228 1080 2343 1151 φῶς
2371 1081 2429 1135 δὲ
2458 1082 2548 1136 τὸν
2581 1084 2644 1136 ἐκ
2676 1084 2774 1155 τῆς
2805 1084 2964 1153 ἁγίας
2999 1084 3275 1155 Παρθένου
3304 1086 3560 1159 τεχθέντα
3587 1092 3614 1143 ό
3647 1109 3763 1164 προ-

2227 1175 2402 1247 φήτης
2427 1176 2668 1241 τυπικῶς
2692 1177 2977 1235 ὲθεάσατοτ
3009 1177 3069 1231 ὃν
3098 1179 3183 1246 σὺ,
3213 1180 3347 1248 ἀγία
3384 1182 3621 1254 Παρθένε
3657 1184 3760 1258 [ἄλ.

2230 1268 2472 1341 μακαρία
2499 1268 2765 1342 Παρθένε]
2786 1309 2802 1333 ,
2842 1269 3027 1343 φέρειν
3053 1271 3153 1325 οὐκ
3187 1272 3368 1343 ἵσχυες
3385 1312 3399 1336 ,
3426 1275 3474 1327 εί
3510 1275 3584 1347 μὴ
3612 1279 3767 1349 πάσης

2224 1359 2381 1433 δόξης
2398 1401 2413 1425 ,
2436 1361 2529 1414 καὶ
2555 1361 2758 1432 ἀρετῆς
2789 1363 2931 1417 κατά
2958 1364 3051 1417 τδν
3083 1365 3274 1437 χρόνον
3308 1367 3511 1420 ἐκεῖνον
3542 1366 3661 1439 [ἄλ.
3686 1370 3767 1427 τὸν

2226 1450 2413 1523 θρόνον
2442 1451 2677 1526 ἐκείνου]
2725 1454 3118 1526 ὲξήστραπτες.
3159 1457 3339 1521 Ποίοις
3377 1454 3468 1514 οὖν
3505 1462 3767 1533 ἐγκωμίων

2226 1546 2434 1615 ῥήμασι
2461 1544 2560 1616 τὴν
2605 1544 2940 1618 παρθενικὴν
2970 1545 3354 1621 διαγράφωμεν
3391 1550 3582 1617 ἀξίαν;
3613 1554 3767 1619 Bolon;

2224 1813 2318 1866 καὶ
2345 1813 2856 1888 λέξεσιηδοξάσωμεν
2890 1817 2988 1890 τὴν
3028 1819 3375 1890 ὑπερένδοξον
3417 1826 3474 1877 ὲν
3507 1826 3768 1895 ἀγγέλοις;

2222 1904 2369 1975 Δῦτη
2403 1907 2460 1959 ὲν
2492 1906 2569 1978 τῷ
2600 1908 2734 1980 οἴκῳ
2761 1909 2852 1963 τοῦ
2880 1909 3014 1964 Θεοῦ
3054 1917 3437 1987 πεφυτευμένη
3456 1958 3472 1981 ,
3525 1919 3600 1982 ὡς
3627 1924 3774 1975 mta-

2223 2012 2434 2067 καρπος
2465 1998 2619 2067 ἐλαία
2640 2039 2655 2064 ,
2690 2002 2746 2053 ὲν
2868 2001 2930 2055 τὸ
2972 2003 3195 2075 Πνεῦμα
3225 2005 3286 2058 τὸ
3317 2006 3470 2075 ἀγιον
3504 2009 3773 2064 ὲπεσκίασε

2224 2084 2345 2157 [ἄλ.
2382 2088 2741 2162 ὲπισκιάζει]·
2772 2092 2839 2145 δι’
2858 2088 2925 2164 ἧς
2957 2094 3105 2157 υἱοὺς
3133 2096 3224 2148 καὶ
3255 2095 3621 2170 κληρονόμους
3644 2104 3778 2174 ἡμᾶς

2222 2176 2483 2248 κέκληκεν
2513 2181 2611 2252 τῆς
2643 2179 2737 2233 τοῦ
2764 2179 3000 2253 Χριστοῦ
3038 2183 3332 2255 βασιλείας.
3355 2188 3530 2261 Αὕτη,
3560 2192 3589 2243 ὁ
3611 2193 3779 2246 ἀειθα-

2222 2267 2319 2340 λὴς
2360 2270 2459 2340 τῆς
2505 2269 2811 2343 ἀφθαρσίας
2846 2274 3199 2346 παράδεισος·
3248 2280 3305 2331 ἐν
3349 2272 3384 2353 ᾖ
3428 2279 3492 2334 τὸ
3538 2281 3780 2345 Cmam

2222 2359 2374 2426 ξύλον
2403 2363 2687 2428 φυτευθὲν,
2728 2368 2839 2429 τοῖς
2866 2368 3029 2419 πᾶσιν
3059 2373 3289 2440 χορηγεῖ
3324 2369 3628 2439 ἀθανασίας
3656 2395 3775 2449 καρ·

2220 2448 2355 2512 πούς
2558 2453 2869 2525 ἀφθαρσίας
2900 2455 3156 2529 καρπόν].
3190 2458 3358 2530 Αὕτη.
3415 2462 3696 2534 παρθένων
3723 2448 3778 2519 τὸ

2218 2539 2512 2612 καύχημα,
2547 2544 2794 2615 μητέρων
2833 2546 2895 2599 τὸ
2923 2548 3254 2621 ἀγαλλίαμα.
3294 2551 3443 2625 Αὕτη
3464 2592 3478 2615 .
3517 2559 3780 2611 πιστευόν-

2218 2647 2325 2685 των
2349 2634 2649 2707 στήριγμα,
2676 2638 2770 2691 καὶ
2798 2638 3035 2693 εὐσεϐῶν
3057 2642 3405 2715 κατόρθωμα.
3426 2644 3602 2718 Αὕτη,
3620 2650 3781 2719 φωτὸς

2218 2718 2448 2794 ἔνδυμα,
2493 2726 2582 2778 καὶ
2611 2726 2812 2799 ἀρετῆς
2994 2728 3272 2806 ἀληθείας]
3307 2735 3576 2805 ἐφέστιον.
3611 2740 3778 2811 Δῦτη,

2219 2812 2369 2885 πηγὴ
2405 2814 2653 2881 ἀένναος,
2709 2817 2768 2870 ἐν
2814 2812 2932 2891 ᾖτὺ
2971 2817 3110 2885 ζωδν
3160 2822 3303 2897 ὕδωρ
3336 2824 3535 2881 ἑϐλυσε
3570 2832 3670 2904 τὴν
3706 2833 3779 2887 ἔν-

2218 2920 2416 2977 σαρκον
2465 2906 2556 2960 τοῦ
2602 2907 2806 2980 Κυρίου
2854 2911 3172 2983 παρουσίαν.
3231 2915 3412 2989 Αὕτη,
3450 2919 3780 2996 δικαιοσύνης

2216 2998 2496 3070 ὲχύρωμα,
2516 3001 2609 3055 καὶ
2627 3003 2738 3055 ὅσοι
2770 3002 2971 3075 ταύτης
2990 3007 3277 3074 γεγόνασιν
3302 3012 3552 3083 ἐρασταὶ,
3578 3017 3780 3088 καὶτῆς

2214 3091 2549 3164 παρθενικῆς
2578 3095 2745 3167 ἐρῶσι
2778 3098 3132 3172 γνησιότητος
3159 3102 3252 3155 καὶ
3274 3104 3667 3179 καθαρότητος,
3693 3112 3783 3182 τῆς

2213 3181 2509 3254 ἀγγελικῆς
2556 3186 2951 3243 ἀπολαύσονται
3022 3192 3259 3265 χάριτος.
3303 3196 3455 3250 Ὅσοι
3503 3200 3600 3253 τοῦ
3649 3181 3783 3257 οἴνου

2211 3273 2309 3345 τῆς
2346 3274 2513 3346 μέθης
2714 3280 2856 3333 οἴνου
2898 3283 2992 3336 καὶ
3024 3285 3122 3355 τῆς
3161 3285 3407 3360 μέθης],
3451 3292 3682 3347 καὶτῶν
3710 3312 3784 3348 σι-

2215 3364 2393 3437 κέρων
2419 3369 2716 3440 ἀπέχονται
2759 3372 2857 3444 τῆς
2896 3376 3259 3446 ἡδυπαθείας,
3296 3382 3359 3435 ἐκ
3392 3383 3487 3437 τοῦ
3520 3391 3788 3461 γεννήμα-

2210 3476 2301 3524 τος
2331 3462 2794 3536 εὐφρανθήσονται
2820 3467 2919 3538 τῆς
2938 3468 3221 3543 ζωηφόρου
3248 3475 3495 3544 φυτείας.
3523 3479 3679 3535 Ὅσοι
3697 3484 3789 3551 τὴν

2210 3551 2465 3623 λαμπάδα
2504 3556 2764 3612 ἄσϐεστον
2807 3557 3135 3632 διετήρησαν
3168 3565 3268 3636 τῆς
3316 3568 3657 3639 παρθενίας,
3707 3575 3791 3627 τὸν

2211 3645 2574 3718 ἀμαράντινον
2622 3649 2882 3720 στέφανον
2924 3653 3278 3725 ἀναδήσονται
3310 3659 3410 3731 τῆς
3459 3662 3789 3735 ἀφθαρσίας.

2214 3739 2365 3793 Ὅσοι
2399 3740 2490 3794 τὸν
2544 3743 2641 3812 τῆς
2688 3746 3040 3819 σωφροσύνης
3078 3748 3303 3805 ἄσπιλον
3335 3760 3794 3829 περιεποιήσαντο

2210 3831 2410 3901 χιτῶνα
2432 3873 2447 3897 ,
2482 3835 2562 3897 είς
2592 3833 2681 3888 τὸν
2710 3839 2967 3907 μυστικὸν
2999 3840 3100 3911 τῆς
3141 3842 3491 3916 δικαιοσύνης
3540 3852 3794 3924 παραληο

2214 3922 2507 3994 φθήσονται
2554 3928 2834 3997 νυμφῶνα.
2879 3932 3031 3985 Ὅσοι
3083 3933 3176 3987 τοῦ
3235 3937 3533 4005 ἀγγελικοῦ
3583 3922 3796 4014 βαθμοῦ

2210 4011 2586 4085 πλησιαίτεροι
2636 4018 2930 4087 γεγόνασι,
2983 4025 3359 4098 γνησιαίτερον
3398 4030 3497 4083 τοῦ
3544 4033 3797 4088 δεσποτι-

2209 4104 2304 4157 κοῦ
2334 4110 2809 4180 κατατρυφήσουσι
2850 4117 3220 4187 μακαρισμοῦ.
3255 4120 3408 4174 Ὅσοι
3442 4123 3504 4176 τὺ
3530 4142 3799 4193 φωτιστι-

2206 4196 2301 4249 κὸν
2334 4196 2509 4251 ἔλαιον
2533 4199 2632 4271 τῆς
2658 4200 2914 4269 διανοίας,
2947 4206 3040 4258 καὶ
3071 4207 3132 4260 τὸ
3156 4210 3397 4283 καθαρὸν
3426 4214 3525 4268 τοῦ
3560 4219 3799 4271 συνειδςρ

2204 4303 2296 4351 τος
2331 4288 2577 4362 θυμίαμα
2608 4292 2928 4365 κέκτηνται,
2959 4300 3058 4370 τῆς
3090 4301 3316 4367 εὐωδίας
3354 4307 3456 4379 τῆς
3481 4326 3793 4380 πνευματι-

2129 4402 2177 4458 D
2205 4375 2308 4445 κῆς
2330 4417 2345 4442 ,
2368 4379 2581 4450 καὶτῆς
2606 4380 2876 4449 υἱοθεσίας
3062 4394 3438 4466 πνευματικῆς
3471 4398 3795 4471 υἱοθεσίας,

2205 4462 2672 4555 κληρονομήσουσι
2748 4471 2845 4543 τὴν
2891 4462 3238 4547 ἐπαγγελίαν.
3272 4462 3427 4538 Ὅσοι
3476 4487 3656 4555 ἀξίως

2202 4554 2607 4630 Εὑαγγελισμόν
2646 4565 2958 4636 ἑορτάζουσι
3011 4572 3109 4643 τῆς
3176 4574 3425 4632 θεοτόκου
3497 4585 3793 4656 Παρθένοι.

2199 4650 2450 4723 Μαρίας,
2499 4659 2871 4748 γνησιαίτερον
2909 4664 3007 4734 τῆς
3049 4668 3342 4736 ἀγγελίας,
3408 4675 3538 4740 τοῦ,
3582 4650 3792 4748 Χαῖρε.

2199 4746 2668 4816 κεχαριτωμένη,
2704 4751 3018 4823 κομίζονται
3063 4757 3506 4827 μισθαποδοσίαν.
3558 4770 3659 4821 Δεῖ
3704 4767 3795 4823 οὖν

2198 4835 2345 4905 ἡμᾶς
2368 4836 2466 4907 τὴν
2496 4840 2686 4912 ἑορτὴν
2708 4844 2913 4916 ταύτην
2940 4848 3238 4920 ἑορτάζειν,
3269 4855 3454 4929 ἐπειδὴ
3481 4863 3672 4932 χαρᾶς
3700 4864 3798 4915 καὶ

2201 4927 2260 5023 εὑ
2269 4944 2303 4995 φ
2309 4929 2540 5002 ροσύνης
2558 4934 2736 4987 πᾶσαν
2748 4936 2843 5007 τὴν
2859 4939 3181 5015 οἰκουμένην
3196 4941 3333 5018 ἐπλή
3558 4927 3798 5023 ζεορτά-

2201 5012 2380 5086 ζῶμεν
2401 5017 2457 5072 δὲ
2482 5023 2643 5091 ἡμεῖς
2659 5024 2715 5075 ἐν
2735 5024 2969 5096 ψαλμοῖς
2989 5031 3083 5082 καὶ
3108 5012 3431 5101 ῢῇμνοιςξκαὶ
3446 5035 3620 5107 ᾠδαῖς
3634 5012 3802 5091 πνευ-

2201 5113 2476 5178 ματικαῖς.
2511 5112 2796 5184 Ἐόρταζεν
2825 5119 2954 5172 ποτὲ
3004 5122 3097 5176 καὶ
3139 5123 3351 5195 Ἰσραὴλ
3372 5165 3386 5188 ,
3421 5126 3629 5180 ἀλλ’-ἐν
3660 5130 3800 5193 ἀζύ-

2201 5216 2356 5268 μοις,
2418 5205 2511 5256 καὶ
2562 5206 2806 5278 πικρίσιο
2871 5212 2998 5282 περὶ
3046 5206 3121 5267 ὧν
3167 5217 3196 5268 ὁ
3249 5221 3531 5291 προφήτης
3592 5221 3793 5289 λέγει’

2196 5294 2601 5364 Μπαστρέψω
2626 5298 2732 5366 τὰς
2752 5300 2960 5370 ἑορτὰς
2975 5306 3174 5359 αὐτῶν
3195 5311 3282 5375 εὶς
3307 5311 3506 5377 λύπας
3522 5353 3538 5375 ,
3561 5313 3669 5366 καὶ
3702 5317 3797 5380 είς

2193 5382 2431 5453 πένθος,
2459 5389 2555 5441 καὶ
2581 5389 2695 5458 τὴν
2723 5396 3032 5466 χαρμονὴν
3056 5398 3255 5453 αὐτῶν
3291 5404 3378 5469 εἰς
3411 5406 3793 5476 κατήφειαν.

2194 5475 2304 5541 Τὰς
2328 5478 2384 5532 δὲ
2405 5481 2677 5555 ἡμετέρας
2702 5483 2875 5553 λύπας
2899 5490 2928 5541 ὁ
2949 5488 3151 5561 Κύριος
3176 5493 3353 5563 ἡμῶν,
3383 5494 3471 5550 διά
3501 5498 3619 5551 τῶν
3649 5514 3799 5566 καρ-

2193 5568 2308 5626 πῶν
2339 5572 2437 5644 τῆς
2484 5576 2791 5644 μετανοίας,
2838 5580 2918 5641 εἰς
2962 5582 3135 5654 χαρὰν
3177 5588 3544 5660 μεταστρέψαι
3591 5590 3794 5643 6:26;—
