3988 6200
312 307 436 364 “(il

1191 315 1472 372 HOMILIA
1512 319 1555 374 ιι
1591 319 1658 374 IN
1694 306 2114 378 ANNUNTlAT.
2160 323 2338 379 VIRG.
2384 327 2672 384 manus:

3410 345 3547 402 “62

303 433 593 488 ϐαιώσατο.
639 429 797 505 Εἷχεν
840 436 936 506 μὲν
970 437 1063 490 καὶ
1105 439 1137 509 η
1169 439 1356 512 πρώτη
1388 442 1620 514 διαθήκη
1656 443 1850 497 δικαιώ

1974 445 2026 497 in
2051 446 2257 500 dolores
2279 458 2324 501 et
2344 448 2562 513 luctum,
2581 461 2630 505 et
2652 452 2896 509 laetitiam
2921 473 3102 512 eorum
3126 461 3180 514 in
3206 464 3478 520 tristitiam
3501 471 3544 532 ⁷,

303 543 448 597 ματα
487 524 761 596 λατρείας,
809 527 884 591 ὡς
933 529 1023 581 ἐπὶ
1064 529 1157 583 τοῦ
1201 533 1540 605 προπάτορος
1599 535 1867 606 Ἀϐραάμ,

299 617 414 671 ἀλλ’
461 618 519 672 ὲν
559 619 742 683 πόνοις
791 623 1052 693 σαρκίνης
1099 623 1387 692 ἀλγηδόνος
1430 625 1517 681 διὰ
1547 631 1866 702 περιτομῆς,

298 707 462 778 μέχρι
475 708 678 779 χρόνων
695 726 756 762 συ
763 711 910 781 μπλη
921 710 1152 782 ρώσεως.
1170 714 1347 784 Νόμος
1359 716 1585 780 ἐκείνοις
1605 717 1692 771 διὰ
1715 720 1870 774 Mra-3-

297 801 435 864 σέως
467 803 546 864 είς
596 802 841 856 παιδείαν
889 803 1040 876 ἐδόθη
1066 822 1078 834 ·
1128 809 1260 877 ἡμῖν
1303 807 1358 861 δὲ
1399 810 1430 880 ἠ
1479 809 1653 881 χάρις,
1700 813 1793 866 καὶ
1832 815 1865 882 ὴ

293 893 523 964 ἀλήθεια
551 894 637 948 διά
668 894 842 966 Ἰησοῦ
870 897 1104 968 Χριστοῦ
1129 897 1425 972 δεδώρηται
1455 900 1574 973 [ἇλ.
1607 904 1864 977 ὲγένετο].

294 986 519 1040 Πάντων
552 987 684 1058 ἡμῖν
707 986 814 1040 τῶν
846 988 1064 1057 ἀγαθῶν
1091 990 1231 1062 ἁρχὴ
1264 992 1484 1060 γέγονεν
1512 995 1539 1046 ὁ
1568 991 1866 1064 Εὑαγγελι-

295 1075 432 1147 σμὸς
461 1077 558 1147 τῆς
583 1077 1026 1148 κεχαριτωμένης
1053 1079 1290 1150 Μαρίας,
1324 1082 1356 1151 ή
1383 1081 1754 1155 πολυύμνητος
1771 1084 1864 1138 τοῦ

289 1167 546 1238 Σωτῆρος
573 1167 872 1238 οἰκονομία,
910 1170 942 1240 ἡ
974 1169 1152 1233 ἔνθεος
1182 1170 1345 1224 αὐτοῦ
1377 1173 1469 1225 καὶ
1498 1174 1866 1247 ὑπερκόσμιος

288 1254 627 1313 διδασκαλία.
673 1259 948 1312 Ἐντεῦθεν
987 1261 1115 1332 ἡμῖν
1149 1261 1526 1319 ἀνατέλλουσιν
1554 1265 1646 1319 τοῦ
1676 1269 1864 1340 νοεροῦ

290 1350 471 1418 φωτὸς
521 1351 577 1403 αί
625 1352 858 1416 ἀκτῖνες.
904 1354 1178 1409 Ἐντεῦθεν
1227 1357 1583 1430 ἀναϐρῦουσιν
1634 1364 1765 1435 ἡμῖν
1807 1367 1862 1420 αί

290 1443 468 1512 πηγαὶ
489 1443 588 1512 τῆς
620 1444 829 1513 σοφίας,
856 1445 948 1500 καὶ
975 1446 1074 1516 τῆς
1098 1447 1413 1514 ἀθανασίας,
1442 1450 1606 1524 διειδῆ
1638 1455 1732 1508 καὶ
1766 1473 1864 1509 κα-

287 1531 436 1603 θαρά
457 1535 742 1604 ὲκχέουσαι
771 1536 869 1606 τῆς
894 1537 1171 1603 εὐσεϐείας
1200 1539 1266 1594 τὰ
1297 1541 1532 1613 νάματα.
1581 1546 1862 1602 Ἐντεῦθεν

285 1625 422 1695 ἡμῖν
455 1627 936 1698 ἀπαστράπτουσιν
984 1631 1032 1683 oi
1075 1629 1335 1704 θησαυροί
1374 1634 1473 1704 τῆς
1514 1635 1858 1705 θεογνωσίας.

287 1720 411 1790 Ζωὴ
450 1719 558 1792 γὰρ
590 1721 728 1793 αῦτη
770 1723 917 1777 ἐστὶν
961 1724 1193 1789 αἰώνιος,
1243 1728 1328 1781 ἵνα
1369 1728 1725 1802 γινώσκωμεν
1769 1733 1859 1785 τὸν

284 1808 540 1882 ἀληθινὸν
583 1809 733 1874 Θεὸν,
779 1815 872 1867 καὶ
912 1813 971 1867 ὃν
1017 1816 1328 1870 ἀπέστειλεν
1363 1817 1570 1889 Ἰησοῦν
1600 1822 1855 1893 Χριστόν.

283 1902 398 1954 Καὶ
443 1902 639 1956 πάλινο
697 1905 982 1976 Ἐρευνᾶτε
1023 1907 1121 1970 τὰς
1158 1908 1399 1978 Γραφάς,
1447 1911 1527 1964 ὅτι
1573 1914 1630 1964 ὲν
1671 1913 1860 1978 αὑταῖς

281 1994 548 2066 εὑρήσετε
598 1996 742 2068 ζωὴν
786 1995 999 2050 αἰώνιον
1215 1999 1420 2054 δοκεῖτε
1459 2001 1603 2074 ζωὴν
1645 2002 1861 2058 αἰώνιον

282 2085 476 2158 ἔχειν].
514 2088 610 2141 Διά
637 2088 795 2142 τοῦτο
825 2088 952 2160 γὰρ,
987 2093 1095 2154 τοῖς
1127 2092 1386 2162 ἐρευνῶσι
1439 2094 1506 2148 τὰ
1549 2095 1666 2150 θεῖα
1704 2097 1860 2166 λόγια

279 2177 722 2232 ἀνακαλύπτεται
754 2182 782 2232 ὁ
829 2180 1098 2255 θησαυρὸς
1132 2184 1230 2254 τῆς
1267 2185 1362 2238 τοῦ
1407 2187 1541 2241 Θεοῦ
1583 2188 1854 2257 γνώσεως.

278 2268 571 2340 Θησαυρὸν
625 2273 755 2340 ἡμῖν
801 2272 1021 2342 ἦπλωσε
1072 2276 1309 2348 σήμερον
1352 2278 1453 2349 τῆς
1504 2278 1856 2334 θεοπνεύστου

284 2358 325 2409 Γ
331 2360 510 2430 ραφῆς
545 2362 573 2413 ὁ
608 2361 982 2433 Παράκλητος.
1029 2366 1309 2438 Θησαυρὸς
1339 2368 1394 2421 δὲ
1435 2371 1566 2440 ἡμῖν
1603 2371 1741 2424 ἔστω
1773 2390 1858 2426 σο-

280 2450 435 2519 φίας,
464 2453 497 2523 ἡ
542 2456 849 2528 προφητικὴ
875 2457 1113 2526 γλῶσσα,
1145 2461 1239 2515 καὶ
1280 2463 1312 2532 ἡ
1345 2463 1674 2536 ἀποστολικὴ
1710 2464 1856 2519 διδα-

282 2540 481 2594 σκαλία
504 2557 520 2572 °
554 2545 613 2596 οὐ
654 2545 760 2615 γὰρ
803 2547 916 2601 ἔστι
951 2549 1118 2618 χωρὶς
1150 2551 1312 2621 νόμου
1344 2552 1438 2604 καὶ
1480 2553 1792 2624 προφητῶν,
1821 2553 1854 2626 ἢ

278 2633 680 2702 εὖαγγελιστῶν
709 2637 830 2709 [ἄλ.
850 2641 1685 2712 Εὐαγγελίων’],καὶάποστόλων,
1714 2646 1855 2717 ἔχειν

276 2725 379 2794 τὴν
417 2727 616 2800 ἀκριϐῆ
651 2730 750 2800 τῆς
785 2733 1057 2804 σωτηρίας
1089 2733 1295 2789 ἐλπίδα.
1329 2735 1427 2789 Διά
1471 2737 1575 2809 γάρ
1608 2738 1704 2809 τῆς
1748 2738 1856 2794 τῶν

279 2818 453 2885 ἁγίων
492 2821 784 2891 προφητῶν
839 2824 934 2876 καὶ
967 2824 1276 2879 ἀποστόλων
1319 2826 1562 2898 γλώττης
1594 2831 1621 2883 ὁ
1654 2829 1854 2902 Κύριος

276 2909 438 2980 ἡμῶν
475 2911 789 2989 φθέγγεται,
821 2915 914 2968 καὶ
951 2919 1072 2980 ταῖς
1099 2917 1206 2970 τῶν
1235 2919 1404 2986 ἁγίων
1434 2923 1638 2987 φωναῖς
1663 2923 1692 2975 ό
1720 2921 1852 2987 Θεὸς

276 3001 766 3069 ὲγκαλλωπίζεται,
815 3007 874 3058 οὐ
929 3007 1030 3078 τῆς
1070 3009 1266 3073 λέξεως
1309 3009 1565 3082 χρῄζων,’
1600 3011 1734 3065 ἀλλὰ
1784 3017 1848 3085 τῇ

1973 533 2228 591 Nostrum
2255 555 2420 607 porro
2451 541 2654 596 luctum
2691 545 2950 606 Dominus
2980 561 3188 617 noster,
3215 569 3312 623 per
3335 554 3546 615 fructus

1972 626 2302 694 paenitentiae
2339 629 2389 682 in
2418 632 2672 700 gaudium
2699 649 2756 689 se
2777 650 3168 698 conversurum
3190 644 3477 704 allirmavit
3497 651 3541 705 '.

1971 715 2170 772 Habuit
2194 720 2411 788 quidem
2453 732 2507 777 et
2536 724 2770 792 primum
2804 736 3187 789 testamentum
3215 737 3544 806 justiticato-

1971 808 2357 876 rioscultus,ut
2381 816 2433 866 in
2450 816 2627 884 primo
2652 827 2804 886 patre
2831 820 3128 892 Abraham;
3149 843 3336 883 verum
3363 831 3416 886 in
3443 835 3550 889 do-

1969 900 2136 954 lorem
2152 904 2330 956 carnei
2349 906 2625 962 cruciatus
2640 924 2737 977 per
2759 911 3260 983 circumcisionem,
3283 937 3453 992 usque
3483 931 3548 980 ad

1968 995 2612 1064 temporaexpletionis’.
2641 999 2751 1054 Lex
2783 1003 2888 1058 illis
2921 1021 3013 1074 per
3031 1007 3270 1080 Moysem
3305 1014 3429 1070 data
3468 1028 3546 1072 est

1967 1083 2034 1137 ad
2085 1087 2528 1155 correptionem;
2586 1092 2742 1148 nobis
2799 1106 2980 1152 autem
3025 1103 3194 1170 gratia
3240 1116 3294 1159 et
3341 1109 3545 1164 veritas

1966 1189 2061 1242 per
2107 1174 2290 1231 Iesum
2335 1179 2616 1235 Christum
2667 1199 2928 1242 concessa
2976 1199 3059 1244 est
3094 1191 3192 1262 [αι.
3228 1193 3366 1251 facta
3408 1200 3534 1269 est].

1963 1265 2296 1322 Cunctorum
2341 1271 2498 1327 nobis
2539 1274 2804 1330 bonorum
2855 1279 3183 1351 principium
3227 1265 3537 1344 Annuntiai-

1962 1360 2038 1414 tio
2076 1359 2256 1417 Maria:
2285 1364 2454 1432 gratia
2484 1366 2656 1435 plena:
2685 1371 2911 1436 exstitit,
2945 1372 3320 1432 laudatissima
3348 1379 3536 1435 Salva-

1963 1449 2097 1504 toris
2157 1451 2524 1522 dispensatio,
2568 1457 2859 1528 divinaque
2893 1461 3012 1529 ejus
3062 1474 3224 1534 atque
3268 1470 3534 1526 altissima

1963 1541 2199 1597 caelestis
2270 1545 2537 1600 doctrina.
2606 1546 2748 1604 Hinc
2821 1552 2981 1607 nobis
3050 1557 3310 1624 spiritalis
3393 1563 3533 1619 lucis

1961 1635 2284 1690 exoriuntur
2329 1639 2488 1692 radii.
2561 1639 2697 1695 Hinc
2755 1643 2913 1699 nobis
2969 1647 3248 1716 sapientia:
3308 1662 3363 1706 et
3434 1656 3539 1708 im-

1965 1725 2313 1780 mortalitatis
2354 1729 2661 1783 scaturiunt
2698 1729 2872 1787 lentes
2898 1751 2912 1798 ;
2943 1736 3035 1804 qui
3073 1737 3326 1808 limpidus
3352 1759 3415 1798 ac
3440 1761 3537 1814 pn-

1966 1829 2054 1868 ros
2108 1816 2254 1871 rivos
2297 1819 2513 1888 pietatis
2534 1820 2838 1877 effundunt.
2867 1823 3005 1881 Hinc
3029 1831 3187 1885 nobis
3212 1832 3407 1891 divina:
3435 1851 3534 1890 co-

1963 1906 2218 1976 gnitionis
2262 1911 2608 1979 resplendent
2648 1914 2910 1970 thesauri.
2961 1917 3087 1975 Haec
3130 1923 3273 1977 enim
3315 1928 3424 1981 vita
3449 1939 3536 1983 est

1961 2007 2180 2060 aeterna,
2238 2011 2295 2056 ut
2348 2018 2743 2073 cognoscamus
2798 2025 2986 2064 verum
3024 2012 3215 2078 Deum,
3268 2027 3320 2072 et
3366 2035 3530 2089 quem

1962 2091 2110 2146 misit
2177 2091 2361 2148 Jesum
2394 2096 2667 2154 Christum
2700 2101 2764 2155 ¹⁰.
2803 2100 2868 2155 Et
2919 2119 3108 2160 rursus
3152 2125 3167 2161 ;
3201 2106 3534 2166 Serutamini
3579 2117 3594 2122 ”

1963 2180 2273 2252 Scripturas
2325 2203 2338 2238 :
2393 2190 2650 2257 quoniam
2696 2192 2746 2245 in
2774 2194 2841 2248 iis
2881 2195 3166 2251 invenietis
3194 2200 3356 2252 vitam
3381 2212 3536 2256 aeter-

1960 2291 2084 2328 nam
2109 2275 2205 2347 [aL
2223 2279 2423 2346 putatis
2442 2282 2598 2334 vitam
2621 2294 2878 2340 aeternam
2905 2287 3125 2361 habere]
3147 2292 3210 2344 “.
3246 2291 3535 2362 Propterea

1957 2367 2100 2420 enim
2152 2371 2550 2425 scrutatoribus
2586 2373 2897 2430 divinorum
2940 2378 3282 2448 eloquiorum
3309 2386 3532 2439 thesau-

1959 2476 2054 2513 rus
2078 2460 2276 2516 divinze
2305 2465 2578 2518 revelatur
2607 2467 2954 2535 cognitionis.
2999 2460 3337 2528 Thesaurum
3371 2478 3531 2534 nobis

1958 2550 2118 2606 hodie
2169 2568 2198 2606 a
2232 2551 2341 2606 Deo
2373 2554 2644 2623 inspirata:
2677 2555 2969 2625 Scriptura:
3008 2558 3322 2617 Paracletus
3355 2565 3529 2632 expli-

1956 2644 2116 2698 cavit.
2151 2643 2464 2700 Thcsaurus
2506 2663 2666 2716 porro
2709 2650 2990 2718 sapientia:
3035 2653 3192 2708 nobis
3246 2657 3316 2709 sit
3345 2645 3557 2726 lingua.

1955 2735 2290 2803 prophetica,
2325 2747 2377 2791 et
2407 2737 2653 2793 doctrina
2683 2743 2986 2810 apostolica
3030 2761 3043 2798 :
3083 2761 3187 2798 non
3222 2748 3365 2800 enim
3397 2749 3524 2804 abs—

1955 2841 2062 2896 que
2110 2827 2227 2894 lege
2271 2837 2324 2882 et
2367 2829 2666 2898 prophetis,
2716 2842 2810 2886 aut
2837 2837 3183 2904 evangelistis
3212 2836 3306 2908 [aL
3346 2838 3524 2892 Evan-

1956 2917 2169 2991 geliis],
2230 2928 2392 2989 atque
2450 2921 2740 2989 apostolis,
2798 2926 3091 2992 perlectam
3133 2929 3325 2982 salutis
3375 2945 3527 2999 spem

1958 3009 2156 3063 habere
2204 3026 2513 3080 possumus.
2563 3011 2696 3068 Nam
2740 3031 2834 3084 per
2878 3026 3194 3071 sanctorum
3232 3021 3525 3088 propheta-

275 3091 515 3148 διαθέσει
549 3096 772 3166 χαίρων,
812 3099 963 3152 οὐδὲν
1009 3099 1066 3164 ἐξ
1096 3100 1396 3172 ἀνθρώπων
1438 3104 1849 3177 καρπούμενος,

1958 3116 2073 3154 rum
2119 3111 2173 3156 et
2221 3105 2592 3171 apostolorum
2636 3107 2876 3176 linguam
2921 3109 3182 3163 Dominus
3212 3120 3397 3167 noster
3448 3114 3524 3168 lo-

275 3185 415 3240 ἀλλά
438 3189 503 3258 τῇ
534 3188 834 3260 εὐγνώμονι
874 3190 1018 3262 ψυχῇ
1048 3191 1155 3245 τῶν
1187 3193 1404 3247 δικαίων
1432 3196 1850 3270 ἐπαναπαυόμε-

276 3296 388 3342 νος.
434 3283 508 3333 Οὐ
541 3281 650 3354 γὰρ
688 3283 745 3347 ἐξ
781 3275 854 3335 ὧν
885 3287 1045 3354 ἡμεῖς
1085 3285 1452 3357 φθεγγόμεθα,
1495 3289 1726 3359 Χριστὸς
1758 3308 1853 3361 με-

276 3373 589 3441 γαλύνεται,
625 3374 738 3429 ἀλλ’
764 3377 823 3440 ἐξ
844 3369 918 3428 ὧν
943 3377 1392 3450 εῦεργετοῦμεθα,
1419 3382 1516 3452 τὴν
1538 3383 1853 3454 εὐεργεσίαν

273 3463 632 3536 εὐγνωμόνως
666 3468 1004 3538 κηρύττομεν
1025 3485 1038 3498 ·
1077 3469 1172 3538 οὐχ
1202 3471 1289 3523 ἵνα
1316 3471 1412 3542 τῆς
1438 3472 1593 3537 ἀξίας
1631 3473 1854 3543 ὲφικνώ-

275 3557 437 3628 μεθα,
473 3558 587 3610 ἀλλ’
621 3559 708 3612 ἵνα
751 3559 847 3631 τὴν
878 3559 1019 3613 κατά
1055 3559 1281 3631 δύναμιν
1321 3562 1536 3632 ὀφειλὴν
1581 3565 1851 3646 ἀποτίσω-

273 3665 399 3720 μεν.
437 3649 600 3703 Ὅταν
621 3649 674 3702 δὲ
717 3649 1146 3718 ἀναγινώσκεται
1181 3651 1241 3704 τὸ
1267 3651 1613 3721 Εὐαγγέλιον,
1645 3655 1676 3725 ἢ
1718 3657 1851 3710 ἀπο-

271 3739 538 3807 στολικὸν,
570 3740 644 3812 μὴ
666 3744 909 3812 προσχῇς
926 3744 990 3813 τῇ
1025 3741 1211 3812 βίϐλῳ,
1239 3742 1272 3813 ἢ
1300 3742 1376 3812 τῷ
1396 3743 1814 3812 ἀναγινώσκοντι
1831 3765 1844 3776 ⁸

268 3830 410 3884 ἀλλά
440 3831 518 3901 τῷ
549 3831 642 3885 ἀπ’
694 3833 924 3902 οὐρανοῦ
957 3833 1310 3904 φθεγγομένῳ
1354 3833 1488 3904 Θεῷ.
1523 3835 1712 3900 Βίϐλος
1751 3838 1850 3908 μὲν

266 3921 402 3994 γὰρ,
435 3921 496 3974 τὸ
533 3922 840 3993 ὁρώμενον·
884 3924 1116 3996 Χριστὸς
1165 3922 1242 3986 δὲ,
1290 3923 1351 3975 τὸ
1397 3924 1842 3996 θεολογούμενον·

267 4013 678 4083 εὐαγγελίζεται
708 4015 884 4067 τοίνυν
912 4017 1039 4086 ἡμῖν
1070 4015 1167 4087 τὴν
1195 4015 1565 4087 πολυύμνητον
1599 4016 1692 4070 τοῦ
1729 4019 1844 4071 Σω-

265 4105 436 4178 τῆρος
483 4107 822 4177 οἰκονομίανο
872 4109 952 4160 ὅτι
993 4108 1127 4172 Θεὸς
1171 4107 1266 4172 ῶν,
1309 4108 1395 4162 διά
1443 4101 1846 4182 φιλανθρωπίαν

265 4197 554 4270 ἄνθρωπος
592 4198 810 4267 γέγονεν
833 4215 848 4230 ·
877 4199 935 4252 οὐ
961 4199 1056 4272 τὴν
1102 4199 1422 4271 προαιώνιον
1453 4202 1608 4269 ἀξίαν
1648 4203 1844 4256 ἀποθέ-

270 4305 456 4362 μενος,
488 4289 620 4343 ἀλλά
653 4290 750 4361 τὴν
797 4291 1068 4362 σωτηρίαν
1107 4293 1418 4362 οίκονομίαν
1456 4294 1840 4364 ἐνδυσάμενος⁸

265 4381 677 4450 εὐαγγελίζεται
714 4385 846 4454 ἡμῖν
897 4383 993 4454 τὴν
1047 4383 1417 4456 πολυύμνητον
1458 4385 1550 4437 τοῦ
1597 4387 1843 4458 Σωτῆρος

1954 3193 2141 3262 quitur
2161 3234 2175 3258 ,
2203 3204 2257 3248 et
2285 3195 2336 3247 iu
2372 3205 2683 3250 sanctorum
2722 3198 2947 3254 vocibus
2972 3199 3114 3258 Deus
3143 3203 3245 3255 sibi
3274 3203 3448 3272 placet
3471 3213 3527 3259 et

1954 3287 2286 3356 acquiescit;
2333 3304 2439 3358 non
2486 3289 2629 3359 quod
2673 3290 2949 3345 locutione
3005 3302 3177 3358 egeat,
3234 3296 3327 3349 sed
3376 3300 3520 3366 quod

1953 3377 2090 3432 bona
2143 3379 2426 3434 aﬂ'ectione
2461 3397 2525 3434 ac
2559 3381 2917 3450 dispositione
2950 3386 3212 3454 gaudeat;
3243 3403 3350 3440 non
3377 3373 3524 3457 quod

1952 3471 2020 3524 ab
2065 3471 2282 3526 homine
2310 3472 2544 3526 fructum
2575 3473 2743 3527 ullutn
2769 3477 2977 3544 capiat,
3014 3478 3106 3531 sed
3143 3479 3285 3548 quod
3318 3480 3371 3534 in
3401 3480 3524 3535 ani-

1951 3566 2146 3617 mabus
2167 3564 2438 3633 justorum
2472 3565 2639 3635 gratis
2668 3569 3043 3636 conquiescat.
3078 3569 3195 3625 Non
3226 3574 3370 3627 enim
3394 3575 3524 3644 quia

1951 3670 2050 3707 nos
2099 3655 2390 3724 loquimur,
2419 3655 2670 3712 Christus
2706 3661 3112 3728 magniﬁcatur;
3152 3664 3242 3716 sed
3276 3665 3401 3732 quia
3430 3667 3525 3720 be-

1949 3747 2158 3800 neﬁciis
2196 3748 2264 3799 ab
2301 3762 2366 3800 eo
2406 3747 2692 3812 atlicimur,
2725 3751 3133 3805 beneﬁcentiam
3165 3754 3334 3822 ipsius
3365 3766 3522 3824 grato

1946 3835 2131 3887 animo
2178 3836 2570 3903 prmdicamus;
2609 3853 2714 3892 non
2751 3849 2809 3892 ut
2847 3841 2898 3894 id
2933 3856 3029 3909 pro
3054 3841 3315 3912 dignitate
3352 3843 3520 3900 facia-

1948 3942 2111 3990 mus,
2173 3927 2266 3982 sed
2321 3939 2381 3980 ut
2428 3929 2665 3982 debitum
2724 3946 2819 3999 pro
2870 3932 3078 3988 viribus
3122 3936 3514 4003 persolvamus.

1947 4018 2176 4085 Quando
2208 4034 2369 4089 porro
2396 4019 2742 4090 Erangelium
2773 4021 2985 4090 legitur,
3015 4025 3097 4076 vel
3121 4026 3514 4094 apostolicum,

1947 4126 2055 4166 non
2083 4112 2220 4165 libro
2245 4112 2509 4177 attendas,
2543 4120 2638 4164 aut
2661 4111 2877 4179 lectori;
2911 4116 3002 4167 sed
3051 4114 3157 4169 Deo
3192 4132 3220 4171 e
3250 4119 3402 4171 cmlis
3432 4119 3516 4173 lo-

1947 4206 2153 4274 quenti.
2200 4203 2360 4258 Liber
2404 4203 2671 4272 siquidem
2719 4213 2802 4258 est
2853 4205 2905 4258 id
2948 4207 3094 4275 quod
3139 4209 3413 4272 cernitur,
3462 4220 3518 4264 at

1945 4297 2195 4351 Christus
2230 4305 2312 4350 est
2346 4296 2397 4348 id
2429 4295 2494 4349 dc
2529 4310 2638 4364 quo
2670 4295 2956 4350 disseritur
2984 4297 3082 4370 [αι.
3107 4299 3172 4352 de
3199 4315 3307 4368 quo
3332 4299 3514 4357 divina

1947 4387 2352 4460 praedicantur];
2383 4387 2714 4457 evangelizat
2740 4388 2903 4458 igitur
2926 4392 3079 4445 nobis
3105 4391 3512 4447 celeberrimam

262 4476 597 4545 οἴκονομίαν,
645 4477 724 4528 δτι
760 4479 871 4539 τοῖς
910 4475 1203 4546 κάμνουσιν
1252 4477 1433 4547 ἰατρὸς
1473 4478 1835 4550 ἐπεδήμησεν,

1953 4487 2232 4546 Salvatoris
2261 4484 2615 4541 oeconomiam
2659 4484 2770 4538 sive
2813 4484 3273 4554 dispensationem
3318 4505 3330 4539 :
3369 4503 3508 4556 quo-

263 4569 327 4621 οῦ
374 4568 681 4638 φαρμάκοις
720 4568 1054 4639 θεραπεύων,
1101 4568 1236 4622 ἀλλά
1268 4568 1494 4639 νεύματι
1540 4569 1839 4640 φιλανθρω-

264 4659 398 4722 πίας
432 4657 676 4729 ἰώμενος.
716 4657 1139 4728 Εὑαγγελίζεται
1167 4661 1297 4729 ἡμῖν
1339 4660 1435 4732 τὴν
1465 4660 1838 4732 πολυύμνητον

262 4750 360 4804 τοῦ
401 4750 652 4821 Σωτῆρος
688 4750 996 4821 οἰκονομίαν
1021 4766 1033 4779 ⁸
1075 4751 1154 4802 ὅτι
1198 4753 1307 4813 τοῖς
1341 4750 1774 4822 πεπλανημένοις
1804 4755 1836 4823 ἡ

259 4843 382 4906 ὁδὸς
421 4843 518 4914 τῆς
551 4842 822 4913 σωτηρίας
865 4840 1162 4912 ἀνεδείχθη,
1196 4843 1306 4905 τοῖς
1332 4843 1768 4913 ἀπεγνωσμένοις
1803 4847 1836 4915 ἡ

261 4935 531 5006 σωτήριος
556 4935 734 5005 χάρις,
761 4933 1027 5006 διαφόρως
1061 4932 1262 4996 πάντας
1296 4933 1676 5005 εὐεργετοῦσα,
1711 4935 1837 4998 τοὺς

259 5027 707 5100 πεπλανημένους
734 5025 1092 5098 ἀναζητοῦσα,
1129 5027 1251 5089 τοὺς
1282 5026 1694 5096 ὲσκοτισμένους
1727 5045 1837 5096 φω-

261 5122 504 5185 τίζουσα,
533 5122 657 5184 τοὺς
679 5118 1150 5189 τεθανατωμένους
1179 5116 1532 5183 ζωοποιοῦσα,
1567 5121 1692 5183 τοὺς
1722 5119 1835 5172 δού-

259 5214 389 5274 λους
422 5211 796 5283 ἐλευθεροῦσα,
820 5212 944 5275 τοὺς
987 5208 1359 5281 αίχμαλώτους
1401 5209 1828 5282 ὲξαγοράζουσα,

259 5305 356 5359 καὶ
391 5307 500 5364 τοῖς
542 5305 706 5358 πᾶσιν
743 5305 872 5374 ἡμῖν
901 5301 968 5355 τά
1007 5303 1183 5356 πάντα
1207 5303 1447 5370 γέγονεν,
1488 5303 1664 5374 ήὸδὸς
1700 5302 1824 5376 [ἄλ.

254 5397 339 5459 είς
559 5396 830 5467 σωτηρίας
851 5411 866 5424 ⁸
900 5394 960 5448 οὐ
989 5393 1074 5447 διὰ
1112 5394 1208 5466 τὴν
1239 5395 1512 5467 ἡμετέραν
1543 5397 1825 5469 εὐγνωμο-

256 5483 449 5554 σύνην,
485 5483 618 5536 ἀλλὰ
656 5483 742 5536 διὰ
772 5483 869 5554 τὴν
907 5481 1053 5552 αὐτῷ
1093 5481 1170 5554 τῷ
1209 5484 1469 5556 εὐεργέτῃ
1513 5487 1824 5558 πρέπουσαν

251 5575 584 5645 ἀγαθότητα.
623 5575 803 5628 Πάντα
845 5573 950 5644 γὰρ
995 5573 1245 5645 ἐποίησεν
1281 5573 1310 5625 ὁ
1349 5575 1557 5648 Σωτὴρ,
1605 5579 1702 5647 οὐχ
1736 5578 1820 5630 ἵνα

331 5757 356 5790 τ
382 5759 566 5810 Amos.
596 5773 710 5820 vut,
741 5758 823 5811 10.
902 5759 921 5788 ⁸
949 5757 1056 5812 Jer.
1083 5775 1231 5813 xxxi.
1306 5762 1325 5792 ⁹
1346 5758 1501 5818 Joan.
1530 5778 1566 5816 ι.

537 5853 808 5913 ΡΑι-ιιοι..
841 5854 958 5915 Ga.
992 5854 1070 5914 Χ.

1942 4580 2086 4637 niam
2115 4596 2235 4635 cum
2269 4581 2410 4632 Deus
2444 4585 2607 4638 esset,
2650 4577 2815 4629 nimia
2856 4577 3180 4648 benignitate
3206 4595 3300 4634 sua
3335 4579 3506 4634 factus

1944 4679 2028 4726 est
2050 4670 2241 4733 homo;
2266 4682 2373 4720 non
2406 4665 2623 4735 quidem
2663 4665 2974 4734 dignitatem
3000 4683 3159 4737 quam
3197 4668 3264 4722 ab
3303 4678 3507 4723 αξιοι-[ιο

1943 4756 2166 4821 habuit,
2205 4756 2480 4824 deponens
2512 4775 2525 4810 :
2576 4757 2670 4810 sed
2711 4757 3000 4810 salutarem
3035 4760 3394 4843 (econqmiam
3426 4761 3509 4813 in-

1939 4848 2133 4911 duens,
2178 4848 2512 4918 evangelizat
2563 4847 2719 4902 nobis
2772 4849 3203 4905 laudatissimam
3263 4849 3509 4906 Salvato-

1943 4940 2018 4993 ris
2073 4938 2568 5007 dispensationem;
2611 4940 2870 5008 quoniam
2925 4941 3297 4995 laborantibus
3350 4952 3511 5012 atque

1941 5031 2330 5100 aegrotantibus
2371 5029 2615 5085 medicus
2657 5031 2895 5094 advenit,
2935 5047 3039 5084 non
3067 5031 3380 5100 pharmacis
3412 5052 3512 5088 cu-

1940 5136 2102 5187 rans,
2160 5121 2252 5176 sed
2301 5129 2434 5174 nutu
2466 5121 2812 5192 benignitatis
2854 5137 2965 5177 sua:
3003 5137 3224 5178 sanans.
3266 5123 3516 5198 Evange-

1940 5211 2067 5264 lizat
2113 5211 2267 5264 nobis
2297 5210 2782 5266 celebratissimam
2824 5209 3123 5266 Salvatoris
3150 5211 3514 5281 dispensatio-

1931 5316 2053 5355 nem
2084 5318 2098 5355 :
2139 5301 2265 5370 quia
2300 5299 2614 5355 errantibus
2643 5299 2817 5354 factus
2842 5307 2926 5352 est
2948 5298 3032 5351 via
3067 5300 3283 5367 salutis,
3316 5302 3509 5372 despc-

1927 5392 2176 5446 rantibus
2225 5391 2396 5461 gratia
2443 5389 2736 5454 salutaris,
2787 5389 3139 5444 multifariam
3177 5391 3231 5444 in
3279 5404 3508 5448 cunctus

1924 5482 2185 5539 beneﬁcia
2239 5481 2558 5547 conferens,
2599 5488 2844 5535 errantes
2905 5481 3222 5557 requirens,
3267 5486 3514 5540 tenebris

1923 5574 2285 5633 circumfusos
2316 5573 2653 5635 illuminans,
2703 5580 2950 5628 mortuos
2987 5573 3287 5642 viviticans,
3317 5591 3504 5633 servos

1647 5762 1688 5793 ¹⁶
1719 5759 1874 5817 Joan.
1902 5763 2010 5817 'xvu
2034 5802 2048 5830 ,
2076 5760 2128 5815 5.
2168 5807 2178 5818 .
2207 5760 2244 5790 “
2275 5757 2430 5812 Joan.
2470 5774 2521 5825 ν,
2550 5759 2635 5812 39.

3151 5854 3222 5911 37
