3938 6282
492 291 631 347 “63
1122 293 1180 347 S.
1220 289 1547 349 GREGORII
1584 289 1938 347 TiiAUMAT.
1982 288 2131 345 OPP.
2173 287 2355 344 PARS
2404 293 2704 347 AL'IERA.
2737 321 2812 331 —
2850 292 3077 349 DUBIA.
3586 296 3717 352 “lii

488 413 737 467 libertate
783 411 1014 479 donans,
1067 412 1306 482 captivos
1358 413 1648 478 redimens,
1694 423 1749 468 et
1801 412 2034 468 omnibus

2159 409 2335 481 ἐαυτῷ
2374 412 2574 483 ἀρετὴν
2608 412 3114 485 πραγματεύσηται,
3147 412 3259 467 ἀλλ’
3295 414 3382 466 ἵνα
3414 414 3551 484 ἡμῖν
3578 431 3724 484 περι-

485 502 646 557 noliis
695 503 879 557 omnia
918 501 1111 566 factus,
1151 503 1207 557 in
1236 503 1378 558 viam
1410 505 1601 562 salutis
1637 526 1650 560 :
1694 521 1798 560 non
1832 517 2034 576 propter

2155 504 2447 574 ποιήσηται
2488 500 2632 574 ζωὴν
2671 504 2772 576 τὴν
2809 503 3043 559 αίώνιον.
3102 504 3186 558 Ἐν
3232 504 3400 560 είκόνι
3443 504 3554 576 γάρ
3594 505 3721 560 Θεοῦ

487 605 728 651 nostram
759 597 925 652 animi
957 599 1365 667 gratitudinem.
1393 599 1485 655 sed
1514 599 1585 653 ob
1616 599 1912 654 bonitatem
1944 601 2050 670 ipsi

488 687 755 743 Salvatori
802 690 1232 747 convenientem.
1286 687 1482 747 Omnia
1529 692 1672 746 enim
1699 691 1826 747 fecit
1854 691 2047 748 Salva-

487 791 590 845 tor,
637 796 744 836 non
785 790 844 836 ut
875 782 978 837 sibi
1020 782 1123 853 ipsi
1167 782 1419 839 virtutem
1452 794 1811 854 compararet,
1856 785 1953 839 sed
1990 794 2050 840 ut

485 873 642 928 nobis
708 874 872 928 vitam
926 873 1239 929 conciliaret
1287 883 1566 930 aeternam.
1620 874 1703 929 Ad
1754 875 2047 945 imaginem

482 966 680 1036 quippe
707 964 803 1020 Dei
844 966 1118 1023 hominem
1152 966 1413 1031 formans,
1450 967 1504 1021 in
1540 967 1793 1036 paradiso
1823 968 2044 1023 delicia-

483 1075 603 1114 rum
626 1060 790 1129 jussit
817 1076 941 1115 eum
975 1061 1169 1129 degere
1196 1081 1208 1115 :
1243 1072 1499 1116 caeterum
1529 1061 1731 1115 diaboli
1767 1061 1968 1115 invidia
2001 1061 2048 1115 is

484 1152 768 1221 deceptus,
810 1161 863 1206 et
908 1153 1076 1207 divini
1121 1153 1372 1223 praecepti
1414 1162 1783 1222 transgressor
1834 1152 2043 1215 factus,

482 1246 643 1301 morti
685 1262 745 1301 se
784 1246 1077 1303 obnoxium
1126 1247 1375 1302 reddidit.
1405 1246 1747 1317 Quapropter
1768 1254 1824 1301 et
1848 1246 1945 1315 qui
1974 1260 2042 1299 ex

481 1338 597 1407 ipso
637 1338 797 1408 geniti
841 1347 987 1405 sunt,
1029 1354 1123 1409 per
1143 1338 1549 1394 successionem
1582 1340 1925 1395 haereditario
1950 1339 2073 1395 de-.

477 1422 591 1486 bito
619 1431 887 1497 obstricti,
926 1430 1293 1487 damnationis
1333 1432 1599 1487 sententia
1624 1432 1840 1486 multati
1889 1441 2042 1487 sunt.

478 1518 727 1588 Regnavit
756 1520 898 1573 enim
934 1536 1071 1573 mors
1116 1520 1180 1573 ab
1229 1520 1400 1574 Adam
1429 1537 1588 1591 usque
1632 1521 1699 1575 ad
1731 1519 1969 1592 Moysem
1998 1522 2039 1552 ¹²

468 1609 579 1682 jat.
597 1612 964 1667 damnationis
980 1612 1130 1668 abiis
1154 1614 1294 1669 ratio
1320 1612 1596 1685 exigitur].
1612 1613 2044 1687 Benignissimus

477 1712 657 1758 autem
694 1704 954 1759 Dominus
987 1720 1217 1761 cernens
1251 1707 1459 1776 plasma
1493 1707 1768 1776 proprium
1814 1722 1847 1761 a
1869 1716 2044 1762 morte

477 1793 725 1860 detineri,
768 1810 877 1851 non
913 1796 969 1850 in
998 1798 1160 1851 tinem
1199 1812 1379 1867 usque
1440 1808 1722 1853 aversatus
1758 1806 1843 1853 est
1863 1798 2041 1853 homi—

474 1902 620 1949 nem,
657 1902 817 1956 quem
849 1889 916 1943 ad
943 1889 1234 1959 imaginem
1258 1905 1415 1945 suam
1443 1888 1671 1957 iecerat;
1698 1890 1789 1945 sed
1816 1904 1910 1959 per
1931 1890 2043 1945 sin-

480 1979 638 2049 gulas
677 1995 800 2034 eum
847 1982 1233 2049 generationes
1267 1982 1519 2049 visitans,
1563 1998 1672 2037 non
1711 1983 1956 2052 reliquit,
1988 1991 2042 2036 et

473 2078 631 2123 antea
674 2069 894 2138 quidem
926 2068 1181 2125 Patrihus
1220 2079 1495 2132 ostensus,
1526 2078 1580 2125 et
1615 2070 1671 2124 in
1708 2070 1824 2140 lege
1850 2069 2044 2140 praedi-

475 2164 648 2218 catus,
692 2171 757 2210 ac
806 2156 860 2210 in
893 2156 1173 2226 prophetis
1213 2156 1569 2222 assimilatus,
1612 2156 1903 2213 salutarem
1930 2158 2041 2213 dis-

474 2248 841 2317 pensationem
866 2265 1020 2305 suam
1044 2251 1497 2323 praesigniﬁcavit.
1515 2250 1743 2317 Quando
1756 2267 1919 2321 porro
1949 2268 2041 2307 ve-

475 2343 554 2397 nit
598 2343 879 2411 plenitudo
919 2352 1225 2413 temporum
1261 2344 1480 2413 gloriosi
1525 2345 1789 2399 adventus
1813 2345 1927 2408 sui,
1955 2362 2041 2399 ar-

473 2432 789 2500 changelum
833 2424 1094 2501 prmtttisit
1140 2432 1447 2488 Gabrielem
1491 2433 1556 2487 ad
1606 2432 1832 2487 Mariam
1865 2432 2039 2504 Virgi-

474 2539 617 2587 nem,
644 2526 737 2593 qui
776 2525 956 2579 laetum
994 2525 1095 2595 ipsi
1117 2524 1368 2580 nuntium
1393 2524 1626 2580 deferret
1650 2526 1712 2578 ".
1737 2524 1835 2580 Hic
1858 2535 2037 2580 autem

472 2614 544 2668 ab
590 2613 955 2669 inet‘t‘abilibus
988 2615 1240 2685 supernis
1266 2614 1625 2685 potestatibus
1662 2615 1726 2668 ad
1759 2615 2039 2670 sanctissi-

477 2721 621 2759 mam
657 2704 931 2776 Virginem
955 2705 1267 2769 deveniens,
1293 2706 1524 2776 primum
1554 2706 1658 2762 illis
1674 2706 1852 2760 verbis
1873 2723 1889 2761 :
1914 2706 2036 2770 Ave,

466 2798 646 2866 gratia
686 2797 839 2868 plena
861 2838 876 2861 ,
927 2797 1100 2867 ipsam
1144 2798 1490 2867 compellavit
1514 2813 1577 2852 ac
1600 2798 1854 2853 salutavit
1889 2816 1902 2851 :
1932 2812 2039 2868 qua

472 2888 690 2956 quidem
742 2888 1034 2943 verborum
1073 2903 1203 2942 voce
1244 2888 1309 2941 ad
1334 2903 1452 2941 eam
1482 2885 1646 2951 facta,
1684 2887 1738 2941 in
1763 2887 1878 2956 ipsa
1913 2900 2037 2940 mox

472 2979 749 3033 auditione
782 2977 1019 3048 Spiritus
1041 2988 1263 3032 sanctus
1289 2977 1771 3031 inimmaeulatum
1800 2976 2038 3047 Virginis

475 3071 728 3140 templum
757 3071 1031 3139 ingressus
1055 3078 1166 3134 est;
1202 3079 1252 3123 et
1275 3070 1610 3124 sanctiﬁcata
1630 3077 1713 3123 est
1742 3084 1894 3124 mens
1915 3069 2035 3137 ejus

470 3160 632 3217 simul
656 3175 779 3213 cum
809 3158 1068 3212 membris
1099 3175 1113 3211 :
1138 3158 1395 3226 stetitque
1416 3166 1609 3212 natura
1631 3173 1696 3212 ex
1715 3157 2034 3223 adverso,et

471 3248 792 3303 concubitus
836 3229 1056 3317 procul,
1086 3261 1210 3301 cum
1234 3254 1457 3316 stupore
1486 3253 1794 3316 spectantes
1823 3254 2035 3300 natura:

462 3336 757 3393 Dominum
785 3343 978 3405 praeter
1006 3347 1281 3401 naturam,
1318 3344 1479 3405 atque
1504 3335 1640 3391 adeo
1664 3351 1830 3405 supra
1859 3344 2022 3390 natu-

470 3445 611 3496 ram,
654 3442 769 3483 rem
799 3427 1174 3486 admirabilem
1219 3427 1275 3480 in
1320 3441 1548 3496 corpore
1593 3435 2027 3497 perpetrantem;

467 3531 522 3576 et
560 3536 655 3591 per
687 3535 809 3590 quae
850 3518 1102 3575 diabolus
1149 3533 1302 3573 arma
1347 3518 1735 3581 decertavcrat,
1767 3532 1862 3587 per
1894 3531 2029 3571 con-

469 3613 636 3668 traria
691 3627 791 3667 nos
836 3611 1091 3667 Christus
1130 3610 1403 3678 liberavit,
1456 3620 1740 3680 assumpto
1802 3625 2031 3680 corpore

467 3703 614 3773 quod
643 3702 752 3773 pati
775 3715 978 3772 posset,
1012 3712 1070 3759 ut
1092 3712 1377 3769 nostrum;
1402 3711 1463 3756 ut
1491 3701 1760 3757 deﬁcienti
1792 3702 2029 3755 humano

468 3796 651 3866 generi
704 3794 962 3866 majorem
1018 3795 1246 3866 gratiam
1284 3793 1379 3866 [aL
1421 3794 1701 3865 gaudium]
1751 3794 2027 3849 tribueret.

468 3886 534 3942 Et
568 3887 657 3943 ubi
686 3886 981 3942 abundavit
1006 3898 1311 3956 peccatum,
1352 3886 2025 3958 superabundavitgratia.

466 3982 862 4038 Convenienter
891 3981 1054 4052 igitur
1078 3980 1253 4052 gratia
1275 3979 1341 4033 ad
1366 3979 1771 4034 sanctissimam
1798 3988 1880 4033 est
1910 3977 2032 4032 Vir-

467 4073 646 4144 ginem
683 4072 868 4127 missa.
908 4069 999 4126 Sic
1026 4072 1173 4126 enim
1193 4079 1248 4125 et
1281 4070 1605 4141 evangelicae
1630 4070 1872 4125 historiae
1899 4084 2030 4125 con-

469 4167 603 4219 tinet
628 4165 911 4219 oraculum
943 4163 1129 4219 dicens
1165 4182 1178 4218 :
1211 4160 1389 4218 Hense
1424 4172 1601 4216 autent
1635 4170 1802 4225 sexto,
1832 4161 2027 4216 missus

462 4266 541 4311 est
578 4256 790 4327 angelus
832 4254 1042 4311 Gabriel
1089 4256 1158 4309 ad
1191 4257 1445 4326 virginem
1486 4254 1858 4323 desponsatam
1892 4255 2026 4323 viro,

464 4351 550 4404 cui
577 4364 761 4402 nomen
807 4358 921 4401 erat
954 4346 1167 4416 Ioseph,
1196 4362 1259 4401 ea:
1307 4348 1460 4401 domo
1491 4361 1539 4401 et
1571 4347 1782 4417 familia
1814 4345 1982 4399 David
2005 4363 2024 4411 ;

2150 594 2451 658 διαπλάσας
2472 595 2562 649 τὸν
2591 594 2893 668 ἄνθρωπον,
2916 597 2974 651 ἐν
3000 596 3311 669 παραδείσῳ
3332 597 3546 670 τρυφῆς
3567 615 3720 671 προσα

2149 688 2337 755 έταξεν
2368 688 2575 758 διάγειν
2594 704 2607 718 ο
2654 684 2808 753 οὗτος
2835 690 2891 744 δὲ
2928 690 3108 761 φθόνῳ
3132 690 3375 745 διαϐόλου
3400 692 3719 763 ἀπατηθεὶς,

2149 782 2242 835 καὶ
2286 783 2384 854 τῆς
2428 781 2576 847 θείας
2618 783 2839 855 ἐντολῆς
2880 783 3204 855 παραϐάτης
3242 785 3555 855 γενόμενος,
3597 785 3720 839 61:6-

2147 873 2294 936 δικος
2325 871 2514 941 γέγονε
2563 872 2814 928 θανάτου.
2857 873 3016 927 Ὅθεν
3046 874 3140 927 καὶ
3166 875 3216 926 οἱ
3245 875 3305 939 ἐξ
3342 872 3512 927 αὑτοῦ
3552 875 3719 928 τικτό-

2150 979 2323 1033 μενοι,
2373 961 2515 1016 κατὰ
2547 958 2795 1033 διαδοχὴν
2837 961 2914 1033 τῷ
2942 959 3193 1033 πατρικῷ
3220 961 3370 1033 χρέει
3417 962 3719 1028 ὑπέκειντο,

2145 1052 2246 1123 τῆς
2284 1052 2578 1125 καταδίκης
2607 1054 2667 1107 τὸ
2698 1053 3000 1122 λογοθέσιον
3030 1052 3365 1124 ἀπῃτημένοι
3396 1052 3524 1125 [ἀλ.
3561 1056 3718 1108 άπαι-

2144 1143 2436 1217 τούμενοιῙ.
2483 1146 2870 1200 Ἐϐασίλευσε
2896 1145 3005 1217 γὰρ
3031 1149 3065 1200 ό
3103 1145 3356 1212 θάνατος
3387 1147 3509 1201 ἀπὸ
3554 1146 3717 1217 Ἀδὰμ

2142 1237 2320 1306 μέχρι
2359 1238 2673 1306 Μωϋσέως.
2721 1242 2779 1294 '0
2818 1241 2877 1293 δὲ
2920 1240 3294 1314 φιλάνθρωπος
3338 1242 3565 1315 Κύριος,
3602 1239 3715 1295 ἰδὼν

2145 1331 2206 1383 τὸ
2238 1331 2461 1403 πλάσμα
2496 1332 2557 1385 τὸ
2588 1331 2729 1396 ,ίδιον
2767 1333 2870 1388 ὑπὸ
2908 1332 3002 1387 τοῦ
3049 1332 3278 1387 Θανάτου
3321 1333 3707 1405 κρατούμενον,

2145 1423 2243 1476 οὐκ
2283 1425 2361 1495 είς
2404 1424 2555 1488 τέλος
2589 1425 2939 1496 ἀπεστράφη,
2965 1424 3025 1478 ὃν
3055 1427 3176 1478 κατ’
3208 1424 3393 1478 είκόνα
3424 1425 3707 1496 ἐποίησεν

2145 1514 2278 1569 ἀλλὰ
2310 1515 2431 1569 καθ’
2453 1516 2689 1587 ἑκάστην
2717 1515 2907 1585 γενεὰν
2930 1516 3409 1586 ἐπισκεπτόμενος,
3437 1516 3501 1568 οὐ
3532 1515 3711 1568 διέλει-

2145 1628 2277 1666 πεν·
2309 1613 2403 1666 καὶ
2433 1612 2623 1684 πρώην
2653 1613 2751 1683 μὲν
2784 1614 2842 1666 ἐν
2878 1616 2990 1676 τοῖς
3025 1611 3300 1683 Πατράσιν
3330 1610 3710 1681 ὀπτανόμενος,

2143 1702 2236 1755 καὶ
2272 1704 2330 1755 ἐν
2358 1702 2506 1773 νόμῳ
2542 1703 2963 1775 κηρυττόμενος,
3004 1705 3098 1757 κα)⁴
3130 1704 3187 1756 ἐν
3225 1703 3535 1775 προφήταις
3571 1706 3712 1773 ὁμοι-

2143 1795 2390 1866 ούμενος,
2430 1794 2527 1866 τὴν
2565 1796 2827 1867 σωτήριον
2862 1796 3171 1867 οἰκονομίαν
3199 1796 3561 1867 προεμήνυεν.
3592 1796 3711 1850 Ὅτε

2142 1887 2199 1940 δὲ
2225 1883 2387 1957 ἦλθεν
2420 1886 2481 1940 τὸ
2525 1885 2794 1958 πλήρωμα
2822 1886 2930 1939 τῶν
2963 1886 3166 1958 καιρῶν
3199 1887 3297 1958 τῆς
3329 1887 3544 1953 ἐνδόξου
3578 1904 3708 1958 παρ

2141 1977 2326 2042 ουσίας
2370 1977 2554 2042 αὐτοῦ,
2600 1960 2691 2032 τδν
2734 1977 3071 2049 ἀρχάγγελον
3125 1977 3363 2050 Γαϐριὴλ
3420 1977 3561 2049 πρὸς
3618 1978 3714 2049 τὴν

2140 2069 2411 2142 Παρθένον
2458 2070 2692 2141 Μαριὰμ
2716 2068 3196 2140 εὐαγγελιζόμενον
3248 2068 3713 2141 προαπέσταλκεν.

2152 2162 2208 2213 '0
2236 2161 2315 2227 δὲ,
2350 2162 2458 2216 ἀπὸ
2501 2160 2607 2215 τῶν
2636 2160 2930 2232 ἀφράστων
2959 2161 3072 2214 ἄνω
3116 2160 3401 2230 δυνάμεων
3439 2160 3583 2232 πρὸς
3622 2160 3716 2231 τὴν

2137 2253 2299 2322 ἁγίαν
2334 2253 2604 2326 Παρθένον
2642 2253 3103 2325 παραγενόμενος,
3142 2252 3374 2325 πρῶτον,
3400 2253 3484 2315 τὸ,
3516 2253 3714 2321 Χαῖρε,

2138 2344 2606 2415 κεχαριτωμένη,
2651 2346 2788 2416 αὐτῇ
2838 2343 3253 2425 προσεφώνησεν
3276 2362 3289 2375 ’
3340 2344 3440 2415 τῆς
3498 2344 3557 2397 δὲ
3608 2362 3717 2414 φω-

2138 2436 2257 2505 νῆς,
2277 2435 2596 2504 τοῦΧαῷε,
2638 2435 3093 2506 κεχαριτωμένη,
3123 2436 3259 2508 πρὸς
3293 2434 3461 2507 αὐτὴν
3490 2435 3717 2507 γενομέσ

2139 2545 2236 2599 νης
2274 2528 2363 2581 διὰ
2390 2528 2489 2599 τῆς
2502 2529 2673 2600 ἀκοῆς
2689 2528 2934 2599 εἰσῆλθεν
2952 2528 3013 2581 τὸ
3042 2528 3263 2599 Πνεῦμα
3277 2529 3335 2582 τὸ
3352 2528 3506 2599 ἅγιον
3524 2531 3608 2593 είς
3627 2528 3717 2583 τὸν

2138 2617 2397 2690 ἀμίαντον
2426 2619 2551 2674 ναὸν
2572 2620 2669 2691 τῆς
2692 2619 2991 2692 Παρθένου·
3003 2620 3108 2691 ⁸καὶ
3124 2620 3355 2690 ἡγιάσθη
3372 2622 3405 2690 ἡ
3421 2619 3604 2675 ἔννοια
3622 2621 3713 2673 σὺν

2137 2712 2248 2773 τοῖς
2269 2708 2457 2780 μέλεσι
2476 2727 2488 2739 ·
2523 2709 2616 2762 καὶ
2644 2709 2772 2780 ἔστη
2800 2713 2833 2780 ἡ
2858 2708 3018 2778 φύσις
3038 2708 3313 2781 ἄντικρυς,
3345 2710 3440 2764 καὶ
3463 2710 3497 2779 ἡ
3535 2726 3713 2763 συνου-

2143 2799 2232 2854 σία
2253 2799 2554 2873 πόρρωθεν,
2582 2800 2718 2872 μετὰ
2736 2799 2976 2870 θάμϐους
2998 2799 3297 2872 θεωροῦσαι
3323 2801 3414 2855 τὸν
3434 2802 3715 2870 Δεσπότην

2136 2888 2238 2961 τῆς
2288 2890 2498 2960 φύσεως
2550 2890 2700 2962 παρὰ
2747 2888 2926 2958 φύσιν,
2987 2889 3185 2960 μᾶλλον
3235 2889 3292 2943 δὲ
3354 2890 3500 2960 ὑπὲρ
3552 2889 3712 2959 φύσιν

2138 2981 2369 3052 πρᾶγμα
2398 2979 2912 3050 θαυματουργοῦντα
2944 2980 3001 3032 ἐν
3032 2978 3110 3049 τῷ
3144 2978 3386 3050 σώματι’
3423 2981 3521 3033 καὶ
3545 2973 3713 3034 δι’ὦν

2138 3071 2315 3124 ὃπλων
2362 3073 2390 3123 ό
2442 3069 2684 3133 διάϐολος
2733 3068 3060 3139 ἠγωνίζετο,
3131 3069 3220 3123 διὰ
3288 3068 3397 3123 τῶν
3452 3070 3711 3124 ἐναντίων

2134 3165 2162 3217 ὁ
2190 3162 2422 3234 Χριστὸς
2472 3163 2621 3232 ἡμᾶς
2666 3162 2885 3223 ἔσωσεν,
2941 3161 3225 3216 ἀναλαϐὼν
3271 3162 3331 3215 τὸ
3380 3162 3711 3233 ὁμοιοπαθὲς

2132 3256 2262 3325 ἡμῖν
2294 3253 2474 3324 σῶμα,
2492 3236 2595 3306 ’ἵνα
2620 3252 2698 3323 τῷ
2728 3252 2964 3306 λείποντι
3001 3252 3219 3323 μείζονα
3258 3254 3413 3325 χάριν
3616 3271 3711 3322 χα-

2135 3340 2258 3413 ράν]
2289 3342 2614 3414 δωρὴσηται.
2666 3343 2775 3396 Καὶ
2819 3343 2952 3394 ὅπου
3000 3342 3321 3395 ἐπλεόνασεν
3353 3344 3386 3413 ἡ
3421 3342 3701 3411 ἁμαρτία,

2133 3434 2653 3507 ὑπερεπερίσσευσεν
2675 3434 2894 3505 ήχάρις.
2920 3434 3245 3505 Πρεπόντως
3262 3433 3317 3486 δὲ
3336 3434 3553 3510 ἠχάρις
3568 3432 3705 3503 πρὸς

2131 3527 2226 3600 τὴν
2285 3526 2440 3597 ἁγίαν
2474 3525 2746 3597 Παρθένον
2793 3525 3147 3580 ἀπέσταλται.
3205 3525 3391 3588 Οὕτως
3437 3525 3548 3596 γὰρ
3616 3524 3708 3577 καὶ

2132 3618 2371 3690 περιέχει
2412 3618 2511 3688 τῆς
2555 3615 2912 3686 εὐαγγελικῆς
2960 3615 3201 3687 ἱστορίας
3249 3615 3310 3668 τὸ
3360 3614 3561 3683 λόγιον
3625 3614 3706 3679 Τῷ

2126 3709 2273 3779 μηνί
2307 3708 2375 3762 δὲ
2411 3707 2491 3774 τῷ
2514 3707 2689 3775 ἕκτῳ,
2733 3706 3046 3775 ἀπεστάλη
3080 3710 3113 3761 ὀ
3144 3706 3395 3777 ἄγγελος
3436 3706 3703 3774 Γαϐριὴλ

2130 3800 2274 3869 πρὸς
2310 3799 2605 3868 παρθένον
2619 3796 3156 3868 μεμνηστευμῶιην
3185 3797 3355 3865 ἀνδρὶ
3374 3838 3389 3861 ,
3436 3789 3485 3862 ᾧ
3513 3795 3706 3866 ὄνομα

2143 3892 2374 3963 Ἰωσὴφ,
2423 3891 2492 3955 ἐξ
2537 3892 2705 3946 οἴκου
2762 3890 2864 3945 καὶ
2913 3889 3162 3959 πατριᾶς
3201 3889 3416 3944 Δαϐίδ·
3472 3891 3577 3943 καί
3636 3889 3700 3943 τό

2131 3986 2315 4055 ὄνομα
2340 3983 2451 4053 τῆς
2474 3981 2791 4051 παρθένου,
2823 3980 3077 4050 Μαριὰμ,
3111 3980 3296 4035 καὶτὰ
3330 3979 3513 4034 λοιπά.
3555 3980 3701 4052 Πρῶ-

2128 4095 2218 4143 τος
2255 4077 2311 4130 δὲ
2343 4077 2447 4149 μὴν
2474 4070 2626 4139 οὗτος
2657 4074 2796 4145 πρὸς
2830 4073 2928 4145 τὴν
2972 4074 3133 4143 ἁγίαν
3183 4072 3475 4145 Παρθένον·
3518 4070 3703 4136 καθώς

2129 4186 2290 4240 φησιν
2322 4170 2380 4221 ἐν
2421 4170 2484 4238 τῇ
2533 4168 2728 4237 νομικῇ
2777 4163 2971 4234 βίϐλῳ·
3036 4166 3106 4217 Ὃ
3145 4162 3273 4233 μὴν
3310 4158 3489 4230 οὗτος
3519 4163 3701 4231 ὑμῖν,

2128 4259 2282 4330 ἀρχὴ
2301 4258 2530 4327 μηνῶν,
2553 4254 2786 4325 πρῶτός
2808 4256 2978 4309 ἐστιν
3002 4253 3164 4324 ὑμῖν,
3188 4255 3258 4307 ἐν
3278 4252 3399 4319 τοῖς
3410 4253 3569 4323 μησί
3599 4251 3703 4307 τοῦ

2126 4351 2422 4407 ἐνιαυτοῦ.
2466 4350 2658 4420 Πάσχα
2704 4348 2857 4417 ἅγιον
2895 4346 3192 4420 ἐορτάσατε
3217 4345 3338 4417 [ἀλ.
3385 4343 3702 4416 ἐορτάσετε]

464 4450 514 4494 et
544 4456 727 4495 nomen
748 4439 990 4509 virginis,
1014 4437 1194 4493 Μανία
1221 4438 1289 4504 ίδ,
1318 4447 1373 4493 et
1391 4440 1620 4509 reliqua.
1657 4438 1875 4493 Primus
1899 4453 2026 4493 vero

2136 4444 2204 4517 τῷ
2237 4443 2437 4515 Κυρίῳ
2471 4443 2551 4505 είς
2591 4440 2770 4504 πάσας
2801 4438 2900 4503 τὰς
2942 4438 3131 4507 γενεὰς
3176 4437 3347 4508 ὑμῶν.
3393 4436 3594 4499 Ἕκτος
3644 4435 3703 4488 δὲ

465 4531 555 4586 hic
587 4539 673 4586 est
721 4531 945 4597 mensis,
987 4544 1095 4600 quo
1147 4530 1218 4586 ad
1284 4530 1685 4587 sanctissimam
1742 4529 2019 4599 Virginem

463 4623 670 4677 missus
689 4630 773 4676 est
810 4620 1206 4692 archangelus;
1247 4622 1388 4677 sicut
1418 4630 1473 4677 et
1503 4622 1557 4676 in
1591 4622 1747 4694 legali
1780 4623 1919 4677 libro
1948 4622 2024 4677 ait

466 4713 743 4785 Scriptura
779 4731 793 4767 :
824 4711 1021 4768 Mensis
1070 4714 1170 4768 iste
1202 4713 1343 4768 vobis
1384 4716 1703 4785 principium
1742 4718 2020 4780 mensium,

367 4870 371 4874 _
464 4806 664 4874 primus
688 4812 767 4858 est
809 4802 952 4857 vobis
1000 4804 1056 4856 in
1098 4804 1358 4860 mensibus
1397 4806 1609 4860 anni”.
1642 4805 1855 4863 Pascha
1889 4823 2021 4863 san~

465 4906 613 4952 ctum
633 4895 898 4952 celebrate
927 4893 1405 4967 [al.celebrabitis]
1441 4895 1693 4965 Domino,
1722 4898 1778 4952 in
1810 4898 2021 4953 cunctis

464 4986 905 5057 generationibus
944 4986 1158 5041 vestris.
1203 4983 1399 5041 Sextus
1449 5002 1580 5042 vero
1633 4989 1838 5045 mensis
1877 4992 2020 5059 apud

465 5077 806 5135 Zachariam.
833 5076 1024 5133 Merito
1053 5076 1217 5147 igitur
1259 5077 1603 5133 sanctissima
1631 5077 1796 5150 Virgo
1828 5094 1895 5134 ex
1928 5095 2021 5149 ge-

466 5188 596 5229 nere
619 5171 787 5227 David
824 5168 947 5236 fuit,
974 5178 1028 5224 et
1053 5167 1362 5223 Bethleltem
1396 5169 1627 5237 patriam
1663 5169 1927 5239 possedit,
1956 5185 2022 5225 ac

461 5265 662 5337 Ioseph
691 5263 990 5321 secundum
1040 5259 1527 5330 consanguinitatis
1567 5262 1712 5332 leges
1754 5262 1880 5332 jure
1923 5262 2018 5317 de-

466 5366 745 5428 sponsata.
782 5353 849 5409 Et
884 5360 1071 5411 custos
1093 5351 1211 5420 ejus
1229 5358 1347 5405 erat
1369 5365 1624 5421 sponsus,
1656 5360 1819 5422 atque
1845 5354 2021 5408 incor-

464 5448 735 5517 rnptionis
760 5445 932 5517 ipsius
959 5446 1291 5501 intemerata:
1315 5443 1672 5500 cohabitator.
1699 5444 1767 5501 Et
1794 5445 2021 5501 sanctis-

463 5537 618 5595 sima:
644 5536 850 5608 Virgini
879 5538 1030 5598 valde
1059 5552 1219 5594 suum
1243 5535 1545 5605 quadrabat
1569 5544 1766 5594 nomen
1802 5555 1817 5593 :
1850 5536 2018 5593 Maria

2138 4536 2241 4608 μὴν
2272 4535 2406 4608 πρὸς
2437 4531 2725 4605 Ζαχαρίαν.
2760 4530 2998 4591 Εἰκότως
3027 4529 3085 4581 δὲ
3114 4531 3149 4600 ἡ
3175 4529 3304 4597 ἁγία
3336 4525 3614 4598 Παρθένος
3638 4529 3704 4578 ἐκ

2133 4628 2321 4697 γένους
2366 4624 2528 4680 Δαϐὶδ
2568 4622 2876 4693 ἐτύγχανεν,
2917 4620 3011 4673 καὶ
3042 4621 3140 4692 τὴν
3171 4618 3417 4690 Βηθλεὲμ.
3462 4618 3703 4688 πατρίδι

2131 4717 2409 4789 ἐκέκτητο,
2439 4715 2532 4769 καὶ
2558 4712 2635 4784 τῷ
2672 4711 2867 4783 Ἰωσὴφ
2890 4711 3029 4765 κατὰ
3054 4711 3252 4781 νόμους
3272 4709 3594 4778 συγγενείας
3616 4707 3699 4760 δι-

2131 4808 2298 4870 καίως
2331 4806 2751 4877 ἐμεμνήστευτο.
2788 4803 2897 4855 Καὶ
2928 4800 3102 4872 φύλαξ
3128 4796 3197 4872 ἦν
3224 4802 3254 4853 ὁ
3289 4792 3569 4871 μνήστωρ,
3603 4802 3701 4853 καὶ

2127 4900 2157 4951 ό
2187 4897 2491 4970 ἀφθαρσίας
2522 4895 2799 4967 ἀκηράτου
2834 4892 3103 4958 σύνοικος.
3138 4893 3250 4945 Καὶ
3279 4893 3344 4963 τῇ
3388 4890 3521 4962 ἁγίᾳ
3545 4892 3699 4962 Παρ-

2128 4990 2268 5060 θένῳ
2292 4989 2410 5043 λίαν
2440 4988 2644 5059 πρέπον
2669 4987 2860 5058 ὄνομα.
2895 4984 3083 5057 Μαρία
3104 4982 3211 5055 γὰρ
3236 4983 3500 5052 ἐκέκλητο
3517 4999 3534 5012 ο
3559 4984 3699 5050 ὅπερ

2124 5082 2190 5153 δὴ
2233 5079 2533 5151 φωτισμὸς
2564 5077 2942 5152 ἑρμηνεύεται.
2979 5076 3043 5130 Τί
3093 5075 3202 5147 γὰρ
3248 5074 3341 5128 τοῦ
3378 5074 3558 5144 φωτὸς
3596 5074 3697 5142 τῆς

2127 5171 2420 5245 παρθενίας
2434 5169 2807 5243 λαμπρότερον
2824 5186 2839 5235 ;
2859 5169 3017 5223 ὐθεν
3033 5169 3128 5222 καὶ
3149 5167 3247 5229 τὰς
3264 5166 3462 5238 ἀρετὰς
3492 5163 3701 5237 παρθέσ-

2125 5280 2249 5327 νους
2280 5260 2650 5332 ὀνομάζουσιν,
2667 5264 2715 5314 oi
2739 5260 3033 5324 τὰςούσίας
3058 5258 3237 5312 αὐτῶν
3264 5257 3481 5328 ἁγαθῶς
3509 5273 3700 5327 mxu-

2129 5351 2361 5424 ζόμενοι.
2396 5352 2458 5405 Ei
2489 5352 2546 5406 δὲ
2577 5352 2824 5405 τοσοῦτον
2844 5351 3065 5421 ἀγαθὸν,
3095 5350 3361 5423 παρθένον
3393 5351 3537 5421 ἔχειν
3558 5368 3695 5423 καρ·

2126 5445 2266 5512 δίαν,
2296 5443 2480 5515 ἡλίκον
2513 5446 2546 5515 ή
2578 5444 2713 5515 σὰρξ
2743 5445 2880 5516 μετὰ
2919 5445 3019 5515 τῆς
3043 5444 3221 5515 ψυχῆς
3261 5443 3361 5515 τὴν
3396 5443 3699 5516 παρθενίαν

2128 5537 2446 5608 ἁσκήσασα;
2479 5535 2661 5601 Οὕτως
2690 5538 2782 5589 καὶ
2812 5539 2845 5607 ἡ
2873 5537 3001 5605 ἁγία
3032 5537 3222 5607 Μαρία
3249 5537 3306 5590 ἐν
3341 5535 3503 5607 σαρκὶ
3534 5531 3697 5603 οὖσα,

536 5725 579 5758 ⁸³
611 5723 853 5791 Ποίων,
883 5726 967 5779 ιι.
1044 5727 1086 5759 ¹³
1118 5726 1248 5782 Luc.
1281 5743 1318 5781 l.
1399 5725 1442 5758 ιδ
1467 5724 1598 5782 Luc.
1624 5739 1664 5792 ι,
1693 5722 1782 5793 26,
1811 5724 1902 5779 27.
1980 5725 2023 5758 ¹⁸

2136 5726 2217 5781 ad.
2253 5740 2353 5792 xu,
2385 5723 2440 5777 ‘2.
