3988 6200
265 362 407 420 Ηῦό

1170 361 1455 419 HOMILIA
1492 361 1536 416 Il
1575 359 1646 418 IN
1686 360 2109 419 ANNUNTIAT.
2151 360 2334 417 VIRG.
2370 362 2631 418 ΜΔΒΙίΕ.

3379 376 3515 433 H66

259 478 363 553 τήν
393 477 667 553 ἄφθαρτον
708 479 981 535 πολιτείαν
1018 480 1300 552 ἐκέκτητο,
1338 482 1432 537 καὶ
1460 480 1529 536 τὰ
1560 482 1710 555 παρά
1748 480 1834 536 τοῦ

1950 481 2094 535 enim
2127 495 2436 553 nuncupata
2468 494 2604 548 erat,
2638 486 2783 555 quod
2814 486 3139 546 illuminatio
3188 492 3514 564 interpreta-

260 572 604 646 ἀρχαγγέλου
634 572 911 644 λεχθέντα,
947 573 1124 628 πίστει
1149 574 1381 646 ἐδέχετο.
1408 575 1517 628 Καὶ
1545 574 1668 628 τότε
1705 572 1843 645 μετὰ

262 666 503 738 σπουδῆς
537 667 673 737 πρὸς
714 667 812 738 τὴν
857 668 1136 721 Ἐλισάὸετ
1176 668 1275 740 τὴν
1323 667 1608 736 συγγενίδα
1639 667 1840 738 αὐτῆς,

262 760 346 824 εἰς
376 758 476 830 τὴν
501 757 714 831 ὀρεινὴν
746 762 1057 832 ἐπορεύετο.
1089 761 1201 817 Καὶ
1222 760 1583 817 εἰσελθοῦσα
1609 764 1697 828 είς
1739 760 1844 814 τὸν

260 847 438 905 οἷκον
492 849 599 904 τοῦ
652 853 935 920 Ζαχαρία,
974 853 1299 921 ἠσπάσατο
1348 854 1464 924 τὴν
1505 855 1839 920 Ἐλισάϐετ,

264 942 624 1014 μιμησαμένη
647 942 735 996 τὸν
757 943 1005 1013 ἄγγελον.
1041 944 1138 1010 Ὦς
1155 945 1211 1000 δὲ
1230 945 1497 1016 ἤκουσεν
1516 946 1623 1001 τὸν
1642 948 1841 1002 ἀσπα-

260 1035 426 1106 σμὸν
449 1035 558 1105 τῆς
584 1035 813 1105 Μαρίας
837 1039 876 1106 η
916 1037 1245 1106 Ἐλισάϐετ,
1266 1040 1588 1109 ἐσκίρτησε
1617 1039 1682 1094 τὸ
1701 1039 1842 1110 ,βρέ-

259 1148 378 1199 φος
410 1132 468 1184 ὲν
502 1130 818 1200 ἀγαλλιάσει
850 1132 923 1185 ἐν
946 1130 1022 1201 τῇ
1055 1134 1254 1201 κοιλίᾳ
1298 1131 1504 1201 αὐτῆς,
1531 1133 1630 1188 καί
1649 1135 1837 1202 ἐπλή-

259 1225 382 1291 σθη
404 1224 747 1292 Πνεύματος
773 1223 945 1293 ἁγίου
968 1224 1007 1291 ἠ
1037 1224 1363 1278 Ἐλισάϐετ.
1395 1223 1604 1278 Οὐκοῦν
1634 1224 1839 1295 ήφωνὴ

259 1315 361 1386 τῆς
375 1315 595 1387 Μαρίας
621 1317 909 1387 ἐνήργησε,
935 1317 1028 1369 καὶ
1060 1316 1374 1388 Πνεύματος
1401 1316 1557 1385 ἁγίου
1574 1316 1669 1388 τὴν
1703 1316 1840 1370 Ἐλι-

263 1408 434 1461 σάϐετ
486 1407 747 1479 ἐνέπλησε
790 1407 914 1479 [ἀλ.
961 1408 1307 1482 ὲπλήρωσε]’
1365 1409 1739 1482 καὶ-καθάπερ
1779 1410 1837 1477 ἐξ

261 1501 489 1555 ἀεννάου
527 1502 710 1572 πηγῆς
741 1501 829 1555 διὰ
865 1503 965 1573 τῆς
1010 1501 1254 1572 γλώττης
1287 1502 1532 1574 ποταμὸν
1563 1505 1837 1575 χαρισμά-

257 1611 391 1656 των,
435 1593 523 1648 διὰ
575 1595 674 1665 τῆς
706 1595 1040 1667 προφητείας
1070 1597 1136 1666 τῇ
1183 1596 1456 1665 συγγενίδι
1501 1596 1833 1667 ἐξέπεμψεν·

260 1687 359 1740 καὶ
381 1688 495 1750 τοῖς
522 1687 648 1740 ποσὶ
675 1686 768 1740 τοῦ
787 1686 1020 1759 βρέφους
1041 1691 1108 1759 τῇ
1124 1688 1319 1759 γαστρὶ
1342 1687 1662 1758 δεδεμένοις,
1684 1687 1837 1742 ἄλλε-

1948 581 2055 626 tur.
2093 571 2235 639 Quid
2270 574 2415 628 enim
2464 577 2755 646 splendore
2815 579 3145 651 virginitatis
3201 583 3515 644 illustrius?

1945 666 2291 734 Quapropter
2335 674 2390 720 et
2434 667 2664 723 virtutes
2714 667 2954 738 virgines
2994 671 3370 741 denominant,
3418 679 3514 747 qui

1945 765 2092 811 recte
2137 757 2406 813 essentias
2452 773 2641 813 earum
2669 760 2992 831 conjiciunt.
3027 762 3183 829 Quod
3217 766 3266 821 si
3303 776 3514 823 tantum

1949 856 2034 902 est
2060 848 2267 903 bonum
2299 849 2496 903 habere
2521 865 2617 904 cor
2647 852 2959 922 virginitate
2990 856 3274 924 praeditum
3294 898 3309 924 ,
3336 874 3516 928 quan-

1944 948 2057 992 tum
2089 939 2304 993 tandem
2339 940 2444 995 erit
2473 957 2623 1008 caro,
2649 957 2771 1013 qua:
2817 959 2943 999 cum
2992 944 3177 1021 animo
3236 947 3517 1019 virginita-

1944 1041 2050 1087 tem
2091 1031 2360 1086 coluerit?
2415 1031 2507 1088 Sic
2556 1043 2612 1089 et
2659 1044 2847 1091 sancta
2898 1035 3066 1093 Maria
3113 1039 3170 1093 in
3199 1054 3365 1095 carne
3384 1041 3515 1097 dum

1940 1131 2107 1189 esset,
2142 1123 2309 1177 vitam
2338 1123 2709 1195 incorruptam
2754 1134 2919 1196 atque
2945 1128 3355 1186 immaculatam
3382 1148 3513 1203 pos-

1942 1212 2173 1277 sidebat,
2204 1228 2269 1268 ac
2298 1214 2463 1269 verba
2492 1215 2561 1270 ab
2594 1217 2923 1287 archangclo
2949 1218 3096 1274 dicta
3120 1220 3175 1274 in
3204 1221 3309 1277 ﬁde
3335 1226 3516 1281 susci-

1940 1306 2148 1375 piebat.
2197 1303 2462 1377 Turnoque
2532 1324 2658 1362 cum
2719 1309 3070 1367 festinatione
3125 1313 3193 1367 ad
3238 1314 3513 1372 Elisaheth

1947 1407 2235 1468 cognatam
2286 1414 2443 1453 suam
2490 1400 2864 1455 contendebat.
2902 1400 2973 1455 Et
3023 1404 3258 1473 ingressa
3300 1407 3516 1462 domum

1948 1489 2254 1558 Zachariae,
2307 1493 2559 1546 salutavit
2613 1492 2918 1559 Elisabetlt,
2978 1497 3229 1566 angelum
3283 1499 3508 1555 imitata.
3621 1531 3630 1541 -

1960 1579 2028 1634 Ut
2068 1590 2250 1637 autem
2291 1584 2493 1636 audivit
2556 1584 2931 1640 salutationem
2984 1586 3175 1643 Maria:
3213 1589 3509 1658 Elisabetli,

1953 1676 2236 1730 exsultavit
2278 1677 2455 1746 infans
2498 1692 2608 1746 pra:
2632 1676 2804 1747 juhilo
2827 1681 2882 1732 in
2908 1690 3055 1733 utero
3081 1682 3213 1751 ejus,
3244 1694 3293 1737 et
3317 1689 3512 1755 repleta

261 1778 387 1832 σθαι
420 1780 514 1833 καὶ
554 1781 781 1852 σκιρτᾷν
812 1780 1242 1850 παρεσκεύασεν.
1294 1780 1467 1853 Ὅπερ
1507 1776 1574 1852 ἦν
1616 1782 1834 1852 χορείας

1937 1779 2014 1824 est
2067 1768 2275 1839 Spiritu
2327 1779 2508 1824 sancto
2543 1769 2899 1825 Elisabetli“.
2942 1771 3058 1828 Vox
3111 1774 3277 1845 igitur
3327 1775 3512 1833 Maria:

259 1868 539 1941 θαύματος
569 1851 853 1941 σύμϐολον.
893 1870 1062 1924 Ἔνθα
1091 1868 1201 1943 γὰρ
1222 1872 1256 1941 ἠ
1293 1851 1703 1942 κεχαριτωμένη
1731 1888 1834 1924 πα-

1937 1860 2124 1917 eﬂicax
2160 1860 2286 1929 fuit,
2316 1870 2371 1916 et
2394 1860 2599 1931 Spiritu
2625 1873 2819 1919 sancto
2847 1866 3071 1935 replevit
3092 1865 3407 1923 Elisabeth:
3444 1886 3510 1925 ac

261 1963 644 2033 ραγεγένηται,
701 1964 877 2035 χαρᾶς
926 1962 997 2018 τὰ
1037 1962 1217 2017 πάντα
1261 1964 1633 2036 πεπλήρωται.
1677 1964 1832 2019 Ἀνε-

258 2050 577 2121 φώνησεδὲ
608 2036 779 2124 φωνῇ
784 2052 1018 2125 μεγάλῃ
1071 2057 1105 2127 ή
1151 2054 1451 2119 Ἐλισάθετ,
1502 2055 1599 2109 καί
1629 2052 1827 2110 εἶπεν·

260 2145 652 2215 Εὐλογημένη
701 2145 782 2200 σὺ
825 2145 895 2199 ἐν
932 2146 1192 2216 γυναιξὶ,
1221 2148 1319 2202 καὶ
1364 2147 1768 2218 εὐλογημένος
1800 2153 1833 2204 ό

254 2236 489 2305 καρπὸς
521 2236 630 2305 τῆς
661 2238 893 2305 κοιλίας
921 2253 1068 2293 σουο
1116 2239 1216 2293 καὶ
1259 2240 1447 2294 πόθεν
1478 2258 1588 2310 μοι
1613 2241 1793 2297 τοῦτο
1815 2282 1829 2307 ,

255 2328 359 2381 ἵνα
386 2327 534 2396 ἔλθῃ
557 2328 595 2396 ἡ
617 2325 815 2397 μήτηρ
847 2328 952 2387 τοῦ
981 2331 1203 2398 Κυρίου
1243 2348 1362 2401 μου
1389 2332 1540 2400 πρὸς
1571 2333 1687 2403 μέ;
1719 2336 1835 2389 Εὐ-

253 2418 562 2488 λογημένη
592 2418 675 2473 σὺ
702 2419 772 2472 ἐν
801 2420 1060 2490 γυναιξί.
1099 2422 1171 2475 Σὺ
1203 2421 1312 2496 γὰρ
1344 2425 1535 2488 αὑταῖς
1566 2427 1708 2499 ἀρχὴ
1735 2428 1834 2499 τῆς

252 2509 614 2574 ἀναπλάσεως
661 2506 797 2584 [ἄλ.
850 2511 1229 2584 ἀναστάσεως]
1284 2514 1531 2584 γέγονας.
1577 2517 1649 2570 Σὺ
1686 2520 1820 2590 παῤ-

257 2600 455 2673 ρησίαν
483 2602 617 2673 ἡμῖν
637 2602 733 2673 τῆς
758 2603 839 2666 είς
868 2603 1193 2672 παράδεισον
1222 2606 1425 2659 είσόδου
1448 2607 1705 2674 δέδωκας,
1740 2612 1834 2665 καὶ

255 2694 355 2766 τὴν
402 2695 635 2766 ἀρχαίαν
678 2694 865 2766 ὀδύνην
896 2693 1139 2762 ὲδίωξας.
1176 2697 1371 2771 Οὐκέτι
1412 2698 1521 2772 γὰρ
1563 2702 1703 2772 μετά
1736 2703 1829 2768 σὲ,

254 2789 320 2842 τὸ
353 2789 509 2856 γένος
535 2787 643 2843 τῶν
666 2790 936 2858 γυναικῶν
966 2789 1298 2856 ὀνειδίζεται.
1334 2794 1530 2847 Οὐκέτι
1555 2796 1605 2847 οἱ
1639 2795 1834 2868 κληρο-

259 2880 416 2951 νόμοι
456 2880 557 2952 τῆς
604 2879 748 2945 Εὔας
798 2880 1086 2951 φοϐοῦνται
1129 2882 1225 2954 τὴν
1276 2886 1508 2956 ἀρχαίαν
1566 2887 1829 2959 κατάραν,

255 2971 379 3025 οὐδὲ
405 2970 500 3025 τοῦ
533 2971 753 3025 τοκετοῦ
782 2972 879 3044 τὴν
919 2973 1102 3028 ὠδῖνα.
1155 2974 1371 3047 Ἐπειδὴ
1398 2978 1632 3047 Χριστὸς
1667 2979 1697 3030 ὁ
1733 2978 1827 3032 τοῦ

255 3062 450 3129 γένους
475 3061 633 3133 ἡμῶν
664 3063 976 3135 Λυτρωτὴς,
1004 3066 1032 3118 ὁ
1051 3064 1241 3137 Σωτὴρ
1267 3066 1395 3138 ὅλης
1416 3067 1515 3138 τῆς
1544 3068 1777 3138 φύσεως,
1801 3072 1831 3124 ὁ

255 3155 625 3225 πνευματικὸς
657 3154 847 3226 Ἀδάμ,
873 3157 902 3207 ὁ
922 3155 1014 3208 τοῦ
1045 3155 1231 3226 χοϊκοῦ
1243 3159 1345 3236 φν
1367 3157 1580 3230 πληγὴν
1609 3160 1832 3230 ἰασάμε-
1859 3189 1902 3246 c

256 3259 348 3307 νος
375 3246 439 3297 ὲκ
462 3243 565 3313 τῆς
599 3243 761 3312 ἁγίας
790 3243 1025 3315 γαστρός
1053 3261 1147 3298 σου
1182 3246 1528 3318 προέρχεται.
1560 3251 1831 3319 Εὐλογη-

256 3334 410 3406 μένη
452 3335 535 3390 σὺ
561 3335 632 3390 ἐν
659 3334 916 3406 γυναιξὶ,
975 3336 1073 3390 καὶ
1102 3337 1505 3409 εὐλογημένος
1531 3343 1564 3395 ό
1604 3341 1832 3410 καρπὸς

257 3428 371 3499 τῆς
403 3429 634 3496 κοιλίας
667 3444 804 3483 σου.
851 3428 907 3481 '0
938 3427 1045 3502 γὰρ
1078 3430 1298 3486 πάντων
1327 3431 1436 3486 τῶν
1479 3432 1699 3501 ἀγαθῶν
1727 3452 1831 3503 φυ-

255 3519 520 3591 τουργὸς,
570 3518 663 3583 σὸς
725 3517 934 3590 καρπὸς
986 3519 1376 3574 ἀναδέδεικται.
1434 3522 1677 3595 Λαμπρά
1733 3525 1831 3596 μὲν

254 3610 473 3683 ὁρῶμεν
505 3612 598 3666 καὶ
628 3611 726 3681 τῆς
758 3610 980 3682 στείρας
1010 3610 1078 3663 τὰ
1112 3612 1355 3682 ῥήματα·
1391 3611 1744 3686 λαμπρότερα
1772 3615 1831 3668 δὲ

256 3701 422 3755 πάλιν
466 3702 500 3771 ἡ
548 3700 678 3770 ἀγία
728 3700 1028 3770 ἐφθέγξατο
1076 3700 1375 3773 Παρθένος,
1424 3706 1519 3758 καὶ
1565 3705 1711 3778 ᾠδὴν
1755 3706 1832 3778 τῷ

254 3794 377 3866 Θεῷ
403 3793 771 3868 εὐχαριστίας,
811 3793 904 3847 καὶ
931 3794 1179 3860 εὐωδίας,
1208 3797 1303 3850 καὶ
1330 3795 1606 3866 θεολογίας
1634 3798 1833 3870 γέμου-

258 3904 361 3941 σαν
399 3885 477 3957 τῷ
507 3884 626 3957 Θεῷ
658 3886 1001 3958 ἀνατίθησινο
1038 3888 1176 3958 μετά
1204 3888 1315 3942 τῶν
1353 3891 1594 3963 ἀρχαίων
1630 3890 1699 3944 τά
1738 3892 1834 3948 νέα

231 3978 729 4048 ικαταγγέλλουσΨ
764 3978 903 4051 μετά
934 3978 1043 4033 τῶν
1077 3981 1173 4034 ἀπ’
1201 3979 1395 4046 αἰῶνος
1424 3981 1495 4035 τά
1524 3984 1618 4038 ἐπὶ
1654 4002 1835 4039 συντε-

256 4067 377 4137 λείᾳ
408 4065 517 4118 τῶν
534 4064 747 4119 αἰώνων
773 4066 1133 4139 κηρύττουσα,
1152 4070 1243 4123 καί
1271 4071 1329 4123 ἐν
1359 4069 1554 4143 βραχεῖ
1578 4073 1656 4144 τῷ
1689 4074 1832 4147 λόγῳ

255 4156 858 4229 ἀνακεφαλαιωσαμένη
902 4157 996 4211 τοῦ
1026 4159 1260 4231 Χριστοῦ
1291 4160 1361 4215 τά
1395 4165 1688 4236 μυστήρια.
1730 4163 1830 4221 Εἷ-

255 4266 374 4306 πεγ
403 4252 460 4305 δὲ
489 4250 725 4320 Μαριάμ
744 4268 758 4282 ο
800 4253 1131 4322 Μεγαλύνει
1174 4255 1214 4323 ἡ
1247 4256 1418 4325 ψυχή
1438 4275 1557 4326 μου
1582 4258 1690 4312 τὸν
1724 4262 1834 4315 Κύ-

250 4363 406 4415 ριον.
438 4346 544 4400 Καὶ
563 4346 938 4415 ἠγαλλίασεν
954 4347 1020 4400 τὸ
1048 4348 1285 4418 πνεῦμά
1308 4368 1426 4419 μου
1455 4351 1554 4406 ἐπὶ
1588 4352 1667 4419 τῷ
1710 4354 1832 4421 Θεῷ

253 4437 339 4504 τῷ
366 4436 591 4506 σωτῆρί
607 4456 747 4508 μου,
772 4438 867 4492 καὶ
890 4439 960 4492 τὰ
986 4438 1131 4511 ἑξῆς.
1172 4441 1542 4498 Ἀντελάόετο
1584 4446 1833 4515 Ἰσραὴλ

1938 1954 2085 2008 velut
2137 1968 2205 2008 ex
2251 1955 2474 2023 perenni
2508 1954 2749 2024 quodam
2801 1954 2977 2022 fonte,
3006 1957 3372 2015 instrumento
3404 1960 3509 2015 lin-

1935 2062 2074 2118 guae,
2104 2045 2308 2101 ﬂumen
2337 2046 2733 2104 charismatum
2778 2064 2874 2118 per
2905 2051 3243 2121 prophetiam
3262 2063 3510 2124 cognatm

1936 2154 2050 2194 suae
2075 2138 2298 2194 emisit:
2335 2147 2389 2194 et
2435 2140 2660 2209 pedibus
2695 2140 2927 2197 infantis
2963 2142 3019 2197 in
3055 2153 3209 2199 utero
3239 2144 3509 2217 colligatis

1937 2227 2036 2301 [αι.
2065 2229 2348 2302 colligati],
2384 2232 2587 2286 saltum
2631 2241 2686 2287 et
2726 2234 3147 2290 exsultationem
3195 2238 3508 2308 suppedita-

1935 2320 2031 2376 vit.
2083 2319 2244 2387 Quod
2294 2323 2513 2393 quidem
2561 2325 2877 2382 miraculosi
2924 2328 3143 2398 tripudii
3199 2333 3508 2402 symbolum

1936 2414 2264 2485 signumque
2317 2426 2454 2471 erat.
2508 2417 2643 2471 Nam
2695 2419 2787 2473 ubi
2841 2422 3017 2482 gratia
3069 2422 3227 2491 plena
3265 2425 3505 2489 advenit,

1936 2504 2136 2575 gaudio
2156 2514 2351 2559 cuncta
2380 2507 2583 2575 repleta
2610 2516 2759 2562 sunt.
2806 2507 3139 2565 Exclamavit
3174 2522 3356 2568 autem
3396 2532 3510 2568 ma-

1934 2613 2042 2665 gna
2070 2613 2188 2651 voce
2218 2595 2492 2652 Elisabeth
2522 2639 2538 2663 ,
2573 2615 2634 2651 ac
2658 2599 2803 2652 dixit
2828 2614 2846 2650 .'
2865 2600 3153 2656 Benedicta
3196 2616 3252 2657 tu
3296 2607 3350 2659 in
3393 2623 3509 2661 mu-

1934 2688 2173 2753 lieribus,
2217 2698 2266 2743 et
2303 2690 2601 2745 benedictus
2629 2690 2837 2759 fructus
2876 2695 3070 2749 ventris
3110 2697 3208 2748 tui.
3263 2695 3333 2749 Et
3368 2698 3508 2752 unde

1934 2782 2030 2832 hoc
2065 2779 2215 2844 milii,
2240 2789 2297 2833 ut
2333 2781 2503 2834 veniat
2526 2795 2696 2837 mater
2719 2784 2932 2838 Domini
2976 2787 3076 2840 mei
3104 2787 3173 2840 ad
3196 2804 3275 2842 me
3298 2789 3339 2819 ¹⁷
3362 2790 3384 2842 ?
3410 2789 3509 2844 Be—

1936 2870 2146 2924 nedicta
2195 2879 2251 2923 tu
2282 2871 2338 2924 in
2370 2872 2701 2930 mulieribus.
2729 2874 2810 2931 Tu
2863 2877 3064 2947 quippe
3121 2879 3254 2948 ipsis
3304 2881 3506 2951 princi-

1936 2961 2085 3029 pium
2139 2962 2501 3032 repara'tionis
2551 2961 2651 3037 [αι.
2706 2969 3146 3042 resurrectionis]
3199 2970 3387 3027 eﬂ‘eeta
3424 2986 3504 3030 es.

1937 3050 2020 3107 Tu
2054 3054 2309 3109 ﬁduciam
2339 3055 2395 3108 in
2431 3057 2745 3125 paradisum
2779 3059 3036 3117 introitus
3069 3063 3229 3118 nobis
3284 3064 3504 3133 dedisti,

1935 3154 1991 3200 et
2016 3147 2301 3216 antiquum
2328 3147 2570 3202 dolorem
2603 3150 2918 3222 luctumque
2949 3151 3173 3224 iugasti.
3202 3153 3323 3211 Non
3354 3157 3502 3212 enim

1935 3237 2172 3307 amplius
2201 3246 2326 3308 post
2380 3247 2433 3294 te
2467 3240 2757 3296 mulierum
2790 3259 2963 3314 genus
2999 3247 3372 3316 vituperatur;
3398 3263 3507 3304 non

1935 3333 2173 3402 amplius
2220 3333 2463 3388 hieredes
2494 3332 2620 3388 Eva:
2656 3334 2938 3405 antiquam
2968 3337 3410 3394 maledictionem
3442 3340 3509 3394 ti-

1936 3434 2108 3492 ment,
2125 3441 2303 3495 neque
2332 3435 2520 3497 partus
2550 3427 2793 3482 dolorem
2820 3430 3212 3499 reformidant;
3247 3434 3508 3502 quoniam

1934 3515 2189 3572 Christus
2219 3517 2446 3573 humani
2475 3521 2690 3590 generis
2717 3519 3064 3591 Redemptor,
3100 3520 3353 3579 Salvator
3385 3525 3509 3579 uni-

1936 3621 2106 3660 versa:
2164 3617 2391 3672 naturae,
2445 3610 2706 3678 spiritalis
2770 3611 2965 3676 Adam,
3016 3614 3217 3667 terreni
3271 3615 3510 3670 hominis

1936 3699 2135 3754 Vtilnus
2169 3715 2388 3764 curans,
2424 3716 2492 3755 ex
2527 3711 2717 3757 sancto
2772 3713 2865 3757 tuo
2908 3714 3062 3759 utero
3105 3707 3369 3775 procedit.
3401 3707 3507 3762 Be-

1934 3791 2143 3844 nedicta
2173 3801 2230 3844 tu
2274 3793 2327 3845 in
2362 3793 2690 3858 mulieribus,
2714 3804 2763 3847 et
2796 3795 3096 3851 benedictus
3144 3797 3352 3866 fructus
3390 3815 3503 3853 vett-

1937 3882 2035 3934 tris
2095 3881 2197 3937 tui.
2243 3879 2499 3937 Omnium
2554 3884 2702 3939 enim
2743 3886 3010 3940 honorum
3062 3887 3336 3957 plantator
3381 3899 3508 3946 tuus

1935 3969 2146 4027 fructus
2192 3971 2420 4027 effectus
2476 3982 2580 4028 est.
2632 3972 2908 4029 Praeclara
2958 3975 3182 4046 quidem
3238 3979 3506 4045 videmus,

1934 4068 2099 4123 etiam
2130 4068 2333 4123 sterilis
2364 4066 2642 4125 Elisabeth
2693 4069 2892 4136 verba;
2924 4079 2979 4125 at
3018 4071 3315 4128 illustriora
3340 4074 3506 4131 vicis-

1943 4160 2051 4215 sim
2105 4160 2457 4216 sanctissima
2510 4163 2796 4232 prolocuta
2824 4172 2905 4218 est
2937 4161 3125 4236 Virgo,
3151 4175 3205 4221 et
3231 4169 3507 4226 canticum

1935 4249 2047 4305 Deo
2118 4253 2421 4323 gratiarum
2496 4254 2763 4319 actionis,
2834 4256 3075 4327 bonique
3146 4259 3369 4326 odoris,
3442 4278 3508 4318 ac

1934 4344 2225 4416 theologia:
2252 4345 2473 4415 plenum
2506 4346 2777 4414 retribuit,
2803 4362 2925 4402 cum
2963 4348 3202 4420 antiquis
3236 4366 3375 4407 nova
3410 4368 3509 4408 an-

1940 4434 2225 4503 nuntians,
2271 4451 2396 4491 cum
2445 4436 2514 4491 iis
2555 4453 2677 4508 qua:
2708 4453 2741 4492 a
2782 4439 2984 4494 saeculo
3027 4449 3082 4495 et
3123 4442 3191 4496 ab
3236 4442 3412 4509 initio,
3442 4459 3504 4499 ea

254 4530 472 4597 παιδὸς
501 4530 707 4595 αὐτοῦ,
733 4529 1078 4600 μνησθῆναι
1116 4532 1329 4600 ἐλέους
1354 4534 1542 4589 αὐτοῦ
1565 4575 1579 4601 ,
1626 4537 1727 4593 καὶ
1754 4535 1830 4610 ἧς

1938 4539 2061 4594 qua:
2136 4525 2192 4580 in
2249 4526 2576 4582 saeculorum
2657 4530 3135 4587 consummatione
3191 4532 3508 4589 acciderunt

252 4624 425 4679 ἔθετο
455 4621 566 4693 [ἄλ.
602 4621 850 4695 διέθετο]
881 4622 1171 4693 διαθήκης
1198 4624 1279 4691 τῷ
1321 4626 1597 4698 Ἀϐραὰμ,
1632 4632 1729 4685 καὶ
1750 4615 1831 4701 τῷ

253 4713 553 4783 σπέρματι
576 4712 783 4779 αὐτοῦ,
815 4712 927 4780 ἕως
951 4714 1184 4781 αἰῶνος.
1215 4717 1452 4787 Θεωρεῖς
1484 4718 1603 4784 πῶς
1632 4723 1666 4793 ή
1702 4723 1831 4791 ἁγία

257 4804 553 4876 Παρθένος,
578 4805 671 4858 καὶ
702 4804 800 4877 τὴν
827 4805 1229 4878 πατριαρχικὴν
1261 4807 1593 4880 ὑπερέϐαλεν
1624 4811 1829 4867 τελειό-

255 4915 419 4968 τητα,
450 4900 543 4952 καὶ
571 4898 777 4969 βεϐαιοῖ
803 4898 901 4971 τὴν
944 4899 1084 4971 πρὸς
1129 4898 1379 4970 Ἀϐραάμ
1411 4900 1504 4954 τοῦ
1547 4900 1683 4956 Θεοῦ
1716 4903 1831 4959 δια-

256 4989 468 5062 θήκην,
520 4989 799 5059 λέγοντος·
853 4991 1015 5058 Αὕτη
1045 4992 1084 5059 ἡ
1115 4989 1366 5059 διαθήκη
1384 4995 1409 5059 ,“
1441 4991 1524 5060 ἣν
1549 4992 1831 5063 διαθήσο-

250 5098 364 5152 μαι
414 5081 724 5152 ἀναμέσον
771 5082 917 5153 ἐμοῦ
954 5082 1054 5136 καὶ
1097 5080 1232 5136 σοῦ.
1299 5082 1391 5136 Διὸ
1443 5082 1612 5138 ὲλθὼν
1673 5091 1831 5158 κυροῖ

253 5175 397 5249 [ἄλ.
428 5174 661 5247 πληροῖ]
693 5174 959 5247 τήνπρδς
1016 5173 1266 5246 Ἀϐραὰμ
1303 5175 1590 5249 διαθήκην,
1635 5196 1830 5249 μυστι-

254 5265 376 5331 κῶς
421 5266 483 5320 τὸ
519 5269 745 5338 σημεῖον
786 5266 884 5338 τῆς
916 5267 1214 5338 περιτομῆς
1256 5267 1685 5341 ἀναδεξάμενος,
1734 5272 1828 5326 καὶ

255 5359 534 5431 πλήρωμα
582 5358 744 5429 νόμου
807 5361 898 5416 καὶ
974 5359 1270 5432 προφητῶν
1317 5360 1630 5432 γενόμενος.
1680 5363 1826 5417 Ταύ-

252 5464 355 5519 της
389 5444 483 5503 οὖν
525 5448 626 5519 τῆς
679 5448 1015 5521 προφητείας
1245 5451 1450 5523 ταύτην
1512 5449 1607 5508 οὖν
1651 5454 1829 5530 ᾠδὴν]

251 5541 356 5613 τὴν
419 5538 562 5613 ᾠδὴν
602 5541 636 5612 ἡ
680 5541 812 5610 ἁγία
872 5541 1133 5605 Θεοτόκος
1198 5540 1274 5613 τῷ
1337 5542 1456 5614 Θεῷ
1509 5545 1827 5615 ἀνέπεμπεν

255 5631 393 5704 [ἀλ.
448 5632 771 5706 ἀπένειμε],
830 5633 1093 5703 λέγουσα’
1152 5636 1489 5705 Μεγαλύνει
1552 5639 1591 5705 ή
1653 5637 1823 5707 ψυχή

1937 4617 2270 4688 prmdicans,
2340 4619 2632 4689 brevique.
2666 4636 2918 4676 sermone
2991 4621 3197 4679 Christi
3247 4626 3507 4697 mysteria

1936 4712 2252 4763 summatim
2290 4710 2685 4781 perstringens.
2719 4713 2808 4765 Ait
2842 4722 3025 4768 autem
3054 4714 3231 4769 Maria
3252 4732 3271 4770 :
3296 4715 3508 4787 Magni-

1932 4806 2059 4875 ﬁcat
2109 4806 2293 4860 anima
2349 4822 2465 4860 mea
2522 4805 2828 4862 Dominum.
2855 4807 2926 4862 Et
2974 4811 3257 4864 exsultavit
3289 4812 3506 4880 spiritus

1934 4910 2077 4949 meus
2124 4894 2180 4948 in
2222 4894 2332 4950 Deo
2374 4895 2604 4950 salutari
2632 4914 2764 4962 meo,
2787 4909 2986 4969 etquae
3026 4910 3351 4971 sequuntur.
3381 4899 3509 4956 Sus.

1931 4990 2066 5060 cepit
2126 4987 2301 5044 Israel
2327 5005 2546 5059 puerum
2576 5006 2754 5058 suum,
2794 4992 3099 5047 recordatus
3131 4993 3508 5048 misericordia’

1930 5098 2081 5146 sua,
2122 5098 2186 5136 ac
2229 5082 2528 5136 testamenti
2574 5084 2714 5153 quod
2752 5085 3012 5154 disposuit
3070 5100 3189 5137 cum
3238 5083 3506 5139 Abraham

1929 5183 1979 5228 et
2012 5175 2205 5228 semine
2227 5174 2340 5244 ejus
2368 5176 2422 5229 in
2445 5176 2644 5231 swcula
2670 5176 2733 5231 ⁸⁸.
2763 5174 2918 5233 Vides
2946 5193 3055 5247 quo
3086 5187 3244 5247 pacto
3271 5179 3506 5232 sanctis-

1932 5268 2072 5323 sima
2102 5266 2271 5340 Virgo
2326 5269 2491 5323 etiam
2540 5270 2962 5339 patriarchicam
3013 5271 3353 5339 superaverit
3379 5285 3503 5340 per-

1931 5359 2243 5428 lectionem,
2270 5362 2786 5432 conﬁrmaveritque
2824 5359 3226 5418 ‘lestameutum
3281 5361 3378 5418 Dei
3435 5363 3506 5416 ad

1935 5453 2234 5521 Abraham,
2265 5454 2496 5510 dicentis
2530 5473 2546 5510 :
2580 5454 2697 5508 Hoc
2723 5464 2802 5509 est
2828 5455 3375 5528 testantentum,quod
3396 5465 3507 5510 sta-

1938 5558 2085 5602 tuam
2132 5551 2270 5604 inter
2312 5565 2392 5604 me
2425 5559 2475 5604 et
2512 5560 2562 5604 te
2584 5550 2648 5604 ¹-⁰.
2682 5548 2918 5619 Ideoque
2961 5551 3210 5619 veniens,
3237 5568 3400 5608 suum
3439 5551 3509 5607 ad

1934 5641 2207 5695 Abraham
2265 5640 2694 5713 coniirniat.[al.
2744 5640 3025 5717 adimplet]
3098 5654 3511 5713 testamentum,

329 5818 373 5847 ιο
398 5812 529 5870 Luc.
562 5831 599 5885 ι,
627 5815 718 5885 to,
747 5816 836 5873 ti.
918 5818 959 5851 ιν
984 5816 1116 5874 Ibid.
1152 5817 1239 5887 ιε,
1272 5806 1387 5876 is;
1445 5820 1489 5855 ιο
1520 5779 1757 5878 ιωιι.ἰδ
1784 5838 1834 5879 se

2018 5829 2059 5862 "
2087 5827 2222 5885 Gen.
2250 5844 2380 5896 xvii,
2411 5830 2467 5884 il
2496 5830 2687 5900 ;[iom.
2717 5845 2791 5899 tv,
2820 5830 2908 5887 ll.
