3938 6282
505 341 638 397 1167
1157 345 1213 399 S.
1255 345 1580 402 GREGORII
1617 348 1978 405 THAUMAT.
2017 349 2166 404 OPP.
2207 349 2391 407 PARS
2428 347 2730 407 ALTERA.
2771 379 2844 392 —
2883 352 3111 410 DUBIA.
3619 355 3747 410 {ltiti

503 463 722 534 mystice
753 463 971 536 signum
1006 463 1440 525 circumcisionis
1486 471 1778 542 accipiens,
1821 482 1875 528 et
1903 473 2058 544 pleni-

2190 493 2292 530 νου
2355 474 2463 528 τὸν
2516 475 2754 544 Κύριον.
2805 476 2915 531 Καὶ
2976 478 3354 546 ἠγαλλίασεν
3397 476 3468 533 τὸ
3520 478 3745 549 πνεῦμά

502 556 633 611 tudo
682 555 817 625 legis
857 572 924 611 ac
968 558 1358 628 prophetarum
1409 561 1653 620 euectus.
1691 563 1866 632 Hujus
1909 567 2057 639 igiuu

2191 585 2322 632 που,
2379 568 2477 622 ἐπὶ
2527 567 2610 634 τῷ
2661 566 2784 634 Θεῷ
2834 567 3057 637 σωτῆρι
3104 587 3242 639 μου.
3289 571 3419 624 "Oet
3467 571 3746 639 ἐποίησέν

501 648 800 719 prophetia:
831 651 1100 704 canticum
1131 650 1228 722 [αι.
1261 652 1366 708 hoc
1393 653 1557 725 igitur
1579 657 1882 731 canticum]
1950 675 2056 715 sane

2190 676 2274 713 ωοι
2319 659 2610 730 μεγαλεῖα
2657 663 2693 715 ὁ
2752 659 3008 728 δυνατὸς
3036 703 3051 727 ,
3100 662 3199 716 καὶ
3271 661 3445 732 ἅγιον
3506 663 3572 716 τὸ
3627 664 3745 718 ὄνοι

500 751 585 795 cta
605 739 952 796 DeiGenitrix
966 741 1075 797 Deo
1095 744 1400 800 remittebat
1426 745 1523 817 [aL
1542 750 1838 823 retribuit],
1854 752 2039 807 dicens

2193 768 2256 804 ια
2277 751 2480 806 αὑτοῦ.
2501 752 2773 821 ἑΘεοτόκον
2800 753 2909 826 γὰρ
2932 755 3168 824 ποιήσας
3189 771 3276 825 με,
3302 755 3464 809 πάλιν
3493 755 3748 827 παρθένον

506 833 820 904 Magniﬁcat
861 835 1040 888 anima
1070 851 1184 888 mea
1217 834 1526 895 Dominum.
1553 838 1624 894 Et
1655 842 1938 896 exsultavit
1963 845 2061 912 spi'

2194 841 2490 911 ῖιεερύλαξεν
2506 859 2520 872 ο
2545 844 2640 896 καὶ
2661 843 2751 897 διὰ
2771 843 2871 914 τῆς
2891 845 3040 916 ,ἐμῆς
3061 846 3317 917 γαστρὸς,
3342 846 3534 899 πασῶν
3558 846 3749 914 γενεῶν

504 929 638 982 ritus
673 945 815 982 meus
843 930 896 982 in
938 927 1043 982 Deo
1072 929 1302 984 salutari
1332 947 1465 986 meo.
1497 931 1636 997 Quia
1663 934 1785 1002 fecit
1816 933 1946 988 mihi
1969 953 2059 990 mat

2193 932 2254 994 εἰς
2287 932 2557 1002 ἀγιασμὸν
2588 932 3087 1002 ἀκακεφαλαιοῢται
3126 935 3188 989 τὸ
3234 935 3532 1007 πλήρωμα.
3571 938 3748 991 Πᾶσαν

503 1039 606 1092 gna
625 1023 716 1092 qui
738 1031 919 1091 potens
945 1032 1043 1087 est,
1080 1031 1129 1076 et
1153 1033 1395 1077 sanctum
1419 1041 1602 1080 nomen
1643 1027 1756 1096 ejus
1775 1028 1841 1080 ’°.
1871 1027 2058 1098 Deipa-

2192 1019 2283 1092 {ap
2329 1020 2540 1092 ἡλικίαν
2586 1022 2919 1094 ηὐλόγησεν,
2972 1025 3179 1098 ἀνδρῶν
3230 1043 3287 1079 τε
3321 1027 3418 1081 καὶ
3460 1031 3747 1096 γυναικῶν,

501 1131 618 1170 ram
643 1116 841 1186 quippe
858 1130 943 1170 me
963 1114 1190 1181 faciens,
1205 1116 1443 1172 vicissim
1463 1133 1550 1172 me
1567 1119 1828 1190 virginem
1853 1135 2056 1175 conseri

2195 1113 2606 1167 νεανίσκωνκαὶ
2653 1114 2886 1181 παίδων,
2943 1119 3038 1170 καὶ
3094 1119 3384 1189 γερόντων.
3434 1120 3750 1188 Ἐποίησεν

501 1207 646 1262 vavit
667 1226 682 1274 ;
707 1221 760 1262 et
791 1223 885 1278 per
907 1223 1086 1263 meum
1123 1219 1388 1277 ventrem,
1415 1220 1735 1266 cunctarum
1772 1212 2056 1281 generatio-

2190 1201 2398 1271 κράτος
2427 1204 2498 1258 ἐν
2521 1205 2802 1274 βραχίονι
2834 1208 3041 1272 αὑτοῦ,
3088 1209 3228 1282 ὑπὲρ
3261 1196 3440 1280 ἡμῶν,
3489 1213 3634 1264 κατὰ
3665 1214 3745 1267 τοῦ

501 1317 654 1368 num,
698 1302 752 1356 in
785 1302 1293 1368 sanctiﬁcationem,
1317 1307 1632 1359 summatim
1661 1305 1948 1375 colligatur
1968 1304 2056 1374 ple

2192 1296 2427 1359 ίανάτου,
2457 1297 2552 1351 καὶ
2594 1298 2734 1352 κατὰ
2771 1299 2866 1352 τοῦ
2897 1299 3165 1365 διαϐόλου,
3203 1303 3296 1356 καὶ
3325 1303 3437 1356 τῶν
3470 1306 3747 1378 ἡμετέρων

502 1393 713 1451 nitudo.
740 1391 901 1448 Omni
931 1395 1076 1449 enim
1113 1395 1256 1450 aetati
1307 1396 1606 1459 benedixit,
1642 1397 1884 1452 virorum
1929 1399 2057 1468 pari-

2188 1388 2456 1460 ἱμαρτιῶν
2483 1389 2779 1462 διαρρήξας
2969 1391 3241 1466 διέρρηξε]
3274 1395 3334 1448 τὸ
3368 1397 3743 1468 χειρόγραφον.

500 1496 581 1542 ter
623 1502 689 1542 ac
721 1485 1013 1540 mulierum
1037 1527 1051 1551 ,
1093 1487 1626 1544 adolescentulorum
1675 1502 1740 1542 ac
1771 1487 2034 1557 juvenum

2191 1482 2601 1549 Διεσκόρπισεν
2637 1483 3060 1563 ὑπερηφάνους
3100 1485 3196 1539 διὰ
3231 1487 3469 1553 ἐννοίας
3511 1489 3746 1557 καρδίας

499 1593 820 1648 senumque.
862 1575 1010 1631 Fecit
1041 1579 1331 1646 potentiam
1377 1579 1430 1632 in
1471 1578 1685 1632 brachia
1719 1595 1814 1632 suo
1851 1580 1894 1611 "
1919 1620 1932 1642 ,
1976 1595 2054 1649 prt

2193 1567 2284 1639 ﬁl.
2314 1568 2548 1638 διανοίᾳ
2566 1569 2674 1638 τῆς
2688 1572 2958 1645 καρδίας]
2983 1573 3200 1630 αὐτῶν·
3239 1577 3400 1630 αὐτόν
3428 1595 3490 1630 τε
3522 1580 3614 1632 τὸν
3646 1580 3748 1632 διὰ-

500 1667 658 1723 nobis
684 1667 950 1723 adversus
983 1677 1214 1724 mortem
1243 1678 1297 1723 et
1322 1668 1623 1733 diabolum,
1654 1679 2055 1740 nostrorumque

2195 1659 2328 1712 So).ov
2374 1661 2772 1733 διεσκόρπισεν,
2807 1664 2898 1716 καὶ
2944 1665 3150 1730 πάντας
3184 1668 3308 1732 τοὺς
3357 1670 3556 1742 ἐκείνῳ
3601 1689 3750 1744 στρα-

499 1769 843 1830 peccatorum
870 1761 1216 1830 disrumpens
1251 1759 1591 1832 [al.dirupit]
1618 1762 2044 1832 chirographum

2196 1749 2426 1814 τεύοντας
2475 1752 2749 1823 δαίμονας.
2793 1755 3028 1817 Ἐκεῖνος
3070 1756 3177 1828 γὰρ
3211 1761 3276 1830 τῇ
3317 1761 3519 1833 καρδίᾳ
3555 1765 3751 1834 κυρίως

497 1853 755 1923 Dispersit
786 1855 1034 1922 superbos
1061 1863 1228 1907 mente
1261 1855 1435 1908 cordis
1460 1857 1504 1885 ”
1527 1855 1763 1924 ipsorum
1790 1871 1808 1919 ,'
1857 1857 2052 1927 disper‘

2196 1839 2243 1912 ᾖν
2287 1843 2657 1914 ὑπερήφανος,
2699 1845 2887 1917 ἐπειδὴ
2937 1846 3114 1915 λέγειν
3161 1851 3480 1924 ἐτόλμησεν·
3531 1833 3751 1910 Ἐπᾶνω

498 1946 569 2001 sit
593 1946 773 2016 ipsum
800 1945 1098 2008 diabolum,
1127 1954 1181 2000 et
1208 1954 1443 2002 cunctos
1470 1947 1518 2000 ei
1536 1946 1835 2001 militantes
1867 1946 2053 2002 dazmo-

2195 1932 2296 1988 τῶν
2327 1933 2598 2004 νεφελῶν
2621 1936 2727 1991 τοῦ
2755 1939 3016 2005 οὐρανοῦ
3047 1938 3213 2006 θήσω
3244 1943 3351 1995 τὸν
3377 1946 3545 2011 θρόνα,
3561 1963 3602 1993 ν
3615 1964 3750 2014 μου,

497 2053 616 2092 nes.
640 2037 734 2092 Ille
752 2038 952 2107 quippe
983 2038 1201 2107 proprie
1237 2039 1403 2094 corde
1431 2039 1699 2108 superbus
1743 2047 1881 2104 erat,
1928 2055 2052 2108 quo-

2197 2026 2273 2081 ιαὶ
2313 2030 2525 2097 ἔσομαι
2553 2029 2752 2100 ὅμοιος
2780 2031 2858 2097 τῷ
2901 2033 3174 2101 Ὑψίστῳ.
3211 2035 3336 2099 Πῶς
3365 2037 3424 2089 δὲ
3463 2039 3559 2090 νῦν
3595 2039 3752 2092 αύτὶν

495 2131 642 2186 niam
679 2131 860 2186 dicere
882 2131 1151 2186 audebat:
1183 2129 1358 2200 Supra
1386 2131 1547 2185 nubes
1595 2130 1711 2184 caeli
1763 2147 1957 2200 ponam
1982 2147 2050 2184 so.

2200 2121 2485 2186 ῖιέσπασεν,
2517 2121 2604 2174 διὰ
2646 2121 2753 2175 τῶν
2798 2124 2923 2194 ἑξῆς
2953 2125 2982 2176 ὁ
3023 2132 3307 2198 προφήτης
3344 2129 3652 2200 ἐδήλωσεν,
3685 2132 3755 2183 εἱ-

494 2222 626 2275 lium
655 2238 848 2284 meum,
899 2231 948 2275 et
989 2237 1076 2275 ero
1133 2223 1324 2276 similis
1377 2221 1654 2276 Altissimo
1685 2221 1750 2276 ”.
1782 2221 2049 2288 Quomodt

2201 2214 2314 2268 τῶν⁹
2344 2214 2474 2268 Νῦν
2498 2214 2566 2268 δὲ
2593 2218 2679 2282 εὶς
2709 2216 2862 2285 ᾅδην
2885 2219 3196 2289 καταϐήσῃ
3225 2220 3331 2292 [ἄλ.
3359 2225 3448 2288 εὶς
3480 2223 3636 2288 ᾅδου
3661 2241 3756 2277 κα-

493 2328 624 2367 vero
653 2327 797 2367 nunc
823 2311 998 2381 ipsum
1029 2311 1329 2382 dissiparit,
1357 2319 1758 2382 consequenter
1805 2312 2048 2381 prophet:

2197 2305 2631 2379 ἀόιϐασθήσῃ],
2687 2309 2781 2362 καὶ
2832 2310 3007 2364 πάντα
3062 2312 3131 2364 τὰ
3197 2314 3591 2384 στρατεύματά
3647 2334 3752 2371 σου.

493 2406 810 2470 declaravit,
846 2407 1034 2460 dicens
1065 2421 1079 2459 :
1110 2404 1266 2458 Nunc
1295 2414 1469 2458 autem
1492 2405 1545 2457 in
1572 2404 1835 2474 infernum
1861 2404 2043 2457 descen

2200 2399 2458 2469 Ιανταχοῦ
2489 2399 2594 2473 γὰρ
2625 2401 2750 2465 τοὺς
2778 2401 2994 2472 βωμοὺς
3027 2403 3209 2468 αὑτοῦ,
3244 2405 3336 2458 καὶ
3376 2406 3478 2469 τὰς
3515 2409 3631 2460 τῶν
3665 2429 3755 2480 μα-

494 2499 585 2553 des
617 2499 663 2531 ²¹⁰
692 2497 788 2570 [αι.
817 2495 1186 2568 deprimeris],
1211 2505 1264 2550 et
1291 2497 1472 2552 cuncti
1507 2497 1779 2551 exercitus
1821 2497 1918 2549 tui.
1944 2494 2046 2550 Ubi

2200 2489 2340 2542 raiwv
2383 2489 2520 2543 θεῶν
2571 2491 2824 2562 λατρείας
2877 2495 3282 2567 διεσκόρπισεν·
3331 2500 3424 2552 καὶ
3471 2501 3531 2568 ἐξ
3589 2502 3755 2556 ἐθνῶν

495 2606 601 2660 que
633 2591 777 2645 enim
809 2604 932 2643 aras
955 2627 971 2652 ,
1031 2597 1195 2658 atque
1247 2588 1472 2644 delubra
1507 2588 1661 2658 ejus,
1712 2589 2050 2658 inaniumqut

2201 2582 2302 2634 ,αὸν
2331 2582 2637 2654 περιούσιον
2666 2584 2843 2656 ἐαυτῷ
2887 2589 3304 2644 κατεσκεύασεν.
3336 2592 3634 2646 Καθεῖλεν
3658 2595 3756 2648 δυο

496 2684 722 2737 deorum
763 2680 943 2735 cultus
971 2679 1247 2749 dispersit,
1295 2685 1361 2734 et‘
1399 2695 1466 2734 ex
1502 2680 1756 2751 gentibus
1808 2680 2051 2750 p0pulun

2200 2671 2403 2739 ’ἀστας
2430 2673 2546 2727 ἀπὸ
2571 2675 2819 2740 θρόνων,
2851 2677 2948 2731 καὶ
2977 2678 3226 2746 ὕψωσεν
3260 2685 3603 2748 ταπεινούς.
3639 2685 3755 2736 Τοι-

497 2773 599 2828 sibi
632 2773 962 2844 peculiarem
1000 2780 1161 2842 atque
1208 2781 1493 2842 acceptum
1543 2771 1846 2826 constituit.
1897 2771 2052 2842 Depo-

2198 2763 2376 2836 ναροῦν
2419 2765 2516 2836 τὴν
2558 2765 2662 2820 τῶν
2729 2767 2994 2822 Ἰουδαίων
3042 2771 3299 2843 ἐκϐολὴν,
3351 2774 3447 2827 καὶ
3491 2775 3595 2844 τὴν
3650 2777 3753 2828 τῶν

493 2867 600 2921 suit
624 2875 855 2936 potentes
893 2865 957 2918 de
985 2864 1123 2926 sede,
1152 2873 1199 2916 et
1223 2863 1480 2917 exultavit
1509 2863 1732 2918 humiles
1766 2863 1833 2918 ’⁸.
1859 2863 2048 2929 Quibus

2198 2857 2346 2912 ,θνῶν
2391 2859 2698 2930 εἰσαγωγὴν
2747 2861 2804 2914 ὲν
2852 2862 3096 2933 ἐπιτὸμῳ
3134 2866 3420 2936 ἐμήνυσεν.
3486 2869 3753 2922 Ἰουδαίαν)

495 2972 627 3012 sane
652 2957 853 3020 verbis,
881 2954 1192 3010 Judaeorum
1242 2954 1558 3024 ejectionem
1611 2965 1666 3009 et
1698 2957 1938 3024 gentium
1981 2956 2050 3008 in.

2194 2946 2283 3019 (ap
2333 2949 2658 3020 πρεσϐύται,
2711 2951 2805 3004 καὶ
2857 2957 3202 3024 γραμματεῖς
3251 2957 3307 3008 ἐν
3359 2956 3532 3027 νόμῳ,
3591 2959 3749 3012 καὶοῖ

495 3049 892 3105 traductionem
928 3047 1164 3102 breviter
1210 3046 1407 3101 innuit.
1447 3044 1757 3100 Judreorum
1803 3047 1947 3100 enim
1983 3061 2050 3101 set

2194 3043 2294 3104 παῖς
2347 3040 2558 3105 λοιπαῖς
2619 3042 2935 3114 πρεσϐείαις
3005 3046 3358 3112 πλουτοῦντες
3431 3050 3749 3120 ἐτύγχανον,

497 3141 702 3205 niores,
739 3155 804 3194 ac
828 3138 1019 3194 scribae
1043 3139 1096 3191 in
1121 3139 1259 3207 lege,
1300 3147 1354 3192 et
1387 3137 1480 3207 qui
1513 3137 1563 3190 in
1597 3138 1821 3208 reliquis
1865 3153 2052 3209 praero-

2198 3149 2363 3203 ντιπερ
2391 3134 2576 3198 κακῶς
2608 3135 2686 3206 τῷ
2721 3135 2932 3206 πλούτῳ
2961 3138 3053 3190 καὶ
3081 3140 3146 3208 τῇ
3197 3137 3484 3212 δυναστεία
3507 3143 3753 3208 παρα.νὸ-

497 3231 694 3302 gativis
727 3245 790 3284 ac
819 3228 1118 3300 privilegiis
1141 3229 1336 3287 divites
1367 3237 1542 3293 erant,
1575 3230 1718 3298 quod
1752 3230 1892 3284 male
1947 3231 2052 3285 suis

2193 3242 2290 3286 ιως
2323 3225 2637 3298 ἐκέχρηντο,
2674 3228 2922 3282 ἐντεῦθεν
2955 3232 3150 3295 αὐτοὺς
3187 3233 3294 3286 ἀπὸ
3328 3234 3532 3297 παντὸς
3565 3235 3748 3306 θρόνου

495 3323 700 3378 divitiis
728 3331 782 3378 et
802 3321 1060 3392 potentiis
1087 3321 1171 3374 usi
1213 3329 1431 3388 essent,
1474 3322 1602 3376 hinc
1646 3336 1742 3376 eos
1788 3322 1857 3376 ab
1909 3323 2050 3377 omni

2193 3315 2441 3383 ιαθεῖλεν,
2474 3321 2808 3392 προφητείας
2841 3339 2899 3375 τε
2936 3324 3028 3376 καὶ
3065 3324 3381 3396 ἱερωσύνης,
3429 3326 3748 3396 νομοθεσίας

496 3414 624 3471 sede
647 3414 919 3484 deposuit,
949 3413 1241 3483 prophetiae
1271 3413 1530 3467 nimirum
1565 3429 1629 3468 ac
1651 3413 1968 3479 sacerdotii,
1992 3413 2051 3469 let

2192 3424 2226 3460 τε
2284 3410 2378 3462 καὶ
2411 3411 2779 3478 διδασκαλίας,
2807 3415 2900 3469 καὶ
2923 3415 3175 3488 πατρῴου
3194 3419 3444 3482 πλούτου,
3468 3420 3670 3472 θυσιῶν
3695 3438 3747 3473 τε

493 3509 768 3580 εἰεισῑιιιτιι
806 3518 969 3576 atque
1013 3507 1306 3573 doctrinae,
1351 3505 1640 3576 Opulentiee
1683 3505 2042 3560 hasreditariae

2194 3502 2264 3554 ταὶ
2295 3501 2532 3573 πλήθους
2559 3505 2780 3577 ἑορτῶν,
2809 3507 2902 3561 καὶ
2934 3507 3028 3560 τοῦ
3059 3509 3158 3579 τῆς
3193 3510 3471 3580 βασιλείας
3507 3512 3749 3583 ἀξιώμα-

493 3599 885 3657 sacriticiorum
915 3615 977 3653 ac
1016 3597 1371 3653 festivitatum
1409 3598 1616 3668 cupita,
1669 3598 2048 3669 dignitatisqut

2193 3611 2274 3657 τος.
2319 3593 2536 3650 Τούτων
2584 3597 2841 3650 ἁπάντων
2880 3600 3075 3652 ἐκεῖνοι
3123 3602 3303 3665 κενοὶ,
3353 3601 3450 3654 καὶ
3490 3603 3748 3680 φυγάδες,

491 3693 674 3765 regia.
702 3691 798 3747 His
827 3692 1079 3746 omnibus
1108 3691 1187 3744 illi
1215 3690 1452 3759 spoliati,
1486 3688 1705 3760 profugi
1734 3706 1798 3744 ac
1845 3690 1978 3744 nudi
2008 3691 2046 3744 it

2190 3689 2259 3742 cal
2291 3690 2489 3761 γυμνοὶ
2529 3691 2609 3755 είς
2649 3693 3022 3764 αἰχμαλωσίαν
3051 3693 3516 3768 ἐξαπεστάλησαν·
3558 3713 3745 3749 ταπει-

489 3785 859 3856 captivitatem
887 3784 1041 3854 ejecti
1074 3795 1234 3850 sunt;
1266 3795 1320 3839 et
1357 3785 1574 3838 illorum
1635 3785 1779 3848 loco,
1826 3785 2044 3840 humile:

2197 3782 2245 3834 οὶ
2289 3781 2366 3846 δὲ,
2403 3782 2516 3835 ἀντ’
2559 3783 2757 3848 αὐτῶν,
2798 3787 2845 3837 οἱ
2897 3784 2954 3852 ἐξ
2999 3785 3166 3838 ἐθνῶν
3211 3787 3351 3851 λαοὶ,
3402 3787 3749 3859 δικαιοσύνην

493 3892 560 3932 ex
591 3876 842 3948 gentibus
873 3876 1079 3945 populi,
1113 3876 1207 3945 qui
1230 3876 1499 3946 justitiam
1533 3876 1848 3931 csuriebant
1869 3917 1883 3943 ,
1913 3875 2048 3930 exal-

2195 3873 2476 3938 ιεινῶντες,
2509 3874 2820 3946 ὑψώθησανο
2851 3877 3038 3949 ἐπειδὴ
3088 3878 3186 3948 τὴν
3231 3878 3442 3933 ἑαυτῶν
3481 3884 3750 3936 ταπείνω-

492 3973 587 4026 tati
621 3980 784 4026 sunt:
819 3972 1078 4040 quoniam
1123 3969 1482 4024 humilitatem
1538 3984 1716 4034 suam,
1767 3978 1821 4023 et
1863 3969 2047 4025 divina

2195 3983 2273 4031 ἰν,
2301 3969 2398 4020 καὶ
2427 3968 2516 4020 τὸν
2562 3967 2854 4038 συνέχοντα
2888 3969 3085 4034 αὐτοὺς
3112 3970 3214 4040 τῆς
3242 3970 3574 4040 θεογνωσέας
3599 3974 3750 4043 λιμὸν

487 4061 817 4133 cognitionis
842 4060 1064 4124 famem,
1089 4075 1198 4129 qua
1231 4059 1635 4125 detinebantur,
1677 4061 2042 4127 ostendentes,

2197 4057 2552 4122 πιδείξαντες,
2587 4058 2682 4110 τοῦ
2723 4058 2865 4112 Θείου
2911 4059 3088 4128 λόγου,
3133 4059 3288 4131 δίκην
3327 4060 3550 4131 ψιχίων,
3585 4063 3750 4116 καθά-

487 4154 731 4208 divinum
771 4151 1030 4218 Verbum,
1063 4152 1205 4207 sicut
1231 4151 1538 4206 Chananma
1564 4153 1736 4207 micas
1763 4151 1834 4219 ’⁸,
1869 4153 2042 4222 depre

2197 4168 2270 4222 ;ερ
2295 4151 2598 4215 Χαναναία,
2631 4152 2982 4224 ἐπρέσϐευον·
3013 4153 3106 4206 καὶ
3131 4153 3218 4206 διὰ
3251 4153 3428 4219 τοῦτο,
3465 4155 3564 4208 τοῦ
3593 4155 3752 4209 πλούο

488 4246 793 4312 cabantur;
861 4252 913 4300 et
970 4253 1252 4314 propterea
1307 4243 1616 4298 divinorum
1664 4242 2043 4314 mysteriorum

2196 4261 2254 4295 ου
2297 4243 2403 4297 τῶν
2450 4243 2609 4298 θείων
2667 4243 2981 4316 μυστηρίων
3034 4243 3410 4317 ἐπλήσθησανο
3471 4247 3595 4300 ελον
3645 4247 3751 4318 γὰρ

486 4338 672 4410 repleti
703 4345 831 4392 sunt
856 4336 1079 4391 divitiis.
1110 4332 1244 4388 Nam
1272 4335 1585 4390 universam
1623 4335 1937 4391 divinorum
1965 4335 2041 4391 bo

2196 4335 2250 4389 ὸν
2285 4335 2487 4408 κλῆρον
2521 4337 2628 4390 τῶν
2654 4336 2814 4392 θείων
2839 4337 3060 4406 ἀγαθῶν
3084 4340 3112 4390 ὁ
3141 4339 3205 4390 ἐκ
3228 4337 3508 4408 Παρθένου
3542 4339 3751 4409 τεχθεὶς

487 4446 683 4484 norum
715 4437 940 4490 sortem.
971 4428 1063 4498 qui
1109 4443 1175 4481 ex
1224 4426 1443 4498 Virgine
1471 4435 1633 4483 natus
1683 4437 1768 4483 est
1798 4429 2042 4486 Christus

2188 4429 2394 4500 ἱριστὸς
2458 4431 2487 4482 ὁ
2532 4429 2664 4493 Θεὸς
2708 4429 2896 4500 ἡμῶν,
2944 4431 3025 4493 είς
3070 4430 3138 4483 τὰ
3186 4429 3312 4499 ἔθνη
3355 4431 3743 4499 μετατέθηκεν.

487 4513 623 4576 Deus
668 4530 870 4587 noster,
916 4521 969 4574 in
1020 4530 1204 4592 gentes
1251 4521 1548 4576 transtulit.
1591 4520 1833 4592 Suscepit
1883 4521 2042 4578 Israel

2189 4520 2549 4575 Ἀπειίάϐετο
2619 4522 2854 4590 Ἰσραὴλ
2907 4521 3119 4587 παιδὸς
3163 4521 3370 4574 αὐτοῦ·
3417 4523 3512 4574 καὶ
3553 4524 3615 4576 οὑ
3659 4522 3744 4576 τοῦ

483 4629 703 4682 puerum
733 4628 886 4666 suum
912 4613 989 4676 ³⁷,
1043 4622 1096 4668 et
1153 4630 1260 4668 non
1315 4614 1563 4684 quemvis
1617 4613 1912 4680 Israelem,
1966 4633 2038 4672 set

2193 4615 2411 4685 υχόντος
2456 4614 2691 4687 Ἰσραήλ·
2729 4614 2865 4669 ἀλλὰ
2910 4613 3004 4667 τοῦ
3042 4615 3228 4678 παιδὸς
3263 4613 3450 4678 αὑτοῦ,
3491 4616 3646 4679 ὅστις
3675 4617 3743 4684 τῷ

481 4719 715 4774 puerum
741 4718 936 4769 suum;
964 4703 1056 4772 qui
1105 4705 1278 4773 reipsa
1317 4702 1531 4760 lsraelis
1561 4706 1896 4760 nobilitatem
1932 4707 2025 4761 illu

2193 4724 2308 4778 ργῳ
2356 4705 2681 4774 ὲξευγενίζει
2737 4708 2831 4760 τοῦ
2882 4707 3096 4778 Ἰσραὴλ
3139 4707 3236 4777 τὴν
3283 4708 3584 4776 εὐγένειαν.
3643 4708 3742 4762 Καὶ

483 4805 657 4852 strat:
691 4805 853 4865 atque
881 4796 1004 4851 ideo
1038 4797 1213 4865 ipsum
1243 4796 1409 4849 tilium
1434 4805 1488 4850 et
1533 4797 1797 4852 hmredem
1831 4796 1922 4850 Dei
1956 4797 2036 4852 Ge

2184 4798 2249 4850 Ltd:
2286 4796 2464 4862 τοῦτο,
2501 4798 2664 4852 παῖδα
2717 4798 2811 4851 καὶ
2861 4797 3194 4868 κληρονόμον
3231 4798 3394 4852 αὑτὸν
3428 4801 3460 4870 ὴ
3489 4799 3739 4860 Θευτόιος

481 4888 646 4943 nitrix
679 4887 968 4957 appellavit
999 4886 1096 4958 [αι.
1123 4885 1462 4958 declaravit].
1491 4887 1629 4941 Cum
1672 4890 1818 4942 enim
1858 4891 1912 4942 in
1968 4889 2036 4942 lit‘

2189 4893 2419 4946 κάλεσεν
2461 4890 2583 4962 [ἀλ.
2632 4889 2942 4962 ἐδήλωσεν].
2985 4889 3278 4959 Κάμνοντα
3325 4891 3440 4964 γὰρ
3468 4890 3648 4962 εὑρὼν
3671 4889 3739 4960 τῷ

482 4987 594 5035 tera
639 4987 694 5034 et
765 4979 879 5050 lege
945 4978 1092 5033 illum
1152 4979 1490 5033 laborantem
1557 4979 1893 5044 invenisset,
1958 4994 2037 5049 pel

2186 4984 2474 5056 τράμματι,
2507 4983 2602 5036 καὶ
2629 4982 2704 5053 τῷ
2724 4982 2874 5052 νόμῳ
2904 4981 3200 5045 κοπιῶντα,
3246 4984 3312 5053 τῇ
3352 4982 3536 5052 χάριτι
3578 4997 3741 5051 παρε-

480 5072 708 5140 gratiam
737 5073 970 5128 vocavit.
994 5069 1179 5124 Talem
1214 5069 1378 5140 igitur
1408 5068 1663 5124 lsraelem
1691 5086 1914 5133 vocans,
1940 5087 2030 5124 sus

2189 5077 2410 5130 ιάλεσενο
2447 5073 2640 5127 οὐκοῦν
2666 5073 2756 5126 τὸν
2780 5072 3015 5126 τοιοῦτον
3055 5073 3270 5145 Ἰσραὴλ
3297 5073 3557 5136 καλέσας,
3582 5074 3744 5126 ἀντε-

479 5165 634 5232 cepit,
661 5165 964 5216 recordatus
1001 5161 1377 5216 misericordiae
1402 5179 1532 5216 suat.
1561 5161 1710 5217 Sicut
1736 5161 1944 5214 locutus
1974 5180 2026 5216 ee

2190 5169 2378 5224 ῐάϐετο
2405 5209 2419 5232 ,
2469 5166 2816 5236 μνησθῆναι
2872 5168 3084 5234 ἐλέους
3104 5208 3119 5222 .
3182 5167 3388 5233 Καθὼς
3436 5165 3745 5234 ἐλάλησεν

479 5257 549 5310 ad
575 5265 752 5325 patres
778 5265 1004 5322 nostros,
1037 5254 1337 5318 Abraham,
1380 5265 1430 5309 et
1475 5256 1661 5310 semini
1698 5257 1811 5327 ejus
1843 5257 1901 5309 in
1945 5274 2034 5312 sa:-

2189 5261 2316 5329 πρὸς
2345 5260 2487 5326 τοὺς
2514 5259 2774 5327 πατέρας
2804 5258 2992 5328 ἡμῶν,
3019 5258 3101 5325 τῷ
3135 5259 3402 5329 Ἀϐραὰμ,
3433 5258 3534 5312 και
3560 5257 3744 5325 σπέν-

477 5351 687 5404 cuia".
723 5349 780 5404 lu
811 5349 1000 5420 paucis
1039 5335 1202 5418 igitur
1245 5348 1397 5404 hisce
1439 5348 1794 5415 dictionibus,
1833 5350 2032 5405 univert

2191 5369 2299 5406 ιατι
2330 5351 2536 5416 αὑτοῦ,
2575 5351 2686 5417 ἕως
2732 5349 2968 5417 αἰῶνος.
3008 5351 3096 5404 Ἐν
3130 5351 3354 5416 ταύταις
3399 5350 3456 5405 δὲ
3480 5351 3606 5414 ταῖς
3642 5349 3746 5403 ὀλί-

479 5457 602 5498 sum
654 5442 1078 5512 dispensationis
1121 5442 1504 5512 complectitur
1547 5443 1886 5514 mysterium.
1937 5441 2034 5497 Sall

2195 5463 2286 5511 at;
2317 5444 2548 5512 λέξεσιν,
2596 5444 2716 5497 ὅλον
2759 5444 2822 5497 τὸ
2867 5444 2970 5514 τῆς
3017 5445 3328 5516 οἰκονομίας
3376 5441 3750 5515 ἀναλαμϐάνει

479 5547 607 5588 vare
643 5535 842 5604 quippe
869 5548 1039 5604 genus
1061 5535 1387 5599 humanum,
1412 5545 1467 5591 et
1503 5542 1890 5592 testamentum
1923 5549 2034 5590 cum

2195 5537 2481 5608 ιυστήριον.
2527 5535 2804 5590 Διασῶσαι
2848 5534 2957 5606 γὰρ
2987 5533 3048 5587 τὸ
3079 5535 3234 5603 γένος
3277 5551 3387 5589 των
3419 5533 3750 5606 ἀνθρώπων,

551 5742 596 5772 ¹⁰
629 5739 759 5794 Luc.
795 5740 927 5812 t,46
961 5758 1112 5812 seqq.
1183 5743 1387 5798 "Ibid.
1420 5745 1506 5799 5|.
1583 5744 1627 5774 "
1652 5743 1784 5799 Ibid.
1857 5744 1903 5775 "
1933 5742 2034 5798 lsa.
2070 5759 2099 5797 χ

2207 5745 2292 5799 14.
2373 5743 2573 5798 "Ibid.
2610 5743 2694 5798 l5.
2773 5742 2969 5799 “Luc.
3010 5759 3048 5808 t,
3079 5743 3166 5799 52.
3242 5743 3287 5773 "
3304 5742 3496 5797 Matth.
3533 5759 3628 5812 xv,
3658 5741 3752 5802 Ξῖ.

479 5813 525 5848 ⁸⁷
554 5812 686 5868 Luc.
725 5825 763 5878 ι,
793 5811 880 5865 54.
959 5811 1160 5868 "ibid.
1188 5813 1255 5868 54
1305 5813 1372 5866 55
