3938 6282
253 246 397 303 H69

1158 242 1438 299 HOMILIA
1477 242 1521 297 ll
1555 242 1621 297 ΙΝ
1661 239 2083 298 ANNUNTIAT.
2119 241 2302 299 V'lRG.
2343 240 2601 298 MANE.

3358 233 3495 294 “70

251 369 350 426 καὶ
383 368 481 438 τὴν
511 366 774 438 διαθήκην
807 364 904 435 τὴν
940 363 1074 434 πρὸς
1117 366 1242 428 τοὺς
1273 363 1513 436 πατέρας
1545 362 1826 437 πληρῶσαι

1931 362 2174 432 patribus
2221 366 2576 420 constitutum
2646 361 2938 433 adimplere
2972 359 3226 416 Christus
3269 360 3492 423 volens,

253 466 579 538 βουλόμενος
625 466 654 518 ό
691 461 941 533 Χριστὸς,
995 460 1289 528 οὐρανοὺς
1335 459 1464 513 ποτὲ
1513 459 1610 530 μὲν
1667 458 1830 511 ἔκλι-

253 576 388 623 νεν,
438 557 537 611 καὶ
591 554 830 621 κατέϐη.
883 555 1069 617 Οὕτως
1111 554 1166 607 δὲ
1220 554 1294 616 ὡς
1345 551 1626 624 χωροῦμεν
1672 551 1833 624 ἡμεῖς

254 649 652 721 ἐμφανίζεται,
703 650 788 703 ἵνα
837 649 961 702 ἰδεῖν
996 647 1178 712 αὐτὸν,
1211 647 1306 701 καὶ
1347 645 1688 717 ψηλαφῆσαι,
1739 644 1831 696 καί

253 742 490 796 ἀκοῦσαι
515 741 802 805 λαλοῦντος
844 741 1170 813 ἰσχύσωμεν.
1205 739 1312 792 Καὶ
1342 738 1429 791 διά
1459 738 1612 791 τοῦτο
1643 739 1670 790 ὁ
1701 735 1832 799 Θεὸς

253 832 428 901 Λόγος
450 833 630 904 σάρκα
654 833 747 886 καὶ
774 832 973 885 τέλειον
999 830 1278 903 ἄνθρωπον
1304 832 1367 882 ἐκ
1395 828 1648 897 γυναικὸς
1674 826 1830 895 ἁγίας

257 925 538 997 Παρθένου
575 923 864 978 ἀναλαϐεῖν
901 923 1257 995 κατηξίωσεν,
1292 923 1387 976 καὶ
1437 921 1697 993 ἐγεννήθη
1741 923 1833 976 ἄν·

256 1018 497 1089 θρωπος,
535 1018 620 1071 ἵνα
653 1018 842 1089 ὲκτίση
885 1017 947 1070 τὸ
979 1016 1244 1091 ἡμτερον
1283 1017 1531 1086 ὄφλημα,
1567 1016 1661 1069 καὶ
1695 1014 1830 1087 πλη-

256 1108 413 1182 ρώσῃ
452 1109 643 1180 μέχρις
688 1107 903 1171 ἑαυτοῦ,
951 1112 1050 1178 τῆς
1094 1108 1229 1180 πρὸς
1274 1108 1520 1180 Ἀϐραὰμ
1544 1107 1826 1180 διαθήκης,

254 1201 563 1272 περιτομῆς
590 1217 649 1253 τε
678 1202 770 1253 καὶ
792 1199 898 1254 τῶν
923 1201 1118 1271 ἐφεξῆς
1141 1203 1384 1272 νομίμων
1412 1202 1478 1255 τὰ
1504 1202 1826 1272 ἐντάλματα.

254 1293 415 1346 Μετὰ
453 1292 509 1345 δὲ
555 1294 681 1356 τοὺς
724 1293 915 1361 λόγους
951 1293 1190 1358 τούτους,
1227 1295 1260 1366 ἡ
1295 1295 1423 1363 ἁγία
1453 1295 1723 1366 Παρθένος
1750 1296 1830 1357 εἰς

250 1386 357 1456 τὴν
418 1382 672 1457 Ναζαρὲτ
715 1385 1023 1458 ἐπορεύετο·
1076 1385 1282 1440 ἐκεῖθεν
1337 1386 1392 1440 δὲ
1443 1387 1604 1440 πάλιν
1657 1387 1830 1457 δόγμα

256 1475 537 1546 Καίσαρος
599 1477 677 1538 εἰς
722 1477 821 1546 τὴν
871 1476 1117 1547 Βηθλεὲμ
1161 1477 1400 1531 ἀνελθεῖν
1450 1478 1615 1550 αὐτὴν
1657 1495 1828 1549 παρε-

254 1566 547 1619 σκεύασενο
600 1566 736 1636 αῦτη
777 1567 832 1619 δὲ
879 1568 954 1632 ὡς
1001 1568 1107 1621 ἀπὺ
1144 1568 1243 1639 τῆς
1285 1568 1566 1639 βασιλικῆς
1595 1571 1828 1641 πατριᾶς

253 1661 710 1730 προϋπάρχουσα,
744 1662 822 1723 εἰς
845 1660 941 1731 τὴν
971 1661 1252 1733 βασιλικὴν
1277 1662 1370 1715 τοῦ
1397 1661 1561 1716 Δαϐὶδ
1595 1663 1828 1734 πατριὰν

257 1751 399 1822 μετὰ
443 1752 642 1824 Ἰωσὴφ
687 1751 782 1806 τοῦ
833 1752 1140 1824 μνηστῆρος
1187 1753 1482 1809 ἐστέλλετο.
1513 1755 1622 1808 Καὶ
1649 1754 1708 1808 τὸ
1736 1754 1829 1809 τοῦ

255 1843 458 1906 παντὸς
505 1844 762 1898 ἐπέκεινα
825 1843 1099 1916 θαύματος
1168 1846 1447 1916 ἠκολούθει
1515 1849 1827 1920 μυστήριον.

250 1936 533 2008 Παρθένος
576 1938 854 2002 τίκτουσα,
907 1939 1001 1992 καὶ
1047 1941 1204 2011 χερσὶ
1241 1940 1578 2010 βαστάζουσα
1605 1942 1697 1996 τὸν
1737 1945 1832 2014 ρή-
1877 1995 1890 2018 ε

255 2047 390 2099 ματι
429 2033 609 2084 πᾶσαν
648 2031 745 2102 τὴν
794 2031 969 2085 κτίσιν
1011 2032 1366 2104 βαστάζοντα.
1413 2034 1521 2089 Καὶ
1570 2035 1710 2089 οὐδὲ
1738 2039 1832 2089 τό-

250 2138 369 2188 πος
413 2120 493 2191 ἦν
541 2125 746 2191 αὐτοῖς
791 2125 862 2178 ἐν
909 2125 990 2192 τῷ
1047 2129 1434 2197 καταλύματι.
1500 2129 1675 2182 Τόπον
1731 2130 1831 2183 οὐκ

250 2209 398 2283 εἶχεν
422 2217 450 2268 ό
479 2217 657 2270 πᾶσαν
699 2218 795 2287 τῆν
827 2217 927 2289 γὴν
964 2219 1042 2290 τῷ
1082 2221 1280 2292 ῥήματι
1344 2220 1695 2291 θεμελιώσας·
1727 2223 1767 2276 Γ
1771 2222 1830 2276 ά·

249 2305 411 2360 λακτι
455 2308 726 2380 τρέφουσα
767 2308 854 2362 τὸν
900 2313 1078 2364 πᾶσαν
1123 2312 1288 2383 πνοὴν
1319 2312 1706 2383 διατρέφοντα,
1736 2314 1832 2367 καὶ

252 2398 641 2466 ζωογονοῦντα.
678 2400 1017 2470 Σπαργάνοις
1043 2401 1312 2474 δεσμοῦσα
1366 2402 1455 2455 τὸν
1487 2403 1628 2474 λόγῳ
1651 2405 1830 2458 πᾶσαν

251 2489 352 2558 τὴν
397 2489 574 2543 κτίσιν
631 2490 978 2562 δεσμεύοντα.
1032 2492 1120 2545 Ἐν
1175 2494 1349 2565 φάτνῃ
1409 2493 1680 2548 ἀνέκλινεν
1741 2495 1830 2548 τὸν

252 2584 350 2635 ἐπὶ
377 2582 645 2653 καθέδρας
669 2584 932 2656 χερουϐὶμ
960 2584 1340 2656 ὲποχούμενον.
1368 2585 1486 2650 Φῶς
1513 2585 1570 2653 ἐξ
1601 2585 1828 2659 ούρανοῦ

251 2675 597 2747 περιέλαμπε
652 2676 742 2730 τὸν
771 2677 949 2730 πᾶσαν
976 2677 1074 2748 τὴν
1106 2679 1281 2732 κτίσιν
1312 2678 1638 2749 φωτίσαντα.
1663 2680 1832 2751 Στρα-

250 2771 367 2823 τιαί
392 2771 638 2840 οὐράνιαι
656 2770 1028 2838 δοξολογοῦσαι
1049 2770 1381 2842 παρίσταντο
1399 2771 1476 2842 τῷ
1496 2771 1600 2842 πρὸ
1621 2769 1830 2826 αἰώνων

253 2863 313 2914 ὲν
353 2860 601 2932 οὐρανοῖς
639 2859 998 2930 δοξαζομένῳ.
1047 2860 1245 2932 Ἀστὴρ
1283 2861 1554 2932 δᾳδουχῶν
1589 2863 1828 2932 κατεμή-

252 2971 380 3006 νυεν
414 2954 536 3016 τοὺς
565 2955 629 3005 ἐκ
660 2953 764 3022 γῆς
797 2950 1075 3023 πόρρωθεν
1105 2951 1353 3016 ἐλθόντας
1383 2955 1518 3023 πρὸς
1547 2954 1636 3007 τὸν
1665 2954 1831 3018 ὄντως

1934 455 2087 508 caelos
2115 455 2332 511 tandem
2376 456 2732 520 inclinavit,“
2773 454 3037 510 descendit
3063 455 3130 508 ".
3169 451 3261 515 Sic
3315 461 3492 506 autem

1934 547 2229 602 secundum
2260 551 2612 618 capacitatem
2644 556 2885 603 nostram
2926 562 2984 602 se
3035 547 3191 602 nobis
3235 543 3491 604 ostendit,

1934 647 1993 694 ut
2018 639 2195 708 ipsum
2227 641 2408 696 videre
2461 657 2524 696 ac
2555 651 2808 713 tangere,
2851 649 2906 695 et
2948 640 3257 710 loquentem
3311 635 3495 691 audire

1933 733 2228 802 possimus.
2276 733 2354 788 Et“
2389 748 2668 804 propterea
2720 733 2863 788 Deus
2905 731 3140 788 Verbum
3193 744 3410 786 carnem
3444 737 3494 783 et

1934 824 2226 895 perfectam
2263 827 2553 881 humanam
2587 837 2837 881 naturam
2884 841 2950 881 ex
2992 825 3216 879 muliere
3264 823 3495 878 sanctis-

1933 918 2072 972 sima
2111 917 2327 988 Virgine
2353 935 2632 974 assumere
2652 918 2910 990 dignatus
2932 927 3035 986 est,
3065 926 3120 972 et
3151 917 3313 971 homo
3337 924 3496 970 natus

1932 1019 2035 1074 est,
2064 1019 2124 1065 ut
2154 1012 2390 1067 debitum
2424 1023 2674 1068 nostrum
2717 1013 3070 1082 persolveret,
3114 1020 3169 1065 et
3202 1025 3376 1079 usque
3426 1009 3495 1064 ad

1933 1118 1991 1156 se
2023 1103 2220 1172 ipsum,
2259 1113 2638 1160 testamentum
2671 1120 2793 1158 cum
2819 1103 3094 1158 Abraham
3147 1102 3494 1171 dispositum,

1931 1195 2387 1262 circumcisionis,
2441 1212 2504 1251 ac
2542 1208 2860 1252 cancrorum
2898 1198 3153 1267 legalium
3200 1202 3496 1266 praecepto-

1932 1303 2053 1342 rum
2079 1288 2397 1359 adimpleret
2433 1289 2498 1343 ⁸ο.
2539 1289 2667 1344 Post
2703 1290 2802 1344 hos
2847 1305 3009 1358 porro
3052 1303 3332 1344 sermones
3373 1303 3498 1342 cou-

1931 1381 2094 1436 cessit
2145 1381 2200 1435 in
2258 1381 2525 1437 Nazareth
2581 1382 2926 1437 sanctissima
2958 1380 3152 1452 Virgo;
3197 1381 3321 1434 inde
3368 1395 3497 1434 vero

1932 1490 2126 1530 rursus
2149 1475 2201 1528 in
2233 1474 2543 1531 Bethlehcm
2570 1491 2664 1546 per
2686 1476 2922 1530 edictum
2954 1475 3183 1530 Cznsaris
3205 1473 3497 1528 ascendere

1931 1576 2120 1621 coacta
2155 1576 2274 1631 est;
2307 1569 2420 1638 ipsa
2458 1579 2637 1623 autem
2675 1579 2934 1638 tanquam
2988 1583 3055 1623 ex
3103 1568 3248 1638 regia
3282 1566 3491 1621 familia

1930 1662 2248 1729 procedens,
2296 1662 2349 1716 in
2399 1662 2602 1733 regiam
2654 1661 2820 1715 David
2869 1661 3097 1731 patriam
3138 1676 3260 1716 cum
3297 1658 3502 1728 Joseplr
3601 1647 3604 1650 ’

1933 1769 2133 1823 sponso
2161 1755 2494 1809 mittebatur.
2521 1753 2920 1826 Etmysterium
2954 1753 3098 1824 quod
3138 1768 3299 1808 omne
3340 1755 3502 1807 mira-

1931 1847 2112 1900 culum
2165 1856 2384 1916 superat
2427 1859 2774 1903 consecutum
2829 1855 2914 1901 est
2946 1858 2961 1899 :
2991 1844 3154 1918 Virgo
3217 1845 3394 1916 parit,
3445 1853 3502 1898 et

1932 1937 2184 1992 manibus
2209 1946 2384 2007 gestat
2408 1955 2532 1993 eum
2556 1937 2650 2007 qui
2705 1938 2870 1992 verbo
2923 1953 3012 1992 res
3054 1951 3244 1991 omnes
3287 1943 3498 1990 creatas

1931 2037 2123 2098 gestat.
2151 2027 2330 2100 Neque
2361 2031 2502 2084 locus
2531 2041 2643 2084 erat
2680 2033 2754 2086 eis
2788 2031 2843 2084 in
2873 2032 3158 2085 diversorio
3182 2032 3247 2085 ³¹.
3292 2029 3496 2084 Locum

1931 2134 2040 2173 non
2074 2120 2347 2184 habebat,
2395 2121 2488 2191 qui
2544 2129 2710 2175 totam
2760 2129 2961 2176 terram
3010 2122 3176 2176 verbo
3227 2120 3494 2176 fundavit.

1931 2207 2095 2264 Lacte
2129 2209 2280 2280 virgo
2312 2220 2483 2264 mater
2503 2212 2759 2280 pascebat
2787 2227 2933 2277 eum,
2961 2213 3051 2282 qui
3081 2227 3299 2265 omnem
3331 2211 3499 2266 nutrit

1930 2303 2224 2372 vivumque
2282 2303 2532 2371 producit
2591 2305 2862 2375 spiritum.
2927 2303 3135 2360 Fasciis
3193 2305 3508 2359 involvebat

1931 2410 2076 2459 eum,
2112 2396 2205 2465 qui
2238 2397 2405 2452 verbo
2428 2412 2642 2452 omnem
2671 2397 2804 2466 ligat
2829 2407 3157 2452 creaturam.
3203 2396 3260 2452 ln
3308 2411 3510 2469 prtem--

1930 2487 2020 2556 pio
2045 2486 2341 2541 reclinabat
2368 2503 2515 2553 eum,
2545 2488 2639 2558 qui
2687 2487 2743 2541 in
2793 2488 3050 2543 cathedra
3107 2505 3269 2559 supra
3311 2490 3502 2545 cheru-

1930 2578 2041 2632 bim
2071 2579 2287 2633 vehitur
2319 2580 2384 2633 ³².
2434 2578 2550 2633 Lux
2590 2595 2620 2634 e
2663 2579 2816 2634 caelis
2860 2579 3309 2652 circumfulgebat
3349 2598 3509 2646 eum,

1930 2669 2023 2739 qui
2056 2685 2272 2724 omnem
2299 2671 2566 2725 illuminat
2595 2679 2925 2726 creaturam.
2947 2670 3206 2726 Ctelestes
3228 2673 3502 2739 exercitus

1931 2761 2295 2830 gloriﬁcantes
2338 2763 2666 2818 assistebant
2703 2763 2774 2830 ei,
2805 2763 2900 2833 qui
2927 2773 3051 2818 ante
3091 2765 3288 2819 saacula
3333 2765 3500 2835 glori-

1930 2853 2124 2908 ﬁcatur
2146 2855 2200 2908 in
2225 2856 2395 2911 coelis.
2429 2856 2593 2911 Stella
2649 2857 2949 2927 przelucens
2988 2857 3247 2911 ducatum
3280 2867 3501 2928 praesta-

1932 2947 2022 3000 bat
2046 2947 2124 3001 eis
2150 2946 2216 3013 ³³,
2248 2948 2342 3017 qui
2373 2964 2439 3002 ex
2465 2949 2784 3018 longinquis
2805 2960 3068 3004 venerant
3093 2949 3405 3018 regionibus
3429 2951 3496 3006 ad

252 3045 538 3117 ἀνατολήν.
582 3046 671 3112 Ἐξ
695 3044 989 3101 Ἀνατολῶν
1003 3048 1166 3116 ἥκασι
1199 3045 1631 3118 δωροφοροῦντες
1660 3047 1735 3118 τῷ
1762 3047 1826 3102 δι’

1933 3054 2054 3092 eum
2085 3038 2177 3107 qui
2199 3053 2327 3093 vere
2356 3040 2541 3094 oriens
2561 3050 2697 3095 erat.
2738 3040 2816 3096 Ex
2841 3042 3064 3100 Oriente
3092 3041 3340 3111 veniunt,
3380 3059 3516 3098 nio--

253 3140 405 3209 ἡμᾶς
437 3137 832 3209 πτωχεύσαντι·
863 3139 894 3208 ἡ
926 3137 981 3190 δὲ
1009 3137 1139 3207 ἁγία
1167 3136 1423 3202 Θεοτόκος
1455 3141 1734 3211 συνετήρει
1759 3141 1828 3194 τὰ

256 3231 479 3301 ῥήματα
524 3227 714 3291 ταῦτα,
765 3225 1146 3297 συμϐάλλουσα
1192 3227 1248 3279 ὲν
1291 3229 1358 3297 τῇ
1404 3227 1599 3298 καρδία
1637 3228 1826 3299 αὐτῆς,

253 3319 334 3382 ὡς
381 3319 516 3372 ὅλων
569 3319 678 3371 τῶν
732 3318 1042 3390 μυστηρίων
1089 3316 1408 3389 ὑπάρχουσα
1458 3317 1683 3388 δοχεῖον.
1726 3318 1827 3371 Σοῦ

177 3403 186 3409 ’
258 3410 380 3478 μὲν,
409 3403 453 3461 ὧ
495 3409 732 3476 παναγία
761 3407 1022 3479 Παρθένε,
1061 3406 1328 3478 ἀνώτερος
1356 3407 1532 3479 πάσης
1556 3408 1831 3479 εὐφημίας

253 3504 286 3554 ὁ
316 3501 551 3565 ἔπαινος,
587 3500 672 3553 διὰ
702 3500 791 3553 τὸν
818 3502 881 3553 ὲκ
903 3498 996 3554 σοῦ
1021 3497 1151 3551 Θεὸν
1181 3499 1358 3570 σάρκα
1383 3498 1702 3570 φορέσαντα,
1737 3499 1831 3552 καὶ

254 3594 581 3664 γεννηθέντα
629 3593 930 3664 ἄνθρωπον.
980 3594 1070 3645 Σοὶ
1118 3594 1265 3645 πᾶσα
1300 3591 1459 3662 φύσις
1498 3591 1830 3660 ἐπουρανίων

255 3686 353 3740 καὶ
380 3687 656 3755 ἐπιγείων,
691 3687 784 3739 καὶ
812 3685 1177 3757 καταχθονίων
1209 3684 1319 3756 [ἵσ.
1363 3681 1714 3755 ὑποχθονίων]
1745 3683 1833 3736 σέη

256 3778 361 3843 σας
390 3779 685 3852 προσφέρει
710 3778 770 3830 τὺ
803 3777 1128 3849 πρόσφορον.
1157 3778 1228 3830 Συ
1257 3775 1364 3847 γάρ
1393 3775 1604 3847 ἀληθῶς
1645 3775 1831 3843 θρόνος

257 3871 574 3942 χερουῶκος
619 3870 972 3934 ἀναδέδειξαι.
1005 3870 1076 3922 Συ
1121 3871 1178 3922 ἐν
1212 3871 1322 3933 τοῖς
1360 3867 1548 3939 ἄκροις
1574 3867 1682 3920 τῶν
1709 3885 1831 3940 νοη-

255 3962 366 4016 τῶν
400 3961 523 4033 [ἄλ.
549 3961 722 4032 νότουι
754 3961 1055 4032 βασιλειῶν,
1102 3960 1276 4029 φωτὸς
1313 3960 1650 4031 ἀπαύγασμα
1692 3960 1832 4013 ἀπα-

259 4053 586 4125 στράπτειςο
639 4053 764 4107 ἔνθα
811 4051 1091 4117 δοξάζεται
1138 4051 1324 4124 Πατὴρ
1375 4052 1405 4105 ὁ
1457 4051 1708 4124 ἄναρχος,
1769 4046 1828 4106 οῦ

257 4145 358 4216 τὴν
404 4143 630 4215 δύναμιν
675 4143 831 4214 ἔσχες
877 4143 1319 4209 ἐπισκιάζουσαν·
1377 4147 1757 4216 προσκυνεῖται
1801 4148 1830 4198 ό

257 4235 420 4299 Υἱδς,
457 4235 516 4288 ὃν
547 4235 688 4290 κατὰ
721 4235 898 4308 σάρκα
940 4236 1003 4287 συ
1034 4235 1277 4297 τέτοκας·
1323 4235 1674 4304 δοξολογεῖται
1705 4234 1824 4307 [ἄλ.

254 4325 559 4398 δοξάζεται]
589 4327 809 4397 Πνεῦμα
835 4326 896 4379 τὸ
931 4327 1103 4394 ἅγιον,
1139 4327 1274 4397 ὅπερ
1306 4327 1362 4379 ὲν
1389 4329 1454 4397 τῇ
1485 4326 1679 4398 γαστρί
1708 4343 1824 4390 σου,

1930 3147 2060 3184 nera
2092 3129 2394 3187 deferentes
2418 3133 2465 3187 ei
2507 3135 2598 3203 qui
2648 3150 2856 3206 pauper
2905 3147 3124 3207 propter
3174 3153 3275 3193 nos
3321 3135 3498 3192 factus

1927 3223 2093 3277 est“.
2125 3224 2484 3282 Sanctissima
2520 3243 2682 3298 porro
2712 3228 2803 3283 Dci
2846 3229 3094 3284 Genitrix
3144 3229 3501 3284 conservabat

1929 3316 2110 3370 omnia
2137 3317 2298 3372 verba
2331 3319 2467 3383 haec,
2495 3319 2782 3392 conferens
2809 3321 2862 3375 in
2911 3321 3076 3377 corde
3114 3338 3216 3378 suo
3239 3322 3324 3390 al';
3356 3322 3501 3377 velut

1929 3423 2048 3478 quae
2110 3411 2352 3465 omnium
2402 3415 2783 3484 mysteriorum
2833 3429 2930 3468 vas
2975 3430 3040 3470 ac
3086 3416 3490 3486 receptaculum

1929 3511 2092 3555 esset.
2125 3501 2240 3556 Tua
2271 3519 2421 3567 sane,
2453 3520 2486 3559 ο
2512 3505 2860 3561 sanctissima
2891 3504 3080 3578 Virgo,
3128 3507 3249 3562 laus
3279 3521 3496 3562 omnem

1929 3608 2154 3662 prorsus
2182 3596 2393 3673 laudem
2418 3636 2434 3661 ,
2476 3607 2694 3668 propter
2737 3597 2907 3652 Deum
2951 3615 3016 3654 ex
3057 3610 3108 3653 te
3155 3600 3500 3654 incarnatum

1929 3700 1993 3739 ac
2018 3685 2293 3740 hominem
2329 3697 2536 3755 natum,
2565 3689 2798 3744 excedit.
2838 3688 2960 3745 Tibi
2997 3690 3179 3747 omnis
3223 3699 3506 3755 creatura,

1930 3776 1985 3830 in
2012 3777 2163 3833 caelis
2202 3793 2266 3832 ac
2299 3779 2458 3834 terris
2485 3789 2536 3834 et
2569 3781 2710 3850 apud
2750 3779 2984 3844 inferos,
3044 3782 3400 3836 reverentiam
3434 3797 3502 3837 ac

1930 3869 2134 3924 cultum
2163 3870 2575 3926 convenientem
2606 3872 2782 3928 oll‘ert.
2823 3871 2905 3927 Tu
2935 3873 3082 3928 enim
3109 3887 3235 3928 vere
3268 3872 3526 3928 thronus.

1929 3963 2150 4018 evasisti
2178 3963 2526 4020 cherubicus.
2561 3962 2643 4019 Tu
2675 3965 2730 4019 in
2777 3965 3006 4021 summis
3041 3965 3378 4036 spiritalibus
3422 3981 3502 4020 re.

1931 4057 2051 4125 guis
2077 4055 2176 4128 [aL
2203 4056 2257 4110 in
2287 4058 2559 4127 supremis
2594 4059 2765 4114 austri
2795 4059 3027 4133 regnis},
3053 4060 3189 4115 lucis
3211 4061 3499 4130 splendore

1931 4161 2190 4202 coruscas
2232 4162 2248 4198 :
2291 4147 2384 4203 ubi
2429 4148 2762 4216 gloriﬁcatur
2808 4147 2967 4204 Pater
3017 4150 3200 4205 omnis
3247 4151 3506 4222 principii

1931 4237 2366 4308 expers,'*cujus
2415 4239 2832 4294 obumbrantem
2883 4240 3120 4295 habuisti
3165 4241 3502 4311 potentiam;

1931 4329 2190 4384 adoratur
2221 4327 2415 4393 Filius,
2448 4345 2609 4399 quem
2638 4327 2937 4383 secundum
2961 4343 3181 4384 carnem
3207 4329 3498 4400 peperisti;

252 4419 355 4489 τὴν
387 4419 635 4490 γέννησιν
674 4418 785 4488 τοῦδ
813 4417 1046 4489 μεγάλου
1076 4417 1344 4480 Βασιλέως
1385 4418 1704 4489 ἐνήργησεν.
1736 4418 1826 4471 Διὰ

1938 4420 2240 4476 celebratur
2287 4419 2386 4492 [αι.
2431 4418 2788 4492 gloriﬁcatur]
2825 4418 3064 4490 Spiritus
3112 4428 3354 4487 sanctus,
3405 4420 3502 4492 qui

254 4511 377 4574 σοῦ,
405 4513 840 4583 κεχαριτωμένη,
870 4511 1038 4582 Τριὰς
1071 4510 1200 4578 ἁγία
1247 4511 1340 4564 καὶ
1366 4509 1646 4581 ὁμοούσιος
1673 4512 1729 4562 ὲν
1751 4507 1828 4580 τῷ

254 4602 448 4672 κόσμῳ
476 4602 816 4674 γνωρίζεται.
851 4601 1002 4656 Μετὰ
1039 4599 1129 4654 σοῦ
1151 4641 1166 4664 ,
1196 4601 1290 4654 καί¹
1323 4602 1467 4671 ἡμᾶς
1495 4599 1829 4664 καταξίωσον

256 4694 547 4764 μετασχεῖν
609 4692 710 4762 τῆς
764 4691 971 4754 τελείας
1027 4708 1118 4744 σου
1179 4690 1437 4762 χάριτος,
1489 4691 1545 4742 ὲν
1611 4687 1828 4760 Χριστῷ

266 4789 441 4859 Ἰησοῦ
492 4787 570 4859 τῷ
618 4789 807 4860 Κυρίῳ
857 4789 1031 4860 ἡμῶν·
1084 4787 1201 4858 μεθ’
1229 4779 1310 4852 οῦ,
1351 4785 1428 4856 τῷ
1463 4786 1637 4858 Πατρὶ
1679 4784 1826 4850 δόξα,

253 4882 372 4951 ἅμα
416 4897 477 4934 τε
527 4879 604 4952 τῷ
641 4882 782 4952 ἁγίῳ
831 4881 1139 4952 Πνεύματιο
1189 4880 1282 4933 νῦν
1322 4879 1416 4932 καὶ
1459 4879 1578 4944 ἀεὶ,
1607 4879 1700 4932 καὶ
1749 4879 1828 4940 εἰς

251 4970 458 5034 αἰῶνας
507 4970 615 5024 τῶν
663 4969 893 5025 αἰώνων.
931 4971 1102 5042 Ἀμήν
1137 4968 1257 5042 [ἀλ.
1289 4961 1332 5038 ᾧ
1373 4972 1406 5040 ἡ
1451 4969 1594 5035 δόξα,
1638 4969 1729 5022 καὶ
1767 4969 1827 5022 τὸ

253 5063 477 5136 κράτος,
510 5065 591 5128 εἰς
622 5064 747 5128 τοὺς
776 5063 975 5128 αἰῶνας
1003 5063 1108 5118 τῶν
1131 5061 1357 5118 αἰώνων.
1397 5060 1615 5134 ’Λμήν].

1932 4514 1986 4568 ἱιι
2027 4523 2122 4568 tuo
2154 4523 2308 4568 utero
2343 4513 2683 4567 nativitatem
2726 4512 2907 4584 magni
2959 4511 3118 4584 Regis
3150 4513 3373 4585 peregit.
3398 4513 3501 4568 Per

1931 4609 2003 4667 te,
2037 4615 2070 4656 ο
2114 4603 2288 4673 gratia
2339 4601 2520 4671 plena,
2557 4600 2796 4657 Trinitas
2830 4611 3016 4657 sancta
3051 4611 3105 4657 et
3141 4604 3503 4660 consubstan-

1929 4694 2074 4748 tialis
2125 4693 2177 4747 in
2231 4696 2436 4749 mundo
2480 4697 2852 4766 cognoscitur.
2901 4693 3134 4758 Tecum,
3179 4704 3235 4750 et
3280 4711 3379 4752 nos
3420 4697 3503 4752 di-

1931 4801 2098 4856 gnare
2132 4787 2422 4856 participes
2455 4787 2663 4842 ellieere
2716 4786 2969 4857 perfectae
3021 4796 3124 4842 tute
3177 4791 3390 4859 gratiae,
3443 4789 3512 4845 in.

1935 4877 2155 4934 Christo
2185 4878 2312 4934 Jesu
2355 4879 2588 4936 Domino
2617 4890 2804 4936 nostro
2834 4901 2848 4936 :
2877 4897 3000 4936 cum
3040 4897 3170 4952 quo,
3201 4880 3348 4937 Patri
3379 4883 3498 4954 glo-

1935 4971 2036 5037 ria,
2063 4971 2334 5042 simulque
2379 4971 2607 5040 Spiritui
2655 4987 2864 5040 sancto,
2891 4979 3036 5029 nunc
3079 4984 3132 5029 et
3168 4988 3404 5045 semper,
3445 4984 3518 5030 et.

1933 5063 1991 5117 in
2022 5064 2214 5119 saecula
2261 5064 2608 5120 saeculorum.
2641 5063 2812 5120 Amen
2858 5064 2956 5138 [aL
3005 5067 3088 5120 cui
3126 5067 3296 5136 gloria
3321 5077 3374 5122 et
3403 5081 3500 5136 po-

1933 5156 2124 5223 tentia,
2152 5157 2206 5212 in
2232 5157 2430 5212 saacula
2452 5156 2794 5212 saeculorum.
2818 5155 3038 5229 Amen].

325 5319 374 5386 εξ
405 5313 548 5369 Psal.
579 5317 827 5386 “H.170.
941 5317 986 5348 ³⁸
1011 5315 1145 5371 Gen.
1175 5333 1313 5378 xvn;
1371 5315 1515 5371 Psal.
1542 5332 1664 5383 CIV;
1720 5317 1880 5373 Rom.
1910 5333 2005 5386 tv;
2050 5317 2167 5374 Act.
2199 5334 2292 5374 vn.
2407 5317 2449 5350 ³⁸
2489 5315 2619 5373 Luc.
2660 5332 2720 5379 ιι,
2752 5313 2804 5366 7.
2917 5315 2960 5346 ³¹
3004 5313 3146 5370 Psal.
3198 5329 3395 5383 tum,
3441 5313 3526 5369 2..

205 5363 210 5368 ’
252 5385 295 5413 τ’
331 5363 951 5444 ιιιιιίιιὶ’ῖίἰ”’ίιίἰόοτ.
981 5363 1208 5454 vn}be
1223 5363 1313 5420 ’ἵε
1336 5363 1570 5456 1.1.21};
1578 5363 1689 5465 εί.-

89 5651 3938 6282 _.___.._I
