3988 6200
456 297 589 356 ΗἹὶ
1089 306 1149 361 S.
1193 307 1522 364 GRECORH
1564 307 1917 364 THAUMAT.
1958 306 2105 363 OPP.
2145 307 2324 363 PARS
2362 305 2657 364 ALTERA.
2691 336 2761 347 —
2793 304 3020 361 DUBIA.
3537 301 3660 356 “~73

1673 615 2198 706 HOMILIA
2275 618 2464 705 ΙΙΙ.

1306 808 1377 869 In
1415 788 1920 868 Annunti’ati-one
1951 810 2183 868 sancte:
2222 805 2508 886 Virginis
2545 804 2779 869 Marias.

447 1086 697 1159 Ejusdem
726 1084 896 1163 sancti
916 1082 1157 1163 Gregorii
1180 1083 1407 1163 episcopi
1436 1082 1828 1163 Neocmsarea!_
1840 1085 1994 1163 ηομ·

2123 1082 2233 1137 Τοῦ
2258 1081 2445 1163 αὐτοῦ
2486 1081 2659 1163 ἀτίσυ
2699 1083 3044 1163 Γρηγορίουη
3071 1083 3665 1163 ἐξισχᾴποιχΝεοκαι-

511 1156 863 1226 muturgiLin
894 1153 1364 1226 Anirnntiationem
1399 1156 1747 1226 sanctissimae
1783 1155 1883 1209 Dei
1916 1155 1994 1210 Ge-

2186 1153 2562 1226 aapelacjoi)
2592 1153 3066 1226 Θαυμστουργοῦ,
3091 1156 3178 1220 εὶς
3208 1154 3314 1207 τὸν
3348 1156 3657 1226 Εξὺατγελι-

514 1220 717 1281 uitrici}
750 1220 983 1295 Virginis
1009 1223 1215 1289 Marica,
1244 1241 1412 1279 sermo
1440 1223 1559 1278 111.

2181 1223 2340 1295 σμόιζ
2384 1220 2493 1289 τῆς
2526 1220 2833 1295 aurai-lac
2879 1220 3163 1278 Θέοτόκου
3205 1220 3527 1293 Παρθένου
3559 1224 3661 1293 τῆς

2179 1292 2428 1360 Μαρίας,
2458 1294 2640 1361 λόγος
2666 1293 2877 1360 τρίτος.

514 1406 724 1461 Rursus
752 1406 893 1460 bona
922 1404 1205 1476 faustaque
1231 1406 1409 1477 gaudii
1455 1406 1643 1460 nuntia
1665 1446 1683 1469 ,
1728 1421 1920 1461 rursus
1947 1405 1994 1459 li-

2180 1403 2347 1458 Πάλιν
2390 1405 2564 1475 χαρᾶς
2609 1404 2931 1474 εὐαγγέλια,
2965 1405 3125 1460 πάλιν
3167 1406 3474 1479 ἐλευθερίας
3503 1407 3663 1479 μηνύ-

439 1498 663 1553 bertatis
690 1497 907 1564 indicia,
932 1514 1125 1553 rursus
1160 1500 1433 1554 revocatio
1456 1537 1471 1563 ,
1520 1513 1719 1552 rursus.
1754 1496 1990 1551 reversio

2116 1511 2259 1565 ματα
2279 1534 2294 1558 ,
2342 1494 2503 1548 πάλιν
2552 1494 2867 1565 ἀνάκλησις,
2896 1495 3056 1551 πάλιν
3089 1496 3363 1561 ἐπάνοδος,
3397 1498 3554 1552 πάλιν
3580 1498 3665 1551 εὐ-

438 1604 629 1644 rursus
649 1587 845 1643 laetititn
867 1589 1178 1655 promissio,
1202 1604 1395 1643 rursus
1414 1603 1444 1641 a
1467 1587 1724 1643 servitute
1745 1585 1989 1641 liberatio

2112 1603 2149 1655 φ
2158 1584 2384 1658 ροσύνης
2400 1586 2717 1654 ἐπαγγελία,
2734 1586 2894 1641 πάλιν
2908 1586 3144 1653 δουλείας
3158 1589 3461 1661 ἀπαλλαγή.
3484 1591 3667 1659 Ἀγγε-

437 1681 676 1753 Angelus
697 1696 820 1735 cum
856 1679 1077 1750 Virgine
1104 1680 1346 1752 loquitur
1373 1699 1386 1734 :
1418 1690 1477 1735 ut
1504 1696 1612 1736 non
1635 1678 1864 1750 amplius
1887 1693 1994 1733 cun

2109 1675 2199 1739 λος
2221 1674 2358 1746 μετὰ
2380 1675 2654 1747 Παρθένου
2671 1674 2836 1729 λαλεῖ·
2856 1676 2943 1730 ἵνα
2981 1678 3177 1748 μηκέτι
3203 1682 3420 1747 γυναικὶ
3435 1681 3665 1752 ὁμιλήσῃ

439 1774 667 1828 muliere
700 1789 925 1844 serpens
954 1773 1227 1839 loquatur.
1265 1773 1442 1827 Mense
1470 1781 1639 1837 sexto,
1666 1771 1863 1843 inquit,
1891 1770 1992 1824 mis

2108 1769 2138 1820 6
2155 1767 2296 1837 ὄφις.
2320 1764 2404 1832 Τῷ
2424 1768 2569 1837 μηνὶ
2590 1766 2670 1833 τῷ
2694 1766 2860 1833 ἕκτῳ,
2884 1770 3066 1840 φησὶν,
3092 1770 3404 1839 ἀπεστάλη
3441 1774 3475 1825 ὁ
3503 1770 3664 1841 ἄγγει

437 1883 526 1921 sns
559 1878 634 1920 est
662 1866 877 1937 angelus
909 1863 1124 1919 Gabriel
1154 1883 1187 1919 a
1218 1865 1327 1920 Deo
1358 1867 1427 1918 ad
1454 1866 1704 1935 virginem
1726 1864 1994 1933 desponsa

2109 1863 2218 1926 λος
2240 1858 2502 1927 Γαϐριὴλ
2527 1858 2644 1914 ὑπὸ
2672 1859 2776 1913 τοῦ
2796 1861 2941 1915 Θεοῦ
2969 1861 3118 1928 πρὸς
3146 1861 3443 1930 παρθένον
3447 1878 3665 1931 μεμνη-

438 1969 548 2011 tam
588 1958 696 2011 viro
721 1957 788 2011 ³⁸.
819 1956 1021 2012 Missus
1045 1966 1129 2012 est
1159 1956 1398 2019 Gabriel,
1429 1970 1488 2010 ιιι
1523 1956 1690 2011 totius
1710 1954 1898 2009 mundi
1924 1969 1994 2008 sa-

2111 1950 2449 2020 στευμένην
2464 1950 2651 2016 ἀνδρί.
2682 1951 2984 2023 Ἀπεστάλη
3008 1952 3263 2025 Γαϐριὴλ,
3285 1954 3385 2026 τὴν
3425 1953 3667 2023 παγκὸσ-

435 2046 600 2101 lutem
620 2048 983 2102 annuntiaret.
1008 2046 1207 2101 Missus
1222 2054 1301 2101 est
1319 2045 1555 2109 Gabriel,
1574 2054 1633 2099 ut
1649 2044 1994 2099 revocationis

2112 2059 2231 2112 μιον
2246 2042 2477 2114 μηνύσαι
2511 2058 2652 2113 σωτη
2660 2042 2798 2114 ρίαν.
2816 2043 3114 2114 Ἀπεστάλη
3132 2043 3388 2114 Γαϐριὴλ,
3401 2044 3578 2115 φέρων
3590 2041 3666 2114 τῷ

439 2136 892 2205 subscriptionem
909 2134 1115 2189 Adamn
1134 2134 1387 2190 deferret.
1410 2133 1610 2190 Missus
1634 2144 1717 2190 est
1740 2135 1806 2189 ad
1843 2136 1994 2204 virgi-

2121 2132 2289 2204 Ἀδὰμ
2313 2132 2633 2205 ὑπογραφὴν
2684 2133 3044 2205 ἀνακλήσεως.
3095 2133 3393 2206 Ἀπεστάλη
3436 2132 3667 2204 Γαϐριὴλ

435 2241 559 2281 nem
585 2226 825 2293 Gabriel,
864 2235 924 2281 ut
959 2226 1208 2281 mulieris
1252 2224 1604 2295 ignominiam
1651 2224 1704 2279 in
1745 2224 1994 2279 bonorerr

2107 2224 2243 2296 πρὸς
2253 2225 2537 2297 παρθένον⁹
2556 2225 2641 2278 ἵνα
2651 2224 2746 2296 τὴν
2756 2226 2975 2296 ἀτιμίαν
2990 2226 3092 2297 τῆς
3106 2224 3410 2298 θήλυοςμσ.
3428 2222 3669 2296 θηλείας]

435 2326 818 2374 commutaret.
864 2317 1063 2375 Missus
1115 2328 1201 2373 est
1247 2315 1502 2380 Gabriel,
1553 2323 1614 2369 ut
1648 2315 1870 2384 dignum
1904 2329 2002 2384 pu-

2107 2319 2187 2380 εἰς
2218 2315 2382 2388 τιμὴν
2430 2316 2729 2390 μεταϐάλῃ.
2771 2316 3070 2388 Ἀπεστάλη
3103 2317 3362 2388 Γαϐριὴλ,
3397 2314 3545 2380 ἄξιον
3585 2315 3671 2368 εύ-

434 2411 657 2466 rissimo
673 2424 873 2479 sponso
890 2409 1184 2464 thalamum
1203 2418 1438 2479 pararet.
1454 2406 1652 2462 Missus
1667 2416 1751 2461 est
1764 2404 1994 2468 Gabriel,

2103 2406 2354 2478 τρεπίσαι
2402 2404 2481 2476 τῷ
2533 2405 2755 2476 καθαρῷ
2808 2406 3022 2478 νυμφίῳ
3070 2407 3159 2461 τὸν
3204 2404 3460 2477 θάλαμον.
3514 2406 3670 2459 Ἀπ-

434 2514 495 2559 ιιι
526 2506 666 2558 inter
699 2513 1001 2559 creaturam
1038 2512 1093 2559 et
1118 2503 1432 2559 Creatorem
1477 2501 1751 2574 sponsalia
1785 2509 2000 2556 contra:

436 2595 607 2650 heret.
634 2593 831 2650 Missus
859 2604 943 2650 est
965 2594 1180 2649 Gabriel
1214 2594 1280 2648 ad
1317 2594 1614 2649 animatum
1651 2580 1811 2663 Regis
1839 2608 2001 2662 ange-

435 2688 610 2742 lorum
651 2688 932 2759 palatium.
977 2686 1178 2742 Missus
1220 2696 1303 2741 est
1345 2687 1562 2741 Gabriel
1601 2687 1664 2741 ad
1706 2686 1997 2757 virginem,

433 2778 817 2848 desponsatam
869 2778 1087 2849 quidem
1127 2777 1363 2848 Ioseph,
1411 2780 1502 2834 sed
1550 2778 1676 2834 Jcsu
1726 2779 1766 2832 F
1773 2779 1863 2833 ilio
1905 2778 1998 2833 Dei

434 2880 723 2925 servatam.
756 2869 957 2925 Missus
982 2879 1068 2925 est
1096 2886 1285 2925 servus
1312 2870 1666 2939 incorporeus
1716 2871 1782 2925 ad
1831 2870 2001 2941 virgi-

435 2978 556 3018 nem
597 2963 911 3018 inviolatam
938 2972 1102 3033 atque
1142 2963 1570 3017 immaculatam.
1614 2961 1813 3018 Missus
1852 2972 1934 3017 est
1969 2978 1999 3016 a

434 3063 653 3122 peccato
680 3052 837 3114 liber,
870 3051 937 3105 ad
971 3068 1092 3106 eam
1126 3068 1247 3121 qua:
1283 3054 1463 3109 omnis
1497 3052 1864 3121 corruptionis
1905 3067 1999 3105 ex-

2105 2496 2271 2568 στάλη
2319 2495 2588 2567 Γαϐριὴλ,
2617 2495 3024 2566 νυμφεύσασθαι
3068 2496 3127 2549 τὸ
3165 2495 3386 2566 πλάσμα
3422 2494 3503 2567 τῷ
3533 2494 3668 2549 πλά-

2105 2607 2276 2644 σαντι.
2340 2590 2639 2661 Ἀπεστάλη
2689 2590 2927 2662 Γαϐριὴλ
2982 2590 3119 2661 πρὸς
3166 2590 3226 2643 τὸ
3272 2588 3516 2659 ἔμψυχον
3574 2588 3665 2641 τοῦ

2101 2679 2374 2744 Βασιλέως
2399 2679 2506 2735 τῶν
2528 2680 2769 2749 ἀγγέλων
2797 2680 3072 2734 παλάτιον.
3110 2679 3408 2750 Ἀπεστάλη
3432 2678 3665 2751 Γαϐριὴλ

2101 2770 2238 2842 πρὸς
2299 2770 2565 2843 παρθένον
2622 2769 3098 2841 μεμνηστευμένην
3152 2768 3249 2839 μὲν
3306 2767 3385 2838 τῷ
3436 2769 3664 2839 Ἰωσὴφ,

2100 2862 2438 2935 τηρουμένην
2470 2860 2525 2914 δὲ
2562 2860 2640 2932 τῷ
2681 2862 2853 2933 Ἰησοῦ
2894 2858 3008 2930 Υἱῷ
3051 2858 3144 2912 τοῦ
3176 2857 3330 2912 Θεοῦ.
3368 2859 3663 2930 Ἀπεστάλη

2100 2953 2284 3018 δοῦλος
2335 2952 2629 3024 ἀσώματος
2669 2955 2806 3025 πρὸς
2850 2952 3124 3024 Παρθένον
3156 2951 3470 3023 ἀμόλυντον.
3511 2953 3666 3005 Ἀπε-

2106 3049 2273 3120 στάλη
2301 3050 2331 3101 6
2358 3036 2631 3120 ἁμαρτίας
2677 3046 2978 3117 ἐλεύθερος,
3012 3045 3147 3117 πρὸς
3188 3044 3286 3116 τὴν
3318 3044 3525 3117 φθορᾶς
3550 3047 3666 3098 ἁνε-

433 3157 555 3210 pers
584 3149 719 3195 erat.
770 3140 969 3195 Missus
996 3151 1078 3195 est
1105 3142 1371 3211 lychnus,
1413 3142 1506 3211 qui
1556 3140 1737 3195 Solem
1776 3141 1994 3209 justitia‘

2103 3142 2370 3196 πίδεκτον.
2428 3140 2730 3211 Ἀπεστάλη
2771 3142 2799 3193 6
2842 3140 3063 3211 λύχνος,
3108 3138 3325 3210 μηνύων
3362 3138 3455 3192 τὸν
3486 3137 3666 3193 Ἥλιον

432 3232 712 3286 indicaret.
746 3229 946 3287 Missus
971 3239 1052 3285 est
1077 3231 1299 3284 diluculi
1323 3232 1500 3295 nitor,
1544 3231 1636 3299 qui
1674 3231 1778 3286 diei
1813 3232 1995 3286 lumen

431 3314 806 3395 praecurreret.
832 3322 1033 3377 Missus
1061 3314 1143 3379 est
1170 3323 1406 3389 Gabriel,
1431 3335 1490 3378 ut
1519 3339 1643 3380 eum
1672 3326 1764 3396 qui
1795 3326 1848 3379 in
1874 3326 1995 3380 sinu

432 3424 516 3469 est
538 3412 735 3476 Patris,
761 3413 921 3469 etiam
955 3414 1009 3467 in
1044 3414 1234 3470 matris
1266 3415 1411 3470 ulnis
1442 3414 1780 3485 prtedicaret.
1800 3416 1997 3472 Missus

434 3512 518 3560 est
544 3503 780 3568 Gabriel,
808 3511 867 3557 ut
891 3519 1012 3558 eum
1045 3506 1136 3575 qui
1181 3505 1235 3559 in
1272 3505 1410 3560 solio
1448 3506 1700 3570 sedebat,
1747 3508 1908 3563 etiam
1943 3507 1996 3561 in

431 3593 686 3662 spelunca
708 3593 889 3662 jacere
930 3596 1258 3651 ostenderet.
1305 3595 1504 3653 Missus
1550 3607 1636 3654 est
1674 3598 1864 3664 miles,
1904 3599 1997 3670 qui

432 3685 613 3755 magni
638 3683 800 3756 Regis
828 3687 1144 3758 mysterium
1196 3688 1558 3758 proclamaret
1590 3709 1603 3744 :
1651 3692 1994 3762 mysterium,

2101 3234 2197 3304 τῆς
2242 3233 2598 3305 δικαιοσύνης.
2662 3233 2965 3303 Ἀπεστάλη
3012 3234 3041 3286 6
3084 3231 3311 3303 ὄρθρος,
3354 3231 3667 3303 προτρέχων

2098 3323 2194 3376 τοῦ
2228 3323 2401 3392 φωτὸς
2443 3324 2542 3395 τῆς
2594 3323 2827 3395 ἡμέρας·
2876 3322 3177 3393 ’Ᾱπεστάλη
3218 3323 3247 3374 6
3282 3321 3544 3392 Γαϐριὴλ,
3573 3339 3669 3391 κη-

2104 3415 2317 3487 ρύσσων
2359 3414 2451 3469 τὸν
2494 3416 2552 3468 ὲν
2598 3414 2815 3479 κόλποις
2857 3413 2951 3468 τοῦ
2986 3414 3246 3485 Πατέρος,
3281 3413 3374 3467 καὶ
3409 3415 3468 3466 ὲν
3497 3413 3665 3481 ἀγκά-

2099 3506 2217 3571 λαις
2248 3507 2347 3578 τῆς
2387 3505 2639 3579 μητέρος.
2692 3506 2994 3575 Ἀπεστάλη
3037 3506 3296 3579 Γαϐριὴλ,
3321 3506 3535 3571 δεικνὺς
3577 3506 3669 3559 τὸν

2100 3596 2159 3649 ὲν
2202 3594 2378 3668 θρόνῳ
2423 3597 2517 3648 καὶ⁵
2556 3596 2613 3649 ἐν
2654 3595 2919 3669 σπηλαίῳ.
2978 3596 3274 3669 Ἀπεστάλη
3308 3597 3665 3669 στρατιώτης,

2101 3686 2237 3758 βοῶν
2280 3687 2340 3740 τὸ
2373 3685 2464 3740 τοῦ
2507 3687 2740 3758 μεγάλου
2784 3686 3046 3758 βασιλέως
3085 3689 3413 3760 μυστήριον·
3465 3690 3673 3760 μυστή-

432 3777 676 3845 inquam,
704 3776 845 3847 quod
880 3777 984 3833 ﬁde
1003 3780 1384 3849 cognoscitur,
1425 3790 1480 3836 et
1519 3782 1838 3840 curiositate
1887 3800 1994 3840 non

2106 3796 2252 3852 ριον,
2283 3782 2461 3851 φημὶ,
2493 3780 2554 3833 τὸ
2598 3781 2775 3834 πίστει
2827 3781 3254 3853 γνωριζόμενον,
3286 3780 3387 3835 οὐκ
3433 3780 3670 3852 ἐρευνώ-

432 3868 750 3939 indagatur;
785 3872 1101 3942 mysterium
1135 3873 1279 3942 quod
1331 3873 1621 3941 aduratur,
1663 3886 1713 3930 et
1760 3877 1994 3934 humano

2108 3888 2267 3943 μενον
2312 3874 2377 3943 τῇ
2428 3869 2941 3943 πολυπραγμοσύνῃ·
2997 3871 3290 3941 μυστήριον
3334 3869 3672 3938 προσκυνού-

432 3960 652 4030 ingenio
687 3975 797 4015 non
825 3963 1185 4031 ponderatur;
1218 3965 1529 4034 mysterium
1555 3967 1698 4036 quod
1722 3967 1919 4023 divinis
1946 3979 1994 4024 et

2107 3980 2284 4035 μενον,
2334 3965 2396 4016 ού
2439 3962 2953 4032 ζυγοστατούμενον,
2989 3963 3283 4033 μυστήριον
3314 3961 3672 4032 θεολογούμε-

432 4066 542 4105 non
598 4052 855 4108 humanis
908 4054 1213 4110 rationibus
1249 4057 1590 4127 expenditur.
1634 4057 1811 4112 Mense
1851 4069 1997 4113 sexto

434 4144 628 4198 missus
678 4154 753 4198 est
788 4143 1003 4200 Gabriel
1032 4148 1102 4199 ad
1135 4148 1402 4219 virginem.
1432 4149 1534 4202 Sed
1559 4163 1719 4218 quem
1745 4149 1833 4203 hic
1875 4166 1997 4205 sex-

432 4242 549 4286 tum
586 4250 822 4288 mensem
849 4235 1013 4290 dicit?
1058 4235 1402 4301 Quemnam?
1432 4236 1585 4291 Illum
1614 4239 1895 4305 nimirum,
1930 4256 1993 4295 ex

432 4338 543 4391 quo
568 4322 745 4376 laetum
771 4324 897 4379 illud
922 4324 1197 4381 Elisabeth
1221 4328 1428 4398 accepit
1460 4327 1711 4383 nuntium
1744 4348 1755 4385 :
1786 4346 1851 4384 ex
1880 4346 1991 4400 quo

430 4411 695 4469 Joannem
747 4419 1010 4487 concepit.
1065 4416 1132 4472 Et
1181 4419 1324 4475 unde
1372 4420 1475 4476 hoc
1523 4420 1743 4491 planum
1793 4422 1889 4476 ﬁt?
1931 4422 1986 4478 Id

433 4505 663 4576 ipsemet
690 4506 1078 4575 interpretatur
1106 4508 1209 4581 fat.
1247 4511 1662 4584 interpretetur]
1700 4515 1991 4586 archange-

429 4593 538 4658 lus,
565 4596 630 4649 ad
679 4595 951 4667 Virginem
1007 4600 1228 4656 dicens:
1264 4601 1416 4669 Ecce,
1464 4604 1671 4675 inquit,
1722 4604 1994 4660 Elisabeth

429 4696 653 4755 cognata
688 4696 778 4740 tua
808 4698 856 4741 et
886 4690 998 4757 ipsa
1025 4694 1259 4761 concepit
1285 4695 1457 4763 [ilium
1484 4697 1538 4748 in
1585 4706 1845 4752 senectute
1874 4715 1991 4755 sua.

431 4775 504 4832 Et
531 4779 619 4831 hic
636 4780 828 4834 mensis
856 4791 931 4834 est
957 4792 1137 4843 sextus
1165 4784 1270 4851 illi,
1304 4802 1422 4856 quae
1447 4797 1660 4841 vocatur
1695 4789 1890 4843 sterilis
1926 4790 1991 4845 ³⁷.

431 4868 617 4925 Mense
647 4880 832 4938 sexto,
869 4873 1076 4928 scilicet
1100 4877 1474 4946 conceptionis
1502 4877 1748 4936 Joannis.
1786 4880 1996 4936 Conve-

432 4962 615 5016 niebat
646 4963 788 5017 enim
819 4972 878 5018 ut
903 4965 1058 5021 miles
1089 4967 1431 5037 prtecederet.
1477 4967 1771 5040 Oportebat
1808 4980 1870 5027 ut
1907 4989 1995 5027 sa-

433 5051 586 5107 telles
612 5062 989 5122 anteverteret,
1022 5056 1249 5112 decebat
1278 5067 1336 5112 ut
1369 5061 1594 5117 nuntius
1618 5074 1992 5132 prtecurreret,

2102 4071 2210 4120 νον,
2238 4055 2298 4109 ού
2328 4054 2703 4125 μετρούμενον.
2738 4052 2821 4118 Τῷ
2842 4055 2987 4122 μηνὶ
3023 4052 3101 4119 τῷ
3136 4053 3302 4122 ἕκτῳ,
3348 4053 3669 4120 ἀπεστάλη

2103 4144 2367 4214 Γαϐριὴλ
2392 4145 2541 4214 πρὸς
2568 4144 2885 4212 παρθένον.
2918 4146 3071 4199 Ποῖον
3095 4144 3239 4215 μῆνα
3257 4144 3443 4211 ἒκτον;
3472 4145 3667 4210 Ποῖονς

2114 4239 2230 4308 Ἀφ’
2262 4230 2324 4290 οὗ
2368 4236 2581 4302 ἐδέξατο
2616 4235 2893 4290 Ἐλισάϐετ
2933 4235 3000 4289 τὰ
3027 4235 3338 4305 εὐαγγέλια·
3366 4236 3459 4305 ἀφ’
3483 4230 3544 4288 οὗ
3576 4235 3670 4289 τὸν

2115 4330 2365 4400 Ἰωάννην
2398 4328 2673 4383 συνέλαϐε.
2702 4329 2813 4382 Καὶ
2840 4326 3000 4380 πόθεν
3030 4327 3208 4391 τοῦτο,
3241 4326 3424 4397 δῆλον;
3463 4328 3671 4398 Ἑρμη-

2102 4421 2312 4475 νεύεται
2501 4417 2868 4492 ἐρμηνευέτω]
2914 4419 2943 4470 6
2985 4417 3146 4481 αὐτὸς
3169 4417 3543 4490 -ἀρχάγγελος,
3588 4418 3670 4470 λέ-

2100 4532 2208 4584 γων
2236 4513 2369 4586 πρὸς
2392 4513 2490 4584 τὴν
2521 4511 2810 4584 Παρθένον·
2850 4508 3017 4575 Ἰδοὺ,
3056 4508 3237 4580 φησὶν,
3291 4508 3597 4562 Ἐλισάϐετ
3627 4510 3667 4574 ἠ

2099 4604 2401 4676 συγγενής
2450 4620 2587 4665 σου,
2634 4602 2729 4656 καὶ
2783 4601 2934 4669 αὐτὴ
2978 4601 3377 4671 συνειληφυῒα
3421 4603 3555 4656 υἱὸν
3596 4602 3669 4655 ἐν

2097 4694 2261 4766 γήρει
2287 4694 2495 4765 αὐτῆς.
2525 4694 2632 4749 Καὶ
2673 4688 2849 4759 οὗτος
2881 4692 3006 4761 μὴν
3029 4692 3199 4759 ἕκτος
3256 4692 3431 4766 αὐτῇ,
3456 4693 3532 4762 τῇ
3558 4711 3666 4747 κα-

2096 4787 2361 4857 λουμένῃ
2407 4787 2631 4854 στείρᾳ.
2662 4784 2752 4855 Τῷ
2791 4784 2918 4856 μηνὶ
2969 4784 3045 4856 τῷ
3097 4785 3258 4856 ἕκτῳ,
3314 4786 3497 4839 λοιπὸν
3545 4782 3660 4849 οὖν,

2095 4878 2254 4942 ἕκτος
2288 4880 2393 4951 μὴν
2426 4877 2735 4949 συλλήψεως
2774 4876 3036 4931 Ἰωάννου.
3094 4878 3240 4930 Ἔδει
3274 4877 3383 4948 γὰρ
3428 4877 3665 4950 προφθᾶ-

2101 4986 2190 5022 σαι
2220 4969 2312 5022 τὸν
2343 4967 2694 5040 στρατιώτην.
2728 4967 2875 5020 Ἔδει
2902 4967 3190 5040 προλαϐεῖν
3226 4967 3317 5021 τὸν
3342 4968 3657 5040 δορυφόρον⁸

2096 5060 2199 5113 ἔδει
2252 5060 2701 5133 προοδοιπορῆσαι
2749 5060 2840 5115 τὸν
2892 5062 3132 5134 μηνυτὴν
3184 5061 3284 5132 τῆς
3330 5061 3661 5130 Δεσπποτικῆς

432 5144 525 5211 qui
560 5142 775 5198 Domini
810 5148 1098 5202 adventum
1130 5148 1415 5205 indicaret.
1442 5150 1619 5207 Mense
1652 5163 1820 5220 sexto,
1869 5156 1993 5207 mis-

2101 5151 2416 5223 παρουσίας.
2482 5152 2567 5218 Τῷ
2611 5154 2758 5222 μηνὶ
2807 5154 2975 5221 ἕκτῳ,
3045 5152 3354 5221 ἀπεστάλη
3408 5153 3661 5223 ἅγγελος

431 5250 523 5285 sus
567 5246 643 5287 est
694 5236 909 5305 angelus
960 5236 1174 5294 Gabriel
1207 5241 1276 5294 ad
1326 5242 1576 5312 virginem
1625 5244 1991 5313 desponsatam

430 5323 586 5375 viro:
637 5324 1056 5394 desponsatam,
1117 5330 1377 5399 inquam,
1435 5346 1543 5387 non
1595 5335 1989 5403 coniunctam;

432 5413 812 5484 desponsatam
839 5419 1055 5487 quidem
1080 5460 1093 5485 ,
1124 5422 1216 5476 sed
1268 5431 1559 5477 servatam.
1604 5423 1714 5477 Cur
1758 5423 1989 5494 despon—

433 5513 604 5559 satam
628 5508 651 5561 't
680 5524 747 5563 ne
767 5510 928 5566 citius
948 5511 1089 5567 latro
1113 5514 1426 5586 mysterium
1452 5526 1818 5586 cognosceret.
1838 5515 1989 5582 Quod

434 5596 638 5651 etenim
676 5614 770 5666 per
804 5603 1069 5671 virginem
1120 5603 1232 5659 Rex
1274 5614 1535 5662 venturus
1573 5617 1751 5679 esset,
1791 5609 1992 5679 impro-

506 5714 552 5748 "
575 5713 710 5771 Luc.
748 5733 787 5784 ι,
815 5718 908 5786 ‘26,
936 5720 1025 5774 27.
1108 5723 1149 5756 ³⁷
1168 5722 1302 5780 Ibid.
1331 5723 1419 5783 56.

2103 5245 2365 5311 Γαϐριὴλ
2392 5244 2542 5312 πρὸς
2581 5245 2880 5313 παρθένον
2905 5246 3440 5316 μεμνηστευμένην
3464 5244 3653 5311 ἀνδρί·

2104 5333 2601 5413 μεμνηστευμένην,
2643 5336 2702 5388 ού
2749 5335 3111 5407 συνημμένην’
3155 5334 3652 5408 μεμνηστευμένην,

2099 5425 2235 5480 ἀλλὰ
2273 5425 2628 5498 τηρουμένην.
2671 5427 2768 5481 Διὰ
2820 5427 2871 5479 τί
2922 5427 3428 5498 μεμνηστευμένην;
3461 5427 3547 5479 ἴνα
3579 5423 3648 5494 μὴ
3720 5428 3731 5441 ’

2099 5515 2280 5587 τάχιον
2313 5502 2457 5588 μάθῃ
2494 5518 2525 5570 6
2555 5502 2755 5590 λῃστὴς
2786 5516 2847 5570 τὸ
2894 5517 3202 5589 μυστήριον.
3237 5500 3369 5570 Ὅτι
3405 5515 3504 5587 μὶν
3547 5511 3647 5583 γὰρ

2097 5611 2185 5667 διὰ
2213 5609 2489 5682 Παρθένου
2538 5609 2657 5682 ἥξει
2700 5613 2728 5665 6
2765 5610 3041 5674 Βασιλεὺς,
3070 5608 3184 5681 ᾔδει.
3205 5612 3233 5664 ὁ
3254 5606 3506 5677 πονηρός·
3542 5601 3644 5659 τῶν
