3938 6282
435 292 453 349 '.
476 287 575 349 575

1073 286 1131 342 Β.
1172 286 1501 345 GREGORII
1540 284 1902 344 THAUMA'I‘.
1947 284 2097 342 OPP.
2150 283 2330 340 PARS
2366 282 2665 339 ALTERA.
2704 315 2777 326 -—-
2811 282 3039 340 DUBIA.

3531 275 3659 333 “76

431 427 549 482 quae
587 408 866 467 dicuntur.
894 409 1068 476 Quem
1097 407 1450 466 reformidant
1489 410 1767 466 cherubim
1788 448 1804 475 ,
1841 425 2001 480 quem

2105 408 2310 480 ἐλεήσω
2342 406 2486 461 Εὕαν
2518 408 2616 480 τὴν
2652 405 3065 478 κεκακωμένην.
3110 404 3381 457 Ἤκουσεν
3408 402 3435 456 5
3464 400 3668 474 ἀρχάγ-

427 503 698 574 seraphim
746 502 945 557 intueri
974 510 1284 572 nequeunt,
1323 518 1485 573 quem
1533 515 1743 559 cunctae
1774 503 2003 558 virtutes

425 594 681 650 caelestes
725 590 833 665 lat.
885 591 1179 665 angelicas]
1222 594 1679 665 comprehendere
1726 595 2001 651 intellectu

427 702 538 741 non
568 686 770 748 valent,
806 687 853 740 is
882 699 1043 740 suum
1084 686 1353 755 promittit
1383 687 1574 756 puellae
1604 702 1956 757 congressum
1983 728 1999 753 ,

427 794 651 849 suaeque
700 777 873 848 ipsius
925 793 1174 848 persona:
1218 779 1483 836 adventus
1528 780 1846 849 denuntiat;
1892 782 2003 837 imo

425 888 557 927 vero
582 873 889 941 ingressum
919 886 1016 941 per
1036 872 1278 926 auditum
1307 873 1607 942 pollicetur;
1639 882 1693 929 et
1717 875 1810 945 qui
1836 874 2001 931 Evam

427 964 831 1029 condemnavit,
883 965 1002 1034 ejus
1031 963 1194 1019 tiliam
1229 973 1507 1036 tantopere
1535 965 1836 1037 gloriﬁcare
1873 983 2004 1022 con-

427 1057 637 1112 tendit?
687 1056 778 1112 Ait
824 1057 971 1111 enim
1010 1074 1024 1110 :
1056 1054 1217 1112 Paret
1257 1058 1392 1111 mihi
1421 1057 1641 1114 auditus
1670 1058 1999 1129 ingressum.

430 1147 536 1202 Sed
565 1146 813 1217 nunquid
856 1146 1054 1216 poterit
1090 1146 1316 1218 virginis
1354 1157 1543 1204 uterus
1584 1148 1738 1203 illum
1771 1165 2001 1217 capere,

425 1239 522 1308 qui
551 1238 934 1308 comprehendi
960 1238 1182 1307 nequit?
1213 1238 1527 1311 Mysterium
1558 1231 1740 1295 revera
1770 1250 2006 1298 tremen-

426 1332 556 1384 dum
600 1343 666 1383 ae
702 1329 1070 1384 venerandum
1096 1340 1178 1385 est
1213 1330 1379 1386 istud.
1437 1329 1588 1385 Talia
1621 1331 1749 1387 dum
1781 1332 2006 1402 angelus

429 1437 617 1477 secum
656 1422 949 1492 cogitaret,
993 1422 1133 1477 dixit
1180 1422 1445 1477 Dominus
1491 1423 1557 1478 ad
1600 1423 1823 1493 ipsum:
1863 1424 2006 1490 Quid

428 1515 668 1570 turbaris
702 1515 940 1570 novitate
968 1516 1069 1580 rei,
1102 1530 1137 1571 o
1163 1514 1417 1571 Gabriel?
1457 1513 1653 1571 Nonne
1676 1525 1836 1571 antea
1874 1518 2009 1573 mis-

428 1622 525 1662 sus
567 1622 599 1661 a
634 1621 723 1661 me
753 1621 815 1661 es
856 1606 924 1662 ad
959 1605 1280 1663 Zachariam
1317 1608 1651 1664 sacerdotem
1692 1607 1775 1662 ιιι
1818 1609 2008 1665 Nonne

428 1700 534 1770 ipsi
584 1701 765 1755 laetum
818 1700 1120 1757 nativitatis
1163 1699 1392 1757 Joannis
1438 1701 1666 1757 attulisti
1715 1703 2008 1758 nuntium?

427 1791 618 1847 Nonne
650 1792 929 1849 inci-edule
958 1792 1228 1849 sacerdoti
1262 1794 1645 1850 taciturnitatis
1674 1809 1891 1866 pmnam
1916 1796 2003 1850 in-
2039 1776 2081 1831 Β

428 1884 636 1939 tulisti?
660 1882 851 1940 Nonne
891 1900 1077 1939 senem
1123 1884 1353 1956 loquelae
1388 1886 1689 1956 privatione
1724 1887 2004 1943 multasti?

429 1973 619 2031 Nonne
648 1992 769 2045 qua:
800 1986 857 2031 tu
884 1978 1188 2043 asseruisti,
1228 1993 1329 2050 ego
1360 1980 1676 2035 conﬁrmavi
1714 1989 1769 2035 et
1805 1996 2002 2051 appro-

425 2068 588 2123 bavi?
635 2068 826 2125 Nonne
853 2079 1000 2126 tuam
1039 2072 1507 2127 annuntiationem
1544 2088 1634 2127 res
1665 2073 1779 2143 ipsa
1809 2073 2002 2129 subse-

427 2172 552 2218 cuta
592 2164 722 2219 est?
758 2162 950 2219 Nonne
993 2166 1194 2221 sterilis
1242 2166 1530 2236 concepit?
1580 2164 1771 2221 Nonne
1814 2174 2003 2223 uterus

427 2255 702 2311 obedivit?
733 2254 921 2312 Nonne
946 2258 1247 2314 sterilitatis
1273 2257 1496 2314 morbus
1531 2259 1785 2316 recessit?
1817 2258 2005 2316 Nonne

427 2358 636 2404 natura:
681 2350 889 2418 inertia
941 2350 1119 2422 fugit?
1165 2349 1356 2408 Nonne
1419 2368 1565 2408 nunc
1618 2352 2000 2415 fecunditatem

426 2442 690 2506 ostendit,
714 2458 836 2512 qua
862 2443 1015 2513 prius
1052 2452 1266 2499 uterum
1311 2459 1419 2499 non
1456 2445 1716 2516 gerebat?
1748 2445 2002 2518 Nunquid

428 2534 763 2604 impossibile
815 2535 957 2605 apud
1009 2550 1096 2590 me
1137 2545 1458 2591 cunctorum
1502 2547 1801 2592 creatorem
1831 2580 1847 2604 ,
1900 2540 2005 2595 erit

428 2640 591 2680 omne
621 2626 883 2681 verbum?
907 2625 1193 2693 Quomodo
1222 2644 1351 2696 ergo
1390 2629 1644 2686 dubitas?
1671 2629 1810 2697 Quid
1842 2631 2003 2702 igitur

426 2717 669 2773 vicissim
696 2718 764 2773 ad
802 2718 916 2774 haec
942 2720 1206 2790 angelus?
1237 2719 1487 2786 Naturae,
1518 2723 1725 2794 inquit,
1754 2738 1999 2789 errores,

428 2825 462 2864 ο
495 2809 744 2885 Domine,
774 2812 1080 2883 corrigere;
1122 2814 1440 2869 morborum
1481 2825 1861 2888 tempestatum
1892 2819 2006 2875 dis-

429 2904 658 2969 solvere,
688 2906 929 2959 membra
958 2915 1208 2962 emortua
1237 2907 1304 2963 ad
1331 2908 1547 2963 vitalem
1573 2911 1683 2965 vim
1711 2926 1999 2976 revocare;

429 3004 667 3063 naturae,
698 3007 760 3051 ut
796 2998 994 3054 liberos
1023 2999 1235 3069 gignat,
1279 3001 1605 3071 praecipere;
1640 3003 1710 3058 ab
1740 3004 1994 3059 extermi-

428 3088 572 3142 natis
604 3089 865 3144 membris
910 3090 1245 3146 sterilitatem
1292 3093 1585 3162 repellere;
1631 3106 1999 3152 senescentem

428 3181 685 3251 stipulam
717 3182 784 3236 ad
815 3182 1038 3237 viridem
1079 3182 1312 3239 formam
1351 3186 1642 3253 reducere;
1674 3197 1872 3245 terram
1920 3193 2003 3247 in-

428 3273 716 3347 fecundam
765 3284 989 3345 repente
1032 3278 1436 3347 manipulorum
1478 3288 1707 3335 matrem
1753 3282 2001 3352 edicere;

428 3381 566 3435 Opus
611 3374 695 3422 est
739 3367 886 3436 quod
937 3376 1028 3423 tua
1070 3368 1270 3424 virtute
1318 3380 1481 3441 atque
1539 3374 1780 3442 potentia
1817 3376 2003 3445 perﬁci

429 3459 583 3514 solet.
609 3457 895 3530 Testisque
918 3470 1000 3516 est
1026 3458 1180 3527 Sara,
1208 3472 1265 3521 et
1283 3477 1408 3517 cum
1436 3463 1538 3519 hac
1564 3462 1662 3536 [αι.
1691 3474 1814 3536 post
1841 3467 2003 3541 hanc]

430 3551 672 3607 Rebecca
702 3551 765 3617 ⁸⁵,
797 3569 1098 3624 rursusque
1121 3560 1278 3614 Anna
1312 3574 1327 3611 :
1356 3572 1479 3627 qua:
1504 3557 1633 3613 dum
1664 3559 1814 3625 gravi
1844 3569 2005 3632 atque

428 3643 657 3699 molesto
686 3643 989 3699 sterilitatis
1031 3646 1223 3701 morbo
1274 3646 1617 3713 laborarent,
1654 3659 1842 3717 postea
1877 3666 1908 3705 a
1952 3660 2006 3706 te

431 3735 672 3791 liberata:
703 3745 849 3791 sunt.
891 3737 1180 3805 Caeterum,
1212 3738 1475 3809 virginem
1511 3740 1718 3810 absque
1748 3742 1851 3798 viri
1874 3756 2006 3798 eon-

430 3840 619 3896 gressu
645 3841 856 3897 parere,
884 3838 1110 3883 cunctas
1144 3838 1357 3884 naturae
1386 3816 1530 3901 leges
1559 3841 1808 3903 superat;
1842 3844 2006 3905 atque

428 3916 567 3972 adeo
616 3925 771 3972 tuum
817 3917 887 3972 ad
920 3917 1155 3987 puellam
1194 3919 1470 3990 polliceris
1502 3922 1832 3979 adventum?
1867 3924 2004 3980 ϐωιί

428 4017 693 4079 terraeque
736 4024 843 4064 non
875 4018 928 4065 te
957 4009 1092 4067 lines
1130 4012 1387 4082 capiunt;
1425 4016 1700 4085 quomodo
1744 4016 1907 4089 igitur
1952 4025 2005 4074 te

426 4101 710 4172 virginalis
735 4110 927 4158 uterus
957 4103 1172 4174 capiet?
1207 4104 1309 4159 Cui
1349 4104 1612 4164 Dominus
1648 4127 1662 4163 ;
1694 4107 2001 4175 Quomodo,

429 4191 643 4262 inquit,
689 4192 922 4248 Abrahae
970 4193 1377 4250 tabernaculum
1423 4212 1511 4252 me
1554 4212 1747 4265 capere
1790 4200 2006 4269 potuit?

429 4282 498 4338 Et
533 4285 758 4355 angelus
790 4303 805 4340 :
839 4285 1139 4352 Quoniam,
1176 4286 1390 4357 inquit,
1422 4288 1809 4357 hospitalitatis
1838 4292 2001 4346 habe-

428 4374 523 4427 bat
566 4376 821 4446 pelagus;
864 4374 1115 4444 illicque,
1167 4390 1201 4431 ο
1245 4374 1507 4444 Domine,
1557 4387 1608 4434 te
1644 4380 2000 4451 conspicuum

2106 499 2261 570 γελος
2294 500 2489 564 ταῦτα,
2522 500 2615 553 καὶ
2640 498 2765 553 καθ’
2796 496 3009 560 ἐαυτὸν,
3060 494 3136 560 ὡς
3183 493 3353 557 εἰκὸς,
3378 491 3666 562 ἐλογίζετο·

2103 597 2265 652 Ξένον
2308 596 2370 650 τὸ
2420 596 2650 667 πρᾶγμα
2704 591 2881 647 τοῦτο·
2953 588 3281 661 ὑπερϐαἶνον
3340 586 3570 653 ἔννοιαν,
3612 584 3670 639 1:6

2104 688 2452 760 λαλούμενον.
2499 688 2557 741 Ὀ
2588 689 2702 749 τοῖς
2735 683 2998 757 χερουᾶμ
3046 681 3296 754 φοϐερὸς.
3315 682 3343 734 6
3368 682 3486 743 τοῖς
3515 695 3672 751 σερα-

2106 781 2212 852 φὶμ
2233 780 2562 853 ἀθεώρητος,
2611 779 2642 832 6
2698 779 2899 841 πάσαις
2949 779 3069 841 ταῖς
3118 771 3554 846 οὐρανίαις
3580 772 3674 841 ἁγ-

2103 872 2369 946 γελικαῖς]
2405 873 2696 945 δυνάμεσιν
2749 869 3137 941 ἁκατανόητος,
3173 866 3343 939 ίδικὴν
3391 863 3676 934 συντυχίαν

2105 966 2500 1036 ἐπαγγέλλεται
2547 965 2702 1038 κόρῃ·
2755 964 3177 1035 αὐτοπρόσωπον
3240 960 3546 1031 παρουσίαν
3578 976 3676 1030 μη-

2107 1058 2246 1124 νύει,
2280 1058 2477 1130 μᾶλλον
2498 1058 2552 1111 δὲ
2583 1056 2788 1111 εἴσοδον
2824 1056 2893 1110 δι’
2924 1057 3093 1129 ἀκοῆς
3138 1057 3497 1127 ὑπισχνεῖται·
3528 1056 3622 1108 καὶ
3647 1056 3676 1108 6

2108 1152 2208 1225 τὴν
2240 1150 2383 1205 Εὐαν
2412 1150 2799 1213 καταδικάσας,
2830 1149 2930 1220 τὴν
2956 1149 3125 1221 αὐτῆς
3170 1148 3445 1219 θυγατέρα
3488 1145 3675 1209 τοσοῦ-

2104 1262 2195 1299 τον
2227 1242 2469 1312 δοξάζειν
2519 1243 2823 1312 ἐπείγεται;
2869 1242 3033 1312 Λέγει
3080 1242 3209 1315 γάρ.
3266 1240 3673 1312 ἑτοιμάσαι-μοὶ

2106 1337 2205 1409 τῆς
2236 1336 2405 1406 ἀκοῆς
2438 1335 2537 1400 τὰς
2572 1335 2830 1399 εἰσόδους.
2875 1334 3036 1388 Ἀλλά
3089 1335 3162 1406 μὴ
3210 1333 3433 1388 δύναται
3463 1332 3672 1404 γαστὴρ

2106 1432 2302 1501 χωρεῖν
2323 1428 2414 1482 τὸν
2446 1425 2763 1499 ἁχώρητον;
2797 1429 3004 1492 Ὄντως
3045 1427 3203 1481 τοῦτο
3230 1426 3460 1499 φοϐερὸν
3486 1426 3548 1479 τὸ
3578 1444 3673 1497 μυ-

2108 1527 2347 1592 στήριον.
2416 1519 2650 1573 Τοιαῦτα
2707 1519 2802 1573 τοῦ
2864 1520 3096 1589 ἀγγέλου
3161 1519 3598 1590 ἐνθυμουμένου,
3646 1521 3674 1571 6

2108 1611 2381 1681 Δεσπότης
2405 1612 2570 1682 φησιν
2606 1611 2742 1682 πρὸς
2797 1611 2977 1665 αὐτόν·
3038 1610 3103 1664 Τί
3139 1610 3402 1683 ταράττῃ,
3453 1607 3547 1662 καὶ
3599 1608 3676 1673 ξε-

2108 1701 2253 1775 νίζῃ,
2279 1696 2324 1755 ὧ
2355 1701 2629 1776 Γαϐριήλ;
2677 1703 2751 1756 Οὐ
2775 1701 2964 1775 πρώην
3016 1703 3142 1775 παρ’
3167 1700 3302 1772 ἐμοῦ
3346 1700 3676 1771 ἀπεστάλης,

2112 1795 2544 1867 πρὸςῖαχαρίαν
2569 1795 2658 1850 τὸν
2686 1795 2837 1867 ἱερέα
2857 1812 2872 1861 ;
2896 1796 2972 1849 Οὐ
2996 1795 3230 1857 δέδωκας
3256 1793 3404 1865 αὐτῷ
3436 1793 3537 1864 τῆς
3560 1810 3680 1862 γεν-

2110 1889 2319 1959 νήσεως
2362 1888 2606 1943 Ἰωάννου
2634 1888 2703 1942 τὰ
2738 1888 3063 1957 εὐαγγέλια;
3102 1888 3215 1942 Οὐκ
3260 1887 3577 1942 ἀπιστοῦντι
3604 1887 3682 1958 τῷ

2112 1983 2264 2054 ίερεῖ,
2295 1981 2358 2035 τὸ
2414 1981 2513 2052 τῆς
2561 1981 2773 2051 σιωπῆς
2822 1982 3168 2053 προσήγαγες
3218 1981 3556 2053 πρόστιμον;
3605 1982 3679 2034 Οὐ

2110 2074 2471 2137 κατεδίκασας
2500 2073 2588 2126 τὸν
2645 2070 2955 2143 πρεσϐύτην
3008 2075 3077 2144 τῇ
3131 2073 3384 2145 άφωνίᾳ;
3449 2074 3585 2143 Οὐχὶ
3615 2074 3679 2127 σύ

2109 2167 2393 2239 ἀπεφήνω,
2457 2165 2568 2235 ἐγὼ
2608 2165 2664 2219 δὲ
2716 2165 3001 2237 ἐκύρωσα;
3035 2167 3110 2219 Οὐ
3157 2166 3235 2238 τῷ
3296 2167 3682 2239 εὐαγγελισμῷ

2111 2276 2225 2324 σου,
2246 2260 2308 2313 τὸ
2328 2260 2485 2331 ἔργον
2511 2258 2945 2332 ἐπηκολούθησεν
2969 2276 2983 2325 ;
3003 2259 3078 2313 Οὐ
3104 2259 3390 2315 συνέλαϐεν
3416 2263 3450 2332 ἡ
3472 2264 3681 2333 στεῖρας

2109 2352 2224 2407 Οὐκ
2284 2352 2591 2424 ὑπήκουσεν
2638 2354 2672 2423 ή
2735 2353 2952 2424 μήτρας
3017 2352 3131 2405 Οὐκ
3175 2351 3522 2423 ἀνεχώρησεν
3581 2352 3682 2423 τῆς

2108 2446 2385 2517 ἀκαρπίας
2435 2448 2469 2516 ή
2526 2445 2715 2510 νόσος;
2767 2445 2881 2498 Οὐκ
2913 2443 3110 2514 ἔφυγεν
3160 2446 3195 2516 ή
3230 2445 3398 2517 ἀργία
3450 2445 3550 2516 τῆς
3584 2444 3685 2514 φύ-

2110 2555 2247 2603 σεως
2271 2554 2285 2603 ;
2314 2539 2389 2593 Οὐ
2419 2537 2512 2592 νῦν
2540 2540 2687 2592 ἐστιν
2743 2538 3205 2611 σταχυοφοροῦσα,
3234 2541 3267 2612 ή
3302 2540 3569 2613 πρότερον
3619 2541 3679 2593 οὐ

2110 2630 2483 2704 κυοφοροῦσα;
2535 2631 2628 2703 Μὴ
2654 2631 2915 2685 ἀδύνατον
2974 2631 3102 2703 παρ’
3126 2632 3249 2702 ἐμοὶ
3280 2629 3357 2701 τῷ
3410 2631 3679 2696 κτίσαντι,

2109 2724 2217 2778 πᾶν
2268 2723 2451 2795 ρῆμα;
2488 2724 2611 2788 Πῶς
2659 2719 2752 2778 οὖν
2802 2723 3103 2796 ἀμφιϐολίᾳ
3159 2722 3559 2795 περιεϐλήθηςς
3616 2721 3682 2775 Τί

2106 2810 2199 2868 οὖν
2229 2814 2388 2869 πάλιν
2412 2814 2442 2866 6
2473 2815 2735 2884 ἄγγελος;
2779 2816 3044 2878 Δέσποτα,
3102 2816 3184 2882 τὸ,
3247 2814 3585 2887 θεραπεῦσαι
3612 2813 3682 2869 τὰ

2106 2909 2204 2980 τῆς
2231 2908 2445 2979 φύσεως
2476 2909 2782 2981 σφάλματα·
2818 2910 2898 2978 τὸ,
2933 2909 3185 2965 διαλῦσαι
3216 2911 3322 2964 τῶν
3373 2908 3564 2965 παθῶν
3589 2908 3681 2962 τὸν

2107 3001 2371 3073 χειμῶνα·
2407 3002 2487 3067 τὸ,
2511 3002 2849 3075 νεκρωθέντα
2881 3003 3016 3075 μέλη
3042 3004 3178 3075 πρὸς
3209 3003 3444 3073 ζωτικὴν
3474 3004 3682 3057 ἀνακα-

2107 3092 2366 3148 λέσασθαι
2396 3094 2643 3167 δύναμινο
2674 3098 2755 3161 τὸ,
2779 3097 3028 3163 ἐπιτάξαι
3060 3100 3126 3169 τῇ
3154 3096 3311 3167 φύσει
3334 3096 3680 3159 παιδοποιίας

2106 3186 2403 3256 ἐνέργειαν,
2446 3187 2527 3252 τὸ,
2589 3188 2750 3243 λῦσαι
2797 3190 3098 3262 στείρωσιν,
3146 3191 3203 3244 ὲν
3232 3187 3541 3261 ὑπερορίοις
3568 3190 3681 3250 τοίς

2108 3278 2345 3347 μέλεσινο
2376 3279 2459 3345 τὸ,
2512 3285 2883 3353 γεγηρακυῖαν
2911 3281 3161 3353 καλάμην
3207 3278 3681 3353 μετασχηματίσαι

2106 3370 2241 3440 πρὸς
2298 3369 2597 3443 χλοηφόρον
2656 3372 2858 3445 σχῆμαο
2908 3373 2992 3439 τὸ,
3039 3372 3138 3444 τὴν
3199 3373 3391 3442 ἄγονον
3439 3373 3679 3444 ἄρουραν

2103 3457 2429 3530 δραγμάτων
2474 3454 3040 3535 ἐξαίφνηςάναδεῖξαι
3076 3463 3308 3537 μητέρα·
3340 3463 3499 3536 ἔργον
3530 3464 3680 3517 ἐστὶν

2105 3551 2202 3621 τῆς
2262 3550 2362 3622 σῆς
2396 3552 2698 3624 δυνάμεως,
2735 3554 2800 3608 ἐκ
2844 3555 3133 3627 συνηθείας
3182 3555 3525 3626 τελούμενον.
3571 3556 3681 3608 Καὶ

2107 3644 2374 3716 μάρτυςὴ
2401 3645 2607 3718 Σάρρα,
2643 3647 2734 3700 καὶ
2764 3646 2902 3717 μετά
2928 3646 3128 3719 ταύτης
3161 3648 3194 3719 ἡ
3227 3646 3349 3720 [ἀλ.
3379 3646 3520 3719 μετά
3544 3646 3680 3700 ταύ-

2104 3733 2228 3807 την]
2265 3735 2562 3790 Ῥεϐέκκα·
2610 3737 2704 3792 καὶ
2759 3738 2921 3793 πάλιν
2954 3740 3141 3802 Ἀννα,
3190 3725 3269 3810 τῖῖ)
3312 3738 3533 3810 χαλεπῷ
3578 3740 3680 3811 τῆς

2107 3826 2444 3898 στειρώσεως
2480 3827 2830 3884 δουλεύσασαι
2886 3830 3068 3896 πάθει,
3110 3825 3231 3885 εἶτα
3256 3829 3406 3902 παρά
3453 3830 3550 3885 σοῦ
3579 3833 3679 3904 τὴν

2104 3918 2416 3992 ἐλευθερίαν
2467 3920 2773 3993 δεξάμεναι.
2805 3922 2879 3977 T6
2932 3924 3011 3990 δὲ,
3049 3922 3315 3996 παρθένον
3358 3922 3571 3988 τεκεῖν,
3603 3924 3678 3997 μὴ

2059 4060 2069 4067 .
2106 4010 2468 4081 συντυχοῦσαν
2494 4012 2668 4083 ἀνδρὶ,
2709 4012 2965 4085 ἀνότερόν
3004 4015 3153 4067 ἐστιν
3200 4014 3416 4071 πάντων
3449 4014 3563 4070 τῶν
3588 4016 3677 4070 νό-

2108 4120 2224 4173 μων
2250 4103 2348 4174 τῆς
2376 4102 2611 4173 φύσεως·
2643 4104 2779 4159 ἀλλὰ
2806 4107 2902 4160 καὶ
2961 4105 3061 4178 τὴν
3115 4106 3212 4179 σὴν
3255 4106 3570 4179 ἐπαγγέλλῃ
3610 4110 3676 4179 τῇ

2106 4192 2258 4246 παιδὶ
2290 4193 2628 4265 παρουσίαν;
2663 4195 2909 4269 Οὐρανοῦ
2961 4197 3054 4250 καὶ
3081 4198 3184 4269 γῆς
3204 4198 3265 4251 οὐ
3297 4201 3467 4270 χωρεῖ
3498 4214 3560 4251 σε
3608 4199 3677 4252 τά

2104 4283 2337 4355 πέρατα,
2359 4285 2452 4338 καὶ
2479 4285 2596 4350 πῶς
2624 4302 2683 4340 σε
2707 4288 2889 4361 μήτρα
2913 4289 3150 4362 χωρήσει
3200 4287 3533 4361 παρθενική;
3566 4290 3678 4344 Καὶ

2102 4377 2131 4427 6
2160 4376 2437 4449 Δεσπότης
2488 4378 2673 4448 φησίψ
2721 4379 2847 4443 Πῶς
2877 4397 2945 4452 με
2996 4379 3271 4453 ἐχώρησεν
3297 4382 3332 4452 ή
3383 4382 3558 4454 σκηνὴ
3581 4380 3676 4436 τοῦ

424 4466 660 4523 Abrahae
702 4468 757 4522 in
795 4469 938 4523 ostio
980 4468 1318 4524 tabernaculi
1348 4471 1625 4527 reddidisti
1659 4473 1704 4505 “
1729 4514 1745 4539 ,
1790 4482 1843 4529 et
1875 4491 1998 4544 per-

2117 4466 2399 4540 Ἀσραάμς
2435 4470 2544 4523 Καὶ
2565 4470 2593 4523 6
2621 4470 2850 4541 ἄγγελός
2895 4490 3077 4544 φησιν·
3138 4472 3351 4545 Ἐπειδὴ
3405 4469 3549 4544 εἶχεν
3573 4472 3679 4543 τῆς

425 4561 675 4617 transisti
721 4560 870 4616 velut
914 4561 1009 4631 qui
1051 4562 1236 4616 omnia
1281 4563 1476 4633 reples.
1535 4563 1818 4631 Quomodo
1866 4583 1999 4624 vero

425 4652 594 4709 Maria
626 4652 927 4709 divinitatis
956 4652 1091 4709 feret
1120 4655 1335 4726 ignem?
1380 4654 1640 4738 Thronus
1665 4669 1790 4715 tuus
1814 4660 1998 4729 splen-

423 4746 555 4801 dore
581 4745 882 4801 illustratus
909 4745 1242 4813 accenditur,
1268 4758 1323 4804 et
1347 4749 1502 4821 virgo
1532 4759 1585 4805 te
1608 4750 1751 4806 ferre
1778 4751 1997 4823 poterit,

424 4849 487 4895 ut
541 4854 651 4893 non
712 4839 1107 4896 eomburatur?
1145 4840 1248 4896 Cui
1298 4841 1568 4899 Dominus
1610 4865 1622 4900 :
1677 4842 1792 4899 Imo
1830 4860 1997 4909 vero,

419 4933 618 5004 inquit,
655 4932 699 4987 si
731 4933 871 5003 ignis
894 4935 950 4989 in
994 4934 1289 4991 solitudine
1316 4934 1457 4990 laesit
1485 4937 1683 4992 rubum
1716 4936 1798 5003 “,
1843 4937 2001 4993 laedet

421 5025 650 5079 omnino
681 5032 735 5079 et
759 5022 983 5080 Mariam
1015 5040 1170 5082 meus
1195 5026 1487 5092 adventus;
1530 5036 1587 5081 at
1628 5029 1675 5085 si
1714 5027 1857 5097 ignis
1885 5029 1996 5098 ille,

420 5113 517 5185 qui
545 5113 714 5170 divini
742 5115 849 5170 mei
877 5129 945 5170 ex
972 5116 1113 5171 cmlo
1149 5115 1291 5186 ignis
1330 5115 1621 5171 adventum
1652 5118 1997 5189 designabat,

419 5204 617 5261 rubum
663 5206 888 5276 rigavit,
940 5222 1050 5262 non
1092 5206 1425 5273 combussit;
1472 5207 1735 5277 quidnam
1770 5210 1838 5265 de
1886 5211 1999 5281 ipsa

357 5372 361 5376 1
420 5299 648 5355 veritate
669 5300 905 5365 dixeris,
943 5316 1055 5356 non
1088 5301 1140 5355 in
1162 5300 1379 5356 ﬂamma
1405 5302 1568 5372 ignis,
1602 5304 1697 5360 sed
1731 5304 1785 5358 in
1817 5306 1997 5375 specie

419 5390 649 5461 pluvize,
684 5391 1045 5449 descendente
1072 5392 1159 5447 "’Y
1210 5391 1364 5448 Tunc
1392 5392 1558 5464 igitur
1595 5395 1852 5467 angelus,
1900 5393 1996 5451 Dei

414 5479 572 5550 iussa
604 5480 662 5535 in
707 5495 769 5537 se
814 5482 1084 5553 recipiens
1122 5490 1179 5538 et
1215 5482 1441 5553 exsequi
1467 5483 1684 5551 volens,
1719 5483 1995 5555 Virginem

417 5566 573 5636 adiit,
600 5580 656 5625 et
691 5572 836 5628 clara
864 5588 985 5629 eam
1027 5589 1161 5631 voce
1188 5574 1561 5646 compellavit,
1594 5574 1781 5635 dicens
1822 5596 1837 5631 :
1868 5578 1994 5645 Ave,

2106 4559 2409 4629 φιλοξενίας
2458 4563 2521 4617 τὸ
2571 4563 2825 4634 πέλαγος,
2880 4565 3146 4629 Δέσποτα,
3193 4566 3310 4619 ἐκεῖ
3363 4564 3555 4636 ὤφθης
3598 4565 3679 4637 τῷ

2118 4652 2365 4727 ’Δόραάμ
2393 4657 2452 4708 ἐν
2479 4658 2544 4727 τῇ
2578 4656 2816 4729 παροδίῳ
2862 4661 3053 4730 σκηνῇ,
3083 4658 3177 4712 καὶ
3226 4657 3577 4729 παρέδραμες
3599 4657 3678 4723 ὡς

2105 4746 2321 4802 ἅπαντα
2351 4746 2595 4820 πληρῶν.
2645 4749 2770 4815 Πῶς
2813 4750 2871 4804 δέ
2901 4752 3113 4820 ἐνεγκεῖ
3157 4750 3391 4823 Μαριὰμ
3433 4751 3533 4822 τῆς
3554 4752 3678 4805 0e6-

2105 4853 2267 4907 τητος
2294 4837 2354 4892 τὸ
2381 4838 2528 4911 πῦρ;
2587 4839 2644 4894 '0
2673 4839 2860 4912 θρόνος
2888 4857 2984 4894 σου
3011 4840 3265 4913 φλέγεται
3289 4845 3357 4913 τῇ
3382 4841 3548 4915 αἴγλῃ
3576 4860 3679 4896 πε-

2103 4927 2527 5001 ριλαμπόμενος,
2589 4930 2683 4984 καὶ
2740 4929 2958 4986 δύναταί
2997 4949 3059 4988 σε
3112 4933 3295 5007 φέρειν
3344 4934 3379 5005 ή
3440 4934 3677 4991 εὐκατά-

2103 5020 2330 5090 φλεκτος
2351 5023 2656 5096 παρθένος;
2688 5025 2799 5080 Καὶ
2845 5027 2874 5080 6
2903 5027 3178 5100 Δεσπότης
3227 5028 3410 5100 φησίν
3469 5028 3599 5095 Ναὶ,
3624 5032 3679 5083 εἰ

2101 5113 2333 5187 ἔϐλαψεν
2352 5117 2431 5171 ’τὸ
2463 5117 2577 5190 πῦρ
2600 5119 2657 5172 ἐν
2679 5119 2870 5192 ἐρήμῳ
2894 5118 2993 5191 τὴν
3024 5119 3202 5191 βάτον,
3238 5119 3428 5191 βλάψει
3453 5121 3670 5187 πάντως

2103 5209 2199 5263 καὶ
2246 5208 2464 5282 Μαρίαν
2488 5211 2521 5282 ή
2551 5209 2658 5282 ἐμὴ
2690 5210 2977 5283 παρουσία.
3014 5211 3079 5265 Et
3103 5210 3161 5266 δέ
3188 5213 3366 5267 ἐκεῖνο
3385 5211 3446 5266 τὸ
3467 5211 3581 5285 πῦρ
3610 5213 3675 5266 τὸ

2105 5299 2518 5371 σκιογραφῆσαν
2570 5300 2670 5373 τὴν
2722 5299 2816 5355 τοῦ
2878 5300 3060 5355 θεῖκοῦ
3102 5300 3274 5375 πυρὸς
3328 5301 3389 5370 ἐξ
3437 5301 3675 5375 οὐρανοῦ

2103 5391 2408 5463 παρουσίαν
2427 5431 2443 5458 ,
2479 5392 2737 5465 ἧρδευσεν
2787 5392 2883 5465 τὴν
2931 5392 3110 5463 βάτον,
3165 5393 3258 5448 καὶ
3298 5393 3399 5448 οὐκ
3429 5393 3673 5464 ἔφλεξεν

2104 5484 2157 5537 τί
2185 5483 2250 5539 ἃν
2274 5484 2469 5549 εἴποις,
2501 5486 2629 5558 περὶ
2657 5485 2756 5556 τῆς
2802 5485 3079 5557 ἀληθείας,
3106 5487 3207 5541 οὐκ
3252 5488 3311 5540 ἐν
3350 5487 3514 5557 φλογὶ
3566 5506 3664 5543 πυ-

2108 5578 2216 5650 ρὸς,
2260 5578 2374 5632 ἀλλ’
2408 5580 2466 5632 ἐν
2526 5580 2765 5650 σχήματι
2817 5580 2977 5635 ὑετοῦ
3018 5579 3480 5652 καταϐαινούσης;
3538 5581 3677 5641 Τότι

493 5744 691 5809 "Luc.
730 5769 770 5809 ι.
844 5754 891 5787 ⁸⁵
917 5754 1051 5813 Gen.
1086 5772 1247 5827 xvm,
1278 5757 1369 5816 ‘25.
1445 5760 1493 5794 “
1522 5759 1657 5819 Gen.
1700 5776 1855 5820 xvm.
1934 5764 1977 5796 ³³
2004 5761 2175 5820 Exod.
2215 5780 2295 5819 tu.
2374 5765 2415 5817 θ’
2448 5762 2585 5820 Psal.
2618 5780 2768 5826 uxr.
2808 5761 2861 5820 6.
