3938 6282
493 338 629 392 “79

1125 337 1185 394 S.
1226 335 1553 394 GREGORII
1591 328 1947 389 THAUMAT.
1989 324 2137 381 OPP.
2178 320 2358 378 PARS
2397 321 2692 379 ALTERA.
2734 353 2795 364 --
2840 321 3066 379 DUBIA.

3589 326 3731 382 ιιεο

486 455 590 512 [ιτα
615 455 670 509 in
707 454 997 510 Iordanem
1025 458 1094 510 ad
1128 459 1383 513 Joannem
1406 500 1421 524 ,
1466 467 1525 511 ut
1569 456 1633 510 ab
1675 472 1734 510 eo
1765 452 2054 521 baptizare-

2161 445 2538 515 παραγίνεται
2565 448 2597 499 ό
2629 445 2856 514 Ἰησοῦς
2877 442 2994 499 ἀπὸ
3022 443 3130 513 τῆς
3151 446 3481 512 Γαλιλαίας
3512 449 3598 513 εις
3624 450 3725 503 τὸν

490 557 578 602 tur
608 546 677 600 ⁸⁸.
713 544 789 602 O!
828 556 1029 617 quanta
1052 546 1263 603 Domini
1292 549 1573 603 humilitas
1604 555 1765 616 atque
1798 540 2059 598 modestia

486 640 686 696 animi!
707 637 778 695 ΟΞ
804 648 1005 710 quanta
1034 642 1395 713 indulgentia!
1427 642 1541 697 Rex
1564 641 1795 696 ctelestis
1815 638 1880 693 ad
1901 636 2064 692 Joan-

488 745 611 784 nem
626 744 1016 800 praecursorem
1042 747 1201 785 suum
1220 732 1475 798 accurrit,
1490 747 1596 786 non
1618 730 1929 801 angelorum
1947 742 2065 782 mo-

487 836 621 876 vens
652 829 830 876 castra
864 819 960 893 [aL
989 822 1317 894 exercitus],
1363 838 1539 895 neque
1567 837 1931 894 przecursores
1960 820 2061 877 sibi

488 916 839 986 prmmittens,
871 917 1222 988 incorporeas
1239 927 1561 989 potestates;
1591 933 1774 973 verum
1802 926 2060 988 tanquam

489 1008 749 1078 simplicis
775 1022 840 1062 ac
864 1008 1040 1063 tenuis
1069 1008 1418 1075 conditionis,
1457 1008 1513 1061 in
1550 1006 1767 1062 militari
1804 1006 2066 1060 adventus

489 1098 662 1152 forma
698 1096 794 1170 [aL
831 1099 922 1153 sed
949 1099 1020 1153 ita
1046 1098 1302 1167 demisse,
1334 1100 1388 1154 in
1418 1098 1637 1154 militari
1658 1097 1920 1153 accedens
1951 1095 2063 1151 for-

488 1188 629 1262 ma],
654 1189 719 1244 ad
750 1206 908 1246 suum
944 1190 1112 1261 ipsius
1141 1192 1288 1245 venit
1316 1191 1574 1258 militem;
1618 1199 1673 1246 et
1691 1190 1845 1261 quasi
1869 1204 2011 1244 unus
2033 1203 2064 1243 e

488 1281 648 1350 vulgo
669 1281 735 1335 ad
764 1296 888 1337 eum
924 1282 1153 1346 accedit,
1186 1298 1352 1352 seque
1373 1281 1549 1353 ipsum
1573 1283 1712 1337 inter
1726 1281 1968 1351 captivos
1984 1296 2065 1335 re-

490 1371 593 1427 fert
628 1372 971 1443 Redemptor,
1004 1382 1059 1429 et
1086 1373 1227 1429 inter
1254 1389 1376 1430 reos
1402 1389 1459 1430 se
1484 1374 1639 1445 ponit
1665 1372 1864 1439 Judex,
1894 1388 2060 1443 seque

488 1466 680 1521 ovibus
701 1466 923 1536 perditis
945 1466 1224 1536 coniungit
1239 1468 1428 1523 Pastor
1446 1467 1623 1521 bonus
1644 1466 1711 1531 ⁸¹,
1730 1466 1823 1535 qui
1848 1473 2063 1535 propter

489 1571 644 1610 ovem
692 1564 964 1611 errantem
996 1573 1027 1613 e
1055 1557 1210 1613 caelis
1235 1557 1615 1620 descenderat,
1660 1566 1715 1612 et
1746 1557 1913 1612 caelos
1952 1570 2059 1609 non

488 1647 782 1717 reliquerat
816 1667 830 1703 :
864 1649 1267 1719 admistumque
1291 1657 1407 1703 erat
1435 1648 1660 1703 zizaniis
1689 1649 1907 1703 caeleste
1930 1647 2057 1701 illud

488 1754 737 1806 granum,
775 1740 917 1808 quod
946 1741 1151 1811 absque
1186 1741 1426 1794 humano
1455 1740 1663 1795 semine
1696 1747 2053 1810 processerat.

2175 535 2478 605 Ἰορδάνην
2517 537 2667 606 πρὸς
2702 536 2811 591 τόν
2848 536 3143 605 Ἰωάννην,
3176 536 3282 591 τοῦ
3314 538 3722 608 βαπτισθῆναι

2162 628 2264 681 ὑπ’
2307 626 2512 683 αὑτοῦ.
2568 629 2632 681 Ὠ
2674 627 2812 699 πόση
2851 629 2883 697 ἡ
2925 627 3019 680 τοῦ
3061 627 3327 682 Δεσπότου
3369 646 3723 703 ταπεινοφρο-

2169 721 2336 793 σύνηί
2377 722 2441 774 ’Ὠ
2494 720 2631 793 πόση
2680 718 3179 792 ἡσυγκατάὸασιςί
3228 721 3284 774 '0
3329 720 3593 787 Βασιλεὺς
3619 726 3723 778 τῶν

2161 813 2423 886 οὐρανῶν,
2459 813 2595 885 πρὸς
2634 813 2880 884 Ἰωάννην
2915 812 3007 865 τὸν
3033 811 3225 866 ἑαυτοῦ
3253 813 3557 885 πρόδρομον
3580 815 3729 886 ἐτρες

2161 923 2275 977 χεν,
2309 904 2369 958 ού
2421 905 2645 976 κινήσας
2683 904 2751 957 τὰ
2791 903 2898 957 τῶν
2939 904 3183 971 ἀγγέλων
3225 905 3564 977 στρατόπεδα
3604 904 3724 976 [αι.

2163 997 2589 1071 στρατεύματα],
2631 998 2751 1051 οὐδὲ
2791 997 3124 1069 προδρόμους
3165 999 3599 1069 προαποστείλας
3631 1002 3728 1065 τὰς

2161 1090 2484 1161 ἀσωμάτους
2523 1089 2780 1159 δυνάμεις
2799 1103 2813 1119 ο
2844 1086 2978 1141 ἀλλὰ
3010 1087 3150 1152 λιτὸς
3336 1088 3524 1162 λιτῶς]
3557 1090 3728 1156 οὕτως

2161 1183 2219 1237 ὲν
2252 1184 2318 1253 τῇ
2362 1182 2717 1252 στρατιωτικῇ
2757 1178 3191 1251 παραγενόμενος
3233 1184 3434 1252 μορφῇ,
3470 1181 3615 1253 πρὸς
3641 1181 3727 1234 τὸν

2162 1270 2355 1324 ἑαυτοῦ
2400 1268 2759 1340 παραγίνεται
2806 1267 3158 1339 στρατιώτην.
3210 1270 3318 1322 Καὶ
3355 1269 3431 1334 ὡς
3489 1265 3574 1334 εἷς
3623 1271 3725 1326 :6»

2162 1361 2369 1417 πολλῶν
2394 1359 2541 1431 αὐτῷ
2570 1359 3018 1431 προσερχόμενος,
3040 1358 3134 1411 καὶ
3160 1359 3507 1430 συναριθμῶν
3536 1360 3735 1416 ἑαυτὸν.

2160 1458 2271 1517 τοῖς
2297 1451 2658 1523 αἰχμαλώτοις
2688 1452 2716 1504 6
2741 1450 3050 1522 Λυτρωτὴς,
3081 1450 3175 1503 καὶ
3202 1451 3507 1504 συντάττων
3537 1451 3731 1507 ἑαυτὸν

2159 1549 2270 1609 τοῖς
2321 1542 2639 1606 ὑπευθύνοις
2678 1544 2707 1595 ὁ
2745 1542 3033 1613 Δικαστὴς,
3080 1543 3175 1596 καὶ
3232 1545 3731 1615 συναγελαζόμενος

2160 1638 2271 1700 τοῖς
2310 1632 2611 1689 ἀπολωλόσι
2644 1629 2932 1702 προϐάτοις
2978 1634 3006 1684 6
3035 1630 3244 1702 Ποιμὴν
3271 1632 3300 1684 ὁ
3341 1632 3505 1695 καλός
3524 1648 3539 1658 ⁸
3570 1633 3603 1684 ὁ
3645 1632 3726 1684 διὰ

2159 1727 2220 1780 τὸ
2264 1724 2615 1796 πλανώμενον
2656 1722 2925 1794 πρόϐατον
2962 1722 3246 1793 οὐρανόθεν
3287 1723 3593 1787 κατελθὼν,
3639 1724 3729 1777 καὶ

487 1829 726 1886 Cernens
758 1845 886 1901 ergo
909 1800 1084 1901 ipsum
1111 1829 1348 1888 Joannes
1385 1832 1622 1903 Baptista
1652 1839 1705 1886 et
1733 1846 2053 1901 agnoscens,

2156 1817 2281 1879 τοὺς
2307 1815 2567 1887 οὐρανοὺς
2601 1811 2674 1884 μὴ
2712 1809 3025 1867 καταλιπὼν
3051 1814 3145 1866 καὶ
3188 1813 3725 1885 συναναμιγνύμενος

488 1938 648 1992 quem
701 1931 946 1978 materno
991 1939 1058 1978 ex
1109 1933 1264 1991 utero
1316 1932 1541 1980 noverat
1584 1932 1639 1979 et
1696 1924 2055 1991 adoraverat,

487 2012 881 2083 manifesteque
920 2014 1066 2070 hunc
1108 2014 1258 2069 illum
1306 2017 1481 2086 ipsum
1522 2022 1664 2079 esse,
1703 2015 1858 2084 cujus
1892 2029 2055 2069 causa

488 2105 541 2156 in
568 2114 722 2158 utero
758 2104 949 2161 matris
990 2121 1153 2175 supra
1192 2117 1402 2162 aetatem
1441 2107 1806 2161 exsultaverat
1840 2105 1919 2160 "z
1960 2120 2058 2158 na-

486 2205 621 2249 tura:
652 2197 909 2252 terminos
941 2199 1263 2267 reprimens,
1295 2199 1571 2254 dexteram
1599 2200 1737 2254 intra
1765 2197 2053 2267 diploidem

489 2287 782 2351 contraxit,
822 2296 876 2343 et
903 2289 1161 2345 inclinato
1191 2305 1290 2344 suo
1319 2290 1516 2359 capite,
1557 2298 1617 2344 ut
1647 2290 2057 2345 amantissimus

493 2373 705 2430 Domini
752 2392 975 2441 servus,
1021 2380 1222 2433 talibus
1269 2381 1334 2435 ad
1380 2395 1503 2434 eum
1546 2381 1770 2435 vocibus
1810 2380 2056 2435 elocutus

488 2474 570 2520 est
600 2464 696 2537 [αι.
725 2482 858 2521 usus
891 2466 994 2539 est]
1032 2486 1044 2522 :
1090 2467 1200 2539 Ege
1224 2486 1349 2539 opus
1380 2469 1542 2523 habeo
1572 2479 1628 2523 ut
1661 2486 1693 2522 a
1725 2480 1773 2522 te
1800 2468 2053 2538 baptizer,

484 2566 535 2610 et
562 2567 615 2610 tu
650 2560 791 2613 venis
819 2560 888 2612 ad
914 2577 993 2614 me
1010 2561 1055 2592 ⁸³
1080 2561 1103 2614 ?
1142 2561 1280 2627 Quid
1312 2562 1449 2634 agis,
1484 2578 1517 2614 o
1543 2561 1805 2616 Domine?
1831 2561 1940 2616 Cur
1965 2576 2054 2616 re-

483 2665 606 2705 rum
645 2650 901 2707 immutas
928 2652 1215 2708 ordinem?
1240 2642 1513 2720 Quorsum
1552 2670 1676 2709 cum
1711 2654 1915 2722 servis,
1958 2669 2053 2720 ea,

483 2756 605 2811 qua:
643 2757 921 2798 servorum
972 2755 1126 2810 sunt,
1178 2763 1208 2801 a
1247 2762 1405 2802 servo
1440 2755 1533 2803 tuo
1575 2748 1809 2819 quaeris?
1848 2746 1959 2801 Cur
1991 2761 2055 2802 ea

484 2832 639 2900 cupis
672 2834 938 2903 accipere,
972 2836 1171 2905 quibus
1223 2853 1328 2893 non
1377 2836 1619 2908 indiges?
1651 2838 1762 2894 Cur
1794 2848 1903 2894 tam
1934 2853 2053 2892 ma-

486 2938 591 2989 gna
618 2923 952 2994 indulgentia
979 2935 1138 2994 atque
1168 2926 1472 2982 humilitate
1498 2943 1583 2983 me
1608 2926 1869 2982 famulum
1899 2935 2052 2981 tuum

484 3013 719 3078 gravas?
756 3012 867 3083 Ego
897 3014 1052 3068 debeo
1079 3033 1110 3069 a
1146 3025 1194 3070 te
1224 3017 1488 3087 baptizari
1516 3033 1535 3083 ;
1584 3030 1639 3072 at
1671 3027 1757 3084 ttt,
1796 3028 1856 3073 ut
1894 3034 1924 3072 a
1967 3032 2054 3071 me

2156 1909 2267 1970 τοῖς
2296 1905 2573 1971 ζιζανίοις,
2608 1906 2636 1957 6
2675 1903 2925 1974 οὐράνιος
2950 1903 3153 1967 ἐκεῖνος
3175 1904 3372 1968 κόκκος
3404 1906 3436 1957 6
3466 1907 3721 1977 ἄσπορος.

2168 1997 2313 2053 Ἰδὼν
2344 1998 2521 2051 τοίνυν
2550 1996 2711 2051 αὑτὸν
2749 1997 2777 2048 ὁ
2809 1994 3114 2066 Βαπτιστὴς
3154 1997 3424 2067 Ἰωάννης,
3468 1997 3569 2049 καὶ
3602 2013 3735 2064 γνω-

2156 2091 2331 2163 ρίσας,
2371 2089 2428 2144 ὃν
2472 2090 2537 2143 ὲκ
2573 2087 2808 2158 γαστρὸς
2837 2088 2936 2158 τῆς
2984 2087 3190 2159 μητρὸς
3229 2087 3495 2160 ἐγνώρισε
3538 2105 3604 2140 τε
3638 2088 3729 2140 καὶ

2159 2178 2549 2253 προσεκύνησε,
2578 2178 2670 2231 καὶ
2709 2176 2893 2247 σαφῶς
2920 2177 3173 2245 ἐπιγνοὺς
3198 2176 3381 2229 τοῦτον
3415 2176 3631 2229 ἐκεῖεην
3662 2171 3730 2227 εἶ-

2156 2290 2262 2333 ναι,
2285 2271 2351 2325 δι’
2387 2271 2445 2324 ὃν
2471 2272 2529 2323 ἐν
2560 2272 2624 2340 τῇ
2660 2269 2838 2340 μήτρᾳ
2870 2268 2967 2338 τῆς
2993 2266 3197 2339 μητρὸς
3218 2266 3357 2337 ὑπὲρ
3380 2265 3481 2337 τὴν
3511 2266 3731 2335 ἠλικίαν

2157 2364 2468 2434 ἐσκίρτησε,
2509 2359 2824 2431 βιαζόμενος
2853 2360 2980 2422 τοὺς
3015 2359 3174 2430 ὅρους
3202 2358 3300 2429 τῆς
3333 2356 3576 2425 φύσεως,
3612 2375 3729 2410 συν-

2158 2453 2391 2507 ἐστειλεν
2423 2453 2529 2507 ἔσω
2565 2453 2662 2523 τῆς
2698 2450 2964 2514 διπλοΐδος
2992 2448 3089 2519 τὴν
3122 2447 3319 2513 δεξιὰν,
3353 2449 3449 2503 καὶ
3475 2449 3581 2519 τὴν
3615 2450 3728 2501 ἐαυ-

2153 2545 2248 2599 τοῦ
2300 2544 2541 2616 κεφαλὴν
2596 2543 2906 2606 ύποκλίνας,
2960 2541 3036 2605 ὡς
3083 2540 3464 2610 φιλοδέσποτος
3517 2539 3723 2603 δοῦλος,

2153 2637 2426 2700 τοιαύταις
2470 2637 2606 2711 πρὸς
2640 2636 2800 2690 αὐτὸν
2834 2633 3132 2704 ἐφθέγξατο
3165 2636 3367 2701 φωναῖς
3395 2630 3520 2703 [ἄλ.
3571 2634 3731 2704 ἐχρη-

2158 2747 2286 2784 σατο
2318 2729 2541 2801 φωναῖς]
2564 2746 2578 2758 ·
2623 2726 2762 2798 Ἐγὼ
2809 2727 3017 2796 χρείαν
3063 2726 3178 2794 ἔχω
3209 2724 3326 2779 ὑπὸ
3363 2724 3483 2778 σοῦ
3506 2726 3721 2789 βαπτι-

2155 2820 2393 2889 σθῆναι,
2416 2822 2512 2875 καὶ
2544 2819 2624 2874 σὺ
2649 2819 2795 2889 ἔρχῃ
2830 2817 2978 2887 πρὸς
2994 2817 3105 2887 μέ;
3130 2817 3195 2870 Τί
3223 2819 3415 2880 ποιεῖς,
3446 2817 3721 2879 Δέσποτας

2156 2913 2220 2966 Τί
2248 2912 2354 2967 τῶν
2387 2911 2724 2985 πραγμάτων
2766 2909 3104 2972 ὲναλλάττεις
3143 2908 3253 2980 τὴν
3275 2907 3460 2974 τάξινς
3489 2908 3559 2961 Τί
3592 2910 3725 2980 μετὰ

2155 3004 2263 3058 τῶν
2291 3004 2490 3058 δούλων
2516 3004 2585 3057 τὰ
2609 3002 2717 3056 τῶν
2745 3001 2946 3055 δούλων
2982 3001 3133 3072 παρὰ
3161 3000 3255 3055 τοῦ
3284 2999 3376 3053 σοῦ
3408 2999 3599 3053 δούλου
3627 3000 3721 3069 ζη-

483 3104 793 3174 baptizeris,
824 3122 930 3161 non
961 3106 1188 3177 indiges.
1218 3107 1374 3175 Quod
1406 3110 1587 3165 minus
1626 3122 1740 3177 est,
1771 3126 1801 3164 a
1844 3109 2052 3180 majore

2156 3099 2300 3161 τεῖς;
2337 3096 2402 3148 Τί
2434 3095 2605 3159 θέλεις
2633 3094 2669 3149 ἃ
2713 3094 2785 3166 μὴ
2828 3094 3048 3166 χρήζεις
3091 3092 3308 3155 λαϐεῖνς
3341 3092 3406 3146 Τί
3440 3095 3505 3163 τῇ
3558 3091 3727 3163 πολλῇ

484 3212 549 3250 ac
580 3198 790 3267 potiore
830 3198 1198 3267 benedicitur;
1242 3215 1350 3255 non
1396 3210 1575 3256 autem
1609 3203 1753 3272 quod
1785 3202 1987 3272 potius,
2021 3218 2050 3257 a

488 3289 697 3344 minore
723 3290 1061 3345 henedicitur
1090 3300 1144 3345 et
1180 3293 1567 3349 sanetilicatur.
1605 3294 1847 3349 Lucerna
1879 3310 1908 3349 a
1941 3295 2054 3351 sole

484 3380 727 3450 undique
755 3381 1084 3448 illustratur,
1129 3399 1237 3438 non
1280 3384 1360 3438 sol
1388 3401 1417 3440 a
1447 3387 1665 3440 lucerna
1696 3386 2052 3441 illuminatur.

482 3470 684 3538 Argilla
713 3486 741 3525 a
774 3473 937 3542 ﬁgulo
976 3484 1339 3543 praeparatur,
1378 3489 1488 3530 non
1520 3475 1718 3547 ﬁgulus
1761 3476 1829 3531 ab
1863 3477 2054 3548 argilla

483 3559 768 3618 formatur.
820 3561 926 3617 Res
973 3574 1153 3619 creata
1202 3578 1233 3617 a
1281 3563 1534 3619 Creatore
1568 3577 1897 3631 renovatur,
1945 3582 2052 3622 non

482 3646 709 3703 Greater
755 3666 785 3705 a
835 3666 892 3705 re
922 3660 1100 3707 creata
1143 3645 1415 3724 dirigitur.
1482 3652 1740 3724 Egrotus
1772 3672 1801 3710 a
1848 3657 2055 3712 medico

482 3748 734 3803 curatur,
774 3758 880 3796 non
916 3744 1157 3797 medicus
1183 3745 1252 3798 ab
1279 3744 1495 3799 inﬁrmo
1522 3746 1771 3801 visitatur
1803 3746 1898 3819 [αι.
1926 3749 2056 3805 cdo-

482 3831 680 3904 cetur].
717 3831 933 3903 Egenus
978 3849 1008 3887 a
1056 3835 1240 3899 divite,
1293 3850 1401 3890 non
1436 3836 1588 3893 dives
1616 3852 1645 3892 a
1672 3854 1909 3909 paupere
1934 3857 2054 3894 mu-

481 3932 684 3979 tuatur.
727 3923 839 3996 Ego
871 3944 902 3980 a
941 3936 988 3980 te
1031 3928 1295 3999 baptizari
1321 3946 1449 4000 opus
1477 3931 1675 3999 habeo,
1723 3945 1771 3988 et
1811 3945 1868 3989 tu
1914 3937 2053 3990 venis

482 4015 552 4069 ad
578 4016 695 4069 me?
715 4017 797 4070 An
823 4018 965 4071 enim
991 4019 1181 4087 ignoro
1204 4020 1326 4091 quis
1345 4021 1462 4077 sis?
1484 4031 1539 4076 et
1562 4038 1626 4076 ex
1653 4039 1761 4093 quo
1784 4025 2018 4081 eluxeris
2036 4068 2050 4093 ,

480 4117 535 4161 et
559 4107 702 4163 unde
724 4110 974 4164 veneris?
999 4109 1080 4163 An
1111 4112 1237 4181 quia
1274 4113 1467 4169 similis
1496 4116 1625 4171 mihi
1656 4116 1832 4173 factus
1862 4134 1920 4173 es
1951 4118 2050 4191 [αι.

481 4213 550 4252 an
575 4199 701 4269 quia
726 4209 946 4269 propter
974 4216 1061 4256 me
1093 4211 1257 4259 natus
1285 4219 1363 4270 es,
1394 4205 1586 4261 similis
1622 4207 1813 4280 mihi],
1844 4210 2054 4279 magni-

480 4289 748 4344 ﬁcentiam
801 4292 1100 4349 divinitatis
1151 4302 1256 4349 tua:
1303 4299 1534 4367 negem?
1575 4298 1656 4352 An
1709 4300 1835 4370 quia
1878 4317 2051 4372 usque

481 4379 618 4434 adeo
664 4381 937 4436 indulsisti
984 4383 1138 4447 mihi,
1172 4395 1230 4438 ut
1267 4399 1494 4456 corpore
1534 4402 1703 4457 prope
1741 4390 2047 4454 accederes,

2153 3187 2559 3256 συγκαταϐάσει
2591 3187 2846 3259 βαρύνεις
2882 3185 3004 3259 [ἀλ.
3037 3184 3244 3258 βαρεῖς]
3280 3185 3348 3257 μὲ
3377 3185 3470 3240 τὸν
3507 3185 3725 3253 οἰκέτην

2151 3279 2242 3332 τὸν
2269 3279 2394 3344 σ6ν;
2441 3278 2582 3345 Ἐγὼ
2620 3280 2830 3349 χρείαν
2855 3279 2970 3347 ἔχω
3001 3276 3119 3330 ὑπὸ
3142 3276 3260 3331 σοῦ
3287 3276 3723 3344 βαπτισθῆναι,

2153 3372 2218 3424 σὺ
2259 3370 2316 3423 δὲ
2351 3370 2451 3424 οὐκ
2497 3370 2640 3440 ἔχεις
2683 3370 2872 3441 χρείαν
2918 3370 3010 3422 ὑπ’
3052 3366 3187 3439 ἐμοῦ
3233 3368 3628 3440 βαπτισθῆναι·
3663 3370 3723 3423 τὸ

2153 3462 2368 3517 ἔλαττον
2387 3462 2491 3516 ὑπὸ
2517 3462 2610 3516 τοῦ
2650 3462 2958 3534 κρείττονος
2985 3462 3302 3531 εὐλογεῖται,
3346 3462 3408 3517 o6
3446 3462 3508 3514 :6
3546 3465 3737 3534 193i:-

2152 3571 2242 3608 τον
2271 3554 2373 3607 ὑπὸ
2397 3554 2489 3607 τοῦ
2527 3553 2805 3617 ἐλάττονος
2834 3554 3154 3622 εὐλογεῖται,
3190 3555 3284 3607 καὶ
3320 3553 3626 3622 ἁγιάζεται.
3665 3554 3722 3605 Ὀ

2152 3645 2341 3717 λύχνος
2367 3648 2472 3701 ὑπὸ
2502 3648 2594 3702 τοῦ
2625 3648 2772 3720 ἡλίου
2804 3648 3224 3720 περιλάμπεται,
3258 3649 3356 3719 οὐχ
3381 3651 3413 3702 ὁ
3439 3648 3593 3719 ἥλιος
3622 3649 3723 3702 67:6

2152 3738 2252 3809 τῆς
2298 3740 2611 3811 θρυαλλίδος
2659 3741 3079 3811 καταυγάζεται.
3140 3743 3197 3795 Ὀ
3245 3742 3416 3813 πηλὸς
3464 3743 3574 3796 ὑπὸ
3630 3740 3723 3795 τοῦ

2154 3833 2440 3905 κεραμέως
2467 3834 2867 3907 καταρτίζεται,
2894 3835 2990 3906 οὐχ
3016 3838 3045 3889 6
3067 3835 3342 3907 κεραμεὺς
3369 3836 3475 3888 ὑπὸ
3502 3834 3599 3889 τοῦ
3628 3852 3726 3907 πη-

2153 3922 2245 3975 λοῦ
2289 3923 2687 3979 διαπλάττεται.
2721 3925 2793 3978 Τὸ
2832 3925 3035 3997 κτίσμα
3070 3926 3178 3978 ὑπὸ
3215 3925 3310 3979 τοῦ
3348 3926 3569 3980 κτίστου
3602 3929 3729 3980 ἀνα-

2154 4018 2466 4083 καινίζεται,
2498 4019 2596 4089 οὐχ
2622 4020 2649 4071 6
2679 4018 2869 4083 κτίσας
2895 4019 2997 4073 ὑπὸ
3023 4021 3118 4073 τοῦ
3149 4020 3448 4091 κτίσματος
3477 4019 3721 4091 διορθοῦ-

2152 4125 2262 4161 ται.
2314 4109 2369 4162 Ὀ
2401 4108 2682 4180 ἄρρωστος
2711 4108 2816 4161 ὑπδ
2851 4110 2945 4163 τοῦ
2984 4110 3170 4184 ἰατροῦ
3209 4111 3594 4182 θεραπεύεται,
3626 4113 3724 4181 οὐχ

2152 4202 2180 4253 6
2213 4201 2391 4272 ἰατρὸς
2428 4202 2531 4254 ὑπὸ
2565 4200 2659 4255 τοῦ
2702 4201 2983 4274 ἀρρώστου
3012 4203 3545 4275 περιοδεύεται.[ἇ.ι.
3581 4205 3721 4259 ἐκδι-

2154 4289 2454 4362 δάσκεται].
2505 4291 2561 4341 ’0
2589 4291 2853 4363 προσδεὴς
2894 4292 3044 4364 παρὰ
3075 4295 3168 4346 τοῦ
3208 4293 3459 4347 πλουσίου
3486 4294 3727 4360 δανείζε-

2154 4401 2262 4448 ται,
2298 4384 2396 4453 ούχ
2432 4383 2460 4435 6
2490 4382 2740 4457 πλούσιος
2796 4383 2946 4454 παρὰ
2986 4383 3080 4437 τοῦ
3124 4384 3352 4457 πένητος
3390 4387 3721 4455 ἐρανίζεται.

483 4485 548 4525 ac
600 4487 687 4526 me
733 4481 905 4525 totum
945 4472 999 4527 in
1034 4482 1089 4529 te
1132 4474 1251 4557 ipso
1282 4476 1473 4542 ferres,
1510 4487 1571 4533 ut
1610 4487 1781 4534 totum
1812 4481 2050 4537 salvares

2166 4474 2306 4545 Ἐγὼ
2344 4476 2552 4543 χρείαν
2579 4475 2695 4543 ἔχω
2743 4474 2862 4528 ὑπὸ
2894 4474 3010 4528 σοῦ
3044 4475 3472 4542 βαπτισθῆναι,
3501 4478 3601 4531 καὶ
3642 4478 3724 4532 σὺ

481 4560 791 4626 hominem;
829 4578 928 4632 ego
958 4572 1177 4633 propter
1200 4580 1400 4636 corpus
1432 4580 1584 4623 tuum
1611 4569 1755 4640 quod
1782 4571 2043 4636 cernitur,

477 4652 622 4721 quod
662 4660 840 4707 mente
878 4654 1197 4731 intelligitur
1238 4660 1538 4716 divinitatis
1589 4662 1919 4733 despiciam?
1961 4664 2044 4719 An

478 4744 607 4814 quia
644 4743 714 4799 ob
736 4759 908 4799 meam
939 4747 1189 4817 salutem,
1218 4767 1367 4807 meas
1397 4753 1619 4811 indutus
1648 4772 1707 4811 es
1733 4757 2004 4826 primitias
2028 4798 2043 4824 ,

476 4835 719 4905 ignorem
756 4845 810 4892 te
849 4838 998 4894 indui
1041 4840 1248 4898 lumine
1281 4844 1425 4917 sicut
1461 4849 1782 4903 vestimento
1834 4848 1919 4903 “ll
1961 4850 2042 4903 An

475 4928 736 4997 quoniam
764 4945 983 4986 carnem
1011 4933 1145 4987 mihi
1181 4946 1463 5006 cognatam
1490 4949 1668 5008 gestas
1696 4939 1793 5012 [al.
1824 4955 2042 4995 carnem

476 5033 655 5073 meam
681 5019 919 5091 gestas],
952 5032 1005 5078 et
1034 5024 1345 5082 hominibus
1374 5029 1700 5098 conspicuus
1724 5046 1816 5097 es,
1851 5040 1913 5086 ut
1943 5030 2043 5097 ipsi
2086 5092 2095 5103 ,

475 5118 527 5163 te
551 5110 981 5182 viderepossint,
1007 5131 1091 5171 me
1119 5116 1371 5187 splendor
1398 5122 1733 5183 coruscantis
1751 5123 2046 5179 divinitatis

476 5208 582 5254 tua:
605 5200 801 5257 lateat?
832 5202 913 5258 An
946 5204 1204 5274 quoniam
1238 5221 1413 5261 meam
1443 5207 1497 5261 in
1525 5216 1577 5262 te
1602 5223 1767 5263 cerno
1792 5207 2043 5275 formam,

474 5305 577 5361 ego
611 5292 847 5350 divinam
893 5305 1037 5351 tuam
1071 5299 1361 5354 essentiam
1408 5299 1732 5354 invisibilem
1772 5308 1933 5371 atque
1970 5303 2047 5356 iu-

472 5387 1014 5455 comprehensibilem
1064 5389 1201 5446 falsa
1250 5391 1666 5447 ratiocinatione
1714 5408 1910 5463 negare
1947 5411 2044 5450 au-

475 5475 674 5531 deam?
707 5477 838 5535 Novi
868 5492 937 5548 te,
968 5482 1229 5551 Domine;
1275 5484 1401 5538 novi
1439 5492 1491 5539 te
1524 5485 1715 5555 plane;
1755 5487 1880 5541 novi
1908 5497 1981 5557 te,
2012 5504 2044 5543 a

474 5572 529 5623 te
551 5570 810 5631 edoctus:
857 5590 1017 5631 nemo
1044 5577 1188 5632 enim
1220 5589 1269 5633 te
1295 5591 1456 5634 nosse
1496 5586 1687 5649 potest,
1723 5578 1824 5634 nisi
1858 5582 2045 5651 gratim

2152 4565 2296 4633 ἔρχῃ
2339 4565 2485 4633 πρὸς
2506 4564 2616 4634 μέ;
2648 4565 2738 4636 Μὴ
2769 4565 2879 4637 γὰρ
2908 4566 3088 4635 ἀγνοῶ
3113 4566 3197 4630 τίς
3233 4563 3309 4631 εἷς
3340 4569 3451 4621 Καὶ
3478 4571 3547 4621 ἐκ
3582 4568 3725 4634 τίνος

2154 4655 2481 4728 ἐξέλαμψας,
2537 4659 2633 4710 καὶ
2686 4657 2848 4710 πόθεν
2892 4657 3190 4729 ὲλήλυθας;
3240 4659 3331 4730 Μὴ
3376 4659 3487 4731 γὰρ
3535 4662 3723 4730 ἐπειδὴ

2154 4745 2381 4818 γέγονας
2419 4751 2539 4803 κατ’
2571 4749 2671 4820 ἐμὲ
2856 4749 2921 4802 δι’
2951 4750 3049 4822 ἐμὲ
3083 4751 3317 4820 γέγονας
3340 4755 3460 4805 κατ’
3486 4753 3638 4825 ἐμῆ,
3666 4753 3731 4804 :6

2158 4838 2439 4909 μεγαλεῖον
2494 4839 2762 4912 ἀρνοῦμαι
2816 4842 2914 4912 τῆς
2971 4840 3076 4910 σῆς
3119 4840 3404 4914 θεότητοςς
3461 4843 3555 4915 Μὴ
3611 4843 3729 4914 γὰρ

2150 4932 2336 5004 ἐπειδὴ
2364 4932 2613 4987 τοσοῦτόν
2636 4951 2724 5004 μοι
2752 4933 3108 5005 συγκατεδης,
3132 4935 3255 4988 ὅσον
3283 4936 3448 5004 ἐγγὺς
3469 4935 3724 5004 γενέσθαι

2151 5023 2229 5094 τῷ
2254 5023 2463 5095 σώματι
2490 5024 2581 5079 καὶ
2609 5025 2726 5080 ὅλον
2754 5026 2853 5097 ἐμὲ
2884 5027 3068 5098 φέρεις
3096 5028 3154 5081 ὲν
3185 5027 3380 5098 ἑαυτῷ,
3412 5028 3499 5082 ἵνα
3541 5026 3725 5102 σώσῃς

2148 5117 2269 5172 ὅλον
2293 5118 2383 5170 τὸν
2412 5116 2714 5189 ἄνθρωπον·
2742 5118 2854 5187 ἐγὼ
2893 5117 2983 5171 διὰ
3010 5118 3072 5171 :6
3112 5117 3387 5190 ὁρώμενόν
3415 5135 3510 5171 σου
3538 5118 3723 5189 σῶμα.

2147 5208 2206 5260 :6
2247 5208 2534 5279 νοούμενον
2559 5209 2659 5281 τῆς
2696 5208 2948 5282 θεότητος
2980 5210 3236 5282 παρορῶ;
3266 5210 3356 5283 Μὴ
3386 5210 3496 5282 γὰρ
3536 5210 3723 5280 ἐπειδὴ

2148 5302 2238 5356 διὰ
2261 5304 2359 5374 τὴν
2393 5303 2530 5373 ἐμὴν
2557 5303 2825 5375 σωτηρίαν
2854 5302 3240 5375 περιϐἐὸλησαι
3264 5304 3364 5375 τὴν
3386 5303 3526 5375 ἐμὴν
3550 5305 3731 5375 ἀπαρι-

2152 5397 2272 5467 χὴν,
2305 5395 2405 5449 οὐκ
2450 5395 2742 5466 ἐπίσταμαί
2774 5412 2854 5462 σε,
2893 5394 2983 5449 τὸν
3024 5395 3479 5467 περιϐαλλόμενον
3512 5394 3575 5450 :6
3604 5395 3725 5464 9x3;

2151 5486 2225 5548 ὡς
2256 5485 2499 5556 ίμάτιον;
2533 5485 2623 5556 Μὴ
2653 5485 2761 5558 γὰρ
2782 5485 2966 5556 ἐπειδὴ
2995 5485 3094 5559 τὴν
3121 5487 3243 5557 ἐμοὶ
3275 5487 3507 5558 συγγενῆ
3543 5487 3725 5558 σάρκα

2154 5584 2337 5653 φορεῖς
2368 5581 2488 5653 [ἄλ.
2518 5581 2616 5653 τὴν
2645 5582 2783 5654 ἐμὴν
2822 5581 3002 5655 σάρκα
3030 5582 3259 5655 φορεῖς]ν
3290 5582 3385 5637 καὶ
3410 5582 3578 5657 φαίνῃ
3606 5585 3732 5648 τοῖς

548 5750 594 5785 ⁸⁸
622 5750 807 5806 Matth.
842 5767 921 5821 ιιι,
950 5756 1000 5809 ’5.
1076 5758 1117 5791 ⁸¹
1141 5756 1296 5815 Joan.
1325 5775 1353 5812 κ
1377 5776 1390 5829 ;
1417 5757 1548 5815 Luc.
1581 5775 1669 5816 xv.
1746 5762 1792 5794 "
1824 5759 1953 5820 Luc.
1988 5780 2026 5834 ι,

2226 5765 2270 5798 ⁸³
2304 5763 2487 5821 Matth.
2528 5780 2611 5836 ιιι,
2640 5765 2722 5821 lt.
2800 5766 2841 5821 ⁵.*
2879 5765 3023 5823 Psal.
3057 5780 3173 5835 ent,
3203 5766 3257 5821 ε.
