3988 6200
248 275 382 332 "81

1221 268 1504 331 HOMILIA
1542 273 1609 329 IV
1649 273 1717 330 IN
1759 272 2030 329 SANCTA
2070 273 2535 331 ΤΗΕΟΡΠΑΝΙΆ.

3372 264 3515 324 “83'

250 394 566 469 ἀνθρώποις
612 395 689 459 ὡς
726 394 881 449 αὐτοί
924 411 982 448 σε
1029 394 1245 466 βλέπειν
1274 395 1536 467 ἰσχύουσι,
1581 395 1816 451 λανθάνεπ

1934 406 2040 451 ῑιιει·
2071 397 2276 452 lumine
2307 397 2628 451 illustratus.
2669 391 2806 450 Novi
2849 405 2934 464 te,
2988 394 3245 462 Domine,
3285 405 3507 466 aperte:

251 506 322 560 με
344 490 380 560 ἡ
406 488 566 560 αῐγλη
598 488 700 558 τῆς
729 488 1147 560 ἀστραπτούσης
1169 506 1264 543 σου
1295 489 1573 562 θεότητος;
1601 488 1692 560 Μὴ
1721 488 1831 561 γάρ

250 579 443 651 ὶπειδὴ
467 578 566 651 τὴν
606 578 745 650 ἐμὴν
776 580 835 634 ὲν
865 579 948 632 σοὶ
992 578 1174 650 βλέπω
1204 580 1440 653 μορφὴν,
1472 578 1831 652 παραλογίζο-

252 672 353 744 μαί
386 689 481 726 σου
506 670 605 744 τὴν
636 670 789 725 θείαν
818 670 1023 735 οὐσίαν,
1053 673 1153 744 τὴν
1178 673 1406 745 ἀόρατον
1444 673 1538 727 καὶ
1561 671 1831 743 ἀκατάλη-

250 782 420 828 πτονς
460 760 591 818 Οἶδά
634 779 713 830 σε,
758 763 1024 829 Δέσποτα,
1064 758 1184 818 οἶδά
1230 782 1289 819 σε
1331 764 1551 835 σαφῶς·
1588 760 1708 819 οἶδά
1747 781 1827 829 σε,

250 859 402 932 παρὰ
428 857 523 913 σοῦ
561 857 863 929 διδαχθείς·
895 860 1072 923 οὐδεὶς
1098 860 1207 932 γὰρ
1241 861 1537 931 ὲπιγνῶναί
1568 878 1627 915 σε
1671 860 1830 915 δύνα-

247 968 361 1017 ται,
393 952 467 1024 μὴ
502 951 604 1022 τῆς
640 952 740 1023 σῆς
771 949 1059 1006 ἀπολαύων
1087 953 1421 1025 ὲλλάμψεως.
1454 950 1586 1009 Οἶδά
1620 971 1700 1022 σε,
1739 954 1830 1008 Δέ-

249 1059 445 1107 σποτα,
473 1042 691 1112 σαφῶς·
731 1037 869 1096 εἶδον
897 1043 1005 1116 γάρ
1034 1060 1091 1098 σε
1132 1046 1536 1117 πνευματικῶς,
1573 1046 1700 1118 πρὶν
1734 1044 1828 1099 ἴδω

247 1134 411 1188 τοῦτο
435 1134 498 1187 τὸ
531 1135 665 1204 φῶς.
700 1135 829 1188 Ὅτε
860 1135 924 1188 σὺ
954 1136 1067 1207 ιμὲν
1098 1135 1172 1190 ὢν
1201 1137 1321 1202 ὅλος
1346 1136 1467 1208 [ἄλ.
1498 1138 1580 1191 ὅτι
1622 1139 1685 1191 σὺ
1729 1137 1827 1208 μὲν

246 1226 373 1290 ὅλος
400 1224 499 1297 ὢν]
526 1228 583 1279 ὲν
606 1227 719 1289 τοῖς
740 1226 1052 1298 ἀσωμάτοις
1074 1227 1295 1292 κόλποις
1321 1227 1416 1282 τοῦ
1437 1228 1682 1301 οὐρανίου
1708 1229 1825 1281 Πα-

247 1314 399 1391 τρὸς,
437 1318 555 1382 ὅλος
597 1313 666 1390 ἦς
702 1319 761 1372 ἐν
786 1320 897 1383 τοῖς
926 1318 1113 1389 λαγόσι
1148 1321 1246 1390 τῆς
1275 1321 1373 1391 σῆς
1404 1320 1595 1393 δούλης
1635 1338 1694 1374 τε
1733 1321 1825 1375 καὶ

252 1411 493 1483 μητρός·
538 1410 648 1480 ἐγὼ
675 1410 732 1465 δὲ
771 1411 828 1464 ἐν
865 1413 930 1483 τῇ
975 1411 1150 1483 κοιλίᾳ
1187 1412 1287 1481 τῆς
1324 1411 1600 1465 Ἐλισάϐετ
1645 1411 1721 1475 ὡς
1765 1413 1824 1467 ὲν

246 1506 439 1576 εἱρκτῇ
472 1505 539 1576 τῇ
565 1502 723 1573 φύσει
751 1503 1130 1575 κατεχόμενος,
1158 1504 1252 1576 κοιλ⁸
1279 1503 1557 1575 δεδεμένος
1581 1505 1694 1568 τοῖς
1716 1504 1823 1557 τῶν

253 1596 513 1671 ἐμϐρύων
563 1596 779 1661 ἀλύτοις
818 1597 1058 1668 δεσμοῖς,
1101 1575 1387 1668 ἐσκίρτων,
1428 1596 1823 1671 ὲπανηγύριζον

245 1667 502 1763 τὴν-’σὴν
541 1688 751 1759 γένεσιν
792 1667 1193 1762 προεορτάζων.
1228 1667 1301 1742 ³0
1350 1688 1527 1742 τοίνυν
1728 1667 1820 1742 τού

1931 488 2039 542 vidi
2068 488 2212 543 enim
2241 497 2294 543 te
2324 491 2377 543 in
2406 488 2623 559 spiritu,
2651 498 2942 558 antequam
2970 487 3113 544 hanc
3143 489 3319 545 lucem
3348 488 3510 558 inspi-

1931 595 2128 634 cerem.
2180 578 2317 646 Quia
2343 590 2424 646 tu,
2454 595 2578 635 cum
2627 588 2774 636 totus
2818 580 2871 634 in
2914 580 3237 651 incorporeo
3267 582 3511 637 caelestis

1929 670 2108 726 Patris
2156 671 2278 727 sinu
2325 686 2513 734 esses,
2562 680 2709 726 totus
2752 685 2969 740 quoque
3006 670 3060 725 in
3109 683 3264 726 utero
3300 672 3509 728 ancilla:

1928 772 2037 819 ture
2067 779 2132 819 ac
2170 765 2361 819 matris
2389 780 2542 831 eras;
2582 779 2683 836 ego
2710 778 2862 828 vero,
2896 765 2950 818 in
2986 774 3173 819 ventre
3207 764 3505 833 Elisabeth,

1928 858 2075 912 velut
2117 858 2169 913 in
2218 873 2456 925 carcere,
2492 866 2686 912 natura
2712 858 2983 924 detentus,
3026 867 3187 928 atque
3212 858 3507 913 indissolu—

1928 950 2130 1006 bilibus
2175 950 2462 1005 infantium
2491 950 2723 1007 vinculis
2747 951 3101 1017 constrictus,
3141 950 3502 1015 exsultabam,

1928 1053 1981 1099 et
2005 1053 2153 1097 tuam
2183 1051 2339 1097 antea
2371 1044 2707 1099 nativitatem
2739 1043 3116 1099 collaudaham
3157 1058 3221 1098 ac
3247 1043 3505 1098 'celebra-

1926 1135 2074 1191 bam.
2116 1132 2220 1201 Qui
2257 1134 2419 1207 igitur
2448 1144 2572 1190 ante
2618 1143 3014 1214 partum'tuum
3044 1134 3331 1190 adventum
3362 1150 3504 1205 prae-

1926 1222 2209 1291 dicabam,
2242 1223 2365 1293 post
2403 1234 2616 1293 partum
2675 1224 2963 1278 adventum
3008 1231 3162 1278 tuum
3208 1222 3507 1293 ignorabo?

1926 1312 2029 1381 Qui
2059 1315 2113 1368 in
2140 1322 2293 1369 utero
2326 1313 2591 1380 adventus
2620 1315 2695 1368 tui
2725 1314 2914 1369 doctor
2946 1314 3045 1379 fui,
3087 1329 3233 1369 nunc
3266 1314 3503 1383 perfecta

1925 1405 2108 1460 habita
2139 1404 2447 1475 cognitione
2475 1403 2656 1460 infans
2676 1406 2810 1460 ero?
2849 1405 3115 1461 Caeterum
3149 1422 3254 1459 non
3280 1421 3502 1476 possum

1924 1514 2032 1555 non
2076 1508 2131 1561 te
2173 1498 2351 1553 colere
2398 1512 2464 1553 ac
2505 1498 2792 1563 venerari,
2841 1499 2934 1569 qui
2963 1498 3031 1553 ab
3060 1500 3209 1554 omni
3256 1500 3504 1554 adoratis

1924 1600 2195 1647 creatura.
2249 1588 2367 1643 Non
2397 1604 2619 1659 possum
2664 1605 2770 1644 non
2807 1590 3103 1661 praedicare
3145 1605 3292 1654 eum,
3338 1605 3499 1659 quem

1924 1688 2120 1743 coelum
2162 1686 2362 1740 ducatu
2410 1684 2580 1739 stellae
2622 1684 3077 1753 praemonstravit,
3118 1693 3173 1740 et
3214 1695 3357 1738 terra
3404 1698 3504 1754 per

244 1756 408 1834 τόκου
441 1756 665 1852 τὴννσὴν
693 1756 981 1850 ἐπιδημίαν
1009 1778 1418 1851 προκηρύττων,
1448 1779 1585 1850 μετά
1606 1756 1697 1832 τὸν
1730 1780 1816 1833 τό-

1925 1795 2113 1851 magos
2154 1778 2387 1849 benigne
2422 1779 2669 1848 excepit;
2722 1778 3146 1847 angelorumque
3191 1777 3374 1840 chori,
3429 1776 3501 1830 ob

244 1892 345 1929 κον
374 1874 473 1945 τὴν
498 1872 594 1943 σὴν
617 1874 916 1945 παρουσίαν
937 1872 1218 1943 ἀγνοήσω;
1258 1871 1315 1925 '0
1337 1874 1394 1926 ἐν
1418 1871 1571 1943 νηδύῖ
1588 1871 1692 1942 τῆς
1720 1872 1818 1944 σῆς

253 1966 551 2038 παρουσίας
589 1964 925 2031 διδάσκαλος,
962 1964 1212 2037 νηπιάσω
1252 1963 1366 2027 νῦν,
1413 1963 1548 2035 πρὸς
1584 1963 1682 2035 τὴν
1730 1981 1819 2018 τε-

247 2060 397 2111 λείαν
424 2056 749 2125 ἐπίγνωσιν;
790 2055 927 2109 Ἀλλ’
950 2056 1010 2109 ού
1033 2055 1265 2126 δύναμαι
1303 2054 1376 2127 μὴ
1404 2055 1581 2110 σέϐειν
1611 2073 1692 2121 σε,
1723 2056 1815 2110 τὸν

244 2151 716 2224 προσκυνούμενον
747 2148 896 2223 παρὰ
934 2150 1113 2220 πάσης
1145 2150 1244 2220 τῆς
1278 2148 1526 2213 κτίσεως,
1558 2149 1618 2201 οὑ
1655 2149 1814 2205 δύνα-

247 2263 347 2315 μαι
378 2245 450 2315 μὴ
478 2243 785 2315 κηρύττειν,
826 2242 884 2296 δν
921 2242 1147 2314 οὐρανὸς
1173 2241 1259 2295 διὰ
1285 2240 1379 2295 τοῦ
1422 2241 1647 2314 ἀστέρος
1685 2243 1815 2297 ὑπέ-

244 2337 406 2403 δειξε,
451 2336 544 2389 καὶ
579 2336 649 2407 γῆ
691 2335 780 2389 διὰ
825 2334 933 2387 τῶν
977 2335 1165 2405 μάγων
1202 2333 1536 2399 ἐδεξιώσατο,
1575 2335 1669 2388 καὶ
1706 2335 1813 2390 τῶν

243 2412 493 2498 ἀγγέλων
530 2429 579 2480 οἱ
610 2427 781 2499 χοροὶ,
809 2426 1088 2498 χαίροντες
1110 2424 1197 2479 διὰ
1231 2424 1329 2497 τὴν
1365 2426 1462 2497 σὴν
1495 2426 1631 2497 πρὸς
1666 2428 1814 2497 ἡμᾶς

243 2518 669 2589 ωγκατάϐασιν,
700 2520 1043 2589 ἀνευφήμουν
1074 2519 1165 2572 καὶ
1193 2518 1447 2589 ποιμένες
1482 2502 1814 2591 ἀγραυλοῦν-

240 2630 355 2678 τες,
375 2611 466 2665 τὸν
494 2611 854 2683 ἀρχιποίμενα
876 2610 984 2663 τῶν
1001 2610 1231 2678 λογικῶν
1259 2609 1544 2681 προϐάτων
1572 2610 1668 2663 ἀνύ
1678 2627 1809 2681 μνη-

241 2719 367 2757 σαν.
415 2704 489 2757 Ού
531 2702 783 2773 δύναμαι,
807 2701 899 2755 σοῦ
932 2700 1213 2773 παρόντος,
1263 2701 1451 2771 σιγᾷν·
1488 2699 1647 2770 gari)
1702 2700 1811 2773 γάρ

239 2800 380 2867 ειμι·
406 2794 573 2865 φωνὴ
595 2793 722 2864 γὰρ,
740 2795 891 2866 φησὶ,
913 2792 1180 2860 βοῶντος
1205 2794 1276 2846 ἐν
1296 2791 1371 2861 τῇ
1387 2793 1604 2862 ἐρήμῳ·
1626 2793 1812 2847 Ἑτοι-

238 2886 473 2957 μάσατε
501 2885 617 2954 τὴν
648 2885 791 2939 ὁδὸν
825 2887 1065 2953 Κυρίου.
1113 2884 1252 2955 Ἐγὼ
1282 2872 1489 2955 χρείαν
1526 2884 1644 2953 ἔχω
1690 2882 1810 2937 ὑπὸ

238 2978 362 3042 σοῦ
400 2978 828 3046 βαπτισθῆναι,
871 2979 968 3031 καὶ
1017 2977 1098 3031 σὺ
1138 2979 1283 3047 ἔρχῃ
1327 2975 1472 3046 πρὸς
1507 2975 1618 3045 μέ;
1672 2970 1810 3045 Ἐγὼ

240 3071 540 3144 γεννηθεὶς,
571 3073 669 3144 τῆς
716 3071 1053 3143 γεννησάσης
1096 3069 1217 3143 [ἄλ.
1265 3066 1694 3142 γεννησαμένης]
1745 3087 1810 3141 με
1839 3100 1882 3159 C

241 3163 453 3235 μητρὸς
479 3164 576 3235 τὴν
606 3163 886 3234 στειρωσιν
918 3162 1108 3216 ἔλυσα·
1140 3161 1235 3215 καὶ
1264 3160 1461 3232 βρέφος
1490 3161 1565 3214 ὣν
1592 3160 1691 3222 ἔτι,
1721 3160 1813 3228 γέ-

237 3271 375 3323 γονα
400 3254 502 3324 τῆς
526 3253 765 3322 ἀφωνίας
800 3252 894 3306 τοῦ
928 3251 1132 3323 πατρός
1169 3268 1267 3322 μου
1299 3251 1499 3324 ἰατρὸς,
1535 3251 1685 3322 παρὰ
1718 3250 1813 3303 σοῦ

237 3344 424 3399 λαϐὼν
467 3346 530 3399 ὲκ
576 3344 766 3408 παιδὸς
812 3344 912 3415 τὴν
953 3344 1113 3415 χάριν
1159 3342 1253 3396 τοῦ
1308 3341 1602 3413 θαύματος.
1644 3343 1715 3396 Σὺ
1756 3342 1814 3395 δὲ

235 3437 456 3509 τεχθεὶς
477 3439 540 3491 ὲκ
565 3438 665 3508 τῆς
694 3436 970 3508 Παρθένου
1013 3434 1249 3505 Μαρίας,
1290 3434 1367 3497 ὼς
1399 3434 1687 3505 ἠθέλησας,
1719 3435 1814 3488 καὶ

235 3530 320 3593 ὡς
363 3529 428 3582 σὺ
472 3528 629 3599 μόνος
666 3528 977 3592 ἐπίστασαι,
1007 3528 1107 3580 ούκ
1150 3526 1343 3589 ἔλυσας
1378 3525 1476 3596 τὴν
1516 3525 1812 3597 παρθενίαν

235 3616 415 3687 αὐτῆς
436 3632 452 3648 ·
482 3616 619 3670 ἀλλά
637 3617 730 3671 καὶ
754 3616 956 3688 ταύτην
984 3616 1348 3688 ὲφρούρησας,
1373 3616 1466 3670 καὶ
1489 3616 1587 3687 τῆς
1608 3615 1811 3688 μητρὸς

241 3707 383 3778 αὐτῇ
415 3708 514 3780 τὴν
541 3708 910 3781 προσηγορίαν
941 3705 1273 3780 δεδώρησαι·
1307 3706 1403 3761 καὶ
1440 3705 1561 3759 οὔτε
1597 3709 1630 3777 ἡ
1667 3724 1809 3779 παρ-

236 3799 397 3853 θενία
426 3798 516 3852 τὸν
544 3799 632 3852 σὸν
661 3798 815 3853 τόκον
840 3798 1129 3864 ἐκώλυσεν,
1164 3796 1287 3851 οὕτε
1310 3800 1339 3852 6
1363 3797 1521 3861 τόκος
1546 3796 1645 3869 τὴν
1674 3814 1813 3870 παρ-

237 3889 424 3943 θενίαν
481 3889 783 3960 ἐλυμήνατο
812 3904 825 3919 ·
875 3888 1012 3942 ἀλλά
1065 3887 1396 3958 συνέδραμον
1449 3886 1812 3940 ἐναντιώτατα

238 3978 564 4050 πράγματα,
593 3979 750 4042 τόκος
786 3979 881 4031 καὶ
905 3975 1171 4049 παρθενία
1200 3975 1337 4049 πρὸς
1372 3974 1498 4047 μίαν
1524 3976 1773 4047 ὁμόνοιαν
1791 3992 1805 4005 ·

235 4070 427 4141 ἐπειδὴ
459 4068 614 4123 τοῦτο
647 4068 767 4140 [ἄλ.
801 4068 967 4142 οὕτω]
998 4069 1227 4142 πάρεστί
1261 4085 1341 4122 σοι
1368 4067 1445 4139 τῷ
1474 4067 1684 4139 πλαστῇ
1709 4068 1809 4139 τῆς

234 4163 473 4233 ςύσεως.
531 4161 670 4231 Ἐγὼ
715 4162 999 4232 ἄνθρωπος
1040 4161 1198 4232 μόνον
1238 4159 1354 4230 εἰμὶ
1394 4159 1542 4225 θείας
1590 4160 1811 4232 χάριτος

236 4256 468 4327 μέτοχος
484 4272 498 4285 ·
523 4255 586 4309 σὺ
613 4254 669 4307 δὲ
692 4252 826 4317 Θεὸς
854 4249 922 4318 εἴ,
940 4254 1033 4307 καὶ
1050 4252 1332 4324 ἄνθρωπος
1356 4254 1386 4306 6
1408 4252 1589 4318 αὐτὸς,
1619 4252 1805 4324 ἐπειδὴ

232 4346 618 4419 φιλάνθρωπος
652 4347 919 4417 πέφυκας.
969 4345 1110 4417 Ἐγὼ
1150 4346 1360 4416 χρείαν
1389 4346 1505 4414 ἔχω
1537 4346 1656 4401 ὑπὸ
1693 4345 1810 4400 σοῦ

1919 1880 2065 1928 tuam
2109 1875 2164 1928 in
2203 1886 2308 1926 nos
2347 1871 2767 1940 indulgentiam,
2792 1871 3087 1940 gaudentes
3117 1870 3499 1937 dccantarunt,

1916 1974 1969 2020 et
1997 1976 2249 2035 pastores
2284 1962 2338 2016 in
2375 1976 2505 2033 agro
2535 1969 2922 2032 pernoctanles
2956 1963 3037 2028 ⁸⁸,
3065 1961 3363 2031 principem
3398 1974 3498 2030 pa-

1918 2072 2127 2120 storum
2170 2060 2518 2117 rationalium
2570 2060 2752 2113 ovium
2799 2059 3157 2114 celebrarunt.
3204 2056 3324 2113 Non
3372 2073 3501 2129 pos-

1915 2169 2072 2220 sum,
2120 2162 2172 2207 te
2214 2161 2497 2222 praesente,
2534 2158 2746 2219 tacere;
2784 2166 2908 2205 nam
2947 2165 3047 2205 vox
3103 2165 3194 2220 ego
3254 2166 3405 2213 sum;
3446 2156 3502 2203 et

1915 2245 2131 2315 quidem
2164 2260 2264 2298 vox
2292 2243 2573 2298 clamantis
2614 2244 2667 2297 in
2709 2244 2911 2297 deserto
2942 2258 2960 2295 :
2987 2240 3183 2295 Parare
3216 2243 3353 2295 viam
3396 2239 3500 2294 Do-

1914 2338 2045 2391 mini
2071 2336 2136 2390 ⁸⁸.
2167 2334 2279 2406 Ego
2306 2353 2338 2390 a
2363 2347 2412 2390 te
2443 2337 2707 2406 baptizari
2737 2336 2916 2401 debeo,
2945 2344 2994 2388 et
3027 2343 3081 2388 tu
3111 2335 3251 2387 venis
3285 2332 3361 2385 at!
3382 2334 3501 2385 me?

1915 2427 2028 2497 Ego
2055 2435 2249 2492 natus,
2277 2427 2469 2480 matris
2496 2441 2619 2496 quae
2647 2442 2733 2480 me
2762 2426 2989 2496 peperit,
3018 2424 3350 2480 sterilitatem
3379 2421 3491 2475 sol-

1912 2519 2002 2585 vi;
2030 2527 2083 2573 et
2110 2517 2293 2572 infans
2329 2533 2451 2573 cum
2484 2517 2662 2572 adhuc
2698 2532 2896 2583 essem,
2926 2514 3287 2571 taciturnitati
3321 2513 3496 2582 patris

1912 2611 2017 2665 mei
2046 2611 2370 2665 medicinam
2397 2610 2641 2676 adhibui,
2680 2624 2710 2663 a
2746 2619 2797 2663 te
2819 2624 2954 2679 puer
2985 2603 3233 2663 miraculi
3266 2607 3496 2678 gratiam

1912 2703 2208 2775 accipiens.
2251 2702 2332 2758 Tu
2370 2717 2519 2766 vero,
2549 2718 2615 2757 ex
2655 2700 2824 2756 Maria
2852 2709 3013 2756 natus
3037 2698 3280 2767 Virgine,
3316 2708 3375 2753 ut
3400 2714 3498 2753 vo-

1910 2798 2083 2864 luisti,
2118 2808 2173 2853 et
2204 2798 2348 2853 sicut
2373 2807 2432 2850 tu
2464 2796 2613 2851 solus
2641 2795 2807 2860 nosti,
2836 2809 2943 2849 non
2971 2793 3177 2849 solvisti
3204 2791 3495 2861 virginita-

1911 2895 2015 2946 tem
2042 2892 2191 2960 ejus;
2218 2890 2311 2944 sed
2338 2898 2391 2943 et
2414 2889 2552 2943 hanc
2572 2887 2876 2953 custodisti,
2902 2894 2955 2940 et
2982 2886 3152 2953 ipsam
3180 2884 3371 2937 matris
3395 2897 3494 2953 ap-

1910 2983 2199 3055 pellatione
2219 2981 2469 3048 donasti;
2491 2989 2544 3035 et
2588 2994 2770 3047 neque
2797 2988 2947 3033 tuum
2974 2984 3189 3055 partum
3215 2975 3494 3045 impedivit

1913 3075 2239 3145 virginitas,
2291 3088 2468 3143 neque
2499 3071 2862 3142 virginitatem
2925 3068 3062 3123 laesit
3109 3077 3340 3137 partus;
3397 3066 3490 3121 sed

1916 3174 2309 3223 concurrerunt
2362 3180 2451 3220 res
2487 3161 3028 3234 repugnantissimte,
3082 3168 3270 3229 partus
3332 3168 3494 3227 atque

1913 3257 2218 3327 virginitas,
2252 3256 2305 3310 in
2328 3269 2496 3310 unum
2515 3252 2694 3308 foedus
2717 3251 3009 3321 :qnnniam
3029 3250 3134 3304 hoc
3160 3249 3255 3303 tibi
3285 3257 3495 3302 natura:
3546 3250 3553 3261 '

1914 3347 2182 3405 conditori
2204 3355 2514 3418 promptum
2533 3353 2610 3400 est
2632 3343 2726 3417 [aL
2745 3345 2824 3400 sic
2845 3344 2941 3398 tibi
2967 3352 3176 3397 natura:
3190 3341 3399 3397 auctori
3412 3342 3494 3395 vi-

1913 3458 2035 3498 sum
2083 3441 2186 3513 est]
2230 3457 2295 3497 ac
2316 3440 2492 3496 facile.
2525 3438 2639 3511 Ego
2664 3440 2828 3493 homo
2852 3438 3115 3492 duntaxat
3137 3454 3257 3493 sum
3295 3438 3492 3492 divinae

1913 3537 2182 3607 particeps
2212 3535 2431 3605 gratim;
2457 3542 2510 3586 at
2538 3541 2592 3585 tu
2612 3530 2754 3586 Deus
2779 3532 2917 3585 idem
2947 3546 3028 3594 es,
3053 3540 3106 3585 et
3131 3531 3297 3585 homo
3322 3549 3335 3584 :
3358 3544 3495 3601 quo-

1909 3625 2057 3679 niam
2089 3624 2356 3692 benignus
2383 3631 2436 3676 et
2466 3621 2689 3673 humani
2721 3618 2934 3688 generis
2965 3617 3377 3671 amantissimus
3407 3632 3486 3670 es.

1911 3718 2025 3790 Ego
2048 3732 2175 3787 opus
2200 3714 2361 3768 habeo
2403 3724 2463 3766 ιιι
2489 3729 2521 3765 a
2557 3721 2604 3766 te
2634 3711 2888 3780 baptizer,
2920 3720 2968 3764 et
2998 3719 3053 3763 tu
3093 3710 3231 3763 venis
3265 3709 3334 3761 ad
3368 3709 3492 3761 me?

1912 3809 1991 3864 Tu
2013 3850 2028 3876 ,
2077 3806 2169 3876 qui
2201 3806 2256 3860 in
2297 3804 2566 3875 principio
2611 3818 2769 3867 cras,
2809 3810 2863 3857 et
2889 3801 3030 3871 apud
3056 3800 3226 3856 Deum
3263 3816 3406 3865 eras,
3435 3808 3490 3853 ct

1911 3898 2054 3954 Deus
2076 3898 2190 3967 ipse
2209 3911 2330 3950 eras
2345 3896 2423 3963 ";
2449 3904 2503 3949 tu
2527 3894 2619 3964 qui
2647 3892 2892 3947 Paterna:
2913 3908 2971 3947 es
2993 3892 3176 3960 glorise
3199 3891 3483 3961 splendor;

1909 3999 1967 4046 tu
1990 3990 2082 4061 qui
2113 3986 2350 4059 perfecta
2371 4002 2430 4042 es
2458 3986 2638 4056 imago
2661 3983 2882 4055 perfecti
2917 3982 3095 4037 Patris
3135 3981 3232 4053 [αΙ.
3263 3981 3485 4051 perfecti

1910 4080 2176 4145 luminis,
2250 4077 2499 4132 videlicet
2551 4074 2801 4147 Patris];
2853 4083 2911 4128 tu
2959 4074 3051 4143 qui
3098 4072 3191 4125 lux
3236 4087 3297 4127 es
3328 4089 3483 4138 vera,

1909 4187 2026 4242 qua:
2071 4168 2339 4222 illuminat
2378 4182 2583 4220 omnem
2627 4166 2887 4218 hominem
2923 4164 3210 4218 venientem
3259 4164 3314 4215 in
3344 4164 3483 4217 [tunc

1912 4262 2161 4318 mundum
2188 4260 2270 4328 ⁸⁸;
2304 4270 2361 4314 ιιι
2387 4260 2623 4331 quicum
2657 4257 2710 4311 in
2744 4257 2947 4311 mundo
2969 4272 3141 4319 esses,
3174 4256 3367 4309 venisti
3390 4256 3483 4311 ubi

1913 4372 2071 4422 eras;
2108 4364 2162 4409 tu
2190 4354 2281 4424 qui
2314 4352 2491 4408 factus
2518 4367 2578 4406 es
2607 4367 2736 4407 caro
2764 4391 2779 4414 ,
2806 4350 2901 4405 sed
2941 4366 3047 4404 non
3090 4364 3385 4404 conversus
3428 4350 3480 4403 in

225 4438 671 4507 βαπτισθῆναι,
715 4436 813 4492 καὶ
858 4437 940 4491 σὺ
985 4437 1134 4506 ἔρχῃ
1190 4437 1337 4505 πρὸς
1381 4440 1489 4506 μέ;
1542 4438 1615 4491 Σὺ
1669 4439 1699 4491 6
1748 4440 1806 4494 ὲν

1915 4460 2166 4510 carnem;
2202 4452 2258 4497 tn
2293 4442 2382 4513 qui
2420 4440 2674 4495 habitasti
2713 4439 2765 4493 in
2817 4432 2977 4492 nobis
3001 4479 3015 4503 ,
3062 4444 3116 4491 et
3147 4436 3319 4491 servis
3373 4435 3482 4491 tuis

231 4532 379 4602 ἀρχῇ
412 4529 509 4595 ὢν,
553 4530 648 4585 καὶ
688 4530 825 4601 πρὸς
868 4528 1001 4583 Θεὸν
1037 4529 1132 4592 ὢν,
1185 4530 1279 4582 καὶ
1318 4528 1449 4593 Θεὸς
1493 4528 1568 4583 ὥν
1588 4546 1601 4560 ·
1641 4531 1705 4585 σὺ
1747 4530 1808 4585 τὸ

230 4624 334 4693 τῆς
366 4621 623 4693 πατρῴας
658 4621 816 4692 δόξης
843 4620 1217 4692 ἀπαύγασμα·
1256 4620 1319 4674 σὺ
1351 4623 1380 4674 6
1404 4619 1608 4684 τέλειος
1635 4638 1806 4693 χαρα-

230 4712 378 4783 κτὴρ
413 4712 505 4765 τοῦ
548 4712 751 4767 τελείου
780 4712 996 4783 Πατρός
1205 4709 1411 4764 τελείου
1465 4710 1660 4781 φωτὸς,
1707 4711 1804 4783 δη-

228 4803 368 4875 λαδὴ
400 4803 492 4857 τοῦ
526 4801 762 4876 Πατρός]
783 4820 796 4833 ·
828 4804 895 4863 σὺ
923 4800 991 4856 τὸ
1025 4800 1149 4872 φῶς
1176 4802 1240 4855 τὸ
1268 4802 1575 4870 ἀληθινὸν,
1601 4802 1660 4857 τὸ
1684 4821 1799 4873 φω-

231 4894 397 4957 τίζον
449 4894 645 4949 πάντα
690 4893 1010 4963 ἄνθρωπον
1051 4893 1378 4963 ἐρχόμενον
1421 4895 1509 4960 είς
1553 4892 1661 4947 τὸν
1709 4896 1806 4949 κό-

227 5001 423 5056 σμον·
451 4986 515 5040 σὺ
550 4988 578 5039 6
608 4986 666 5038 ὲν
689 4983 767 5056 τῷ
796 4985 985 5055 κόσμῳ
1005 4981 1102 5047 ὢν,
1131 4983 1226 5036 καὶ
1251 4982 1418 5038 ἐλθὼν
1443 4983 1579 5038 ὅπου
1607 4979 1677 5056 ἧς
1698 5002 1712 5016 ·
1742 4986 1807 5039 σὺ

230 5081 264 5135 6
289 5078 577 5149 γενόμενος
609 5076 765 5149 σὰρξ,
794 5076 911 5130 ἀλλ’
946 5077 1048 5130 οὐκ
1075 5076 1157 5140 είς
1185 5074 1363 5148 σάρκα
1388 5076 1618 5148 τραπείς
1637 5092 1652 5106 ·
1684 5076 1748 5129 σὺ
1781 5077 1811 5129 6

234 5168 523 5241 σκηνὼσας
534 5170 591 5223 ὲν
604 5172 637 5240 ἡ
647 5171 735 5240 μῖν
744 5209 758 5232 ,
774 5169 867 5223 καὶ
880 5170 995 5231 τοῖς
1012 5170 1124 5229 σοῖς
1144 5166 1348 5230 δούλοις
1368 5166 1556 5236 φανεὶς
1566 5168 1624 5221 ὲν
1635 5170 1701 5240 τῇ
1717 5166 1810 5222 τοῦ

229 5262 421 5317 δούλου
441 5264 619 5334 μορφῇ
640 5279 653 5291 ·
673 5263 738 5315 σὺ
759 5262 788 5314 6
802 5260 900 5333 τὴν
913 5260 1123 5331 γῆνκαὶ
1142 5258 1233 5314 τὸν
1247 5259 1471 5332 οὐρανὸν
1490 5259 1813 5331 γεφυρώσας

230 5351 354 5429 [τῇ.
401 5352 818 5426 γεφυράσας]τῷ
844 5352 983 5424 ἁγίῳ
1013 5369 1106 5406 σου
1138 5351 1381 5422 ὀνόματι,
1417 5352 1481 5406 σὺ
1513 5350 1646 5426 ἔρχῃ
1674 5352 1809 5425 πρὸς

232 5446 340 5520 μέ;
370 5447 430 5501 Ὅ
451 5445 721 5513 τοσοῦτος,
746 5447 883 5519 πρὸς
904 5446 994 5501 τὸν
1024 5445 1261 5500 τοιοῦτον
1281 5462 1295 5510 ;
1327 5446 1385 5498 '0
1408 5444 1658 5516 βασιλεὺς
1676 5446 1809 5517 πρὸς

235 5539 332 5596 τὸν
356 5539 698 5611 πρόδρομον;
745 5539 802 5592 ὐ
833 5538 1108 5608 Δεσπότης
1135 5537 1271 5609 πρὸς
1296 5538 1388 5593 τὸν
1418 5536 1630 5603 δοῦλον;
1671 5536 1807 5590 Ἀλλ’

310 5727 359 5760 ⁸⁸
392 5727 526 5784 Luc.
554 5743 615 5793 ιι,
658 5726 711 5783 8.
791 5727 840 5763 ιι
866 5726 1049 5782 Matth.
1085 5742 1172 5796 lli,
1201 5726 1264 5795 5;
1304 5725 1469 5783 Marc.
1499 5742 1551 5795 I,
1584 5727 1651 5799 ὃς
1693 5725 1816 5781 Luc.

1915 5742 1952 5795 ',
1993 5725 2064 5795 4;
2105 5722 2261 5781 loan.
2292 5740 2329 5792 t,
2362 5723 2449 5780 25.

1908 4538 1963 4592 in
1998 4537 2172 4591 forma
2218 4533 2358 4589 servi
2403 4531 2733 4601 conspicuus
2790 4528 2975 4595 fuisti;
3021 4536 3078 4583 tu
3128 4527 3222 4598 qui
3276 4536 3475 4582 terram

1906 4634 1959 4679 et
2027 4616 2222 4679 caelum
2301 4631 2395 4675 tuo
2473 4628 2664 4675 sancto
2731 4619 2952 4674 nomine
3023 4619 3258 4689 quodam
3323 4617 3478 4688 quasi

1905 4725 2070 4788 ponte
2115 4713 2338 4785 junxisti
2368 4730 2382 4779 ;
2413 4721 2468 4767 tu
2498 4712 2655 4767 venis
2688 4712 2754 4767 ad
2790 4712 2919 4766 me?
2973 4710 3075 4777 Tu,
3135 4710 3226 4780 qui
3295 4718 3477 4764 tantus

1904 4823 1985 4871 es,
2046 4806 2110 4862 ad
2170 4803 2375 4859 talem?
2421 4801 2556 4870 Rex,
2621 4803 2687 4857 ad
2737 4799 3477 4874 prmcursorem?Dominus,

1910 4901 1975 4958 ad
2017 4896 2269 4956 servum?
2323 4893 2427 4949 Sed
2490 4894 2740 4965 quamvis
2794 4903 2851 4948 tu
2918 4893 2973 4946 in
3030 4891 3327 4946 humilibus
3377 4892 3480 4945 hu-

1911 4988 2187 5047 manitatis
2218 4986 2399 5042 modis
2446 4986 2601 5041 nasci
2634 5001 2741 5040 non
2791 4984 3246 5052 erubueris;ego
3297 4992 3479 5037 tamen

1916 5091 2127 5138 natura}
2150 5077 2414 5134 terminos
2443 5076 2719 5148 praeterire
2748 5091 2855 5129 non
2880 5089 3123 5145 possum.
3146 5070 3280 5127 Novi
3305 5086 3483 5142 quan-

1914 5183 2028 5230 tum
2063 5174 2204 5229 inter
2242 5181 2443 5227 terram
2487 5179 2542 5224 et
2572 5168 2885 5224 Creatorem
2920 5166 2991 5221 sit
3032 5165 3326 5221 discrimen
3358 5162 3474 5235 [αι.

1916 5263 2213 5336 spatium].
2246 5261 2381 5317 Novi
2412 5269 2616 5332 quanta
2650 5261 2789 5315 inter
2817 5258 3005 5313 limum
3037 5266 3193 5311 terra:
3220 5265 3273 5310 et
3302 5253 3476 5310 facto-

1916 5371 2030 5411 rem
2057 5357 2128 5411 sit
2164 5354 2484 5410 diﬂerentia.
2525 5350 2659 5407 Novi
2690 5360 2953 5423 quantum
2984 5349 3066 5405 sol
3101 5358 3228 5403 tuus
3254 5347 3481 5418 jnstitim

1912 5446 2181 5516 prmcellat
2203 5446 2359 5512 mihi,
2385 5444 2477 5516 qui
2503 5444 2721 5499 lucerna
2757 5450 2862 5497 tute
2889 5458 3009 5498 sum
3035 5440 3239 5512 gratiae.
3266 5439 3332 5493 Et
3353 5439 3480 5495 licet

1906 5556 2042 5613 pura
2067 5542 2311 5611 corporis
2338 5543 2572 5599 amictus
2598 5540 2674 5594 sis
2729 5537 2903 5601 nube,
2957 5551 3057 5607 ego
3088 5542 3269 5589 tamen
3324 5539 3479 5588 tuam

2552 5723 2596 5757 "
2624 5720 2779 5778 Joan.
2815 5738 2866 5789 I,
2904 5722 2954 5777 l.
3033 5721 3077 5755 ⁸⁸
3112 5717 3264 5774 Joan.
3305 5733 3362 5781 ι,
3396 5713 3454 5771 (δ.
