  <div class='ocr_page' id='page_1' title='image "/cluster/home/n/w/nwhite01/storage/ocr_20150623/10/hvd.32044073501330/611.png"; bbox 0 0 3988 6200; ppageno 0'>
   <div class='ocr_carea' id='block_1_1' title="bbox 427 236 570 296">
    <p class='ocr_par' dir='ltr' id='par_1_1' title="bbox 427 236 570 296">
     <span class='ocr_line' id='line_1_1' title="bbox 427 236 570 296; baseline -0.014 0"><span class='ocrx_word' id='word_1_1' title='bbox 427 236 570 296; x_wconf 73' lang='grc'><strong>1133</strong></span> 
     </span>
    </p>
   </div>
   <div class='ocr_carea' id='block_1_2' title="bbox 1065 225 3024 290">
    <p class='ocr_par' dir='ltr' id='par_1_2' title="bbox 1065 225 3024 290">
     <span class='ocr_line' id='line_1_2' title="bbox 1065 225 3024 290; baseline -0.003 -3"><span class='ocrx_word' id='word_1_2' title='bbox 1065 233 1122 287; x_wconf 79' lang='lat'><strong>8.</strong></span> <span class='ocrx_word' id='word_1_3' title='bbox 1158 227 1489 290; x_wconf 76' lang='lat' dir='ltr'><strong>GREGORII</strong></span> <span class='ocrx_word' id='word_1_4' title='bbox 1529 228 1891 286; x_wconf 71' lang='lat' dir='ltr'><strong>THAUMAT.</strong></span> <span class='ocrx_word' id='word_1_5' title='bbox 1929 226 2083 287; x_wconf 85' lang='lat' dir='ltr'><strong>OPP.</strong></span> <span class='ocrx_word' id='word_1_6' title='bbox 2118 227 2307 285; x_wconf 78' lang='lat' dir='ltr'><strong>PARS</strong></span> <span class='ocrx_word' id='word_1_7' title='bbox 2343 226 2643 284; x_wconf 76' lang='lat' dir='ltr'><strong>ALTERA.</strong></span> <span class='ocrx_word' id='word_1_8' title='bbox 2686 256 2757 270; x_wconf 88' lang='lat'><strong>-—</strong></span> <span class='ocrx_word' id='word_1_9' title='bbox 2793 225 3024 285; x_wconf 80' lang='lat' dir='ltr'><strong>DUBIA.</strong></span> 
     </span>
    </p>
   </div>
   <div class='ocr_carea' id='block_1_3' title="bbox 3533 224 3683 280">
    <p class='ocr_par' dir='ltr' id='par_1_3' title="bbox 3533 224 3683 280">
     <span class='ocr_line' id='line_1_3' title="bbox 3533 224 3683 280; baseline 0.007 -2"><span class='ocrx_word' id='word_1_10' title='bbox 3533 224 3683 280; x_wconf 64' lang='grc'><strong>1184</strong></span> 
     </span>
    </p>
   </div>
   <div class='ocr_carea' id='block_1_4' title="bbox 427 342 2022 424">
    <p class='ocr_par' dir='ltr' id='par_1_4' title="bbox 427 346 1994 424">
     <span class='ocr_line' id='line_1_4' title="bbox 427 346 1994 424; baseline -0.008 -12"><span class='ocrx_word' id='word_1_11' title='bbox 427 368 668 424; x_wconf 72' lang='lat' dir='ltr'><strong>agnosco</strong></span> <span class='ocrx_word' id='word_1_12' title='bbox 699 349 1151 408; x_wconf 68' lang='lat' dir='ltr'><strong>dominationem.</strong></span> <span class='ocrx_word' id='word_1_13' title='bbox 1203 346 1477 404; x_wconf 78' lang='lat' dir='ltr'><strong>Conﬁteor</strong></span> <span class='ocrx_word' id='word_1_14' title='bbox 1511 346 1766 403; x_wconf 79' lang='lat' dir='ltr'><strong>servilem</strong></span> <span class='ocrx_word' id='word_1_15' title='bbox 1818 361 1994 402; x_wconf 83' lang='lat' dir='ltr'><strong>meam</strong></span> 
     </span>
    </p>
   </div>
   <div class='ocr_carea' id='block_1_5' title="bbox 2124 342 3688 424">
    <p class='ocr_par' dir='ltr' id='par_1_5' title="bbox 2124 342 3688 415">
     <span class='ocr_line' id='line_1_5' title="bbox 2124 342 3688 415; baseline -0.003 -16"><span class='ocrx_word' id='word_1_16' title='bbox 2124 347 2147 399; x_wconf 83' lang='grc' dir='ltr'><strong>ί</strong></span> <span class='ocrx_word' id='word_1_17' title='bbox 2179 344 2274 399; x_wconf 77' lang='grc' dir='ltr'>καὶ</span> <span class='ocrx_word' id='word_1_18' title='bbox 2308 346 2373 400; x_wconf 78' lang='grc' dir='ltr'><strong>σὺ</strong></span> <span class='ocrx_word' id='word_1_19' title='bbox 2411 346 2469 399; x_wconf 83' lang='grc' dir='ltr'><strong>ἐν</strong></span> <span class='ocrx_word' id='word_1_20' title='bbox 2491 346 2606 409; x_wconf 84' lang='grc' dir='ltr'>τοῖς</span> <span class='ocrx_word' id='word_1_21' title='bbox 2626 346 2903 408; x_wconf 75' lang='grc' dir='ltr'><strong>ταπεινοῖς</strong></span> <span class='ocrx_word' id='word_1_22' title='bbox 2938 343 3160 415; x_wconf 78' lang='grc' dir='ltr'><strong>μέτροις</strong></span> <span class='ocrx_word' id='word_1_23' title='bbox 3190 343 3291 414; x_wconf 81' lang='grc' dir='ltr'>τῆς</span> <span class='ocrx_word' id='word_1_24' title='bbox 3328 342 3688 414; x_wconf 56' lang='lat' dir='ltr'><strong>Memm-</strong></span> 
     </span>
    </p>
   </div>
   <div class='ocr_carea' id='block_1_6' title="bbox 427 437 2002 512">
    <p class='ocr_par' dir='ltr' id='par_1_6' title="bbox 427 437 2002 512">
     <span class='ocr_line' id='line_1_6' title="bbox 427 437 2002 512; baseline -0.006 -9"><span class='ocrx_word' id='word_1_25' title='bbox 427 444 798 503; x_wconf 89' lang='lat' dir='ltr'><strong>couditionem</strong></span> <span class='ocrx_word' id='word_1_26' title='bbox 825 483 842 509; x_wconf 92' lang='lat'><strong>,</strong></span> <span class='ocrx_word' id='word_1_27' title='bbox 874 449 1022 497; x_wconf 91' lang='lat' dir='ltr'><strong>tuam</strong></span> <span class='ocrx_word' id='word_1_28' title='bbox 1051 439 1288 512; x_wconf 76' lang='lat' dir='ltr'><strong>praedico</strong></span> <span class='ocrx_word' id='word_1_29' title='bbox 1315 438 1791 510; x_wconf 82' lang='lat' dir='ltr'><strong>magnificentiam.</strong></span> <span class='ocrx_word' id='word_1_30' title='bbox 1826 437 2002 508; x_wconf 80' lang='lat' dir='ltr'><strong>Agno—</strong></span> 
     </span>
    </p>
   </div>
   <div class='ocr_carea' id='block_1_7' title="bbox 429 528 2002 602">
    <p class='ocr_par' dir='ltr' id='par_1_7' title="bbox 429 528 2002 602">
     <span class='ocr_line' id='line_1_7' title="bbox 429 528 2002 602; baseline -0.008 -7"><span class='ocrx_word' id='word_1_31' title='bbox 429 553 526 595; x_wconf 92' lang='lat' dir='ltr'><strong>sco</strong></span> <span class='ocrx_word' id='word_1_32' title='bbox 551 533 939 591; x_wconf 79' lang='lat' dir='ltr'><strong>dominationis</strong></span> <span class='ocrx_word' id='word_1_33' title='bbox 974 541 1080 587; x_wconf 69' lang='lat' dir='ltr'><strong>tute</strong></span> <span class='ocrx_word' id='word_1_34' title='bbox 1111 530 1523 602; x_wconf 77' lang='lat' dir='ltr'><strong>perfectionem.</strong></span> <span class='ocrx_word' id='word_1_35' title='bbox 1571 537 1625 584; x_wconf 90' lang='lat' dir='ltr'><strong>et</strong></span> <span class='ocrx_word' id='word_1_36' title='bbox 1658 544 1833 583; x_wconf 89' lang='lat' dir='ltr'><strong>meam</strong></span> <span class='ocrx_word' id='word_1_37' title='bbox 1887 528 2002 599; x_wconf 88' lang='lat' dir='ltr'><strong>ipse</strong></span> 
     </span>
    </p>
   </div>
   <div class='ocr_carea' id='block_1_8' title="bbox 431 615 2002 695">
    <p class='ocr_par' dir='ltr' id='par_1_8' title="bbox 431 615 2002 695">
     <span class='ocr_line' id='line_1_8' title="bbox 431 615 2002 695; baseline -0.005 -15"><span class='ocrx_word' id='word_1_38' title='bbox 431 623 787 695; x_wconf 84' lang='lat' dir='ltr'><strong>abjeetionern</strong></span> <span class='ocrx_word' id='word_1_39' title='bbox 813 636 877 675; x_wconf 85' lang='lat' dir='ltr'><strong>ac</strong></span> <span class='ocrx_word' id='word_1_40' title='bbox 900 620 1159 675; x_wconf 77' lang='lat' dir='ltr'><strong>vilitatem</strong></span> <span class='ocrx_word' id='word_1_41' title='bbox 1183 633 1473 691; x_wconf 80' lang='lat' dir='ltr'><strong>cognosco.</strong></span> <span class='ocrx_word' id='word_1_42' title='bbox 1510 615 1631 672; x_wconf 81' lang='lat' dir='ltr'><strong>Non</strong></span> <span class='ocrx_word' id='word_1_43' title='bbox 1654 634 1771 672; x_wconf 77' lang='lat' dir='ltr'><strong>sum</strong></span> <span class='ocrx_word' id='word_1_44' title='bbox 1811 617 2002 689; x_wconf 73' lang='lat' dir='ltr'><strong>dignus</strong></span> 
     </span>
    </p>
   </div>
   <div class='ocr_carea' id='block_1_9' title="bbox 431 711 2004 784">
    <p class='ocr_par' dir='ltr' id='par_1_9' title="bbox 431 711 2004 784">
     <span class='ocr_line' id='line_1_9' title="bbox 431 711 2004 784; baseline -0.004 -13"><span class='ocrx_word' id='word_1_45' title='bbox 431 727 488 771; x_wconf 82' lang='lat' dir='ltr'><strong>ut</strong></span> <span class='ocrx_word' id='word_1_46' title='bbox 509 714 709 770; x_wconf 71' lang='lat' dir='ltr'><strong>solvam</strong></span> <span class='ocrx_word' id='word_1_47' title='bbox 735 714 1019 784; x_wconf 78' lang='lat' dir='ltr'><strong>corrigiam</strong></span> <span class='ocrx_word' id='word_1_48' title='bbox 1043 712 1387 767; x_wconf 85' lang='lat' dir='ltr'><strong>calceamenti</strong></span> <span class='ocrx_word' id='word_1_49' title='bbox 1415 713 1493 766; x_wconf 81' lang='lat' dir='ltr'><strong>tui</strong></span> <span class='ocrx_word' id='word_1_50' title='bbox 1516 711 1560 744; x_wconf 84' lang='grc'><strong>⁸⁹</strong></span> <span class='ocrx_word' id='word_1_51' title='bbox 1585 726 1600 777; x_wconf 88' lang='grc'><strong>;</strong></span> <span class='ocrx_word' id='word_1_52' title='bbox 1632 719 1817 781; x_wconf 86' lang='lat' dir='ltr'><strong>etquo</strong></span> <span class='ocrx_word' id='word_1_53' title='bbox 1845 720 2004 780; x_wconf 88' lang='lat' dir='ltr'><strong>pacto</strong></span> 
     </span>
    </p>
   </div>
   <div class='ocr_carea' id='block_1_10' title="bbox 431 803 2007 875">
    <p class='ocr_par' dir='ltr' id='par_1_10' title="bbox 431 803 2007 875">
     <span class='ocr_line' id='line_1_10' title="bbox 431 803 2007 875; baseline -0.004 -12"><span class='ocrx_word' id='word_1_54' title='bbox 431 807 845 864; x_wconf 80' lang='lat' dir='ltr'><strong>immaculatum</strong></span> <span class='ocrx_word' id='word_1_55' title='bbox 877 805 1072 875; x_wconf 84' lang='lat' dir='ltr'><strong>capitis</strong></span> <span class='ocrx_word' id='word_1_56' title='bbox 1121 804 1198 859; x_wconf 91' lang='lat' dir='ltr'><strong>tui</strong></span> <span class='ocrx_word' id='word_1_57' title='bbox 1227 804 1483 871; x_wconf 76' lang='lat' dir='ltr'><strong>yerticem</strong></span> <span class='ocrx_word' id='word_1_58' title='bbox 1517 803 2007 875; x_wconf 80' lang='lat' dir='ltr'><strong>tangereaudebo?</strong></span> 
     </span>
    </p>
   </div>
   <div class='ocr_carea' id='block_1_11' title="bbox 431 895 2005 969">
    <p class='ocr_par' dir='ltr' id='par_1_11' title="bbox 431 895 2005 969">
     <span class='ocr_line' id='line_1_11' title="bbox 431 895 2005 969; baseline -0.003 -15"><span class='ocrx_word' id='word_1_59' title='bbox 431 900 551 966; x_wconf 84' lang='lat' dir='ltr'><strong>Quo</strong></span> <span class='ocrx_word' id='word_1_60' title='bbox 580 908 738 969; x_wconf 85' lang='lat' dir='ltr'><strong>pacto</strong></span> <span class='ocrx_word' id='word_1_61' title='bbox 764 913 938 952; x_wconf 88' lang='lat' dir='ltr'><strong>meam</strong></span> <span class='ocrx_word' id='word_1_62' title='bbox 983 910 1147 968; x_wconf 85' lang='lat' dir='ltr'><strong>super</strong></span> <span class='ocrx_word' id='word_1_63' title='bbox 1187 906 1236 951; x_wconf 90' lang='lat' dir='ltr'><strong>te</strong></span> <span class='ocrx_word' id='word_1_64' title='bbox 1263 895 1549 950; x_wconf 81' lang='lat' dir='ltr'><strong>extendam</strong></span> <span class='ocrx_word' id='word_1_65' title='bbox 1577 896 1877 962; x_wconf 78' lang='lat' dir='ltr'><strong>dexteram,</strong></span> <span class='ocrx_word' id='word_1_66' title='bbox 1912 898 2005 967; x_wconf 89' lang='lat' dir='ltr'><strong>qui</strong></span> 
     </span>
    </p>
   </div>
   <div class='ocr_carea' id='block_1_12' title="bbox 432 986 2007 1058">
    <p class='ocr_par' dir='ltr' id='par_1_12' title="bbox 432 986 2007 1058">
     <span class='ocr_line' id='line_1_12' title="bbox 432 986 2007 1058; baseline -0.003 -12"><span class='ocrx_word' id='word_1_67' title='bbox 432 992 632 1046; x_wconf 66' lang='lat' dir='ltr'><strong>caelum</strong></span> <span class='ocrx_word' id='word_1_68' title='bbox 669 989 810 1043; x_wconf 88' lang='lat' dir='ltr'><strong>sicut</strong></span> <span class='ocrx_word' id='word_1_69' title='bbox 844 989 1036 1058; x_wconf 90' lang='lat' dir='ltr'><strong>pellem</strong></span> <span class='ocrx_word' id='word_1_70' title='bbox 1084 986 1373 1042; x_wconf 76' lang='lat' dir='ltr'><strong>extendisti</strong></span> <span class='ocrx_word' id='word_1_71' title='bbox 1407 986 1471 1051; x_wconf 83' lang='lat'><strong>“,</strong></span> <span class='ocrx_word' id='word_1_72' title='bbox 1508 995 1563 1041; x_wconf 85' lang='lat' dir='ltr'><strong>et</strong></span> <span class='ocrx_word' id='word_1_73' title='bbox 1612 996 1810 1041; x_wconf 82' lang='lat' dir='ltr'><strong>terram</strong></span> <span class='ocrx_word' id='word_1_74' title='bbox 1845 1003 2007 1057; x_wconf 83' lang='lat' dir='ltr'><strong>super</strong></span> 
     </span>
    </p>
   </div>
   <div class='ocr_carea' id='block_1_13' title="bbox 433 1077 2009 1153">
    <p class='ocr_par' dir='ltr' id='par_1_13' title="bbox 433 1077 2009 1153">
     <span class='ocr_line' id='line_1_13' title="bbox 433 1077 2009 1153; baseline -0.003 -15"><span class='ocrx_word' id='word_1_75' title='bbox 433 1099 605 1153; x_wconf 81' lang='lat' dir='ltr'><strong>aquas</strong></span> <span class='ocrx_word' id='word_1_76' title='bbox 630 1081 871 1137; x_wconf 87' lang='lat' dir='ltr'><strong>statuisti</strong></span> <span class='ocrx_word' id='word_1_77' title='bbox 912 1080 998 1133; x_wconf 72' lang='grc' dir='ltr'><strong>⁸ίῖ</strong></span> <span class='ocrx_word' id='word_1_78' title='bbox 1029 1077 1315 1145; x_wconf 85' lang='lat' dir='ltr'><strong>Quomodo</strong></span> <span class='ocrx_word' id='word_1_79' title='bbox 1344 1078 1566 1133; x_wconf 87' lang='lat' dir='ltr'><strong>serviles</strong></span> <span class='ocrx_word' id='word_1_80' title='bbox 1611 1093 1762 1133; x_wconf 88' lang='lat' dir='ltr'><strong>meos</strong></span> <span class='ocrx_word' id='word_1_81' title='bbox 1810 1078 2009 1148; x_wconf 84' lang='lat' dir='ltr'><strong>digitos</strong></span> 
     </span>
    </p>
   </div>
   <div class='ocr_carea' id='block_1_14' title="bbox 436 1167 2012 1243">
    <p class='ocr_par' dir='ltr' id='par_1_14' title="bbox 436 1167 2012 1243">
     <span class='ocr_line' id='line_1_14' title="bbox 436 1167 2012 1243; baseline -0.004 -15"><span class='ocrx_word' id='word_1_82' title='bbox 436 1188 600 1243; x_wconf 87' lang='lat' dir='ltr'><strong>super</strong></span> <span class='ocrx_word' id='word_1_83' title='bbox 626 1173 870 1227; x_wconf 69' lang='lat' dir='ltr'><strong>divinum</strong></span> <span class='ocrx_word' id='word_1_84' title='bbox 895 1180 1058 1241; x_wconf 88' lang='lat' dir='ltr'><strong>caput</strong></span> <span class='ocrx_word' id='word_1_85' title='bbox 1085 1180 1237 1224; x_wconf 91' lang='lat' dir='ltr'><strong>tuum</strong></span> <span class='ocrx_word' id='word_1_86' title='bbox 1267 1169 1583 1239; x_wconf 77' lang='lat' dir='ltr'><strong>explicabo?</strong></span> <span class='ocrx_word' id='word_1_87' title='bbox 1610 1167 1891 1235; x_wconf 84' lang='lat' dir='ltr'><strong>Quomodo</strong></span> <span class='ocrx_word' id='word_1_88' title='bbox 1910 1168 2012 1222; x_wconf 89' lang='lat' dir='ltr'><strong>im-</strong></span> 
     </span>
    </p>
   </div>
   <div class='ocr_carea' id='block_1_15' title="bbox 436 1258 2013 1330">
    <p class='ocr_par' dir='ltr' id='par_1_15' title="bbox 436 1258 2013 1330">
     <span class='ocr_line' id='line_1_15' title="bbox 436 1258 2013 1330; baseline -0.002 -13"><span class='ocrx_word' id='word_1_89' title='bbox 436 1264 771 1318; x_wconf 84' lang='lat' dir='ltr'><strong>maculatum</strong></span> <span class='ocrx_word' id='word_1_90' title='bbox 796 1262 928 1316; x_wconf 90' lang='lat' dir='ltr'><strong>nulli</strong></span> <span class='ocrx_word' id='word_1_91' title='bbox 951 1277 1037 1330; x_wconf 72' lang='lat' dir='ltr'><strong>jue</strong></span> <span class='ocrx_word' id='word_1_92' title='bbox 1060 1270 1281 1330; x_wconf 80' lang='lat' dir='ltr'><strong>peccato</strong></span> <span class='ocrx_word' id='word_1_93' title='bbox 1304 1260 1602 1315; x_wconf 75' lang='lat' dir='ltr'><strong>obnoxium</strong></span> <span class='ocrx_word' id='word_1_94' title='bbox 1619 1259 1845 1314; x_wconf 78' lang='lat' dir='ltr'><strong>lavabo?</strong></span> <span class='ocrx_word' id='word_1_95' title='bbox 1866 1258 2013 1326; x_wconf 80' lang='lat' dir='ltr'><strong>Quo-</strong></span> 
     </span>
    </p>
   </div>
   <div class='ocr_carea' id='block_1_16' title="bbox 435 1351 2011 1425">
    <p class='ocr_par' dir='ltr' id='par_1_16' title="bbox 435 1351 2011 1425">
     <span class='ocr_line' id='line_1_16' title="bbox 435 1351 2011 1425; baseline -0.003 -15"><span class='ocrx_word' id='word_1_96' title='bbox 435 1355 601 1411; x_wconf 84' lang='lat' dir='ltr'><strong>modo</strong></span> <span class='ocrx_word' id='word_1_97' title='bbox 626 1356 797 1425; x_wconf 88' lang='lat' dir='ltr'><strong>ipsam</strong></span> <span class='ocrx_word' id='word_1_98' title='bbox 826 1355 1002 1409; x_wconf 88' lang='lat' dir='ltr'><strong>lucem</strong></span> <span class='ocrx_word' id='word_1_99' title='bbox 1027 1352 1393 1407; x_wconf 90' lang='lat' dir='ltr'><strong>illuminabo?</strong></span> <span class='ocrx_word' id='word_1_100' title='bbox 1417 1351 1736 1423; x_wconf 81' lang='lat' dir='ltr'><strong>Cujusntodi</strong></span> <span class='ocrx_word' id='word_1_101' title='bbox 1766 1368 1932 1422; x_wconf 89' lang='lat' dir='ltr'><strong>super</strong></span> <span class='ocrx_word' id='word_1_102' title='bbox 1959 1362 2011 1406; x_wconf 91' lang='lat' dir='ltr'><strong>te</strong></span> 
     </span>
    </p>
   </div>
   <div class='ocr_carea' id='block_1_17' title="bbox 438 1446 2012 1518">
    <p class='ocr_par' dir='ltr' id='par_1_17' title="bbox 438 1446 2012 1518">
     <span class='ocr_line' id='line_1_17' title="bbox 438 1446 2012 1518; baseline -0.002 -17"><span class='ocrx_word' id='word_1_103' title='bbox 438 1450 740 1504; x_wconf 86' lang='lat' dir='ltr'><strong>orationem</strong></span> <span class='ocrx_word' id='word_1_104' title='bbox 769 1447 965 1503; x_wconf 81' lang='lat' dir='ltr'><strong>faciam</strong></span> <span class='ocrx_word' id='word_1_105' title='bbox 985 1488 1001 1515; x_wconf 92' lang='lat'><strong>,</strong></span> <span class='ocrx_word' id='word_1_106' title='bbox 1033 1449 1127 1518; x_wconf 89' lang='lat' dir='ltr'><strong>qui</strong></span> <span class='ocrx_word' id='word_1_107' title='bbox 1157 1447 1320 1503; x_wconf 87' lang='lat' dir='ltr'><strong>etiam</strong></span> <span class='ocrx_word' id='word_1_108' title='bbox 1344 1461 1533 1502; x_wconf 90' lang='lat' dir='ltr'><strong>eorum</strong></span> <span class='ocrx_word' id='word_1_109' title='bbox 1564 1446 1657 1517; x_wconf 83' lang='lat' dir='ltr'><strong>qui</strong></span> <span class='ocrx_word' id='word_1_110' title='bbox 1688 1454 1739 1500; x_wconf 86' lang='lat' dir='ltr'><strong>te</strong></span> <span class='ocrx_word' id='word_1_111' title='bbox 1762 1446 2012 1516; x_wconf 86' lang='lat' dir='ltr'><strong>ignorant</strong></span> 
     </span>
    </p>
   </div>
   <div class='ocr_carea' id='block_1_18' title="bbox 438 1542 923 1613">
    <p class='ocr_par' dir='ltr' id='par_1_18' title="bbox 438 1542 923 1613">
     <span class='ocr_line' id='line_1_18' title="bbox 438 1542 923 1613; baseline -0.002 -17"><span class='ocrx_word' id='word_1_112' title='bbox 438 1558 628 1613; x_wconf 87' lang='lat' dir='ltr'><strong>preces</strong></span> <span class='ocrx_word' id='word_1_113' title='bbox 653 1542 923 1612; x_wconf 85' lang='lat' dir='ltr'><strong>suscipis?</strong></span> 
     </span>
    </p>
   </div>
   <div class='ocr_carea' id='block_1_19' title="bbox 2099 434 3682 511">
    <p class='ocr_par' dir='ltr' id='par_1_19' title="bbox 2099 434 3682 511">
     <span class='ocr_line' id='line_1_19' title="bbox 2099 434 3682 511; baseline 0.001 -22"><span class='ocrx_word' id='word_1_114' title='bbox 2099 454 2190 501; x_wconf 86' lang='grc' dir='ltr'><strong>τος</strong></span> <span class='ocrx_word' id='word_1_115' title='bbox 2239 437 2493 508; x_wconf 87' lang='grc' dir='ltr'>γενέσθαι</span> <span class='ocrx_word' id='word_1_116' title='bbox 2535 438 2637 491; x_wconf 90' lang='grc' dir='ltr'><strong>οὑκ</strong></span> <span class='ocrx_word' id='word_1_117' title='bbox 2689 434 3038 511; x_wconf 76' lang='grc' dir='ltr'>ἐπῃσχύνθης</span> <span class='ocrx_word' id='word_1_118' title='bbox 3088 434 3212 508; x_wconf 71' lang='grc' dir='ltr'><strong>[ἀλ.</strong></span> <span class='ocrx_word' id='word_1_119' title='bbox 3242 434 3682 506; x_wconf 53' lang='grc' dir='ltr'>ἐπαισχυνθῇςξ·</span> 
     </span>
    </p>
   </div>
   <div class='ocr_carea' id='block_1_20' title="bbox 2101 526 3690 602">
    <p class='ocr_par' dir='ltr' id='par_1_20' title="bbox 2101 526 3690 602">
     <span class='ocr_line' id='line_1_20' title="bbox 2101 526 3690 602; baseline -0.001 -20"><span class='ocrx_word' id='word_1_120' title='bbox 2101 528 2216 582; x_wconf 80' lang='grc' dir='ltr'>ἀλλ’</span> <span class='ocrx_word' id='word_1_121' title='bbox 2255 527 2366 598; x_wconf 81' lang='grc' dir='ltr'><strong>ἐγὼ</strong></span> <span class='ocrx_word' id='word_1_122' title='bbox 2408 529 2477 583; x_wconf 84' lang='grc' dir='ltr'>τὰ</span> <span class='ocrx_word' id='word_1_123' title='bbox 2522 529 2695 602; x_wconf 81' lang='grc' dir='ltr'><strong>μέτρα</strong></span> <span class='ocrx_word' id='word_1_124' title='bbox 2719 530 2817 600; x_wconf 86' lang='grc' dir='ltr'><strong>τῆς</strong></span> <span class='ocrx_word' id='word_1_125' title='bbox 2858 527 3073 598; x_wconf 82' lang='grc' dir='ltr'>φύσεως</span> <span class='ocrx_word' id='word_1_126' title='bbox 3109 526 3400 599; x_wconf 77' lang='grc' dir='ltr'><strong>παρελθεῖν</strong></span> <span class='ocrx_word' id='word_1_127' title='bbox 3428 526 3526 581; x_wconf 89' lang='grc' dir='ltr'><strong>οὑκ</strong></span> <span class='ocrx_word' id='word_1_128' title='bbox 3554 527 3690 581; x_wconf 84' lang='grc' dir='ltr'>ἀνέ-</span> 
     </span>
    </p>
   </div>
   <div class='ocr_carea' id='block_1_21' title="bbox 2102 616 3687 693">
    <p class='ocr_par' dir='ltr' id='par_1_21' title="bbox 2102 616 3687 693">
     <span class='ocr_line' id='line_1_21' title="bbox 2102 616 3687 693; baseline -0.001 -20"><span class='ocrx_word' id='word_1_129' title='bbox 2102 637 2287 691; x_wconf 89' lang='grc' dir='ltr'>χομαι.</span> <span class='ocrx_word' id='word_1_130' title='bbox 2328 620 2656 693; x_wconf 77' lang='grc' dir='ltr'><strong>Ἐπίσταμαι</strong></span> <span class='ocrx_word' id='word_1_131' title='bbox 2697 621 2860 674; x_wconf 87' lang='grc' dir='ltr'>πόσον</span> <span class='ocrx_word' id='word_1_132' title='bbox 2899 619 2960 673; x_wconf 81' lang='grc' dir='ltr'><strong>τὸ</strong></span> <span class='ocrx_word' id='word_1_133' title='bbox 2996 617 3191 691; x_wconf 82' lang='grc' dir='ltr'><strong>μέτρον</strong></span> <span class='ocrx_word' id='word_1_134' title='bbox 3388 617 3449 672; x_wconf 86' lang='grc' dir='ltr'><strong>τδ</strong></span> <span class='ocrx_word' id='word_1_135' title='bbox 3491 616 3687 690; x_wconf 67' lang='grc' dir='ltr'>μέσον]</span> 
     </span>
    </p>
   </div>
   <div class='ocr_carea' id='block_1_22' title="bbox 2105 711 3689 786">
    <p class='ocr_par' dir='ltr' id='par_1_22' title="bbox 2105 711 3689 786">
     <span class='ocr_line' id='line_1_22' title="bbox 2105 711 3689 786; baseline -0.005 -16"><span class='ocrx_word' id='word_1_136' title='bbox 2105 714 2212 786; x_wconf 81' lang='grc' dir='ltr'>γῆς</span> <span class='ocrx_word' id='word_1_137' title='bbox 2252 714 2346 768; x_wconf 79' lang='grc' dir='ltr'>καὶ</span> <span class='ocrx_word' id='word_1_138' title='bbox 2371 712 2736 786; x_wconf 88' lang='grc' dir='ltr'>Δημιουργοῦ.</span> <span class='ocrx_word' id='word_1_139' title='bbox 2784 713 3115 784; x_wconf 77' lang='grc' dir='ltr'><strong>Ἐπίσταμαι</strong></span> <span class='ocrx_word' id='word_1_140' title='bbox 3151 712 3315 768; x_wconf 83' lang='grc' dir='ltr'>πόσον</span> <span class='ocrx_word' id='word_1_141' title='bbox 3339 711 3401 767; x_wconf 76' lang='grc' dir='ltr'>τὸ</span> <span class='ocrx_word' id='word_1_142' title='bbox 3426 712 3689 784; x_wconf 68' lang='grc' dir='ltr'>διάφορον</span> 
     </span>
    </p>
   </div>
   <div class='ocr_carea' id='block_1_23' title="bbox 2108 805 3686 878">
    <p class='ocr_par' dir='ltr' id='par_1_23' title="bbox 2108 805 3686 878">
     <span class='ocr_line' id='line_1_23' title="bbox 2108 805 3686 878; baseline -0.001 -17"><span class='ocrx_word' id='word_1_143' title='bbox 2108 806 2280 878; x_wconf 85' lang='grc' dir='ltr'>πηλοῦ</span> <span class='ocrx_word' id='word_1_144' title='bbox 2315 808 2410 861; x_wconf 74' lang='grc' dir='ltr'>καὶ</span> <span class='ocrx_word' id='word_1_145' title='bbox 2450 806 2708 864; x_wconf 89' lang='grc' dir='ltr'>πλάστου.</span> <span class='ocrx_word' id='word_1_146' title='bbox 2747 806 3077 877; x_wconf 77' lang='grc' dir='ltr'><strong>Ἐπίσταμαι</strong></span> <span class='ocrx_word' id='word_1_147' title='bbox 3126 805 3291 860; x_wconf 80' lang='grc' dir='ltr'>πόσον</span> <span class='ocrx_word' id='word_1_148' title='bbox 3335 806 3396 858; x_wconf 78' lang='grc' dir='ltr'>τὸ</span> <span class='ocrx_word' id='word_1_149' title='bbox 3435 805 3686 878; x_wconf 78' lang='grc' dir='ltr'>κρεῖττόν</span> 
     </span>
    </p>
   </div>
   <div class='ocr_carea' id='block_1_24' title="bbox 2109 898 3690 972">
    <p class='ocr_par' dir='ltr' id='par_1_24' title="bbox 2109 898 3690 972">
     <span class='ocr_line' id='line_1_24' title="bbox 2109 898 3690 972; baseline -0.001 -19"><span class='ocrx_word' id='word_1_150' title='bbox 2109 917 2201 954; x_wconf 92' lang='grc' dir='ltr'><strong>σου</strong></span> <span class='ocrx_word' id='word_1_151' title='bbox 2235 899 2328 954; x_wconf 88' lang='grc' dir='ltr'><strong>τοῦ</strong></span> <span class='ocrx_word' id='word_1_152' title='bbox 2354 899 2503 972; x_wconf 81' lang='grc' dir='ltr'>ἡλίου</span> <span class='ocrx_word' id='word_1_153' title='bbox 2529 900 2628 971; x_wconf 81' lang='grc' dir='ltr'>τῆς</span> <span class='ocrx_word' id='word_1_154' title='bbox 2651 898 3017 971; x_wconf 82' lang='grc' dir='ltr'><strong>δικαιοσύνης,</strong></span> <span class='ocrx_word' id='word_1_155' title='bbox 3044 898 3225 970; x_wconf 82' lang='grc' dir='ltr'>κάμοῦ</span> <span class='ocrx_word' id='word_1_156' title='bbox 3256 898 3348 953; x_wconf 90' lang='grc' dir='ltr'><strong>τοῦ</strong></span> <span class='ocrx_word' id='word_1_157' title='bbox 3373 898 3563 969; x_wconf 84' lang='grc' dir='ltr'>λύχνου</span> <span class='ocrx_word' id='word_1_158' title='bbox 3585 915 3690 951; x_wconf 87' lang='grc' dir='ltr'><strong>σου</strong></span> 
     </span>
    </p>
   </div>
   <div class='ocr_carea' id='block_1_25' title="bbox 2105 988 3693 1063">
    <p class='ocr_par' dir='ltr' id='par_1_25' title="bbox 2105 988 3693 1063">
     <span class='ocr_line' id='line_1_25' title="bbox 2105 988 3693 1063; baseline 0 -20"><span class='ocrx_word' id='word_1_159' title='bbox 2105 991 2206 1062; x_wconf 80' lang='grc' dir='ltr'>τῆς</span> <span class='ocrx_word' id='word_1_160' title='bbox 2233 989 2474 1062; x_wconf 88' lang='grc' dir='ltr'>χάριτος.</span> <span class='ocrx_word' id='word_1_161' title='bbox 2507 991 2569 1043; x_wconf 83' lang='lat' dir='ltr'><strong>Ei</strong></span> <span class='ocrx_word' id='word_1_162' title='bbox 2598 991 2691 1044; x_wconf 75' lang='lat' dir='ltr'><strong>xui</strong></span> <span class='ocrx_word' id='word_1_163' title='bbox 2716 990 2778 1043; x_wconf 85' lang='grc' dir='ltr'><strong>τὸ</strong></span> <span class='ocrx_word' id='word_1_164' title='bbox 2803 988 3042 1063; x_wconf 85' lang='grc' dir='ltr'>καθαρὸν</span> <span class='ocrx_word' id='word_1_165' title='bbox 3086 989 3249 1060; x_wconf 82' lang='grc' dir='ltr'>νέφος</span> <span class='ocrx_word' id='word_1_166' title='bbox 3291 989 3383 1044; x_wconf 90' lang='grc' dir='ltr'><strong>τοῦ</strong></span> <span class='ocrx_word' id='word_1_167' title='bbox 3434 988 3693 1061; x_wconf 81' lang='grc' dir='ltr'>σώματος</span> 
     </span>
    </p>
   </div>
   <div class='ocr_carea' id='block_1_26' title="bbox 2110 1077 3691 1152">
    <p class='ocr_par' dir='ltr' id='par_1_26' title="bbox 2110 1077 3691 1152">
     <span class='ocr_line' id='line_1_26' title="bbox 2110 1077 3691 1152; baseline -0.001 -18"><span class='ocrx_word' id='word_1_168' title='bbox 2110 1079 2518 1152; x_wconf 90' lang='grc' dir='ltr'>περιϐέϐλησαι,</span> <span class='ocrx_word' id='word_1_169' title='bbox 2551 1079 2665 1133; x_wconf 85' lang='grc' dir='ltr'>ἀλλ’</span> <span class='ocrx_word' id='word_1_170' title='bbox 2701 1078 2811 1148; x_wconf 78' lang='grc' dir='ltr'><strong>ἐγὼ</strong></span> <span class='ocrx_word' id='word_1_171' title='bbox 2848 1077 3197 1148; x_wconf 83' lang='grc' dir='ltr'>ἐπιγινώσκω</span> <span class='ocrx_word' id='word_1_172' title='bbox 3227 1079 3325 1151; x_wconf 79' lang='grc' dir='ltr'>τὴν</span> <span class='ocrx_word' id='word_1_173' title='bbox 3358 1078 3455 1152; x_wconf 80' lang='grc' dir='ltr'><strong>σὴν</strong></span> <span class='ocrx_word' id='word_1_174' title='bbox 3487 1079 3691 1133; x_wconf 72' lang='grc' dir='ltr'>δεσπο-</span> 
     </span>
    </p>
   </div>
   <div class='ocr_carea' id='block_1_27' title="bbox 2106 1168 3694 1242">
    <p class='ocr_par' dir='ltr' id='par_1_27' title="bbox 2106 1168 3694 1242">
     <span class='ocr_line' id='line_1_27' title="bbox 2106 1168 3694 1242; baseline 0 -20"><span class='ocrx_word' id='word_1_175' title='bbox 2106 1169 2278 1222; x_wconf 86' lang='grc' dir='ltr'>τείαν.</span> <span class='ocrx_word' id='word_1_176' title='bbox 2346 1168 2621 1240; x_wconf 82' lang='grc' dir='ltr'>Ὁμολογῶ</span> <span class='ocrx_word' id='word_1_177' title='bbox 2676 1168 2775 1239; x_wconf 77' lang='grc' dir='ltr'>τὴν</span> <span class='ocrx_word' id='word_1_178' title='bbox 2829 1169 3064 1240; x_wconf 79' lang='grc' dir='ltr'>ἐμαυτοῦ</span> <span class='ocrx_word' id='word_1_179' title='bbox 3116 1169 3378 1235; x_wconf 79' lang='grc' dir='ltr'>δουλείαν,</span> <span class='ocrx_word' id='word_1_180' title='bbox 3431 1169 3694 1242; x_wconf 75' lang='grc' dir='ltr'>κηρύττω</span> 
     </span>
    </p>
   </div>
   <div class='ocr_carea' id='block_1_28' title="bbox 2115 1245 3690 1333">
    <p class='ocr_par' dir='ltr' id='par_1_28' title="bbox 2115 1245 3690 1333">
     <span class='ocr_line' id='line_1_28' title="bbox 2115 1245 3690 1333; baseline 0.001 -21"><span class='ocrx_word' id='word_1_181' title='bbox 2115 1259 2213 1332; x_wconf 76' lang='grc' dir='ltr'>τὴν</span> <span class='ocrx_word' id='word_1_182' title='bbox 2242 1261 2339 1331; x_wconf 77' lang='grc' dir='ltr'>σὴν</span> <span class='ocrx_word' id='word_1_183' title='bbox 2388 1260 2878 1331; x_wconf 84' lang='grc' dir='ltr'>μεγαλοπρέπειαν.</span> <span class='ocrx_word' id='word_1_184' title='bbox 2911 1260 3286 1329; x_wconf 85' lang='grc' dir='ltr'>Ἐπιγινώσκω</span> <span class='ocrx_word' id='word_1_185' title='bbox 3317 1260 3416 1333; x_wconf 79' lang='grc' dir='ltr'>τὴν</span> <span class='ocrx_word' id='word_1_186' title='bbox 3447 1245 3559 1332; x_wconf 64' lang='grc' dir='ltr'>Ῐσῆν</span> <span class='ocrx_word' id='word_1_187' title='bbox 3595 1260 3690 1313; x_wconf 82' lang='grc' dir='ltr'>δε-</span> 
     </span>
    </p>
   </div>
   <div class='ocr_carea' id='block_1_29' title="bbox 2117 1351 3688 1425">
    <p class='ocr_par' dir='ltr' id='par_1_29' title="bbox 2117 1351 3688 1425">
     <span class='ocr_line' id='line_1_29' title="bbox 2117 1351 3688 1425; baseline 0.001 -20"><span class='ocrx_word' id='word_1_188' title='bbox 2117 1351 2369 1408; x_wconf 86' lang='grc' dir='ltr'>σποτείαν</span> <span class='ocrx_word' id='word_1_189' title='bbox 2390 1352 2619 1417; x_wconf 88' lang='grc' dir='ltr'>τελείαν,</span> <span class='ocrx_word' id='word_1_190' title='bbox 2638 1351 2984 1422; x_wconf 80' lang='grc' dir='ltr'>ἐπιγινώσκω</span> <span class='ocrx_word' id='word_1_191' title='bbox 3006 1352 3102 1424; x_wconf 75' lang='grc' dir='ltr'><strong>τὴν</strong></span> <span class='ocrx_word' id='word_1_192' title='bbox 3128 1352 3365 1425; x_wconf 76' lang='grc' dir='ltr'>ἐμαυτοῦ</span> <span class='ocrx_word' id='word_1_193' title='bbox 3390 1352 3688 1407; x_wconf 82' lang='grc' dir='ltr'>εὐτέλειαν.</span> 
     </span>
    </p>
   </div>
   <div class='ocr_carea' id='block_1_30' title="bbox 2111 1440 3713 1516">
    <p class='ocr_par' dir='ltr' id='par_1_30' title="bbox 2111 1440 3713 1516">
     <span class='ocr_line' id='line_1_30' title="bbox 2111 1440 3713 1516; baseline 0.002 -18"><span class='ocrx_word' id='word_1_194' title='bbox 2111 1447 2232 1499; x_wconf 87' lang='grc' dir='ltr'><strong>Οὐκ</strong></span> <span class='ocrx_word' id='word_1_195' title='bbox 2263 1445 2379 1515; x_wconf 77' lang='grc' dir='ltr'>εἰμί</span> <span class='ocrx_word' id='word_1_196' title='bbox 2410 1445 2613 1512; x_wconf 78' lang='grc' dir='ltr'>ἱκανὸς</span> <span class='ocrx_word' id='word_1_197' title='bbox 2634 1445 2822 1501; x_wconf 72' lang='grc' dir='ltr'>λῦσαι</span> <span class='ocrx_word' id='word_1_198' title='bbox 2852 1444 2958 1500; x_wconf 81' lang='grc' dir='ltr'><strong>τὸν</strong></span> <span class='ocrx_word' id='word_1_199' title='bbox 2996 1446 3211 1516; x_wconf 77' lang='grc' dir='ltr'>ἱμάντα</span> <span class='ocrx_word' id='word_1_200' title='bbox 3240 1445 3347 1500; x_wconf 86' lang='grc' dir='ltr'><strong>τοῦ</strong></span> <span class='ocrx_word' id='word_1_201' title='bbox 3377 1440 3713 1513; x_wconf 73' lang='grc' dir='ltr'>ὑποδήμαο’</span> 
     </span>
    </p>
   </div>
   <div class='ocr_carea' id='block_1_31' title="bbox 2116 1537 3695 1626">
    <p class='ocr_par' dir='ltr' id='par_1_31' title="bbox 2116 1537 3695 1626">
     <span class='ocr_line' id='line_1_31' title="bbox 2116 1537 3695 1626; baseline 0.001 -37"><span class='ocrx_word' id='word_1_202' title='bbox 2116 1538 2217 1603; x_wconf 85' lang='grc' dir='ltr'>τός</span> <span class='ocrx_word' id='word_1_203' title='bbox 2246 1553 2363 1592; x_wconf 83' lang='grc' dir='ltr'><strong>σου</strong></span> <span class='ocrx_word' id='word_1_204' title='bbox 2380 1555 2394 1569; x_wconf 72' lang='grc'><strong>⁸</strong></span> <span class='ocrx_word' id='word_1_205' title='bbox 2423 1539 2521 1593; x_wconf 74' lang='grc' dir='ltr'>καὶ</span> <span class='ocrx_word' id='word_1_206' title='bbox 2549 1538 2665 1603; x_wconf 84' lang='grc' dir='ltr'>πῶς</span> <span class='ocrx_word' id='word_1_207' title='bbox 2694 1537 2959 1626; x_wconf 57' lang='grc' dir='ltr'><strong>ἴλιιιασθαιν</strong></span> <span class='ocrx_word' id='word_1_208' title='bbox 2979 1539 3233 1610; x_wconf 81' lang='grc' dir='ltr'>τολμήσω</span> <span class='ocrx_word' id='word_1_209' title='bbox 3279 1539 3381 1609; x_wconf 77' lang='grc' dir='ltr'>τῆς</span> <span class='ocrx_word' id='word_1_210' title='bbox 3424 1539 3695 1609; x_wconf 77' lang='grc' dir='ltr'>ἀχράντου</span> 
     </span>
    </p>
   </div>
   <div class='ocr_carea' id='block_1_32' title="bbox 439 1631 3692 1715">
    <p class='ocr_par' dir='ltr' id='par_1_32' title="bbox 439 1631 3692 1715">
     <span class='ocr_line' id='line_1_32' title="bbox 439 1631 3692 1715; baseline -0.003 -21"><span class='ocrx_word' id='word_1_211' title='bbox 439 1656 535 1715; x_wconf 81' lang='grc' dir='ltr'><strong>σου</strong></span> <span class='ocrx_word' id='word_1_212' title='bbox 566 1640 841 1711; x_wconf 82' lang='grc' dir='ltr'>κορυφῆς;</span> <span class='ocrx_word' id='word_1_213' title='bbox 872 1638 997 1702; x_wconf 84' lang='grc' dir='ltr'><strong>Πῶς</strong></span> <span class='ocrx_word' id='word_1_214' title='bbox 1039 1638 1263 1693; x_wconf 87' lang='grc' dir='ltr'>ἐκτείνω</span> <span class='ocrx_word' id='word_1_215' title='bbox 1303 1636 1401 1708; x_wconf 82' lang='grc' dir='ltr'>τὴν</span> <span class='ocrx_word' id='word_1_216' title='bbox 1446 1632 1621 1700; x_wconf 78' lang='grc' dir='ltr'>δεξιὰν</span> <span class='ocrx_word' id='word_1_217' title='bbox 1664 1634 1757 1687; x_wconf 72' lang='grc' dir='ltr'>ἐπὶ</span> <span class='ocrx_word' id='word_1_218' title='bbox 1816 1632 1896 1697; x_wconf 85' lang='grc' dir='ltr'><strong>σέ,</strong></span> <span class='ocrx_word' id='word_1_219' title='bbox 1924 1631 2016 1686; x_wconf 83' lang='grc' dir='ltr'><strong>τδν</strong></span> <span class='ocrx_word' id='word_1_220' title='bbox 2059 1632 2373 1689; x_wconf 77' lang='grc' dir='ltr'>ἐκτείναντα</span> <span class='ocrx_word' id='word_1_221' title='bbox 2418 1632 2538 1706; x_wconf 72' lang='grc' dir='ltr'><strong>[ἄλ.</strong></span> <span class='ocrx_word' id='word_1_222' title='bbox 2582 1632 2912 1705; x_wconf 84' lang='grc' dir='ltr'>ἐκτείνοντα]</span> <span class='ocrx_word' id='word_1_223' title='bbox 2936 1634 3027 1690; x_wconf 82' lang='grc' dir='ltr'><strong>τὸν</strong></span> <span class='ocrx_word' id='word_1_224' title='bbox 3071 1633 3299 1705; x_wconf 77' lang='grc' dir='ltr'>οὑρανδν</span> <span class='ocrx_word' id='word_1_225' title='bbox 3334 1633 3465 1686; x_wconf 84' lang='grc' dir='ltr'><strong>ὼσεὶ</strong></span> <span class='ocrx_word' id='word_1_226' title='bbox 3486 1631 3692 1704; x_wconf 76' lang='grc' dir='ltr'>δέρριν,</span> 
     </span>
    </p>
   </div>
   <div class='ocr_carea' id='block_1_33' title="bbox 438 1723 3693 1804">
    <p class='ocr_par' dir='ltr' id='par_1_33' title="bbox 438 1723 3693 1804">
     <span class='ocr_line' id='line_1_33' title="bbox 438 1723 3693 1804; baseline -0.003 -17"><span class='ocrx_word' id='word_1_227' title='bbox 438 1732 533 1787; x_wconf 84' lang='grc' dir='ltr'><strong>καὶ</strong></span> <span class='ocrx_word' id='word_1_228' title='bbox 580 1731 677 1803; x_wconf 83' lang='grc' dir='ltr'><strong>τὴν</strong></span> <span class='ocrx_word' id='word_1_229' title='bbox 705 1732 808 1804; x_wconf 83' lang='grc' dir='ltr'><strong>γῆν</strong></span> <span class='ocrx_word' id='word_1_230' title='bbox 844 1732 936 1785; x_wconf 76' lang='grc' dir='ltr'><strong>ἐπὶ</strong></span> <span class='ocrx_word' id='word_1_231' title='bbox 981 1730 1188 1785; x_wconf 79' lang='grc' dir='ltr'>ὑδάτων</span> <span class='ocrx_word' id='word_1_232' title='bbox 1216 1728 1544 1799; x_wconf 86' lang='grc' dir='ltr'>ἐδράσαντα;</span> <span class='ocrx_word' id='word_1_233' title='bbox 1588 1725 1713 1790; x_wconf 85' lang='grc' dir='ltr'><strong>Πῶς</strong></span> <span class='ocrx_word' id='word_1_234' title='bbox 1739 1723 2044 1795; x_wconf 79' lang='grc' dir='ltr'>ἐφαπλώσω</span> <span class='ocrx_word' id='word_1_235' title='bbox 2093 1725 2217 1787; x_wconf 77' lang='grc' dir='ltr'>τοὺς</span> <span class='ocrx_word' id='word_1_236' title='bbox 2269 1726 2570 1791; x_wconf 85' lang='grc' dir='ltr'>οίκετικούς</span> <span class='ocrx_word' id='word_1_237' title='bbox 2607 1743 2706 1797; x_wconf 90' lang='grc' dir='ltr'><strong>μου</strong></span> <span class='ocrx_word' id='word_1_238' title='bbox 2739 1724 3036 1791; x_wconf 80' lang='grc' dir='ltr'>δακτύλους</span> <span class='ocrx_word' id='word_1_239' title='bbox 3061 1728 3125 1797; x_wconf 82' lang='grc' dir='ltr'>τῇ</span> <span class='ocrx_word' id='word_1_240' title='bbox 3158 1725 3278 1799; x_wconf 74' lang='grc' dir='ltr'>θείᾳ</span> <span class='ocrx_word' id='word_1_241' title='bbox 3318 1742 3411 1778; x_wconf 90' lang='grc' dir='ltr'><strong>σου</strong></span> <span class='ocrx_word' id='word_1_242' title='bbox 3448 1724 3693 1795; x_wconf 69' lang='grc' dir='ltr'>κορυφῇς</span> 
     </span>
    </p>
   </div>
   <div class='ocr_carea' id='block_1_34' title="bbox 438 1817 3697 1893">
    <p class='ocr_par' dir='ltr' id='par_1_34' title="bbox 438 1817 3697 1893">
     <span class='ocr_line' id='line_1_34' title="bbox 438 1817 3697 1893; baseline -0.003 -14"><span class='ocrx_word' id='word_1_243' title='bbox 438 1824 564 1889; x_wconf 85' lang='grc' dir='ltr'><strong>Πῶς</strong></span> <span class='ocrx_word' id='word_1_244' title='bbox 593 1824 769 1879; x_wconf 90' lang='grc' dir='ltr'>λούσω</span> <span class='ocrx_word' id='word_1_245' title='bbox 798 1825 888 1879; x_wconf 87' lang='grc' dir='ltr'><strong>τὸν</strong></span> <span class='ocrx_word' id='word_1_246' title='bbox 917 1823 1165 1888; x_wconf 82' lang='grc' dir='ltr'>ἄσπιλον,</span> <span class='ocrx_word' id='word_1_247' title='bbox 1194 1825 1288 1879; x_wconf 75' lang='grc' dir='ltr'><strong>καὶ</strong></span> <span class='ocrx_word' id='word_1_248' title='bbox 1314 1822 1404 1877; x_wconf 76' lang='grc' dir='ltr'>τὸν</span> <span class='ocrx_word' id='word_1_249' title='bbox 1453 1821 1871 1892; x_wconf 83' lang='grc' dir='ltr'>ἁναμάρτητον;</span> <span class='ocrx_word' id='word_1_250' title='bbox 1903 1818 2029 1883; x_wconf 83' lang='grc' dir='ltr'><strong>Πῶς</strong></span> <span class='ocrx_word' id='word_1_251' title='bbox 2075 1820 2294 1887; x_wconf 76' lang='grc' dir='ltr'>φωτίσω</span> <span class='ocrx_word' id='word_1_252' title='bbox 2325 1820 2386 1875; x_wconf 74' lang='grc' dir='ltr'>τὸ</span> <span class='ocrx_word' id='word_1_253' title='bbox 2411 1820 2560 1890; x_wconf 76' lang='grc' dir='ltr'>φῶςς</span> <span class='ocrx_word' id='word_1_254' title='bbox 2587 1820 2752 1875; x_wconf 87' lang='grc' dir='ltr'>Ποίαν</span> <span class='ocrx_word' id='word_1_255' title='bbox 2784 1821 3080 1893; x_wconf 85' lang='grc' dir='ltr'>ποιήσομαι</span> <span class='ocrx_word' id='word_1_256' title='bbox 3127 1819 3222 1873; x_wconf 74' lang='grc' dir='ltr'>ἐπὶ</span> <span class='ocrx_word' id='word_1_257' title='bbox 3276 1819 3337 1873; x_wconf 87' lang='grc' dir='ltr'><strong>σέ</strong></span> <span class='ocrx_word' id='word_1_258' title='bbox 3370 1817 3697 1890; x_wconf 78' lang='grc' dir='ltr'>προσευχὴν,</span> 
     </span>
    </p>
   </div>
   <div class='ocr_carea' id='block_1_35' title="bbox 439 1915 2191 1991">
    <p class='ocr_par' dir='ltr' id='par_1_35' title="bbox 439 1915 2191 1991">
     <span class='ocr_line' id='line_1_35' title="bbox 439 1915 2191 1991; baseline -0.003 -18"><span class='ocrx_word' id='word_1_259' title='bbox 439 1919 532 1973; x_wconf 80' lang='grc' dir='ltr'><strong>τὸν</strong></span> <span class='ocrx_word' id='word_1_260' title='bbox 556 1919 984 1991; x_wconf 87' lang='grc' dir='ltr'>προσδεχόμενον</span> <span class='ocrx_word' id='word_1_261' title='bbox 1018 1919 1115 1973; x_wconf 80' lang='grc' dir='ltr'>καὶ</span> <span class='ocrx_word' id='word_1_262' title='bbox 1139 1918 1239 1982; x_wconf 83' lang='grc' dir='ltr'>τὰς</span> <span class='ocrx_word' id='word_1_263' title='bbox 1263 1917 1370 1971; x_wconf 86' lang='grc' dir='ltr'>τῶν</span> <span class='ocrx_word' id='word_1_264' title='bbox 1390 1915 1728 1985; x_wconf 76' lang='grc' dir='ltr'>ἀγνοούντων</span> <span class='ocrx_word' id='word_1_265' title='bbox 1763 1930 1823 1967; x_wconf 91' lang='grc' dir='ltr'><strong>σε</strong></span> <span class='ocrx_word' id='word_1_266' title='bbox 1857 1915 2191 1988; x_wconf 77' lang='grc' dir='ltr'>προσευχάςς</span> 
     </span>
    </p>
   </div>
   <div class='ocr_carea' id='block_1_36' title="bbox 509 2009 2022 2085">
    <p class='ocr_par' dir='ltr' id='par_1_36' title="bbox 509 2009 2016 2085">
     <span class='ocr_line' id='line_1_36' title="bbox 509 2009 2016 2085; baseline -0.003 -18"><span class='ocrx_word' id='word_1_267' title='bbox 509 2015 661 2070; x_wconf 83' lang='lat' dir='ltr'><strong>Alios</strong></span> <span class='ocrx_word' id='word_1_268' title='bbox 692 2016 821 2070; x_wconf 90' lang='lat' dir='ltr'><strong>dum</strong></span> <span class='ocrx_word' id='word_1_269' title='bbox 851 2015 1088 2085; x_wconf 86' lang='lat' dir='ltr'><strong>baptizo,</strong></span> <span class='ocrx_word' id='word_1_270' title='bbox 1115 2014 1168 2068; x_wconf 92' lang='lat' dir='ltr'><strong>in</strong></span> <span class='ocrx_word' id='word_1_271' title='bbox 1201 2024 1296 2068; x_wconf 88' lang='lat' dir='ltr'><strong>tuo</strong></span> <span class='ocrx_word' id='word_1_272' title='bbox 1343 2012 1565 2066; x_wconf 88' lang='lat' dir='ltr'><strong>nomine</strong></span> <span class='ocrx_word' id='word_1_273' title='bbox 1586 2010 1836 2080; x_wconf 88' lang='lat' dir='ltr'><strong>baptizo;</strong></span> <span class='ocrx_word' id='word_1_274' title='bbox 1870 2018 1930 2063; x_wconf 92' lang='lat' dir='ltr'><strong>ut</strong></span> <span class='ocrx_word' id='word_1_275' title='bbox 1963 2009 2016 2063; x_wconf 92' lang='lat' dir='ltr'><strong>in</strong></span> 
     </span>
    </p>
   </div>
   <div class='ocr_carea' id='block_1_37' title="bbox 2124 2009 3696 2085">
    <p class='ocr_par' dir='ltr' id='par_1_37' title="bbox 2187 2010 3696 2084">
     <span class='ocr_line' id='line_1_37' title="bbox 2187 2010 3696 2084; baseline 0 -20"><span class='ocrx_word' id='word_1_276' title='bbox 2187 2010 2329 2075; x_wconf 81' lang='grc' dir='ltr'>Τοὺς</span> <span class='ocrx_word' id='word_1_277' title='bbox 2355 2010 2549 2076; x_wconf 72' lang='grc' dir='ltr'>ἄλλους</span> <span class='ocrx_word' id='word_1_278' title='bbox 2581 2011 2877 2084; x_wconf 80' lang='grc' dir='ltr'>βαπτίζων,</span> <span class='ocrx_word' id='word_1_279' title='bbox 2904 2015 2982 2077; x_wconf 86' lang='grc' dir='ltr'><strong>είς</strong></span> <span class='ocrx_word' id='word_1_280' title='bbox 3015 2013 3077 2067; x_wconf 80' lang='grc' dir='ltr'><strong>τὸ</strong></span> <span class='ocrx_word' id='word_1_281' title='bbox 3105 2012 3196 2066; x_wconf 76' lang='grc' dir='ltr'>σὺν</span> <span class='ocrx_word' id='word_1_282' title='bbox 3220 2012 3392 2083; x_wconf 82' lang='grc' dir='ltr'>ὄνομα</span> <span class='ocrx_word' id='word_1_283' title='bbox 3431 2010 3696 2082; x_wconf 75' lang='grc' dir='ltr'>βαπτίζω,</span> 
     </span>
    </p>
   </div>
   <div class='ocr_carea' id='block_1_38' title="bbox 444 2100 2020 2175">
    <p class='ocr_par' dir='ltr' id='par_1_38' title="bbox 444 2100 2020 2175">
     <span class='ocr_line' id='line_1_38' title="bbox 444 2100 2020 2175; baseline -0.003 -16"><span class='ocrx_word' id='word_1_284' title='bbox 444 2115 499 2160; x_wconf 90' lang='lat' dir='ltr'><strong>te</strong></span> <span class='ocrx_word' id='word_1_285' title='bbox 521 2121 644 2159; x_wconf 88' lang='lat' dir='ltr'><strong>cum</strong></span> <span class='ocrx_word' id='word_1_286' title='bbox 673 2105 842 2175; x_wconf 87' lang='lat' dir='ltr'><strong>gloria</strong></span> <span class='ocrx_word' id='word_1_287' title='bbox 862 2105 1169 2160; x_wconf 78' lang='lat' dir='ltr'><strong>venientem</strong></span> <span class='ocrx_word' id='word_1_288' title='bbox 1194 2102 1449 2168; x_wconf 87' lang='lat' dir='ltr'><strong>credant;</strong></span> <span class='ocrx_word' id='word_1_289' title='bbox 1478 2111 1528 2157; x_wconf 90' lang='lat' dir='ltr'><strong>te</strong></span> <span class='ocrx_word' id='word_1_290' title='bbox 1557 2117 1685 2156; x_wconf 86' lang='lat' dir='ltr'><strong>vero</strong></span> <span class='ocrx_word' id='word_1_291' title='bbox 1715 2100 2020 2169; x_wconf 87' lang='lat' dir='ltr'><strong>baptizans,</strong></span> 
     </span>
    </p>
   </div>
   <div class='ocr_carea' id='block_1_39' title="bbox 442 2193 2022 2267">
    <p class='ocr_par' dir='ltr' id='par_1_39' title="bbox 442 2193 2022 2267">
     <span class='ocr_line' id='line_1_39' title="bbox 442 2193 2022 2267; baseline -0.004 -14"><span class='ocrx_word' id='word_1_292' title='bbox 442 2197 604 2267; x_wconf 83' lang='lat' dir='ltr'><strong>cujus</strong></span> <span class='ocrx_word' id='word_1_293' title='bbox 635 2197 967 2253; x_wconf 88' lang='lat' dir='ltr'><strong>mentionem</strong></span> <span class='ocrx_word' id='word_1_294' title='bbox 1001 2196 1238 2252; x_wconf 77' lang='lat' dir='ltr'><strong>faciam?</strong></span> <span class='ocrx_word' id='word_1_295' title='bbox 1272 2195 1327 2250; x_wconf 93' lang='lat' dir='ltr'><strong>In</strong></span> <span class='ocrx_word' id='word_1_296' title='bbox 1377 2195 1535 2265; x_wconf 89' lang='lat' dir='ltr'><strong>cujus</strong></span> <span class='ocrx_word' id='word_1_297' title='bbox 1569 2202 1624 2250; x_wconf 91' lang='lat' dir='ltr'><strong>te</strong></span> <span class='ocrx_word' id='word_1_298' title='bbox 1674 2194 1895 2248; x_wconf 88' lang='lat' dir='ltr'><strong>nomine</strong></span> <span class='ocrx_word' id='word_1_299' title='bbox 1924 2193 2022 2248; x_wconf 80' lang='lat' dir='ltr'><strong>ba-</strong></span> 
     </span>
    </p>
   </div>
   <div class='ocr_carea' id='block_1_40' title="bbox 443 2283 2023 2358">
    <p class='ocr_par' dir='ltr' id='par_1_40' title="bbox 443 2283 2023 2358">
     <span class='ocr_line' id='line_1_40' title="bbox 443 2283 2023 2358; baseline -0.003 -16"><span class='ocrx_word' id='word_1_300' title='bbox 443 2288 699 2358; x_wconf 84' lang='lat' dir='ltr'><strong>ptizabo?</strong></span> <span class='ocrx_word' id='word_1_301' title='bbox 731 2287 813 2341; x_wconf 87' lang='lat' dir='ltr'><strong>An</strong></span> <span class='ocrx_word' id='word_1_302' title='bbox 855 2286 910 2341; x_wconf 88' lang='lat' dir='ltr'><strong>in</strong></span> <span class='ocrx_word' id='word_1_303' title='bbox 948 2286 1169 2341; x_wconf 91' lang='lat' dir='ltr'><strong>nomine</strong></span> <span class='ocrx_word' id='word_1_304' title='bbox 1234 2284 1447 2340; x_wconf 86' lang='lat' dir='ltr'><strong>Patris?</strong></span> <span class='ocrx_word' id='word_1_305' title='bbox 1502 2285 1572 2339; x_wconf 82' lang='lat' dir='ltr'><strong>At</strong></span> <span class='ocrx_word' id='word_1_306' title='bbox 1624 2293 1800 2339; x_wconf 88' lang='lat' dir='ltr'><strong>totum</strong></span> <span class='ocrx_word' id='word_1_307' title='bbox 1855 2283 2023 2338; x_wconf 87' lang='lat' dir='ltr'><strong>habes</strong></span> 
     </span>
    </p>
   </div>
   <div class='ocr_carea' id='block_1_41' title="bbox 442 2376 2025 2450">
    <p class='ocr_par' dir='ltr' id='par_1_41' title="bbox 442 2376 2025 2450">
     <span class='ocr_line' id='line_1_41' title="bbox 442 2376 2025 2450; baseline -0.004 -14"><span class='ocrx_word' id='word_1_308' title='bbox 442 2379 660 2436; x_wconf 83' lang='lat' dir='ltr'><strong>Patrem</strong></span> <span class='ocrx_word' id='word_1_309' title='bbox 684 2380 740 2435; x_wconf 92' lang='lat' dir='ltr'><strong>in</strong></span> <span class='ocrx_word' id='word_1_310' title='bbox 763 2381 962 2450; x_wconf 91' lang='lat' dir='ltr'><strong>teipso,</strong></span> <span class='ocrx_word' id='word_1_311' title='bbox 991 2388 1045 2433; x_wconf 87' lang='lat' dir='ltr'><strong>et</strong></span> <span class='ocrx_word' id='word_1_312' title='bbox 1073 2388 1220 2434; x_wconf 89' lang='lat' dir='ltr'><strong>totus</strong></span> <span class='ocrx_word' id='word_1_313' title='bbox 1249 2378 1301 2432; x_wconf 89' lang='lat' dir='ltr'><strong>in</strong></span> <span class='ocrx_word' id='word_1_314' title='bbox 1326 2376 1483 2431; x_wconf 82' lang='lat' dir='ltr'><strong>Patre</strong></span> <span class='ocrx_word' id='word_1_315' title='bbox 1508 2392 1591 2432; x_wconf 76' lang='lat' dir='ltr'><strong>es.</strong></span> <span class='ocrx_word' id='word_1_316' title='bbox 1614 2376 1696 2430; x_wconf 84' lang='lat' dir='ltr'><strong>An</strong></span> <span class='ocrx_word' id='word_1_317' title='bbox 1723 2376 1774 2429; x_wconf 92' lang='lat' dir='ltr'><strong>in</strong></span> <span class='ocrx_word' id='word_1_318' title='bbox 1802 2376 2025 2431; x_wconf 90' lang='lat' dir='ltr'><strong>nomine</strong></span> 
     </span>
    </p>
   </div>
   <div class='ocr_carea' id='block_1_42' title="bbox 443 2466 2020 2542">
    <p class='ocr_par' dir='ltr' id='par_1_42' title="bbox 443 2466 2020 2542">
     <span class='ocr_line' id='line_1_42' title="bbox 443 2466 2020 2542; baseline -0.005 -13"><span class='ocrx_word' id='word_1_319' title='bbox 443 2473 693 2530; x_wconf 82' lang='lat' dir='ltr'><strong>Filii?At</strong></span> <span class='ocrx_word' id='word_1_320' title='bbox 723 2488 832 2527; x_wconf 90' lang='lat' dir='ltr'><strong>non</strong></span> <span class='ocrx_word' id='word_1_321' title='bbox 858 2481 942 2527; x_wconf 88' lang='lat' dir='ltr'><strong>est</strong></span> <span class='ocrx_word' id='word_1_322' title='bbox 970 2480 1167 2542; x_wconf 66' lang='lat' dir='ltr'><strong>praeter</strong></span> <span class='ocrx_word' id='word_1_323' title='bbox 1197 2480 1248 2525; x_wconf 91' lang='lat' dir='ltr'><strong>te</strong></span> <span class='ocrx_word' id='word_1_324' title='bbox 1281 2470 1423 2525; x_wconf 89' lang='lat' dir='ltr'><strong>alius</strong></span> <span class='ocrx_word' id='word_1_325' title='bbox 1468 2478 1664 2524; x_wconf 88' lang='lat' dir='ltr'><strong>natura</strong></span> <span class='ocrx_word' id='word_1_326' title='bbox 1696 2466 1869 2523; x_wconf 86' lang='lat' dir='ltr'><strong>Filius</strong></span> <span class='ocrx_word' id='word_1_327' title='bbox 1905 2466 2020 2523; x_wconf 89' lang='lat' dir='ltr'><strong>Dei.</strong></span> 
     </span>
    </p>
   </div>
   <div class='ocr_carea' id='block_1_43' title="bbox 443 2562 2025 2634">
    <p class='ocr_par' dir='ltr' id='par_1_43' title="bbox 443 2562 2025 2634">
     <span class='ocr_line' id='line_1_43' title="bbox 443 2562 2025 2634; baseline -0.004 -13"><span class='ocrx_word' id='word_1_328' title='bbox 443 2565 529 2621; x_wconf 80' lang='lat' dir='ltr'><strong>Au</strong></span> <span class='ocrx_word' id='word_1_329' title='bbox 565 2566 619 2620; x_wconf 95' lang='lat' dir='ltr'><strong>in</strong></span> <span class='ocrx_word' id='word_1_330' title='bbox 654 2566 875 2619; x_wconf 88' lang='lat' dir='ltr'><strong>nomine</strong></span> <span class='ocrx_word' id='word_1_331' title='bbox 910 2563 1146 2634; x_wconf 89' lang='lat' dir='ltr'><strong>Spiritus</strong></span> <span class='ocrx_word' id='word_1_332' title='bbox 1182 2562 1407 2618; x_wconf 86' lang='lat' dir='ltr'><strong>sancti?</strong></span> <span class='ocrx_word' id='word_1_333' title='bbox 1449 2562 1519 2616; x_wconf 80' lang='lat' dir='ltr'><strong>At</strong></span> <span class='ocrx_word' id='word_1_334' title='bbox 1565 2576 1781 2631; x_wconf 90' lang='lat' dir='ltr'><strong>semper</strong></span> <span class='ocrx_word' id='word_1_335' title='bbox 1808 2576 1917 2615; x_wconf 86' lang='lat' dir='ltr'><strong>una</strong></span> <span class='ocrx_word' id='word_1_336' title='bbox 1946 2568 2025 2615; x_wconf 84' lang='lat' dir='ltr'><strong>te-</strong></span> 
     </span>
    </p>
   </div>
   <div class='ocr_carea' id='block_1_44' title="bbox 443 2654 2025 2726">
    <p class='ocr_par' dir='ltr' id='par_1_44' title="bbox 443 2654 2025 2726">
     <span class='ocr_line' id='line_1_44' title="bbox 443 2654 2025 2726; baseline -0.004 -11"><span class='ocrx_word' id='word_1_337' title='bbox 443 2674 570 2715; x_wconf 90' lang='lat' dir='ltr'><strong>cum</strong></span> <span class='ocrx_word' id='word_1_338' title='bbox 597 2667 682 2713; x_wconf 90' lang='lat' dir='ltr'><strong>est</strong></span> <span class='ocrx_word' id='word_1_339' title='bbox 736 2667 796 2713; x_wconf 90' lang='lat' dir='ltr'><strong>ut</strong></span> <span class='ocrx_word' id='word_1_340' title='bbox 825 2655 1315 2714; x_wconf 83' lang='lat' dir='ltr'><strong>consubstantialis</strong></span> <span class='ocrx_word' id='word_1_341' title='bbox 1343 2655 1439 2709; x_wconf 88' lang='lat' dir='ltr'><strong>tibi</strong></span> <span class='ocrx_word' id='word_1_342' title='bbox 1471 2664 1525 2709; x_wconf 91' lang='lat' dir='ltr'><strong>et</strong></span> <span class='ocrx_word' id='word_1_343' title='bbox 1548 2654 1799 2726; x_wconf 82' lang='lat' dir='ltr'><strong>ejusdem</strong></span> <span class='ocrx_word' id='word_1_344' title='bbox 1831 2654 2025 2709; x_wconf 83' lang='lat' dir='ltr'><strong>volun-</strong></span> 
     </span>
    </p>
   </div>
   <div class='ocr_carea' id='block_1_45' title="bbox 443 2748 2026 2822">
    <p class='ocr_par' dir='ltr' id='par_1_45' title="bbox 443 2748 2026 2822">
     <span class='ocr_line' id='line_1_45' title="bbox 443 2748 2026 2822; baseline -0.004 -13"><span class='ocrx_word' id='word_1_345' title='bbox 443 2753 575 2810; x_wconf 88' lang='lat' dir='ltr'><strong>tatis</strong></span> <span class='ocrx_word' id='word_1_346' title='bbox 602 2761 767 2822; x_wconf 89' lang='lat' dir='ltr'><strong>atque</strong></span> <span class='ocrx_word' id='word_1_347' title='bbox 809 2751 1126 2814; x_wconf 66' lang='lat' dir='ltr'><strong>sententiae,</strong></span> <span class='ocrx_word' id='word_1_348' title='bbox 1178 2750 1404 2820; x_wconf 66' lang='lat' dir='ltr'><strong>aequalis</strong></span> <span class='ocrx_word' id='word_1_349' title='bbox 1431 2749 1738 2820; x_wconf 86' lang='lat' dir='ltr'><strong>potestatis,</strong></span> <span class='ocrx_word' id='word_1_350' title='bbox 1781 2764 1845 2803; x_wconf 91' lang='lat' dir='ltr'><strong>ac</strong></span> <span class='ocrx_word' id='word_1_351' title='bbox 1878 2748 2026 2819; x_wconf 91' lang='lat' dir='ltr'><strong>paris</strong></span> 
     </span>
    </p>
   </div>
   <div class='ocr_carea' id='block_1_46' title="bbox 445 2839 2028 2914">
    <p class='ocr_par' dir='ltr' id='par_1_46' title="bbox 445 2839 2028 2914">
     <span class='ocr_line' id='line_1_46' title="bbox 445 2839 2028 2914; baseline -0.004 -14"><span class='ocrx_word' id='word_1_352' title='bbox 445 2845 705 2912; x_wconf 76' lang='lat' dir='ltr'><strong>honoris;</strong></span> <span class='ocrx_word' id='word_1_353' title='bbox 740 2853 1033 2914; x_wconf 86' lang='lat' dir='ltr'><strong>tecumque</strong></span> <span class='ocrx_word' id='word_1_354' title='bbox 1062 2843 1131 2896; x_wconf 90' lang='lat' dir='ltr'><strong>ab</strong></span> <span class='ocrx_word' id='word_1_355' title='bbox 1158 2842 1417 2896; x_wconf 86' lang='lat' dir='ltr'><strong>omnibus</strong></span> <span class='ocrx_word' id='word_1_356' title='bbox 1446 2840 1820 2896; x_wconf 84' lang='lat' dir='ltr'><strong>adorationem</strong></span> <span class='ocrx_word' id='word_1_357' title='bbox 1851 2839 2028 2895; x_wconf 56' lang='lat' dir='ltr'><strong>susciv</strong></span> 
     </span>
    </p>
   </div>
   <div class='ocr_carea' id='block_1_47' title="bbox 446 2931 2025 3005">
    <p class='ocr_par' dir='ltr' id='par_1_47' title="bbox 446 2931 2025 3005">
     <span class='ocr_line' id='line_1_47' title="bbox 446 2931 2025 3005; baseline -0.003 -16"><span class='ocrx_word' id='word_1_358' title='bbox 446 2935 545 3005; x_wconf 88' lang='lat' dir='ltr'><strong>pit.</strong></span> <span class='ocrx_word' id='word_1_359' title='bbox 577 2934 797 3005; x_wconf 83' lang='lat' dir='ltr'><strong>Baptiza</strong></span> <span class='ocrx_word' id='word_1_360' title='bbox 826 2950 977 3005; x_wconf 86' lang='lat' dir='ltr'><strong>ergo,</strong></span> <span class='ocrx_word' id='word_1_361' title='bbox 1016 2934 1061 2989; x_wconf 86' lang='lat' dir='ltr'><strong>si</strong></span> <span class='ocrx_word' id='word_1_362' title='bbox 1093 2933 1195 2997; x_wconf 87' lang='lat' dir='ltr'><strong>vis,</strong></span> <span class='ocrx_word' id='word_1_363' title='bbox 1242 2932 1505 2999; x_wconf 91' lang='lat' dir='ltr'><strong>Domine;</strong></span> <span class='ocrx_word' id='word_1_364' title='bbox 1552 2932 1767 3002; x_wconf 83' lang='lat' dir='ltr'><strong>baptiza</strong></span> <span class='ocrx_word' id='word_1_365' title='bbox 1807 2946 1895 2985; x_wconf 90' lang='lat' dir='ltr'><strong>me</strong></span> <span class='ocrx_word' id='word_1_366' title='bbox 1926 2931 2025 2985; x_wconf 86' lang='lat' dir='ltr'><strong>ba-</strong></span> 
     </span>
    </p>
   </div>
   <div class='ocr_carea' id='block_1_48' title="bbox 442 3021 2027 3095">
    <p class='ocr_par' dir='ltr' id='par_1_48' title="bbox 442 3021 2027 3095">
     <span class='ocr_line' id='line_1_48' title="bbox 442 3021 2027 3095; baseline 0 -21"><span class='ocrx_word' id='word_1_367' title='bbox 442 3024 691 3093; x_wconf 88' lang='lat' dir='ltr'><strong>ptistam.</strong></span> <span class='ocrx_word' id='word_1_368' title='bbox 728 3022 1006 3095; x_wconf 83' lang='lat' dir='ltr'><strong>Regenera</strong></span> <span class='ocrx_word' id='word_1_369' title='bbox 1038 3039 1203 3092; x_wconf 91' lang='lat' dir='ltr'><strong>quem</strong></span> <span class='ocrx_word' id='word_1_370' title='bbox 1236 3023 1388 3078; x_wconf 92' lang='lat' dir='ltr'><strong>nasci</strong></span> <span class='ocrx_word' id='word_1_371' title='bbox 1420 3021 1618 3078; x_wconf 89' lang='lat' dir='ltr'><strong>fecisti.</strong></span> <span class='ocrx_word' id='word_1_372' title='bbox 1647 3021 1889 3076; x_wconf 75' lang='lat' dir='ltr'><strong>Extende</strong></span> <span class='ocrx_word' id='word_1_373' title='bbox 1918 3029 2027 3075; x_wconf 88' lang='lat' dir='ltr'><strong>tre-</strong></span> 
     </span>
    </p>
   </div>
   <div class='ocr_carea' id='block_1_49' title="bbox 448 3113 2021 3183">
    <p class='ocr_par' dir='ltr' id='par_1_49' title="bbox 448 3113 2021 3183">
     <span class='ocr_line' id='line_1_49' title="bbox 448 3113 2021 3183; baseline -0.004 -13"><span class='ocrx_word' id='word_1_374' title='bbox 448 3114 703 3170; x_wconf 87' lang='lat' dir='ltr'><strong>mendam</strong></span> <span class='ocrx_word' id='word_1_375' title='bbox 731 3115 1007 3169; x_wconf 77' lang='lat' dir='ltr'><strong>dexteram</strong></span> <span class='ocrx_word' id='word_1_376' title='bbox 1033 3122 1206 3177; x_wconf 91' lang='lat' dir='ltr'><strong>tuam,</strong></span> <span class='ocrx_word' id='word_1_377' title='bbox 1229 3130 1392 3183; x_wconf 90' lang='lat' dir='ltr'><strong>quam</strong></span> <span class='ocrx_word' id='word_1_378' title='bbox 1420 3114 1514 3169; x_wconf 87' lang='lat' dir='ltr'><strong>tibi</strong></span> <span class='ocrx_word' id='word_1_379' title='bbox 1543 3114 1646 3183; x_wconf 91' lang='lat' dir='ltr'><strong>ipsi</strong></span> <span class='ocrx_word' id='word_1_380' title='bbox 1672 3113 2021 3182; x_wconf 86' lang='lat' dir='ltr'><strong>comparasti;</strong></span> 
     </span>
    </p>
   </div>
   <div class='ocr_carea' id='block_1_50' title="bbox 445 3193 2024 3274">
    <p class='ocr_par' dir='ltr' id='par_1_50' title="bbox 445 3193 2024 3274">
     <span class='ocr_line' id='line_1_50' title="bbox 445 3193 2024 3274; baseline -0.003 -12"><span class='ocrx_word' id='word_1_381' title='bbox 445 3216 501 3263; x_wconf 87' lang='lat' dir='ltr'><strong>et</strong></span> <span class='ocrx_word' id='word_1_382' title='bbox 526 3215 613 3260; x_wconf 92' lang='lat' dir='ltr'><strong>tuo</strong></span> <span class='ocrx_word' id='word_1_383' title='bbox 630 3213 884 3259; x_wconf 88' lang='lat' dir='ltr'><strong>contactu</strong></span> <span class='ocrx_word' id='word_1_384' title='bbox 913 3217 1075 3274; x_wconf 90' lang='lat' dir='ltr'><strong>caput</strong></span> <span class='ocrx_word' id='word_1_385' title='bbox 1094 3193 1275 3259; x_wconf 82' lang='lat' dir='ltr'><strong>meum</strong></span> <span class='ocrx_word' id='word_1_386' title='bbox 1307 3220 1533 3269; x_wconf 87' lang='lat' dir='ltr'><strong>corona,</strong></span> <span class='ocrx_word' id='word_1_387' title='bbox 1569 3214 1627 3259; x_wconf 93' lang='lat' dir='ltr'><strong>ut</strong></span> <span class='ocrx_word' id='word_1_388' title='bbox 1654 3213 1779 3258; x_wconf 88' lang='lat' dir='ltr'><strong>ante</strong></span> <span class='ocrx_word' id='word_1_389' title='bbox 1799 3219 2024 3274; x_wconf 87' lang='lat' dir='ltr'><strong>regnum</strong></span> 
     </span>
    </p>
   </div>
   <div class='ocr_carea' id='block_1_51' title="bbox 448 3296 2025 3367">
    <p class='ocr_par' dir='ltr' id='par_1_51' title="bbox 448 3296 2025 3367">
     <span class='ocr_line' id='line_1_51' title="bbox 448 3296 2025 3367; baseline 0 -17"><span class='ocrx_word' id='word_1_390' title='bbox 448 3305 606 3351; x_wconf 83' lang='lat' dir='ltr'><strong>tuum</strong></span> <span class='ocrx_word' id='word_1_391' title='bbox 634 3312 886 3361; x_wconf 90' lang='lat' dir='ltr'><strong>currens,</strong></span> <span class='ocrx_word' id='word_1_392' title='bbox 929 3304 1226 3352; x_wconf 86' lang='lat' dir='ltr'><strong>coronatus</strong></span> <span class='ocrx_word' id='word_1_393' title='bbox 1259 3296 1407 3352; x_wconf 82' lang='lat' dir='ltr'><strong>velut</strong></span> <span class='ocrx_word' id='word_1_394' title='bbox 1451 3313 1776 3367; x_wconf 69' lang='lat' dir='ltr'><strong>praecursor,</strong></span> <span class='ocrx_word' id='word_1_395' title='bbox 1808 3297 2025 3352; x_wconf 90' lang='lat' dir='ltr'><strong>assidue</strong></span> 
     </span>
    </p>
   </div>
   <div class='ocr_carea' id='block_1_52' title="bbox 449 3380 2026 3461">
    <p class='ocr_par' dir='ltr' id='par_1_52' title="bbox 449 3380 2026 3461">
     <span class='ocr_line' id='line_1_52' title="bbox 449 3380 2026 3461; baseline -0.001 -19"><span class='ocrx_word' id='word_1_396' title='bbox 449 3380 834 3461; x_wconf 79' lang='lat' dir='ltr'><strong>peccatoribus</strong></span> <span class='ocrx_word' id='word_1_397' title='bbox 863 3387 1230 3456; x_wconf 76' lang='lat' dir='ltr'><strong>evangelizem</strong></span> <span class='ocrx_word' id='word_1_398' title='bbox 1254 3429 1269 3455; x_wconf 93' lang='lat'><strong>,</strong></span> <span class='ocrx_word' id='word_1_399' title='bbox 1326 3387 1572 3443; x_wconf 89' lang='lat' dir='ltr'><strong>clamans</strong></span> <span class='ocrx_word' id='word_1_400' title='bbox 1606 3388 1674 3443; x_wconf 88' lang='lat' dir='ltr'><strong>ad</strong></span> <span class='ocrx_word' id='word_1_401' title='bbox 1713 3403 1845 3443; x_wconf 89' lang='lat' dir='ltr'><strong>eos:</strong></span> <span class='ocrx_word' id='word_1_402' title='bbox 1895 3386 2026 3441; x_wconf 85' lang='lat' dir='ltr'><strong>Ecce</strong></span> 
     </span>
    </p>
   </div>
   <div class='ocr_carea' id='block_1_53' title="bbox 446 3477 2030 3551">
    <p class='ocr_par' dir='ltr' id='par_1_53' title="bbox 446 3477 2030 3551">
     <span class='ocr_line' id='line_1_53' title="bbox 446 3477 2030 3551; baseline 0.001 -19"><span class='ocrx_word' id='word_1_403' title='bbox 446 3479 630 3551; x_wconf 75' lang='lat' dir='ltr'><strong>Agnus</strong></span> <span class='ocrx_word' id='word_1_404' title='bbox 666 3477 783 3545; x_wconf 81' lang='lat' dir='ltr'><strong>Dei,</strong></span> <span class='ocrx_word' id='word_1_405' title='bbox 808 3480 898 3549; x_wconf 83' lang='lat' dir='ltr'><strong>qui</strong></span> <span class='ocrx_word' id='word_1_406' title='bbox 934 3478 1071 3532; x_wconf 85' lang='lat' dir='ltr'><strong>tollit</strong></span> <span class='ocrx_word' id='word_1_407' title='bbox 1107 3489 1321 3547; x_wconf 85' lang='lat' dir='ltr'><strong>peccata</strong></span> <span class='ocrx_word' id='word_1_408' title='bbox 1358 3480 1543 3533; x_wconf 83' lang='lat' dir='ltr'><strong>mundi</strong></span> <span class='ocrx_word' id='word_1_409' title='bbox 1590 3480 1657 3535; x_wconf 81' lang='lat'><strong>“.</strong></span> <span class='ocrx_word' id='word_1_410' title='bbox 1691 3478 1758 3535; x_wconf 85' lang='lat' dir='ltr'><strong>Et</strong></span> <span class='ocrx_word' id='word_1_411' title='bbox 1790 3487 1871 3546; x_wconf 86' lang='lat' dir='ltr'><strong>tu,</strong></span> <span class='ocrx_word' id='word_1_412' title='bbox 1906 3478 2030 3534; x_wconf 57' lang='lat' dir='ltr'><strong>Jorv</strong></span> 
     </span>
    </p>
   </div>
   <div class='ocr_carea' id='block_1_54' title="bbox 448 3568 2028 3640">
    <p class='ocr_par' dir='ltr' id='par_1_54' title="bbox 448 3568 2028 3640">
     <span class='ocr_line' id='line_1_54' title="bbox 448 3568 2028 3640; baseline -0.003 -14"><span class='ocrx_word' id='word_1_413' title='bbox 448 3569 609 3626; x_wconf 87' lang='lat' dir='ltr'><strong>danis</strong></span> <span class='ocrx_word' id='word_1_414' title='bbox 630 3568 852 3636; x_wconf 82' lang='lat' dir='ltr'><strong>ﬂumen,</strong></span> <span class='ocrx_word' id='word_1_415' title='bbox 885 3568 1085 3624; x_wconf 89' lang='lat' dir='ltr'><strong>choros</strong></span> <span class='ocrx_word' id='word_1_416' title='bbox 1116 3584 1332 3624; x_wconf 90' lang='lat' dir='ltr'><strong>mecum</strong></span> <span class='ocrx_word' id='word_1_417' title='bbox 1362 3584 1491 3640; x_wconf 91' lang='lat' dir='ltr'><strong>age;</strong></span> <span class='ocrx_word' id='word_1_418' title='bbox 1520 3576 1574 3624; x_wconf 86' lang='lat' dir='ltr'><strong>et</strong></span> <span class='ocrx_word' id='word_1_419' title='bbox 1601 3568 1764 3623; x_wconf 90' lang='lat' dir='ltr'><strong>simul</strong></span> <span class='ocrx_word' id='word_1_420' title='bbox 1794 3568 2028 3637; x_wconf 76' lang='lat' dir='ltr'><strong>exsulta,</strong></span> 
     </span>
    </p>
   </div>
   <div class='ocr_carea' id='block_1_55' title="bbox 449 3659 2030 3729">
    <p class='ocr_par' dir='ltr' id='par_1_55' title="bbox 449 3659 2030 3729">
     <span class='ocr_line' id='line_1_55' title="bbox 449 3659 2030 3729; baseline -0.001 -13"><span class='ocrx_word' id='word_1_421' title='bbox 449 3674 519 3716; x_wconf 85' lang='lat' dir='ltr'><strong>ac</strong></span> <span class='ocrx_word' id='word_1_422' title='bbox 564 3661 833 3715; x_wconf 87' lang='lat' dir='ltr'><strong>concinne</strong></span> <span class='ocrx_word' id='word_1_423' title='bbox 884 3667 1116 3729; x_wconf 87' lang='lat' dir='ltr'><strong>apteque</strong></span> <span class='ocrx_word' id='word_1_424' title='bbox 1163 3662 1337 3715; x_wconf 89' lang='lat' dir='ltr'><strong>undas</strong></span> <span class='ocrx_word' id='word_1_425' title='bbox 1388 3667 1645 3729; x_wconf 89' lang='lat' dir='ltr'><strong>tauquam</strong></span> <span class='ocrx_word' id='word_1_426' title='bbox 1713 3659 2030 3715; x_wconf 85' lang='lat' dir='ltr'><strong>saltationes</strong></span> 
     </span>
    </p>
   </div>
   <div class='ocr_carea' id='block_1_56' title="bbox 454 3740 2027 3823">
    <p class='ocr_par' dir='ltr' id='par_1_56' title="bbox 454 3740 2027 3823">
     <span class='ocr_line' id='line_1_56' title="bbox 454 3740 2027 3823; baseline -0.001 -17"><span class='ocrx_word' id='word_1_427' title='bbox 454 3766 653 3819; x_wconf 87' lang='lat' dir='ltr'><strong>move;</strong></span> <span class='ocrx_word' id='word_1_428' title='bbox 711 3768 838 3807; x_wconf 91' lang='lat' dir='ltr'><strong>nam</strong></span> <span class='ocrx_word' id='word_1_429' title='bbox 871 3761 999 3808; x_wconf 90' lang='lat' dir='ltr'><strong>tuus</strong></span> <span class='ocrx_word' id='word_1_430' title='bbox 1040 3753 1135 3807; x_wconf 92' lang='lat' dir='ltr'><strong>tibi</strong></span> <span class='ocrx_word' id='word_1_431' title='bbox 1169 3752 1399 3807; x_wconf 86' lang='lat' dir='ltr'><strong>Creator</strong></span> <span class='ocrx_word' id='word_1_432' title='bbox 1434 3767 1558 3807; x_wconf 89' lang='lat' dir='ltr'><strong>cum</strong></span> <span class='ocrx_word' id='word_1_433' title='bbox 1607 3740 1836 3823; x_wconf 79' lang='lat' dir='ltr'><strong>corpore</strong></span> <span class='ocrx_word' id='word_1_434' title='bbox 1866 3761 2027 3809; x_wconf 90' lang='lat' dir='ltr'><strong>astat.</strong></span> 
     </span>
    </p>
   </div>
   <div class='ocr_carea' id='block_1_57' title="bbox 461 3842 2031 3916">
    <p class='ocr_par' dir='ltr' id='par_1_57' title="bbox 461 3842 2031 3916">
     <span class='ocr_line' id='line_1_57' title="bbox 461 3842 2031 3916; baseline -0.001 -16"><span class='ocrx_word' id='word_1_435' title='bbox 461 3842 652 3900; x_wconf 83' lang='lat' dir='ltr'><strong>Vidisti</strong></span> <span class='ocrx_word' id='word_1_436' title='bbox 683 3844 979 3916; x_wconf 89' lang='lat' dir='ltr'><strong>aliquando</strong></span> <span class='ocrx_word' id='word_1_437' title='bbox 1007 3843 1174 3900; x_wconf 87' lang='lat' dir='ltr'><strong>Israel</strong></span> <span class='ocrx_word' id='word_1_438' title='bbox 1210 3860 1306 3915; x_wconf 89' lang='lat' dir='ltr'><strong>per</strong></span> <span class='ocrx_word' id='word_1_439' title='bbox 1337 3853 1389 3899; x_wconf 90' lang='lat' dir='ltr'><strong>te</strong></span> <span class='ocrx_word' id='word_1_440' title='bbox 1417 3854 1813 3911; x_wconf 88' lang='lat' dir='ltr'><strong>transeuntem,</strong></span> <span class='ocrx_word' id='word_1_441' title='bbox 1863 3854 1918 3899; x_wconf 89' lang='lat' dir='ltr'><strong>et</strong></span> <span class='ocrx_word' id='word_1_442' title='bbox 1943 3843 2031 3899; x_wconf 87' lang='lat' dir='ltr'><strong>di-</strong></span> 
     </span>
    </p>
   </div>
   <div class='ocr_carea' id='block_1_58' title="bbox 450 3936 2026 4008">
    <p class='ocr_par' dir='ltr' id='par_1_58' title="bbox 450 3936 2026 4008">
     <span class='ocr_line' id='line_1_58' title="bbox 450 3936 2026 4008; baseline -0.001 -16"><span class='ocrx_word' id='word_1_443' title='bbox 450 3937 588 3992; x_wconf 74' lang='lat' dir='ltr'><strong>visis</strong></span> <span class='ocrx_word' id='word_1_444' title='bbox 613 3936 770 4008; x_wconf 77' lang='lat' dir='ltr'><strong>aquis</strong></span> <span class='ocrx_word' id='word_1_445' title='bbox 810 3936 1143 4005; x_wconf 42' lang='lat' dir='ltr'><strong>substitisti,</strong></span> <span class='ocrx_word' id='word_1_446' title='bbox 1162 3936 1451 3992; x_wconf 89' lang='lat' dir='ltr'><strong>transitum</strong></span> <span class='ocrx_word' id='word_1_447' title='bbox 1471 3937 1657 4008; x_wconf 87' lang='lat' dir='ltr'><strong>populi</strong></span> <span class='ocrx_word' id='word_1_448' title='bbox 1673 3946 2026 4007; x_wconf 78' lang='lat' dir='ltr'><strong>exspectans:</strong></span> 
     </span>
    </p>
   </div>
   <div class='ocr_carea' id='block_1_59' title="bbox 452 4028 2028 4099">
    <p class='ocr_par' dir='ltr' id='par_1_59' title="bbox 452 4028 2028 4099">
     <span class='ocr_line' id='line_1_59' title="bbox 452 4028 2028 4099; baseline 0.004 -18"><span class='ocrx_word' id='word_1_449' title='bbox 452 4042 602 4083; x_wconf 89' lang='lat' dir='ltr'><strong>nunc</strong></span> <span class='ocrx_word' id='word_1_450' title='bbox 624 4044 756 4083; x_wconf 86' lang='lat' dir='ltr'><strong>vero</strong></span> <span class='ocrx_word' id='word_1_451' title='bbox 779 4030 1156 4085; x_wconf 89' lang='lat' dir='ltr'><strong>vehementius</strong></span> <span class='ocrx_word' id='word_1_452' title='bbox 1178 4028 1524 4097; x_wconf 77' lang='lat' dir='ltr'><strong>diﬂ‘undaris,</strong></span> <span class='ocrx_word' id='word_1_453' title='bbox 1548 4046 1614 4086; x_wconf 91' lang='lat' dir='ltr'><strong>ac</strong></span> <span class='ocrx_word' id='word_1_454' title='bbox 1639 4030 1844 4086; x_wconf 88' lang='lat' dir='ltr'><strong>tardius</strong></span> <span class='ocrx_word' id='word_1_455' title='bbox 1869 4031 2028 4099; x_wconf 85' lang='lat' dir='ltr'><strong>iluas;</strong></span> 
     </span>
    </p>
   </div>
   <div class='ocr_carea' id='block_1_60' title="bbox 452 4121 2030 4192">
    <p class='ocr_par' dir='ltr' id='par_1_60' title="bbox 452 4121 2030 4192">
     <span class='ocr_line' id='line_1_60' title="bbox 452 4121 2030 4192; baseline 0.004 -18"><span class='ocrx_word' id='word_1_456' title='bbox 452 4128 508 4175; x_wconf 86' lang='lat' dir='ltr'><strong>et</strong></span> <span class='ocrx_word' id='word_1_457' title='bbox 535 4121 780 4176; x_wconf 89' lang='lat' dir='ltr'><strong>membra</strong></span> <span class='ocrx_word' id='word_1_458' title='bbox 812 4121 1162 4176; x_wconf 90' lang='lat' dir='ltr'><strong>immaculata</strong></span> <span class='ocrx_word' id='word_1_459' title='bbox 1191 4121 1311 4191; x_wconf 89' lang='lat' dir='ltr'><strong>ejus</strong></span> <span class='ocrx_word' id='word_1_460' title='bbox 1334 4122 1427 4192; x_wconf 89' lang='lat' dir='ltr'><strong>qui</strong></span> <span class='ocrx_word' id='word_1_461' title='bbox 1458 4123 1624 4177; x_wconf 90' lang='lat' dir='ltr'><strong>etiam</strong></span> <span class='ocrx_word' id='word_1_462' title='bbox 1657 4131 1787 4179; x_wconf 93' lang='lat' dir='ltr'><strong>tunc</strong></span> <span class='ocrx_word' id='word_1_463' title='bbox 1810 4121 2030 4180; x_wconf 67' lang='lat' dir='ltr'><strong>Iudaeos</strong></span> 
     </span>
    </p>
   </div>
   <div class='ocr_carea' id='block_1_61' title="bbox 453 4209 2031 4285">
    <p class='ocr_par' dir='ltr' id='par_1_61' title="bbox 453 4209 2031 4285">
     <span class='ocr_line' id='line_1_61' title="bbox 453 4209 2031 4285; baseline 0.003 -20"><span class='ocrx_word' id='word_1_464' title='bbox 453 4209 555 4284; x_wconf 74' lang='lat' dir='ltr'><strong>{aL</strong></span> <span class='ocrx_word' id='word_1_465' title='bbox 579 4210 856 4285; x_wconf 64' lang='lat' dir='ltr'><strong>Hebraeos]</strong></span> <span class='ocrx_word' id='word_1_466' title='bbox 880 4213 1203 4281; x_wconf 87' lang='lat' dir='ltr'><strong>transmisit,</strong></span> <span class='ocrx_word' id='word_1_467' title='bbox 1222 4214 1567 4282; x_wconf 84' lang='lat' dir='ltr'><strong>amplectere.</strong></span> <span class='ocrx_word' id='word_1_468' title='bbox 1594 4213 1804 4271; x_wconf 82' lang='lat' dir='ltr'><strong>Montes</strong></span> <span class='ocrx_word' id='word_1_469' title='bbox 1836 4224 1889 4271; x_wconf 87' lang='lat' dir='ltr'><strong>et</strong></span> <span class='ocrx_word' id='word_1_470' title='bbox 1918 4215 2031 4270; x_wconf 85' lang='lat' dir='ltr'><strong>col-</strong></span> 
     </span>
    </p>
   </div>
   <div class='ocr_carea' id='block_1_62' title="bbox 454 4304 2029 4375">
    <p class='ocr_par' dir='ltr' id='par_1_62' title="bbox 454 4304 2029 4375">
     <span class='ocr_line' id='line_1_62' title="bbox 454 4304 2029 4375; baseline 0.003 -17"><span class='ocrx_word' id='word_1_471' title='bbox 454 4304 556 4372; x_wconf 90' lang='lat' dir='ltr'><strong>les,</strong></span> <span class='ocrx_word' id='word_1_472' title='bbox 593 4305 760 4361; x_wconf 80' lang='lat' dir='ltr'><strong>valles</strong></span> <span class='ocrx_word' id='word_1_473' title='bbox 799 4315 852 4361; x_wconf 89' lang='lat' dir='ltr'><strong>et</strong></span> <span class='ocrx_word' id='word_1_474' title='bbox 881 4314 1169 4371; x_wconf 90' lang='lat' dir='ltr'><strong>torrentes,</strong></span> <span class='ocrx_word' id='word_1_475' title='bbox 1206 4307 1378 4362; x_wconf 85' lang='lat' dir='ltr'><strong>maria</strong></span> <span class='ocrx_word' id='word_1_476' title='bbox 1408 4318 1464 4364; x_wconf 89' lang='lat' dir='ltr'><strong>et</strong></span> <span class='ocrx_word' id='word_1_477' title='bbox 1491 4309 1712 4364; x_wconf 84' lang='lat' dir='ltr'><strong>ﬂumina</strong></span> <span class='ocrx_word' id='word_1_478' title='bbox 1738 4349 1753 4375; x_wconf 89' lang='lat'><strong>,</strong></span> <span class='ocrx_word' id='word_1_479' title='bbox 1804 4309 2029 4365; x_wconf 91' lang='lat' dir='ltr'><strong>benedi-</strong></span> 
     </span>
    </p>
   </div>
   <div class='ocr_carea' id='block_1_63' title="bbox 453 4396 2029 4472">
    <p class='ocr_par' dir='ltr' id='par_1_63' title="bbox 453 4396 2029 4472">
     <span class='ocr_line' id='line_1_63' title="bbox 453 4396 2029 4472; baseline 0.004 -22"><span class='ocrx_word' id='word_1_480' title='bbox 453 4396 561 4452; x_wconf 82' lang='lat' dir='ltr'><strong>cite</strong></span> <span class='ocrx_word' id='word_1_481' title='bbox 595 4397 853 4466; x_wconf 86' lang='lat' dir='ltr'><strong>Domino,</strong></span> <span class='ocrx_word' id='word_1_482' title='bbox 900 4398 1125 4453; x_wconf 79' lang='lat' dir='ltr'><strong>ﬂuvium</strong></span> <span class='ocrx_word' id='word_1_483' title='bbox 1156 4397 1449 4456; x_wconf 81' lang='lat' dir='ltr'><strong>Jordanem</strong></span> <span class='ocrx_word' id='word_1_484' title='bbox 1495 4401 1854 4472; x_wconf 89' lang='lat' dir='ltr'><strong>ingredienti;</strong></span> <span class='ocrx_word' id='word_1_485' title='bbox 1902 4417 2029 4457; x_wconf 91' lang='lat' dir='ltr'><strong>nam</strong></span> 
     </span>
    </p>
   </div>
   <div class='ocr_carea' id='block_1_64' title="bbox 454 4490 2027 4563">
    <p class='ocr_par' dir='ltr' id='par_1_64' title="bbox 454 4490 2027 4563">
     <span class='ocr_line' id='line_1_64' title="bbox 454 4490 2027 4563; baseline 0.002 -18"><span class='ocrx_word' id='word_1_486' title='bbox 454 4490 572 4563; x_wconf 86' lang='lat' dir='ltr'><strong>ipse</strong></span> <span class='ocrx_word' id='word_1_487' title='bbox 602 4506 699 4561; x_wconf 88' lang='lat' dir='ltr'><strong>per</strong></span> <span class='ocrx_word' id='word_1_488' title='bbox 746 4492 845 4547; x_wconf 88' lang='lat' dir='ltr'><strong>has</strong></span> <span class='ocrx_word' id='word_1_489' title='bbox 884 4507 1056 4562; x_wconf 87' lang='lat' dir='ltr'><strong>aquas</strong></span> <span class='ocrx_word' id='word_1_490' title='bbox 1105 4492 1320 4549; x_wconf 86' lang='lat' dir='ltr'><strong>cunctis</strong></span> <span class='ocrx_word' id='word_1_491' title='bbox 1348 4494 1505 4563; x_wconf 87' lang='lat' dir='ltr'><strong>aquis</strong></span> <span class='ocrx_word' id='word_1_492' title='bbox 1538 4494 2027 4551; x_wconf 83' lang='lat' dir='ltr'><strong>sanctiticationern</strong></span> 
     </span>
    </p>
   </div>
   <div class='ocr_carea' id='block_1_65' title="bbox 2125 2103 3694 2177">
    <p class='ocr_par' dir='ltr' id='par_1_65' title="bbox 2125 2103 3694 2177">
     <span class='ocr_line' id='line_1_65' title="bbox 2125 2103 3694 2177; baseline 0 -20"><span class='ocrx_word' id='word_1_493' title='bbox 2125 2104 2214 2159; x_wconf 78' lang='grc' dir='ltr'>ἵνα</span> <span class='ocrx_word' id='word_1_494' title='bbox 2243 2103 2605 2158; x_wconf 75' lang='grc' dir='ltr'>πιστεύσωσιν</span> <span class='ocrx_word' id='word_1_495' title='bbox 2636 2107 2715 2169; x_wconf 89' lang='grc' dir='ltr'><strong>είς</strong></span> <span class='ocrx_word' id='word_1_496' title='bbox 2752 2105 2814 2158; x_wconf 75' lang='grc' dir='ltr'>σὲ</span> <span class='ocrx_word' id='word_1_497' title='bbox 2847 2105 2938 2159; x_wconf 78' lang='grc' dir='ltr'><strong>τὸν</strong></span> <span class='ocrx_word' id='word_1_498' title='bbox 2976 2105 3273 2177; x_wconf 78' lang='grc' dir='ltr'>ἐρχόμενον</span> <span class='ocrx_word' id='word_1_499' title='bbox 3323 2103 3463 2175; x_wconf 81' lang='grc' dir='ltr'>μετὰ</span> <span class='ocrx_word' id='word_1_500' title='bbox 3502 2103 3659 2174; x_wconf 77' lang='grc' dir='ltr'>δόξης</span> <span class='ocrx_word' id='word_1_501' title='bbox 3680 2120 3694 2133; x_wconf 89' lang='grc'><strong>·</strong></span> 
     </span>
    </p>
   </div>
   <div class='ocr_carea' id='block_1_66' title="bbox 2125 2194 3700 2269">
    <p class='ocr_par' dir='ltr' id='par_1_66' title="bbox 2125 2194 3700 2269">
     <span class='ocr_line' id='line_1_66' title="bbox 2125 2194 3700 2269; baseline 0.001 -20"><span class='ocrx_word' id='word_1_502' title='bbox 2125 2196 2185 2249; x_wconf 78' lang='grc' dir='ltr'>σὲ</span> <span class='ocrx_word' id='word_1_503' title='bbox 2218 2194 2518 2267; x_wconf 78' lang='grc' dir='ltr'>βαπτίζων,</span> <span class='ocrx_word' id='word_1_504' title='bbox 2550 2197 2692 2261; x_wconf 88' lang='grc' dir='ltr'>τίνος</span> <span class='ocrx_word' id='word_1_505' title='bbox 2726 2196 3077 2269; x_wconf 82' lang='grc' dir='ltr'>ἐπιμνησθῶ;</span> <span class='ocrx_word' id='word_1_506' title='bbox 3108 2198 3203 2262; x_wconf 88' lang='grc' dir='ltr'><strong>Εἰς</strong></span> <span class='ocrx_word' id='word_1_507' title='bbox 3243 2198 3390 2260; x_wconf 88' lang='grc' dir='ltr'>τίνος</span> <span class='ocrx_word' id='word_1_508' title='bbox 3434 2196 3492 2251; x_wconf 79' lang='grc' dir='ltr'>δὲ</span> <span class='ocrx_word' id='word_1_509' title='bbox 3531 2197 3700 2267; x_wconf 74' lang='grc' dir='ltr'>ὄνομά</span> 
     </span>
    </p>
   </div>
   <div class='ocr_carea' id='block_1_67' title="bbox 2125 2288 3700 2363">
    <p class='ocr_par' dir='ltr' id='par_1_67' title="bbox 2125 2288 3700 2363">
     <span class='ocr_line' id='line_1_67' title="bbox 2125 2288 3700 2363; baseline 0.001 -21"><span class='ocrx_word' id='word_1_510' title='bbox 2125 2304 2185 2342; x_wconf 86' lang='grc' dir='ltr'><strong>σε</strong></span> <span class='ocrx_word' id='word_1_511' title='bbox 2215 2288 2493 2360; x_wconf 85' lang='grc' dir='ltr'>βαπτίσω;</span> <span class='ocrx_word' id='word_1_512' title='bbox 2519 2290 2612 2354; x_wconf 79' lang='grc' dir='ltr'>Εἰς</span> <span class='ocrx_word' id='word_1_513' title='bbox 2639 2290 2700 2344; x_wconf 83' lang='grc' dir='ltr'>τὸ</span> <span class='ocrx_word' id='word_1_514' title='bbox 2721 2289 2814 2343; x_wconf 87' lang='grc' dir='ltr'><strong>τοῦ</strong></span> <span class='ocrx_word' id='word_1_515' title='bbox 2852 2290 3099 2363; x_wconf 87' lang='grc' dir='ltr'>Πατρός;</span> <span class='ocrx_word' id='word_1_516' title='bbox 3142 2290 3280 2343; x_wconf 82' lang='grc' dir='ltr'>Ἀλλ’</span> <span class='ocrx_word' id='word_1_517' title='bbox 3309 2291 3431 2344; x_wconf 83' lang='grc' dir='ltr'>ὅλον</span> <span class='ocrx_word' id='word_1_518' title='bbox 3470 2290 3563 2343; x_wconf 80' lang='grc' dir='ltr'><strong>τὸν</strong></span> <span class='ocrx_word' id='word_1_519' title='bbox 3585 2290 3700 2344; x_wconf 84' lang='grc' dir='ltr'><strong>Πα-</strong></span> 
     </span>
    </p>
   </div>
   <div class='ocr_carea' id='block_1_68' title="bbox 2122 2380 3699 2455">
    <p class='ocr_par' dir='ltr' id='par_1_68' title="bbox 2122 2380 3699 2455">
     <span class='ocr_line' id='line_1_68' title="bbox 2122 2380 3699 2455; baseline 0.002 -22"><span class='ocrx_word' id='word_1_520' title='bbox 2122 2380 2257 2453; x_wconf 87' lang='grc' dir='ltr'>τέρα</span> <span class='ocrx_word' id='word_1_521' title='bbox 2286 2380 2426 2451; x_wconf 80' lang='grc' dir='ltr'>ἔχεις</span> <span class='ocrx_word' id='word_1_522' title='bbox 2452 2383 2509 2435; x_wconf 86' lang='grc' dir='ltr'><strong>ἐν</strong></span> <span class='ocrx_word' id='word_1_523' title='bbox 2535 2381 2733 2453; x_wconf 76' lang='grc' dir='ltr'>ἐαυτῷ,</span> <span class='ocrx_word' id='word_1_524' title='bbox 2762 2382 2855 2436; x_wconf 77' lang='grc' dir='ltr'><strong>καὶ</strong></span> <span class='ocrx_word' id='word_1_525' title='bbox 2880 2382 3000 2445; x_wconf 84' lang='grc' dir='ltr'>ὅλος</span> <span class='ocrx_word' id='word_1_526' title='bbox 3024 2381 3291 2454; x_wconf 80' lang='grc' dir='ltr'>ὑπάρχεις</span> <span class='ocrx_word' id='word_1_527' title='bbox 3315 2384 3373 2437; x_wconf 85' lang='grc' dir='ltr'><strong>ἐν</strong></span> <span class='ocrx_word' id='word_1_528' title='bbox 3396 2381 3479 2453; x_wconf 84' lang='grc' dir='ltr'><strong>τῷ</strong></span> <span class='ocrx_word' id='word_1_529' title='bbox 3504 2382 3699 2455; x_wconf 84' lang='grc' dir='ltr'>Πατρί.</span> 
     </span>
    </p>
   </div>
   <div class='ocr_carea' id='block_1_69' title="bbox 2137 2473 3701 2547">
    <p class='ocr_par' dir='ltr' id='par_1_69' title="bbox 2137 2473 3701 2547">
     <span class='ocr_line' id='line_1_69' title="bbox 2137 2473 3701 2547; baseline 0.004 -22"><span class='ocrx_word' id='word_1_530' title='bbox 2137 2473 2273 2527; x_wconf 82' lang='grc' dir='ltr'>Ἀλλ’</span> <span class='ocrx_word' id='word_1_531' title='bbox 2306 2476 2383 2539; x_wconf 82' lang='grc' dir='ltr'><strong>είς</strong></span> <span class='ocrx_word' id='word_1_532' title='bbox 2410 2474 2471 2528; x_wconf 81' lang='grc' dir='ltr'><strong>τὸ</strong></span> <span class='ocrx_word' id='word_1_533' title='bbox 2499 2474 2591 2528; x_wconf 90' lang='grc' dir='ltr'><strong>τοῦ</strong></span> <span class='ocrx_word' id='word_1_534' title='bbox 2622 2474 2785 2539; x_wconf 86' lang='grc' dir='ltr'>Υἱοῦ;</span> <span class='ocrx_word' id='word_1_535' title='bbox 2823 2475 2960 2528; x_wconf 82' lang='grc' dir='ltr'>Ἀλλ’</span> <span class='ocrx_word' id='word_1_536' title='bbox 2984 2476 3085 2529; x_wconf 86' lang='grc' dir='ltr'><strong>οὑκ</strong></span> <span class='ocrx_word' id='word_1_537' title='bbox 3115 2476 3231 2528; x_wconf 80' lang='grc' dir='ltr'>ἐστι</span> <span class='ocrx_word' id='word_1_538' title='bbox 3259 2475 3413 2547; x_wconf 72' lang='grc' dir='ltr'>παρὰ</span> <span class='ocrx_word' id='word_1_539' title='bbox 3439 2477 3519 2539; x_wconf 86' lang='grc' dir='ltr'>σὲ,</span> <span class='ocrx_word' id='word_1_540' title='bbox 3544 2476 3701 2540; x_wconf 76' lang='grc' dir='ltr'>ἄλλος</span> 
     </span>
    </p>
   </div>
   <div class='ocr_carea' id='block_1_70' title="bbox 2126 2564 3696 2640">
    <p class='ocr_par' dir='ltr' id='par_1_70' title="bbox 2126 2564 3696 2640">
     <span class='ocr_line' id='line_1_70' title="bbox 2126 2564 3696 2640; baseline 0.004 -23"><span class='ocrx_word' id='word_1_541' title='bbox 2126 2564 2283 2635; x_wconf 80' lang='grc' dir='ltr'>φύσει</span> <span class='ocrx_word' id='word_1_542' title='bbox 2308 2566 2435 2630; x_wconf 78' lang='grc' dir='ltr'>Υἱὸς</span> <span class='ocrx_word' id='word_1_543' title='bbox 2466 2564 2624 2620; x_wconf 87' lang='grc' dir='ltr'>Θεοῦ.</span> <span class='ocrx_word' id='word_1_544' title='bbox 2666 2566 2806 2620; x_wconf 78' lang='grc' dir='ltr'>Ἀλλ’</span> <span class='ocrx_word' id='word_1_545' title='bbox 2840 2568 2921 2631; x_wconf 76' lang='grc' dir='ltr'>εἰς</span> <span class='ocrx_word' id='word_1_546' title='bbox 2952 2566 3013 2621; x_wconf 80' lang='grc' dir='ltr'>τὸ</span> <span class='ocrx_word' id='word_1_547' title='bbox 3046 2567 3139 2621; x_wconf 87' lang='grc' dir='ltr'><strong>τοῦ</strong></span> <span class='ocrx_word' id='word_1_548' title='bbox 3162 2568 3322 2636; x_wconf 82' lang='grc' dir='ltr'>ἁγίου</span> <span class='ocrx_word' id='word_1_549' title='bbox 3346 2568 3696 2640; x_wconf 75' lang='grc' dir='ltr'>Πνεύματοςς</span> 
     </span>
    </p>
   </div>
   <div class='ocr_carea' id='block_1_71' title="bbox 2139 2658 3701 2731">
    <p class='ocr_par' dir='ltr' id='par_1_71' title="bbox 2139 2658 3701 2731">
     <span class='ocr_line' id='line_1_71' title="bbox 2139 2658 3701 2731; baseline 0.003 -20"><span class='ocrx_word' id='word_1_550' title='bbox 2139 2658 2298 2712; x_wconf 77' lang='grc' dir='ltr'><strong>Ἀλλά</strong></span> <span class='ocrx_word' id='word_1_551' title='bbox 2328 2658 2544 2714; x_wconf 89' lang='grc' dir='ltr'>σύνεστί</span> <span class='ocrx_word' id='word_1_552' title='bbox 2570 2677 2655 2713; x_wconf 89' lang='grc' dir='ltr'><strong>σοι</strong></span> <span class='ocrx_word' id='word_1_553' title='bbox 2687 2659 2781 2713; x_wconf 81' lang='grc' dir='ltr'><strong>διὰ</strong></span> <span class='ocrx_word' id='word_1_554' title='bbox 2812 2658 3034 2725; x_wconf 82' lang='grc' dir='ltr'>παντὸς,</span> <span class='ocrx_word' id='word_1_555' title='bbox 3058 2659 3135 2724; x_wconf 82' lang='grc' dir='ltr'>ὡς</span> <span class='ocrx_word' id='word_1_556' title='bbox 3159 2661 3446 2731; x_wconf 81' lang='grc' dir='ltr'>ὁμοούσιὸν</span> <span class='ocrx_word' id='word_1_557' title='bbox 3485 2678 3568 2715; x_wconf 89' lang='grc' dir='ltr'><strong>σοι</strong></span> <span class='ocrx_word' id='word_1_558' title='bbox 3605 2661 3701 2715; x_wconf 71' lang='grc' dir='ltr'><strong>καὶ</strong></span> 
     </span>
    </p>
   </div>
   <div class='ocr_carea' id='block_1_72' title="bbox 2124 2750 3703 2824">
    <p class='ocr_par' dir='ltr' id='par_1_72' title="bbox 2124 2750 3703 2824">
     <span class='ocr_line' id='line_1_72' title="bbox 2124 2750 3703 2824; baseline -0.002 -18"><span class='ocrx_word' id='word_1_559' title='bbox 2124 2751 2438 2823; x_wconf 75' lang='grc' dir='ltr'>ὁμόδουλον,</span> <span class='ocrx_word' id='word_1_560' title='bbox 2469 2753 2563 2806; x_wconf 74' lang='grc' dir='ltr'>καὶ</span> <span class='ocrx_word' id='word_1_561' title='bbox 2583 2751 2923 2824; x_wconf 84' lang='grc' dir='ltr'>ὀμόγνωμον,</span> <span class='ocrx_word' id='word_1_562' title='bbox 2951 2751 3045 2806; x_wconf 75' lang='grc' dir='ltr'><strong>καὶ</strong></span> <span class='ocrx_word' id='word_1_563' title='bbox 3067 2750 3425 2822; x_wconf 85' lang='grc' dir='ltr'>ὁμοδύναμον,</span> <span class='ocrx_word' id='word_1_564' title='bbox 3451 2752 3549 2806; x_wconf 75' lang='grc' dir='ltr'><strong>καὶ</strong></span> <span class='ocrx_word' id='word_1_565' title='bbox 3574 2752 3703 2823; x_wconf 76' lang='grc' dir='ltr'>ὁμό-</span> 
     </span>
    </p>
   </div>
   <div class='ocr_carea' id='block_1_73' title="bbox 2124 2844 3701 2919">
    <p class='ocr_par' dir='ltr' id='par_1_73' title="bbox 2124 2844 3701 2919">
     <span class='ocr_line' id='line_1_73' title="bbox 2124 2844 3701 2919; baseline 0.001 -22"><span class='ocrx_word' id='word_1_566' title='bbox 2124 2861 2302 2916; x_wconf 87' lang='grc' dir='ltr'>τιμον,</span> <span class='ocrx_word' id='word_1_567' title='bbox 2329 2846 2423 2899; x_wconf 76' lang='grc' dir='ltr'><strong>καὶ</strong></span> <span class='ocrx_word' id='word_1_568' title='bbox 2452 2847 2548 2900; x_wconf 77' lang='grc' dir='ltr'><strong>σὺν</strong></span> <span class='ocrx_word' id='word_1_569' title='bbox 2571 2844 2656 2898; x_wconf 72' lang='grc' dir='ltr'><strong>σοὶ</strong></span> <span class='ocrx_word' id='word_1_570' title='bbox 2684 2846 2896 2916; x_wconf 78' lang='grc' dir='ltr'>δέχεται</span> <span class='ocrx_word' id='word_1_571' title='bbox 2922 2844 3019 2917; x_wconf 80' lang='grc' dir='ltr'>τὴν</span> <span class='ocrx_word' id='word_1_572' title='bbox 3041 2844 3192 2919; x_wconf 85' lang='grc' dir='ltr'>παρὰ</span> <span class='ocrx_word' id='word_1_573' title='bbox 3220 2845 3439 2901; x_wconf 82' lang='grc' dir='ltr'>πάντων</span> <span class='ocrx_word' id='word_1_574' title='bbox 3464 2847 3701 2918; x_wconf 78' lang='grc' dir='ltr'>προσκύ-</span> 
     </span>
    </p>
   </div>
   <div class='ocr_carea' id='block_1_74' title="bbox 2125 2935 3702 3012">
    <p class='ocr_par' dir='ltr' id='par_1_74' title="bbox 2125 2935 3702 3012">
     <span class='ocr_line' id='line_1_74' title="bbox 2125 2935 3702 3012; baseline 0 -19"><span class='ocrx_word' id='word_1_575' title='bbox 2125 2956 2300 3012; x_wconf 88' lang='grc' dir='ltr'>νησιν.</span> <span class='ocrx_word' id='word_1_576' title='bbox 2327 2938 2596 2993; x_wconf 85' lang='grc' dir='ltr'>Βάπτισον</span> <span class='ocrx_word' id='word_1_577' title='bbox 2616 2935 2710 2993; x_wconf 85' lang='grc' dir='ltr'><strong>οῦν</strong></span> <span class='ocrx_word' id='word_1_578' title='bbox 2738 2942 2788 2994; x_wconf 79' lang='grc' dir='ltr'><strong>εἰ</strong></span> <span class='ocrx_word' id='word_1_579' title='bbox 2821 2938 3000 3011; x_wconf 79' lang='grc' dir='ltr'>θέλῃς,</span> <span class='ocrx_word' id='word_1_580' title='bbox 3021 2940 3288 3003; x_wconf 82' lang='grc' dir='ltr'>Δέσποτα,</span> <span class='ocrx_word' id='word_1_581' title='bbox 3321 2939 3586 3010; x_wconf 75' lang='grc' dir='ltr'>βάπτισον</span> <span class='ocrx_word' id='word_1_582' title='bbox 3607 2939 3702 3010; x_wconf 67' lang='grc' dir='ltr'>ἐμὲ</span> 
     </span>
    </p>
   </div>
   <div class='ocr_carea' id='block_1_75' title="bbox 2126 3028 3699 3103">
    <p class='ocr_par' dir='ltr' id='par_1_75' title="bbox 2126 3028 3699 3103">
     <span class='ocr_line' id='line_1_75' title="bbox 2126 3028 3699 3103; baseline 0 -20"><span class='ocrx_word' id='word_1_583' title='bbox 2126 3029 2217 3083; x_wconf 81' lang='grc' dir='ltr'><strong>τὸν</strong></span> <span class='ocrx_word' id='word_1_584' title='bbox 2229 3028 2548 3100; x_wconf 83' lang='grc' dir='ltr'>βαπτιστήν.</span> <span class='ocrx_word' id='word_1_585' title='bbox 2567 3030 2855 3103; x_wconf 84' lang='grc' dir='ltr'>Ἀναγέννη</span> <span class='ocrx_word' id='word_1_586' title='bbox 2863 3048 2951 3085; x_wconf 88' lang='grc' dir='ltr'><strong>σον</strong></span> <span class='ocrx_word' id='word_1_587' title='bbox 2964 3030 3025 3085; x_wconf 83' lang='grc' dir='ltr'>ὃν</span> <span class='ocrx_word' id='word_1_588' title='bbox 3037 3028 3362 3102; x_wconf 78' lang='grc' dir='ltr'>γεννηθῆναι</span> <span class='ocrx_word' id='word_1_589' title='bbox 3378 3030 3699 3103; x_wconf 81' lang='grc' dir='ltr'>πεποίηκας.</span> 
     </span>
    </p>
   </div>
   <div class='ocr_carea' id='block_1_76' title="bbox 2131 3120 3705 3194">
    <p class='ocr_par' dir='ltr' id='par_1_76' title="bbox 2131 3120 3705 3194">
     <span class='ocr_line' id='line_1_76' title="bbox 2131 3120 3705 3194; baseline -0.002 -17"><span class='ocrx_word' id='word_1_590' title='bbox 2131 3123 2408 3177; x_wconf 85' lang='grc' dir='ltr'>Ἔκτεινον</span> <span class='ocrx_word' id='word_1_591' title='bbox 2457 3122 2556 3194; x_wconf 83' lang='grc' dir='ltr'><strong>τὴν</strong></span> <span class='ocrx_word' id='word_1_592' title='bbox 2602 3122 2838 3194; x_wconf 84' lang='grc' dir='ltr'>φόϐεράν</span> <span class='ocrx_word' id='word_1_593' title='bbox 2904 3139 2997 3177; x_wconf 83' lang='grc' dir='ltr'><strong>σου</strong></span> <span class='ocrx_word' id='word_1_594' title='bbox 3056 3120 3270 3186; x_wconf 78' lang='grc' dir='ltr'>δεξιὰν,</span> <span class='ocrx_word' id='word_1_595' title='bbox 3318 3122 3503 3192; x_wconf 83' lang='grc' dir='ltr'>ἤνπερ</span> <span class='ocrx_word' id='word_1_596' title='bbox 3546 3120 3705 3185; x_wconf 82' lang='grc' dir='ltr'>αὑτδς</span> 
     </span>
    </p>
   </div>
   <div class='ocr_carea' id='block_1_77' title="bbox 2127 3213 3709 3286">
    <p class='ocr_par' dir='ltr' id='par_1_77' title="bbox 2127 3213 3709 3286">
     <span class='ocr_line' id='line_1_77' title="bbox 2127 3213 3709 3286; baseline 0.001 -19"><span class='ocrx_word' id='word_1_597' title='bbox 2127 3214 2303 3285; x_wconf 82' lang='grc' dir='ltr'>ἐαυτῷ</span> <span class='ocrx_word' id='word_1_598' title='bbox 2326 3213 2752 3280; x_wconf 85' lang='grc' dir='ltr'>κατεσκεύασας,</span> <span class='ocrx_word' id='word_1_599' title='bbox 2783 3216 2876 3269; x_wconf 80' lang='grc' dir='ltr'><strong>καὶ</strong></span> <span class='ocrx_word' id='word_1_600' title='bbox 2897 3215 3240 3285; x_wconf 81' lang='grc' dir='ltr'>στεφάνωσον</span> <span class='ocrx_word' id='word_1_601' title='bbox 3264 3217 3331 3285; x_wconf 81' lang='grc' dir='ltr'>τῇ</span> <span class='ocrx_word' id='word_1_602' title='bbox 3373 3217 3441 3284; x_wconf 74' lang='grc' dir='ltr'>σῇ</span> <span class='ocrx_word' id='word_1_603' title='bbox 3474 3216 3585 3286; x_wconf 76' lang='grc' dir='ltr'><strong>ἁφῇ</strong></span> <span class='ocrx_word' id='word_1_604' title='bbox 3609 3214 3709 3286; x_wconf 71' lang='grc' dir='ltr'>τὴν</span> 
     </span>
    </p>
   </div>
   <div class='ocr_carea' id='block_1_78' title="bbox 2129 3304 3705 3377">
    <p class='ocr_par' dir='ltr' id='par_1_78' title="bbox 2129 3304 3705 3377">
     <span class='ocr_line' id='line_1_78' title="bbox 2129 3304 3705 3377; baseline -0.001 -20"><span class='ocrx_word' id='word_1_605' title='bbox 2129 3304 2266 3376; x_wconf 76' lang='grc' dir='ltr'>ἐμὴν</span> <span class='ocrx_word' id='word_1_606' title='bbox 2313 3304 2576 3377; x_wconf 74' lang='grc' dir='ltr'>κεφαλὴν,</span> <span class='ocrx_word' id='word_1_607' title='bbox 2609 3305 2695 3359; x_wconf 79' lang='grc' dir='ltr'><strong>ἵνα</strong></span> <span class='ocrx_word' id='word_1_608' title='bbox 2736 3306 2843 3377; x_wconf 75' lang='grc' dir='ltr'><strong>πρὸ</strong></span> <span class='ocrx_word' id='word_1_609' title='bbox 2892 3305 2992 3377; x_wconf 82' lang='grc' dir='ltr'>τῆς</span> <span class='ocrx_word' id='word_1_610' title='bbox 3036 3305 3135 3377; x_wconf 80' lang='grc' dir='ltr'>σῆς</span> <span class='ocrx_word' id='word_1_611' title='bbox 3181 3304 3460 3376; x_wconf 86' lang='grc' dir='ltr'>βασιλείας</span> <span class='ocrx_word' id='word_1_612' title='bbox 3497 3304 3705 3376; x_wconf 83' lang='grc' dir='ltr'>τρέχων</span> 
     </span>
    </p>
   </div>
   <div class='ocr_carea' id='block_1_79' title="bbox 2127 3395 3705 3470">
    <p class='ocr_par' dir='ltr' id='par_1_79' title="bbox 2127 3395 3705 3470">
     <span class='ocr_line' id='line_1_79' title="bbox 2127 3395 3705 3470; baseline -0.001 -19"><span class='ocrx_word' id='word_1_613' title='bbox 2127 3398 2567 3469; x_wconf 84' lang='grc' dir='ltr'>ἐστεφανωμένος</span> <span class='ocrx_word' id='word_1_614' title='bbox 2595 3396 2670 3460; x_wconf 81' lang='grc' dir='ltr'>ὡς</span> <span class='ocrx_word' id='word_1_615' title='bbox 2702 3397 3007 3470; x_wconf 84' lang='grc' dir='ltr'>πρόδρομος</span> <span class='ocrx_word' id='word_1_616' title='bbox 3051 3395 3298 3469; x_wconf 82' lang='grc' dir='ltr'>συνήθως</span> <span class='ocrx_word' id='word_1_617' title='bbox 3341 3396 3705 3465; x_wconf 81' lang='grc' dir='ltr'>εὐαγγελίσω-</span> 
     </span>
    </p>
   </div>
   <div class='ocr_carea' id='block_1_80' title="bbox 2134 3487 3707 3563">
    <p class='ocr_par' dir='ltr' id='par_1_80' title="bbox 2134 3487 3707 3563">
     <span class='ocr_line' id='line_1_80' title="bbox 2134 3487 3707 3563; baseline -0.001 -20"><span class='ocrx_word' id='word_1_618' title='bbox 2134 3506 2231 3561; x_wconf 89' lang='grc' dir='ltr'><strong>μαι</strong></span> <span class='ocrx_word' id='word_1_619' title='bbox 2258 3492 2368 3554; x_wconf 90' lang='grc' dir='ltr'><strong>τοῖς</strong></span> <span class='ocrx_word' id='word_1_620' title='bbox 2400 3489 2764 3563; x_wconf 84' lang='grc' dir='ltr'>ἁμαρτωλοῖς,</span> <span class='ocrx_word' id='word_1_621' title='bbox 2803 3488 2940 3560; x_wconf 82' lang='grc' dir='ltr'>βοῶν</span> <span class='ocrx_word' id='word_1_622' title='bbox 2970 3489 3107 3563; x_wconf 74' lang='grc' dir='ltr'>πρὸς</span> <span class='ocrx_word' id='word_1_623' title='bbox 3136 3488 3365 3553; x_wconf 85' lang='grc' dir='ltr'>αὑτούς·</span> <span class='ocrx_word' id='word_1_624' title='bbox 3400 3487 3517 3542; x_wconf 77' lang='grc' dir='ltr'>Ἴδε</span> <span class='ocrx_word' id='word_1_625' title='bbox 3543 3490 3577 3542; x_wconf 81' lang='grc' dir='ltr'><em>ὀ</em></span> <span class='ocrx_word' id='word_1_626' title='bbox 3602 3487 3707 3555; x_wconf 76' lang='grc' dir='ltr'><strong>ἀμ-</strong></span> 
     </span>
    </p>
   </div>
   <div class='ocr_carea' id='block_1_81' title="bbox 2129 3579 3705 3652">
    <p class='ocr_par' dir='ltr' id='par_1_81' title="bbox 2129 3579 3705 3652">
     <span class='ocr_line' id='line_1_81' title="bbox 2129 3579 3705 3652; baseline -0.003 -16"><span class='ocrx_word' id='word_1_627' title='bbox 2129 3582 2238 3649; x_wconf 79' lang='grc' dir='ltr'><strong>νὸς</strong></span> <span class='ocrx_word' id='word_1_628' title='bbox 2263 3580 2369 3636; x_wconf 83' lang='grc' dir='ltr'><strong>τοῦ</strong></span> <span class='ocrx_word' id='word_1_629' title='bbox 2401 3581 2571 3647; x_wconf 85' lang='grc' dir='ltr'>Θεοῦ,</span> <span class='ocrx_word' id='word_1_630' title='bbox 2601 3584 2634 3635; x_wconf 87' lang='grc' dir='ltr'>ό</span> <span class='ocrx_word' id='word_1_631' title='bbox 2656 3581 2839 3648; x_wconf 76' lang='grc' dir='ltr'>αἴρων</span> <span class='ocrx_word' id='word_1_632' title='bbox 2864 3579 2979 3650; x_wconf 77' lang='grc' dir='ltr'><strong>τὴν</strong></span> <span class='ocrx_word' id='word_1_633' title='bbox 2997 3582 3293 3652; x_wconf 79' lang='grc' dir='ltr'>ἁμαρτίαν</span> <span class='ocrx_word' id='word_1_634' title='bbox 3320 3580 3429 3635; x_wconf 82' lang='grc' dir='ltr'><strong>τοῦ</strong></span> <span class='ocrx_word' id='word_1_635' title='bbox 3454 3581 3705 3649; x_wconf 80' lang='grc' dir='ltr'>κόσμου.</span> 
     </span>
    </p>
   </div>
   <div class='ocr_carea' id='block_1_82' title="bbox 2144 3672 3706 3746">
    <p class='ocr_par' dir='ltr' id='par_1_82' title="bbox 2144 3672 3706 3746">
     <span class='ocr_line' id='line_1_82' title="bbox 2144 3672 3706 3746; baseline -0.003 -17"><span class='ocrx_word' id='word_1_636' title='bbox 2144 3674 2380 3746; x_wconf 80' lang='grc' dir='ltr'>Ἰορδάνη</span> <span class='ocrx_word' id='word_1_637' title='bbox 2412 3673 2644 3745; x_wconf 75' lang='grc' dir='ltr'>ποταμὲ,</span> <span class='ocrx_word' id='word_1_638' title='bbox 2673 3672 3033 3745; x_wconf 75' lang='grc' dir='ltr'>συγχόρευσόν</span> <span class='ocrx_word' id='word_1_639' title='bbox 3061 3692 3173 3746; x_wconf 89' lang='grc' dir='ltr'>μοι,</span> <span class='ocrx_word' id='word_1_640' title='bbox 3199 3675 3294 3729; x_wconf 72' lang='grc' dir='ltr'>καὶ</span> <span class='ocrx_word' id='word_1_641' title='bbox 3322 3673 3706 3745; x_wconf 84' lang='grc' dir='ltr'>συσκίρτησον.</span> 
     </span>
    </p>
   </div>
   <div class='ocr_carea' id='block_1_83' title="bbox 2138 3767 3712 3840">
    <p class='ocr_par' dir='ltr' id='par_1_83' title="bbox 2138 3767 3712 3840">
     <span class='ocr_line' id='line_1_83' title="bbox 2138 3767 3712 3840; baseline -0.001 -19"><span class='ocrx_word' id='word_1_642' title='bbox 2138 3768 2232 3822; x_wconf 75' lang='grc' dir='ltr'>καὶ</span> <span class='ocrx_word' id='word_1_643' title='bbox 2261 3768 2484 3839; x_wconf 81' lang='grc' dir='ltr'>κίνησον</span> <span class='ocrx_word' id='word_1_644' title='bbox 2523 3767 2811 3840; x_wconf 80' lang='grc' dir='ltr'>εὐρύθμως</span> <span class='ocrx_word' id='word_1_645' title='bbox 2850 3768 2918 3823; x_wconf 80' lang='grc' dir='ltr'>τὰ</span> <span class='ocrx_word' id='word_1_646' title='bbox 2956 3769 3226 3840; x_wconf 79' lang='grc' dir='ltr'>ῥεύματα,</span> <span class='ocrx_word' id='word_1_647' title='bbox 3260 3767 3513 3839; x_wconf 65' lang='lat' dir='ltr'><strong>milde</strong></span> <span class='ocrx_word' id='word_1_648' title='bbox 3561 3783 3712 3837; x_wconf 81' lang='grc' dir='ltr'>σκιρ-</span> 
     </span>
    </p>
   </div>
   <div class='ocr_carea' id='block_1_84' title="bbox 2131 3860 3711 3935">
    <p class='ocr_par' dir='ltr' id='par_1_84' title="bbox 2131 3860 3711 3935">
     <span class='ocr_line' id='line_1_84' title="bbox 2131 3860 3711 3935; baseline -0.002 -19"><span class='ocrx_word' id='word_1_649' title='bbox 2131 3863 2388 3933; x_wconf 87' lang='grc' dir='ltr'>τήματα·</span> <span class='ocrx_word' id='word_1_650' title='bbox 2429 3863 2458 3916; x_wconf 84' lang='grc' dir='ltr'><strong>ὁ</strong></span> <span class='ocrx_word' id='word_1_651' title='bbox 2495 3861 2604 3935; x_wconf 70' lang='grc' dir='ltr'><strong>γὰρ</strong></span> <span class='ocrx_word' id='word_1_652' title='bbox 2648 3862 2741 3926; x_wconf 84' lang='grc' dir='ltr'><strong>σὸς</strong></span> <span class='ocrx_word' id='word_1_653' title='bbox 2777 3863 3120 3934; x_wconf 79' lang='grc' dir='ltr'>Δημιουργὸς</span> <span class='ocrx_word' id='word_1_654' title='bbox 3178 3862 3382 3932; x_wconf 84' lang='grc' dir='ltr'>ἐπέστη</span> <span class='ocrx_word' id='word_1_655' title='bbox 3437 3877 3524 3915; x_wconf 92' lang='grc' dir='ltr'><strong>σοι</strong></span> <span class='ocrx_word' id='word_1_656' title='bbox 3576 3860 3711 3931; x_wconf 69' lang='grc' dir='ltr'>μετὰ</span> 
     </span>
    </p>
   </div>
   <div class='ocr_carea' id='block_1_85' title="bbox 2133 3949 3712 4026">
    <p class='ocr_par' dir='ltr' id='par_1_85' title="bbox 2133 3949 3712 4026">
     <span class='ocr_line' id='line_1_85' title="bbox 2133 3949 3712 4026; baseline 0.001 -22"><span class='ocrx_word' id='word_1_657' title='bbox 2133 3951 2398 4024; x_wconf 85' lang='grc' dir='ltr'>σώματος.</span> <span class='ocrx_word' id='word_1_658' title='bbox 2434 3949 2590 4016; x_wconf 80' lang='grc' dir='ltr'>Εἶδες</span> <span class='ocrx_word' id='word_1_659' title='bbox 2619 3955 2749 4007; x_wconf 86' lang='grc' dir='ltr'><strong>ποτέ</strong></span> <span class='ocrx_word' id='word_1_660' title='bbox 2774 3954 2866 4008; x_wconf 74' lang='grc' dir='ltr'>τὸν</span> <span class='ocrx_word' id='word_1_661' title='bbox 2912 3953 3130 4026; x_wconf 84' lang='grc' dir='ltr'>Ἰσραὴλ</span> <span class='ocrx_word' id='word_1_662' title='bbox 3159 3953 3249 4008; x_wconf 80' lang='grc' dir='ltr'>διὰ</span> <span class='ocrx_word' id='word_1_663' title='bbox 3294 3952 3408 4006; x_wconf 89' lang='grc' dir='ltr'>σοῦ-</span> <span class='ocrx_word' id='word_1_664' title='bbox 3432 3951 3712 4025; x_wconf 75' lang='grc' dir='ltr'>παρερχό-</span> 
     </span>
    </p>
   </div>
   <div class='ocr_carea' id='block_1_86' title="bbox 2136 4043 3707 4119">
    <p class='ocr_par' dir='ltr' id='par_1_86' title="bbox 2136 4043 3707 4119">
     <span class='ocr_line' id='line_1_86' title="bbox 2136 4043 3707 4119; baseline 0.001 -23"><span class='ocrx_word' id='word_1_665' title='bbox 2136 4060 2313 4114; x_wconf 85' lang='grc' dir='ltr'>μενον,</span> <span class='ocrx_word' id='word_1_666' title='bbox 2342 4043 2438 4097; x_wconf 84' lang='grc' dir='ltr'>καὶ</span> <span class='ocrx_word' id='word_1_667' title='bbox 2473 4045 2700 4116; x_wconf 87' lang='grc' dir='ltr'>μερίσας</span> <span class='ocrx_word' id='word_1_668' title='bbox 2732 4047 2801 4101; x_wconf 79' lang='grc' dir='ltr'>τὰ</span> <span class='ocrx_word' id='word_1_669' title='bbox 2836 4044 3027 4111; x_wconf 85' lang='grc' dir='ltr'>ῦδατα,</span> <span class='ocrx_word' id='word_1_670' title='bbox 3056 4045 3219 4119; x_wconf 73' lang='grc' dir='ltr'>ἔστης</span> <span class='ocrx_word' id='word_1_671' title='bbox 3244 4046 3337 4100; x_wconf 90' lang='grc' dir='ltr'><strong>τοῦ</strong></span> <span class='ocrx_word' id='word_1_672' title='bbox 3374 4045 3511 4100; x_wconf 88' lang='grc' dir='ltr'>λαοῦ</span> <span class='ocrx_word' id='word_1_673' title='bbox 3551 4062 3707 4117; x_wconf 79' lang='grc' dir='ltr'>περι-</span> 
     </span>
    </p>
   </div>
   <div class='ocr_carea' id='block_1_87' title="bbox 2132 4134 3709 4212">
    <p class='ocr_par' dir='ltr' id='par_1_87' title="bbox 2132 4134 3709 4212">
     <span class='ocr_line' id='line_1_87' title="bbox 2132 4134 3709 4212; baseline 0.002 -24"><span class='ocrx_word' id='word_1_674' title='bbox 2132 4134 2309 4207; x_wconf 87' lang='grc' dir='ltr'>μένων</span> <span class='ocrx_word' id='word_1_675' title='bbox 2334 4134 2432 4206; x_wconf 76' lang='grc' dir='ltr'>τὴν</span> <span class='ocrx_word' id='word_1_676' title='bbox 2464 4135 2694 4208; x_wconf 85' lang='grc' dir='ltr'>πάροδον</span> <span class='ocrx_word' id='word_1_677' title='bbox 2713 4154 2728 4168; x_wconf 77' lang='grc'><strong><em>⁸</em></strong></span> <span class='ocrx_word' id='word_1_678' title='bbox 2760 4136 2854 4191; x_wconf 92' lang='grc' dir='ltr'><strong>νῦν</strong></span> <span class='ocrx_word' id='word_1_679' title='bbox 2901 4138 2958 4193; x_wconf 80' lang='grc' dir='ltr'><strong>δὲ</strong></span> <span class='ocrx_word' id='word_1_680' title='bbox 3000 4137 3284 4209; x_wconf 85' lang='grc' dir='ltr'>διαχὺθητι</span> <span class='ocrx_word' id='word_1_681' title='bbox 3327 4138 3709 4212; x_wconf 82' lang='grc' dir='ltr'>σφοδρότερον,</span> 
     </span>
    </p>
   </div>
   <div class='ocr_carea' id='block_1_88' title="bbox 2130 4226 3715 4305">
    <p class='ocr_par' dir='ltr' id='par_1_88' title="bbox 2130 4226 3715 4305">
     <span class='ocr_line' id='line_1_88' title="bbox 2130 4226 3715 4305; baseline 0.003 -23"><span class='ocrx_word' id='word_1_682' title='bbox 2130 4229 2227 4283; x_wconf 79' lang='grc' dir='ltr'>καὶ</span> <span class='ocrx_word' id='word_1_683' title='bbox 2288 4226 2479 4299; x_wconf 80' lang='grc' dir='ltr'>ρεῦσον</span> <span class='ocrx_word' id='word_1_684' title='bbox 2539 4230 2910 4305; x_wconf 86' lang='grc' dir='ltr'>σχολαιότερον</span> <span class='ocrx_word' id='word_1_685' title='bbox 2933 4271 2947 4296; x_wconf 95' lang='grc'><strong>,</strong></span> <span class='ocrx_word' id='word_1_686' title='bbox 3011 4231 3109 4286; x_wconf 70' lang='grc' dir='ltr'><strong>καὶ</strong></span> <span class='ocrx_word' id='word_1_687' title='bbox 3170 4230 3545 4303; x_wconf 82' lang='grc' dir='ltr'>περιπλάκηθι</span> <span class='ocrx_word' id='word_1_688' title='bbox 3600 4233 3715 4295; x_wconf 80' lang='grc' dir='ltr'>τοῖς</span> 
     </span>
    </p>
   </div>
   <div class='ocr_carea' id='block_1_89' title="bbox 2131 4321 3707 4397">
    <p class='ocr_par' dir='ltr' id='par_1_89' title="bbox 2131 4321 3707 4397">
     <span class='ocr_line' id='line_1_89' title="bbox 2131 4321 3707 4397; baseline 0.001 -22"><span class='ocrx_word' id='word_1_689' title='bbox 2131 4321 2421 4394; x_wconf 82' lang='grc' dir='ltr'>ἀχράντοις</span> <span class='ocrx_word' id='word_1_690' title='bbox 2463 4322 2649 4395; x_wconf 83' lang='grc' dir='ltr'>μέλεσι</span> <span class='ocrx_word' id='word_1_691' title='bbox 2691 4324 2784 4379; x_wconf 87' lang='grc' dir='ltr'><strong>τοῦ</strong></span> <span class='ocrx_word' id='word_1_692' title='bbox 2827 4324 2920 4380; x_wconf 75' lang='grc' dir='ltr'><strong>καὶ</strong></span> <span class='ocrx_word' id='word_1_693' title='bbox 2947 4324 3068 4380; x_wconf 87' lang='grc' dir='ltr'>τότε</span> <span class='ocrx_word' id='word_1_694' title='bbox 3098 4324 3223 4389; x_wconf 83' lang='grc' dir='ltr'>τοὺς</span> <span class='ocrx_word' id='word_1_695' title='bbox 3265 4324 3551 4388; x_wconf 88' lang='grc' dir='ltr'>Ἰουδαίους</span> <span class='ocrx_word' id='word_1_696' title='bbox 3585 4323 3707 4397; x_wconf 73' lang='grc' dir='ltr'><strong>[ἀλ.</strong></span> 
     </span>
    </p>
   </div>
   <div class='ocr_carea' id='block_1_90' title="bbox 2144 4414 3712 4492">
    <p class='ocr_par' dir='ltr' id='par_1_90' title="bbox 2144 4414 3712 4492">
     <span class='ocr_line' id='line_1_90' title="bbox 2144 4414 3712 4492; baseline 0.002 -24"><span class='ocrx_word' id='word_1_697' title='bbox 2144 4414 2449 4488; x_wconf 87' lang='grc' dir='ltr'>Ἑϐραίους]</span> <span class='ocrx_word' id='word_1_698' title='bbox 2472 4417 3023 4490; x_wconf 87' lang='grc' dir='ltr'>διαπορθμεύσαντος.</span> <span class='ocrx_word' id='word_1_699' title='bbox 3055 4420 3197 4492; x_wconf 88' lang='grc' dir='ltr'>Ὀρη</span> <span class='ocrx_word' id='word_1_700' title='bbox 3240 4418 3336 4473; x_wconf 70' lang='grc' dir='ltr'>καὶ</span> <span class='ocrx_word' id='word_1_701' title='bbox 3376 4418 3579 4489; x_wconf 69' lang='grc' dir='ltr'>βουνοί,</span> <span class='ocrx_word' id='word_1_702' title='bbox 3620 4418 3712 4471; x_wconf 83' lang='grc' dir='ltr'>νά-</span> 
     </span>
    </p>
   </div>
   <div class='ocr_carea' id='block_1_91' title="bbox 2134 4507 3710 4581">
    <p class='ocr_par' dir='ltr' id='par_1_91' title="bbox 2134 4507 3710 4581">
     <span class='ocr_line' id='line_1_91' title="bbox 2134 4507 3710 4581; baseline 0.001 -19"><span class='ocrx_word' id='word_1_703' title='bbox 2134 4526 2234 4563; x_wconf 87' lang='grc' dir='ltr'><strong>παι</strong></span> <span class='ocrx_word' id='word_1_704' title='bbox 2267 4510 2361 4563; x_wconf 56' lang='grc' dir='ltr'><strong>καὶ⁸</strong></span> <span class='ocrx_word' id='word_1_705' title='bbox 2386 4507 2700 4581; x_wconf 75' lang='grc' dir='ltr'>χείμαρροι,</span> <span class='ocrx_word' id='word_1_706' title='bbox 2735 4507 2999 4564; x_wconf 80' lang='grc' dir='ltr'>θάλασσαι</span> <span class='ocrx_word' id='word_1_707' title='bbox 3038 4511 3131 4562; x_wconf 74' lang='grc' dir='ltr'>καὶ</span> <span class='ocrx_word' id='word_1_708' title='bbox 3156 4510 3406 4580; x_wconf 79' lang='grc' dir='ltr'>ποταμοὶ,</span> <span class='ocrx_word' id='word_1_709' title='bbox 3440 4509 3710 4579; x_wconf 76' lang='grc' dir='ltr'>εὐλογεῖτε</span> 
     </span>
    </p>
   </div>
   <div class='ocr_carea' id='block_1_92' title="bbox 456 4583 2022 4673">
    <p class='ocr_par' dir='ltr' id='par_1_92' title="bbox 456 4583 2022 4658">
     <span class='ocr_line' id='line_1_92' title="bbox 456 4583 2022 4658; baseline 0.002 -19"><span class='ocrx_word' id='word_1_710' title='bbox 456 4585 723 4639; x_wconf 90' lang='lat' dir='ltr'><strong>immittit.</strong></span> <span class='ocrx_word' id='word_1_711' title='bbox 758 4585 1113 4653; x_wconf 80' lang='lat' dir='ltr'><strong>Respondens</strong></span> <span class='ocrx_word' id='word_1_712' title='bbox 1144 4594 1326 4641; x_wconf 87' lang='lat' dir='ltr'><strong>autem</strong></span> <span class='ocrx_word' id='word_1_713' title='bbox 1361 4583 1520 4643; x_wconf 82' lang='lat' dir='ltr'><strong>Jesus</strong></span> <span class='ocrx_word' id='word_1_714' title='bbox 1544 4588 1681 4643; x_wconf 80' lang='lat' dir='ltr'><strong>dixit</strong></span> <span class='ocrx_word' id='word_1_715' title='bbox 1710 4588 1777 4643; x_wconf 90' lang='lat' dir='ltr'><strong>ad</strong></span> <span class='ocrx_word' id='word_1_716' title='bbox 1808 4587 1984 4658; x_wconf 91' lang='lat' dir='ltr'><strong>ipsum</strong></span> <span class='ocrx_word' id='word_1_717' title='bbox 2010 4606 2022 4642; x_wconf 92' lang='lat'>:</span> 
     </span>
    </p>
   </div>
   <div class='ocr_carea' id='block_1_93' title="bbox 2124 4583 3713 4673">
    <p class='ocr_par' dir='ltr' id='par_1_93' title="bbox 2134 4595 3713 4670">
     <span class='ocr_line' id='line_1_93' title="bbox 2134 4595 3713 4670; baseline -0.003 -17"><span class='ocrx_word' id='word_1_718' title='bbox 2134 4600 2223 4654; x_wconf 77' lang='grc' dir='ltr'><strong>τὸν</strong></span> <span class='ocrx_word' id='word_1_719' title='bbox 2244 4597 2446 4670; x_wconf 81' lang='grc' dir='ltr'>Κύριον</span> <span class='ocrx_word' id='word_1_720' title='bbox 2473 4596 2564 4651; x_wconf 79' lang='grc' dir='ltr'>τὸν</span> <span class='ocrx_word' id='word_1_721' title='bbox 2594 4596 2859 4651; x_wconf 85' lang='grc' dir='ltr'>ἐπιϐάντα</span> <span class='ocrx_word' id='word_1_722' title='bbox 2879 4597 2956 4668; x_wconf 85' lang='grc' dir='ltr'><strong>τῷ</strong></span> <span class='ocrx_word' id='word_1_723' title='bbox 2982 4595 3209 4667; x_wconf 84' lang='grc' dir='ltr'>ποταμῷ</span> <span class='ocrx_word' id='word_1_724' title='bbox 3251 4595 3491 4669; x_wconf 79' lang='grc' dir='ltr'>Ἰορδάνῃ</span> <span class='ocrx_word' id='word_1_725' title='bbox 3508 4612 3524 4626; x_wconf 74' lang='grc'><em>’</em></span> <span class='ocrx_word' id='word_1_726' title='bbox 3548 4595 3713 4659; x_wconf 74' lang='grc' dir='ltr'>αὑτὸς</span> 
     </span>
    </p>
   </div>
   <div class='ocr_carea' id='block_1_94' title="bbox 458 4675 2029 4751">
    <p class='ocr_par' dir='ltr' id='par_1_94' title="bbox 458 4675 2029 4751">
     <span class='ocr_line' id='line_1_94' title="bbox 458 4675 2029 4751; baseline 0.001 -18"><span class='ocrx_word' id='word_1_727' title='bbox 458 4675 585 4733; x_wconf 85' lang='lat' dir='ltr'><strong>Sine</strong></span> <span class='ocrx_word' id='word_1_728' title='bbox 608 4676 763 4731; x_wconf 85' lang='lat' dir='ltr'><strong>modo</strong></span> <span class='ocrx_word' id='word_1_729' title='bbox 787 4692 806 4730; x_wconf 91' lang='lat'><em>:</em></span> <span class='ocrx_word' id='word_1_730' title='bbox 835 4677 913 4731; x_wconf 73' lang='lat' dir='ltr'><strong>sic</strong></span> <span class='ocrx_word' id='word_1_731' title='bbox 938 4678 1077 4730; x_wconf 79' lang='lat' dir='ltr'><strong>enim</strong></span> <span class='ocrx_word' id='word_1_732' title='bbox 1101 4694 1194 4732; x_wconf 74' lang='lat' dir='ltr'><strong>nos</strong></span> <span class='ocrx_word' id='word_1_733' title='bbox 1223 4678 1368 4734; x_wconf 81' lang='lat' dir='ltr'><strong>decet</strong></span> <span class='ocrx_word' id='word_1_734' title='bbox 1393 4696 1596 4734; x_wconf 83' lang='lat' dir='ltr'><strong>omnem</strong></span> <span class='ocrx_word' id='word_1_735' title='bbox 1626 4682 1840 4751; x_wconf 80' lang='lat' dir='ltr'><strong>implere</strong></span> <span class='ocrx_word' id='word_1_736' title='bbox 1860 4680 2029 4750; x_wconf 79' lang='lat' dir='ltr'><strong>justi-</strong></span> 
     </span>
    </p>
   </div>
   <div class='ocr_carea' id='block_1_95' title="bbox 459 4765 2032 4843">
    <p class='ocr_par' dir='ltr' id='par_1_95' title="bbox 459 4765 2032 4843">
     <span class='ocr_line' id='line_1_95' title="bbox 459 4765 2032 4843; baseline 0.003 -19"><span class='ocrx_word' id='word_1_737' title='bbox 459 4770 594 4824; x_wconf 84' lang='lat' dir='ltr'><strong>tiam</strong></span> <span class='ocrx_word' id='word_1_738' title='bbox 621 4767 690 4822; x_wconf 79' lang='lat'><strong>“.</strong></span> <span class='ocrx_word' id='word_1_739' title='bbox 724 4765 849 4823; x_wconf 83' lang='lat' dir='ltr'><strong>Siue</strong></span> <span class='ocrx_word' id='word_1_740' title='bbox 878 4768 1034 4823; x_wconf 82' lang='lat' dir='ltr'><strong>modo</strong></span> <span class='ocrx_word' id='word_1_741' title='bbox 1052 4785 1073 4835; x_wconf 89' lang='lat'><strong>;</strong></span> <span class='ocrx_word' id='word_1_742' title='bbox 1105 4770 1306 4836; x_wconf 90' lang='lat' dir='ltr'><strong>tribue,</strong></span> <span class='ocrx_word' id='word_1_743' title='bbox 1338 4786 1372 4828; x_wconf 86' lang='grc' dir='ltr'><strong>ο</strong></span> <span class='ocrx_word' id='word_1_744' title='bbox 1400 4772 1666 4843; x_wconf 83' lang='lat' dir='ltr'><strong>Baptista,</strong></span> <span class='ocrx_word' id='word_1_745' title='bbox 1686 4773 2032 4842; x_wconf 88' lang='lat' dir='ltr'><strong>temporidis-</strong></span> 
     </span>
    </p>
   </div>
   <div class='ocr_carea' id='block_1_96' title="bbox 462 4858 2027 4933">
    <p class='ocr_par' dir='ltr' id='par_1_96' title="bbox 462 4858 2027 4933">
     <span class='ocr_line' id='line_1_96' title="bbox 462 4858 2027 4933; baseline 0.002 -20"><span class='ocrx_word' id='word_1_746' title='bbox 462 4858 796 4930; x_wconf 86' lang='lat' dir='ltr'><strong>pensationis</strong></span> <span class='ocrx_word' id='word_1_747' title='bbox 855 4874 990 4914; x_wconf 71' lang='lat' dir='ltr'><strong>mea:</strong></span> <span class='ocrx_word' id='word_1_748' title='bbox 1041 4860 1340 4917; x_wconf 89' lang='lat' dir='ltr'><strong>silentium.</strong></span> <span class='ocrx_word' id='word_1_749' title='bbox 1395 4860 1555 4917; x_wconf 90' lang='lat' dir='ltr'><strong>Disce</strong></span> <span class='ocrx_word' id='word_1_750' title='bbox 1581 4862 1720 4917; x_wconf 90' lang='lat' dir='ltr'><strong>velle</strong></span> <span class='ocrx_word' id='word_1_751' title='bbox 1754 4877 1877 4932; x_wconf 73' lang='lat' dir='ltr'><strong>quae</strong></span> <span class='ocrx_word' id='word_1_752' title='bbox 1904 4877 2027 4933; x_wconf 89' lang='lat' dir='ltr'><strong>ego.</strong></span> 
     </span>
    </p>
   </div>
   <div class='ocr_carea' id='block_1_97' title="bbox 458 4953 2032 5024">
    <p class='ocr_par' dir='ltr' id='par_1_97' title="bbox 458 4953 2032 5024">
     <span class='ocr_line' id='line_1_97' title="bbox 458 4953 2032 5024; baseline 0.002 -17"><span class='ocrx_word' id='word_1_753' title='bbox 458 4953 618 5008; x_wconf 88' lang='lat' dir='ltr'><strong>Disce</strong></span> <span class='ocrx_word' id='word_1_754' title='bbox 646 4953 960 5009; x_wconf 89' lang='lat' dir='ltr'><strong>ministrare</strong></span> <span class='ocrx_word' id='word_1_755' title='bbox 986 4953 1119 5007; x_wconf 90' lang='lat' dir='ltr'><strong>mihi</strong></span> <span class='ocrx_word' id='word_1_756' title='bbox 1150 4954 1203 5008; x_wconf 93' lang='lat' dir='ltr'><strong>in</strong></span> <span class='ocrx_word' id='word_1_757' title='bbox 1232 4953 1320 5009; x_wconf 90' lang='lat' dir='ltr'><strong>his</strong></span> <span class='ocrx_word' id='word_1_758' title='bbox 1347 4954 1416 5009; x_wconf 90' lang='lat' dir='ltr'><strong>ad</strong></span> <span class='ocrx_word' id='word_1_759' title='bbox 1441 4969 1563 5024; x_wconf 69' lang='lat' dir='ltr'><strong>quae</strong></span> <span class='ocrx_word' id='word_1_760' title='bbox 1595 4963 1648 5009; x_wconf 91' lang='lat' dir='ltr'><strong>te</strong></span> <span class='ocrx_word' id='word_1_761' title='bbox 1675 4954 1939 5021; x_wconf 89' lang='lat' dir='ltr'><strong>sollicito;</strong></span> <span class='ocrx_word' id='word_1_762' title='bbox 1975 4963 2032 5012; x_wconf 88' lang='lat' dir='ltr'><strong>et</strong></span> 
     </span>
    </p>
   </div>
   <div class='ocr_carea' id='block_1_98' title="bbox 459 5044 2030 5115">
    <p class='ocr_par' dir='ltr' id='par_1_98' title="bbox 459 5044 2030 5115">
     <span class='ocr_line' id='line_1_98' title="bbox 459 5044 2030 5115; baseline -0.001 -13"><span class='ocrx_word' id='word_1_763' title='bbox 459 5061 527 5102; x_wconf 86' lang='lat' dir='ltr'><strong>ne</strong></span> <span class='ocrx_word' id='word_1_764' title='bbox 572 5045 791 5102; x_wconf 86' lang='lat' dir='ltr'><strong>curiose</strong></span> <span class='ocrx_word' id='word_1_765' title='bbox 820 5044 983 5101; x_wconf 91' lang='lat' dir='ltr'><strong>nimis</strong></span> <span class='ocrx_word' id='word_1_766' title='bbox 1033 5060 1156 5115; x_wconf 66' lang='lat' dir='ltr'><strong>quae</strong></span> <span class='ocrx_word' id='word_1_767' title='bbox 1187 5046 1312 5101; x_wconf 83' lang='lat' dir='ltr'><strong>volo</strong></span> <span class='ocrx_word' id='word_1_768' title='bbox 1350 5046 1617 5115; x_wconf 87' lang='lat' dir='ltr'><strong>inquiras.</strong></span> <span class='ocrx_word' id='word_1_769' title='bbox 1655 5045 1783 5102; x_wconf 80' lang='lat' dir='ltr'><strong>Siue</strong></span> <span class='ocrx_word' id='word_1_770' title='bbox 1834 5048 2030 5101; x_wconf 85' lang='lat' dir='ltr'><strong>modo:</strong></span> 
     </span>
    </p>
   </div>
   <div class='ocr_carea' id='block_1_99' title="bbox 460 5138 2030 5210">
    <p class='ocr_par' dir='ltr' id='par_1_99' title="bbox 460 5138 2030 5210">
     <span class='ocr_line' id='line_1_99' title="bbox 460 5138 2030 5210; baseline -0.001 -15"><span class='ocrx_word' id='word_1_771' title='bbox 460 5139 701 5195; x_wconf 90' lang='lat' dir='ltr'><strong>nondum</strong></span> <span class='ocrx_word' id='word_1_772' title='bbox 733 5155 910 5194; x_wconf 91' lang='lat' dir='ltr'><strong>meam</strong></span> <span class='ocrx_word' id='word_1_773' title='bbox 944 5138 1323 5210; x_wconf 67' lang='lat' dir='ltr'><strong>praedicaveris</strong></span> <span class='ocrx_word' id='word_1_774' title='bbox 1363 5139 1743 5206; x_wconf 84' lang='lat' dir='ltr'><strong>divinitatem;</strong></span> <span class='ocrx_word' id='word_1_775' title='bbox 1787 5138 2030 5194; x_wconf 90' lang='lat' dir='ltr'><strong>nondum</strong></span> 
     </span>
    </p>
   </div>
   <div class='ocr_carea' id='block_1_100' title="bbox 461 5230 2037 5304">
    <p class='ocr_par' dir='ltr' id='par_1_100' title="bbox 461 5230 2037 5304">
     <span class='ocr_line' id='line_1_100' title="bbox 461 5230 2037 5304; baseline 0.001 -19"><span class='ocrx_word' id='word_1_776' title='bbox 461 5230 621 5286; x_wconf 88' lang='lat' dir='ltr'><strong>labiis</strong></span> <span class='ocrx_word' id='word_1_777' title='bbox 645 5232 758 5287; x_wconf 89' lang='lat' dir='ltr'><strong>tuis</strong></span> <span class='ocrx_word' id='word_1_778' title='bbox 783 5247 964 5287; x_wconf 91' lang='lat' dir='ltr'><strong>meum</strong></span> <span class='ocrx_word' id='word_1_779' title='bbox 989 5230 1369 5288; x_wconf 81' lang='lat' dir='ltr'><strong>buccinaveris</strong></span> <span class='ocrx_word' id='word_1_780' title='bbox 1384 5246 1646 5302; x_wconf 86' lang='lat' dir='ltr'><strong>regnum:</strong></span> <span class='ocrx_word' id='word_1_781' title='bbox 1676 5246 1745 5288; x_wconf 90' lang='lat' dir='ltr'><strong>ne</strong></span> <span class='ocrx_word' id='word_1_782' title='bbox 1772 5232 1819 5288; x_wconf 89' lang='lat' dir='ltr'><strong>si</strong></span> <span class='ocrx_word' id='word_1_783' title='bbox 1838 5246 2037 5304; x_wconf 86' lang='lat' dir='ltr'><strong>cogno-</strong></span> 
     </span>
    </p>
   </div>
   <div class='ocr_carea' id='block_1_101' title="bbox 464 5311 2036 5397">
    <p class='ocr_par' dir='ltr' id='par_1_101' title="bbox 464 5311 2036 5397">
     <span class='ocr_line' id='line_1_101' title="bbox 464 5311 2036 5397; baseline 0.004 -21"><span class='ocrx_word' id='word_1_784' title='bbox 464 5323 601 5379; x_wconf 83' lang='lat' dir='ltr'><strong>verit</strong></span> <span class='ocrx_word' id='word_1_785' title='bbox 648 5332 916 5396; x_wconf 81' lang='lat' dir='ltr'><strong>tyrannus</strong></span> <span class='ocrx_word' id='word_1_786' title='bbox 942 5365 958 5390; x_wconf 93' lang='lat'><strong>,</strong></span> <span class='ocrx_word' id='word_1_787' title='bbox 1002 5324 1175 5397; x_wconf 82' lang='lat' dir='ltr'><strong>fugiat</strong></span> <span class='ocrx_word' id='word_1_788' title='bbox 1221 5325 1509 5384; x_wconf 86' lang='lat' dir='ltr'><strong>consilium</strong></span> <span class='ocrx_word' id='word_1_789' title='bbox 1543 5325 1689 5396; x_wconf 82' lang='lat' dir='ltr'><strong>quod</strong></span> <span class='ocrx_word' id='word_1_790' title='bbox 1726 5311 1916 5382; x_wconf 74' lang='lat' dir='ltr'><strong>contra</strong></span> <span class='ocrx_word' id='word_1_791' title='bbox 1948 5341 2036 5382; x_wconf 88' lang='lat' dir='ltr'><strong>me</strong></span> 
     </span>
    </p>
   </div>
   <div class='ocr_carea' id='block_1_102' title="bbox 462 5416 2032 5490">
    <p class='ocr_par' dir='ltr' id='par_1_102' title="bbox 462 5416 2032 5490">
     <span class='ocr_line' id='line_1_102' title="bbox 462 5416 2032 5490; baseline 0.003 -20"><span class='ocrx_word' id='word_1_792' title='bbox 462 5418 726 5487; x_wconf 84' lang='lat' dir='ltr'><strong>suscepit.</strong></span> <span class='ocrx_word' id='word_1_793' title='bbox 765 5416 894 5474; x_wconf 87' lang='lat' dir='ltr'><strong>Sine</strong></span> <span class='ocrx_word' id='word_1_794' title='bbox 925 5420 1202 5475; x_wconf 89' lang='lat' dir='ltr'><strong>diabolum</strong></span> <span class='ocrx_word' id='word_1_795' title='bbox 1259 5420 1327 5475; x_wconf 91' lang='lat' dir='ltr'><strong>ad</strong></span> <span class='ocrx_word' id='word_1_796' title='bbox 1361 5434 1448 5475; x_wconf 91' lang='lat' dir='ltr'><strong>me</strong></span> <span class='ocrx_word' id='word_1_797' title='bbox 1475 5426 1735 5490; x_wconf 85' lang='lat' dir='ltr'><strong>tanquam</strong></span> <span class='ocrx_word' id='word_1_798' title='bbox 1769 5419 1839 5475; x_wconf 90' lang='lat' dir='ltr'><strong>ad</strong></span> <span class='ocrx_word' id='word_1_799' title='bbox 1861 5435 2032 5475; x_wconf 91' lang='lat' dir='ltr'><strong>unum</strong></span> 
     </span>
    </p>
   </div>
   <div class='ocr_carea' id='block_1_103' title="bbox 466 5505 2035 5583">
    <p class='ocr_par' dir='ltr' id='par_1_103' title="bbox 466 5505 2035 5583">
     <span class='ocr_line' id='line_1_103' title="bbox 466 5505 2035 5583; baseline 0.005 -21"><span class='ocrx_word' id='word_1_800' title='bbox 466 5505 700 5577; x_wconf 76' lang='lat' dir='ltr'><strong>aliquem</strong></span> <span class='ocrx_word' id='word_1_801' title='bbox 724 5525 791 5569; x_wconf 73' lang='lat' dir='ltr'><strong>ex</strong></span> <span class='ocrx_word' id='word_1_802' title='bbox 819 5512 1031 5569; x_wconf 63' lang='lat' dir='ltr'><strong>caeteris</strong></span> <span class='ocrx_word' id='word_1_803' title='bbox 1065 5512 1380 5570; x_wconf 85' lang='lat' dir='ltr'><strong>hominibus</strong></span> <span class='ocrx_word' id='word_1_804' title='bbox 1421 5512 1680 5569; x_wconf 88' lang='lat' dir='ltr'><strong>accedere</strong></span> <span class='ocrx_word' id='word_1_805' title='bbox 1711 5526 2035 5583; x_wconf 81' lang='lat' dir='ltr'><strong>mecumque</strong></span> 
     </span>
    </p>
   </div>
   <div class='ocr_carea' id='block_1_104' title="bbox 2127 4686 3712 4763">
    <p class='ocr_par' dir='ltr' id='par_1_104' title="bbox 2127 4686 3712 4763">
     <span class='ocr_line' id='line_1_104' title="bbox 2127 4686 3712 4763; baseline -0.003 -20"><span class='ocrx_word' id='word_1_806' title='bbox 2127 4691 2235 4763; x_wconf 80' lang='grc' dir='ltr'>γὰρ</span> <span class='ocrx_word' id='word_1_807' title='bbox 2267 4689 2358 4743; x_wconf 81' lang='grc' dir='ltr'><strong>διὰ</strong></span> <span class='ocrx_word' id='word_1_808' title='bbox 2386 4689 2589 4744; x_wconf 88' lang='grc' dir='ltr'>τούτων</span> <span class='ocrx_word' id='word_1_809' title='bbox 2613 4688 2720 4744; x_wconf 85' lang='grc' dir='ltr'>τῶν</span> <span class='ocrx_word' id='word_1_810' title='bbox 2742 4688 2949 4744; x_wconf 78' lang='grc' dir='ltr'>ὑδάτων</span> <span class='ocrx_word' id='word_1_811' title='bbox 2980 4689 3285 4759; x_wconf 84' lang='grc' dir='ltr'>ἐπιπέμπει</span> <span class='ocrx_word' id='word_1_812' title='bbox 3312 4687 3404 4741; x_wconf 76' lang='grc' dir='ltr'><strong>τὸν</strong></span> <span class='ocrx_word' id='word_1_813' title='bbox 3438 4686 3712 4758; x_wconf 74' lang='grc' dir='ltr'>ἁγιασμὸν</span> 
     </span>
    </p>
   </div>
   <div class='ocr_carea' id='block_1_105' title="bbox 2130 4774 3709 4852">
    <p class='ocr_par' dir='ltr' id='par_1_105' title="bbox 2130 4774 3709 4852">
     <span class='ocr_line' id='line_1_105' title="bbox 2130 4774 3709 4852; baseline -0.004 -15"><span class='ocrx_word' id='word_1_814' title='bbox 2130 4784 2267 4837; x_wconf 80' lang='grc' dir='ltr'>πᾶσι</span> <span class='ocrx_word' id='word_1_815' title='bbox 2299 4784 2411 4845; x_wconf 74' lang='grc' dir='ltr'>τοῖς</span> <span class='ocrx_word' id='word_1_816' title='bbox 2455 4780 2662 4836; x_wconf 80' lang='grc' dir='ltr'>ὕδασιν.</span> <span class='ocrx_word' id='word_1_817' title='bbox 2721 4779 3065 4852; x_wconf 74' lang='grc' dir='ltr'>Ἀποκριθεὶς</span> <span class='ocrx_word' id='word_1_818' title='bbox 3103 4780 3162 4834; x_wconf 85' lang='grc' dir='ltr'>δὲ</span> <span class='ocrx_word' id='word_1_819' title='bbox 3211 4781 3240 4833; x_wconf 83' lang='grc' dir='ltr'><strong>ὁ</strong></span> <span class='ocrx_word' id='word_1_820' title='bbox 3295 4778 3509 4848; x_wconf 89' lang='grc' dir='ltr'>Ἰησοῦς</span> <span class='ocrx_word' id='word_1_821' title='bbox 3529 4818 3546 4843; x_wconf 93' lang='grc'><strong>,</strong></span> <span class='ocrx_word' id='word_1_822' title='bbox 3591 4774 3709 4832; x_wconf 74' lang='grc' dir='ltr'>εἷπε</span> 
     </span>
    </p>
   </div>
   <div class='ocr_carea' id='block_1_106' title="bbox 2132 4869 3714 4948">
    <p class='ocr_par' dir='ltr' id='par_1_106' title="bbox 2132 4869 3714 4948">
     <span class='ocr_line' id='line_1_106' title="bbox 2132 4869 3714 4948; baseline -0.004 -20"><span class='ocrx_word' id='word_1_823' title='bbox 2132 4875 2269 4948; x_wconf 74' lang='grc' dir='ltr'>πρὸς</span> <span class='ocrx_word' id='word_1_824' title='bbox 2305 4872 2495 4927; x_wconf 86' lang='grc' dir='ltr'>αὑτόν·</span> <span class='ocrx_word' id='word_1_825' title='bbox 2530 4875 2706 4942; x_wconf 68' lang='grc' dir='ltr'>Ἄφες</span> <span class='ocrx_word' id='word_1_826' title='bbox 2737 4870 2901 4940; x_wconf 67' lang='grc' dir='ltr'>ἇρτν</span> <span class='ocrx_word' id='word_1_827' title='bbox 2942 4869 3098 4924; x_wconf 83' lang='grc' dir='ltr'>οὕτω</span> <span class='ocrx_word' id='word_1_828' title='bbox 3140 4870 3251 4940; x_wconf 67' lang='grc' dir='ltr'>γὰρ</span> <span class='ocrx_word' id='word_1_829' title='bbox 3280 4869 3514 4938; x_wconf 75' lang='grc' dir='ltr'>πρέπον</span> <span class='ocrx_word' id='word_1_830' title='bbox 3542 4869 3714 4923; x_wconf 70' lang='grc' dir='ltr'>ἐστίν</span> 
     </span>
    </p>
   </div>
   <div class='ocr_carea' id='block_1_107' title="bbox 2129 4959 3707 5035">
    <p class='ocr_par' dir='ltr' id='par_1_107' title="bbox 2129 4959 3707 5035">
     <span class='ocr_line' id='line_1_107' title="bbox 2129 4959 3707 5035; baseline -0.004 -15"><span class='ocrx_word' id='word_1_831' title='bbox 2129 4965 2277 5035; x_wconf 74' lang='grc' dir='ltr'><strong>ἡμῖν</strong></span> <span class='ocrx_word' id='word_1_832' title='bbox 2301 4964 2617 5032; x_wconf 68' lang='grc' dir='ltr'>πληρῶσαι</span> <span class='ocrx_word' id='word_1_833' title='bbox 2655 4961 2861 5019; x_wconf 78' lang='grc' dir='ltr'>πᾶσαν</span> <span class='ocrx_word' id='word_1_834' title='bbox 2887 4961 3303 5030; x_wconf 81' lang='grc' dir='ltr'>δικαιοσύνην.</span> <span class='ocrx_word' id='word_1_835' title='bbox 3332 4962 3510 5030; x_wconf 68' lang='grc' dir='ltr'>Ἄφες</span> <span class='ocrx_word' id='word_1_836' title='bbox 3542 4959 3673 5029; x_wconf 73' lang='grc' dir='ltr'>ἄρτι</span> <span class='ocrx_word' id='word_1_837' title='bbox 3690 4975 3707 4989; x_wconf 88' lang='grc'><strong>·</strong></span> 
     </span>
    </p>
   </div>
   <div class='ocr_carea' id='block_1_108' title="bbox 2133 5051 3708 5130">
    <p class='ocr_par' dir='ltr' id='par_1_108' title="bbox 2133 5051 3708 5130">
     <span class='ocr_line' id='line_1_108' title="bbox 2133 5051 3708 5130; baseline -0.005 -18"><span class='ocrx_word' id='word_1_838' title='bbox 2133 5057 2375 5130; x_wconf 87' lang='grc' dir='ltr'>χάρισαι,</span> <span class='ocrx_word' id='word_1_839' title='bbox 2415 5056 2718 5121; x_wconf 78' lang='grc' dir='ltr'>Βαπτιστὰ,</span> <span class='ocrx_word' id='word_1_840' title='bbox 2748 5054 2827 5126; x_wconf 84' lang='grc' dir='ltr'>τῷ</span> <span class='ocrx_word' id='word_1_841' title='bbox 2864 5053 3040 5127; x_wconf 81' lang='grc' dir='ltr'>καιρῷ</span> <span class='ocrx_word' id='word_1_842' title='bbox 3086 5053 3187 5125; x_wconf 83' lang='grc' dir='ltr'>τῆς</span> <span class='ocrx_word' id='word_1_843' title='bbox 3224 5053 3363 5124; x_wconf 80' lang='grc' dir='ltr'>ἐμῆς</span> <span class='ocrx_word' id='word_1_844' title='bbox 3398 5051 3708 5122; x_wconf 74' lang='grc' dir='ltr'>οἰκονομίας</span> 
     </span>
    </p>
   </div>
   <div class='ocr_carea' id='block_1_109' title="bbox 2134 5143 3710 5223">
    <p class='ocr_par' dir='ltr' id='par_1_109' title="bbox 2134 5143 3710 5223">
     <span class='ocr_line' id='line_1_109' title="bbox 2134 5143 3710 5223; baseline -0.004 -19"><span class='ocrx_word' id='word_1_845' title='bbox 2134 5152 2230 5223; x_wconf 83' lang='grc' dir='ltr'>τὴν</span> <span class='ocrx_word' id='word_1_846' title='bbox 2254 5150 2480 5221; x_wconf 78' lang='grc' dir='ltr'>σιωπήν.</span> <span class='ocrx_word' id='word_1_847' title='bbox 2509 5147 2664 5203; x_wconf 83' lang='grc' dir='ltr'>Μάθε</span> <span class='ocrx_word' id='word_1_848' title='bbox 2695 5146 2870 5201; x_wconf 82' lang='grc' dir='ltr'>θέλειν</span> <span class='ocrx_word' id='word_1_849' title='bbox 2924 5146 3066 5220; x_wconf 68' lang='grc' dir='ltr'>ἅπερ</span> <span class='ocrx_word' id='word_1_850' title='bbox 3097 5144 3228 5217; x_wconf 83' lang='grc' dir='ltr'>ἐγώ.</span> <span class='ocrx_word' id='word_1_851' title='bbox 3261 5143 3419 5202; x_wconf 79' lang='grc' dir='ltr'>Μάθε</span> <span class='ocrx_word' id='word_1_852' title='bbox 3443 5143 3710 5199; x_wconf 79' lang='grc' dir='ltr'>διακονεῖν</span> 
     </span>
    </p>
   </div>
   <div class='ocr_carea' id='block_1_110' title="bbox 2135 5236 3707 5315">
    <p class='ocr_par' dir='ltr' id='par_1_110' title="bbox 2135 5236 3707 5315">
     <span class='ocr_line' id='line_1_110' title="bbox 2135 5236 3707 5315; baseline -0.003 -19"><span class='ocrx_word' id='word_1_853' title='bbox 2135 5259 2226 5314; x_wconf 92' lang='grc' dir='ltr'><strong>μοι</strong></span> <span class='ocrx_word' id='word_1_854' title='bbox 2266 5240 2404 5315; x_wconf 82' lang='grc' dir='ltr'>πρὸς</span> <span class='ocrx_word' id='word_1_855' title='bbox 2441 5240 2586 5312; x_wconf 71' lang='grc' dir='ltr'>άπερ</span> <span class='ocrx_word' id='word_1_856' title='bbox 2634 5238 2961 5311; x_wconf 83' lang='grc' dir='ltr'>ἐπείγομαι,</span> <span class='ocrx_word' id='word_1_857' title='bbox 3002 5239 3100 5293; x_wconf 74' lang='grc' dir='ltr'>καὶ</span> <span class='ocrx_word' id='word_1_858' title='bbox 3147 5238 3221 5311; x_wconf 77' lang='grc' dir='ltr'>μὴ</span> <span class='ocrx_word' id='word_1_859' title='bbox 3264 5236 3707 5310; x_wconf 81' lang='grc' dir='ltr'>πολυπραγμόνει</span> 
     </span>
    </p>
   </div>
   <div class='ocr_carea' id='block_1_111' title="bbox 2131 5327 3709 5403">
    <p class='ocr_par' dir='ltr' id='par_1_111' title="bbox 2131 5327 3709 5403">
     <span class='ocr_line' id='line_1_111' title="bbox 2131 5327 3709 5403; baseline -0.002 -17"><span class='ocrx_word' id='word_1_860' title='bbox 2131 5332 2277 5403; x_wconf 74' lang='grc' dir='ltr'>ἅπερ</span> <span class='ocrx_word' id='word_1_861' title='bbox 2308 5329 2586 5402; x_wconf 89' lang='grc' dir='ltr'>βούλομαι.</span> <span class='ocrx_word' id='word_1_862' title='bbox 2636 5330 2811 5399; x_wconf 72' lang='grc' dir='ltr'>Ἄφες</span> <span class='ocrx_word' id='word_1_863' title='bbox 2833 5328 2990 5399; x_wconf 67' lang='grc' dir='ltr'>ἄρτια</span> <span class='ocrx_word' id='word_1_864' title='bbox 3029 5331 3194 5401; x_wconf 81' lang='grc' dir='ltr'>μήπω</span> <span class='ocrx_word' id='word_1_865' title='bbox 3240 5327 3339 5400; x_wconf 82' lang='grc' dir='ltr'><strong>τὴν</strong></span> <span class='ocrx_word' id='word_1_866' title='bbox 3370 5328 3512 5401; x_wconf 81' lang='grc' dir='ltr'>ἐμὴν</span> <span class='ocrx_word' id='word_1_867' title='bbox 3548 5327 3709 5401; x_wconf 81' lang='grc' dir='ltr'>κηρύ-</span> 
     </span>
    </p>
   </div>
   <div class='ocr_carea' id='block_1_112' title="bbox 2131 5418 3707 5497">
    <p class='ocr_par' dir='ltr' id='par_1_112' title="bbox 2131 5418 3707 5497">
     <span class='ocr_line' id='line_1_112' title="bbox 2131 5418 3707 5497; baseline -0.003 -21"><span class='ocrx_word' id='word_1_868' title='bbox 2131 5421 2230 5497; x_wconf 81' lang='grc' dir='ltr'><strong>ξῃς</strong></span> <span class='ocrx_word' id='word_1_869' title='bbox 2253 5420 2500 5493; x_wconf 87' lang='grc' dir='ltr'>θεότητα,</span> <span class='ocrx_word' id='word_1_870' title='bbox 2533 5421 2700 5492; x_wconf 85' lang='grc' dir='ltr'>μήπω</span> <span class='ocrx_word' id='word_1_871' title='bbox 2745 5418 3013 5493; x_wconf 76' lang='grc' dir='ltr'>σαλπίσῃς</span> <span class='ocrx_word' id='word_1_872' title='bbox 3042 5422 3152 5485; x_wconf 73' lang='grc' dir='ltr'>τοῖς</span> <span class='ocrx_word' id='word_1_873' title='bbox 3194 5421 3398 5492; x_wconf 82' lang='grc' dir='ltr'>χείλεσι</span> <span class='ocrx_word' id='word_1_874' title='bbox 3432 5422 3535 5494; x_wconf 80' lang='grc' dir='ltr'>τὴν</span> <span class='ocrx_word' id='word_1_875' title='bbox 3570 5420 3707 5492; x_wconf 75' lang='grc' dir='ltr'>ἐμὴν</span> 
     </span>
    </p>
   </div>
   <div class='ocr_carea' id='block_1_113' title="bbox 2132 5510 3707 5586">
    <p class='ocr_par' dir='ltr' id='par_1_113' title="bbox 2132 5510 3707 5586">
     <span class='ocr_line' id='line_1_113' title="bbox 2132 5510 3707 5586; baseline -0.002 -17"><span class='ocrx_word' id='word_1_876' title='bbox 2132 5512 2408 5585; x_wconf 71' lang='grc' dir='ltr'>βασιλείαν</span> <span class='ocrx_word' id='word_1_877' title='bbox 2427 5529 2441 5544; x_wconf 74' lang='grc' dir='ltr'><strong>ο</strong></span> <span class='ocrx_word' id='word_1_878' title='bbox 2474 5512 2563 5567; x_wconf 75' lang='grc' dir='ltr'>ἵνα</span> <span class='ocrx_word' id='word_1_879' title='bbox 2593 5510 2666 5584; x_wconf 76' lang='grc' dir='ltr'><strong>μὴ</strong></span> <span class='ocrx_word' id='word_1_880' title='bbox 2692 5511 2880 5585; x_wconf 82' lang='grc' dir='ltr'>μαθὼν</span> <span class='ocrx_word' id='word_1_881' title='bbox 2906 5514 2936 5568; x_wconf 79' lang='grc' dir='ltr'><strong><em>ὁ</em></strong></span> <span class='ocrx_word' id='word_1_882' title='bbox 2962 5511 3239 5583; x_wconf 84' lang='grc' dir='ltr'>τύραννος,</span> <span class='ocrx_word' id='word_1_883' title='bbox 3269 5511 3419 5586; x_wconf 77' lang='grc' dir='ltr'>φύγῃ</span> <span class='ocrx_word' id='word_1_884' title='bbox 3448 5511 3547 5585; x_wconf 76' lang='grc' dir='ltr'>τὴν</span> <span class='ocrx_word' id='word_1_885' title='bbox 3574 5510 3707 5581; x_wconf 77' lang='grc' dir='ltr'>πρὸς</span> 
     </span>
    </p>
   </div>
   <div class='ocr_carea' id='block_1_114' title="bbox 530 5688 3572 5767">
    <p class='ocr_par' dir='ltr' id='par_1_114' title="bbox 530 5688 3572 5767">
     <span class='ocr_line' id='line_1_114' title="bbox 530 5688 3572 5767; baseline 0.003 -22"><span class='ocrx_word' id='word_1_886' title='bbox 530 5689 578 5725; x_wconf 79' lang='grc'><strong><em>³⁸</em></strong></span> <span class='ocrx_word' id='word_1_887' title='bbox 612 5688 744 5747; x_wconf 85' lang='lat' dir='ltr'><strong>Luc.</strong></span> <span class='ocrx_word' id='word_1_888' title='bbox 785 5706 866 5761; x_wconf 86' lang='lat' dir='ltr'><strong>Ill,</strong></span> <span class='ocrx_word' id='word_1_889' title='bbox 906 5693 999 5762; x_wconf 75' lang='lat'><strong>16;</strong></span> <span class='ocrx_word' id='word_1_890' title='bbox 1022 5693 1178 5751; x_wconf 82' lang='lat' dir='ltr'><strong>Joan.</strong></span> <span class='ocrx_word' id='word_1_891' title='bbox 1205 5712 1243 5762; x_wconf 82' lang='grc' dir='ltr'><strong>ι,</strong></span> <span class='ocrx_word' id='word_1_892' title='bbox 1266 5696 1357 5753; x_wconf 74' lang='grc'><strong>27.</strong></span> <span class='ocrx_word' id='word_1_893' title='bbox 1436 5698 1480 5732; x_wconf 79' lang='grc' dir='ltr'><strong>⁸ο</strong></span> <span class='ocrx_word' id='word_1_894' title='bbox 1508 5694 1650 5753; x_wconf 85' lang='lat' dir='ltr'><strong>Psal.</strong></span> <span class='ocrx_word' id='word_1_895' title='bbox 1677 5711 1796 5767; x_wconf 87' lang='lat' dir='ltr'><strong>cm,</strong></span> <span class='ocrx_word' id='word_1_896' title='bbox 1826 5696 1881 5754; x_wconf 61' lang='lat'><strong>2.</strong></span> <span class='ocrx_word' id='word_1_897' title='bbox 1959 5699 1999 5730; x_wconf 82' lang='lat'>&quot;</span> <span class='ocrx_word' id='word_1_898' title='bbox 2036 5695 2179 5755; x_wconf 80' lang='lat' dir='ltr'><strong>Psal.</strong></span> <span class='ocrx_word' id='word_1_899' title='bbox 2207 5714 2403 5767; x_wconf 53' lang='grc' dir='ltr'>τισιν,</span> <span class='ocrx_word' id='word_1_900' title='bbox 2434 5697 2471 5758; x_wconf 80' lang='lat'><strong><em>6</em></strong></span> <span class='ocrx_word' id='word_1_901' title='bbox 2564 5698 2610 5731; x_wconf 82' lang='lat'><strong>&quot;</strong></span> <span class='ocrx_word' id='word_1_902' title='bbox 2639 5695 2793 5757; x_wconf 82' lang='lat' dir='ltr'><strong>Joan.</strong></span> <span class='ocrx_word' id='word_1_903' title='bbox 2830 5714 2868 5767; x_wconf 83' lang='grc' dir='ltr'><strong>ι,</strong></span> <span class='ocrx_word' id='word_1_904' title='bbox 2902 5697 2991 5756; x_wconf 72' lang='lat'><strong>29.</strong></span> <span class='ocrx_word' id='word_1_905' title='bbox 3068 5699 3113 5733; x_wconf 80' lang='lat'>“</span> <span class='ocrx_word' id='word_1_906' title='bbox 3146 5696 3334 5755; x_wconf 76' lang='lat' dir='ltr'><strong>Matth.</strong></span> <span class='ocrx_word' id='word_1_907' title='bbox 3366 5714 3450 5758; x_wconf 86' lang='lat' dir='ltr'><strong>tu.</strong></span> <span class='ocrx_word' id='word_1_908' title='bbox 3483 5699 3572 5757; x_wconf 67' lang='lat' dir='ltr'><strong>is.</strong></span> 
     </span>
    </p>
   </div>
  </div>
