3988 6200
283 262 424 318 1185

1256 257 1541 316 HOMILIA
1581 256 1650 314 IV
1693 257 1760 312 IN
1800 256 2066 313 SANCTA
2102 257 2571 316 TllEOPHANlA.

3382 277 3522 336 “83

276 378 380 445 ἐμὲ
411 373 737 446 συμϐουλήν.
777 376 974 431 Ἔασον
1007 375 1096 430 τὸν
1135 375 1379 430 διάόολον
1424 376 1499 439 ὡς
1529 375 1606 447 τῷ
1636 375 1850 446 τυχόντι

1956 377 2226 445 congredi,
2261 387 2319 432 ut
2342 389 2708 448 opportunum
2760 382 2956 438 vulnus
2982 385 3233 455 accipiat.
3270 388 3396 445 Sine
3430 409 3523 451 me

279 486 371 540 μοι
411 467 746 539 προσελθεῖν,
777 470 870 522 καὶ
911 469 1224 540 συμϐαλεῖν,
1265 469 1359 522 καὶ
1402 468 1587 520 λαϐεῖν
1632 467 1851 538 καιρίαν

278 562 379 632 τὴν
420 559 651 630 πληγήν.
691 559 890 612 Ἐασὸν
924 577 988 630 με
1015 559 1297 629 πληρῶσαι
1321 558 1411 611 τὸν
1447 557 1667 620 σκοπὸν,
1698 556 1764 608 δι’
1793 556 1852 608 ὃν

280 651 664 724 παρεγενόμην
689 652 781 704 ἐπὶ
804 651 906 721 τῆς
938 653 1058 722 γῆς.
1096 653 1284 721 Μυστή
1297 651 1410 722 ριόν
1453 653 1570 702 ἐστι
1600 649 1660 701 τὸ
1687 650 1853 720 σήμε-

283 760 375 814 ρον
407 746 466 796 ἐν
497 742 575 813 τῷ
619 743 855 816 Ἰορδάνῃ
886 742 1222 813 τελούμενον.
1267 741 1348 793 Τά
1401 740 1672 812 μυστήριά
1728 756 1849 810 μου,

284 836 408 905 ἐμοὶ
453 836 546 888 καὶ
591 838 703 898 τοῖς
755 837 926 904 ἐμοῖς.
978 833 1292 904 Μυστὴριὸν
1343 836 1511 894 ἐστιν,
1562 832 1662 886 οὑκ
1714 829 1852 902 ἐμὴν

283 925 471 996 χρείαν
503 925 870 997 ἀποπληροῦν,
906 925 1038 979 ἀλλὰ
1070 925 1366 996 θεραπείαν
1405 929 1518 988 τοῖς
1548 940 1854 995 τετραυμα-

277 1019 552 1089 τισμένοις
578 1017 842 1071 ἐπινοοῦν.
874 1019 1184 1091 Μυστὴριὸν
1214 1021 1381 1078 ἐστιν,
1417 1021 1473 1071 ἐν
1511 1017 1718 1079 τούτοις
1743 1018 1851 1078 τοῖς

280 1107 438 1160 ὕδασι
481 1107 909 1179 προζωγραφοῦν
955 1107 1077 1179 [ἄλ.
1129 1115 1229 1163 οὐκ
1273 1110 1412 1180 ἐμῆς
1457 1109 1668 1178 χρείαν,
1696 1105 1850 1159 ὕδασι

281 1199 759 1271 προζωγραφοῦν],
793 1201 892 1270 τῆς
943 1200 1048 1255 τῶν
1097 1200 1400 1273 ἀνθρώπων
1434 1199 1852 1268 παλιγγενεσίας

279 1291 348 1344 τά
378 1292 602 1362 οὐράνια
631 1292 865 1361 νάματα.
902 1294 1072 1361 Ἄφες
1106 1292 1235 1360 ἄρτι
1260 1311 1272 1324 ο
1303 1295 1428 1346 ὅταν
1472 1294 1586 1363 ἴδῃς
1631 1308 1696 1362 με
1738 1291 1854 1344 θεο-

282 1382 512 1453 πρεπῶς
536 1385 593 1435 ἐν
629 1385 738 1444 τοῖς
770 1384 921 1452 ἐμοῖς
952 1385 1216 1455 ποιήμασι
1245 1384 1305 1436 τὸ
1335 1383 1524 1436 δοκοῦν
1551 1381 1852 1454 ἐργαζόμε-

281 1492 393 1538 νον,
434 1474 551 1526 τότε
583 1476 693 1536 τοῖς
733 1474 1042 1545 γενομένοις
1219 1479 1330 1539 τοῖς
1373 1471 1699 1545 γινομένοις]
1729 1472 1854 1536 τοὺς

276 1567 484 1639 ὕμνους
512 1567 913 1637 προσάρμοσον.
943 1568 1109 1623 Ὅταν
1141 1569 1253 1642 ἴδῃς
1281 1586 1347 1640 με
1373 1568 1606 1641 λεπροὺς
1635 1565 1856 1636 καθαρί-

279 1659 464 1724 ζοντα,
507 1659 626 1711 τότε
677 1659 743 1729 μὲ
786 1659 1120 1729 Δημιουργὸν
1178 1660 1275 1730 τῆς
1315 1658 1528 1728 φύσεως
1560 1657 1856 1727 ἀναγόρευ-

1953 466 2249 536 adimplere
2282 470 2619 539 propositum
2653 480 2814 541 atque
2845 477 3157 543 consilium,
3190 485 3258 536 ob
3289 485 3433 550 quod
3461 485 3518 541 in

1953 565 2150 612 terram
2181 559 2395 616 adveni.
2420 562 2735 635 Mysterium
2763 573 2924 634 atque
2953 581 3220 626 secretum
3244 584 3344 638 est,
3374 577 3525 644 quod

1954 647 2112 704 hodie
2153 650 2206 703 in
2249 650 2487 708 Jordane
2520 657 2818 725 perficitur.
2874 660 3090 716 Secreta
3141 679 3258 718 mea
3295 667 3426 721 milti
3467 677 3526 726 σε

1954 741 2088 794 meis
2118 742 2181 794 ⁸⁸.
2216 741 2495 798 Secretnm
2531 755 2615 801 est
2645 750 2789 817 quod
2845 765 2950 804 non
2986 768 3163 808 meam
3207 759 3384 826 explet
3422 776 3523 816 ne-

1953 831 2298 897 cessitatem;
2333 834 2425 887 sed
2460 837 2606 904 quod
2657 838 2955 894 vulneratis
3001 845 3337 900 curatione-nt
3368 850 3524 904 adhi-

1957 921 2066 975 bet.
2102 921 2416 994 Mysterium
2457 937 2618 996 atque
2661 945 2921 985 arcanum
2971 944 3074 998 est,
3107 937 3251 1004 quod
3286 937 3338 991 in
3373 939 3525 995 hisee

1955 1017 2109 1085 aquis
2152 1018 2404 1074 humanae
2462 1023 2890 1090 regenerationis
2935 1022 3052 1095 [αι.
3104 1027 3248 1096 quod
3303 1044 3408 1083 non
3453 1033 3523 1086 ob

1954 1123 2128 1162 meam
2161 1109 2398 1179 aliquam
2431 1114 2808 1168 necessitatem
2834 1116 2885 1168 in
2918 1118 3095 1186 aquis,
3125 1119 3258 1192 etc.]
3281 1123 3521 1177 etelrstia

1953 1201 2151 1256 fluenta
2183 1212 2309 1256 ante
2335 1204 2611 1258 describit.
2649 1204 2774 1260 Sine
2797 1208 2986 1261 modo:
3020 1211 3238 1278 quando
3263 1229 3348 1266 me
3377 1215 3525 1269 vide-

1954 1291 2050 1354 ris,
2087 1301 2144 1346 ut
2167 1292 2336 1348 Deum
2368 1296 2542 1360 decet,
2581 1297 2635 1349 in
2673 1299 2806 1352 meis
2828 1302 3091 1356 creaturis
3114 1303 3256 1370 (μιυά
3292 1305 3420 1357 mihi
3451 1307 3526 1359 vi-

1953 1383 2110 1436 detur
2133 1394 2446 1453 operantem
2477 1405 2490 1440 :
2541 1396 2668 1442 tunc
2697 1405 2760 1442 ea
2793 1407 2913 1459 (luat
2942 1391 3082 1446 facta
3114 1407 3240 1449 sunt
3272 1397 3524 1455 laudibus

1954 1474 2160 1528 celebra
2192 1474 2289 1546 [αι.
2323 1486 2454 1532 tunc
2477 1478 2542 1533 iis
2572 1495 2693 1548 qua:
2721 1481 2856 1536 ﬁunt
2907 1484 3095 1539 laudes
3122 1487 3521 1563 accommoda].

1954 1561 2182 1629 Quando
2208 1581 2294 1619 me
2316 1566 2562 1635 leprosos
2588 1572 2940 1626 mundantem
2975 1578 3360 1643 conspexeris,
3395 1561 3524 1634 tunc

1957 1671 2042 1710 me
2076 1666 2282 1712 natura:
2317 1660 2564 1728 Opiﬁcem
2609 1663 2860 1729 praedica.
2905 1665 3134 1730 Quando
3175 1683 3260 1722 me
3301 1670 3526 1725 claudos

279 1768 395 1804 σον.
475 1752 641 1803 Ὅταν
721 1751 835 1822 ἴδῃς
907 1767 974 1820 με
1036 1751 1240 1820 χωλοὺς
1297 1751 1588 1823 δρομαίους
1657 1732 3526 1827 ἀποτε-Βοερεκειὶεεῐῐὶρίεηιοιιινειοεθε,ιυιιεειιυρὶιειιίερειιὶὶιιιι

276 1839 494 1902 λοῦντα,
525 1837 646 1891 τότε
679 1841 793 1908 μετ’
825 1839 1218 1911 εύκινουμένων
1254 1842 1429 1894 ποδῶν
1466 1842 1560 1894 καὶ
1608 1841 1671 1892 σὺ
1716 1840 1850 1910 πρὸς

277 1928 380 1998 τὴν
433 1927 568 1997 ἐμὴν
626 1927 928 1998 εὐφημίαν,
983 1930 1080 1998 τὴν
1136 1931 1234 2000 σὴν
1286 1930 1531 1999 γλῶτταν
1587 1930 1853 2001 διάρθρω-

279 2038 395 2073 σον.
427 2021 594 2074 Ὅταν
640 2022 755 2093 ἴδῃς
798 2023 864 2092 μὲ
903 2023 1163 2094 δαίμονας
1208 2023 1550 2096 ἐξορίζοντα,
1589 2025 1711 2077 τότε
1756 2025 1856 2094 τὴν

272 2111 422 2184 ἐμὴν
451 2111 723 2182 βασιλείαν
752 2114 1147 2184 προσκύνησον.
1185 2117 1348 2168 Ὅταν
1377 2115 1490 2185 ἴδῃς
1527 2131 1593 2184 με
1631 2116 1856 2186 νεκροὺς

270 2205 346 2257 ἐκ
377 2204 485 2258 τῶν
501 2206 684 2273 τάφων
706 2205 849 2276 λόγῳ
883 2207 1178 2281 ἐγείροντα,
1209 2209 1330 2261 τότε
1360 2209 1497 2278 μετά
1519 2207 1858 2260 τῶνάνιστα-

279 2295 460 2365 μένων
485 2295 830 2369 δοξολόγησον
856 2338 869 2362 ,
905 2299 979 2362 ὠς
1005 2299 1150 2369 ζωῆς
1173 2299 1422 2371 χορηγόν.
1456 2301 1620 2355 Ὅταν
1651 2301 1765 2374 ἴδῃς
1791 2319 1857 2372 με

273 2390 343 2441 ὲν
380 2387 531 2460 δεξιᾷ
565 2388 660 2442 τοῦ
716 2390 928 2461 Πατρὸς
975 2391 1311 2461 καθήμενον,
1346 2392 1467 2445 τότε
1514 2393 1855 2466 θεολόγησον,

277 2481 357 2544 ὡς
383 2479 690 2554 σύνθρονον,
734 2485 826 2536 καὶ
853 2486 1138 2552 συναῒδιον,
1163 2485 1258 2539 καὶ
1284 2487 1544 2556 ὁμότιμον
1566 2487 1642 2558 τῷ
1663 2489 1856 2559 Πατρὶ,

279 2572 380 2626 καὶ
427 2571 504 2644 τῷ
547 2575 687 2646 ἁγίῳ
730 2574 1023 2646 Πνεύματι.
1071 2577 1255 2644 ’Ἄφες
1295 2576 1462 2644 ἄρα’
1509 2578 1695 2644 οὕτως
1750 2579 1858 2647 γὰρ

273 2662 516 2730 ,πρέπον
531 2664 702 2717 ἐστιν
711 2664 853 2734 ἡμῖν
872 2666 1182 2735 πληρῶσαι
1217 2667 1423 2723 πᾶσαν
1446 2668 1854 2737 δικαιοσύνην.

281 2753 597 2826 Νομοθέτης
615 2757 748 2826 εἰμὶ,
783 2759 877 2811 καὶ
905 2758 1191 2828 νομοθέτου
1221 2759 1366 2822 Υἱός·
1397 2760 1491 2813 καὶ
1513 2759 1592 2812 δεῖ
1625 2777 1690 2831 με
1713 2760 1861 2834 πρῶ-

279 2861 374 2898 τον
400 2845 486 2899 διά
516 2848 730 2902 πάντων
755 2850 861 2902 τῶν
887 2851 1296 2922 καθισταμένων
1332 2850 1450 2922 [ἄλ.
1497 2852 1856 2926 καθειμένων]

272 2935 477 3000 ἐλθεῖν,
524 2939 616 2992 καὶ
665 2940 784 2993 τότε
831 2941 1104 3013 πανταχοῦ
1152 2943 1428 3013 προθεῖναι
1461 2946 1559 3016 τῆς
1593 2946 1731 3016 ἐμῆς
1761 2946 1861 2999 δω-

277 3028 417 3098 ρεᾶς
442 3028 509 3081 τά
541 3030 860 3101 διδάγματα.
895 3034 987 3085 Δεῖ
1019 3050 1085 3104 με
1123 3033 1407 3106 πληρῶσαι
1435 3035 1526 3088 τὸν
1552 3037 1732 3106 νόμον,
1766 3038 1860 3090 καὶ

273 3118 402 3170 τότε
449 3116 629 3172 δοῦναι
675 3120 772 3192 τὴν
809 3122 986 3192 χάριν.
1028 3124 1118 3175 Δεῖ
1148 3141 1216 3194 με
1254 3124 1353 3196 τὴν
1392 3124 1550 3178 σκιάν
1583 3143 1859 3196 προσαγα-

274 3213 422 3278 γεῖν,
456 3211 550 3264 καὶ
577 3212 695 3264 τότε
720 3213 817 3283 τὴν
849 3213 1128 3283 ἀλήθειαν.
1160 3218 1251 3267 Δεῖ
1285 3233 1352 3286 με
1385 3217 1732 3271 καταπαῦσαι
1761 3218 1859 3290 τὴν

277 3299 518 3354 παλαιάν
559 3300 842 3373 διαθήκην,
877 3303 970 3355 καὶ
993 3304 1113 3356 τότε
1150 3303 1248 3374 τὴν
1292 3305 1415 3358 νέαν
1463 3305 1854 3376 ὑπαγορεῦσαι,

278 3394 378 3446 καὶ
405 3396 523 3457 ταῖς
545 3394 650 3448 τῶν
676 3394 975 3466 ἀνθρώπων
1001 3397 1246 3468 καρδίαις
1279 3399 1572 3470 ἐγγράψαι,
1609 3399 1702 3452 καὶ
1725 3400 1858 3452 ὑπο-

277 3485 488 3556 γράψαι
517 3486 594 3556 τῷ
625 3487 742 3557 ἐμῷ
783 3489 971 3558 αἵματι
1151 3489 1420 3561 ὀνόματι],
1458 3491 1551 3544 καὶ
1583 3491 1858 3562 Πνεύματι

277 3576 360 3647 τῷ
382 3576 500 3647 ἐμῷ
530 3578 839 3649 σφραγίσαι.
889 3581 978 3632 Δεῖ
1030 3598 1096 3651 με
1131 3583 1187 3633 ἐν
1219 3580 1436 3652 σταυρῷ
1467 3581 1728 3645 ἀνελθεῖν,
1765 3581 1858 3634 καὶ

275 3671 434 3742 ἥλοις
475 3672 844 3744 περιπαρῆναι
875 3712 889 3734 ,
944 3673 1038 3724 καὶ
1081 3671 1271 3725 παθεῖν
1305 3671 1444 3725 κατὰ
1475 3672 1534 3725 τὸ
1566 3673 1858 3742 δυνάμενον

279 3761 508 3828 παθεῖν,
544 3763 639 3816 καὶ
669 3763 830 3818 πάθει
864 3762 932 3816 τά
964 3762 1107 3834 πάθη
1148 3763 1395 3816 ἰάσασθαι
1573 3763 1663 3817 καὶ
1692 3764 1859 3828 πάθος

278 3855 444 3911 πάθει
483 3855 791 3928 ἰάσασθαι]⁸
836 3855 930 3909 καὶ
963 3854 1050 3909 διά
1093 3855 1246 3921 ξύλου
1290 3855 1620 3927 θεραπεῦσαι
1647 3857 1744 3928 τὴν
1772 3857 1860 3910 διὰ

282 3948 440 4014 ξύλου
460 3947 754 4019 γενομένην
781 3951 890 4011 τοῖς
920 3947 1221 4020 ἀνθρώποις
1255 3950 1486 4022 πληγήν.
1510 3952 1600 4003 Δεῖ
1633 3968 1698 4021 με
1721 3967 1859 4003 κατι

282 4039 481 4102 ελθεῖν,
533 4041 628 4093 καὶ
657 4041 736 4104 είς
775 4040 934 4093 αὐτὸν
957 4040 1047 4093 τὸν
1064 4040 1155 4094 τοῦ
1185 4041 1310 4112 ᾅδου
1339 4041 1606 4114 πυθμένα,
1624 4041 1710 4095 διὰ
1733 4042 1860 4105 τοὺς

280 4134 404 4185 ἐκεῖ
439 4131 833 4202 κατεχομένους
873 4132 1116 4204 νεκρούς.
1150 4135 1241 4186 Δεῖ
1269 4150 1336 4204 με
1365 4136 1430 4205 τῇ
1462 4133 1743 4205 τριημέρῳ
1771 4150 1860 4186 τε-

281 4225 443 4297 λευτῇ
474 4225 572 4296 τῆς
593 4225 731 4295 ἐμῆς
766 4225 963 4296 σαρκὸς
995 4224 1238 4278 καθελεῖν
1268 4225 1361 4278 τοῦ
1394 4226 1737 4297 πολυχρονίου
1766 4225 1860 4278 θαο

282 4321 445 4374 νάτου
478 4320 538 4373 τὸ
575 4320 794 4392 κράτος.
826 4321 916 4372 Δεῖ
949 4336 1016 4390 με
1043 4319 1134 4374 τοῦ
1177 4319 1425 4391 σώματός
1467 4338 1568 4390 μου
1591 4321 1651 4373 τὸ
1672 4320 1860 4390 λύχνον

1954 1839 2173 1903 mentis,
2212 1841 2278 1893 ad
2311 1857 2482 1896 meam
2515 1845 2727 1897 laudem
2754 1854 2897 1898 tuam
2928 1846 3168 1916 linguam
3207 1863 3519 1916 componas.

1953 1928 2180 1995 Quando
2205 1949 2289 1988 me
2310 1934 2510 1990 videris
2533 1936 2831 2005 ejicientem
2860 1938 3153 2003 dzemnnes,
3193 1949 3321 1995 tunc
3343 1958 3522 1996 meum

1953 2036 2176 2092 regnum
2208 2025 2396 2080 adora.
2430 2027 2657 2091 Quando
2679 2045 2764 2082 me
2787 2029 2985 2084 videris
3009 2041 3254 2085 mortuos
3283 2050 3312 2086 e
3340 2041 3524 2102 sepul-

1954 2110 2063 2165 cris
2089 2113 2206 2167 solo
2246 2115 2410 2168 verbo
2443 2116 2876 2182 resuscitantem,
2913 2129 3040 2173 tunc
3069 2121 3230 2174 etiam
3274 2138 3378 2185 me,
3399 2140 3522 2178 cum

1955 2205 2314 2262 resuscitatis.
2341 2214 2399 2259 ut
2427 2208 2549 2262 vitae
2581 2222 2858 2263 auctorem
2892 2218 3052 2278 atque
3085 2212 3328 2267 datorem
3358 2215 3525 2282 glori-

1957 2292 2080 2349 ﬁca.
2109 2292 2340 2358 Quando
2387 2312 2471 2349 me
2513 2297 2580 2350 ad
2612 2297 2888 2351 dexteram
2921 2300 3102 2354 Patris
3139 2303 3414 2357 sedentem
3445 2306 3528 2357 in-

1959 2384 2131 2439 tuitus
2167 2384 2360 2451 fueris,
2402 2396 2530 2442 tunc
2562 2404 2649 2442 me
2683 2387 2849 2442 Deum
2888 2394 3146 2445 contitere
3177 2409 3240 2447 ac
3270 2397 3522 2462 prredica,

1960 2484 2217 2546 tanquam
2267 2479 2511 2547 ejusdem
2549 2479 2752 2545 throni,
2795 2496 2856 2535 ac
2890 2491 3239 2547 eoa-ternum,
3275 2487 3527 2556 parisque

1961 2570 2189 2625 honoris
2221 2586 2343 2626 cum
2379 2571 2539 2625 Patre
2571 2581 2626 2625 et
2672 2573 2875 2642 Spiritu
2919 2585 3130 2630 sancto.
3173 2575 3296 2631 Sine
3327 2579 3478 2632 modo
3506 2595 3525 2632 :

1959 2662 2034 2715 sic
2064 2663 2252 2732 quippe
2303 2679 2394 2716 nos
2441 2664 2584 2717 decet
2618 2680 2820 2719 onmem
2862 2667 3075 2737 implere
3096 2669 3388 2738 justitiam.
3420 2669 3526 2723 ιιι..

1961 2753 2184 2822 gislalor
2211 2769 2311 2824 ego
2345 2770 2486 2820 sum,
2508 2755 2926 2826 etLegistatoris
2955 2759 3153 2826 Filius;
3190 2777 3252 2817 ac
3288 2763 3525 2832 primum

1961 2854 2173 2914 oportet
2206 2862 2293 2900 me
2331 2863 2427 2916 per
2467 2851 2795 2920 omniaquae
2825 2861 2952 2906 sunt
2980 2854 3275 2907 constituta
3307 2856 3526 2924 venire;

1961 2949 2013 2994 et
2040 2949 2167 2993 tunc
2201 2941 2511 3010 ubicunque
2538 2943 2666 2997 doni
2700 2944 2804 2997 mei
2837 2960 3135 3012 proponere
3177 2945 3524 3003 documenta.

1962 3030 2188 3101 Oportet
2230 3049 2317 3086 me
2367 3034 2588 3102 implere
2619 3035 2809 3105 legem,
2841 3047 2894 3089 et
2924 3045 3051 3089 tunc
3091 3037 3220 3092 dare
3273 3040 3526 3108 gratiam.

1886 3089 1928 3146 θ
1961 3121 2187 3193 Oportet
2232 3139 2320 3179 me
2367 3127 2612 3180 umbram
2656 3127 2946 3191 adducere,
2979 3137 3032 3182 et
3061 3138 3192 3182 tunc
3218 3131 3524 3185 veritatem.

1959 3215 2181 3284 Oportet
2210 3232 2298 3271 me
2326 3217 2495 3272 veteri
2520 3217 2677 3271 tinem
2706 3217 2896 3272 aﬂ‘erre
2939 3227 3283 3285 testamento,
3311 3230 3362 3276 et
3399 3231 3528 3278 tunc

1958 3323 2157 3362 novum
2184 3309 2503 3378 praedicare,
2536 3324 2599 3362 ac
2628 3309 2882 3364 cordibus
2908 3310 3184 3365 hominum
3209 3313 3525 3376 inscribere,

1958 3414 2188 3468 meoque
2214 3400 2479 3469 sanguine
2513 3397 2607 3471 [αι.
2643 3399 2884 3472 nomine]
2917 3402 3279 3469 subscribere,
3317 3414 3371 3458 et
3405 3420 3526 3459 meo

1961 3491 2164 3560 Spiritu
2190 3492 2495 3560 obsignare.
2527 3490 2750 3560 Oportet
2775 3509 2861 3547 me
2891 3495 2944 3547 itt
2974 3512 3187 3550 crucem
3211 3497 3523 3563 ascendere,

1958 3599 2021 3636 ac
2061 3582 2228 3636 clavis
2275 3584 2493 3652 conligi,
2545 3592 2598 3637 et
2644 3585 2754 3652 pati
2789 3587 3084 3640 secundum
3122 3604 3242 3641 eam
3275 3601 3524 3644 naturam

1959 3688 2079 3740 quae
2107 3672 2214 3740 pali
2247 3681 2444 3740 potest,
2480 3688 2544 3726 ac
2582 3673 2832 3741 passione
2864 3689 2982 3727 mea
3022 3676 3369 3741 passionibus
3392 3679 3526 3731 alio-

1959 3776 2078 3813 rum
2112 3761 2313 3815 mederi
2356 3761 2452 3832 [αι.
2501 3777 2565 3816 ac
2618 3763 2924 3831 passionem
2975 3764 3229 3832 passione
3275 3766 3516 3833 sanare],

1959 3853 2214 3923 lignoque
2243 3855 2442 3908 vulnus
2471 3855 2615 3923 quod
2650 3870 2746 3922 per
2790 3855 2995 3923 lignum
3030 3855 3344 3912 hominibus
3380 3859 3522 3910 inﬂi-

1960 3955 2103 3998 ctum
2148 3954 2250 4010 est,
2294 3959 2507 3999 curare.
2553 3944 2775 4014 Oportet
2817 3960 2902 3998 me
2929 3945 3254 3999 descendere
3278 3946 3516 4000 etiamin

1963 4037 2140 4106 ipsum
2187 4036 2382 4092 inferni
2418 4034 2766 4106 profundum,
2802 4045 3019 4105 propter
3057 4045 3302 4092 mortuos
3331 4038 3401 4092 ibi
3431 4038 3525 4093 de-

1964 4142 2165 4186 tentos.
2200 4133 2421 4201 Oportet
2451 4145 2536 4183 me
2566 4130 2812 4183 triduana
2845 4138 3016 4182 morte
3038 4128 3218 4184 carnis
3249 4143 3400 4192 mem,
3431 4131 3526 4184 de-

1962 4224 2071 4277 lere
2093 4239 2157 4277 ac
2191 4222 2475 4293 proﬂigare
2503 4221 2772 4275 diuturnze
2805 4224 2996 4275 mortis
3024 4221 3329 4290 imperium.
3360 4221 3526 4292 Opur-

1963 4321 2037 4368 tet
2062 4304 2150 4366 me
2188 4312 2432 4382 corporis
2476 4311 2580 4366 mei
2618 4311 2889 4364 lucernam
2933 4311 3038 4364 illis
3076 4310 3391 4376 accendere,
3429 4310 3523 4379 qui

282 4410 488 4481 ἀνάψαι
516 4414 627 4474 τοῖς
657 4413 715 4464 ἐν
750 4410 929 4463 σκότει
961 4410 1054 4464 καὶ
1088 4412 1216 4482 σκιᾷ
1245 4410 1470 4465 θανάτου
1508 4410 1854 4482 καθημένοις.

1964 4406 2016 4459 in
2047 4405 2284 4459 tenebris
2317 4411 2371 4458 et
2399 4404 2587 4458 umbra
2619 4404 2812 4456 mortis
2853 4401 3040 4456 sedent
3059 4402 3124 4454 ".
3176 4401 3395 4470 Oportet
3438 4417 3525 4455 me

283 4505 376 4555 Δεῖ
405 4520 474 4574 με
500 4502 738 4556 ἀνελθεῖν
765 4505 828 4573 τῇ
871 4503 1055 4573 σαρκὶ,
1095 4503 1226 4556 ὅπου
1255 4502 1372 4574 είμὶ
1403 4505 1468 4573 τῇ
1505 4503 1737 4573 θεότητι.
1772 4505 1862 4555 Δεῖ

285 4612 354 4668 με
385 4597 748 4666 προσαγαγεῖν
787 4594 865 4664 τῷ
914 4593 1109 4666 Πατρὶ,
1141 4594 1234 4647 τὸν
1267 4593 1436 4665 Ἀδάμ
1467 4595 1523 4646 ἐν
1556 4594 1679 4663 ἐμοὶ
1705 4592 1859 4662 βασι-

283 4683 527 4740 λεύοντα.
563 4687 652 4738 Δεῖ
691 4702 758 4756 με
791 4684 962 4738 ταῦτα
990 4683 1416 4756 διαπράξασθαι·
1447 4684 1534 4737 διά
1559 4683 1667 4755 γάρ
1688 4681 1860 4737 ταῦτα

284 4777 399 4838 τοῖς
447 4778 598 4846 ἐμοῖς
642 4776 874 4848 ἐπέστην
919 4776 1204 4848 ποιήμασι.
1255 4778 1345 4828 Δεῖ
1386 4793 1452 4847 με
1501 4775 1859 4847 βαπτισθῆναι

285 4865 443 4920 τοῦτο
472 4869 535 4920 τὸ
577 4868 862 4939 βάπτισμα
908 4867 1022 4929 νῦν,
1060 4868 1152 4921 καὶ
1191 4866 1412 4939 ὕστερον
1440 4867 1539 4938 τῆς
1571 4868 1859 4938 ὁμοουσίου

285 4956 513 5029 Τριάδος
549 4958 610 5012 τὸ
653 4959 932 5030 βάπτισμα
973 4961 1108 5013 πᾶσι
1151 4961 1262 5021 τοῖς
1281 4958 1586 5031 ἀνθρώποις
1632 4958 1860 5030 χαρίσα-

286 5049 430 5102 σθαι.
460 5050 711 5103 Δάνεισόν
739 5067 848 5121 μοι,
875 5050 1172 5112 Βαπτιστά,
1198 5049 1333 5122 πρὸς
1355 5049 1452 5120 τὴν
1476 5049 1756 5122 παροῦσαν
1777 5054 1856 5105 ol-

284 5140 561 5210 κονομίαν,
607 5141 706 5212 τὴν
740 5143 838 5212 σὴν
871 5142 1069 5208 δεξιὰν,
1103 5142 1178 5206 ὡς
1216 5141 1453 5196 ἐδάνεισέ
1481 5160 1568 5212 μοι
1601 5143 1736 5211 πρὸς
1759 5142 1858 5214 τὴν

283 5231 535 5302 γέννησιν
557 5234 654 5303 τὴν
680 5233 840 5303 νηδὺν
869 5237 901 5304 ή
928 5235 1131 5306 Μαρία.
1160 5234 1471 5288 Κατάδυσόν
1497 5252 1563 5305 με
1583 5239 1694 5300 τοῖς
1729 5237 1860 5308 Ἰορ-

283 5324 444 5378 δάνου
475 5325 727 5397 ῥείθροις,
765 5327 1013 5398 καθάπερ
1051 5329 1084 5398 ἡ
1111 5329 1419 5399 γεννήσασα
1444 5331 1557 5391 τοῖς
1587 5329 1853 5392 παιδικοῖς

354 5483 399 5514 ⁸⁸
433 5486 535 5538 Isa.
563 5501 711 5552 utr,
738 5484 822 5540 16.
897 5485 942 5518 ⁸⁸
966 5485 1107 5542 Psal.
1133 5502 1242 5554 cvr,
1275 5486 1360 5541 l0.

387 5647 472 5718 ιε)
512 5646 627 5704 Hoc
650 5657 752 5713 est,
773 5649 841 5704 ad
869 5649 1116 5708 homines
1142 5650 1286 5715 veni,
1320 5648 1496 5705 factus
1521 5649 1703 5704 homo.

1965 4497 2106 4552 illud.
2132 4496 2424 4551 ascendere
2471 4511 2594 4550 cum
2644 4511 2828 4561 carne,
2857 4495 2947 4549 ubi
2979 4509 3098 4549 sum
3140 4509 3231 4563 per
3265 4494 3521 4547 divinita-

1963 4598 2090 4646 tem.
2124 4585 2346 4658 Oportet
2375 4601 2460 4641 me
2499 4585 2642 4639 Patri
2673 4586 2938 4640 adducere
2987 4595 3298 4656 regnantem
3349 4585 3399 4638 in
3437 4598 3522 4638 me

1961 4682 2156 4736 Adam.
2205 4677 2427 4749 Oportet
2460 4693 2545 4731 me
2593 4677 2708 4732 haec
2751 4692 3039 4746 peragere;
3075 4693 3196 4731 nam
3240 4685 3520 4746 prapterea

1964 4773 2097 4829 meis
2154 4772 2412 4840 operibus
2459 4769 2605 4824 astiti
2634 4769 2767 4840 (12).
2827 4768 3050 4840 Oportet
3099 4784 3183 4822 me
3232 4768 3334 4821 hoc
3378 4780 3524 4820 nunc

1961 4864 2233 4935 baptismo
2262 4861 2546 4932 baptizari,
2581 4875 2642 4916 ac
2672 4869 2856 4930 postea
2888 4857 3366 4913 consubstantialis
3399 4855 3523 4910 Tri-

1961 4956 2146 5012 nitatis
2177 4955 2446 5026 baptisma
2480 4953 2693 5008 cunctis
2720 4951 3033 5006 hominibus
3065 4947 3334 5004 conferre.
3368 4945 3524 5001 Com-

1960 5050 2120 5106 moda
2171 5048 2326 5112 mihi,
2374 5046 2636 5117 Baptista,
2669 5045 2735 5100 ad
2785 5050 3103 5114 pnesentem
3163 5041 3523 5111 dispensatio-

1961 5159 2107 5211 nem,
2141 5141 2418 5198 dexteram
2473 5148 2661 5204 tuam;
2715 5147 2775 5192 ut
2826 5136 2960 5192 mihi
3008 5133 3075 5189 ad
3125 5133 3521 5203 generationem

1961 5233 2328 5293 commodavit
2382 5247 2545 5288 suum
2597 5239 2811 5286 uterum
2865 5225 3055 5281 Maria.
3119 5223 3380 5294 lmmerge
3438 5236 3526 5279 me

1961 5327 2176 5384 ﬂuentis
2207 5323 2482 5389 Iordanis,
2516 5322 2660 5378 sicut
2686 5334 2806 5391 quae
2838 5333 2924 5373 me
2960 5315 3146 5388 genuit
3183 5312 3525 5370 intantilibu:
