3988 6200
440 237 581 294 1137

1090 229 1147 285 S.
1184 227 1518 285 'GBEGORII
1562 224 1923 284 THAUMAT.
1964 222 2115 279 OPP.
2168 222 2349 277 PARS
2387 220 2688 280 ALTERA.
2733 250 2803 261 —
2838 217 3071 283 DUBIA.

3551 221 3703 276 “88

439 356 667 415 involvit
702 352 906 409 fasciis.
939 348 1142 405 Confer
1173 350 1307 405 mihi
1340 349 1689 420 baptismum,
1719 346 1862 402 sicut
1892 344 2007 399 Vir-

2115 342 2449 413 σπαργάνοις
2502 340 2781 394 ἐνείλισσε.
2834 340 2933 406 Δός
2983 355 3073 411 μοι
3115 336 3178 393 τὸ
3219 338 3521 412 βάπτισμα,
3550 342 3627 407 ὡς
3662 346 3700 417 ἡ

435 467 508 523 go
534 453 619 506 lac
647 446 895 519 praebuit.
926 442 1284 515 Apprebende
1313 458 1378 499 ac
1411 452 1571 513 tange
1606 449 1771 511 caput
1801 454 2004 506 meum,

436 541 585 610 quod
624 538 810 594 colunt
852 550 917 591 ac
961 542 1290 590 venerantur
1320 531 1615 602 scraphim.
1649 530 2009 600 Apprebende

436 644 533 690 tua
565 633 784 688 dextera
810 637 994 699 caput,
1022 626 1170 698 quod
1201 626 1466 696 sanguine
1495 625 1590 680 tibi
1621 624 1873 695 junctum
1902 635 2004 680 est.

437 720 795 795 Apprebende
822 719 967 790 quod
1000 727 1195 774 natura
1218 717 1389 772 teneri
1419 724 1616 787 potest.
1648 716 2009 786 Apprehende

438 819 584 890 quod
619 818 740 872 ideo
772 830 803 869 a
832 829 919 869 me
954 820 1010 867 et
1038 811 1197 867 Patre
1216 819 1468 881 paratum
1513 818 1616 864 est.
1650 809 2009 879 Apprehende

436 920 601 984 caput
648 923 852 974 meum,
910 905 1058 977 quod
1084 904 1174 976 qui
1211 904 1296 973 pie
1330 902 1685 972 apprehendit
1715 920 1780 957 ac
1815 904 2006 973 tangit,

436 1017 718 1073 nunquam
754 998 1098 1068 naufragium
1150 994 1330 1051 faciet.
1376 994 1598 1065 Baptiza
1641 1009 1747 1060 me,
1787 994 1881 1065 qui
1914 1009 2010 1064 per

438 1113 659 1169 aquam,
692 1106 747 1151 et
792 1092 1081 1164 Spiritum,
1132 1105 1197 1145 ac
1239 1088 1419 1158 ignem
1468 1088 1846 1158 baptizaturus
1885 1104 2007 1144 sum

438 1191 766 1249 credentes:
821 1200 918 1256 per
963 1197 1184 1253 aquam,
1241 1196 1363 1251 quae
1418 1189 1763 1250 peccatorum
1818 1180 2008 1235 sordes

437 1284 657 1339 abluere
685 1279 896 1344 valeat;
927 1291 1023 1347 per
1060 1272 1344 1344 Spiritum,
1391 1274 1486 1344 qui
1530 1283 1776 1329 terrenos
1799 1272 2011 1328 efficere

438 1367 750 1439 Spirituales
780 1364 981 1436 possit;
1012 1379 1109 1433 per
1134 1366 1334 1434 ignem,
1370 1362 1464 1433 qui
1498 1363 1567 1417 ad
1599 1363 1864 1418 scelerum
1893 1363 2007 1433 spio

437 1476 539 1515 nas
576 1458 976 1514 comburendas
1004 1466 1088 1513 est
1114 1457 1363 1512 idoneus.
1392 1454 1488 1510 His
1515 1456 1736 1522 auditis,
1767 1454 2008 1525 Baptista

437 1554 495 1609 in
530 1568 753 1623 scopum
788 1551 983 1606 salutis
1034 1548 1132 1621 [αι.
1161 1547 1485 1620 Salvatoris]
1541 1557 1777 1604 mentem
1831 1548 2011 1603 inten-

438 1646 593 1710 dens,
628 1657 682 1699 et
713 1643 1029 1715 mysterium
1070 1643 1217 1712 quod
1249 1649 1531 1711 acceperat
1563 1640 1890 1710 percipiens,
1925 1640 2009 1695 di-

435 1738 565 1792 vino
591 1736 886 1792 obsecutus
909 1744 992 1790 est
1014 1733 1271 1790 mandato
1293 1752 1307 1799 ;
1331 1741 1450 1788 erat
1473 1732 1673 1803 quippe
1693 1732 1818 1803 pius
1846 1732 2007 1788 simul

437 1840 492 1884 ct
538 1828 889 1898 morigerus:
927 1841 1194 1895 suamque
1238 1826 1356 1894 ipse
1397 1827 1675 1880 dexteram
1718 1823 2010 1880 subtremi-

438 1928 678 1975 seentem
724 1934 790 1974 ac
823 1918 1016 1987 partim
1048 1915 1366 1987 gestientem
1402 1917 1660 1986 paulatim
1689 1915 2006 1983 extendens,

438 2010 730 2066 Dominum
760 2010 1072 2080 baptizavit.
1104 2008 1241 2064 Cum
1265 2025 1395 2064 vero
1418 2008 1614 2076 Judaei,
1638 2010 1732 2079 qui
1761 2008 2009 2065 cominus

435 2112 491 2158 et
516 2102 731 2157 eminus
781 2101 1029 2164 aderant,
1082 2101 1225 2169 apud
1260 2116 1320 2155 se
1350 2102 1671 2171 cogitarent,
1701 2110 1756 2157 et
1781 2100 1923 2156 inter
1949 2115 2009 2155 se

438 2193 683 2247 dicerent
713 2210 726 2247 :
752 2189 1012 2261 Nunquid
1056 2190 1257 2246 frustra
1294 2193 1711 2262 suspicabamur
1756 2191 1856 2263 [αι.
1889 2192 2007 2248 exi-

437 2284 824 2358 stimabamus]
873 2284 1136 2339 Joannem
1158 2284 1424 2355 potiorem
1448 2301 1513 2341 ac
1537 2286 1815 2341 meliorem
1845 2283 2010 2340 Jesu?

436 2378 691 2449 Nunquid
721 2378 922 2433 frustra
944 2378 1397 2434 existimabamus
1431 2378 1583 2433 illum
1611 2378 1716 2433 hoc
1740 2378 2009 2433 excellen-

437 2469 673 2524 tiorem?
700 2467 891 2525 Nonne
914 2470 1092 2539 ipsum
1123 2469 1393 2539 baptisma
1414 2468 1674 2540 Baptistae
1698 2478 2004 2533 attestatur,

437 2562 568 2631 quid
598 2563 669 2618 sit
703 2563 916 2632 potius?
942 2559 1135 2616 Nonne
1166 2561 1212 2617 is
1246 2561 1560 2630 baptizavit,
1590 2570 1648 2615 ut
1669 2560 1718 2616 is
1747 2561 1841 2631 qui
1871 2576 2011 2632 pra:-

438 2662 577 2721 stat;
613 2663 669 2708 at
695 2655 785 2709 hic
812 2656 1119 2725 baptizatus
1141 2663 1246 2721 est,
1279 2664 1339 2710 ut
1362 2654 1620 2710 inferior?
1646 2653 1771 2709 Haec
1791 2654 1932 2709 inter
1952 2670 2012 2710 se

438 2745 909 2801 murmurantibus
949 2746 1039 2811 iis,
1081 2746 1174 2816 qui
1222 2744 1644 2815 dispensationis
1691 2744 2009 2815 mysterium

437 2837 795 2906 ignorabant;
827 2837 931 2892 τηου
960 2838 1054 2907 qui
1101 2836 1252 2893 solus
1298 2836 1561 2892 Dominus
1595 2844 1699 2897 est,
1734 2844 1789 2890 et
1814 2843 2011 2889 natura

438 2926 600 2984 Pater
653 2928 944 3000 Unigcniti,
991 2929 1085 2999 qui
1119 2929 1270 2985 solus
1298 2936 1551 2984 accurate
1580 2936 1746 2997 atque
1774 2925 2013 2997 perfecte

438 3023 591 3077 novit
624 3038 775 3087 eum,
803 3037 962 3091 quem
997 3023 1151 3075 solus
1179 3021 1388 3088 absque
1415 3020 1670 3089 passione
1698 3033 1761 3072 ac
1791 3029 2009 3088 pertur-
2037 3044 2080 3095 ρ

436 3114 655 3169 batione
688 3114 900 3184 genuit,
944 3114 1075 3181 ipse,
1100 3111 1348 3181 inquam,
1385 3125 1667 3166 erroneam
1694 3110 2009 3167 Judazorum

438 3206 807 3275 suspicionem
849 3205 1148 3274 corrigens,
1181 3202 1395 3272 aperuit
1422 3202 1685 3257 caelorum
1724 3211 1929 3272 portas,
1957 3215 2012 3259 et

438 3294 702 3366 Spiritum
736 3306 984 3350 sanctum
1018 3294 1074 3348 in
1108 3292 1289 3364 specie
1314 3293 1578 3348 columbae
1605 3294 1823 3349 demisit
1846 3310 2012 3365 super

435 3394 599 3455 caput
626 3384 768 3441 'Jesu
814 3382 912 3457 [αι.
936 3399 1099 3454 super
1126 3382 1343 3459 Domini
1373 3382 1578 3456 caput],
1624 3383 1796 3454 digito
1827 3393 2011 3440 osten-

435 3477 571 3531 dens
604 3490 801 3531 novum
850 3472 985 3541 Noe,
1039 3484 1094 3528 et
1143 3483 1447 3529 creatorem
1501 3473 1636 3542 Noe,
1695 3475 2011 3545 bonumque

434 3566 721 3637 naufragio
771 3565 1125 3636 periclitantis
1183 3574 1393 3621 natura:
1444 3564 1886 3636 gubernatorem.
1943 3563 2011 3619 Et

435 3660 553 3729 ipse
581 3660 793 3715 coalitus
828 3659 1105 3726 inclamat,
1139 3660 1285 3714 clare
1312 3659 1499 3714 dicens
1526 3676 1539 3712 :
1566 3657 1668 3712 Hic
1709 3668 1785 3713 est
1831 3656 2008 3713 Filius

434 3767 579 3805 meus
609 3751 829 3805 dilectus
852 3748 897 3783 ⁸⁸
930 3768 944 3803 :
977 3751 1068 3805 ille
1109 3750 1288 3816 Jesus,
1328 3767 1437 3806 non
1462 3749 1735 3820 Joannes;
1773 3752 1866 3822 qui
1907 3751 2007 3806 ba-

432 3844 671 3912 ptizatus
703 3855 806 3909 est,
843 3860 952 3900 non
986 3846 1081 3916 qui
1102 3845 1428 3915 baptizavit;
1455 3844 1550 3914 qui
1581 3858 1649 3899 ex
1682 3859 1768 3898 me
1790 3843 2009 3914 genitus

432 3943 517 3990 est
543 3944 668 3990 ante
701 3952 862 3991 omne
909 3938 1201 4008 temporale
1241 3937 1500 4006 spatium,
1547 3949 1654 3989 non
1685 3934 1778 4004 qui
1807 3950 1872 3988 ex
1902 3933 2006 3989 Za-

433 4028 651 4096 charia;
694 4030 787 4098 qui
818 4044 884 4084 ex
912 4029 1082 4084 Maria
1109 4040 1269 4085 natus
1297 4039 1382 4084 est
1420 4028 1719 4083 secundum
1759 4042 2004 4089 carnem.

433 4135 543 4175 non
578 4121 674 4190 qui
713 4136 781 4176 ex
822 4120 1098 4177 Elisabcth
1147 4132 1344 4192 praeter
1374 4135 1526 4191 spem
1573 4120 1860 4189 apparuit;
1910 4120 2006 4190 qui

432 4229 540 4269 non
598 4215 725 4270 laesa
777 4212 1136 4285 virginitate,
1180 4216 1437 4285 nullaque
1493 4214 1731 4268 humana
1787 4212 2004 4283 cultura

430 4307 652 4376 praevia,
694 4305 891 4375 prodiit
937 4305 1175 4371 fructus;
1224 4322 1334 4360 non
1372 4305 1467 4376 qui
1496 4320 1562 4360 ex
1595 4305 1772 4361 soluta
1800 4303 2005 4359 sterili-

2112 434 2385 507 Παρθένος
2423 433 2484 487 τὺ
2522 432 2681 503 γάλα.
2725 431 3017 505 Κράτησον
3044 433 3144 503 τὴν
3176 431 3316 504 ἐμὴν
3341 433 3601 505 κεφαλὴν,
3630 437 3703 507 ἢν

2112 522 2259 576 σέϐει
2441 521 2684 593 σέϐεται]
2715 521 2784 575 τά
2824 522 3087 594 σεραφίμ.
3123 521 3414 594 Κράτησον
3440 524 3539 596 τὴν
3562 540 3702 593 συγ-

2110 616 2243 687 γενῆ
2273 614 2371 685 τῆς
2405 615 2504 685 σῆς
2544 614 2743 681 δεξιᾶς.
2780 614 3069 687 Κράτησον
3103 613 3202 685 τὴν
3239 617 3541 683 πεφυκυῖαν
3568 632 3703 670 κατ-

2111 704 2350 776 έχεσθαι.
2397 704 2687 776 Κράτησον
2721 704 2820 776 τὴν
2850 703 2939 758 διὰ
2963 704 3121 758 τοῦτο
3161 708 3699 761 κατασκευασθεῖσαν

2110 794 2202 850 ὑπ’
2235 794 2390 866 ἐμοῦ,
2441 794 2537 847 καί
2580 792 2675 847 τοῦ
2706 794 2939 867 Πατρός.
2987 793 3277 866 Κράτησον
3301 794 3400 867 τὴν
3431 796 3570 869 ἐμὴν
3600 782 3700 850 κε-

2111 887 2285 960 φαλὴν
2312 928 2326 952 ,
2381 887 2449 959 ἣν
2489 888 2518 940 6
2562 886 2779 958 κρατῶν
2827 886 3087 952 εύσεϐῶς,
3142 888 3401 942 οὐδέποτε
3446 895 3695 959 ναυαγεῖ.

2112 981 2380 1035 Βάπτισόν
2413 998 2504 1052 με,
2542 980 2635 1033 τὸν
2659 978 2918 1051 μέλλοντα
2947 978 3228 1050 βαπτίζειν
3258 981 3385 1045 τοὺς
3414 984 3699 1037 πιστεύον-

2109 1091 2209 1138 τας
2234 1073 2301 1127 δι’
2329 1072 2540 1136 ὓδατος,
2570 1073 2664 1126 καὶ
2695 1071 3030 1143 Πνεύματος,
3050 1073 3145 1125 καὶ
3168 1072 3341 1143 πυρὸς
3516 1074 3699 1143 ὕδατι,

2109 1166 2204 1219 καὶ
2237 1162 2518 1234 Πνεύματι
2537 1203 2551 1229 ,
2592 1164 2686 1217 καὶ
2717 1162 2875 1234 πυρί]
2904 1178 2918 1192 ⁸
2968 1161 3117 1216 ὕδατι
3140 1161 3421 1235 δυναμένῳ
3450 1165 3702 1218 ἀποπλῦ-

2109 1274 2197 1314 ναι
2216 1257 2324 1311 τῶν
2349 1256 2634 1331 ἁμαρτιῶν
2655 1256 2747 1310 τὸν
2773 1254 3028 1328 βόρϐορον
3047 1272 3060 1287 ο
3091 1255 3390 1330 Πνεύματι,
3407 1259 3698 1333 δυναμένῳ

2107 1353 2234 1415 τοὺς
2246 1352 2482 1425 χοῖκοὺς,
2502 1350 2903 1420 πνευματικοὺς
2925 1349 3374 1422 ἀπεργάσασθαι·
3407 1355 3562 1425 περὶ,
3591 1372 3698 1408 τε·

2111 1441 2301 1513 φυκότι
2318 1439 2638 1494 κατακαίειν
2659 1439 2757 1504 τάς
2770 1438 2878 1492 τῶν
2895 1439 3262 1511 ἀνομημάτων
3277 1440 3533 1509 ἀκάνθας.
3558 1444 3696 1499 Τού-

2109 1550 2215 1587 των
2235 1531 2472 1595 ἀκούσας
2486 1529 2595 1584 τῶν
2608 1530 2782 1601 λόγων
2804 1531 2833 1583 6
2847 1530 3274 1602 Βαπτιστὴς,κα“ι
3292 1532 3374 1603 τῷ
3388 1533 3575 1604 σκοπῷ
3594 1536 3695 1606 τῆς

2113 1624 2384 1698 σωτηρίας
2404 1623 2525 1695 [ἀλ.
2545 1622 2639 1677 τοῦ
2662 1620 2935 1695 Σωτῆρος]
2968 1624 3267 1696 ἐπιστήσας
3295 1624 3390 1679 τὸν
3420 1625 3563 1692 νοῦν,
3595 1630 3693 1683 καὶ

2038 1695 2084 1755 Β
2108 1695 2368 1791 χωρήσας
2396 1716 2459 1769 τὸ
2482 1715 2779 1787 μυστήριον
2815 1715 2845 1768 δ
2878 1695 3217 1788 παρέλαϐεν,
3247 1717 3589 1791 ὑπούργησεν
3613 1723 3693 1793 τῷ

2110 1808 2237 1880 θείῳ
2270 1807 2654 1879 προστάγματι
2673 1823 2686 1836 ·
2731 1802 2799 1878 ἦν
2831 1806 2942 1879 γὰρ
2972 1807 3208 1879 εὐλαϐὴς
3235 1809 3350 1881 ἅμα
3382 1812 3475 1864 καὶ
3511 1814 3694 1866 εύπει-

2111 1898 2241 1972 θήςο
2274 1899 2368 1954 καὶ
2399 1897 2498 1970 τὴν
2538 1897 2732 1953 ἐαυτοῦ
2771 1897 2949 1963 δεξιὰν
2993 1899 3238 1964 ἐκτείνας
3282 1901 3693 1974 ὑποτρέμουσαν

2106 1991 2292 2065 ἡρέμα
2325 1992 2418 2047 καὶ
2446 1991 2761 2063 χαίρουσαν,
2795 1992 2887 2045 τὸν
2918 1993 3197 2066 Δεσπότην
3233 1993 3543 2049 ἐϐάπτισεν.
3570 1996 3693 2050 Τῶν

2109 2085 2168 2139 δὲ
2208 2085 2493 2158 παρόντων
2546 2084 2815 2139 Ἰουδαίων
2844 2084 2952 2137 τῶν
3007 2086 3175 2154 ἐγγὺς
3216 2087 3447 2141 καὶτῶν
3476 2088 3695 2160 πόρρω-

2111 2178 2204 2233 θεν
2249 2178 2717 2250 διαλογιζομένων,
2769 2177 2866 2231 καὶ
2902 2178 3023 2232 καθ’
3055 2179 3282 2243 ἐαυτοὺς
3305 2180 3401 2234 καὶ
3429 2181 3567 2254 πρὸς
3596 2181 3693 2237 άλο

2111 2270 2304 2343 λήλους
2330 2271 2597 2341 λεγόντων
2619 2288 2632 2301 ·
2696 2271 2789 2343 Μὴ
2826 2273 3003 2345 μάτην
3043 2271 3374 2342 ὑπενοοῦμεν
3417 2271 3538 2345 [ἄλ.
3578 2275 3694 2327 ἐνο-

2114 2362 2365 2436 μίζομεν]
2413 2364 2503 2418 τὸν
2563 2365 2816 2438 Ἰωάννην
2876 2365 3136 2437 ἀμείνονα
3186 2364 3281 2418 τοῦ
3337 2365 3549 2438 Ἰησοῦς
3598 2365 3694 2438 Μὴ

2115 2458 2290 2529 μάτην
2304 2455 2623 2529 ἐνομίζομεν
2639 2459 2844 2511 ἐκεῖνον
2861 2459 3140 2528 κρείττονα
3152 2456 3367 2513 τούτου.
3406 2459 3521 2511 Ούκ
3557 2458 3688 2513 αὑτὸ

2109 2551 2172 2605 τὺ
2218 2550 2499 2623 βάπτισμα
2545 2550 2623 2623 τῷ
2677 2552 2955 2623 Βαπτιστῇ
3004 2551 3065 2605 τὸ
3112 2555 3360 2623 κρεῖττον
3411 2567 3695 2624 προσμαρ-

2110 2648 2298 2717 τυρεί;
2344 2646 2459 2699 Ούκ
2489 2646 2517 2699 6
2542 2646 2643 2717 μὲν
2670 2644 2987 2709 ἐϐάπτισεν,
3019 2644 3094 2708 ὡς
3131 2644 3435 2716 ὑπερέχων,
3465 2646 3494 2697 6
3516 2644 3577 2697 δὲ
3608 2644 3696 2714 βε-

2112 2736 2436 2806 ϐάπτισται,
2482 2737 2561 2802 ὡς
2602 2737 2873 2803 ἐλάττων;
2909 2736 3143 2791 Τοιαῦτα
3181 2735 3553 2809 θρυλλούντων
3587 2736 3696 2790 τῶν

2111 2828 2451 2899 ἀγνοούντων
2490 2830 2554 2883 τὸ
2598 2830 2699 2900 τῆς
2746 2830 3056 2901 οἰκονομίας
3097 2831 3414 2902 μυστήριον,
3463 2833 3492 2884 6
3540 2832 3694 2903 μόνος

2112 2919 2314 2992 Κύριος
2347 2919 2439 2973 καὶ
2471 2919 2640 2989 φύσεις
2658 2920 2846 2991 Πατὴρ
2869 2918 2961 2972 τοῦ
2996 2918 3354 2987 Μονογενοῦς,
3389 2918 3419 2970 6
3447 2920 3608 2991 μόνος
3628 2922 3698 2975 εί·

2111 3008 2219 3074 δὼς
2255 3009 2496 3082 ἀκριϐῶς
2539 3009 2598 3063 ὃν
2634 3010 2792 3080 μόνος
2835 3010 3125 3081 ἐγέννησεν
3160 3011 3424 3077 ἀπαθῶς,
3459 3012 3698 3087 διορθού-

2117 3119 2277 3174 μενος
2344 3101 2443 3174 τὴν
2512 3103 2857 3175 ἐσφαλμένην
2934 3101 3042 3157 τῶν
3117 3104 3384 3158 Ἰουδαίων
3442 3107 3698 3162 ὑπόνοιαν

2109 3195 2313 3267 ἀνέῳξε
2346 3196 2446 3259 τὰς
2478 3195 2649 3260 πύλας
2684 3196 2794 3249 τῶν
2837 3197 3102 3269 οὐρανῶν,
3149 3198 3245 3252 καὶ
3284 3200 3611 3271 κατέπεμψε
3638 3201 3698 3253 τὸ

2112 3287 2339 3359 Πνεῦμα
2364 3287 2425 3340 τὸ
2452 3287 2609 3356 ἅγιον
2641 3290 2698 3341 ἐν
2725 3288 2854 3342 εἴδει
2883 3293 3212 3362 περιστερᾶς
3231 3331 3245 3356 ,
3287 3292 3380 3345 ἐπὶ
3404 3292 3508 3363 τὴν
3530 3309 3699 3362 κεφαο

2111 3377 2208 3450 λὴν
2254 3376 2347 3431 τοῦ
2403 3379 2577 3450 Ἰησοῦ
2627 3378 2749 3451 [ἀλ.
2786 3382 2877 3434 ἐπὶ
2909 3381 3008 3454 τὴν
3046 3382 3141 3436 τοῦ
3171 3384 3380 3455 Κυρίου
3408 3383 3695 3459 κεφαλὴν],

2110 3470 2566 3525 δακτυλοδεικτῶν
2594 3471 2685 3525 τὸν
2728 3473 2847 3527 νέον
2898 3474 3022 3527 Νῶε
3041 3515 3056 3541 ,
3093 3476 3187 3529 καὶ
3225 3475 3561 3548 δημιουργὸν
3604 3477 3697 3531 τοῦ

2110 3561 2253 3628 Νῶε,
2274 3564 2368 3617 καὶ
2392 3563 2491 3635 τῆς
2506 3564 2847 3636 ναυαγούσης
2870 3566 3084 3634 φύσεως
3109 3567 3309 3637 ἀγαθὸν
3329 3567 3695 3641 κυϐερνήτην.

2109 3655 2222 3709 Καὶ
2254 3655 2416 3721 αὑτὸς
2445 3657 2733 3732 οὐρανόθεν
2769 3658 2964 3731 ἐπιϐοᾷ
2990 3660 3229 3732 φαιδρῶς
3255 3660 3428 3730 λέγων
3450 3678 3465 3693 ⁸
3511 3659 3700 3729 Οὗτός

2109 3748 2279 3803 ἐστιν
2312 3751 2345 3803 ὀ
2379 3750 2510 3815 Υἱός
2531 3767 2650 3819 μου
2687 3753 2721 3805 ό
2759 3751 3083 3820 ἀγαπητός.
3130 3753 3364 3817 Ἐκεῖνος
3390 3756 3419 3808 6
3468 3756 3696 3828 Ἰησοῦς,

2107 3842 2208 3914 οὑχ
2236 3845 2264 3896 6
2305 3841 2582 3914 Ἰωάννης·
2615 3845 2644 3896 6
2684 3843 2999 3914 βαπτισθεὶς
3019 3884 3033 3909 ,
3068 3846 3166 3917 οὑχ
3190 3849 3218 3900 ὁ
3248 3847 3548 3918 βαπτίσας·
3579 3852 3610 3902 6
3638 3850 3699 3916 ἐξ

2108 3934 2245 4006 ἐμοῦ
2285 3935 2584 4008 γεννηθεὶς,
2626 3936 2735 4007 πρὸ
2773 3936 2972 4001 πάντος
3009 3939 3261 4010 χρονικοῦ
3299 3940 3693 4014 διαστήματος,

2107 4028 2206 4098 οὑχ
2227 4030 2255 4081 6
2284 4029 2350 4082 ἐκ
2380 4028 2652 4099 Ζαχαρίου
2672 4045 2684 4058 ·
2709 4031 2738 4082 6
2778 4030 2843 4081 ἐκ
2869 4029 2970 4099 τῆς
3008 4031 3227 4101 Μαρίας
3254 4032 3538 4104 γεννηθεὶς
3556 4034 3697 4089 κατὰ

2110 4120 2287 4191 σάρκα
2308 4160 2323 4185 ,
2356 4121 2453 4191 οὑχ
2481 4122 2510 4174 6
2539 4122 2605 4174 ἐκ
2634 4121 2735 4193 τῆς
2777 4120 3056 4176 Ἐλισάϐετ
3087 4124 3275 4192 φανεὶς
3305 4124 3437 4197 παρ’
3466 4125 3693 4180 ἐλπίδα·

2107 4216 2137 4267 6
2160 4214 2258 4285 τῆς
2279 4215 2354 4285 μὴ
2366 4212 2619 4284 λυθείσης
2641 4214 2937 4287 παρθενίας
2958 4215 3311 4290 ἀγεώργητος
3337 4219 3577 4290 καρπὸς,
3600 4220 3699 4291 οὑχ

2106 4310 2135 4361 6
2164 4308 2230 4361 ὲκ
2259 4307 2359 4379 τῆς
2390 4306 2643 4380 λυθείσης
2680 4307 3035 4381 στειρὼσεως,
3071 4310 3259 4375 κλάδος
3278 4328 3291 4341 °
3343 4313 3372 4363 6
3399 4312 3520 4384 μεθ’
3541 4314 3699 4385 ὑμῶν

433 4408 542 4454 tate
570 4400 868 4469 productus
904 4408 988 4454 est
1015 4415 1238 4465 ramus;
1274 4398 1368 4469 qui
1398 4399 1682 4453 vobiscum
1710 4411 2002 4453 conversa-

2114 4403 2612 4474 ἀναστραφεὶς,οὑχ
2624 4405 2652 4456 6
2666 4403 2726 4457 ἐν
2744 4406 2810 4475 τῇ
2828 4405 3021 4477 ἐρήμῳ
3038 4406 3284 4477 τραφείς.
3313 4401 3505 4474 Οὗτός
3523 4409 3700 4463 ἐστιν

429 4500 520 4548 tus
548 4502 650 4558 est,
680 4508 786 4545 non
825 4492 918 4561 qui
950 4492 1005 4546 in
1034 4492 1249 4547 deserto
1275 4491 1556 4547 educatus.
1592 4490 1697 4545 Hic
1721 4499 1798 4544 εει
1822 4487 2000 4544 Filius

429 4601 574 4638 meus
608 4582 852 4648 dilectus,
885 4584 940 4637 in
964 4600 1067 4654 quo
1095 4585 1225 4637 mihi
1247 4583 1541 4654 complacui
1557 4584 1600 4616 ⁸⁷
1627 4600 1641 4636 :
1668 4582 1842 4639 Filius
1871 4597 2004 4639 con-

430 4674 833 4741 substantialis,
861 4689 969 4728 non
992 4674 1215 4729 alterius
1241 4675 1592 4743 substantiae;
1633 4675 2002 4731 consubstan-

428 4767 573 4823 tialis
601 4767 757 4831 mihi,
784 4767 837 4821 in
870 4782 935 4822 eo
963 4767 1167 4838 quod‘a
1186 4768 1341 4823 vobis
1364 4782 1472 4822 non
1492 4767 1768 4832 cernitur;
1797 4777 1852 4824 et
1872 4781 2004 4822 cou-

428 4860 801 4917 substantialis
832 4862 1009 4928 vobis,
1033 4861 1086 4915 in
1110 4876 1176 4917 eo
1201 4862 1346 4932 quod
1369 4876 1402 4915 a
1428 4861 1585 4917 vobis
1616 4861 1850 4925 videtur,
1886 4860 2005 4916 sine

428 4963 669 5025 peccato.
716 4953 816 5010 Hic
861 4963 965 5019 est,
1011 4956 1106 5025 qui
1165 4969 1381 5010 mecum
1411 4954 1669 5011 formavit
1696 4955 1995 5009 hominem.

430 5047 533 5102 Hic
559 5061 635 5102 εει
662 5047 836 5103 Filius
862 5065 1004 5103 meus
1033 5047 1278 5114 dilectus,
1310 5049 1365 5102 in
1394 5065 1496 5119 quo
1527 5048 1658 5102 mihi
1679 5046 1996 5117 complacui.

425 5140 544 5195 Non
576 5142 715 5198 alius
741 5152 824 5199 est
850 5143 937 5198 hic
958 5157 1112 5198 meus
1139 5140 1333 5207 Filius,
1366 5153 1421 5196 et
1445 5142 1585 5196 alius
1605 5139 1789 5195 Maria:
1819 5139 1995 5205 ﬁlius;

427 5243 483 5288 at
514 5236 598 5289 hic
623 5245 701 5290 est
737 5234 911 5291 Filius
941 5254 1084 5291 meus
1117 5236 1362 5305 dilectus,
1396 5237 1491 5307 qui
1519 5244 1575 5290 et
1607 5234 1782 5290 oculis
1809 5233 1992 5290 cerni-

429 5338 539 5390 tur,
568 5338 622 5384 ct
650 5340 829 5385 mente
858 5330 1193 5403 intelligitur.
1226 5328 1331 5385 Hic
1364 5339 1441 5385 est
1471 5328 1646 5383 Filius
1680 5344 1825 5383 meus
1860 5326 1996 5382 dite-

430 5431 580 5485 rms,
634 5421 699 5473 in
746 5438 847 5492 quo
899 5423 1030 5477 mihi
1076 5422 1398 5493 complacui;
1445 5424 1619 5492 ipsum
1674 5421 1874 5476 audite.
1939 5419 2000 5474 Si

429 5511 628 5566 dixerit
654 5530 667 5566 :
698 5512 811 5583 Ego
836 5524 885 5569 et
902 5514 1066 5570 Pater
1091 5533 1253 5570 unum
1282 5533 1462 5571 summ
1475 5516 1542 5584 ⁸⁸,
1580 5515 1759 5586 ipsum
1794 5514 1998 5571 audite.

2110 4497 2144 4549 ό
2179 4496 2311 4563 Υἱός
2325 4513 2445 4567 μου
2464 4499 2496 4551 ό
2518 4497 2842 4567 ἀγαπητός,
2864 4496 2933 4550 ἐν
2950 4490 2998 4563 ᾧ
3012 4497 3481 4567 ηὐδόκησα·Υίὸς
3510 4499 3703 4571 ὁμοούο

2112 4605 2246 4654 σιος,
2278 4590 2379 4661 οὐχ
2404 4589 2757 4662 ἐτεροούσιοςο
2791 4590 3072 4660 ὁμοούσιος
3103 4591 3227 4662 ἐμοὶ
3258 4591 3397 4646 κατά
3435 4591 3499 4645 τὸ
3530 4593 3699 4666 ἀόρα-

2110 4698 2221 4748 τον,
2262 4682 2357 4738 καὶ
2396 4681 2699 4759 ,ὁμοούσιος
2732 4682 2859 4754 ὑμῖν
2905 4682 3047 4739 κατά
3088 4684 3150 4737 τὸ
3190 4683 3486 4758 ὁρώμενον,
3525 4688 3695 4759 χωρὶς

2111 4776 2403 4848 ἁμαρτίας.
2437 4772 2605 4841 Οὗτός
2649 4779 2819 4845 ἐστιν,
2853 4780 2882 4832 6
2926 4778 3022 4832 σὺν
3064 4778 3187 4847 ἐμοὶ
3226 4778 3437 4844 πλάσας
3475 4780 3565 4834 τὸν
3596 4782 3693 4836 ἄν·

2107 4869 2345 4941 θρωπον.
2400 4866 2591 4937 Οὗτός
2630 4871 2800 4924 ἐστιν
2823 4874 2857 4924 ό
2892 4870 3026 4936 Υἱός
3048 4887 3167 4940 μου
3196 4873 3230 4925 ό
3261 4872 3592 4942 ἀγαπητὸς,
3624 4874 3695 4928 ἐν

2103 4956 2152 5030 ᾧ
2195 4962 2532 5031 ηὐδόκησα.
2587 4963 2701 5016 Οὑκ
2748 4961 2907 5026 ἄλλος
2939 4963 3087 5018 ἐστὶν
3122 4956 3278 5027 οὗτος
3308 4967 3337 5020 6
3361 4966 3494 5037 ἐμὸς
3539 4966 3688 5036 Υἱὸς,

2104 5054 2200 5107 καὶ
2233 5051 2389 5116 ἀλλος
2423 5054 2452 5106 6
2484 5053 2706 5125 Μαρίας
2734 5054 2876 5118 υἱός·
2920 5054 3037 5108 ἀλλ’
3080 5050 3261 5122 οὗτός
3288 5056 3463 5110 ἐστιν
3486 5060 3522 5111 ό
3560 5059 3690 5124 Υἱός

2098 5163 2219 5215 μου
2240 5149 2273 5199 ό
2288 5145 2615 5216 ἀγαπητὸς,
2648 5148 2676 5198 6
2700 5146 3025 5218 βλεπόμενος
3048 5146 3138 5200 καὶ
3163 5147 3470 5219 νοούμενος.
3501 5145 3689 5216 οὗτός

2100 5236 2274 5289 ἐστιν
2319 5238 2353 5289 ό
2395 5235 2526 5300 Υἱός
2564 5252 2685 5304 μου
2728 5239 2762 5290 ό
2789 5236 3113 5307 ἀγαπητὸς,
3149 5239 3220 5293 ἐν
3255 5231 3304 5305 ᾧ
3349 5238 3683 5308 ηὑδόκησα,

2104 5328 2298 5384 αὐτοῦ
2338 5328 2607 5383 ἀκούετε.
2653 5329 2776 5384 Ἐὰν
2804 5331 2934 5404 εἴπῃ
2960 5349 2974 5362 ·
3020 5331 3160 5404 Ἐφὼ
3193 5333 3293 5386 καὶ
3329 5336 3363 5387 ό
3391 5332 3687 5401 Πατὴρὲν

2104 5423 2311 5493 ἐσμεν,
2339 5420 2504 5476 αὑτοῦ
2538 5422 2790 5477 ἀκούετε.
2826 5423 2954 5478 Ἐάν
2987 5424 3114 5498 εἴπῃ
3134 5442 3149 5456 ο
3198 5427 3261 5479 '0
3279 5425 3546 5494 ἑωρακὼς
3559 5424 3683 5493 ἐμὲ,

2107 5515 2330 5586 ἑώρακε
2343 5514 2439 5569 καί
2469 5513 2576 5568 τὸν
2600 5509 2850 5584 Πατέρα,
2881 5516 3044 5571 αὑτοῦ
3073 5518 3319 5572 ἀκούετε.
3366 5518 3491 5573 Ἐὰν
3518 5517 3649 5592 εἴπῃ
3672 5534 3682 5546 ι

501 5695 545 5726 ⁵⁸
572 5693 762 5751 Matth.
785 5711 866 5764 ιιι,
905 5698 1160 5767 Πῖχνιι,
1193 5700 1256 5765 5;
1293 5699 1457 5757 Marc.
1496 5717 1532 5768 ι,
1567 5700 1669 5768 il;
1704 5699 1838 5757 Luc.
1872 5699 2063 5769 1x,53.
2113 5701 2156 5733 ⁶τ
2185 5699 2319 5755 lbid.
2364 5699 2408 5731 “
2437 5698 2597 5754 Joan.
2633 5717 2687 5765 ε,
2710 5698 2799 5755 30.
