3988 6200
191 297 333 352 £189

1562 292 2059 349 FRAGMENTUM.

3293 303 3435 361 (I99

200 415 638 484 Ὀπέμψαςμε,
674 410 887 482 μείζων
912 431 1034 482 μου
1070 413 1202 466 ἐστὶ
1254 416 1319 484 τῇ
1362 415 1641 485 οἰκονομίᾳ
1666 414 1760 484 τὴν

1865 414 1920 467 Si
1950 413 2144 466 dixerit
2176 431 2188 466 :
2225 413 2329 478 Qui
2357 414 2490 467 uidet
2524 431 2620 477 me,
2660 415 2795 469 uidet
2822 426 2869 469 et
2904 415 3118 470 Patrem
3139 417 3183 449 ”
3209 458 3224 484 ,
3252 407 3452 488 ipsum‘

190 506 375 576 φωνὴν
406 504 840 578 προσαρμόσατε.
879 503 1002 556 Ἐὰν
1031 503 1156 575 εἴπῃ
1177 521 1191 536 ·
1229 507 1366 558 Τίνα
1387 523 1463 575 με
1479 505 1765 575 λέγουσιν

189 603 246 654 οι
260 601 557 668 ἄνθρωποι
581 595 731 652 εἶναι
756 597 862 651 τὸν
891 597 1028 650 Υὶὸν
1050 597 1154 650 τοῦ
1174 595 1505 664 ἀνθρώπου;
1537 597 1762 667 ἀποκρί-

188 693 348 748 νεσθε
367 692 501 764 πρὸς
520 689 698 745 αὐτόν·
719 690 802 745 Σὺ
821 687 877 744 εἴ
890 694 920 743 o'
933 692 1226 757 Χριστὸςό
1239 688 1370 754 Υἱὸς
1380 689 1483 742 τοῦ
1499 690 1643 743 Θεοῦ
1659 690 1764 762 τοῦ

191 783 424 848 ζῶντος.
453 783 671 844 Τούτοις
702 785 812 846 τοῖς
847 783 1082 854 ῥήμασιν
1105 781 1394 852 οὐρανόθεν
1418 780 1764 852 βροντοειδῶς

191 878 259 928 ὲκ
301 875 512 945 Πατρδς
547 874 758 926 ἐλθοῦσι
788 913 802 936 ,
854 872 1202 944 κατηυγάσθη
1240 872 1300 926 τὸ
1329 872 1434 924 τῶν
1468 870 1764 946 ἀνθρώπων

191 969 369 1037 γένος,
414 968 726 1036 ἐπέγνωσαν
754 967 1013 1042 διαφορὰν
1045 966 1276 1037 Ποιητοῦ
1313 966 1405 1019 καὶ
1438 967 1759 1036 ποιήματος,

191 1063 466 1122 Βασιλέως
491 1060 581 1114 καὶ
612 1058 960 1130 στρατιώτου,
999 1059 1252 1129 Τεχνίτου
1283 1059 1375 1110 καὶ
1406 1060 1565 1129 τεχνή
1575 1075 1760 1128 ματος,

191 1155 288 1208 καὶ.
317 1159 384 1225 τῇ
428 1153 606 1206 πίστει
649 1151 1053 1222 βεϐαιωθέντες,
1090 1151 1392 1222 προσῆλθον
1423 1151 1510 1203 διὰ
1544 1149 1636 1204 τοῦ
1669 1150 1763 1220 βα-

190 1245 496 1314 πτίσματος
535 1242 798 1306 Ἰωάννου,
825 1240 902 1311 τῷ
927 1244 982 1294 ἐν
1006 1241 1281 1312 Πνεύματι
1313 1241 1404 1294 καὶ
1424 1242 1554 1310 πυρὶ
1573 1238 1764 1309 βαπτί-

191 1337 341 1398 ζοντι
388 1332 604 1405 Χριστῷ
646 1334 724 1404 τῷ
778 1332 1013 1404 ἀληθινῷ
1049 1333 1203 1404 ἡμῶν
1228 1331 1373 1401 Θεῷ·
1419 1331 1533 1402 μεθ’
1566 1324 1648 1393 οὗ,
1687 1329 1763 1400 τῷ

193 1427 371 1499 Πατρὶ
432 1425 577 1490 δόξα,
639 1427 732 1478 σὺν
774 1424 851 1495 τῷ
897 1425 1144 1494 παναγίῳ
1192 1425 1284 1478 καὶ
1313 1422 1558 1493 ζωοποιῷ
1590 1422 1760 1475 Ilvati-

188 1538 328 1590 ματι
347 1537 359 1549 ·
397 1518 488 1572 νῦν
521 1519 613 1571 καὶ
642 1519 755 1584 ἀεὶ,
788 1520 880 1572 καὶ
905 1521 981 1582 εἰς
1007 1519 1131 1582 τοὺς
1160 1518 1359 1580 αἰῶνας
1389 1517 1497 1570 τῶν
1530 1515 1758 1570 αἰώνων.

202 1612 263 1662 ’Λ
271 1612 400 1681 μήν.

205 1813 325 1842 =¢-
345 1827 515 1837 .-ιο-ιιι..
534 1825 796 1836 »σα-α*-
815 1827 904 1836 --

247 1826 325 1837 ο-
345 1827 515 1837 .--..-—.
534 1825 796 1836 »σα-α*-
815 1825 1974 1836 --φ--ῆα-σ--Ψῇ

1867 505 2064 559 audite.
2104 503 2161 558 Si
2191 505 2387 558 dixerit
2421 524 2434 557 :
2470 503 2580 569 Qui
2606 522 2686 559 mc
2725 507 2888 569 misit,
2935 508 3108 576 major
3156 525 3235 562 me
3265 511 3428 572 est",

1865 597 2256 668 dispensationi
2303 612 2489 652 vocem
2546 599 2814 666 adaptate.
2874 597 2930 652 Si
2989 600 3229 655 dixerit:
3267 601 3432 665 Quem

1866 706 1945 742 me
1978 690 2160 742 dicunt
2195 690 2427 744 homines
2467 706 2575 743 esse
2604 688 2803 743 Filium
2843 691 3068 745 hominis
3093 692 3179 745 7‘?
3205 708 3431 762 respon-

1865 786 1985 840 dele
2018 785 2162 855 ipsi:
2198 784 2274 838 Tu
2321 802 2372 839 es
2427 784 2666 840 Christus
2722 783 2898 836 Eilius
2937 783 3031 837 Dei
3077 786 3173 838 rivi
3203 787 3264 837 τ’.
3309 785 3432 842 Istis

1865 879 2045 933 verbis
2069 878 2285 932 caelitus
2312 876 2541 931 touitrui
2574 875 2629 928 iu
2665 876 2886 928 modum
2921 874 3335 943 prodeuntibus,
3369 879 3432 930 il-

1864 968 2187 1024 Iumiuatum
2236 979 2319 1022 est
2351 967 2650 1021 humanum
2694 981 2898 1036 genus;
2952 978 3432 1036 cognoveruutquo

1864 1060 2222 1114 diﬂ‘ereutiam
2251 1057 2529 1113 Creatoris
2549 1067 2600 1112 et
2631 1069 2916 1122 creaturae,
2946 1056 3108 1126 Regis
3139 1067 3192 1110 et
3222 1058 3430 1124 militis,

1864 1153 2083 1222 Opiﬁcis
2114 1160 2166 1206 et
2204 1151 2287 1206 sui
2323 1151 2539 1220 operis;
2573 1148 2785 1218 ﬁdeque
2821 1149 3147 1214 continuati,
3183 1165 3429 1204 accesse-

1866 1251 1992 1296 ruut
2019 1257 2110 1310 per
2140 1242 2405 1310 baptisma
2439 1239 2662 1293 Joannis
2699 1239 2764 1292 ad
2793 1254 2917 1293 eum
2947 1239 3037 1307 qui
3064 1238 3115 1291 iu
3147 1237 3348 1307 Spiritu
3379 1251 3432 1293 (ἰ

1865 1335 1985 1404 igne
2025 1333 2348 1402 baptizat",
2400 1333 2677 1388 Christum
2707 1348 2892 1386 verum
2922 1331 3088 1386 Deum
3125 1343 3368 1386 nostrum
3412 1350 3426 1386 :

1863 1441 1987 1485 cum
2019 1441 2126 1495 quo
2173 1424 2319 1479 Patri
2367 1427 2437 1480 sit
2476 1427 2666 1495 gloria,
2708 1441 2812 1479 una
2844 1441 2966 1479 cum
2994 1425 3340 1478 sanctissimo
3366 1440 3430 1478 ae

1863 1517 2076 1571 viviﬁco
2132 1517 2358 1587 Spiritu,
2399 1533 2544 1571 nunc
2576 1528 2628 1571 et
2658 1532 2890 1586 semper,
2925 1525 2980 1570 et
3011 1517 3062 1570 iu
3095 1516 3291 1571 saecula
3323 1532 3426 1570 sar-

1863 1608 2130 1662 culorum.
2154 1610 2348 1661 Amen.

793 1978 912 2090 S.
1011 1974 1689 2093 GBEGORII
1779 1975 2829 2090 THAUMATURGI

1380 2212 2209 2303 FRAGMENTUM

783 2409 856 2468 In
919 2403 1248 2484 Evangelii
1290 2404 1646 2466 secundum
1699 2403 2062 2466 Matthaaum
2098 2421 2232 2492 cap.
2278 2423 2360 2478 νι,
2398 2424 2556 2467 vers.
2587 2407 2688 2481 22,
2733 2408 2835 2468 23.

320 2575 593 2637 (Unum,
620 2574 730 2623 νει.
755 2573 896 2621 Patr.
925 2567 1171 2630 Bibliotlt.,
1194 2573 1229 2618 ι.
1251 2567 1374 2630 XIV,
1399 2581 1447 2631 p.
1482 2581 1538 2629 ιι,
1559 2581 1606 2630 p.
1633 2567 1741 2629 119,
1766 2579 1831 2616 ex
1858 2567 2037 2618 Catena
2062 2569 2110 2616 in
2131 2566 2429 2626 Matthzeum,
2454 2567 2560 2616 cod.
2586 2581 2675 2616 ms.
2705 2567 2793 2616 168
2824 2570 2885 2617 el.
2925 2570 3015 2618 viri
3041 2569 3316 2634 Mitarelli.)

201 2893 206 2899 -
277 2869 338 2921 Ὀ
379 2869 606 2936 λύχνος
653 2867 758 2922 τοῦ
805 2866 1075 2936 σώματός
1120 2867 1297 2921 ἐστιν
1343 2870 1375 2920 ό
1431 2868 1751 2937 ὀφθαλμός.

1934 2865 2174 2919 Lucerna
2223 2867 2454 2934 corporis
2478 2874 2554 2918 est
2585 2866 2788 2919 oculus.
2818 2865 2877 2920 Si
2903 2867 3065 2935 igitur
3093 2867 3274 2924 oculus
3307 2881 3428 2925 tuus

199 2961 341 3012 Ἐὰν
365 2957 480 3016 οὖν
507 2963 538 3012 ὀ
560 2961 862 3028 ὀφθαλμός
891 2976 1006 3012 σου
1034 2958 1267 3025 ἁπλοῦς
1294 2954 1353 3029 ᾖ,
1385 2958 1455 3011 ὄλ
1468 2976 1537 3012 ον
1555 2957 1620 3012 τὸ
1648 2957 1762 3011 σῶ-

189 3052 272 3122 μά
295 3068 410 3106 σου
445 3052 735 3121 φωτεινόν
764 3054 952 3107 ἔσται.
995 3052 1126 3104 Ἐὰν
1154 3051 1221 3105 δὲ
1242 3055 1274 3106 ὁ
1303 3053 1608 3121 ὀφθαλμός
1646 3068 1761 3106 σου

189 3143 452 3212 πονηρὸς
469 3139 528 3214 ᾖ,
561 3144 706 3197 ὅλον
727 3144 794 3197 τὸ
817 3143 986 3214 σῶμά
1015 3160 1128 3199 σου
1160 3145 1475 3198 σκοτεινὸν
1499 3145 1688 3199 ἔσται.

255 3238 326 3288 El
355 3235 422 3288 δὲ
451 3235 516 3288 τὸ
541 3233 664 3304 φῶς
695 3235 759 3290 τὸ
784 3236 854 3290 ἐν
880 3238 1000 3302 σοὶ,
1028 3239 1249 3303 σκότος
1269 3237 1420 3303 ἐστὶ,
1453 3236 1517 3290 τὸ
1543 3238 1763 3302 σκότος

190 3327 390 3379 πόσον
413 3341 434 3389 ;

275 3419 502 3482 Ἀπλοῦς
546 3417 838 3488 ὀφθαλμὸς,
890 3419 923 3488 ή
970 3416 1326 3487 ἀνυπόκριτός
1372 3417 1516 3468 ἐστιν
1550 3415 1760 3488 ἀγάπη,

188 3512 255 3565 δι’
275 3506 343 3582 ἧς
374 3512 499 3563 ὅταν
530 3511 590 3563 τὺ
620 3510 777 3580 σῶμα
813 3510 1130 3580 φωτίζηται,
1168 3509 1241 3561 τὰ
1267 3509 1405 3560 αὐτὰ
1429 3511 1539 3570 τοίς
1564 3507 1762 3560 ἔσωθεν

189 3604 523 3674 νοούμενοις,
566 3604 657 3655 καὶ
692 3602 780 3655 διὰ
811 3603 918 3656 τῶν
944 3601 1140 3668 ἔξωθεν
1167 3601 1345 3673 μερῶν
1382 3600 1724 3672 προφέρουσα
1744 3616 1757 3629 ·

187 3700 217 3752 ὁ
261 3697 320 3750 δὲ
353 3696 582 3767 πονηρὸς
609 3695 881 3766 ὀφθαλμός
910 3697 1054 3750 ἐστιν
1084 3696 1115 3765 ἡ
1151 3693 1509 3765 προσποίητος
1549 3694 1760 3763 ἀγάπη,

186 3793 316 3862 ἥτις
368 3792 461 3844 καὶ
499 3790 782 3861 ὑπόκρισις
815 3789 1086 3843 καλεῖται·
1135 3788 1202 3840 δι’
1244 3782 1311 3859 ἧς
1337 3786 1480 3841 ἅπαν
1518 3788 1578 3840 τὸ
1607 3787 1764 3858 σῶμα

189 3882 502 3946 σκοτίζεται
539 3883 633 3936 τοῦ
657 3882 967 3954 ἀνθρώπου.
1015 3883 1173 3948 "Agna
1202 3883 1298 3954 μὲν
1328 3884 1551 3946 σκότους
1586 3883 1761 3955 πράγ-

192 3992 346 4045 ματα
387 3972 731 4044 ἐννοούμενον
769 3974 874 4047 (15)
910 3973 1139 4028 ἔσωθεν·
1201 3973 1287 4027 διὰ
1327 3974 1383 4027 δὲ
1422 3974 1528 4028 τῶν
1568 3973 1762 4039 ἔξωθεν

192 4067 401 4138 μερῶν,
430 4067 604 4135 φωτὸς
626 4061 762 4119 εἶναι
797 4067 1051 4120 δοκοῦντα
1085 4067 1356 4140 προφέρον
1390 4069 1636 4139 ῥήματαο
1673 4068 1764 4121 λύ-

191 4176 282 4213 κοι
308 4159 415 4230 γάρ
449 4161 584 4212 εἰσιν
612 4158 687 4223 ὡς
717 4159 948 4231 ἀληθῶς,
999 4161 1284 4232 προϐάτων
1318 4162 1762 4233 περιϐεϐλημένοι

187 4251 356 4322 δοράς
376 4269 390 4282 ο
419 4254 466 4304 οἱ
499 4252 558 4305 τὸ
591 4251 788 4316 ἔξωθεν
814 4251 905 4305 τοῦ
932 4254 1192 4325 ποτηρίου
1223 4254 1316 4308 καὶ
1341 4255 1441 4324 τῆς
1473 4255 1764 4327 παροψίδος

193 4343 360 4414 μόνον
391 4345 699 4408 πλύνοντες,
729 4347 820 4398 καὶ
841 4346 940 4399 οὐκ
972 4346 1192 4411 εἰδότες,
1219 4348 1300 4400 ὅτι
1328 4347 1423 4402 ἐὰν
1455 4350 1527 4421 μὴ
1553 4349 1613 4402 τὸ
1633 4349 1766 4402 ἔσω-

191 4436 291 4488 θεν
321 4437 523 4490 τούτων
552 4437 876 4509 καθαρισθῇ,
899 4438 1019 4491 οὐδὲ
1052 4438 1111 4490 τὸ
1134 4438 1328 4502 ἔξωθεν
1361 4440 1597 4510 καθαρὸν
1617 4440 1767 4494 δύνα-

189 4531 572 4598 ταιγενέσθαι.
603 4533 798 4603 Διόπερ
813 4531 1030 4594 τούτους
1060 4533 1244 4602 σαφῶς
1277 4533 1530 4604 ἐλέγχων,
1551 4536 1712 4605 φησὶν
1736 4533 1764 4585 ὀ

191 4623 410 4694 Σωτὴρ,
428 4623 528 4676 ὅτι·
557 4626 626 4677 El
649 4623 712 4676 τὸ
741 4623 866 4693 φῶς
885 4623 948 4677 τὸ
976 4624 1176 4687 ἐνσοὶ,
1195 4626 1431 4691 σκότος,
1461 4630 1523 4680 τὸ
1547 4628 1766 4692 σκότος

190 4714 416 4778 πόσον;
436 4714 720 4768 Τουτέστιν
740 4731 754 4744 ο
778 4717 826 4768 εξ
855 4719 887 4788 ἠ
916 4717 1146 4770 δοκοῦσά
1174 4734 1252 4770 σοι
1280 4719 1464 4789 ἀγάπη
1481 4714 1616 4771 εἶναι
1634 4718 1768 4788 φῶς,

189 4806 286 4862 διὰ
310 4806 405 4879 τὴν
426 4809 482 4860 ὲν
508 4809 590 4861 σοὶ
612 4809 996 4880 κεκρυμμένην
1029 4809 1314 4880 ὑπόκρισιν
1358 4810 1580 4873 σκότους
1625 4811 1772 4878 ἄξιόν

190 4901 348 4954 ἐστιν
395 4900 574 4972 ἔργον,
619 4901 672 4952 τί
718 4901 786 4954 τὰ
817 4902 1064 4973 προφανῆ
1099 4919 1188 4956 σου
1215 4902 1665 4974 παραπτώματα;

271 5056 315 5086 ⁸³
347 5053 507 5110 Joan.
549 5071 662 5121 xiv,
695 5056 747 5110 9.

194 5141 273 5188 Vl,
306 5126 396 5178 25.

269 5282 384 5356 (13)
428 5280 590 5338 Forte
616 5283 898 5354 ἐννοοῦμεν
923 5285 1034 5349 τόν,
1065 5293 1119 5339 et
1147 5300 1269 5338 mox
1302 5283 1653 5359 προφέροντα.

1863 2958 2084 3028 simplex
2117 2958 2208 3022 sit,
2247 2968 2411 3011 totum
2458 2973 2645 3027 corpus
2691 2967 2834 3010 tuum
2881 2957 3116 3012 lucidum
3154 2962 3274 3016 erit.
3332 2964 3426 3018 Sin

1862 3057 2035 3101 autem
2065 3046 2243 3100 oculus
2277 3057 2395 3100 tuus
2427 3047 2596 3100 malus
2627 3047 2717 3112 sit,
2753 3055 2916 3100 totum
2951 3064 3137 3116 corpus
3178 3060 3324 3105 tuum
3357 3064 3431 3107 tc-

1863 3139 2190 3193 nebricosum
2219 3139 2339 3191 erit.

1935 3229 2086 3294 Quod
2120 3229 2166 3282 si
2194 3227 2366 3282 lumen
2393 3230 2531 3299 quod
2570 3231 2625 3282 in
2661 3239 2729 3298 te,
2762 3230 3058 3287 obscuritas
3091 3245 3189 3303 est,
3243 3237 3429 3292 obscu-

1864 3323 1995 3375 ritas
2026 3323 2141 3391 ipsa
2174 3325 2416 3391 quanta?

1938 3434 2176 3504 Simplex
2223 3435 2414 3490 oculus
2455 3445 2538 3490 est
2582 3437 2794 3492 sincera
2839 3439 3100 3506 Charitas,
3146 3455 3240 3509 per
3267 3458 3430 3511 quam

1866 3534 2037 3580 totum
2066 3542 2187 3580 cum
2217 3541 2416 3595 corpus
2444 3527 2800 3594 illuminatur,
2828 3529 2969 3582 haud
3002 3532 3157 3585 aliter
3187 3532 3432 3587 iuternos

1863 3619 2130 3688 cogitatus
2146 3617 2369 3687 profert,
2395 3634 2556 3687 quam
2579 3635 2672 3688 per
2690 3629 2942 3675 externas
2963 3624 3207 3692 corporis
3229 3633 3427 3692 partes.

1865 3710 2067 3765 Oculus
2096 3709 2273 3762 malus
2329 3717 2412 3763 est
2441 3710 2682 3765 eharitas
2705 3712 2978 3775 simulata,
3007 3729 3126 3780 qua:
3148 3715 3306 3767 etiam
3337 3715 3435 3785 hy~

1863 3799 2092 3870 pocrisis
2122 3798 2273 3852 audit
2309 3817 2322 3851 :
2353 3814 2446 3866 per
2471 3815 2634 3868 quam
2669 3815 2866 3869 corpus
2903 3801 3214 3855 universum
3251 3804 3429 3856 homi-

1864 3895 1949 3947 nis
1977 3895 2320 3949 tenebrescit.
2355 3894 2617 3964 Equidem
2662 3894 2822 3963 digna
2866 3896 3102 3949 tenebris
3127 3911 3312 3964 Opera,
3344 3895 3429 3948 io-

1863 3982 2116 4037 teriorem
2166 3983 2438 4038 hominem
2493 3984 2818 4053 cogitamus,
2873 3984 2964 4036 sed
3017 3999 3111 4052 per
3160 3985 3430 4038 exteriora

1866 4075 2129 4140 membra,
2171 4075 2438 4145 ejusmodi
2492 4075 2654 4129 verba
2703 4073 3084 4143 proferentem,
3137 4091 3260 4144 qua:
3292 4076 3430 4130 lucis

1866 4184 1988 4223 esse
2018 4169 2323 4224 videantur.
2363 4166 2498 4236 Lupi
2527 4168 2671 4222 enim
2699 4178 2822 4221 sunt
2848 4183 3052 4229 revera,
3081 4166 3249 4221 induti
3270 4166 3429 4220 ovina

1867 4259 2001 4328 pelle
2032 4276 2044 4312 :
2070 4260 2162 4328 qui
2190 4268 2413 4312 externa
2437 4259 2614 4328 poculi
2643 4268 2694 4312 et
2719 4259 2891 4312 lancis
2919 4259 3183 4312 duntaxat
3207 4258 3432 4312 abluen-

1868 4361 1969 4416 tes,
1999 4367 2107 4406 nou
2143 4352 2344 4417 vident,
2395 4348 2541 4420 quod
2568 4351 2669 4404 nisi
2703 4350 2894 4403 horum
2927 4349 3136 4403 interna
3163 4350 3431 4403 munden-

1870 4451 1976 4510 tur,
2019 4458 2089 4498 ne
2129 4455 2352 4499 externa
2395 4444 2613 4514 quidem
2646 4442 2847 4496 munda
2878 4456 2998 4496 esse
3027 4455 3268 4511 possunt.
3300 4440 3432 4495 Pro—

1869 4547 2048 4607 pterea
2087 4536 2186 4591 hos
2240 4538 2524 4591 manifeste
2573 4550 2892 4605 coargueus,
2944 4536 3018 4587 ait
3051 4532 3330 4588 Salvator:
3373 4534 3431 4587 Si

1867 4629 2043 4682 lumen
2091 4629 2304 4698 quodin
2327 4639 2394 4695 te,
2431 4628 2671 4692 tenebrae,
2699 4629 2919 4681 tenebrae
2949 4629 3073 4697 ἔρδω
3125 4628 3434 4698 quantm"?

1869 4719 1925 4774 Id
1975 4729 2077 4784 est,
2125 4721 2170 4774 si
2221 4736 2341 4790 qua:
2391 4720 2485 4773 tibi
2540 4718 2751 4772 videtur
2794 4718 3034 4772 charitas
3077 4719 3255 4772 lumen
3289 4734 3430 4781 esse,

1870 4823 2087 4884 propter
2133 4815 2383 4868 latentem
2426 4812 2477 4865 iu
2519 4819 2570 4865 te
2599 4810 2909 4880 hypocrisin
2933 4824 3069 4878 Opus
3094 4818 3176 4862 est
3198 4809 3436 4864 tenebris

1871 4905 2115 4974 dignum,
2145 4904 2274 4973 quid
2300 4913 2459 4957 erunt
2491 4911 2582 4957 tua
2612 4899 2896 4956 manifesta
2931 4898 3170 4957 scelera?

803 5057 847 5088 ⁷ο
870 5055 1002 5112 Ibid.
1037 5057 1126 5111 28.
1197 5057 1239 5087 ⁷³
1269 5055 1458 5112 Matth.
1492 5073 1602 5125 xvr,
1638 5057 1724 5112 13.

1868 5057 2001 5113 Ibid.
2033 5057 2122 5112 16.
2198 5057 2245 5088 ⁷³
2272 5055 2464 5112 Matth.
2497 5071 2578 5121 ιιι,
2609 5055 2666 5110 11
2694 5072 2708 5122 ;
2736 5053 2866 5110 Luc.
2898 5069 2979 5118 ιιι,
3010 5051 3096 5106 16.
3167 5051 3218 5102 ⁷⁸.
3241 5050 3434 5111 Matth.
