3988 6200
413 303 550 362 {201

410 514 596 580 ζοντες
619 514 707 568 ἴνα
734 514 997 583 σφίγξωσι
1028 516 1126 579 τὰς
1141 515 1338 587 ψυχὰς,
1367 517 1436 572 τὰ
1469 519 1679 590 κλῇθρα
1710 522 1807 591 τῆς
1835 520 1980 592 ζωῆς

407 607 803 680 διαρρήξαντες
835 606 923 660 ἴνα
960 607 1058 670 τὰς
1097 607 1245 672 κλεῖς
1284 610 1535 674 ἀνοίξωσι
1576 610 1682 665 τῶν
1716 612 1976 684 οὐρανῶν.

422 700 482 753 '0
509 698 752 759 ἀπιστῶν
781 698 862 751 ὅτι
896 696 1124 764 θάνατος
1167 700 1539 763 καταλέλυται,
1575 702 1706 773 ᾆδης
1737 705 1982 775 πεπάτη-

409 808 538 854 ται,
582 790 667 844 ὃτι
711 788 898 843 τούτου
935 788 1005 843 τὰ
1046 790 1219 862 δεσμὰ
1256 792 1551 865 διερράγηο
1591 796 1674 849 ὃτι
1721 795 1980 868 τύραννος

407 882 659 937 δέδεταν
698 880 942 952 βλεπέτω
988 881 1268 956 μάρτυρας
1312 885 1682 950 κυϐιστῶντας
1714 887 1856 941 κατά
1889 887 1982 941 θα-

407 972 570 1026 νάτου
591 1012 606 1037 ,
651 971 747 1025 καὶ
777 971 874 1042 τὴν
912 971 1005 1025 τοῦ
1049 973 1285 1044 Χριστοῦ
1325 975 1482 1047 νίκην
1518 977 1977 1049 ἀνευφημοῦντας.

413 1064 481 1117 Ὢ
536 1063 630 1117 τοῦ
689 1062 984 1134 θαύματος.
1046 1065 1161 1134 Ἀφ’
1204 1060 1371 1140 οὗπερ
1420 1068 1652 1140 Χριστὸς
1706 1068 1797 1122 τὸν
1846 1069 1980 1142 ᾅδην

407 1156 763 1220 ἐσκύλευσεν,
804 1155 1081 1228 ἄνθρωποι
1130 1160 1555 1231 κατωρχήσαντο
1591 1159 1685 1214 τοῦ
1724 1161 1975 1217 θανάτου.

406 1248 534 1303 Ποῦ
559 1263 695 1312 σου,
722 1246 958 1309 θάνατε,
990 1249 1056 1302 τὸ
1097 1247 1381 1318 κέντρον;
1407 1252 1525 1305 ποῦ
1564 1267 1701 1319 σου,
1734 1253 1869 1322 ᾄδη,
1910 1254 1978 1308 τὸ

405 1339 613 1405 rixae;
653 1338 1002 1394 Ἐσκύλευται
1029 1341 1057 1394 ὁ
1088 1339 1221 1412 ᾅδης
1253 1341 1347 1395 καὶ
1383 1344 1411 1397 6
1437 1343 1678 1409 διάὸολος
1698 1362 1711 1376 ⁸
1757 1346 1850 1400 καὶ
1882 1346 1978 1417 τῆς

407 1429 644 1503 ἀρχαίας
677 1430 954 1502 ἀφῄρηται
997 1430 1327 1496 πανοπλίας*
1355 1433 1446 1485 καὶ
1478 1432 1570 1487 τοῦ
1612 1435 1810 1489 οἰκείου
1842 1437 1970 1507 κρά-

406 1536 533 1584 τους
573 1518 927 1591 ὲκϐέϐληται·
965 1520 1059 1573 καὶ
1094 1520 1343 1593 καθάπερ
1383 1523 1413 1576 6
1455 1522 1647 1577 Γολιάθ
1691 1523 1768 1595 τῷ
1796 1525 1978 1596 οἰκείῳ

407 1616 553 1687 ξίφει
589 1618 689 1689 τὴν
734 1617 975 1691 κεφαλὴν
1008 1621 1321 1693 ἀπετμήθη,
1367 1621 1509 1676 οὕτω
1553 1623 1645 1678 καὶ
1681 1627 1709 1679 6
1738 1625 1977 1690 διάϐολος

407 1709 640 1763 θάνατον
674 1711 958 1782 γεννήσας,
993 1711 1081 1767 διὰ
1120 1711 1350 1766 θανάτου
1383 1714 1706 1784 τροποῦταιο
1742 1716 1837 1771 καὶ
1879 1716 1976 1788 τὴν

1554 307 1782 364 SERMO
1821 308 1889 365 IN
1928 310 2160 369 OMNES
2196 312 2527 372 SANCTOS.

317 447 329 458 -
408 440 504 488 τος
533 422 912 495 ἀναπηδῶντες
943 424 1080 497 πρὸς
1110 425 1354 498 οὐρανόν.
1395 427 1475 482 Τὰ
1513 429 1646 501 μέλη
1671 431 1969 504 διασκορπί·

2079 432 2210 488 dum
2253 450 2420 490 unum
2450 435 2699 506 idemque
2730 450 2854 489 cum
2885 436 3304 493 adolescentulis
3345 437 3446 494 vite
3479 438 3645 494 sociis

3509 318 3647 375 1202

2081 525 2184 579 iter
2210 526 2321 596 (21)
2359 526 2640 596 impulere.
2675 524 2740 580 Hi
2784 526 3030 594 pusillos,
3080 528 3340 598 humique
3371 537 3640 597 reptantes

2081 616 2192 689 (22)
2222 617 2517 674 infantulos
2548 619 2653 674 huc
2677 618 3035 674 adduxerunt.
3076 619 3185 683 llli,‘
3213 621 3457 690 inquam,
3496 635 3642 674 mar-

2080 719 2226 780 tyres
2252 709 2364 779 (2⁸5)
2399 710 2513 764 hare
2537 711 2856 779 praestitere,
2885 711 2979 778 qui
3009 711 3201 765 mortis
3230 718 3524 780 conspectu
3555 710 3642 763 ni-

2081 799 2156 853 hil
2213 799 2477 868 deterriti,
2521 816 2587 857 eo
2631 801 2750 871 ipso
2788 811 3028 871 tempore
3074 817 3182 871 quo
3225 802 3316 856 illa
3350 802 3421 856 ob
3454 802 3641 856 oculos

2079 891 2418 958 versabatur,
2458 894 2659 949 saltare
2700 909 2812 964 pra:
2842 894 3039 967 gaudio
3086 903 3481 950 consueverant
3506 895 3638 977 {qui

2080 990 2303 1050 paratos
2333 981 2399 1037 ad
2430 981 2767 1051 praecidenda
2800 980 2881 1038 eis
2909 982 3084 1050 capita
3111 981 3320 1052 gladios
3348 980 3642 1035 irridehant

2079 1082 2133 1128 et
2154 1074 2601 1140 contemnebant;
2632 1073 2726 1144 qui
2751 1081 3104 1145 tyrannorum
3133 1072 3553 1143 indignationem
3583 1070 3639 1125 in

2080 1164 2398 1234 semetipsos
2440 1161 2775 1226 incitabant;
2803 1163 2897 1233 qui
2933 1172 3161 1217 mortem
3217 1160 3639 1216 immortalitatis

2078 1253 2401 1310 ell‘eetricem
2432 1254 2483 1308 vi
2520 1254 2588 1308 ah
2622 1254 2728 1309 illis
2769 1254 3197 1324 extorquebant;
3233 1252 3327 1322 qui
3371 1263 3501 1307 tunc
3528 1261 3639 1305 sta-

2079 1346 2228 1412 bant,
2256 1355 2311 1401 et
2343 1345 2634 1416 gloriosam
2668 1345 2944 1399 victoriam
2985 1343 3479 1412 consequebantur,
3511 1357 3635 1396 cum

2078 1436 2376 1501 cadebant;
2399 1435 2492 1503 qui
2524 1450 2620 1504 per
2649 1448 2846 1503 corpus
2878 1434 2932 1488 in
2964 1434 3160 1489 etelum
3181 1432 3518 1498 insiliehant;
3543 1432 3636 1501 qui

2078 1542 2207 1582 suos
2239 1527 2482 1597 ipsorum
2510 1535 2661 1581 artus
2698 1525 2925 1580 distrahi
2965 1541 3027 1581 ac
3057 1525 3288 1595 dispergi
3318 1523 3431 1593 (24)
3462 1524 3637 1594 patie-

2075 1615 2292 1682 bantur,
2327 1631 2393 1670 ne
2429 1615 2639 1670 animas
2688 1614 2992 1685 perderent,
3034 1615 3123 1670 sed
3154 1613 3266 1669 Deo
3294 1614 3633 1682 conjunctas,

2077 1723 2141 1763 ac
2178 1708 2340 1763 veluti
2374 1708 2701 1763 constrictas
2735 1706 2847 1777 (25)
2882 1714 3161 1765 tenerent:
3200 1706 3293 1775 qui
3325 1704 3448 1759 vitae
3480 1703 3632 1758 elau-

404 1804 606 1875 εὐχερῆ
640 1804 860 1875 μέθοδον
897 1804 994 1875 τῆς
1026 1804 1230 1870 οἰκείας
1266 1789 1484 1877 ἀπάτης
1505 1845 1519 1869 ,
1553 1806 1783 1879 ὄργανον
1830 1784 1969 1881 ἰσχυ-

2076 1811 2187 1857 stra
2211 1800 2324 1872 (26)
2363 1800 2639 1871 perrumpi
2680 1799 3009 1870 gaudebant,
3056 1808 3117 1853 ut
3143 1798 3406 1854 ctelorum
3437 1797 3633 1868 ianuas

405 1896 502 1968 ρον
530 1895 629 1966 τῆς
653 1895 787 1959 ἰδίας
816 1896 1087 1961 ἀπωλείας
1112 1897 1353 1970 εὑρίσκει
1376 1915 1389 1929 ’
1417 1899 1665 1969 καθάπερ
1685 1900 1975 1973 ἄγκιστρον

404 1986 735 2059 περιπαρεὶς
765 1990 831 2058 τῇ
881 1987 1126 2060 Θεὸτητι.
1166 1988 1259 2042 καὶ
1298 1988 1358 2042 τὸ
1394 1988 1622 2061 σύνηθες
1656 1990 1845 2064 δέλεαρ
1876 2009 1975 2046 κα-

401 2075 614 2131 ταπιὼν
642 2078 934 2150 ἀγρεύεται
976 2079 1160 2149 σαφῶς
1200 2081 1229 2133 ὀ
1274 2080 1528 2152 ἀγρεύειν
1568 2082 1841 2153 οἰόμενος·
1880 2084 1974 2138 καὶ

409 2166 546 2222 Θεὸν
575 2167 695 2221 ἀντὶ
720 2166 1004 2239 ἀνθρώπου
1044 2171 1341 2241 κρατήσας.
1374 2171 1472 2226 Διά
1505 2171 1660 2226 τοῦτο
1701 2174 1974 2248 μάρτυρες

404 2257 698 2329 σκιρτῶσιν
728 2257 824 2329 τὴν
858 2258 950 2312 τοῦ
982 2259 1274 2330 δράκοντος
1310 2261 1550 2334 κεφαλήν
1570 2279 1582 2292 ·
1620 2263 1715 2317 καὶ
1748 2265 1854 2318 πᾶν
1898 2262 1975 2320 εἶὲ-

400 2349 492 2413 δος
533 2348 779 2419 βασάνων
827 2351 1186 2423 ὑπερορῶσιν.
1242 2352 1358 2422 Ἀφ’
1405 2348 1466 2408 οὗ
1507 2354 1615 2427 γὰρ
1651 2357 1680 2409 6
1727 2356 1974 2428 δεύτερος

401 2440 495 2493 τὸν
522 2439 732 2512 πρῶτον
767 2442 939 2513 Ἀδὰμ
969 2444 1033 2495 ὲκ
1058 2443 1150 2496 τοῦ
1197 2443 1466 2515 πυθμένος
1498 2446 1589 2500 τοῦ
1624 2447 1748 2519 ᾅδου
1782 2449 1857 2513 ὡς
1883 2450 1974 2504 τὸν

414 2533 598 2587 ’ἰωνᾶν
627 2535 691 2587 ἐκ
721 2532 814 2586 τοῦ
839 2535 1038 2606 κήτους
1060 2536 1355 2606 ἀνήγαγεν,
1377 2537 1468 2591 καὶ
1491 2538 1582 2593 τὸν
1606 2541 1971 2613 ἀπατηθέντα,

401 2625 485 2687 εἰς
518 2623 782 2697 ἐντροπὴν
831 2626 924 2680 τοῦ
958 2626 1357 2698 ἀπατήσαντος,
1395 2629 1814 2705 ούρανοπολίτην
1854 2635 1975 2689 ἀνέ-

399 2714 573 2782 δειξεν
594 2732 608 2747 ο
641 2714 699 2784 ἐξ
734 2716 941 2773 ἐκείνου
976 2718 1140 2773 πύλαι
1168 2718 1294 2792 ᾷδου
1318 2721 1704 2794 ἐκλείσθησαν·
1741 2727 1834 2780 καὶ
1870 2727 1973 2781 πύ-

402 2808 493 2864 λαι
534 2809 761 2882 ούρανοῦ
808 2811 1189 2884 ἀνεῴχθησαν·
1240 2813 1515 2870 ἀκώλυτον
1556 2820 1668 2882 τοῖς
1715 2821 1850 2890 μετά
1890 2821 1976 2875 πί-

406 2918 576 2968 στεως
602 2904 839 2958 ἀνιοῦσιν
866 2908 1289 2978 παραχωροῦσαι
1314 2909 1410 2979 τὴν
1432 2910 1652 2965 εἴσοδον.
1676 2912 1849 2967 Πάλαι
1876 2915 1975 2985 μὲν

415 2992 607 3049 Ἰακὼϐ
638 2994 884 3066 κλίμακα
907 2999 1308 3071 ὲστηριγμένην
1341 2997 1446 3065 ἓως
1478 3001 1570 3055 τοῦ
1604 3002 1830 3075 ούρανοῦ
1854 3004 1973 3058 ἐθε-

2074 1893 2316 1949 clavibus
2344 1901 2644 1948 reserarent
2675 1890 2808 1961 (27).
2843 1888 2999 1956 Quod
3026 1890 3071 1945 si
3100 1890 3222 1960 quis
3254 1899 3480 1944 mortem
3504 1904 3633 1959 pro-

2074 1984 2333 2055 ﬂigatam,
2358 1982 2625 2038 infernum
2647 1981 2760 2054 (28)
2780 1983 3178 2048 conculcatum,
3205 1981 3393 2036 tartari
3420 1980 3635 2036 vincula

2073 2077 2339 2147 disrupta,
2371 2085 2659 2148 tyrannum
2688 2077 2929 2131 vinctum
2957 2074 3125 2131 fuisse
3149 2090 3253 2130 non
3282 2074 3469 2140 credit,
3485 2075 3635 2144 aspi-

2072 2167 2181 2223 ciat
2205 2175 2470 2236 martyres
2504 2165 2665 2219 morti
2710 2164 3018 2231 illudentes,
3062 2178 3293 2233 eamque
3334 2162 3633 2233 provolutis

2072 2260 2343 2331 capitibus
2368 2259 2479 2329 (29)
2512 2258 2765 2313 alacriter
2794 2266 3131 2328 oppetentes,
3157 2267 3211 2311 et
3231 2256 3431 2312 Christi
3466 2257 3635 2311 vieto-

2072 2352 2207 2405 riam
2229 2350 2581 2406 celebrantes.
2608 2346 2665 2419 ος
2678 2364 2788 2404 rem
2817 2350 3042 2404 miram!
3081 2348 3155 2403 Ex
3177 2364 3239 2403 eo
3265 2357 3501 2418 tempore
3521 2363 3631 2416 quo

2071 2444 2320 2500 Christus
2353 2440 2622 2495 infernum
2653 2441 2924 2510 spoliavit,
2947 2441 3107 2495 morti
3129 2440 3375 2494 homines
3398 2440 3631 2495 insulta-

2072 2551 2215 2591 vere.
2235 2533 2334 2588 Ubi
2359 2542 2454 2596 est,
2483 2551 2512 2586 ο
2540 2549 2695 2596 mors,
2722 2532 3390 2596 stimulustuus?ubiest,o
3409 2532 3628 2599 inferne,

2072 2629 2289 2683 victoria
2313 2638 2403 2682 tua
2422 2629 2475 2680 εἳ
2495 2626 2754 2697 spoliatus
2777 2624 2878 2681 fuit
2901 2623 3144 2680 infernus
3166 2640 3231 2679 ac
3247 2623 3525 2688 diabolus;
3544 2639 3634 2677 ve-

2074 2731 2161 2776 tus
2184 2721 2256 2775 il!i
2277 2728 2550 2775 armatura
2570 2720 2743 2774 ablata
2759 2728 2871 2782 est;
2892 2719 3107 2789 propria
3124 2717 3354 2789 potantia
3391 2718 3632 2786 privatus

2074 2814 2197 2877 fuit,
2235 2825 2287 2869 et
2312 2813 2765 2884 quemadmodum
2798 2811 3079 2868 Goliathus
3110 2826 3210 2866 suo
3243 2811 3414 2881 ipsius
3455 2809 3631 2880 gladio

2074 2906 2248 2972 capite
2270 2920 2444 2961 caesus
2471 2913 2574 2972 est,
2593 2905 2667 2959 ita
2687 2913 2741 2959 et
2762 2905 3031 2970 diabolus,
3054 2904 3146 2974 qui
3169 2912 3398 2958 mortem
3423 2902 3629 2973 genuit,

2071 3013 2168 3069 per
2214 3006 2439 3052 mortem
2480 2997 2713 3052 vincitur
2741 3011 2806 3052 ac
2822 2993 3153 3065 iugatur,ac
3180 2996 3309 3050 illud
3347 2996 3485 3050 idem
3519 3010 3632 3049 suae

402 3085 577 3140 άσατο
594 3130 609 3152 ,
644 3089 741 3141 καὶ
760 3088 884 3152 τοὺς
906 3088 1169 3157 ἀγγέλους
1196 3090 1289 3143 τοῦ
1312 3091 1445 3145 Θεοῦ
1478 3093 1859 3160 ἀναϐαίνοντας
1881 3097 1969 3150 καὶ

2077 3089 2247 3159 ipsius
2286 3088 2457 3143 ruinze
2492 3088 2727 3143 validum
2755 3088 3177 3144 instrumentum
3203 3101 3323 3140 esse
3344 3087 3628 3154 comperit,

402 3177 857 3242 καταϐαίνονταςο
893 3179 1010 3234 νυν).
1040 3180 1096 3234 δὲ
1127 3180 1215 3234 διὰ
1250 3181 1341 3235 τὸν
1377 3182 1658 3256 ἄνθρωπον
1690 3184 1971 3259 ἄνθρωπος

402 3269 692 3341 γενόμενος
723 3271 752 3322 6
776 3269 1155 3343 φιλάνθρωπος
1190 3271 1279 3328 τὸν
1319 3273 1680 3349 ἀπάνθρωπον
1715 3278 1973 3345 λακτίσας

403 3358 487 3429 τῷ
526 3362 645 3416 ποδὶ
677 3362 775 3434 τῆς
814 3363 1081 3436 θεότητος,
1115 3367 1209 3420 καὶ
1242 3367 1332 3422 τὸν
1372 3367 1654 3440 ἄνθρωπον
1701 3370 1973 3442 βαστάσας

401 3453 470 3523 τῇ
506 3452 652 3524 χειρὶ
697 3454 795 3525 τῆς
838 3454 1207 3526 χριστότητος,
1247 3456 1336 3511 τὸν
1369 3458 1566 3515 ἄϐατον
1597 3459 1787 3533 αἰθέρα
1816 3462 1973 3516 ποσὶν

402 3545 759 3615 ἀνθρωπίνοις
783 3544 1146 3611 πεζεύσασθαι
1178 3551 1605 3622 παρεσκεύασεν.
1641 3553 1773 3607 Τότε
1799 3556 1848 3607 οί
1874 3556 1973 3623 ἀγ-

400 3636 547 3705 γελοι
568 3634 847 3694 ἀνέϐαινον
876 3640 971 3693 καὶ
998 3640 1315 3696 κατέϐαινον
1337 3658 1351 3673 ·
1381 3644 1496 3698 νυνὶ
1526 3644 1580 3698 δὲ
1612 3647 1640 3698 ὁ
1671 3646 1771 3717 τῆς
1805 3647 1972 3717 μεγά-

402 3729 503 3801 λης
531 3729 723 3802 βουλῆς
747 3732 1010 3802 Ἀγγελος
1055 3732 1154 3787 ούκ
1182 3733 1458 3788 ἀναϐαίνει
1492 3735 1586 3789 καὶ
1618 3737 1964 3792 καταϐαίνει·

401 3830 497 3873 καί
532 3821 694 3875 πόθεν
718 3822 826 3894 γὰρ
861 3822 964 3876 ποῦ
1001 3825 1395 3896 μεταστήσεται
1416 3829 1445 3881 6
1464 3828 1734 3899 πανταχοῦ
1757 3828 1965 3903 παρὼν,

398 3911 494 3964 καὶ
512 3910 579 3964 τά
599 3912 772 3966 πάντα
799 3913 1040 3985 πληρῶν,
1057 3915 1150 3968 καὶ
1173 3916 1230 3968 ἐν
1254 3918 1318 3986 τῇ
1344 3916 1486 3987 χειρὶ
1513 3915 1748 3987 συνέχων
1763 3918 1831 3971 τὰ
1853 3917 1968 3990 [κό-

400 3998 562 4073 σμου]
584 3999 826 4072 πέρατα;
856 4004 1035 4070 "Am:
1050 4004 1158 4077 γὰρ
1189 4003 1391 4078 κατέϐη
1419 4006 1511 4060 καὶ
1527 4006 1673 4072 ἅπαξ
1693 4007 1877 4079 ἀνέϐη
1904 4010 1963 4063 ού

472 4115 488 4146 ¹
524 4113 690 4171 lCor.
729 4132 815 4183 xv,
841 4118 929 4172 55.

399 4244 537 4308 ram,
572 4228 625 4283 in
661 4230 760 4308 illa
812 4231 1029 4308 quidem
1076 4232 1191 4301 ipsa
1221 4235 1464 4308 oratione
1498 4235 1962 4308 τδικαιοπραγεῖν,

401 4299 759 4379 ἰδιοπραγίαν,
805 4299 1395 4379 ἀλλοτριοπραγοῦσαν,
1424 4305 1699 4379 νωχελίας,
1735 4299 1966 4379 μεληγοὲ

404 4371 535 4448 ρεῖν,
566 4371 919 4442 άιρραίνομεν,
952 4371 1282 4493 μνωμένους,
1309 4371 1566 4441 ούδενέσί,
1595 4371 1962 4450 φιλοσοφήσει,

404 4439 611 4493 nltanue
643 4443 919 4493 nonnulla.
981 4459 1013 4493 ιι
1048 4442 1149 4493 hac
1178 4459 1304 4493 vero
1334 4455 1537 4493 nostra-
1572 4445 1956 4493 νῇπιάἷουσαν-

398 4439 611 4518 aliaque
643 4439 919 4518 nonnulla.
955 4439 1013 4495 1ιι
1045 4439 1149 4518 hac
1178 4459 1304 4501 vero
1333 4439 1958 4518 ηοειιενμνηπιάζουσαν,

400 4508 761 4590 ἐγγελῶντες,
812 4510 1290 4590 ἀνθαρπάζονταςη
1335 4515 1433 4590 τὰς
1478 4508 1636 4590 κλεῖς
1670 4508 1958 4590 ἀνοίξωσι,

400 4577 742 4661 ξσκύλευᾰεν,
771 4577 1079 4661 ’τροπᾶξται
1098 4621 1113 4647 ,
1149 4577 1491 4661 περὶπαρείς,
1521 4577 1731 4661 δέλεαρ,
1757 4577 1957 4661 πολεμί

400 4649 593 4730 ἀρχης,
638 4660 692 4704 et
736 4649 916 4720 aliqua
945 4652 1073 4719 alia,
1116 4649 1238 4722 (ιιιαὲ
1274 4649 1400 4709 mox
1445 4649 1500 4708 in
1548 4649 1773 4728 legendo
1801 4649 1958 4729 repe-

396 4735 526 4775 I‘ICS.

467 4789 579 4859 (21)
603 4787 681 4841 Ad
707 4790 1159 4858 conﬁciendum...
1181 4808 1297 4847 cum
1321 4795 1729 4851 adolescentibus
1837 4800 1955 4855 iter.

400 4857 694 4937 Gregorius
732 4857 834 4914 hoc
873 4860 1084 4937 induco
1114 4878 1126 4912 :
1162 4863 1573 4937 συνοδοιπορεῖν.
1603 4867 1657 4920 In
1697 4868 1800 4922 alia
1834 4884 1956 4923 vero

397 4929 672 5010 oratione,
707 4944 829 4999 pag.
995 4949 1007 4985 :
1040 4929 1455 5006 συνοδοιπόρους
1478 4936 1574 5008 ἀμ’
1606 4939 1763 5011 αὐτῇ,
1795 4939 1847 4993 id
1877 4950 1958 4995 est

395 4999 493 5051 via:
524 4994 833 5053 εοεὶοεὶιιίη
863 4999 979 5055 illa.
1320 4994 1331 5006 ’
1424 4994 1439 4999 ⁷
1518 4994 1530 5008 ’
1716 4994 1726 5011 ⁸

470 5068 786 5149 (22)]1ιιῃιί
809 5079 1086 5149 reptantes.
1125 5071 1415 5144 Gregorius
1446 5091 1459 5129 :
1494 5076 1783 5149 ἕρπουσαν.
1810 5078 1954 5133 Idem

396 5136 723 5208 Hetapltrasi
768 5141 822 5195 in
855 5136 1260 5207 Ecclesiastem:
1277 5160 1394 5215 cap.
1433 5161 1451 5199 ι
1491 5136 1680 5201 ε’κατά
1714 5149 1815 5220 γῆν
1861 5149 1955 5221 ἕρ-

394 5225 607 5272 ποντες.

467 5279 581 5359 (25)
621 5278 902 5359 Martyres.
946 5277 1127 5359 Codex
1167 5285 1465 5359 mendose:
1507 5289 1785 5359 μάρτυρας
1817 5289 1957 5343 κατά

396 5347 628 5429 θανάτρυ
670 5348 998 5429 σκιρτῶντας
1036 5350 1240 5429 gigasth
1266 5347 1626 5429 ὲγγέλλοντες.
1655 5347 1723 5411 Αἰ
1748 5347 1794 5413 si
1823 5359 1954 5412 nihil

395 5418 620 5495 librario
671 5418 909 5495 excidit,
940 5418 1417 5495 manifestum'est
1462 5418 1742 5495 legendum
1789 5444 1950 5482 esse:

436 5489 672 5569 άρτυρες
704 5489 844 5543 κατὰ
890 5489 1118 5545 θανάτου
1162 5489 1756 5567 σκιρτῶντεςξξίφεσιν
1795 5500 1953 5567 ἐγγε-

426 5575 613 5622 ωντες.

428 5627 578 5708 ,(24)
614 5627 869 5708 Dispergi.
888 5629 1567 5708 ϐιωιίιῖδιασκορπίζοντες.
1585 5634 1872 5705 Gregorius
1901 5640 1953 5692 in

392 5702 555 5781 citata
587 5702 849 5781 oratione,
879 5703 1155 5781 pagdﬁl:
1177 5702 1557 5781 διασκορπίσαι
1582 5708 1678 5776 τὴν
1696 5702 1954 5781 πατρῴαν

394 5766 604 5835 οὐσίαν,
634 5772 687 5821 ιιι
717 5776 798 5822 est
820 5766 1066 5842 paternas
1100 5766 1380 5843 facultates
1418 5766 1720 5849 dits-siposse.

2074 3196 2185 3251 quo
2211 3192 2365 3234 antea
2399 3179 2594 3234 callide
2633 3189 2812 3247 utens,
2859 3178 3017 3233 facile
3061 3179 3303 3246 decipere
3333 3174 3632 3233 ednsueve-

2074 3282 2175 3327 rat.
2218 3270 2390 3326 [lanio
2433 3272 2599 3335 enim,
2631 3271 2790 3326 utsic
2818 3271 3031 3340 loquar,
3074 3270 3128 3323 in
3164 3267 3427 3324 Deitatem
3458 3269 3630 3340 jacto,

2072 3363 2199 3417 dum
2230 3371 2546 3418 consuetam
2580 3376 2761 3417 escam
2789 3360 3034 3431 deglutit,
3068 3360 3279 3430 capitur
3314 3359 3428 3429 ipse
3459 3360 3633 3414 mani-

2074 3455 2212 3510 festo
2252 3456 2344 3525 qui
2389 3456 2491 3510 sibi
2532 3469 2726 3522 capere
2756 3452 3060 3516 videbatur,
3088 3466 3153 3507 ac
3180 3452 3475 3518 hominem,
3524 3466 3629 3504 non

2071 3545 2239 3601 Deum
2265 3564 2297 3601 a
2329 3562 2387 3600 se
2416 3545 2583 3601 teneri
2614 3543 2726 3616 (50)
2771 3543 3158 3605 arbitrabatur,
3188 3542 3476 3613 Propterea
3502 3541 3632 3597 dra-

2072 3640 2223 3693 conis
2252 3638 2416 3706 capiti
2446 3638 2712 3693 insultant
2746 3648 3030 3710 martyres,
3058 3644 3112 3691 et
3136 3636 3367 3706 quodvis
3391 3642 3632 3689 tormen-

2069 3738 2247 3782 torum
2282 3743 2451 3797 genus
2476 3727 2801 3797 despiciunt.
2833 3727 2909 3783 Ex
2939 3743 3048 3797 quo
3076 3727 3220 3780 enim
3252 3734 3494 3793 tempore
3521 3726 3630 3794 pri-

2069 3835 2217 3873 mum
2246 3818 2514 3873 Adamum
2541 3819 2811 3875 secundus
2840 3834 2908 3874 ex
2938 3816 3130 3873 inferni
3157 3815 3346 3883 fundo,
3369 3825 3629 3883 tanquam

2067 3908 2259 3965 Jonam
2297 3924 2364 3965 ex
2397 3917 2538 3972 ceto,
2560 3909 2766 3974 eduxit,
2792 3924 2857 3964 ac
2880 3909 3057 3973 illum,
3084 3909 3177 3977 qui
3214 3907 3470 3976 deceptus
3500 3906 3627 3960 olim

2067 4002 2263 4067 fuerat,
2287 4002 2410 4057 caeli
2440 4001 2613 4055 civem
2636 4015 2759 4055 eum
2790 4014 2986 4069 magno
3014 3998 3314 4067 deceptoris
3342 3997 3540 4067 probro
3563 4011 3629 4051 ac

2139 4246 2248 4311 (25)
2279 4243 2578 4301 Constricta
2627 4252 2870 4298 tenerent.
2901 4242 3081 4297 Codex
3128 4261 3141 4296 :
3180 4242 3428 4311 σφίξωσι.
3461 4241 3623 4313 Lego,

2069 4315 2351 4386 σφίγξωσι.
2386 4315 2677 4386 Gregorius
2702 4315 2753 4386 in
2783 4330 2844 4386 ea
2870 4328 3033 4383 quam
3066 4313 3469 4386 totics_l_atnlavi
3494 4329 3627 4386 ora-

2066 4381 2233 4451 tione,
2267 4402 2390 4471 pag.
2428 4381 2659 4471 422ηεὶρ
2705 4381 3629 4471 ιοσηιιίιιξιε-ξσυσςξιγξάμενοςιήμᾶς

2127 4499 2141 4512 .
2182 4498 2194 4511 .
2234 4452 2330 4520 τὰς
2342 4452 2519 4526 (buxi;
2544 4454 2696 4526 ἡμῶν
2711 4452 2853 4508 οὕτω
2881 4452 3279 4526 συνδεδεμένας,
3296 4452 3359 4507 id
3386 4463 3469 4507 est
3490 4452 3507 4508 ι
3524 4452 3626 4506 nos

2064 4525 2478 4597 constringens.
2522 4565 2537 4579 .
2580 4525 2593 4577 .
2638 4563 2651 4577 .
2697 4565 2711 4579 .
2752 4525 2955 4578 animas
3004 4535 3211 4578 nostros
3262 4525 3338 4577 ita
3391 4525 3527 4577 inter
3572 4539 3627 4576 se

2061 4598 2469 4667 conglutinatus.

2127 4701 2239 4773 (26)
2266 4700 2534 4755 Claustra.
2559 4700 2741 4755 Codex
2795 4699 3025 4773 κλῇθρα.
3069 4699 3251 4755 Malim
3312 4699 3551 4772 κλεῖθρα.

2127 4792 2239 4865 (27)
2258 4792 2520 4865 βίαιιὶίηιδ
2550 4805 2855 4865 reserarent.
2884 4793 3073 4865 Grazce
3106 4812 3119 4847 ε
3164 4792 3261 4856 τὰς
3302 4792 3448 4865 κλεῖς
3475 4791 3624 4865 ἀνοία-

2058 4862 2372 4930 ξωσι.’ριι;ε
2406 4865 2656 4934 loquendi
2699 4863 2929 4918 formula
2966 4864 3436 4919 animadversione
3461 4862 3622 4932 digna

2057 4942 2159 4988 est.

2127 5025 2240 5093 (28)
2271 5024 2547 5095 Infernum
2591 5026 2974 5080 conculcatnm.
3008 5024 3234 5080 Videtur
3280 5025 3504 5095 librario
3526 5039 3622 5079 ev-

2056 5097 2251 5221 cigisse
2281 5093 2472 5152 vocula
2500 5097 2605 5161 ὅτι,
2642 5112 2706 5151 ac
2736 5096 3021 5167 legendum
3058 5111 3179 5152 esse
3212 5112 3226 5146 :
3254 5096 3335 5148 ὅτι
3361 5093 3493 5165 ᾅδης
3521 5111 3621 5147 πεο

2058 5186 2099 5221 π
2136 5185 2314 5221 τηται.

2058 5185 2314 5238 πατηται.

2124 5270 2236 5354 (29)
2267 5271 2562 5354 Prgaolmis
2587 5271 2852 5354 capitibus
2887 5270 3430 5354 appetenteszgrzece,
3460 5269 3617 5354 κυϐε-

2059 5339 2917 5414 aedweag.Chrysostomus‘torn.
2948 5339 3011 5404 ll,
3047 5356 3168 5414 pag.
3200 5340 3299 5414 7l(_i
3320 5341 3385 5395 de
3415 5349 3607 5414 martyg

2056 5413 2206 5483 ribus
2228 5409 2470 5483 loquens
2512 5414 2588 5483 ait
2620 5429 2635 5464 :
2664 5413 2743 5483 εἰς
2770 5409 3000 5483 λέϐητας
3041 5409 3464 5483 κυϐιστοῦντας·
3514 5409 3619 5483 nisi

2053 5478 2336 5549 legendum
2372 5483 2443 5536 ibi
2479 5482 2573 5541 sit,
2605 5478 2989 5544 κυϐιστῶντας.
3037 5480 3236 5536 Fronto
3272 5481 3499 5537 Duetcus
3532 5481 3617 5535 in-

2055 5559 2383 5619 terpretatur
2416 5570 2429 5606 :
2465 5552 2517 5604 in
2543 5551 2730 5603 lebetes
2762 5550 3030 5618 dejectos;
3059 5554 3150 5607 sed
3174 5552 3344 5608 Graeci
3370 5552 3620 5608 vocabuli

2022 5620 2162 5673 ‘vim
2195 5629 2477 5675 assecutus
2509 5634 2613 5673 nOn
2653 5621 2883 5674 videtur.

2126 5710 2237 5789 (ὅθ)
2275 5713 2311 5765 Α
2342 5732 2400 5789 se
2431 5713 2613 5770 teneri.
2639 5710 2841 5780 Codex,
2871 5718 3152 5789 κρατήσαι.
3194 5716 3274 5771 An
3313 5717 3622 5789 legendum,

2059 5783 2362 5847 κρατῆσαιῖ
2394 5796 2398 5801 ‘
