3988 6200
440 307 582 365 12θῦ

1286 303 1533 361 LEONIS
1572 302 1754 359 ALLA
1769 301 1849 358 l'll
1888 299 2211 357 DIATBIBA
2243 298 2330 353 DE
2367 293 2782 351 THEODORIS.

3526 289 3668 344 i206

438 424 552 497 (Η)
598 422 741 479 risus
763 421 1073 479 effusiorem
1098 424 1145 477 ci
1177 423 1405 486 luctum,
1428 423 1803 476 interminatas
1826 421 2000 490 lacry-
2028 423 2069 478 A
2101 418 2176 472 tio
2206 425 2299 470 aut
2327 425 2572 470 nostrum
2604 412 2882 483 gaudium,
2907 419 3001 465 aut
3032 411 3230 466 diaboli
3260 410 3401 463 valet
3444 410 3670 465 calami-

437 530 579 581 mas,
632 514 1074 569 inconsolabilem
1134 512 1315 569 ﬂetum
1382 528 1445 567 ac
1516 513 1766 567 intimum
1833 511 1998 564 telum

438 606 790 674 comparavit.
820 604 1007 660 Telum
1042 605 1211 660 hocce
1237 605 1290 659 in
1340 604 1580 674 virginea
1635 602 1855 657 fornace
1909 617 2001 670 per

439 696 618 767 ignem
641 698 934 767 imperator
973 697 1084 768 (42)
1116 697 1274 766 quale
1300 697 1486 760 voluit,
1521 705 1573 750 et
1604 695 1875 765 quomodo
1905 707 2000 747 vo-

441 789 560 852 luit,
587 797 775 844 contra
798 789 1075 844 inimicum
1106 787 1407 853 fabricavit,
1438 788 1678 857 illudque
1727 794 1781 841 et
1825 785 2003 840 etlica-

440 883 601 936 citate
630 881 845 936 invictae
871 881 1088 939 deitatis
1109 896 1400 946 exacuens,
1431 888 1486 935 et
1512 880 1669 950 aquis
1704 878 2003 948 incorrupti

440 972 784 1044 baptismatis
817 973 1051 1043 tingens,
1076 981 1129 1028 et
1150 973 1498 1044 passionibus
1518 972 1790 1044 passionis
1815 988 2004 1042 exper—

439 1065 589 1121 tibus
610 1065 929 1120 acumiuans
962 1063 1097 1134 (45),
1128 1074 1182 1119 et
1208 1081 1304 1135 per
1330 1066 1612 1138 mysticam
1645 1064 2003 1121 resurrectio-

390 1141 404 1155 ’
442 1173 567 1213 nem
602 1158 842 1222 vibrans,
872 1156 1161 1213 exitiosum
1198 1158 1443 1223 hostem,
1488 1171 1814 1227 omnemque
1861 1155 2006 1211 illius

445 1251 742 1308 exercitum
772 1251 922 1308 solus
948 1252 1063 1322 ipse
1089 1249 1377 1307 interfecit.
1405 1248 1664 1317 Quanam
1698 1249 1862 1320 igitur
1884 1262 2007 1302 ora-

516 1366 628 1437 (li)
656 1364 897 1437 Effusas.
938 1365 1122 1422 Codex
1165 1365 1329 1421 etiam
1373 1364 1475 1420 hoc
1516 1365 1571 1419 in
1614 1364 1771 1428 loco,
1808 1361 2004 1415 πλατύ.

441 1436 587 1505 Lego
613 1436 834 1500 πλατύς.
1262 1446 1263 1449 ‘

539 1502 628 1576 42)
661 1505 974 1576 Imperator.
1022 1505 1318 1577 Gregorius
1374 1520 1479 1577 pro
1531 1502 1870 1577 πολέμαρχος
1934 1503 2009 1556 ait

445 1574 818 1650 πολεμάρχής,
847 1577 993 1646 quod
1015 1574 1247 1632 fortasse
1272 1574 1485 1650 Domini
1509 1574 1776 1650 maiestati
1792 1589 1997 1650 _conve-

445 1643 814 1704 nient'ius'hoc
846 1643 1074 1711 nomen,
1105 1662 1268 1716 quam
1299 1646 1429 1700 illud
1463 1659 1582 1699 esse
1617 1643 1832 1698 duxerit
1860 1659 1873 1695 :
1902 1658 2008 1712 qua

444 1718 654 1774 ratione
678 1717 980 1790 τετράρχης
1004 1717 1220 1784 dicitur,
1245 1727 1299 1772 et
1323 1717 1620 1788 νομάρχης,
1738 1728 1847 1768 non
1882 1728 2007 1767 vero

458 1872 892 1899 π

2110 518 2269 563 tatem
2306 506 2615 577 exponere?
2660 503 2765 573 Qui
2792 502 2937 557 enim
2972 503 3100 558 olim
3128 511 3246 557 erat
3290 501 3671 571 archangelus,

2108 612 2252 652 nunc
2288 607 2369 652 est
2388 596 2636 652 diabolus
2669 613 2681 647 :
2714 595 2807 665 qui
2829 594 2957 648 olim
2985 593 3039 646 in
3072 595 3224 649 caelis
3254 591 3502 663 degebat,
3532 608 3676 647 nunc

2107 704 2263 758 quas:
2302 688 2494 756 anguis
2526 686 2675 740 humi
2705 690 2924 754 reptans
2951 683 3371 753 spectaturzqui
3399 682 3673 752 quondam

2109 797 2233 837 cum
2263 780 2576 836 cherubinis
2610 776 2936 841 exsultabat,
2968 791 3114 830 nunc
3152 776 3207 828 in
3243 788 3530 842 porcorum
3556 788 3677 826 car-

2110 890 2286 930 cerem
2319 872 2715 928 excruciandus
2757 869 2872 939 (Li)
2896 869 3141 922 inclusus
3181 875 3302 921 est:
3335 881 3495 936 quem
3523 864 3678 920 deni-

2111 982 2216 1037 que
2249 966 2302 1020 in
2348 966 2529 1037 fugam
2576 974 2630 1019 et
2673 979 2774 1019 nos
2818 970 3118 1028 vertemus,
3145 961 3190 1015 si
3234 975 3297 1014 ea
3342 975 3463 1029 quae
3505 959 3679 1028 ipsius

2112 1058 2375 1115 voluntati
2402 1056 2674 1112 contraria
2716 1063 2844 1110 sunt
2889 1054 3189 1124 sapiamus,
3226 1053 3398 1121 gratia
3442 1060 3497 1107 et
3529 1051 3681 1105 beni-

2113 1153 2317 1223 gnitate
2367 1150 2577 1207 Domini
2615 1148 2786 1205 nostri
2833 1146 2960 1202 Jesu
3010 1145 3248 1210 Christi,
3296 1145 3381 1200 cui
3429 1144 3599 1215 gloria
3628 1151 3683 1198 et

2114 1244 2350 1316 potentia
2374 1244 2427 1297 in
2458 1242 2654 1298 saecula
2687 1240 3033 1296 saeculorum.
3064 1236 3256 1292 Amen.

2114 1360 2405 1431 τέτραρχος
2433 1366 2487 1411 ει
2507 1356 2791 1431 riemes-

2186 1421 2299 1500 (λὸ)
2335 1421 2946 1487 Ἀσαηιίηὰηέᾞϋοᾶθχ,
2997 1421 3274 1486 ἀκονίσας.
3324 1421 3501 1491 Lego,
3553 1421 3686 1475 auo--

2114 1503 2298 1641 νήῗιῗὲᾗ
2329 1568 2747 1641 Excruciandus.
2774 1565 2975 1641 Codex,
3000 1562 3334 1641 ρδυνόμενος.
3373 1562 3477 1617 Sed
3507 1562 3684 1632 legere

2116 1632 2289 1711 poles,
2318 1642 2363 1697 si
2396 1640 2565 1707 magis
2597 1640 2827 1711 placeat,
2858 1632 3210 1703 ὀδυνώμενος,
3246 1636 3317 1689 ob
3346 1648 3463 1687 eam
3518 1645 3682 1702 quam

2118 1708 2368 1782 superius
2390 1712 2544 1764 attuli
2570 1708 2854 1763 rationem.

881 1861 3648 1892 =———__——————__-=——__.—=___—-———_____—__————-——===

2323 1885 2724 1895 —.—.—.—.—

1358 2029 1921 2160 LEONIS
2067 2026 2712 2155 ALLATII

581 2259 1155 2352 DIATRIBA
1228 2261 1376 2350 DE
1467 2258 2168 2353 THEODORIS
2239 2260 2392 2350 ET
2457 2256 2884 2351 EORUM
2959 2259 3541 2350 SCRIPTIS.

471 2416 616 2471 Nam.
639 2416 785 2482 LXII,
811 2417 894 2471 ubi
912 2420 989 2472 De
1007 2418 1270 2471 Theodoro
1294 2419 1379 2480 qui
1412 2415 2042 2542 postmodun1.6‘}'ffygriié%:

2123 2415 2499 2537 l'hmgtsrqus
2520 2414 2681 2466 dictus
2712 2416 2791 2463 est
2838 2438 2899 2448 -—
2928 2413 3021 2476 Ap.
3059 2411 3172 2472 Mn,
3215 2408 3509 2464 Bibliotheca
3548 2422 3687 2473 prosa,

2123 2493 2187 2527 )m
2237 2515 2251 2539 ,
2401 2514 2414 2526 .

2033 2637 2104 2652 β

1759 2743 2377 2839 MONITUM.

524 2920 711 2976 Leonis
744 2918 932 2974 Allatii
959 2930 1063 2974 tres
1096 2922 1324 2975 ineditas
1352 2921 1638 2986 diatribas,
1670 2920 1744 2977 De
1775 2920 1998 2989 Nicetis,
2020 2923 2094 2978 De
2111 2920 2454 2983 Philonibus,
2473 2929 2519 2973 et
2545 2919 2617 2974 De
2642 2919 2969 2986 Theodoris,
2999 2936 3187 2990 magno
3218 2918 3478 2972 desiderio
3511 2919 3688 2990 requi-

452 2993 634 3048 rebant
665 2990 862 3044 eruditi
893 2991 1124 3045 homines
1141 2992 1257 3061 jam
1288 2992 1407 3045 inde
1439 3008 1472 3045 a
1497 2991 1691 3046 Labbei
1719 3002 1768 3047 et
1801 2992 2042 3048 Fabricii
2075 2991 2392 3061 temporibus
2418 3006 2436 3054 ;
2467 2991 2563 3043 alii
2595 2993 2754 3044 etiam
2780 3002 3032 3060 tanquam
3070 2988 3369 3059 deperditas
3399 2988 3695 3061 complora-

452 3064 601 3118 bant.
637 3061 896 3131 Equidem
920 3070 970 3115 et
1000 3063 1109 3129 ipse
1129 3058 1232 3115 non
1261 3062 1418 3116 semel
1455 3079 1542 3116 eas
1581 3079 2127 3132 commemoraveram,
2167 3058 2322 3132 atque
2360 3078 2392 3114 a
2437 3077 2516 3114 me
2543 3063 2802 3130 inspectas
2844 3058 2899 3115 in
2929 3058 3162 3132 auctoris
3201 3060 3403 3132 schedia
3446 3058 3696 3114 Vallicel-

448 3134 614 3195 lanis,
641 3130 941 3202 coeptasque
962 3133 1092 3184 adeo
1116 3132 1342 3186 describi
1363 3132 1622 3187 dixeram.
1654 3131 1754 3188 Res
1803 3142 1978 3189 tamen
2011 3130 2246 3202 abrupta
2262 3132 2352 3184 diu
2378 3132 2578 3201 jacuit,
2606 3134 2768 3185 donec
2807 3133 2887 3186 vir
2920 3131 3256 3202 doctissimus
3302 3130 3526 3202 mihique
3559 3133 3696 3202 ami-

449 3199 790 3273 cissimus,_et
819 3199 881 3255 de
903 3199 1179 3273 Catholica
1210 3202 1458 3273 religione
1477 3220 1538 3256 ac
1568 3202 1810 3259 Romana
1844 3203 2079 3259 Ecclesia
2101 3199 2327 3257 maxime
2357 3199 2592 3273 meritus,
2620 3201 2687 3255 P.
2720 3202 3043 3273 Augustinus
3067 3200 3369 3273 Theinerus,
3406 3199 3695 3273 Philippini

452 3270 510 3323 in
543 3272 681 3328 Urbe
708 3271 946 3325 Oratorii
976 3271 1246 3342 presbyter
1293 3270 1355 3326 ac
1404 3273 1831 3328 bibliothecarius
1852 3316 1866 3337 ,
1911 3277 2166 3337 pretiosas
2189 3274 2313 3327 illas
2341 3272 2468 3325 mihi
2498 3273 2714 3326 schedas
2765 3270 2952 3325 A'llatii
2991 3272 3339 3342 divulgandas
3392 3271 3647 3324 concessit
3677 3286 3696 3324 :

452 3360 557 3425 quo
585 3343 763 3425 statim
780 3340 1212 3425 munerelcetus,
1238 3344 1937 3425 sentum‘hodBibliothecw
1963 3362 2091 3400 mea?
2113 3346 2349 3397 volumen
2372 3344 2733 3425 exornandam
2758 3344 2962 3425 putavi.
2986 3340 3120 3396 Sunt
3144 3340 3239 3394 ha:
3261 3342 3509 3421 diatriba:
3537 3357 3696 3394 manu

449 3412 619 3484 ipsius
647 3412 834 3466 Allatii
856 3413 1095 3485 scriptis,
1139 3415 1371 3485 minutis
1398 3414 1684 3468 admodum
1728 3415 1920 3469 litteris
1947 3432 1965 3469 :
2003 3426 2053 3469 et
2085 3430 2384 3485 quanquam
2420 3414 2688 3485 exemplar
2718 3412 2864 3467 aliud
2906 3429 3107 3483 quoque
3138 3430 3169 3465 a
3203 3412 3485 3485 recentiore
3538 3428 3696 3465 manu

451 3482 745 3540 conlectum
796 3482 1017 3555 aderat,
1050 3493 1285 3555 attamen
1319 3483 1510 3555 absque
1532 3485 1853 3555 autographa
1882 3486 2068 3540 Allatii
2097 3482 2187 3539 uia:
2239 3482 2423 3555 bonam
2455 3482 2737 3555 editionem
2782 3482 2996 3552 sperare
3038 3484 3289 3555 licuissc_t_.
3354 3482 3534 3553 Neque
3577 3498 3698 3535 vero

453 3569 733 3623 quisquam
763 3553 1047 3626 existimet,
1070 3553 1180 3607 sine
1208 3551 1458 3626 ullo‘nie'o
1491 3551 1675 3626 labore
1691 3551 1786 3608 hoc
1817 3557 2068 3610 editionis
2091 3571 2307 3626 pensum
2343 3554 2506 3623 fuisse
2534 3551 2833 3608 absolutum
2867 3569 2885 3606 :
2910 3556 3113 3626 etenim
3138 3557 3205 3626 in
3236 3551 3696 3626 Nicetis'pra’serf

459 3622 556 3679 tim
586 3634 740 3693 atque
770 3622 1111 3689 Philonibus,
1135 3624 1381 3692 permulti
1431 3624 1558 3677 mihi
1592 3625 1715 3679 libri
1738 3622 2121 3695 pervolutandi
2151 3625 2398 3694 fuerunt,
2428 3634 2485 3677 ut
2514 3633 2829 3678 memoratas
2865 3624 2928 3678 ab
2975 3625 3179 3677 Atlatio
3216 3625 3580 3685 auctoritates,
3621 3622 3690 3695 ad

450 3694 716 3766 veritatis,
751 3703 936 3766 utpar
962 3705 1099 3766 erat,
1128 3710 1366 3748 normam
1387 3696 1665 3765 exigerem.
1711 3693 1942 3766 Cumque
1971 3693 2203 3751 Allatius
2229 3695 2419 3764 priscis
2449 3694 2601 3747 libris
2636 3710 2763 3766 usus
2784 3696 2990 3762 fuisset,
3024 3695 3185 3766 nulla?
3216 3710 3352 3766 «$pr
3389 3693 3699 3766 typographi

454 3773 549 3816 aut
591 3764 694 3817 loci
732 3763 942 3836 adjecta
966 3765 1349 3836 designatione,
1385 3763 1487 3834 qui
1509 3782 1669 3836 neque
1700 3763 1949 3835 capitulis
1987 3774 2155 3820 essent
2209 3766 2467 3836 distincti,
2496 3781 2654 3834 neque
2684 3764 2806 3817 aliis
2836 3766 3035 3818 critica:
3083 3765 3227 3836 artis
3259 3764 3580 3836 adjumentis
3616 3765 3698 3836 in-

452 3835 664 3906 structi,
695 3833 916 3887 multam
937 3851 998 3889 ea
1029 3833 1108 3890 res
1137 3833 1429 3889 molestiam
1453 3833 1817 3903 mihi—creavit,
1848 3854 1938 3892 nec
1969 3851 2258 3906 paucorum
2306 3833 2611 3887 mendorum
2661 3836 2985 3906 purgationis
3031 3833 3398 3906 necessitatem
3424 3834 3697 3902 imposuit.

456 3903 643 3974 Itaque
685 3918 789 3976 non
838 3906 948 3959 sine
1000 3909 1228 3974 patiente
1264 3922 1412 3960 mora
1449 3907 1568 3959 dedi
1608 3923 1841 3976 operam,
1890 3918 1947 3962 ut
1970 3903 2171 3961 'cilatos
2215 3921 2372 3973 prope
2416 3905 2714 3958 innumeros
2763 3905 3089 3958 ethnicorum
3138 3911 3229 3976 aut
3270 3904 3699 3976 Christianorum

455 3973 621 4049 locas,
663 3976 717 4028 in
751 3975 897 4049 ipsis
920 3973 1150 4049 [quibus
1208 3973 1667 4049 recognoscerem';
1697 3973 1833 4048 quos
1871 3978 2080 4049 quidem
2113 3986 2283 4031 textus
2314 3991 2415 4030 non
2448 3976 2862 4049 raro_d_istortos
2904 3976 2980 4028 vel
3038 3974 3248 4027 mutilos
3294 3973 3379 4049 uel
3425 3975 3697 4049 mendosos

455 3994 620 4041 locos,
663 3994 717 4028 in
760 3994 888 4044 ipsis
920 3994 1150 4045 [anticus
1208 3994 1322 4030 reco
1358 3994 1622 4031 noscerem
1649 3994 1667 4041 ;
1697 3994 1826 4048 quos
1871 3994 2080 4049 quidem
2113 3994 2283 4031 textus
2314 3994 2415 4030 non
2448 3994 2570 4029 raro
2609 3994 2862 4029 aistortos
2904 3994 2978 4028 vet
3038 3994 3248 4027 mutuos
3302 3994 3378 4027 vel
3425 3994 3693 4028 menaosos

454 4060 568 4099 esse
587 4044 916 4113 deprehendi.
946 4045 1014 4100 Et
1042 4047 1189 4117 male
1209 3994 1442 4117 prolgcto
1471 4048 1534 4103 de
1559 4048 1843 4103 lectoribus
1874 4050 2001 4103 meis
2035 4050 2320 4103 meriturus
2339 4062 2506 4110 eram,
2548 4046 2594 4117 si
2634 4047 2768 4117 hanc
2801 4055 3062 4115 perpetua:
3098 4045 3467 4117 recognitionis
3492 4045 3693 4100 seduli-

461 4125 621 4189 tatem
648 4118 1120 4189 praeter-misissem.
1152 4116 1283 4171 Tum
1300 4116 1442 4189 r’vero
1486 4120 1703 4189 contigit
1752 4132 1805 4172 ut
1848 4136 1943 4189 pro
1990 4120 2207 4174 vetustis
2248 4132 2381 4186 swpe
2423 4125 2472 4170 et
2517 4116 2760 4171 obsoletis
2808 4129 3087 4189 auctorum
3131 4116 3484 4189 editionibus,
3536 4132 3699 4189 novas

460 4184 1099 4312 meligesquefaudaﬁem
1132 4188 1461 4260 postAllatii
1509 4184 1720 4243 cura-tas
1755 4184 1990 4255 obitum;
2032 4189 2167 4261 quod
2210 4184 2408 4242 idcirco
2462 4204 2676 4254 moneo,
2728 4204 2790 4242 ne
2832 4187 2947 4256 quis
2993 4188 3129 4256 forte
3165 4185 3546 4257 ἀνιστορησίαν
3592 4187 3696 4239 ali-

460 4269 596 4312 auan
636 4271 665 4309 ο
692 4271 822 4311 mire
846 4273 929 4310 ur.
1022 4273 1097 4312 Al.

455 4269 665 4326 quando
692 4269 929 4311 miretur.
968 4269 1097 4313 MAI.

530 4369 607 4426 De
630 4369 937 4438 Theodoro,
970 4373 1063 4444 qui
1086 4382 1270 4444 postea
1301 4374 1580 4446 Gregorius
1602 4377 1931 4449 appellatus,
1957 4377 2028 4432 ob
2061 4382 2102 4437 B
2130 4377 2273 4431 enim
2306 4390 2543 4447 agerem,
2567 4384 2621 4431 et
2645 4375 2872 4430 illustria
2897 4391 2959 4430 ac
2988 4375 3326 4430 nobilissima
3375 4373 3515 4429 facta
3559 4373 3700 4427 male

462 4463 618 4535 signa
651 4474 811 4534 atque
852 4466 1114 4520 miracula
1156 4466 1538 4539 Thaumaturgi
1574 4469 1677 4524 sibi
1720 4485 2023 4540 cognomen

459 4555 772 4619 vindicavit,
810 4555 1171 4614 Neocaesarea:
1197 4558 1356 4615 Ponti
1400 4561 1691 4632 episcopo,
1736 4563 1865 4633 quid
1911 4563 2026 4633 ipse

457 4658 580 4719 post
614 4648 873 4704 Basilium
908 4650 1157 4721 Magnum
1186 4652 1279 4707 lib.
1324 4653 1395 4708 De
1440 4653 1645 4723 Spiritu
1671 4666 1874 4725 sancto,
1902 4674 2020 4728 cap.

455 4740 548 4807 29,
576 4749 630 4796 et
677 4742 906 4812 epistola
933 4742 1072 4810 204,
1116 4759 1239 4815 quas
1285 4756 1368 4800 est
1418 4747 1484 4802 ad
1526 4744 2023 4804 Neocaesariensem

456 4831 774 4899 Ecclesiam,
806 4834 1101 4893 Eusebium
1130 4838 1519 4895 Caesariensem
1557 4839 1816 4896 Historia:
1856 4842 2024 4896 ecclec

456 4926 610 4982 siast.
642 4926 783 4982 libro
814 4944 887 4993 γι,
911 4944 1031 5000 cap.
1060 4930 1149 4998 30,
1174 4939 1228 4985 et
1251 4931 1400 4997 alibi,
1426 4932 1680 4988 Ruﬁnum
1705 4933 2020 5004 Aquileien-

455 5030 593 5082 sem,
621 5015 1007 5090 Hieronymum
1034 5021 1086 5075 in
1118 5021 1373 5094 Catalogo
1422 5025 1739 5095 scriptorum
1776 5025 2023 5081 ecclesia-

454 5108 739 5176 sticorum,
778 5118 832 5165 et
876 5110 932 5167 in
979 5112 1205 5183 epistola
1242 5114 1308 5168 70
1331 5115 1398 5171 ad
1427 5115 1681 5188 Magnum
1726 5128 2020 5185 oratorem,

456 5198 775 5272 Gregorium
800 5217 996 5274 papam
1022 5204 1115 5261 lib.
1153 5222 1170 5260 ι
1196 5204 1433 5279 Dialog.,
1466 5224 1584 5280 cap.
1614 5209 1664 5276 7,
1689 5209 2021 5280 Cedrenum,

460 5294 707 5361 Suidam,
769 5295 1130 5370 Nicephorum
1184 5303 1466 5361 Callistum
1498 5348 1512 5373 ,
1574 5307 1919 5380 Menologia,
1971 5320 2021 5365 et

459 5385 597 5441 alios
633 5384 745 5459 (ην
788 5389 919 5459 quid
966 5391 1081 5462 ipse
1132 5402 1254 5463 post
1292 5395 1592 5469 Nyssenum
1658 5399 1976 5471 Gregorium
2005 5441 2018 5464 ,

458 5478 554 5547 qui
578 5491 697 5547 ejus
728 5479 892 5535 vitam
936 5491 990 5538 et
1039 5499 1128 5540 res
1177 5495 1356 5557 gestas
1402 5490 1811 5545 accuratissime
1836 5499 1889 5546 et
1938 5491 2020 5545 la-

456 5569 657 5625 cundia
707 5572 969 5643 singulari
1021 5576 1346 5649 descripsit?
1386 5581 1552 5637 Plane
1614 5584 1768 5638 nihil.
1826 5586 2017 5641 Actum

2128 4477 2341 4538 compta
2363 4468 2577 4522 dicendi
2602 4454 2877 4538 loquentia
2906 4469 3279 4523 obscurarem.
3308 4466 3383 4521 De
3408 4467 3527 4537 ejus
3554 4465 3699 4520 nihi-

2127 4565 2366 4620 lomiuus
2400 4565 2619 4635 scriptis
2666 4579 2766 4635 pro
2804 4564 3052 4620 instituto
3078 4578 3200 4619 meo
3230 4563 3433 4635 aliquid
3473 4563 3528 4617 in
3580 4577 3695 4618 me-

2127 4657 2275 4711 dium
2320 4654 2632 4726 proferam;
2676 4672 2818 4726 quae,
2865 4666 2925 4711 ut
2964 4658 3157 4727 potuit,
3192 4658 3354 4713 variis
3399 4673 3430 4713 e
3476 4657 3703 4712 latebris

2128 4745 2334 4812 eduxit,
2357 4755 2411 4801 et
2437 4746 2628 4803 Latine
2658 4764 2837 4814 versa,
2868 4749 3119 4819 notisque
3160 4748 3448 4814 illustrata,
3483 4748 3699 4819 publica

2130 4836 2254 4892 fecit
2282 4838 2489 4908 primus
2515 4838 2787 4894 Gerardus
2817 4839 3044 4896 Vossius
3076 4840 3368 4914 MOguntize
3389 4842 3528 4908 in-i,
3553 4856 3701 4896 anno

2127 4929 2265 4985 1604
2291 4949 2305 4997 ;
2336 4931 2681 5001 postmodum
2715 4947 2860 4987 anno
2896 4932 3053 5000 1622,
3084 4950 3207 4990 cum
3242 4934 3479 4990 Macario
3531 4934 3698 5006 Egy-

2129 5025 2260 5093 ptio,
2305 5033 2359 5079 et
2384 5023 2586 5079 Basilio
2633 5025 2962 5084 Seleucieusi
3004 5030 3147 5085 edita
3194 5039 3322 5085 sunt
3346 5028 3571 5086 Parisiis
3613 5029 3701 5084 in-

2128 5119 2223 5177 fol.

2215 5216 2358 5270 Inter
2398 5214 2542 5271 illius
2590 5232 2752 5288 opera
2788 5217 3016 5272 habetur
3041 5216 3388 5288 Hetaphrasis
3425 5222 3479 5274 in
3520 5217 3701 5275 Eccle-

2132 5316 2367 5376 siustem,
2406 5326 2527 5381 quae
2550 5312 2602 5365 in
2640 5310 2858 5381 Regium
2884 5311 3105 5376 codice,
3148 5311 3341 5368 litteris
3376 5311 3701 5382 capitalibus

2133 5404 2353 5472 scripto,
2404 5413 2463 5457 ut
2505 5391 2695 5458 scribit
2740 5402 2951 5465 Billius,
3005 5412 3058 5457 et
3090 5404 3337 5475 Gregorii
3371 5402 3700 5458 Nazianzeni

2133 5495 2508 5564 antiquitatem
2560 5502 2837 5562 aequante,
2877 5494 3018 5549 inter
3065 5510 3322 5566 germana
3373 5493 3704 5551 Nazianzen't

2133 5601 2298 5655 opera
2324 5596 2661 5651 numeratur,
2684 5587 2827 5656 quod
2855 5588 2991 5641 tanti
3028 5589 3169 5659 apud
3204 5587 3419 5645 Billium
3459 5589 3580 5657 fuit,
3619 5600 3715 5657 ut,.

526 5724 605 5798 (ί)
629 5725 1033 5787 Praemittuntur
1063 5731 1286 5791 editioni
1321 5733 1611 5795 Parisiacm
1654 5749 1892 5797 veterum
1936 5740 2000 5799 dc
2026 5740 2284 5812 Gregorio
2317 5743 2649 5810 testimonia,
2669 5760 2788 5815 qua:
2811 5746 2949 5803 vide.
2984 5747 3186 5803 AsceL.
3216 5745 3346 5803 Mm.
