3988 6200
399 267 535 323 1207

1278 272 1526 329 LEONIS
1563 272 1836 329 ALLATll
1872 273 2019 328 DlA'l
2033 271 2193 329 RIBA
2230 271 2316 327 DE
2354 270 2760 328 THEODORIS.

3479 270 3611 327 1208

330 434 341 438 -
396 402 711 460 quanquam
744 389 1060 445 reclamaret
1088 391 1278 462 stylus,
1308 394 1398 460 qui
1427 407 1533 447 non
1563 410 1952 465 usquequaque
1984 401 2023 454 A
2056 391 2321 447 inoffenso
2363 392 2494 460 pede
2539 406 2635 461 per
2686 388 3099 445 Hellenistarum
3153 403 3418 456 remoras,
3470 391 3610 456 quod

393 478 562 532 refert
606 478 943 534 elaboratum
999 480 1130 535 illud
1203 490 1256 535 et
1312 481 1679 554 ἁπεξεσμένον
1741 484 1950 539 dicendi

392 584 587 639 genus,
616 571 761 641 quod
800 571 1000 640 passim
1043 572 1095 627 in
1130 571 1455 628 Nazianzeni
1498 576 1714 645 scriptis
1754 575 1947 639 elucet,

390 662 758 718 connexiones
780 664 1165 719 sententiarum
1181 666 1458 737 aliquanto
1484 666 1754 735 duriores,
1774 676 1951 723 trans-

390 753 606 823 itusque
631 755 971 825 abruptiores
1003 774 1017 811 :
1045 758 1190 828 quod
1216 758 1263 813 si
1285 760 1530 829 quadam
1560 759 1724 815 verba
1772 774 1947 830 quan-

387 844 564 915 doque
593 845 875 902 intertexta
904 845 1157 916 fuissent,
1188 850 1358 905 multo
1383 851 1596 907 mollior
1620 850 1812 907 fuisset
1836 860 1946 906 tota

387 942 677 990 contextus
715 934 902 1002 facies,
936 937 1227 1009 minusque
1266 938 1451 995 invitae
1485 939 1623 995 inter
1654 955 1712 995 se
1739 941 1947 996 coirent

386 1027 709 1083 sententiae:
743 1028 892 1084 inter
944 1036 1124 1085 tamen
1177 1031 1673 1103 pseudoepigrapha
1712 1029 1943 1086 Nazian-

385 1118 507 1173 zeni
558 1118 700 1175 hanc
745 1119 1176 1177 lueubrationem
1231 1138 1519 1180 numerare
1574 1139 1684 1178 non
1728 1122 1945 1179 dubita-

383 1210 536 1265 verit.
576 1208 675 1265 Dat
719 1222 901 1267 tamen
953 1229 1150 1271 manus
1190 1214 1550 1287 Hieronymo,
1601 1216 1695 1286 qui
1728 1231 1940 1273 omnem

380 1298 731 1358 dubitationis
765 1319 955 1358 ansam
993 1306 1203 1380 eximit,
1237 1317 1399 1378 atque
1431 1308 1579 1362 hunc
1613 1306 1780 1362 fetum
1810 1321 1941 1362 vero

379 1391 589 1460 parenti
619 1394 833 1449 asserit.
865 1393 1109 1466 Namque
1144 1397 1420 1469 explicans
1442 1399 1569 1454 illud
1599 1397 1941 1455 Ecclesiastes

381 1496 502 1553 cap.
536 1498 610 1550 tv,
648 1482 837 1539 Melior
872 1497 950 1541 est
988 1504 1118 1559 puer
1155 1505 1372 1560 pauper,
1406 1507 1471 1545 cx
1511 1489 1753 1560 Gregorii
1781 1490 1937 1546 Ponti

378 1573 641 1643 episcopi,
672 1574 917 1647 Origcnis
959 1578 1246 1643 auditoris,
1279 1581 1608 1651 metaphrasi
1654 1581 1707 1635 in
1753 1580 1937 1637 Eccle-

377 1664 621 1733 siastem,
646 1668 1036 1736 expositionem
1083 1670 1333 1737 assumit,
1365 1671 1626 1726 verbatim
1674 1672 1934 1743 digestam

2059 493 2245 538 nostro
2273 482 2357 538 vel
2391 482 2445 537 in
2489 481 2679 551 primis
2713 480 2883 544 deest,
2926 486 2979 532 et
3023 477 3391 548 signiﬁcanter
3429 476 3609 533 Graece

2054 589 2241 644 sequor
2266 574 2371 629 hoc
2399 573 2637 628 decurrit
2663 590 2676 627 :
2708 571 2782 625 ita
2814 578 2872 625 ut
2900 569 3170 625 lubentius
3194 568 3449 624 nonnulla
3472 584 3607 638 pra:—

2056 666 2318 723 termittat
2381 667 2568 738 ρήσεις
2606 664 2772 726 enim,
2815 661 2960 733 quod
2999 676 3108 716 non
3155 662 3347 733 probo,
3391 661 3607 733 integra:

2053 758 2455 827 desiderantur)
2483 771 2652 828 quam
2687 763 2747 810 ut
2787 769 2897 809 non
2927 761 3248 815 connectat,
3273 765 3397 807 cum
3426 762 3601 808 tamen

2053 851 2180 906 alibi
2216 848 2488 915 nonnihil,
2519 848 2770 919 quamvis
2815 860 3082 917 nusquam
3129 854 3282 900 extra
3334 844 3480 914 leges
3505 860 3601 915 pa-

2054 941 2387 1012 raphraseos
2429 940 2668 995 insistat.
2719 937 2912 993 Veram
2958 936 3274 993 brevitatem
3319 936 3496 1002 enim,
3543 945 3601 992 ut

2045 1035 2157 1104 jam
2194 1031 2329 1097 dixi,
2376 1032 2432 1086 in
2477 1030 2582 1087 hoc
2630 1044 2825 1102 genere
2873 1029 3130 1084 amabant
3169 1037 3398 1093 veteres,
3437 1046 3456 1081 ι
3493 1037 3593 1085 etc.

2049 1123 2224 1194 Hujus
2250 1121 2610 1193 metaphrasis
2656 1130 2766 1177 tres
2804 1120 3036 1191 vulgatae
3074 1130 3202 1177 sunt
3242 1119 3445 1176 Latina:
3481 1120 3595 1176 edi-

2048 1218 2243 1271 tiones.
2281 1214 2463 1270 Prima
2488 1213 2714 1270 Joannis
2745 1211 3166 1284 (Ecolampadii,
3205 1221 3319 1267 tum
3349 1213 3594 1269 monachi

2047 1306 2360 1379 Brigittani,
2409 1307 2548 1362 inter
2603 1304 3128 1376 Orthodoxographa,
3182 1303 3405 1361 Basilca:
3455 1320 3593 1360 anno

2047 1399 2205 1455 1555.
2256 1397 2503 1455 Secunda
2546 1396 2853 1468 Wolfgangi
2891 1395 3120 1452 Musculi
3168 1411 3290 1452 cum
3336 1395 3595 1451 orationi-

2043 1489 2147 1546 bus
2193 1487 2519 1545 Nazianzeni
2571 1505 2603 1544 a
2662 1487 2930 1544 Bilihaldo
2979 1487 3340 1560 Pyrlteymero
3400 1488 3589 1544 versis.

2044 1579 2225 1635 Tertia
2260 1579 2469 1637 Jacobii
2498 1580 2658 1647 Billii,
2686 1578 2873 1635 Sancti
2898 1577 3178 1634 Michaelis
3208 1579 3262 1633 in
3289 1592 3473 1635 eremo
3500 1578 3591 1634 ab-

2041 1670 2202 1740 batis,
2230 1687 2352 1742 qua:
2383 1671 2610 1728 Lutetiae
2644 1670 2843 1743 prodiit
2874 1685 3017 1725 anno
3057 1670 3215 1737 1585,
3252 1680 3307 1725 et
3334 1685 3478 1741 qum,
3513 1670 3590 1725 ul-

377 1757 431 1810 in
462 1756 624 1828 hujus
642 1760 992 1830 metaphrasi,
1025 1776 1144 1831 cap.
1172 1778 1244 1817 iv.
1274 1761 1454 1829 Quare
1474 1764 1608 1818 nulli
1636 1764 1859 1819 dubium
1885 1764 1937 1818 in
1971 1760 2011 1815 Β
2041 1771 2164 1832 pote
2190 1763 2399 1819 fidelior
2423 1771 2477 1819 et
2514 1762 2830 1835 elegantior,
2864 1777 2894 1817 a
2926 1761 3167 1819 Gerardo
3200 1760 3395 1819 Vossio
3435 1772 3591 1818 ante-

375 1858 649 1918 posterum
689 1850 869 1917 fuerit,
904 1868 1091 1908 verum
1134 1854 1280 1910 illius
1320 1865 1597 1911 auctorem
1640 1855 1928 1912 Neocresa-

375 1946 604 1998 riensem
637 1959 756 2000 esse
802 1944 1141 2016 Gregorium.
1171 1945 1326 2013 Quod
1368 1957 1545 2003 autem
1592 1946 1931 2003 Nazianzeno

372 2047 589 2103 quoque
617 2034 849 2104 ascripta
888 2034 1071 2101 fuerit,
1101 2051 1389 2091 commune
1429 2052 1627 2092 nomen
1676 2037 1730 2091 in
1764 2052 1928 2092 causa

374 2121 492 2189 fuit,
520 2124 663 2193 quod
701 2124 1011 2194 frequenter
1036 2126 1091 2180 in
1119 2127 1271 2183 libris
1297 2127 1679 2184 ecclesiasticis
1707 2128 1923 2193 accidit,

369 2222 424 2269 et
464 2212 697 2268 aliorum
738 2215 985 2284 exemplo
1028 2216 1239 2287 probat.
1280 2216 1339 2271 ln
1370 2218 1558 2274 codice
1607 2218 1734 2274 item
1779 2218 1928 2275 Vati-

367 2321 505 2362 cano
525 2306 629 2361 479
652 2307 1034 2376 antiquissimo
1057 2318 1109 2363 et
1140 2310 1355 2379 optimae
1382 2319 1541 2377 notae,
1582 2312 1636 2366 in
1665 2325 1774 2381 quo
1801 2327 1923 2367 cum

367 2398 489 2455 aliis
515 2398 837 2455 Nazianzeni
877 2401 1133 2471 operibus
1164 2401 1277 2457 haec
1321 2417 1540 2473 quoque
1569 2403 1925 2473 metaphrasis

366 2493 542 2549 locum
575 2493 758 2562 habet,
791 2495 844 2549 in
875 2495 1119 2566 margine
1150 2495 1436 2551 scribitur:
1469 2497 1662 2551 ’ἰστέον
1683 2498 1765 2551 ὅτι
1784 2499 1924 2551 κατά

364 2603 513 2651 τινας
562 2586 591 2640 ὁ
625 2585 780 2656 λόγος
817 2578 971 2651 οὗτος
1003 2586 1413 2658 ἀμφιϐάλλεται.
1458 2608 1476 2641 ι
1525 2587 1810 2645 Sciendum
1843 2600 1924 2645 est

366 2681 507 2753 apud
552 2681 844 2736 nonnullos
888 2680 1035 2737 hunc
1078 2681 1277 2737 librum
1327 2681 1383 2737 in
1422 2681 1646 2737 dubium
1703 2682 1857 2737 verti.
1897 2700 1916 2736 ι

365 2770 480 2829 Hoc
504 2773 644 2829 idem
676 2774 838 2828 etiam
866 2774 1060 2845 legitur
1095 2773 1149 2828 in
1190 2775 1297 2830 alio
1328 2789 1427 2830 nec
1473 2775 1652 2830 minus
1686 2783 1917 2841 vetusto,

365 2878 465 2921 nec
491 2866 674 2923 minus
699 2866 945 2937 elegante
986 2866 1173 2922 codice
1205 2864 1363 2921 1446.
1403 2866 1509 2920 Alii
1535 2881 1594 2921 se
1623 2866 1755 2923 satis
1789 2882 1920 2937 pro-

361 2952 521 3009 liasse
569 2966 787 3024 putant,
831 2972 895 3012 ac
941 2956 1245 3013 vindicasse
1281 2955 1721 3027 Thaumaturgo,
1763 2958 1917 3013 testi-

362 3046 549 3103 monio
595 3048 774 3103 llullni
805 3090 819 3109 .
872 3048 1216 3122 Hieronymi.
1273 3047 1485 3108 Suidaa.
1530 3049 1623 3118 qui
1673 3048 1914 3105 scribunt

2035 1856 2141 1911 lata
2162 1856 2383 1927 reliquis
2405 1866 2509 1913 est.

2103 1944 2412 2001 Orationem
2444 1946 2653 2003 tertiam
2703 1946 2757 1999 in
2799 1944 3303 2008 Aununtiationem,
3343 1959 3461 2015 quae
3507 1945 3591 1999 in-

2033 2038 2182 2108 cipit,
2205 2040 2374 2099 Πάλιν
2392 2040 2563 2110 χαρᾶς
2583 2035 2891 2105 εὐαγγέλια,
2918 2035 3022 2091 sub
3048 2033 3295 2105 Gregorii
3319 2034 3591 2090 Thauma-

2033 2128 2175 2199 turgi
2223 2129 2442 2183 nomine
2472 2129 2550 2183 ait
2623 2125 2848 2182 Vossius
2896 2138 2958 2181 se
2999 2125 3273 2183 invenisse
3302 2135 3423 2197 post
3454 2126 3591 2184 alias

2031 2220 2168 2275 duas
2193 2220 2463 2276 orationes
2490 2217 2732 2289 ejusdem
2774 2218 3015 2273 auctoris
3039 2216 3107 2272 de
3134 2218 3320 2273 eadem
3360 2218 3591 2273 Annun-

2031 2311 2257 2367 tiatione
2282 2311 2451 2367 beatae
2476 2309 2656 2365 Maria:
2672 2308 2909 2381 Virginis
2925 2311 2978 2365 in
2996 2309 3380 2380 antiquissimo
3398 2308 3592 2365 Graeco

2028 2403 2301 2459 volumine
2324 2418 2429 2457 ms.
2478 2399 2994 2473 Cryptoferratensis
3037 2400 3408 2465 bibliothecae;
3437 2400 3588 2455 affir-

2029 2505 2265 2565 matque,
2290 2494 2335 2549 si
2366 2502 2617 2549 contenta
2641 2493 2727 2549 hic
2756 2494 3155 2558 examinentur,
3189 2492 3436 2549 eamdem
3459 2507 3587 2548 cum

2027 2584 2454 2658 praecedentibus
2480 2584 2821 2641 orationibus
2836 2585 3143 2641 doctrinam
3172 2583 3395 2646 referre,
3413 2583 3585 2654 phra-

2027 2680 2131 2736 sim
2166 2691 2327 2749 atque
2359 2678 2699 2745 sententiam,
2746 2677 2920 2748 elogia
2959 2675 3119 2746 plane
3160 2674 3380 2737 similia,
3410 2685 3466 2729 et
3493 2689 3586 2730 res

2024 2773 2263 2830 easdem.
2293 2771 2429 2826 Hinc
2455 2787 2513 2827 se
2553 2771 2738 2826 mirari
2780 2771 2927 2826 illam
2963 2769 3066 2825 sub
3109 2767 3329 2824 nomine
3355 2765 3585 2822 Joannis

2023 2863 2399 2936 Chrysostomi
2426 2861 2493 2917 ab
2524 2862 2742 2933 Aloysio
2774 2862 3073 2932 Lipomano
3110 2860 3164 2915 in
3203 2858 3336 2913 Vitis
3366 2867 3583 2912 sancto-

2024 2971 2140 3008 rum
2160 2954 2462 3024 evulgatam
2499 2951 2690 3020 fuisse,
2717 2968 2781 3008 ac
2814 2951 3114 3023 praesertim
3144 2964 3269 3007 cum
3298 2947 3583 3020 interjecta

2024 3047 2111 3103 illa
2141 3047 2529 3119 Cbrysostomo
2570 3047 2789 3118 indigna
2837 3045 3158 3112 assertione,
3198 3061 3306 3116 qua
3354 3044 3579 3115 Josephi

361 3137 824 3210 Thaumaturgum
864 3144 917 3194 tn
952 3113 1334 3210 Ecclesiastem
1371 3113 1755 3209 metaphrasim
1798 3139 1914 3194 edi-
1943 3113 1986 3170 θ
2018 3113 2302 3209 virginitas
2337 3113 2712 3208 impugnatur'
2732 3144 2787 3190 et
2825 3135 3050 3191 tollitur.
3092 3113 3367 3203 Quidquid
3405 3113 3576 3188 sit—de

357 3233 521 3288 disse.
548 3232 616 3287 At
637 3246 798 3301 quam
825 3231 897 3287 sit
924 3247 1149 3301 parvum
1172 3247 1479 3303 vanumque
1504 3233 1607 3289 hoc
1628 3247 1917 3303 argumen-
2013 3229 2279 3295 doctrina,
2309 3244 2430 3300 qua:
2460 3227 2724 3283 catholica
2739 3234 2820 3283 est
2856 3235 2911 3281 et
2938 3226 3059 3282 aliis
3087 3226 3293 3280 sanctis
3320 3223 3576 3280 Patribus

355 3330 490 3385 tum,
545 3320 673 3376 satis
724 3330 944 3383 norunt,
1001 3320 1094 3389 qui
1136 3320 1314 3375 sciunt
1366 3321 1607 3376 diversos
1657 3336 1800 3391 saepe
1852 3336 1918 3375 ac
2012 3320 2172 3389 plane
2209 3318 2547 3385 communis;
2583 3326 2639 3373 et
2663 3317 2730 3373 de
2757 3317 3059 3373 assertione
3096 3316 3209 3382 illa,
3245 3328 3408 3386 quam
3441 3314 3565 3369 Vos-

352 3412 531 3470 varios
582 3413 868 3483 scriptores
894 3414 961 3469 de
988 3413 1173 3469 eadem
1209 3428 1266 3468 re
1320 3414 1508 3469 eodem
1563 3414 1718 3469 titulo
1766 3414 1917 3467 lucu-

351 3504 557 3559 brasse.
602 3502 822 3575 Scripsit
847 3504 902 3559 in
923 3504 1297 3560 Ecclesiastem
1322 3506 1699 3575 metaphrasim
1737 3505 1917 3561 Thau—

351 3604 661 3667 maturgus;
717 3611 878 3651 nemo
927 3596 981 3651 id
1023 3606 1228 3667 negat:
1273 3612 1401 3669 ergo
1449 3598 1564 3652 haec
1608 3598 1915 3667 metaphra-

351 3686 426 3741 sis
474 3687 530 3740 in
574 3686 952 3741 Ecclesiastem
1003 3686 1387 3759 Thaumaturgi
1439 3697 1555 3751 est;
1604 3689 1736 3743 illud
1784 3702 1913 3744 vero

348 3778 689 3849 probandum
714 3788 798 3833 est
824 3779 994 3850 prius,
1020 3780 1226 3834 nullum
1252 3780 1414 3833 alium
1446 3780 1827 3850 metaphrasim
1856 3781 1911 3837 in

350 3864 731 3921 Ecclesiastem
776 3866 1078 3936 scripsisse.
1129 3867 1232 3924 Sed
1263 3868 1387 3940 quis
1426 3868 1478 3924 id
1522 3870 1770 3939 probabit
1799 3887 1903 3927 un-

349 3958 551 4024 quam?
580 3956 644 4011 Et
678 3968 855 4013 tamen
892 3959 1095 4029 aliquid
1138 3961 1193 4014 in
1230 3960 1333 4016 bac
1372 3976 1430 4016 re
1469 3969 1572 4029 est,
1610 3964 1903 4033 scriptores

345 4049 558 4102 tradere
587 4047 1048 4119 Thaumaturgum
1087 4052 1470 4121 metaphrasiim
1532 4052 1586 4106 in
1635 4052 1903 4110 Ecclesia-

343 4148 482 4194 stcm
524 4140 825 4209 scripsisse,
869 4157 993 4197 cum
1039 4142 1218 4198 nullus
1243 4143 1311 4199 de
1337 4142 1698 4211 Nazianzeno,
1743 4146 1899 4216 cujus

343 4229 547 4299 scripta
566 4231 809 4285 omnium
848 4231 955 4288 fere
974 4234 1209 4289 examini
1235 4235 1457 4290 subacta
1489 4244 1639 4303 sunt,
1673 4237 1724 4291 id
1747 4253 1897 4292 assc-

340 4328 446 4375 rat.
479 4318 619 4375 Sunt
650 4322 834 4394 itaque
866 4338 1059 4394 praeter
1081 4326 1317 4393 Billium,
1346 4336 1401 4383 et
1429 4327 1521 4381 alii
1545 4329 1892 4395 recentiores,

2010 3411 2124 3466 sius
2153 3409 2425 3481 indignam
2451 3409 2601 3465 ducit
2624 3408 3027 3481 Chrysostomo,
3058 3416 3110 3462 et
3124 3421 3286 3477 quam
3311 3421 3411 3461 nos
3438 3405 3574 3460 alias

2010 3501 2066 3555 in
2119 3509 2308 3556 nostro
2363 3499 2649 3555 Eustathio
2694 3498 3031 3554 Antiocheno
3088 3498 3559 3567 impugnavimus;

2007 3592 2256 3663 equidem
2287 3591 2432 3663 quod
2455 3591 2521 3646 de
2544 3590 2955 3661 phrasi,elogiis
2984 3599 3035 3644 et
3062 3588 3346 3645 sententiis
3377 3586 3566 3642 iisdem

2008 3684 2195 3747 tradit,
2230 3698 2395 3739 merae
2431 3698 2589 3753 nugae
2622 3691 2768 3737 sunt.
2822 3679 3030 3735 Rudior
3061 3689 3141 3735 est
3174 3678 3566 3747 Tliaumaturgi

2007 3777 2317 3833 indicendo
2350 3790 2611 3831 numerus
2640 3783 2802 3845 atque
2841 3773 3132 3837 austerior,
3168 3781 3222 3827 et
3249 3772 3568 3843 compositio

2005 3869 2365 3939 circumplexa
2398 3884 2463 3923 ac
2495 3867 2607 3923 fere
2641 3867 2838 3932 soluta,
2866 3866 3200 3937 metaphoris
3235 3864 3563 3936 reliquisque

2006 3961 2191 4028 ﬁguris
2217 3958 2474 4014 oratoriis
2501 3958 2669 4024 nuda,
2701 3957 2986 4013 sententia:
3029 3958 3349 4021 severiores,
3381 3958 3562 4013 mode-

2000 4053 2224 4115 stiores,
2247 4051 2617 4105 meditatiorcs
2637 4066 2649 4100 :
2671 4059 2725 4103 at
2746 4050 2798 4101 in
2827 4049 2926 4104 hac
2947 4049 3562 4119 oratione,quemadmo-

1999 4143 2127 4198 dum
2157 4152 2209 4197 et
2233 4143 2287 4197 in
2307 4142 2530 4212 reliquis
2550 4141 2783 4209 duabus,
2810 4150 3001 4197 auctor
3026 4141 3189 4195 veluti
3218 4142 3397 4211 pullus
3426 4144 3558 4198 sub-

1998 4234 2207 4288 sultans
2247 4233 2442 4287 laxatis
2475 4233 2720 4297 habenis,
2771 4232 3045 4288 adscititio
3093 4242 3287 4288 ornatu
3336 4234 3554 4302 nobilis,

1997 4323 2235 4393 undique
2267 4338 2361 4393 per
2391 4338 2614 4393 campos
2652 4338 2948 4380 excurrens
3007 4334 3241 4395 nugatur
3279 4334 3333 4381 ct
3372 4327 3550 4381 ludit:

338 4407 433 4475 qui
466 4407 664 4464 dictam
700 4413 1097 4497 metaphrasim.
1125 4415 1336 4484 parenti
1372 4417 1590 4486 proprio
1641 4419 1891 4486 reddunt,
1925 4449 1968 4504 υ
1997 4416 2152 4485 quasi
2179 4431 2243 4469 ex
2276 4416 2571 4485 improviso
2604 4415 2827 4483 diceret,
2867 4430 2966 4471 sua
3010 4418 3259 4471 enuntiat
3309 4419 3553 4473 homoeo-

336 4499 525 4555 Sixtus
550 4499 805 4559 Senensis
834 4504 887 4557 in
911 4504 1255 4574 Bibliotheca,
1285 4509 1552 4565 Antonius
1566 4509 1893 4568 Possevinns
1929 4499 1955 4504 ⁷
1995 4509 2188 4578 plt'liS.
2216 4519 2269 4563 el
2321 4508 2775 4576 Ιιοιηαξυιοιουιὶε,
2805 4518 2858 4564 el
2887 4509 3145 4564 omnibus
3184 4510 3324 4574 aliis.
3355 4511 3551 4581 quibus

335 4590 391 4645 in
415 4594 709 4662 Apparatu,
744 4596 801 4649 in
848 4594 1095 4666 Gregorio
1145 4596 1484 4654 Nazianzeno
1531 4609 1584 4655 et
1644 4600 1891 4673 Gregorio
1993 4601 2207 4656 dicendi
2237 4618 2409 4673 genus
2456 4604 2862 4675 panegyricum,
2896 4601 3098 4659 Graecis
3145 4603 3435 4660 admodum
3468 4604 3547 4659 fa-

337 4680 755 4785 ?‘ltaq‘maturgo,
791 4696 845 4740 et
893 4687 946 4740 in
981 4687 1234 4745 Biblioth.
1276 4690 1485 4756 selecto,
1536 4692 1631 4748 lib.
1677 4710 1735 4758 ιι,
1767 4711 1887 4765 cap.
1992 4696 2202 4751 miliare
2225 4695 2278 4750 in
2314 4696 2473 4751 rebus
2512 4695 2848 4785 hujusqui,
2885 4706 3071 4752 scatet.
3103 4694 3322 4765 Confer,
3356 4701 3542 4762 lector,

333 4773 436 4840 £5;
467 4773 667 4831 Fronto
694 4775 922 4833 Ducazus
950 4778 1002 4832 in
1046 4781 1186 4835 notis
1214 4781 1279 4836 ad
1310 4784 1551 4838 eamdem
1585 4787 1890 4856 metaphra-
1990 4803 2152 4841 unam
2205 4789 2458 4858 paginam
2516 4773 2832 4861 Gregoriani
2874 4791 3369 4861 prosphonematici
3419 4808 3543 4847 cum

330 4867 456 4932 sim,
490 4866 849 4925 Bellarminus
900 4869 971 4924 De
1014 4873 1354 4941 scriptoribus
1405 4875 1796 4942 ecclesiasticis,
1834 4888 1887 4934 et

328 4961 570 5015 omnium
606 4973 913 5033 postremus
952 4963 1136 5019 Daniel
1185 4964 1439 5023 Heinsius
1467 4969 1519 5023 in
1576 4969 1884 5025 Aristarcho

302 5052 499 5118 isacro,
549 5068 668 5124 cap.
716 5055 803 5110 ll.
849 5074 868 5107 ι
915 5056 1232 5111 Venerabile
1276 5059 1635 5129 antiquitatis,
1683 5062 1880 5131 inquit,

329 5153 736 5198 monumentum
782 5145 1025 5215 Gregorii
1086 5143 1542 5203 Neocaesaricnsis
1592 5150 1649 5203 in
1696 5149 1880 5204 Eccle-

324 5235 535 5287 siastem
566 5245 741 5291 exstat
767 5239 1304 5309 parap/rrasis,quam
1328 5255 1473 5295 nunc
1507 5243 1879 5310 metaphrasim

323 5321 644 5379 inscribunt.
684 5325 846 5382 Multa
882 5329 953 5383 ibi
1004 5338 1252 5405 tcrse‘ac
1300 5329 1467 5399 polite
1517 5319 1874 5401 explicantur,

324 5428 497 5482 neque
543 5415 687 5471 aliud
730 5426 837 5472 tam
874 5420 949 5475 illi
988 5435 1133 5476 curm
1177 5420 1299 5489 fuit,
1342 5436 1506 5490 quam
1554 5423 1700 5492 quod
1745 5439 1875 5494 pro-

1987 4875 2167 4941 dictis,
2202 4886 2255 4930 et
2281 4879 2438 4947 plane
2481 4879 2771 4936 discrimen
2802 4897 3097 4952 agnosces,
3130 4883 3186 4936 ni
3213 4897 3391 4937 caecus
3425 4899 3545 4940 esse

1987 4967 2243 5021 volueris.
2281 4966 2347 5022 Et
2389 4985 2520 5025 sane
2555 4973 2973 5042 prosphonctica
3011 4975 3101 5031 illa
3149 4974 3215 5030 ad
3255 4973 3541 5047 Origenem

1984 5058 2147 5123 dicta,
2177 5075 2298 5113 cum
2331 5070 2641 5116 versaretur
2672 5061 2724 5116 in
2753 5063 3054 5122 laudatorio
3072 5083 3285 5137 genere,
3319 5067 3541 5124 ﬂoribus

1982 5150 2295 5221 hujusmodi
2330 5152 2565 5225 inspergi
2587 5157 2914 5226 quandoque
2945 5159 3234 5228 debuerat;
3259 5162 3327 5216 ad
3349 5161 3534 5230 Orige.

1981 5257 2104 5295 nem
2143 5243 2487 5312 potissimum
2519 5245 2723 5314 habita,
2750 5251 2843 5318 qui
2876 5250 2929 5304 in
2970 5251 3241 5309 similibus
3270 5264 3535 5322 versatus,

1980 5348 2009 5386 a
2046 5333 2263 5397 talibus,
2300 5349 2421 5389 cum
2462 5352 2522 5391 se
2566 5339 2781 5394 oﬂ‘erret
2820 5326 3058 5408 occasio,
3092 5360 3200 5399 non
3251 5345 3532 5401 abstinuit.

1980 5424 2085 5479 Sed
2122 5426 2323 5495 respuit
2363 5427 2478 5482 lucc
2520 5444 2768 5485 severum
2803 5430 3195 5507 Thaumaturgi
3236 5437 3531 5509 ingenium,

320 5503 494 5573 prium
521 5515 603 5561 est
640 5511 1029 5579 paraphrastze,
1064 5522 1123 5565 ut
1152 5513 1206 5566 in
1244 5512 1445 5581 scripto
1477 5512 1873 5571 obscurissimo
1975 5527 2027 5572 et
2059 5518 2228 5573 voluit
2261 5518 2430 5589 magis
2466 5536 2586 5576 esse
2640 5537 2803 5591 quam
2836 5525 3028 5590 videri,
3067 5503 3362 5585 virtutisct
3396 5503 3529 5585 sim;

318 5594 727 5664 connexioncm,
777 5616 871 5656 seu
917 5603 1014 5674 τὴν
1063 5603 1413 5674 ἀλληλουχίαν
1457 5604 1870 5671 demonstraret,

314 5685 457 5754 quod
502 5697 554 5743 et
599 5687 830 5746 feliciter
857 5694 1176 5765 plerumque
1228 5702 1511 5751 assecutus
1546 5706 1646 5752 est.
1686 5697 1870 5768 Itaque

1976 5607 2230 5678 plicitatis
2262 5616 2492 5664 amator.
2519 5608 2685 5679 ldque
2707 5612 2842 5667 adeo
2870 5629 3051 5668 verum
3074 5623 3181 5682 est,
3204 5624 3266 5672 ut
3291 5616 3527 5672 Vincen-

1975 5701 2085 5755 tius
2121 5698 2437 5767 lticcardus,
2461 5700 2544 5756 vir
2561 5702 2723 5761 rebus
2753 5705 2837 5760 bis
2867 5706 3241 5767 examinandis
3272 5708 3527 5766 assiduus
