3988 6200
218 265 245 318 Ι
258 263 377 319 209

1090 261 1337 317 LEONIS
1376 262 1649 318 ALLATII
1713 263 2033 318 DIATRIBA
2072 265 2158 319 DE
2196 265 2601 323 THEODORIS.

3325 278 3459 334 m0

216 387 288 433 et
344 376 649 447 perspicax,
701 375 754 429 in
813 376 1201 431 commentario
1247 378 1314 431 ad
1361 388 1569 433 sext-am
1627 382 1797 436 sancti
1829 386 1873 441 Α
1902 382 2173 437 siensibus
2195 383 2523 440 editionibus
2559 385 2912 442 adornantur.
2939 388 3047 445 Nec
3069 392 3314 449 exhausti
3334 407 3460 454 sunt

217 468 412 526 Procli
464 470 787 534 orationem,
834 470 1201 523 testimonium
1247 487 1312 526 ex
1359 473 1627 539 secunda,
1677 490 1798 544 quae

220 560 424 630 incipit
446 558 699 632 εἘορτὰς
723 559 818 629 μὲν
847 559 1061 624 ἁπάσας
1080 561 1171 613 καὶ
1189 561 1479 633 ὑμνῳδίας,
1502 564 1793 631 adducens,

221 655 531 711 asseruerit
561 670 574 707 :
611 670 630 704 ι
668 651 929 718 Quamvis
967 668 1311 723 summopere
1344 656 1562 721 ambigo
1597 667 1649 710 et
1688 657 1795 711 bse-

222 762 351 809 reo,
390 761 455 800 an
484 761 671 799 revera
690 743 933 813 Gregorii
962 728 1352 818 Tbaumatui‘gi
1388 748 1563 801 sitilla
1596 750 1792 805 oratio.

221 837 408 893 Dictio
436 838 580 891 enim
628 836 743 906 ipsa
791 836 1003 889 videtur
1048 838 1227 906 potius
1276 840 1449 895 sancti
1499 839 1698 907 Procli,
1743 848 1796 895 et

220 928 514 985 sententiae
535 928 587 981 in
612 944 674 983 ea
702 927 945 997 plurimae
970 928 1172 995 insunt,
1207 946 1327 999 quae
1357 933 1632 1001 conceptis
1668 949 1791 987 ver-

220 1020 319 1076 bis
339 1030 465 1075 sunt
493 1021 546 1073 in
574 1021 821 1076 oratione
851 1022 1024 1090 prima
1049 1020 1249 1087 Procli,
1278 1032 1327 1076 et
1359 1022 1641 1078 innume'a
1666 1024 1792 1091 alia,

220 1124 354 1177 quae
384 1108 436 1161 in
469 1108 591 1163 aliis
622 1107 798 1163 Procli
826 1110 1163 1164 orationibus
1192 1109 1568 1175 offenduntur;
1606 1122 1659 1166 et
1686 1111 1794 1167 fre-

219 1216 406 1269 quens
438 1199 571 1253 adeo
601 1199 814 1254 iteratio
856 1202 1005 1256 vocis
1036 1200 1306 1268 θεοτόκου,
1346 1203 1561 1259 videtur
1601 1203 1793 1259 Nesto-

219 1290 373 1342 rium
406 1289 682 1358 impetere.
712 1307 730 1340 ι
766 1288 831 1342 Et
862 1288 1002 1344 infra
1030 1306 1043 1340 :
1083 1308 1101 1340 ‹
1133 1288 1377 1347 Imitatus
1408 1306 1631 1349 sanclus
1661 1292 1793 1348 Pro-

220 1381 351 1435 clus
399 1391 646 1436 sanctum
696 1380 1013 1452 Gregorium
1052 1381 1519 1455 Thaumaturgum
1564 1386 1616 1439 in
1664 1400 1790 1440 ora-

224 1476 380 1527 tione
416 1473 651 1527 secunda
700 1471 766 1526 de
795 1472 1245 1537 Annuntiatione,
1274 1475 1318 1529 si
1355 1476 1516 1531 modo
1556 1476 1675 1546 ejus
1707 1488 1791 1534 est

225 1563 324 1618 illa
354 1564 548 1619 oratio.
591 1583 610 1616 ι
646 1562 756 1622 Nos
780 1566 833 1619 in
859 1566 1087 1635 epistola
1122 1568 1187 1621 ad
1221 1565 1505 1623 Nihusium
1539 1568 1605 1623 de
1639 1569 1791 1623 litur-

220 1657 315 1727 gia
347 1656 518 1711 sancti
566 1654 751 1712 Jacobi
793 1658 1043 1727 apostoli,
1092 1656 1158 1712 de
1204 1658 1353 1713 vocis
1394 1658 1644 1713 οεοτόκου
1686 1676 1788 1714 usu

1897 487 2065 526 sacrae
2099 473 2437 542 antiquitatis
2476 475 2734 542 thesauri,
2761 476 2805 530 si
2830 478 2895 531 de
2920 479 3000 533 eis
3029 489 3240 535 taceant
3270 481 3455 539 Posse.

1896 563 2057 619 vinus
2083 572 2136 617 et
2166 562 2367 619 Sixtus.
2402 564 2791 636 lgnoratplane
2825 566 3046 625 llivetus
3078 573 3191 627 haec
3215 572 3459 645 Gregorii

1896 668 2056 721 opera
2088 654 2179 708 diu
2210 667 2333 709 ante
2358 656 2426 710 ab
2451 658 2638 712 eodem
2666 657 2859 714 Vossio
2882 661 3021 715 notis
3051 662 3312 719 illustrata
3336 681 3461 735 pro-

1896 745 2064 801 diisse
2096 744 2280 802 Grmce
2313 756 2366 802 et
2406 748 2618 815 Latine,
2660 760 2713 804 et
2748 760 2806 805 ut
2848 756 3187 821 postmodum
3211 758 3459 827 Parisiis,

1896 833 2187 905 Moguntina
2225 854 2367 894 anno
2399 839 2557 894 1604.
2597 858 2614 890 ι
2645 840 2746 907 Qui
2789 859 2996 898 merces
3029 845 3169 911 illas,
3196 860 3458 917 quantum

1894 937 2089 997 potest,
2116 931 2479 985 commendat.
2516 951 2535 984 ι
2574 933 2883 987 lllaudabile
2910 942 2990 988 est
3018 936 3224 991 scilicet
3246 939 3457 1008 Riveto,

1894 1021 2093 1093 scripta
2142 1021 2363 1077 Patrum
2396 1026 2797 1090 commendare,
2834 1037 2887 1081 et
2924 1043 3130 1089 merces
3170 1033 3304 1086 adeo
3337 1048 3462 1102 pre-

1896 1116 2062 1170 tiosas
2088 1123 2140 1168 et
2168 1115 2585 1183 pulcherrimas,
2628 1126 2685 1171 nt
2716 1127 2775 1171 ut
2800 1134 2877 1172 cae
2906 1126 3072 1184 sunt,’
3095 1122 3461 1179 ambientibus

1894 1212 2203 1281 propinare.
2239 1209 2617 1276 Commendat,
2653 1223 2919 1281 quantum
2948 1223 3146 1282 potest,
3185 1216 3462 1271 Thauma-

1895 1305 2033 1373 turgi
2059 1305 2279 1373 scripta,
2307 1319 2427 1371 quae
2461 1304 2861 1357 commendavit
2915 1305 3232 1375 antiquitas,
3259 1318 3312 1362 et
3362 1325 3460 1378 po-

1892 1392 2139 1446 sterioris
2155 1392 2251 1446 teri
2272 1392 2857 1457 illustrioresfdoctores
2874 1394 3225 1449 ecclesiastici
3245 1413 3456 1464 omnes;

1892 1492 1946 1537 at
1972 1482 2401 1537 exterminarunt
2440 1483 2701 1562 lueretici,
2746 1485 2888 1553 apud
2934 1500 3071 1555 quos
3112 1489 3273 1541 etiam
3308 1490 3360 1543 in
3395 1506 3457 1545 ea

1892 1576 2247 1631 aestimatione
2282 1574 2463 1643 fuere,
2507 1586 2566 1631 ut
2617 1577 2699 1631 vel
2743 1594 2929 1631 eorum
2976 1579 3094 1634 solo
3145 1582 3456 1636 testimonio

1894 1685 1989 1724 sua
2020 1668 2367 1724 constabilire
2396 1669 2741 1725 crediderint.
2768 1669 2905 1726 llinc
2925 1680 3007 1726 tot
3033 1672 3159 1735 illis,
3184 1675 3342 1729 malis
3369 1691 3459 1729 ar.

218 1726 393 1802 etiam
442 1759 567 1803 ante
611 1746 941 1813 Nestorium,
983 1749 1240 1804 nonnulla
1279 1749 1579 1805 attulimus.
1617 1749 1787 1817 Quid-
1823 1726 1861 1779 Β
1898 1760 2061 1827 tibus,
2094 1776 2325 1825 annexa,
2360 1769 2413 1815 et
2438 1771 2630 1829 prmter
2674 1777 2879 1817 morem
2914 1771 3075 1833 atque
3120 1762 3291 1834 legem
3324 1782 3447 1836 pro.

218 1840 359 1910 quid
407 1848 582 1893 tamen
627 1841 717 1906 sit,
770 1840 981 1894 tertiam
1027 1856 1169 1896 unus
1214 1849 1422 1896 tantum
1470 1842 1635 1897 codex
1680 1858 1785 1897 ms.

216 1935 354 1987 licet
375 1933 791 2002 antiquissimus
816 1932 1222 2004 Tbaumaturgo
1248 1934 1515 2002 attribuit,
1548 1934 1789 2008 atGhry—

218 2033 467 2078 sostomo
502 2033 741 2091 centum,
778 2040 877 2079 nec
910 2025 1091 2079 minus
1139 2026 1382 2096 antiqui;
1427 2027 1654 2097 ideoque
1687 2028 1789 2082 sub

214 2113 595 2185 Chrysostomi
611 2114 826 2169 nomine
840 2123 893 2168 et
909 2114 1161 2186 Augustae
1176 2116 1243 2169 ab
1261 2114 1564 2170 llmscbelio
1583 2116 1784 2184 Graece,

217 2216 274 2259 et
309 2205 379 2259 ab
403 2205 524 2259 aliis
551 2204 693 2259 edita
723 2213 821 2259 est.
857 2204 928 2260 De
959 2206 1301 2260 sermonibus
1326 2206 1379 2260 in
1406 2206 1789 2262 Annuntiatioo

218 2312 351 2350 nem
384 2306 437 2350 et
470 2295 876 2366 Theophaniam
930 2296 1290 2365 Dominicam,
1328 2308 1385 2353 ut
1426 2300 1585 2353 etiam
1622 2301 1687 2355 de
1717 2301 1786 2354 li-

216 2386 368 2442 bello
395 2387 467 2442 De
491 2390 666 2441 anima
701 2389 766 2443 ad
800 2388 1107 2455 Tatianum,
1136 2390 1270 2443 nihil
1303 2392 1445 2445 'certi
1476 2406 1534 2445 se
1581 2391 1782 2447 habere

217 2479 413 2534 scribit
442 2479 798 2536 Bellarminus
834 2499 847 2535 :
883 2500 901 2532 ι
933 2498 1055 2535 cum
1084 2498 1183 2537 nec
1197 2491 1404 2536 veteres
1430 2483 1622 2538 horum
1653 2501 1781 2555 ope-

219 2586 347 2625 rum
386 2571 760 2637 meminerint;
798 2588 972 2642 neque
996 2583 1179 2627 tamen
1201 2574 1448 2628 convinci
1480 2576 1671 2644 possit,
1691 2592 1785 2633 eos

215 2678 344 2717 esse
366 2664 739 2734 supposititios
774 2683 786 2732 ;
820 2684 838 2717 ι
872 2674 924 2718 et
957 2665 1058 2719 hoc
1080 2666 1279 2734 probis
1315 2668 1513 2733 tribus,
1544 2669 1627 2723 vel
1650 2684 1785 2738 qua-

218 2762 350 2807 tuor
383 2756 744 2824 orationibus,
776 2755 1132 2825 conjectando
1169 2758 1351 2827 potius
1387 2776 1551 2828 quam
1593 2761 1782 2816 decer-

219 2847 424 2902 nendo.
448 2846 693 2920 Namque
718 2866 823 2905 non
854 2850 1057 2905 absone
1086 2852 1209 2920 quis
1235 2852 1456 2919 dixerit,
1491 2868 1781 2923 argumen—

219 2947 339 2993 tum
368 2953 434 2992 ex
455 2939 791 3004 charactere,
826 2949 880 2994 et
918 2940 1218 2995 dictionum
1260 2941 1505 2998 formulis
1566 2944 1784 2998 desum-

1896 1852 2088 1906 bornm
2125 1854 2404 1907 hominum
2460 1854 2745 1908 immutata
2784 1871 2796 1906 :
2831 1855 3085 1925 pleraque
3122 1857 3287 1910 etiam
3330 1873 3458 1912 ora-

1895 1947 2071 2001 tiones
2102 1954 2264 2017 atque
2297 1947 2560 2017 opuscula
2584 1963 2650 2003 ex
2682 1965 2823 2019 penu
2856 1950 3349 2006 luereticorumillis
3366 1966 3458 2018 ap-

1894 2038 2056 2108 picta.
2091 2037 2263 2093 Tanta
2312 2049 2431 2095 erat
2475 2042 2528 2095 in
2576 2041 2740 2095 unius
2786 2042 3012 2113 hujusce
3053 2046 3460 2101 commentariis

1894 2130 2215 2185 auctoritas!
2248 2130 2663 2187 Commendavit
2692 2133 2873 2204 itaque
2903 2132 3154 2202 Vossius,
3189 2152 3309 2205 quae
3335 2145 3459 2190 ante

1894 2236 2018 2275 eum
2049 2229 2127 2275 tot
2151 2223 2550 2292 exscriptorum
2582 2225 2779 2279 calami
2832 2226 2974 2281 inter
3002 2227 3106 2281 alia
3143 2237 3456 2283 sanctorum

1893 2310 2114 2367 Patrum
2148 2312 2349 2385 scripta
2379 2316 2578 2385 scripto
2608 2318 3139 2373 commendaverant.
3166 2319 3458 2374 Commen-

1891 2405 2020 2459 dant
2076 2406 2292 2462 codices
2348 2408 2739 2478 antiquissimi,
2796 2418 2846 2464 et
2889 2412 3105 2479 Optimae
3151 2420 3312 2478 noue,
3364 2413 3456 2481 qni

1892 2496 2070 2552 dictas
2119 2496 2364 2569 Gregorii
2400 2502 2677 2556 orationes
2709 2502 2931 2570 praeﬁxo
2962 2502 3181 2557 nomine
3211 2502 3456 2575 Gregorii

1889 2586 2165 2640 exhibent.

1964 2696 1982 2727 ι
2018 2675 2216 2732 Dubias
2245 2692 2365 2731 esse
2396 2678 2587 2747 probat
2614 2676 2928 2734 Perkinsius
2959 2693 3023 2733 ex
3042 2694 3128 2743 eo,
3158 2679 3303 2749 quod
3322 2678 3457 2735 Vitae

1890 2776 2224 2831 sanctorum,
2264 2766 2389 2821 item
2415 2776 2469 2821 et
2496 2768 2683 2838 hymni
2717 2783 2906 2822 eorum
2943 2767 3094 2823 festis
3125 2770 3442 2823 convenien-

1890 2866 1990 2919 tes,
2023 2857 2261 2925 primum
2294 2872 2324 2910 a
2356 2856 2555 2912 Carolo
2588 2857 2784 2928 Magno
2810 2859 3092 2913 constituti
3124 2870 3276 2925 sunt,
3307 2861 3455 2914 circa

1889 2962 2091 3002 annum
2172 2948 2275 3004 807
2334 2948 2555 3020 (Paulus
2617 2950 2872 3006 A‘Zinilius
2927 2952 3021 3006 lib.
3078 2968 3113 3006 ιι
3172 2951 3245 3006 οε
3294 2953 3453 3022 gesti:

217 3040 396 3101 ptum,
454 3031 569 3086 leve
630 3031 921 3087 admodum
968 3047 1089 3089 esse
1129 3052 1141 3088 :
1193 3033 1561 3089 atl‘ectionibus
1587 3034 1783 3105 saepius
1813 3079 1854 3136 ο
1895 3036 2242 3105 Francorum,
2280 3037 2593 3110 Sigebertus
2624 3042 2936 3109 item,2nno
2956 3042 3082 3115 807)
3131 3044 3456 3115 multispost

215 3123 387 3176 animi
422 3122 691 3178 calamum
727 3124 811 3195 agi
858 3125 1112 3195 regique;
1162 3135 1317 3180 aetate
1358 3127 1520 3181 etiam
1577 3128 1779 3181 immu-

216 3214 347 3269 tari.
398 3212 535 3270 Hinc
568 3231 675 3269 non
710 3231 831 3271 esse
882 3232 1107 3273 necesse
1160 3218 1344 3272 omnia
1389 3217 1781 3290 Thaumaturgi

214 3306 419 3375 scripta
451 3307 640 3361 eodem
676 3322 889 3377 semper
921 3317 1083 3379 atque
1112 3324 1221 3363 uno
1251 3318 1438 3364 tenore
1470 3311 1676 3381 peragi.

286 3394 391 3450 Sed
418 3396 645 3451 Andreae
682 3396 853 3452 Riveti
886 3398 961 3471 (2)
998 3401 1052 3452 in
1099 3400 1288 3454 Critici
1336 3402 1478 3454 sacri
1539 3402 1679 3456 libro
1719 3418 1778 3468 ιι,

213 3504 338 3557 cap.
388 3488 471 3553 16,
515 3490 581 3543 de
629 3489 715 3544 bis
762 3492 1100 3545 orationibus
1152 3492 1294 3547 dicta
1345 3493 1777 3549 consideremus.

218 3600 236 3631 ι
279 3581 425 3635 Guil.
460 3581 776 3636 Perkinsius
805 3582 1054 3637 meminit
1085 3584 1431 3639 homiliarum
1467 3586 1532 3639 de
1556 3586 1780 3639 Annun-

213 3675 463 3737 tiatione,
492 3683 620 3738 etc.,
658 3676 785 3730 huic
829 3674 1089 3745 Gregorio
1118 3678 1499 3747 ascriptarum,
1534 3694 1670 3747 quas
1702 3677 1781 3732 vi-

212 3764 342 3819 dere
373 3766 504 3818 m‘ibi
556 3782 662 3819 non
709 3767 1011 3836 contigerat
1046 3778 1159 3822 tum
1196 3786 1318 3824 cum
1379 3770 1615 3839 primum
1666 3769 1780 3824 huic

215 3859 447 3929 scripsi;
488 3876 663 3929 neque
696 3876 773 3915 eae
802 3878 835 3915 a
865 3861 1161 3917 Possevino
1204 3864 1255 3917 in
1298 3864 1592 3933 Apparatu,
1624 3873 1717 3917 aut
1749 3878 1777 3934 ξι

217 3950 375 4005 Sixto
421 3963 815 4005 memorantur.
876 3972 893 4006 ι
932 3953 1234 4023 Antequam
1296 3969 1516 4007 causam
1568 3953 1777 4022 perspi-

213 4045 346 4109 ciat,
380 4045 703 4098 sententiam
734 4044 856 4100 fert.
896 4045 1042 4110 Esto,
1075 4062 1182 4100 non
1206 4046 1339 4100 vidit
1372 4045 1613 4109 Rivetus,
1651 4062 1777 4101 eum

215 4136 497 4190 scriberet.
547 4135 684 4202 Quid
740 4153 869 4208 ergo
925 4138 1047 4192 inde
1097 4139 1381 4207 sequitur?
1415 4138 1506 4193 Vel
1555 4136 1779 4192 Rivetus

214 4230 543 4284 temerarius
593 4240 695 4291 est,
741 4231 826 4285 vel
875 4247 1064 4301 parum
1110 4233 1362 4302 diligens.
1414 4231 1485 4287 De
1534 4232 1777 4299 Gregorii

214 4319 435 4388 scriptis
460 4335 643 4389 agens,
671 4328 729 4373 ut
755 4336 878 4374 vera
897 4323 1221 4387 enuntiaret,
1249 4324 1435 4377 sedulo
1458 4324 1777 4393 inquirenda

1890 3126 2355 3199 Thaumaturgum
2410 3131 2642 3186 saeculis.
2695 3150 2714 3183 ι
2762 3132 3106 3188 Perkinsium
3166 3134 3283 3204 ipse
3341 3149 3453 3189 non

1884 3220 2013 3275 vidi.
2045 3219 2223 3276 Credo
2258 3230 2439 3277 tamen
2477 3221 2727 3277 Rivetum
2776 3222 3047 3279 Perkinsii
3079 3226 3245 3280 verba
3275 3242 3451 3296 neque

1882 3309 2189 3379 invertisse,
2212 3328 2387 3381 neque
2410 3313 2711 3378 mutilasse,
2746 3313 2835 3368 sed
2862 3314 3094 3382 ingenue
3112 3328 3450 3368 numerasse.

1884 3401 2199 3469 Videamus,
2241 3412 2298 3457 ut
2329 3403 2432 3457 sibi
2468 3413 2676 3459 constet
2705 3403 2973 3459 Perkinsii
3009 3404 3181 3470 ratio;
3207 3420 3443 3474 namque

1882 3492 1927 3547 si
1958 3508 2019 3547 ea
2052 3494 2327 3557 ceciderit,
2372 3495 2528 3548 cadet
2570 3496 2731 3548 etiam
2768 3495 3033 3548 sententia
3077 3493 3369 3561 Perkinsii,
3400 3505 3453 3551 et

1881 3586 2151 3639 orationes
2182 3584 2467 3653 prazdictas
2497 3585 2691 3639 dubias
2712 3600 2853 3639 esse.
2874 3584 3010 3639 Cum
3043 3586 3158 3641 ista:
3176 3588 3454 3642 orationes

1883 3676 2035 3731 factae
2061 3683 2401 3737 asseruntur,
2419 3683 2531 3727 tum
2560 3690 2735 3744 neque
2758 3674 2893 3729 Viue
2920 3686 3253 3741 sanctorum,
3279 3692 3453 3745 neque

1883 3768 2068 3837 hymni
2095 3781 2285 3820 eorum
2320 3764 2470 3819 festis
2502 3766 2885 3821 convenientes
2912 3767 2962 3818 in
2993 3764 3230 3821 Ecclesia
3259 3776 3445 3820 erant:

1881 3871 2006 3909 nam
2046 3857 2255 3926 primus
2279 3856 2510 3910 Carolus
2536 3860 2705 3909 multa
2739 3865 2861 3925 post
2892 3856 3089 3910 saccula
3120 3856 3401 3909 constituit
3430 3870 3445 3907 :

1880 3965 2009 4019 ergo
2038 3949 2193 4003 dicta:
2210 3949 2508 4011 orationes,
2540 3948 2691 4003 festis
2719 3948 2912 4002 diebus
2945 3956 2998 4001 ct
3017 3947 3450 4002 solemnitatibus

1882 4052 2195 4095 sanctorum
2241 4040 2645 4106 convenientes,
2699 4055 2807 4094 non
2857 4047 3151 4108 potuerunt
3207 4040 3369 4092 scribi
3418 4056 3449 4093 a

1882 4132 2139 4202 Gregorio
2169 4131 2595 4201 Thaumaturgo,
2626 4132 2719 4201 qui
2754 4131 2922 4184 multo
2944 4129 3198 4184 Carolum
3218 4146 3451 4197 praeces-

1881 4232 2044 4279 serat.
2092 4224 2289 4279 Probat
2340 4233 2678 4294 assumptum
2735 4223 3056 4276 auctoritate
3105 4220 3347 4287 ΑΞιηὶΙὶί,
3396 4229 3450 4275 et

1885 4318 2167 4390 Sigeberti.
2199 4317 2335 4372 Tum
2361 4319 2474 4388 ipse
2500 4317 2672 4372 infero
2698 4337 2709 4372 :
2746 4319 2812 4371 At
2849 4317 3046 4371 falsum
3077 4327 3178 4381 est,
3214 4317 3449 4387 primum

210 4420 372 4463 erant
394 4409 564 4478 ipsius
601 4407 844 4478 Gregorii
875 4411 1094 4480 scripta,
1124 4411 1443 4465 consulendi
1480 4410 1660 4475 amici,
1694 4413 1774 4464 in-
1808 4418 1850 4470 D
1879 4411 2131 4466 Carolum
2175 4412 2227 4465 id
2260 4412 2585 4474 instituisse,
2615 4410 2881 4480 quidquid
2916 4409 3170 4463 AZmilius
3203 4420 3255 4465 et
3290 4409 3447 4481 Sige-

210 4504 363 4557 dices
390 4503 693 4568 evolvendi,
731 4511 976 4557 auctores
1008 4503 1109 4572 ipsi
1144 4504 1535 4574 conquirendi;
1570 4515 1627 4559 ut
1651 4506 1776 4558 dili-

210 4595 395 4667 gentia
429 4612 534 4648 non
563 4596 723 4661 desit,
758 4612 853 4651 nec
884 4605 1082 4651 temere
1110 4598 1175 4651 de
1222 4599 1288 4653 iis
1348 4615 1467 4667 qua:
1500 4616 1606 4652 non
1643 4600 1780 4653 vidi-

208 4703 335 4742 mus
394 4688 824 4756 pronuntiemus.
865 4706 884 4739 ι
920 4688 1103 4758 Neque
1135 4705 1163 4742 a
1197 4688 1494 4744 Possevino
1519 4692 1570 4743 in
1600 4693 1776 4760 Appa-

208 4796 359 4847 ratu,
394 4799 569 4852 neque
595 4800 623 4837 a
659 4783 812 4837 Sixto
850 4794 1240 4839 memorantur.
1282 4802 1300 4835 ι
1338 4784 1533 4840 Demus
1588 4785 1779 4841 lliveto

209 4890 321 4928 non
352 4875 791 4928 commemorari.
822 4873 962 4945 Ergo
993 4890 1099 4928 non
1138 4875 1297 4929 sunt?
1318 4872 1521 4929 Stolida
1555 4876 1652 4930 ista
1688 4894 1774 4930 ar-

208 4966 549 5035 gumentatio
583 4975 686 5019 est.
716 4965 884 5032 Quasi
919 4981 1047 5021 vero
1079 4982 1200 5034 qua:
1246 4982 1349 5021 non
1377 4982 1773 5023 commemora-

207 5057 390 5111 verint
421 5058 620 5126 scripta
652 5056 978 5113 Possevinus
1003 5067 1055 5112 et
1084 5058 1289 5122 Sixtus,
1320 5075 1587 5128 nusquam
1621 5062 1772 5129 alibi,

207 5159 306 5203 aut
337 5150 482 5202 nulla
512 5150 638 5204 sint.
674 5167 693 5201 ι
732 5149 836 5204 Sed
862 5160 1047 5220 postea
1076 5150 1231 5205 editae
1268 5150 1485 5205 fuerunt
1512 5152 1694 5208 Graece
1724 5164 1777 5209 et

209 5242 405 5297 Latine
458 5242 685 5298 Parisiis
731 5259 855 5299 cum
907 5245 1050 5299 notis
1081 5243 1259 5300 Vossii
1294 5244 1649 5315 Tungrensis,
1681 5248 1775 5317 qui

210 5349 427 5389 merces
478 5335 596 5389 illas
644 5347 909 5409 quantum
958 5346 1134 5405 potest
1179 5339 1542 5392 commendat.
1583 5358 1602 5390 ι
1638 5338 1777 5394 Bene

208 5432 314 5478 est.
334 5422 477 5493 Ergo
498 5433 623 5477 sunt
653 5426 756 5478 alia
783 5426 998 5479 tandem
1032 5426 1230 5495 scripta
1257 5425 1477 5480 Patrum
1504 5444 1610 5483 non
1632 5444 1778 5483 com-

212 5527 518 5572 memorata
546 5535 577 5571 a
602 5516 904 5573 ‘Possevino
934 5527 989 5573 et
1013 5516 1186 5582 Sixto,
1220 5521 1440 5589 quando
1472 5521 1585 5591 jam
1625 5521 1778 5577 Pari-

1882 4506 2067 4560 bertus
2088 4506 2390 4579 crocitent;
2420 4520 2550 4575 ergo
2587 4504 2784 4558 falsum
2810 4519 3025 4571 quoque
3054 4503 3159 4557 erit
3192 4504 3288 4557 has
3332 4518 3447 4556 ora-

1882 4597 2055 4651 tiones
2102 4586 2295 4651 dubias
2338 4612 2476 4651 esse.
2530 4595 2642 4649 lino
2690 4604 2866 4650 certas
2913 4603 3073 4664 atque
3121 4595 3447 4650 indubitatas

1880 4704 2001 4743 esse
2030 4689 2314 4753 evincitur,
2346 4704 2469 4742 cum
2494 4698 2639 4741 certe
2670 4698 2831 4756 atque
2870 4687 3169 4741 indubitate
3222 4687 3446 4741 demon-

1884 4790 2111 4847 stretur,
2147 4791 2273 4835 ante
2300 4780 2557 4835 Garolum
2602 4782 2871 4835 orationes
2915 4793 2968 4835 et
3003 4782 3234 4854 hymnos
3268 4784 3320 4836 in
3352 4798 3445 4836 so-

1882 4875 2250 4930 lemnitatibus
2290 4885 2625 4938 sanctorum,
2666 4882 2719 4928 et
2765 4874 2833 4927 ab
2875 4876 2993 4943 ipso
3025 4875 3299 4929 nascentis
3336 4874 3441 4929 Ec-

1881 4967 2056 5022 clesia:
2100 4964 2326 5020 exordio
2372 4965 2426 5017 in
2471 4963 2709 5019 Ecclesia
2774 4967 3085 5034 frequentes
3136 4964 3321 5018 fuisse.
3379 4964 3444 5019 Et

1879 5059 2093 5115 Judaeos
2124 5059 2271 5128 ipsos
2309 5074 2375 5113 ex
2418 5066 2600 5112 vetere
2633 5056 2853 5113 Patrum
2890 5060 3231 5115 institutione
3272 5059 3444 5128 legiti-

1882 5154 1986 5207 mis
2016 5153 2405 5223 praeﬁnitisque
2445 5152 2638 5207 diebus
2672 5168 2737 5205 ex
2776 5154 2890 5222 lege
2936 5162 2989 5206 et
3037 5151 3311 5221 prophetis
3364 5152 3442 5205 le-

1878 5249 2084 5304 ctiones
2119 5249 2345 5303 recitare
2397 5249 2761 5311 consuevisse,
2794 5247 2953 5301 tradit
3011 5245 3249 5300 Isidorus
3296 5244 3389 5299 lib.
3425 5261 3442 5299 ι

1879 5338 1956 5393 De
1975 5340 2338 5394 ecclesiasticis
2378 5339 2546 5408 ofﬂa,
2579 5354 2696 5407 cap.
2738 5338 2823 5401 10,
2854 5336 3152 5405 probatque
3182 5334 3444 5389 Rabanus

1878 5429 2096 5485 Maurus
2125 5431 2219 5485 lib.
2282 5448 2320 5484 ιι
2361 5431 2435 5485 De
2479 5432 2706 5483 institut.
2751 5430 2950 5492 cleric.,
2981 5444 3099 5497 cap.
3144 5428 3195 5481 5.
3230 5426 3443 5481 Lectio-

1880 5538 2011 5576 num
2047 5522 2293 5575 meminit
2331 5521 2591 5593 Origenes
2634 5529 2816 5572 conlra
2849 5517 3059 5573 Celsum
3106 5520 3198 5574 lib.
3228 5535 3314 5585 ιιι,
3348 5518 3440 5573 5οἒ

285 5626 361 5695 (2)
388 5628 655 5711 Andream
682 5628 1156 5711 .Rivetummonntra
1182 5650 1340 5711 quem
1363 5635 1452 5689 diu
1480 5647 1816 5711 pugnaturus
1866 5650 1949 5700 est
1970 5639 2220 5708 Allatius,
2254 5640 2474 5697 doctum
2542 5638 2841 5707 hominem,
2876 5639 2970 5696 sed
3009 5640 3239 5711 rigidum
3291 5654 3441 5695 acer-

215 5696 457 5769 bamque
482 5696 695 5755 Calvini
724 5696 983 5757 asseclam
1018 5696 1211 5773 fuisse,
1239 5706 1458 5761 scimus.
1481 5696 1662 5762 ἈΪΜ.

2508 5818 2723 5919 Γ
