3938 6282
577 315 704 369 1211

1454 319 1702 378 LEONIS
1741 323 1969 378 ALATII
2010 324 2333 378 DIATRIBA
2372 326 2457 380 DE
2495 327 2904 384 TllEODORIS.

3650 321 3795 376 ιειε

573 434 716 505 Ὅρα
744 433 807 504 δὴ
835 434 926 487 καὶ
954 435 1010 487 έν
1036 437 1236 500 τούτοις
1263 437 1382 490 τίνα
1396 439 1595 509 τρόπον
1616 442 1763 510 ἡμᾶς
1796 444 2095 510 συκοφαντε

2196 443 2443 501 tCanone
2484 447 2735 514 paschali,
2767 447 2851 500 ubi
2888 445 3140 500 lectiones
3162 444 3472 512 huiusmodi
3500 445 3556 498 in
3587 446 3787 501 cellulis

571 524 830 595 ἐξομοιῶν
859 527 972 588 τοῖς
997 529 1054 579 ὲν
1082 531 1200 591 ταῖς
1225 529 1448 601 ἀγοραῖς
1467 531 1536 584 τὰ
1567 533 1981 604 ἀποῤῥητότατα
2011 536 2132 586 ὲπι-

565 615 934 686 δεικνυμένοις
965 617 1056 670 καὶ
1097 619 1401 690 ἀγείρουσι·
1451 624 1584 674 ποῖα
1623 622 1680 674 δὲ
1717 622 2131 694 ἀπορρητότατα

565 706 1002 777 ἐπιδεικνύμεθα,
1029 708 1061 779 ἢ
1089 709 1139 762 τί
1167 710 1374 774 τούτοις
1390 713 1765 784 παραπλήσιον
1791 713 2126 784 πράττομεν;

563 801 614 852 οἱ
659 801 753 854 καὶ
784 801 850 854 δι’
877 802 1319 871 ἀναγνωσμάτων
1339 843 1352 869 ,
1408 805 1500 858 καὶ
1530 803 1616 857 διά
1643 804 1748 858 τῶν
1777 807 1856 868 εἰς
1887 806 1953 859 τά
1991 807 2128 860 αὑτά

561 891 861 964 διηγήσεων
899 894 1298 964 προτρέποντες
1341 896 1438 966 μὲν
1479 897 1570 949 ἐπὶ
1603 897 1698 969 τὴν
1738 900 1817 961 εἰς
1857 898 1948 952 τὸν
1995 897 2126 951 Θεὸν

560 983 666 1036 τῶν
687 983 822 1037 ὅλων
843 984 1141 1052 εὐσέϐειαν,
1161 987 1253 1041 καὶ
1274 987 1368 1050 τάς
1386 987 1701 1058 συνθρόνους
1713 988 1884 1062 ταύτῃ
1903 988 2120 1059 ἀρετάς.

565 1093 585 1126 ι
625 1073 758 1130 Vide
788 1077 1062 1146 quomodo
1097 1078 1147 1132 in
1173 1079 1255 1134 his
1278 1093 1495 1148 quoque
1519 1079 1698 1134 verbis
1723 1080 1996 1134 calumnia
2020 1095 2119 1134 nos

558 1169 775 1235 alliciat,
809 1186 948 1240 quos
982 1187 1107 1226 cum
1139 1151 1575 1238 circulatoribus,
1601 1173 1774 1242 turpia
1803 1182 1858 1227 et
1886 1171 2118 1228 nefanda

556 1261 610 1316 in
634 1261 752 1317 foro
775 1255 1204 1332 prOponentibus
1225 1273 1525 1334 comparat.
1559 1264 1696 1332 Quae
1725 1281 1854 1320 vero
1881 1266 2114 1322 nefanda

556 1355 951 1424 proponimus?
972 1364 1067 1408 aut
1098 1355 1228 1424 quid
1260 1355 1513 1420 facimus,
1531 1357 1676 1426 quod
1705 1357 1773 1412 ad
1807 1357 2116 1427 hujusmodi

554 1447 835 1499 hominum
869 1447 1263 1516 impudentiam
1292 1448 1513 1503 accedat
1538 1449 1561 1500 ?
1592 1464 1722 1516 nos,
1750 1450 1994 1519 inquam,
2023 1450 2114 1519 qui

552 1547 649 1601 per
677 1532 957 1600 lectiones,
984 1544 1037 1589 et
1065 1551 1161 1605 per
1185 1551 1371 1590 earum
1411 1537 1904 1606 interpretationes,
1939 1540 2115 1595 homi-

553 1637 648 1677 nes
689 1623 755 1676 ad
782 1625 1035 1694 pietatem
1063 1641 1190 1696 erga
1223 1627 1467 1682 omnium
1503 1645 1685 1684 rerum
1720 1630 1911 1696 Deum,
1940 1633 2111 1687 virtu--

549 1724 739 1785 tesque
775 1733 896 1789 quae
928 1719 1143 1774 easdem
1168 1731 1330 1790 atque
1358 1723 1530 1791 pietas
1572 1723 1725 1778 sedes
1747 1723 1966 1786 habent,
1986 1724 2113 1779 hor-

2227 552 2364 592 arca:
2389 539 2630 592 laterculi
2653 548 2803 593 stata:
2823 537 3186 608 designantur,
3211 539 3277 593 de
3301 554 3407 608 quo
3430 539 3592 608 plene
3617 539 3778 605 alibi),

2229 639 2379 684 certo
2408 645 2619 700 quoque
2649 631 2888 700 corporis
2931 631 3114 684 habitu
3143 629 3433 684 Christiani
3469 632 3523 684 in
3563 631 3781 684 ecclesia

2229 715 2379 772 fuere
2409 737 2423 772 :
2470 735 2660 790 nempe
2692 721 2834 775 enim
2869 737 2896 775 a
2932 723 3200 777 stantibus
3248 721 3668 793 Evangeliorum
3710 723 3778 778 le.

2227 810 2436 866 ctiones
2465 812 2639 866 audiri
2665 814 2986 882 oportuisse,
3032 814 3119 868 hic
3134 813 3484 886 Philostorgii
3506 815 3664 869 locus
3700 814 3773 867 in-

2225 899 2390 956 dicat.
2433 921 2450 953 ι
2481 901 2546 957 Ει
2566 919 2631 957 ex
2664 903 2949 958 Sozomeni
2981 905 3120 958 libro
3148 921 3246 968 vn,
3275 921 3400 975 cap.
3432 907 3522 968 l9,
3547 915 3702 959 notat
3729 907 3772 959 in

2224 993 2339 1046 sola
2355 994 2717 1050 Alexandrina
2742 995 2979 1051 Ecclesia
2999 997 3309 1067 episcopum
3329 998 3771 1060 Alexandrinum,

2222 1086 2350 1140 dum
2396 1088 2741 1158 Evangelium
2791 1092 3143 1159 recitaretur,
3198 1109 3304 1148 non
3359 1094 3770 1148 assurrexisse:

2219 1175 2377 1234 Ξένον
2409 1180 2465 1234 δὲ
2497 1184 2717 1238 κάκεῖνο
2764 1187 2893 1257 παρ’
2933 1185 3332 1258 Ἀλεξανδρεῦσι
3374 1187 3611 1250 τούτοις
3659 1188 3772 1239 ἀνα-

2219 1275 2634 1344 γινωσκομένων
2687 1277 2793 1349 γάρ
2841 1277 2948 1331 τῶν
3005 1278 3381 1347 Εὑαγγελίων,
3439 1280 3542 1332 οὐκ
3603 1283 3770 1333 ἐπανί-

2219 1380 2408 1417 σταται
2462 1366 2787 1432 ἐπίσκοπος,
2814 1369 2842 1421 ὂ
2895 1371 3024 1442 παρ’
3050 1370 3228 1434 ἄλλοις
3266 1371 3375 1424 οὔτ’
3410 1371 3588 1440 ἔγνων
3609 1412 3623 1436 ,
3673 1372 3769 1424 σῖτ’

2215 1454 2443 1526 ἀκήκοα.
2475 1475 2494 1508 ι
2524 1455 2731 1512 Novum
2763 1469 2814 1514 et
2832 1459 2958 1514 illud
2979 1461 3118 1530 apud
3139 1461 3355 1516 eosdem
3381 1462 3768 1520 Alexandrinos

2213 1555 2326 1612 est,
2356 1549 2503 1618 quod
2531 1549 2848 1620 episcopus,
2905 1551 3033 1606 dttm
3095 1554 3350 1610 recitatur
3383 1555 3734 1627 Evangelium
3753 1601 3766 1621 ,

2215 1653 2324 1692 non
2347 1651 2630 1712 assurgat,
2668 1644 2812 1712 quod
2855 1647 2998 1714 apud
3040 1647 3176 1703 alios
3205 1664 3447 1719 unquam
3477 1650 3602 1703 ﬁeri
3631 1651 3767 1719 equi-

2215 1732 2336 1787 dem
2382 1747 2557 1804 neque
2599 1738 2835 1804 comperi
2876 1753 3051 1808 neque
3097 1739 3298 1794 audivi.
3348 1760 3367 1792 »
3433 1741 3596 1795 Adde
3626 1751 3678 1795 tu
3710 1759 3764 1802 ex

550 1814 750 1859 tamur.
784 1823 802 1857 ι
838 1806 968 1862 Vide
998 1807 1239 1877 ejusdem
1271 1809 1345 1864 De
1376 1812 1789 1881 engastrimytho
1829 1827 2095 1867 comment

2208 1826 2394 1880 eodem
2447 1825 2748 1883 Sozomeno
2777 1829 2915 1900 (loc.
2949 1831 3068 1901 cit.)
3097 1847 3111 1883 :
3153 1831 3366 1903 Ταύτην
3401 1833 3460 1888 δὲ
3489 1832 3592 1902 τὴν
3633 1834 3767 1903 ἱερᾶν

547 1895 746 1950 tarium
785 1897 862 1968 (5)
910 1898 962 1951 in
1007 1899 1292 1970 principio.
1348 1901 1578 1958 Sanctus
1637 1904 1974 1974 Augustinus
2031 1907 2106 1976 (in

545 1987 768 2058 prologo
810 1989 876 2042 ad
927 1998 1189 2046 tractatus
1237 1993 1389 2064 suos)
1434 1994 1485 2047 in
1531 1993 1828 2064 Epistolam
1877 1997 2104 2066 primam

540 2077 769 2136 Joannis
799 2082 914 2137 ait:
949 2102 968 2135 ι
1011 2082 1116 2138 Sed
1147 2086 1274 2154 quia
1315 2086 1632 2157 interposita
1665 2095 1746 2144 est
1791 2089 2107 2144 solemnitas

541 2182 856 2225 sanctorum
916 2173 1164 2238 dierum,
1211 2176 1410 2245 quibus
1461 2186 1640 2233 certas
1691 2194 1757 2233 ex
1815 2179 2106 2252 Evangelio

538 2262 798 2319 lectiones
823 2275 1034 2334 oportet
1063 2267 1117 2320 in
1169 2265 1408 2323 Ecclesia
1451 2270 1689 2336 recitari,
1721 2288 1841 2341 qua:
1875 2273 1943 2328 ita
1979 2285 2103 2329 sunt

537 2367 752 2419 annuae,
798 2364 858 2409 ut
902 2355 1021 2410 aliae
1057 2372 1177 2412 esse
1209 2373 1318 2413 non
1351 2360 1596 2429 possint;
1625 2362 1759 2416 ordo
1800 2363 1908 2428 ille,
1942 2379 2100 2432 quem

537 2458 988 2512 susceperamus,
1038 2447 1361 2502 necessitate
1417 2449 1697 2518 paululum
1760 2450 2102 2510 intermissus

532 2543 636 2598 est,
670 2551 777 2588 non
809 2538 1064 2591 omissus.
1092 2556 1111 2588 ›
1139 2537 1282 2592 idem
1318 2540 1371 2593 in
1395 2556 1646 2598 sermone
1671 2543 1743 2614 (v,
1775 2544 1911 2615 l)de
1931 2547 2102 2603 lucta—

535 2623 682 2676 tione
701 2621 890 2679 Jacobi
917 2642 930 2675 :
962 2644 980 2677 ι
1017 2628 1134 2681 Ista:
1163 2628 1444 2696 lectiones,
1487 2648 1609 2701 quae
1643 2633 1793 2690 vobis
1826 2636 2098 2705 leguntur,

531 2715 777 2784 nunquid
816 2717 979 2772 modo
1009 2719 1245 2789 primum
1280 2721 1436 2776 vobis
1460 2723 1733 2793 leguntur,
1773 2737 1826 2784 et
1849 2745 1955 2784 non
1992 2746 2097 2785 eae-

531 2803 652 2860 dem
686 2808 928 2877 quotidie
958 2817 1308 2880 repetuntur?
1337 2815 1491 2872 Sicut
1518 2828 1698 2874 autem
1720 2821 1978 2878 lectiones
1999 2822 2091 2878 Dei

529 2901 770 2969 quotidie
799 2916 937 2972 opus
971 2915 1075 2972 est,
1105 2916 1162 2962 ut
1194 2901 1627 2980 repetantur,‘ne
1657 2915 1839 2970 saeculi
1868 2918 2008 2970 mala
2042 2925 2095 2972 et

530 2992 700 3062 spina:
746 3004 1045 3051 nascantur
1089 2997 1141 3052 in
1188 3002 1446 3058 cordibus
1499 3007 1715 3072 vestris,
1763 3016 1818 3060 et
1862 3007 2096 3064 cllocem

528 3101 714 3142 semen
785 3089 931 3158 quod
979 3090 1052 3144 ibi
1112 3094 1438 3150 seminatum
1489 3107 1604 3162 est;
1648 3100 1728 3155 sic
1783 3110 1999 3170 oportet
2042 3113 2093 3157 et

526 3190 833 3230 sermonem
863 3177 956 3232 Dei
987 3170 1378 3252 vobis'semper
1409 3187 1598 3254 repeti,
1627 3204 1693 3242 ne
1713 3189 1867 3243 obliti
1897 3191 2091 3248 dicatis
2120 3170 2160 3226 θ

527 3282 623 3322 vos
661 3285 768 3322 non
805 3271 1055 3336 audisse,
1099 3274 1244 3342 quod
1282 3275 1515 3332 dii-imus
1561 3294 1660 3334 nos
1713 3280 1941 3337 dixisse.
1977 3302 1994 3334 ι
2027 3281 2094 3337 Ει

524 3374 778 3416 sermone
808 3361 842 3414 5
871 3362 924 3416 in
961 3362 1047 3418 die
1072 3363 1450 3423 Pentecostes:
1475 3387 1493 3421 ι
1532 3369 1833 3425 Adventum
1857 3371 2092 3442 Spiritus

523 3453 697 3507 sancti
753 3453 1125 3510 anniversaria
1186 3457 1477 3514 festivitate
1531 3461 1890 3519 celebramus.
1952 3463 2090 3522 Huic

522 3543 780 3598 solemnis
812 3549 1179 3620 congregatio,
1208 3550 1465 3606 solemnis
1487 3551 1664 3617 lectio,
1685 3554 1939 3610 solemnis
1971 3573 2087 3613 ser-

521 3649 611 3687 mo
644 3633 890 3692 debetur.
911 3654 929 3686 ι
962 3634 1252 3705 Crsgorius
1283 3633 1756 3704 Nyssenusomtﬂ
1798 3647 1996 3717 (initio)
2023 3650 2090 3704 de

518 3720 857 3780 Resurrrect.
877 3725 1108 3781 Christi:
1130 3729 1335 3792 Πάντες
1356 3732 1473 3801 μὲν,
1494 3735 1784 3806 ἀγαπητοὶ,
1805 3738 1878 3802 ὡς
1897 3741 2084 3807 εἰπεῖν,

517 3813 864 3885 ἀποδέχονται
896 3817 994 3888 τὴν
1022 3819 1080 3870 ὲν
1106 3820 1358 3894 Κυριακῇ
1399 3825 1552 3878 νυκτὶ
1588 3829 1717 3898 παρ’
1745 3831 1899 3900 ἡμῶν
1940 3835 2087 3905 εἰση-

515 3906 773 3977 γηϐεἴσαν
801 3909 1074 3980 ἁρμοδίως
1101 3911 1206 3965 τῶν
1236 3915 1395 3986 ἱερῶν
1417 3917 1758 3986 Εὐαγγελίων
1785 3923 2085 3991 ἀνάγνωσιν

515 3997 643 4088 περι
670 3997 769 4067 τῆς
801 3999 1148 4068 ἀναστάσεως
1168 4004 1260 4058 τοῦ
1289 4007 1523 4076 μεγάλου
1553 4009 1686 4062 Θεοῦ
1715 4013 1808 4065 καὶ
1836 4013 2084 4088 Σωτῆρος

513 4086 670 4159 ἡμῶν
707 4089 879 4159 Ἰησοῦ
922 4094 1178 4166 Χριστοῦ.
1227 4116 1245 4148 ι
1282 4097 1484 4154 Omnes
1530 4101 1746 4170 quidem
1799 4086 2083 4175 propemo-

513 4177 663 4245 dum,
690 4179 893 4249 dilecti,
921 4187 1224 4256 approbant
1257 4189 1541 4246 lectionem
1588 4207 1866 4250 sacrorum
1906 4197 2081 4253 Evan-

513 4270 802 4341 geliorum,
835 4291 958 4345 qua:
995 4293 1026 4332 a
1063 4279 1224 4335 nobis
1273 4290 1431 4336 nocte
1470 4282 1751 4343 Dominica
1798 4291 2080 4345 commode

514 4359 615 4415 fuit
641 4361 1057 4434 introductade
1096 4373 1496 4428 resurrectione
1535 4378 1716 4447 magni
1743 4377 1837 4433 Dei
1877 4388 1931 4435 et
1961 4381 2077 4436 Sal-

513 4453 717 4509 vatoris
754 4458 927 4512 nostri
949 4457 1076 4515 Jesu
1103 4459 1327 4517 Christi.
1361 4483 1379 4517 ι

582 4567 780 4623 Scribit
800 4568 1196 4645 Philostorgius
1226 4576 1343 4647 (lib.
1375 4595 1456 4645 ιιι,
1506 4580 1539 4635 5
1561 4580 1578 4651 )
1599 4580 1956 4653 Theophilum
1987 4585 2074 4640 ln-

509 4661 637 4716 dum
679 4661 912 4733 legatum
936 4682 966 4719 a
995 4666 1314 4725 Consmntio
1338 4671 1588 4741 missum,
1621 4675 1684 4730 ad
1722 4676 1951 4744 Divzeos,
1978 4681 2072 4750 qui

517 4753 630 4809 Indi
671 4765 859 4820 erant,
917 4759 1249 4828 profectum,
1277 4765 1447 4820 multa
1481 4781 1601 4836 qua:
1634 4777 1759 4824 ante
1801 4772 1941 4840 apud
1975 4787 2072 4828 eos

509 4846 655 4901 haud
687 4847 790 4903 rite
825 4848 1023 4904 fiebant
1057 4854 1398 4917 emendasse,
1420 4866 1473 4911 et
1498 4859 1636 4912 inter
1659 4861 1784 4927 alia,
1819 4863 1962 4931 quod
1996 4864 2071 4917 illi

506 4938 755 4994 sedentes
771 4939 1028 4997 lectiones
1038 4945 1374 5014 evangelicas
1387 4947 1813 5006 audiebant.Kal
1826 4953 1933 5025 γὰρ
1947 4954 2073 5008 καθ-

511 5030 760 5102 εζόμενοι
795 5033 902 5086 τῶν
926 5035 1292 5104 εὐαγγελικῶν
1331 5041 1771 5111 ἀναγνωσμάτων
1794 5046 2071 5100 ἐποιοῦντο

505 5121 605 5194 τήν
635 5122 918 5195 ἀκρόασιν.
958 5144 976 5177 ‹
1001 5125 1246 5198 Namque
1267 5132 1515 5188 sedentes
1538 5136 1861 5207 evangelicis
1884 5138 2070 5192 lectio.

506 5215 668 5272 nibus
695 5234 856 5274 aures
884 5220 1214 5289 praebebant.
1259 5242 1278 5274 ι
1316 5221 1577 5281 Observat
1598 5225 1831 5282 Jacobus
1861 5227 2068 5283 Gotho-

504 5305 687 5365 fredus
720 5310 815 5380 (in
859 5314 984 5369 adn.
1032 5313 1097 5368 ad
1143 5313 1245 5369 loc.
1277 5313 1396 5384 cit.)
1430 5335 1442 5369 :
1479 5336 1497 5368 ι
1534 5315 1596 5372 Et
1629 5334 1752 5374 cum
1782 5317 2069 5390 Evangelia

504 5396 830 5466 legerentur,
865 5419 1094 5474 quorum
1129 5413 1282 5459 stata:
1318 5405 1481 5461 etiam
1517 5417 1782 5480 certaeque
1811 5409 2069 5466 lectiones

506 5483 884 5558 [ἀναγνώσεις,
931 5495 1274 5568 ἀκούσματα]
1308 5506 1464 5552 erant
1487 5498 1678 5570 (cujus
1720 5501 1796 5556 rei
1827 5501 2071 5556 luculen-

510 5583 621 5627 tum
679 5579 819 5634 inter
881 5583 986 5638 alia
1037 5587 1406 5642 testimonium
1461 5598 1638 5644 exstat
1687 5590 1741 5644 in
1800 5589 2068 5664 Hippolyti

2212 1915 2390 1986 βίϐλον
2435 1917 2793 1985 ἀναγινώσκει
2845 1918 3029 1974 ἐνθάδε
3087 1921 3243 1991 μόνος
3290 1923 3319 1974 ὁ
3374 1922 3764 1993 ἀρχιδιάκονθς.

2209 2006 2359 2080 παρὰ
2377 2007 2433 2061 δὲ
2460 2008 2656 2074 ἀλλοις,
2685 2009 2937 2064 διάκονον
2969 2013 3025 2066 ὲν
3061 2013 3279 2078 πολλαῖς
3308 2013 3364 2066 δὲ
3405 2015 3769 2084 Ἐκκλησίαις,

2206 2098 2253 2150 οἱ
2293 2099 2453 2170 ἱερεῖς
2487 2099 2654 2169 μόνον
2678 2101 2735 2154 ὲν
2767 2101 2824 2155 δὲ
2844 2103 3133 2175 ἐπισήμοις
3163 2105 3428 2176 ἡμέραις,
3465 2106 3769 2167 ἐπίσκοποι,

2204 2189 2278 2254 ὡς
2309 2193 2366 2243 ὲν
2392 2192 2956 2248 Κωνσταντινουπόλει
2996 2196 3134 2249 κατά
3163 2197 3260 2268 τὴν
3288 2196 3517 2270 πρώτην
3569 2198 3771 2269 ἡμέραν

2204 2282 2301 2353 τῆς
2332 2284 2697 2356 ἀναστασίμου
2727 2287 2936 2360 ἑορτῆς.
2976 2307 2995 2339 ι
3026 2288 3182 2345 llunc
3239 2291 3404 2345 etiam
3435 2306 3661 2345 sacrum
3688 2306 3769 2344 co-

2204 2375 2375 2430 dicem
2402 2376 2489 2432 hic
2515 2377 2641 2448 legit
2673 2380 2822 2435 solus
2840 2382 3277 2449 archidiaconus,
3311 2383 3455 2449 apud
3479 2383 3627 2437 alios
3651 2399 3767 2437 vero

2202 2469 2416 2528 diaconi
2477 2469 2530 2524 in
2574 2476 2759 2532 multis
2797 2477 2958 2532 etiam
3002 2476 3259 2532 Ecclesiis
3292 2477 3389 2532 soli
3425 2478 3763 2544 sacerdotes,

2201 2561 2392 2625 diebus
2422 2580 2599 2626 autem
2657 2570 2991 2626 solemnibus
3037 2571 3308 2642 episcopi,
3355 2581 3416 2626 ut
3447 2572 3761 2627 Constanti-

2202 2660 2382 2727 nopoli
2407 2663 2580 2731 primo
2610 2664 2697 2720 die
2729 2664 2996 2731 paschalis
3021 2664 3400 2718 solemnitatis.
3446 2684 3462 2715 ι
3499 2663 3616 2717 Leo
3634 2680 3761 2734 pon-

2201 2754 2330 2810 tifex
2367 2755 2420 2808 in
2451 2752 2857 2822 sermoue(v1,l
2892 2755 2910 2822 )
2948 2754 2999 2807 in
3019 2752 3372 2824 Epiphaniam
3405 2773 3419 2808 :
3456 2773 3474 2805 ι
3507 2754 3762 2821 Quamvis

2197 2862 2325 2917 ergo
2355 2846 2594 2901 narratio
2629 2845 2952 2917 evangelica:
2987 2845 3233 2902 lectionis
3259 2846 3383 2900 illos
3423 2846 3648 2916 proprie
3680 2863 3760 2900 re-

2197 2946 2416 2994 censeat
2435 2936 2569 3003 dies,
2594 2937 2649 2992 in
2672 2937 2873 3007 quibus
2890 2946 3000 2992 tres
3020 2937 3140 3004 viri,
3160 2953 3298 3008 quos
3322 2953 3422 2992 nec
3449 2938 3757 3008 prophetica

2196 3028 2504 3098 praedicatio
2535 3028 2824 3094 docuerat,
2857 3043 2957 3084 nec
2983 3028 3286 3084 testificatio
3315 3029 3450 3099 legis
3485 3029 3758 3084 instruxe-

2196 3128 2298 3185 rat,
2324 3120 2390 3175 ad
2426 3121 2858 3190 cognoscendum
2887 3120 3056 3176 Deum
3102 3137 3132 3176 a
3177 3121 3548 3176 remotissima
3575 3120 3760 3174 Orien-

2195 3210 2262 3264 tis
2295 3219 2445 3278 parte
2479 3219 2773 3276 venerunt;
2818 3212 2920 3266 hoc
2945 3213 3083 3266 idem
3115 3220 3294 3267 tamen
3323 3221 3377 3266 et
3415 3195 3757 3266 manifestius

2192 3317 2337 3355 nunc
2382 3311 2436 3356 et
2473 3303 2749 3372 copiosius
2782 3302 2897 3358 fieri
2924 3303 2978 3358 in
3011 3305 3253 3358 omnium
3285 3313 3608 3359 vocatorum
3639 3305 3756 3358 illu-

2191 3395 2488 3451 minatione
2516 3397 2893 3467 perspicimus.
2938 3416 2956 3449 ι
3010 3396 3277 3453 Maximus
3308 3396 3673 3452 Taurinensis
3704 3397 3753 3450 in

2192 3485 2412 3542 homilia
2455 3502 2508 3542 ιιι
2555 3489 2620 3543 de
2665 3488 2962 3558 Epiphania
2995 3507 3007 3542 :
3069 3506 3088 3539 ι
3115 3488 3379 3555 Audistis,
3419 3488 3645 3554 fratres,
3679 3490 3751 3544 le-

2190 3577 2421 3632 ctionem
2437 3577 2707 3649 Evangelii
2727 3581 2983 3636 salutaria
3000 3580 3279 3651 prtesentis
3291 3580 3394 3635 diei
3419 3592 3752 3636 sacramenta

2190 3670 2526 3726 recitantem.
2570 3692 2588 3724 ι
2639 3672 2834 3729 Petrus
2887 3673 3252 3745 Chrysologus
3279 3675 3331 3730 in
3369 3690 3626 3730 somnone
3653 3692 3704 3730 ιι
3736 3695 3750 3728 :

2194 3779 2213 3812 ι
2248 3761 2370 3832 Agit
2390 3765 2668 3819 nobiscum
2698 3764 2871 3832 Deus,
2903 3766 3013 3835 agit
3049 3766 3102 3819 in
3133 3766 3235 3820 hoc
3261 3767 3493 3832 saeculo,
3527 3782 3595 3820 ne
3626 3768 3754 3836 quid

2186 3852 2343 3907 nobis
2376 3863 2559 3923 pereat
2586 3855 2640 3908 in
2671 3853 2872 3919 futuro,
2906 3856 3046 3911 sicut
3068 3871 3133 3910 ex
3161 3853 3279 3924 ipso
3317 3857 3456 3910 lucet
3485 3856 3751 3926 principio

2186 3944 2451 4000 lectionis.
2485 3965 2504 3999 ›
2536 3944 2600 4001 Ει
2629 3947 2681 4000 in
2706 3961 2954 4001 sermone
2981 3962 3069 4000 xvr
3104 3965 3117 4000 :
3155 3965 3173 3998 ‹
3207 3946 3319 3999 Ibat
3339 3946 3406 3998 ad
3436 3961 3630 4000 eorum
3660 3962 3754 4000 cu-

2185 4050 2321 4102 ram,
2351 4037 2549 4107 quibus
2567 4037 2678 4107 jam
2709 4039 2946 4093 humana
2969 4036 3246 4094 defecerat
3280 4052 3411 4091 cura
3432 4079 3446 4104 ,
3483 4038 3625 4092 sicut
3659 4038 3758 4092 ho-

2181 4126 2367 4181 dierna
2419 4129 2704 4198 probatum
2735 4139 2816 4185 est
2849 4130 3098 4185 lectione.
3139 4149 3157 4182 ι
3205 4129 3336 4185 Item
3379 4146 3550 4185 serm.
3578 4145 3750 4184 mu:

2188 4241 2206 4274 ι
2239 4220 2506 4277 Hodierna
2531 4221 2759 4276 lectione
2797 4222 2985 4278 didicit
3028 4231 3265 4278 attentus
3299 4223 3540 4278 auditor.
3571 4242 3590 4275 ι
3645 4222 3750 4278 Le-

2178 4313 2474 4369 ctionarius
2494 4313 2577 4368 vel
2603 4313 2799 4368 Comes
2826 4315 2967 4384 apud
2997 4314 3294 4369 Pamelium
3319 4324 3469 4369 tomo
3503 4316 3525 4368 Ι
3560 4314 3747 4369 Litur-

2176 4405 2338 4474 gicwn
2389 4402 2565 4458 editus
2590 4411 2702 4467 est,
2737 4418 2847 4474 quo
2873 4403 3217 4458 continentur
3263 4419 3330 4458 ex
3371 4406 3656 4474 prophetis
3699 4415 3750 4460 et

2103 4523 2152 4581 ι)
2177 4495 2435 4566 Apostolo
2484 4494 2742 4550 lectiones
2787 4510 2882 4564 per
2916 4503 3084 4550 totum
3127 4495 3254 4549 anni
3301 4497 3640 4552 curriculum
3673 4499 3750 4554 le~

2177 4592 2378 4656 gendae,
2411 4605 2507 4660 per
2533 4590 2716 4644 divum
2761 4589 3149 4662 Hieronymum
3183 4591 3455 4656 collectae,
3513 4603 3572 4648 ut
3635 4594 3749 4648 vult

2177 4677 2500 4746 Micrologus
2535 4684 2611 4738 De
2666 4685 2846 4739 eccles.
2901 4686 3124 4753 observ.,
3179 4701 3299 4756 cap.
3348 4687 3453 4751 25,
3501 4697 3557 4742 et
3616 4690 3746 4744 alibi

2170 4773 2388 4839 smpius.
2410 4771 2584 4826 Berno
2615 4772 2899 4842 Aegiensis
2925 4773 2998 4826 De
3027 4775 3208 4838 missa,
3233 4781 3286 4826 et
3303 4771 3546 4830 Joannes
3586 4775 3742 4830 Bele-

2169 4861 2295 4916 thus
2349 4860 2561 4916 Ration.
2587 4860 2748 4917 divin.
2777 4861 2868 4930 off.
2897 4864 3118 4935 cap.‘37,
3147 4878 3198 4922 et
3225 4881 3334 4918 non
3392 4866 3568 4920 multo
3616 4879 3739 4938 post

2178 4971 2195 5003 ‹
2225 4952 2455 5008 Μυεωιιε
2479 4951 2830 5008 Massiliensis
2859 4951 3112 5009 Ecclesia:
3134 4955 3437 5025 presbyter,
3474 4973 3493 5007 ι
3543 4965 3606 5011 ut
3632 4967 3742 5011 tra-

2172 5044 2251 5098 dit
2275 5042 2586 5098 Gennadius
2608 5042 2683 5096 De
2703 5043 3044 5112 scriptoribus
3065 5043 3436 5098 ecclesiasticis
3465 5047 3613 5114 (cap.
3652 5047 3742 5116 79)

2175 5154 2194 5187 ι
2229 5135 2312 5188 vir
2340 5135 2392 5189 in
2429 5135 2626 5190 divinis
2654 5134 2950 5205 Scripturis
2974 5135 3187 5199 doctus,
3218 5145 3270 5189 et
3299 5135 3353 5188 in
3386 5150 3577 5189 earum
3615 5151 3741 5190 sen-

2170 5227 2323 5282 sibus
2375 5226 2727 5282 subtilissima
2776 5227 3008 5296 quadam
3044 5228 3432 5282 exercitatione
3480 5227 3738 5289 limatus,

2169 5319 2352 5388 lingua
2381 5332 2596 5388 quoque
2639 5317 3019 5384 scholasticus,
3057 5319 3272 5373 hortatu
3305 5319 3483 5375 sancti
3518 5319 3738 5375 Venerii

2170 5409 2428 5479 episcopi,
2457 5409 2728 5479 excerpsit
2773 5409 2840 5464 de
2895 5411 3097 5466 sanctis
3144 5409 3444 5481 Scripturis
3472 5411 3741 5467 lectiones

2171 5501 2335 5556 totius
2356 5500 2483 5554 anni
2510 5499 2722 5555 festivis
2743 5500 2936 5556 diebus
2965 5510 3140 5571 aptas,
3176 5503 3527 5572 responsoria
3547 5504 3739 5567 etiam,

2169 5593 2499 5664 psalmorum
2532 5591 2762 5664 capitula
2799 5594 3131 5663 temporibus
3156 5604 3209 5649 et
3242 5594 3574 5651 lectionibus
3597 5610 3738 5650 con-

578 5689 1371 5782 lil‘lt'tllerpreta‘lus.estﬂtqlte
1405 5706 1573 5782 edidit
1605 5709 1703 5766 hoc
1733 5709 2051 5782 opusculum
2113 5709 2225 5777 ipse
2281 5709 2507 5764 Allatius
2557 5724 2675 5764 cum
2746 5716 3078 5781 syntagmate
3113 5710 3434 5766 doctissimo
3470 5709 3548 5766 De
3573 5727 3740 5782 enga-

509 5757 1081 5835 strirnyt'ho,'l.ugduni
1122 5757 1372 5829 162935.
