3988 6200
305 351 448 408 1215

1151 339 1398 395 LEONIS
1435 335 1706 391 ALLATII
1742 332 2060 390 DiATRlBA
2100 329 2186 384 DE
2212 324 2628 382 'THEODORIS.

3385 322 3518 376 i9.”

297 463 553 531 gruentia
577 502 592 526 ,
622 460 763 531 quod
795 473 932 529 opus
961 465 1071 512 tam
1114 455 1480 509 necessarium
1509 467 1537 506 a
1566 451 1858 507 lectoribus
1887 455 1931 508 Α
1959 444 2114 514 quasi
2141 443 2250 498 Deo
2278 443 2456 496 dicere
2479 453 2661 494 secum
2693 437 2945 531 invicem.
2986 455 3004 487 ι
3041 434 3191 531 Quid—
3209 435 3308 490 iste
3330 446 3519 492 cantus

294 554 356 608 in
387 550 627 605 Ecclesia
652 549 932 620 probatur,
960 556 1017 601 ut
1048 544 1341 614 expetitum
1365 551 1419 597 et
1445 540 1855 597 sollicitudinem

297 642 454 696 tollat
477 652 531 696 et
559 655 768 696 moram
791 680 806 704 ,
833 638 1084 708 plebique
1117 637 1324 706 ingerat
1364 632 1642 688 scientiam
1661 673 1676 698 ,
1714 631 1854 686 cele-

299 733 594 803 britatique
621 733 888 786 decorem.
932 750 950 783 ι
987 729 1182 783 Eadem
1221 729 1414 799 repetit
1443 726 1714 791 Honorius
1747 724 1855 776 Au-

298 821 723 892 gustodunensis
771 819 847 874 De
900 818 1241 887 scriptoribus
1269 817 1360 887 (n,
1427 816 1516 886 78)
1551 815 1605 869 in
1652 812 1854 867 Musaeo

297 909 644 966 Massiliensi.
672 907 749 964 De
777 906 1075 976 Scripturis
1097 905 1200 975 legi
1237 903 1414 959 solitis
1446 903 1502 956 in
1533 898 1772 956 Ecclesia
1799 904 1853 950 et

297 1015 488 1054 eorum
505 997 956 1068 expositionibus,
979 994 1100 1050 vide
1131 993 1407 1049 Socratem
1431 991 1529 1046 lib.
1549 1006 1604 1057 v,
1621 1003 1738 1058 cap.
1759 986 1850 1049 22,

295 1103 350 1149 et
374 1092 738 1162 Nicephorum
765 1089 1044 1144 Callistum
1067 1087 1161 1141 lib.
1187 1101 1260 1140 xu
1283 1124 1298 1149 ,
1331 1100 1451 1162 cap.
1483 1082 1571 1136 54.

367 1182 445 1237 De
485 1181 699 1253 hymnis
741 1193 956 1249 quoque
997 1175 1261 1233 dubitabit
1309 1173 1574 1227 Rivetus?
1621 1170 1730 1226 Nos
1758 1167 1851 1238 qui

294 1272 530 1342 singulis
569 1270 720 1325 horis
749 1267 998 1337 ingestis
1027 1266 1294 1335 dictisque
1320 1263 1521 1319 Christi
1544 1276 1846 1323 versamur,

293 1365 502 1418 scimus
554 1361 830 1416 Christum
895 1367 1018 1429 post
1057 1370 1268 1412 sacram
1318 1369 1530 1411 cumam
1589 1354 1846 1423 hymnum

291 1455 538 1508 dixisse:
575 1449 888 1519 hortarique
918 1447 1176 1514 Paulum,
1221 1464 1239 1497 ι
1277 1455 1334 1500 ut
1370 1461 1470 1502 nos
1498 1445 1725 1498 invicem
1750 1444 1848 1497 do-

290 1559 550 1608 ceamus,
583 1550 743 1610 atque
767 1553 1210 1595 commoneamus
1248 1538 1468 1608 psalmis
1487 1577 1502 1600 ,
1531 1535 1768 1607 hymnis,
1795 1543 1850 1588 et

289 1636 522 1692 canticis
548 1632 917 1702 spiritualibus
965 1647 1159 1686 canere
1180 1675 1193 1698 ,
1229 1650 1247 1683 ι
1293 1629 1357 1685 ad
1387 1629 1599 1684 Coloss.
1630 1641 1719 1692 ιιι,
1759 1624 1844 1679 16.

1958 537 2140 594 fuerit.
2163 535 2360 589 haheat
2391 532 2493 587 sibi
2527 529 2747 584 Rivetus
2777 543 2844 583 ex
2869 526 3120 583 Conrado
3158 527 3513 588 Ritterhusio.

1956 636 2011 680 et
2038 625 2330 680 Francisco
2376 621 2675 684 Balduino,
2719 634 2857 689 quos
2890 619 2967 672 uti
3011 620 3299 688 proprios,
3344 626 3516 689 magis

1953 718 2114 772 etiam
2143 716 2246 771 sibi
2280 714 2543 784 prOpitiOS
2568 713 2622 766 in
2659 712 2762 765 hoc
2791 710 3038 782 negotim
3058 711 3515 768 habebit-Carmi-

1954 825 2021 863 na
2049 809 2144 863 illa
2189 807 2622 862 Christianorum
2663 803 2928 858 trifariam
2976 801 3230 858 distincta
3273 811 3401 859 sunt
3447 804 3515 858 ab

1951 900 2230 969 Apostolo,
2285 898 2340 953 in
2384 897 2643 967 psalmos,
2681 896 2942 966 hymnos,
2982 903 3036 949 et
3082 895 3213 950 odas
3263 895 3515 965 spiritua-

1951 989 2060 1054 les,
2112 1005 2233 1059 qua:
2281 988 2524 1044 carmina
2558 987 2696 1041 inter
2738 1001 2797 1040 se
2844 986 2917 1039 ita
2958 983 3172 1041 diﬂ‘erre
3206 995 3414 1056 putant,
3455 995 3514 1042 ut

1949 1082 2174 1152 psalmis
2226 1080 2598 1150 significentur
2635 1093 2972 1148 quaecunque
2997 1093 3164 1132 sacrae
3201 1079 3511 1144 conciones,

1947 1172 2112 1228 variis
2144 1171 2478 1241 argumentis
2524 1170 2777 1239 scriptae;
2826 1167 3059 1239 hymnis,
3109 1168 3296 1223 laudes
3343 1168 3511 1222 divini

1950 1264 2186 1319 nominis
2217 1264 2301 1318 vel
2341 1271 2686 1328 sanctorum;
2718 1263 2836 1317 odis
2859 1262 2970 1317 sive
2991 1261 3241 1326 canticis,
3270 1262 3509 1330 peculia-

1949 1371 2035 1411 res
2058 1356 2302 1426 quaedam
2342 1365 2396 1411 et
2423 1355 2593 1424 magis
2641 1354 2948 1408 artiﬁciosae
2980 1352 3282 1416 cantiones,
3313 1368 3434 1422 quae
3460 1362 3513 1407 et

1947 1448 2077 1516 ipsae
2102 1448 2317 1517 quidem
2340 1449 2653 1501 contineant
2681 1446 2886 1512 laudes,
2911 1446 3004 1501 sed
3041 1446 3354 1512 augustiore
3377 1461 3512 1514 qna-

1946 1539 2070 1594 dam
2109 1548 2161 1592 et
2199 1538 2500 1593 sublimiori
2549 1536 2720 1591 forma
2764 1535 3135 1605 composita.»
3164 1533 3300 1592 Tum
3318 1537 3512 1604 probat

1946 1630 2266 1684 auctoritate
2295 1628 2664 1700 Chrysostomi
2692 1628 2877 1682 homil.
2907 1643 2961 1681 rx
2994 1626 3102 1698 (ed.
3126 1625 3313 1681 Montf.
3344 1637 3381 1682 t.
3415 1626 3506 1692 XI,

292 1726 357 1780 Et
388 1725 455 1780 ad
494 1723 756 1794 Ephesios
809 1739 862 1786 v,
916 1721 980 1777 19
1013 1739 1026 1775 :
1073 1739 1092 1773 ι
1133 1719 1433 1792 Implemini
1483 1716 1718 1787 Spiritu,
1767 1714 1846 1768 lo-
1945 1735 1998 1789 p.
2030 1719 2154 1788 592)
2184 1718 2238 1772 in
2269 1717 2437 1788 Epist.
2491 1717 2558 1772 ad
2593 1719 2806 1776 Coloss.
2848 1719 3083 1788 hymnos
3117 1717 3340 1787 psalmis
3375 1717 3508 1786 ipsis

285 1825 520 1888 quentes
547 1814 946 1884 vobismetipsis
976 1813 1028 1867 in
1063 1814 1285 1884 psalmis
1314 1821 1369 1868 et
1397 1810 1612 1883 hymnis
1643 1818 1690 1864 el
1717 1823 1848 1863 ean-
1881 1804 1922 1856 Β
1950 1811 2266 1865 diviniorem
2319 1826 2430 1865 rem
2487 1825 2609 1865 esse
2665 1822 2828 1880 atque
2885 1810 3278 1864 sublimiorem.
3331 1809 3505 1864 Verba

283 1909 415 1964 ticis
436 1907 804 1977 Spiritualibus
823 1947 837 1972 ,
863 1914 1170 1972 cantantes,
1203 1914 1256 1961 et
1280 1903 1567 1974 psallentes
1592 1901 1647 1956 in
1671 1901 1846 1957 cordi-

283 2001 394 2055 bus
447 1997 638 2054 vestris
696 1995 942 2050 Domino.
985 2015 1004 2049 ι
1057 1995 1476 2066 Chrysostomus
1523 1994 1608 2065 (in
1655 1991 1841 2046 Matth.

282 2089 477 2144 homil.
511 2086 718 2157 Lxxxn)
749 2101 1008 2140 enat-rans
1036 2085 1145 2153 illa,
1171 2085 1237 2138 Et
1283 2086 1471 2155 hymno
1498 2085 1658 2147 dicto,
1687 2084 1844 2138 exivit

281 2181 340 2233 in
365 2189 589 2233 montem
615 2178 836 2234 Oliveti:
868 2196 886 2229 ι
918 2177 1152 2240 Gratias,
1179 2177 1370 2246 inquit,
1395 2176 1526 2247 agit,
1558 2183 1840 2245 postquam

279 2271 558 2336 dedisset;
600 2270 856 2340 hymnum
888 2269 1104 2332 cecinit,
1132 2277 1190 2322 ut
1222 2283 1321 2322 nos
1348 2282 1568 2336 quoque
1593 2266 1644 2320 id
1665 2266 1840 2334 ipsum

282 2363 576 2418 faciamus.
613 2381 632 2413 ι
663 2361 730 2415 Et
752 2362 1046 2432 apostolos,
1078 2371 1130 2416 et
1153 2361 1471 2416 subsecutus
1506 2357 1843 2415 Christianos

282 2455 521 2524 hymnos
547 2469 576 2507 a
610 2470 666 2509 se
699 2453 1050 2522 compositos,
1076 2453 1156 2507 vel
1187 2453 1253 2506 ab
1277 2452 1460 2522 aliquo
1479 2461 1663 2505 vatum
1691 2459 1839 2505 vete-

281 2557 410 2594 rum
457 2541 768 2610 desumptos
809 2541 1110 2604 cecinisse,
1157 2541 1534 2610 exstitissequc
1579 2555 1641 2594 ea
1687 2547 1842 2594 aetate

281 2630 532 2684 carmina
557 2630 732 2700 prisca
764 2647 918 2686 versu
948 2631 1208 2696 trimetro,
1239 2639 1291 2685 et
1318 2631 1546 2701 hymnos
1580 2645 1703 2685 cum
1727 2630 1841 2684 suis

278 2722 598 2777 accentibus
623 2723 764 2777 inter
787 2739 941 2777 sacra
984 2732 1106 2779 ante
1134 2723 1322 2778 altaria
1353 2723 1618 2789 canenda,
1650 2723 1841 2792 probat

282 2815 610 2870 testimoniis
662 2814 880 2871 Patrum
924 2815 1157 2872 Joannes
1197 2817 1501 2886 Stephanus
1547 2815 1840 2870 Durantius

279 2906 365 2959 De
388 2907 574 2961 ritibus
630 2905 830 2963 Eccles.
885 2909 1104 2974 cat/10L,
1134 2909 1226 2964 lib.
1265 2926 1348 2974 ιιι,
1387 2925 1506 2979 cap.
1549 2910 1634 2964 14.
1660 2908 1725 2963 Ει
1774 2924 1840 2963 ne

282 3013 390 3053 nos
413 2999 465 3052 in
495 3001 630 3055 adeo
659 3001 837 3070 opima
868 3003 1120 3072 lautaque
1147 3018 1300 3058 coena
1317 3001 1487 3073 jejuni
1510 3018 1628 3058 esse
1658 3002 1839 3057 vidca-

281 3105 429 3155 mur,
458 3091 772 3161 adjiciemus
803 3081 1058 3147 nonnulla
1082 3110 1201 3164 qua:
1239 3103 1429 3160 erunt,
1462 3094 1508 3149 si
1541 3094 1680 3149 ratio
1707 3105 1840 3149 tem-

279 3181 433 3252 poris
468 3184 852 3250 consideretur,
881 3185 1276 3255 antiquissima.
1315 3187 1464 3240 Philo
1490 3184 1707 3241 Judazus
1741 3185 1834 3240 lib.

286 3271 364 3328 De
399 3275 502 3326 vita
529 3275 583 3328 in
611 3275 1042 3344 contemplatione
1071 3278 1261 3345 posita,
1294 3292 1594 3332 sermonem
1639 3277 1840 3332 habens

279 3363 352 3417 de
384 3361 602 3420 Essenis
630 3405 644 3430 ,
672 3363 998 3419 Christianis
1046 3365 1250 3419 scilicet
1278 3365 1331 3418 in
1373 3365 1490 3434 ipso
1521 3372 1712 3419 exortu
1740 3361 1841 3418 Ec-

279 3456 480 3521 clesize,
505 3465 564 3511 ut
590 3455 890 3512 doctissimi
941 3457 1142 3527 quique
1182 3456 1601 3513 alIirmatissime
1623 3471 1838 3511 asseve-

279 3554 435 3612 rant,
468 3556 520 3600 et
562 3544 758 3602 Suidas
793 3547 1003 3601 titulum
1042 3547 1268 3616 praebuit
1318 3547 1388 3602 De
1433 3549 1539 3602 vita
1579 3546 1840 3602 Christia—

276 3651 498 3700 norum,
548 3637 704 3706 cujus
747 3638 909 3692 verba
954 3637 1262 3694 referuntur
1305 3640 1371 3693 ab
1414 3638 1647 3695 Eusebio
1692 3638 1834 3693 Hist.

275 3724 407 3778 εισι.
440 3724 532 3779 lib.
568 3741 636 3792 ιι,
660 3743 778 3796 cap.
811 3727 897 3789 i7,
926 3729 990 3783 de
1013 3745 1198 3782 eorum
1235 3729 1477 3785 ecclesiis
1511 3729 1706 3784 refert:
1751 3731 1838 3783 Ἐν

273 3809 324 3885 ᾧ
348 3817 663 3888 μονούμενοι
689 3818 754 3872 τὰ
777 3821 869 3875 τοῦ
901 3822 1098 3892 σεμνοῦ
1116 3821 1224 3892 βίου
1260 3824 1527 3895 μυστήρια
1541 3822 1834 3888 τελοῦνται,

280 3908 450 3988 μηδὲν
483 3911 908 3984 εἰσκομίζοντες,
943 3915 1018 3986 μὴ
1054 3915 1232 3980 ποτὸν,
1276 3915 1350 3986 μὴ
1378 3916 1562 3974 σιτίον,
1599 3917 1671 3989 μή
1700 3917 1761 3970 τὲ
1784 3934 1837 3968 τι

276 3997 388 4051 τῶν
418 3998 609 4070 ἄλλων,
640 4003 740 4056 ὅσα
776 4004 908 4074 πρὸς
938 4003 1034 4069 τὰς
1065 4005 1155 4058 τοῦ
1184 4004 1429 4078 σώματος
1461 4007 1649 4078 χρείας
1674 4008 1839 4075 ἀναγ-

277 4093 409 4150 καῑα
429 4132 442 4155 ,
472 4092 605 4146 ἀλλὰ
630 4095 824 4165 νόμους
867 4097 959 4150 καὶ
1009 4096 1164 4164 λόγια
1211 4096 1566 4151 Θεσπισϐἐντα
1590 4097 1675 4152 διὰ
1707 4115 1838 4168 προ-

274 4183 484 4252 φητῶν,
510 4185 600 4240 καὶ
626 4185 846 4255 ὕμνους.
888 4205 906 4238 ι
946 4185 1001 4240 1η
1029 4203 1136 4257 quo
1160 4188 1234 4241 illi
1253 4187 1320 4242 ab
1354 4188 1473 4243 aliis
1500 4189 1730 4258 separati
1755 4204 1838 4242 se-

271 4272 557 4344 iunctique
582 4273 702 4329 vita:
731 4276 831 4345 piae
864 4277 1116 4348 mysteria
1143 4278 1362 4344 obeunt,
1386 4277 1627 4348 nihilque
1659 4293 1723 4332 eo
1755 4277 1838 4330 vel

273 4360 405 4425 cibi,
440 4363 522 4416 vel
552 4364 806 4432 potionis,
834 4365 916 4418 vel
949 4365 1176 4420 aliarum
1221 4381 1420 4434 rerum,
1453 4383 1574 4437 quae
1616 4367 1682 4421 ad
1716 4382 1838 4423 cor-

277 4455 433 4522 poris
469 4469 624 4508 usum
669 4457 987 4511 necessariae
1025 4466 1184 4526 sunt,
1219 4460 1441 4514 omnino
1471 4475 1654 4515 secum
1702 4457 1837 4512 infe-
1869 4483 1912 4537 ι)

275 4551 445 4599 runt:
505 4546 599 4600 sed
646 4547 791 4616 leges
847 4555 899 4601 et
936 4550 1153 4603 oracula
1188 4566 1216 4604 a
1257 4551 1535 4621 prophetis
1573 4550 1832 4604 divinitus

273 4637 442 4703 edita,
473 4637 824 4710 hymnosque.
865 4661 882 4692 ι
916 4641 980 4696 Ει
1003 4641 1136 4695 infra
1164 4644 1336 4712 magis
1361 4653 1542 4712 aperte
1573 4668 1587 4698 -.
1622 4641 1747 4697 ὡστ’
1771 4644 1832 4698 οὗ

273 4721 539 4794 θεωροῦσι
599 4727 789 4796 μόνον,
833 4728 967 4783 ἀλλὰ
1025 4732 1118 4784 καὶ
1172 4730 1414 4784 ποιοῦσιν
1474 4732 1690 4804 ᾄσματα
1742 4734 1834 4786 καλ⁸

273 4813 480 4884 ὕμνους
503 4817 587 4880 εἰς
634 4818 725 4872 τὸν
767 4820 898 4873 Θεὸν
939 4821 1027 4874 διὰ
1077 4823 1342 4877 παντοίων
1375 4825 1586 4897 μέτρων
1616 4827 1707 4879 καὶ
1740 4842 1834 4895 με-

272 4906 416 4973 λῶν,
467 4907 693 4979 ρύθμοις
731 4911 1076 4984 σεμνοτέροις
1111 4914 1419 4984 ἀναγκαίως
1450 4915 1827 4988 χαράσσοντες.

280 5017 300 5050 ι
336 4998 416 5054 Ita
451 5000 609 5069 plane
652 5019 760 5058 non
810 5008 1251 5077 contemplationi
1284 5010 1460 5064 solum
1486 5026 1546 5065 se
1589 5011 1832 5077 dedunt,

273 5090 373 5145 sed
401 5091 564 5146 etiam
597 5096 878 5151 cautiones
911 5107 964 5152 et
986 5099 1216 5169 hymnos
1240 5100 1305 5154 ad
1337 5099 1430 5155 Dei
1457 5101 1669 5157 laudem
1693 5117 1834 5157 com-

281 5189 491 5249 ponunt
522 5186 671 5238 omni
698 5196 997 5242 metrorum
1029 5204 1093 5244 ac
1112 5189 1538 5245 modulationum
1569 5207 1785 5262 genere.
1809 5212 1827 5244 ι

271 5270 484 5328 Plinius
517 5274 727 5346 (neque
756 5279 901 5333 enim
948 5280 1245 5336 absurdum
1291 5281 1453 5339 fuerit
1493 5284 1562 5339 ad
1616 5294 1832 5339 nostras

270 5376 362 5415 res
389 5365 840 5432 comprobandas,
862 5383 928 5423 ex
961 5369 1196 5426 inimicis
1228 5372 1482 5430 Ecclesia:
1527 5375 1830 5430 testimonia

272 5457 514 5519 sumere)
555 5451 610 5507 in
649 5457 878 5525 epistola
909 5460 977 5512 ad
1020 5459 1314 5530 Trajanum
1354 5464 1474 5535 (lib.
1505 5481 1540 5519 ιι
1564 5507 1578 5531 ,
1627 5466 1718 5536 97)
1766 5467 1834 5520 de

273 5544 602 5602 Christianis
633 5564 648 5600 :
683 5565 700 5598 ι
729 5548 1082 5607 Allirmabant
1109 5564 1286 5610 autem
1311 5557 1450 5614 hanc
1484 5557 1653 5614 fuisse
1679 5574 1830 5613 sum-

285 5649 414 5692 man
443 5637 534 5693 vel
557 5634 724 5707 culpae
756 5655 868 5696 sua:
897 5642 978 5697 vel
1005 5645 1203 5698 erroris
1223 5687 1238 5710 ,
1287 5651 1430 5715 quod
1461 5656 1642 5704 essent
1687 5649 1831 5703 soliti

262 5735 408 5783 atato
430 5722 532 5784 die
558 5738 682 5787 ante
706 5733 876 5790 lucem
911 5739 1217 5796 convenire.
1246 5749 1574 5806 carmenque
1612 5739 1832 5794 Christo

1867 3138 1906 3191 C

1944 1901 2313 1971 Chrysostomi
2342 1911 2466 1956 sunt
2495 1920 2507 1954 :
2541 1901 2703 1954 Ὅταν
2745 1901 2953 1964 τούτοις
2979 1903 3042 1953 ὲκ
3082 1900 3269 1963 παιδὸς
3314 1899 3504 1971 ὲνάξῃς

1942 1992 2124 2060 αὐτὸν,
2157 1993 2295 2047 κατὰ
2327 1993 2516 2064 μικρὸν
2552 1992 2645 2045 καὶ
2673 1993 2764 2045 ἐπὶ
2803 1991 2870 2045 τὰ
2902 1991 3204 2063 ὑψηλότερα
3237 1990 3382 2056 ἄξεις
3409 2010 3420 2021 ·
3456 1994 3505 2045 οἱ

1942 2081 2142 2153 ψαλμοὶ
2159 2081 2334 2134 πάντα
2362 2081 2588 2152 ἔχουσινι
2609 2082 2658 2134 oi
2684 2081 2740 2134 δὲ
2763 2079 2918 2151 ὕμνοι
2948 2079 3106 2134 πάλιν
3130 2080 3280 2133 οὐδὲν
3301 2079 3508 2152 ἀνθρώ-

1945 2191 2113 2227 πινον·
2146 2176 2270 2227 ὅταν
2303 2176 2358 2227 ἐν
2391 2176 2500 2237 τοῖς
2531 2173 2763 2244 ψαλμοῖς
2790 2173 2967 2246 μάθῃ,
3003 2174 3122 2227 τότε
3170 2175 3264 2228 καὶ
3308 2173 3507 2245 ὕμνους

1943 2264 2144 2317 εἴσεται
2186 2265 2281 2318 ἆτε
2327 2265 2590 2337 θειότερον
2624 2267 2871 2336 πρᾶγμα·
2899 2267 2956 2318 αἱ
2984 2264 3090 2336 γὰρ
3117 2265 3228 2320 ἄνω
3252 2265 3506 2335 δυνάμεις

1943 2356 2220 2428 ὑμνοῦσιν,
2241 2358 2300 2410 οὐ
2320 2357 2626 2427 ψάλλουσιν.
2663 2375 2681 2407 ι
2716 2355 2774 2410 Si
2803 2372 2833 2409 a
2855 2371 3024 2426 puero
3048 2357 3166 2411 istis
3195 2356 3506 2412 assuefece-

1942 2447 2017 2501 ris
2051 2463 2196 2510 eum,
2228 2445 2486 2516 paulatim
2515 2455 2567 2500 et
2591 2445 2656 2500 ad
2685 2445 3001 2500 sublimiora
3026 2445 3281 2500 deducas.
3305 2445 3504 2500 Psalmi

1941 2537 2370 2607 complectuntur
2396 2536 2598 2591 omnia.
2633 2534 2843 2591 Rursus
2875 2547 2928 2590 et
2959 2535 3144 2604 hymni
3172 2549 3389 2605 quoque
3417 2535 3503 2588 ni-

1943 2629 2016 2682 hil
2053 2628 2251 2682 habent
2281 2626 2526 2681 humani.
2567 2624 2718 2692 Quod
2753 2627 2798 2680 si
2849 2626 2905 2681 in
2952 2627 3179 2696 psalmis
3209 2627 3504 2683 instructus

1934 2718 2121 2784 ‘fuerit,
2148 2727 2264 2772 tum
2292 2731 2344 2775 et
2373 2719 2600 2790 hymnos
2623 2719 2880 2788 intelliget
2907 2735 2970 2773 ac
3000 2718 3135 2774 sciet
3175 2727 3361 2788 utpote
3389 2735 3500 2774 rem

1939 2811 2279 2866 diviniorem.
2314 2809 2524 2864 Etenim
2557 2816 2852 2879 potestates
2883 2824 3091 2878 supera:
3114 2811 3343 2881 hymnos
3373 2825 3503 2864 con-

1939 2903 2147 2966 cinunt,
2177 2916 2284 2954 non
2321 2899 2576 2970 psallunt.
2613 2917 2630 2950 ›
2667 2896 2938 2953 Hactenus
2970 2896 3286 2953 Balduinus.

2011 2991 2375 3047 Tcrtullianus
2407 2990 2460 3044 in
2515 2989 2773 3059 Apolog.,
2825 3004 2947 3058 cap.
3000 2988 3097 3052 59,
3141 2988 3208 3042 de
3251 2987 3502 3041 convivio

1938 3081 2371 3137 Christianorum
2400 3100 2414 3136 :
2447 3100 2466 3132 ι
2496 3077 2625 3135 Post
2645 3094 2839 3150 aquam
2864 3078 3168 3133 manualem
3194 3089 3245 3133 et
3275 3079 3500 3145 lumina,

1942 3185 2000 3231 ut
2037 3177 2285 3248 quisquis
2319 3178 2385 3232 de
2410 3175 2706 3245 Scripturis
2725 3174 2948 3237 sanctis,
2979 3174 3061 3228 vel
3089 3173 3155 3227 de
3181 3173 3400 3242 proprio
3426 3172 3505 3225 in-

1940 3269 2095 3340 genio
2130 3261 2323 3336 potest,
2364 3275 2687 3338 provocatur
2722 3265 2775 3318 in
2799 3264 3038 3318 medium
3069 3263 3178 3318 Deo
3220 3279 3435 3318 canere.
3478 3281 3496 3314 ι

1940 3363 2071 3416 ltem
2109 3361 2207 3420 lib.
2242 3378 2280 3416 ιι
2305 3361 2381 3432 (in
2417 3360 2541 3428 line)
2582 3359 2663 3414 Ad
2708 3374 2955 3424 uxorem,
2995 3355 3332 3410 Christianos
3382 3369 3504 3410 sese

1940 3462 2130 3507 mutuo
2162 3467 2505 3522 provocasse,
2536 3451 2660 3520 quis
2692 3449 2886 3504 melius
2931 3446 3039 3501 Deo
3088 3460 3190 3500 suo
3234 3452 3452 3500 caneret
3484 3460 3501 3498 :

1940 3559 2113 3612 neque
2143 3542 2318 3598 solum
2351 3542 2403 3594 in
2430 3540 2655 3596 ecclesia
2686 3548 2780 3593 aut
2825 3546 2991 3601 coetu,
3030 3535 3126 3592 sed
3178 3537 3233 3590 in
3279 3535 3502 3603 privatis

1938 3635 2369 3689 Christianorum
2419 3631 2662 3695 aedibus,
2703 3631 2941 3702 psalmos
2999 3629 3346 3683 concinuisse
3403 3629 3498 3683 ait.

1937 3725 2094 3779 Certe
2117 3725 2169 3777 in
2195 3723 2280 3786 iis,
2313 3722 2447 3775 utin
2475 3721 2702 3775 ecclesia
2730 3762 2744 3786 ,
2790 3735 2977 3790 preces
3023 3719 3272 3774 sonuisse
3311 3719 3502 3774 scribit

1937 3814 2240 3885 Cyprianus
2273 3813 2340 3866 ad
2367 3822 2641 3883 martyres.
2671 3809 2773 3864 Sed
2803 3817 2857 3864 et
2885 3808 3136 3865 Clemens
3181 3809 3500 3862 Alexandri-

1938 3923 2041 3962 nus
2077 3906 2170 3961 lib.
2197 3921 2272 3960 vn
2304 3903 2442 3975 (cap.
2474 3904 2529 3972 '7)
2561 3901 2890 3957 Stromatum
2923 3900 3126 3954 indicat
3176 3899 3345 3955 moris
3365 3898 3502 3953 fuis-

1939 4014 2017 4065 se,
2045 4007 2106 4052 ut
2132 4013 2255 4052 cum
2283 3996 2463 4051 cibum
2489 4006 2765 4054 sumerent
2790 3991 3105 4057 Christiani,
3132 3991 3325 4061 psalmi
3345 3993 3498 4062 hym-

1938 4089 2104 4158 nique
2131 4094 2506 4157 personarent,
2543 4097 2646 4139 etc.
2685 4084 2801 4138 Erit
2838 4099 2966 4154 ergo
3013 4098 3230 4136 carmen
3281 4095 3498 4147 canere,

1941 4179 2168 4250 hymnos
2227 4177 2280 4230 in
2329 4176 2514 4231 laudes
2559 4176 2727 4231 divini
2773 4176 3010 4232 nominis
3056 4175 3138 4228 vel
3184 4182 3497 4228 sanctorum

1938 4269 2280 4338 conscriptos
2312 4269 2618 4323 concinere.
2667 4267 2891 4334 Auctor,
2923 4267 3017 4338 qui
3064 4267 3165 4322 sub
3197 4267 3499 4321 Commodo

1939 4360 2205 4414 scribebat
2229 4360 2486 4415 adversus
2516 4360 2826 4415 Artemonis
2845 4359 3117 4425 haeresim,
3141 4367 3202 4413 ut
3231 4376 3294 4412 ex
3327 4357 3495 4412 Euse-

1940 4449 2013 4503 bii
2045 4447 2285 4502 Historia
2312 4448 2623 4510 ecclesiash,
2660 4447 2752 4502 lib.
2778 4464 2832 4514 v,
2858 4462 2976 4517 cap.
3003 4447 3499 4511 37,discimus,snb

1941 4542 2115 4608 initio,
2149 4541 2483 4597 canticorum
2506 4549 2561 4596 et
2584 4541 2904 4613 hymnorum
2939 4541 2991 4592 in
3025 4543 3199 4610 ipsum
3221 4539 3497 4593 Christum

1939 4649 1968 4686 a
1997 4632 2242 4689 ﬁdelibus
2272 4633 2541 4688 editorum
2571 4633 2819 4687 meminit
2855 4651 2868 4686 :
2902 4631 3120 4703 Ψαλμοὶ
3153 4632 3208 4686 δὲ
3249 4633 3360 4685 ὅσοι
3409 4632 3500 4684 καὶ

1939 4724 2072 4796 ᾠδαὶ
2123 4725 2365 4795 ἀδελφῶν
2422 4725 2514 4778 ἀπ’
2567 4727 2740 4798 ἀρχῆς
2807 4725 2908 4780 ὑπὸ
2965 4725 3166 4780 πιστῶν
3212 4727 3499 4797 γραφεῖσαι

1937 4815 2030 4868 τὸν
2063 4815 2232 4883 Λόγον
2261 4815 2352 4868 τοῦ
2379 4814 2512 4868 Θεοῦ
2533 4816 2622 4868 τὸν
2660 4816 2893 4889 Χριστὸν
2935 4817 3161 4888 ὑμνοῦσι
3193 4816 3498 4884 Θεολογοῦν-

1937 4924 2045 4970 τες.
2086 4923 2104 4956 ι
2139 4904 2416 4976 Quotquot
2443 4907 2572 4961 item
2602 4909 2794 4976 psalmi
2826 4918 2987 4977 atque
3023 4907 3207 4977 hymni
3233 4908 3301 4960 ab
3343 4904 3498 4958 initio

1940 4998 2234 5068 (nascentis
2254 5013 2444 5069 nempe
2460 5009 2581 5069 post
2596 4997 2870 5054 Christum
2890 4997 3161 5064 Ecclesiae)
3189 5014 3217 5051 a
3240 4997 3499 5052 fratribus

1938 5091 2252 5160 conscripti,
2284 5091 2339 5144 hi
2369 5105 2558 5146 omnes
2579 5089 2853 5146 Christum
2879 5089 3111 5146 Verbum
3141 5089 3233 5144 Dei
3259 5089 3496 5143 concele-

1938 5185 2135 5250 brant,
2184 5183 2520 5238 divinitatem
2567 5186 2617 5239 ei
2664 5184 2969 5239 tribuendo.
3013 5202 3033 5235 ι
3077 5181 3143 5235 Et
3179 5184 3231 5235 in
3267 5182 3496 5237 concilio

1938 5277 2277 5334 Antiocheno
2319 5277 2421 5331 sub
2464 5275 2754 5331 Aureliano
2789 5275 2930 5344 apud
2961 5273 3209 5330 eumdem
3255 5273 3330 5327 lib
3399 5287 3495 5338 τη,

1938 5386 2057 5440 cap.
2089 5371 2178 5437 50,
2208 5371 2346 5425 inter
2374 5369 2478 5424 alia
2503 5369 2730 5423 crimina
2759 5367 2928 5422 Paulo
2966 5365 3320 5420 Samosateno
3345 5365 3497 5434 obje-

1937 5471 2045 5527 cta,
2080 5477 2186 5516 non
2212 5456 2544 5531 postremtim
2585 5461 2760 5514 locum
2798 5459 3059 5525 obtinuit,
3099 5473 3222 5513 eum
3257 5458 3495 5526 psalmos

1936 5563 1988 5607 et
2015 5561 2228 5617 cantus,
2259 5554 2351 5622 qui
2382 5553 2446 5607 ad
2471 5567 2567 5607 sua
2599 5561 2836 5618 tempora
2856 5552 2906 5604 in
2937 5550 3222 5604 Dominum
3248 5559 3492 5603 nostrum

1937 5645 2149 5700 recitari
2195 5628 2825 5713 solebantfexplosisse,
2866 5652 2920 5697 et
2961 5643 3013 5695 in
3062 5640 3235 5696 media
3266 5638 3493 5694 ecclesia

1938 5740 2160 5796 solemni
2195 5737 2474 5833 Paschalis
2509 5739 2594 5794 die
2625 5737 2911 5807 mulieres,
2950 5753 3068 5808 quae
3111 5735 3410 5793 cantilenas
3443 5738 3500 5797 in
