  <div class='ocr_page' id='page_1' title='image "/cluster/home/n/w/nwhite01/storage/ocr_20150623/10/hvd.32044073501330/627.png"; bbox 0 0 3938 6282; ppageno 0'>
   <div class='ocr_carea' id='block_1_1' title="bbox 514 250 650 309">
    <p class='ocr_par' dir='ltr' id='par_1_1' title="bbox 514 250 650 309">
     <span class='ocr_line' id='line_1_1' title="bbox 514 250 650 309; baseline 0.015 -2"><span class='ocrx_word' id='word_1_1' title='bbox 514 250 650 309; x_wconf 64' lang='lat' dir='ltr'><strong>HIS</strong></span> 
     </span>
    </p>
   </div>
   <div class='ocr_carea' id='block_1_2' title="bbox 1398 246 2884 307">
    <p class='ocr_par' dir='ltr' id='par_1_2' title="bbox 1398 246 2884 307">
     <span class='ocr_line' id='line_1_2' title="bbox 1398 246 2884 307; baseline -0.002 -1"><span class='ocrx_word' id='word_1_2' title='bbox 1398 249 1644 307; x_wconf 83' lang='lat' dir='ltr'><strong>LEONIS</strong></span> <span class='ocrx_word' id='word_1_3' title='bbox 1679 248 1953 306; x_wconf 79' lang='lat' dir='ltr'><strong>ALLATII</strong></span> <span class='ocrx_word' id='word_1_4' title='bbox 1989 246 2310 304; x_wconf 80' lang='lat' dir='ltr'><strong>DIATRIBA</strong></span> <span class='ocrx_word' id='word_1_5' title='bbox 2349 247 2438 303; x_wconf 88' lang='lat' dir='ltr'><strong>DE</strong></span> <span class='ocrx_word' id='word_1_6' title='bbox 2474 248 2884 305; x_wconf 64' lang='lat' dir='ltr'><strong>THEO‘DORIS.</strong></span> 
     </span>
    </p>
   </div>
   <div class='ocr_carea' id='block_1_3' title="bbox 3600 242 3769 299">
    <p class='ocr_par' dir='ltr' id='par_1_3' title="bbox 3600 242 3769 299">
     <span class='ocr_line' id='line_1_3' title="bbox 3600 242 3769 299; baseline 0.006 -1"><span class='ocrx_word' id='word_1_7' title='bbox 3600 242 3769 299; x_wconf 69' lang='grc' dir='ltr'><strong>ωδ</strong></span> 
     </span>
    </p>
   </div>
   <div class='ocr_carea' id='block_1_4' title="bbox 509 361 2083 444">
    <p class='ocr_par' dir='ltr' id='par_1_4' title="bbox 509 371 2073 444">
     <span class='ocr_line' id='line_1_4' title="bbox 509 371 2073 444; baseline -0.001 -17"><span class='ocrx_word' id='word_1_8' title='bbox 509 372 680 442; x_wconf 88' lang='lat' dir='ltr'><strong>ipsius</strong></span> <span class='ocrx_word' id='word_1_9' title='bbox 706 373 892 429; x_wconf 84' lang='lat' dir='ltr'><strong>laudes</strong></span> <span class='ocrx_word' id='word_1_10' title='bbox 924 371 1230 439; x_wconf 78' lang='lat' dir='ltr'><strong>funderent,</strong></span> <span class='ocrx_word' id='word_1_11' title='bbox 1267 372 1635 429; x_wconf 78' lang='lat' dir='ltr'><strong>introduxisse</strong></span> <span class='ocrx_word' id='word_1_12' title='bbox 1666 392 1679 428; x_wconf 92' lang='lat'>:</span> <span class='ocrx_word' id='word_1_13' title='bbox 1710 372 1974 444; x_wconf 81' lang='grc' dir='ltr'>Ψαλμοὺς</span> <span class='ocrx_word' id='word_1_14' title='bbox 2015 371 2073 425; x_wconf 79' lang='grc' dir='ltr'>δὲ</span> 
     </span>
    </p>
   </div>
   <div class='ocr_carea' id='block_1_5' title="bbox 2169 361 3767 444">
    <p class='ocr_par' dir='ltr' id='par_1_5' title="bbox 2174 361 3767 444">
     <span class='ocr_line' id='line_1_5' title="bbox 2174 361 3767 444; baseline -0.002 -19"><span class='ocrx_word' id='word_1_15' title='bbox 2174 361 2432 444; x_wconf 79' lang='grc' dir='ltr'>φέροντες</span> <span class='ocrx_word' id='word_1_16' title='bbox 2460 372 2612 439; x_wconf 83' lang='grc' dir='ltr'>φῶτα</span> <span class='ocrx_word' id='word_1_17' title='bbox 2642 373 2711 426; x_wconf 78' lang='grc' dir='ltr'>ἐκ.</span> <span class='ocrx_word' id='word_1_18' title='bbox 2733 371 2838 425; x_wconf 86' lang='grc' dir='ltr'><strong>τῶν</strong></span> <span class='ocrx_word' id='word_1_19' title='bbox 2871 371 3105 443; x_wconf 75' lang='grc' dir='ltr'><strong>κηρίνων</strong></span> <span class='ocrx_word' id='word_1_20' title='bbox 3132 370 3459 442; x_wconf 72' lang='grc' dir='ltr'>λαμπάδιον,</span> <span class='ocrx_word' id='word_1_21' title='bbox 3491 369 3598 441; x_wconf 74' lang='grc' dir='ltr'>τῆς</span> <span class='ocrx_word' id='word_1_22' title='bbox 3648 369 3767 439; x_wconf 74' lang='grc' dir='ltr'>βα-</span> 
     </span>
    </p>
   </div>
   <div class='ocr_carea' id='block_1_6' title="bbox 504 465 2071 542">
    <p class='ocr_par' dir='ltr' id='par_1_6' title="bbox 504 465 2071 542">
     <span class='ocr_line' id='line_1_6' title="bbox 504 465 2071 542; baseline -0.004 -16"><span class='ocrx_word' id='word_1_23' title='bbox 504 472 632 535; x_wconf 77' lang='grc' dir='ltr'>τοὺς</span> <span class='ocrx_word' id='word_1_24' title='bbox 660 470 760 542; x_wconf 78' lang='grc' dir='ltr'>μὲν</span> <span class='ocrx_word' id='word_1_25' title='bbox 790 471 870 533; x_wconf 85' lang='grc' dir='ltr'><strong>είς</strong></span> <span class='ocrx_word' id='word_1_26' title='bbox 900 469 989 522; x_wconf 85' lang='grc' dir='ltr'>τὸν</span> <span class='ocrx_word' id='word_1_27' title='bbox 1021 467 1221 542; x_wconf 75' lang='grc' dir='ltr'>Κύριον</span> <span class='ocrx_word' id='word_1_28' title='bbox 1244 469 1400 541; x_wconf 77' lang='grc' dir='ltr'>ἡμῶν</span> <span class='ocrx_word' id='word_1_29' title='bbox 1433 468 1638 540; x_wconf 82' lang='grc' dir='ltr'>Ἰησοῦν</span> <span class='ocrx_word' id='word_1_30' title='bbox 1662 468 1894 541; x_wconf 80' lang='grc' dir='ltr'>Χριστὸν</span> <span class='ocrx_word' id='word_1_31' title='bbox 1937 465 2071 520; x_wconf 81' lang='grc' dir='ltr'>παύ-</span> 
     </span>
    </p>
   </div>
   <div class='ocr_carea' id='block_1_7' title="bbox 507 557 2078 630">
    <p class='ocr_par' dir='ltr' id='par_1_7' title="bbox 507 557 2078 630">
     <span class='ocr_line' id='line_1_7' title="bbox 507 557 2078 630; baseline -0.002 -17"><span class='ocrx_word' id='word_1_32' title='bbox 507 574 626 623; x_wconf 85' lang='grc' dir='ltr'>σας,</span> <span class='ocrx_word' id='word_1_33' title='bbox 649 559 725 622; x_wconf 82' lang='grc' dir='ltr'>ὡς</span> <span class='ocrx_word' id='word_1_34' title='bbox 744 557 808 629; x_wconf 77' lang='grc' dir='ltr'>δὴ</span> <span class='ocrx_word' id='word_1_35' title='bbox 830 558 1144 629; x_wconf 80' lang='grc' dir='ltr'><strong>νεωτέρους,</strong></span> <span class='ocrx_word' id='word_1_36' title='bbox 1168 558 1261 612; x_wconf 78' lang='grc' dir='ltr'>καὶ</span> <span class='ocrx_word' id='word_1_37' title='bbox 1280 559 1556 630; x_wconf 78' lang='grc' dir='ltr'>νεωτέρων</span> <span class='ocrx_word' id='word_1_38' title='bbox 1575 558 1782 630; x_wconf 83' lang='grc' dir='ltr'>ἀνδρῶν</span> <span class='ocrx_word' id='word_1_39' title='bbox 1804 557 2078 629; x_wconf 85' lang='grc' dir='ltr'>συγγράμ-</span> 
     </span>
    </p>
   </div>
   <div class='ocr_carea' id='block_1_8' title="bbox 510 651 2075 725">
    <p class='ocr_par' dir='ltr' id='par_1_8' title="bbox 510 651 2075 725">
     <span class='ocr_line' id='line_1_8' title="bbox 510 651 2075 725; baseline -0.001 -19"><span class='ocrx_word' id='word_1_40' title='bbox 510 668 677 725; x_wconf 84' lang='grc' dir='ltr'>ματα,</span> <span class='ocrx_word' id='word_1_41' title='bbox 707 653 786 716; x_wconf 87' lang='grc' dir='ltr'><strong>είς</strong></span> <span class='ocrx_word' id='word_1_42' title='bbox 810 651 998 705; x_wconf 85' lang='grc' dir='ltr'>ἑαυτὸν</span> <span class='ocrx_word' id='word_1_43' title='bbox 1024 652 1080 704; x_wconf 87' lang='grc' dir='ltr'>δὲ</span> <span class='ocrx_word' id='word_1_44' title='bbox 1113 653 1172 704; x_wconf 91' lang='grc' dir='ltr'><strong>ἐν</strong></span> <span class='ocrx_word' id='word_1_45' title='bbox 1205 652 1342 724; x_wconf 84' lang='grc' dir='ltr'>μέσῃ</span> <span class='ocrx_word' id='word_1_46' title='bbox 1372 653 1438 723; x_wconf 82' lang='grc' dir='ltr'>τῇ</span> <span class='ocrx_word' id='word_1_47' title='bbox 1473 651 1759 723; x_wconf 79' lang='grc' dir='ltr'>ἐκκλησίᾳ,</span> <span class='ocrx_word' id='word_1_48' title='bbox 1778 655 1842 723; x_wconf 80' lang='grc' dir='ltr'>τῇ</span> <span class='ocrx_word' id='word_1_49' title='bbox 1865 652 2075 723; x_wconf 79' lang='grc' dir='ltr'><strong>μεγάλῃ</strong></span> 
     </span>
    </p>
   </div>
   <div class='ocr_carea' id='block_1_9' title="bbox 504 741 2077 815">
    <p class='ocr_par' dir='ltr' id='par_1_9' title="bbox 504 741 2077 815">
     <span class='ocr_line' id='line_1_9' title="bbox 504 741 2077 815; baseline -0.001 -19"><span class='ocrx_word' id='word_1_50' title='bbox 504 742 599 796; x_wconf 80' lang='grc' dir='ltr'><strong>τοῦ</strong></span> <span class='ocrx_word' id='word_1_51' title='bbox 628 742 818 813; x_wconf 83' lang='grc' dir='ltr'>Πάσχα</span> <span class='ocrx_word' id='word_1_52' title='bbox 845 742 1050 814; x_wconf 74' lang='grc' dir='ltr'>ἡμέρᾳ,</span> <span class='ocrx_word' id='word_1_53' title='bbox 1094 742 1402 813; x_wconf 79' lang='grc' dir='ltr'>ψαλμῳδεῖν</span> <span class='ocrx_word' id='word_1_54' title='bbox 1434 745 1696 810; x_wconf 87' lang='grc' dir='ltr'>γυναῖκας</span> <span class='ocrx_word' id='word_1_55' title='bbox 1732 741 2077 815; x_wconf 84' lang='grc' dir='ltr'>παρασκευά-</span> 
     </span>
    </p>
   </div>
   <div class='ocr_carea' id='block_1_10' title="bbox 506 830 2078 907">
    <p class='ocr_par' dir='ltr' id='par_1_10' title="bbox 506 830 2078 907">
     <span class='ocr_line' id='line_1_10' title="bbox 506 830 2078 907; baseline -0.001 -17"><span class='ocrx_word' id='word_1_56' title='bbox 506 835 632 900; x_wconf 82' lang='grc' dir='ltr'>ζων·</span> <span class='ocrx_word' id='word_1_57' title='bbox 670 830 744 890; x_wconf 85' lang='grc' dir='ltr'><strong>ῶν</strong></span> <span class='ocrx_word' id='word_1_58' title='bbox 768 836 863 889; x_wconf 77' lang='grc' dir='ltr'><strong>καὶ</strong></span> <span class='ocrx_word' id='word_1_59' title='bbox 890 835 1125 899; x_wconf 85' lang='grc' dir='ltr'>ἀκούσας</span> <span class='ocrx_word' id='word_1_60' title='bbox 1155 836 1218 890; x_wconf 85' lang='grc' dir='ltr'>ἄν</span> <span class='ocrx_word' id='word_1_61' title='bbox 1246 852 1329 899; x_wconf 89' lang='grc' dir='ltr'><strong>τις</strong></span> <span class='ocrx_word' id='word_1_62' title='bbox 1356 834 1612 907; x_wconf 76' lang='grc' dir='ltr'>φρίξειεν.</span> <span class='ocrx_word' id='word_1_63' title='bbox 1657 854 1675 887; x_wconf 86' lang='grc' dir='ltr'><strong>ι</strong></span> <span class='ocrx_word' id='word_1_64' title='bbox 1728 834 1974 890; x_wconf 84' lang='lat' dir='ltr'><strong>Psalmos</strong></span> <span class='ocrx_word' id='word_1_65' title='bbox 2025 844 2078 889; x_wconf 88' lang='lat' dir='ltr'><strong>et</strong></span> 
     </span>
    </p>
   </div>
   <div class='ocr_carea' id='block_1_11' title="bbox 504 924 2072 996">
    <p class='ocr_par' dir='ltr' id='par_1_11' title="bbox 504 924 2072 996">
     <span class='ocr_line' id='line_1_11' title="bbox 504 924 2072 996; baseline 0 -17"><span class='ocrx_word' id='word_1_66' title='bbox 504 934 721 989; x_wconf 88' lang='lat' dir='ltr'><strong>cantus,</strong></span> <span class='ocrx_word' id='word_1_67' title='bbox 754 927 845 996; x_wconf 85' lang='lat' dir='ltr'><strong>qui</strong></span> <span class='ocrx_word' id='word_1_68' title='bbox 879 926 944 980; x_wconf 87' lang='lat' dir='ltr'><strong>ad</strong></span> <span class='ocrx_word' id='word_1_69' title='bbox 980 924 1196 980; x_wconf 84' lang='lat' dir='ltr'><strong>Domini</strong></span> <span class='ocrx_word' id='word_1_70' title='bbox 1224 927 1395 981; x_wconf 90' lang='lat' dir='ltr'><strong>nostri</strong></span> <span class='ocrx_word' id='word_1_71' title='bbox 1427 924 1555 979; x_wconf 82' lang='lat' dir='ltr'><strong>Jesu</strong></span> <span class='ocrx_word' id='word_1_72' title='bbox 1585 925 1787 981; x_wconf 91' lang='lat' dir='ltr'><strong>Christi</strong></span> <span class='ocrx_word' id='word_1_73' title='bbox 1812 926 2072 981; x_wconf 82' lang='lat' dir='ltr'><strong>honorem</strong></span> 
     </span>
    </p>
   </div>
   <div class='ocr_carea' id='block_1_12' title="bbox 505 1017 2076 1088">
    <p class='ocr_par' dir='ltr' id='par_1_12' title="bbox 505 1017 2076 1088">
     <span class='ocr_line' id='line_1_12' title="bbox 505 1017 2076 1088; baseline -0.002 -14"><span class='ocrx_word' id='word_1_74' title='bbox 505 1018 781 1074; x_wconf 77' lang='lat' dir='ltr'><strong>decantari</strong></span> <span class='ocrx_word' id='word_1_75' title='bbox 810 1019 1075 1085; x_wconf 84' lang='lat' dir='ltr'><strong>solebant,</strong></span> <span class='ocrx_word' id='word_1_76' title='bbox 1108 1026 1366 1088; x_wconf 82' lang='lat' dir='ltr'><strong>tanquam</strong></span> <span class='ocrx_word' id='word_1_77' title='bbox 1401 1017 1751 1083; x_wconf 81' lang='lat' dir='ltr'><strong>recentiores,</strong></span> <span class='ocrx_word' id='word_1_78' title='bbox 1794 1028 1847 1074; x_wconf 90' lang='lat' dir='ltr'><strong>et</strong></span> <span class='ocrx_word' id='word_1_79' title='bbox 1878 1033 1908 1072; x_wconf 91' lang='lat' dir='ltr'><strong>a</strong></span> <span class='ocrx_word' id='word_1_80' title='bbox 1942 1017 2076 1073; x_wconf 86' lang='lat' dir='ltr'><strong>viris</strong></span> 
     </span>
    </p>
   </div>
   <div class='ocr_carea' id='block_1_13' title="bbox 505 1112 2073 1184">
    <p class='ocr_par' dir='ltr' id='par_1_13' title="bbox 505 1112 2073 1184">
     <span class='ocr_line' id='line_1_13' title="bbox 505 1112 2073 1184; baseline -0.001 -16"><span class='ocrx_word' id='word_1_81' title='bbox 505 1115 826 1168; x_wconf 87' lang='lat' dir='ltr'><strong>reccntioris</strong></span> <span class='ocrx_word' id='word_1_82' title='bbox 860 1114 1136 1168; x_wconf 73' lang='lat' dir='ltr'><strong>memoria:</strong></span> <span class='ocrx_word' id='word_1_83' title='bbox 1170 1113 1365 1180; x_wconf 87' lang='lat' dir='ltr'><strong>editos,</strong></span> <span class='ocrx_word' id='word_1_84' title='bbox 1393 1114 1625 1184; x_wconf 82' lang='lat' dir='ltr'><strong>explosit</strong></span> <span class='ocrx_word' id='word_1_85' title='bbox 1657 1131 1671 1167; x_wconf 89' lang='lat'><strong>:</strong></span> <span class='ocrx_word' id='word_1_86' title='bbox 1705 1120 1759 1167; x_wconf 89' lang='lat' dir='ltr'><strong>et</strong></span> <span class='ocrx_word' id='word_1_87' title='bbox 1802 1113 1858 1167; x_wconf 92' lang='lat' dir='ltr'><strong>in</strong></span> <span class='ocrx_word' id='word_1_88' title='bbox 1897 1112 2073 1167; x_wconf 90' lang='lat' dir='ltr'><strong>media</strong></span> 
     </span>
    </p>
   </div>
   <div class='ocr_carea' id='block_1_14' title="bbox 504 1204 2076 1275">
    <p class='ocr_par' dir='ltr' id='par_1_14' title="bbox 504 1204 2076 1275">
     <span class='ocr_line' id='line_1_14' title="bbox 504 1204 2076 1275; baseline -0.001 -15"><span class='ocrx_word' id='word_1_89' title='bbox 504 1205 754 1269; x_wconf 86' lang='lat' dir='ltr'><strong>ecclesia,</strong></span> <span class='ocrx_word' id='word_1_90' title='bbox 774 1204 1005 1260; x_wconf 83' lang='lat' dir='ltr'><strong>solemni</strong></span> <span class='ocrx_word' id='word_1_91' title='bbox 1033 1204 1316 1260; x_wconf 81' lang='lat' dir='ltr'><strong>Paschalis</strong></span> <span class='ocrx_word' id='word_1_92' title='bbox 1346 1205 1454 1270; x_wconf 90' lang='lat' dir='ltr'><strong>die,</strong></span> <span class='ocrx_word' id='word_1_93' title='bbox 1487 1205 1761 1269; x_wconf 84' lang='lat' dir='ltr'><strong>mulieres,</strong></span> <span class='ocrx_word' id='word_1_94' title='bbox 1793 1220 1914 1275; x_wconf 66' lang='lat' dir='ltr'><strong>qua:</strong></span> <span class='ocrx_word' id='word_1_95' title='bbox 1944 1220 2076 1260; x_wconf 86' lang='lat' dir='ltr'><strong>can-</strong></span> 
     </span>
    </p>
   </div>
   <div class='ocr_carea' id='block_1_15' title="bbox 505 1296 2073 1367">
    <p class='ocr_par' dir='ltr' id='par_1_15' title="bbox 505 1296 2073 1367">
     <span class='ocr_line' id='line_1_15' title="bbox 505 1296 2073 1367; baseline 0 -16"><span class='ocrx_word' id='word_1_96' title='bbox 505 1297 720 1361; x_wconf 80' lang='lat' dir='ltr'><strong>tilenas,</strong></span> <span class='ocrx_word' id='word_1_97' title='bbox 751 1312 889 1366; x_wconf 87' lang='lat' dir='ltr'><strong>quas</strong></span> <span class='ocrx_word' id='word_1_98' title='bbox 909 1296 954 1352; x_wconf 90' lang='lat' dir='ltr'><strong>si</strong></span> <span class='ocrx_word' id='word_1_99' title='bbox 984 1297 1257 1367; x_wconf 83' lang='lat' dir='ltr'><strong>quispiam</strong></span> <span class='ocrx_word' id='word_1_100' title='bbox 1291 1298 1522 1362; x_wconf 85' lang='lat' dir='ltr'><strong>audiret,</strong></span> <span class='ocrx_word' id='word_1_101' title='bbox 1549 1298 1709 1367; x_wconf 84' lang='lat' dir='ltr'><strong>plane</strong></span> <span class='ocrx_word' id='word_1_102' title='bbox 1726 1298 2073 1352; x_wconf 84' lang='lat' dir='ltr'><strong>exhorresce-</strong></span> 
     </span>
    </p>
   </div>
   <div class='ocr_carea' id='block_1_16' title="bbox 503 1388 2068 1459">
    <p class='ocr_par' dir='ltr' id='par_1_16' title="bbox 503 1388 2068 1459">
     <span class='ocr_line' id='line_1_16' title="bbox 503 1388 2068 1459; baseline 0.001 -16"><span class='ocrx_word' id='word_1_103' title='bbox 503 1399 610 1455; x_wconf 87' lang='lat' dir='ltr'><strong>ret,</strong></span> <span class='ocrx_word' id='word_1_104' title='bbox 645 1389 699 1444; x_wconf 90' lang='lat' dir='ltr'><strong>in</strong></span> <span class='ocrx_word' id='word_1_105' title='bbox 732 1390 903 1459; x_wconf 88' lang='lat' dir='ltr'><strong>ipsius</strong></span> <span class='ocrx_word' id='word_1_106' title='bbox 933 1389 1146 1444; x_wconf 89' lang='lat' dir='ltr'><strong>laudem</strong></span> <span class='ocrx_word' id='word_1_107' title='bbox 1180 1388 1503 1455; x_wconf 77' lang='lat' dir='ltr'><strong>funderent,</strong></span> <span class='ocrx_word' id='word_1_108' title='bbox 1544 1389 1898 1459; x_wconf 81' lang='lat' dir='ltr'><strong>comparavit.</strong></span> <span class='ocrx_word' id='word_1_109' title='bbox 1954 1407 1972 1442; x_wconf 75' lang='grc' dir='ltr'><strong>ι</strong></span> <span class='ocrx_word' id='word_1_110' title='bbox 2011 1388 2068 1444; x_wconf 93' lang='lat' dir='ltr'><strong>S.</strong></span> 
     </span>
    </p>
   </div>
   <div class='ocr_carea' id='block_1_17' title="bbox 502 1482 2072 1553">
    <p class='ocr_par' dir='ltr' id='par_1_17' title="bbox 502 1482 2072 1553">
     <span class='ocr_line' id='line_1_17' title="bbox 502 1482 2072 1553; baseline 0.002 -18"><span class='ocrx_word' id='word_1_111' title='bbox 502 1482 838 1553; x_wconf 81' lang='lat' dir='ltr'><strong>Augustinus</strong></span> <span class='ocrx_word' id='word_1_112' title='bbox 865 1482 919 1536; x_wconf 92' lang='lat' dir='ltr'><strong>in</strong></span> <span class='ocrx_word' id='word_1_113' title='bbox 963 1482 1192 1552; x_wconf 87' lang='lat' dir='ltr'><strong>epistola</strong></span> <span class='ocrx_word' id='word_1_114' title='bbox 1228 1499 1317 1549; x_wconf 81' lang='grc' dir='ltr'><strong>ιν,</strong></span> <span class='ocrx_word' id='word_1_115' title='bbox 1348 1482 1451 1547; x_wconf 76' lang='grc'><strong>54,</strong></span> <span class='ocrx_word' id='word_1_116' title='bbox 1492 1499 1615 1553; x_wconf 70' lang='lat' dir='ltr'><strong>quae</strong></span> <span class='ocrx_word' id='word_1_117' title='bbox 1650 1493 1734 1539; x_wconf 87' lang='lat' dir='ltr'><strong>est</strong></span> <span class='ocrx_word' id='word_1_118' title='bbox 1765 1483 1831 1538; x_wconf 89' lang='lat' dir='ltr'><strong>ad</strong></span> <span class='ocrx_word' id='word_1_119' title='bbox 1869 1482 2072 1538; x_wconf 72' lang='lat' dir='ltr'><strong>Ianua»</strong></span> 
     </span>
    </p>
   </div>
   <div class='ocr_carea' id='block_1_18' title="bbox 503 1574 2071 1643">
    <p class='ocr_par' dir='ltr' id='par_1_18' title="bbox 503 1574 2071 1643">
     <span class='ocr_line' id='line_1_18' title="bbox 503 1574 2071 1643; baseline 0.002 -16"><span class='ocrx_word' id='word_1_120' title='bbox 503 1576 647 1629; x_wconf 85' lang='lat' dir='ltr'><strong>rium</strong></span> <span class='ocrx_word' id='word_1_121' title='bbox 677 1593 691 1630; x_wconf 88' lang='lat'><strong>:</strong></span> <span class='ocrx_word' id='word_1_122' title='bbox 725 1593 745 1627; x_wconf 86' lang='grc' dir='ltr'><strong>ι</strong></span> <span class='ocrx_word' id='word_1_123' title='bbox 778 1574 908 1631; x_wconf 89' lang='lat' dir='ltr'><strong>Sine</strong></span> <span class='ocrx_word' id='word_1_124' title='bbox 938 1576 1281 1630; x_wconf 85' lang='lat' dir='ltr'><strong>dubitatione</strong></span> <span class='ocrx_word' id='word_1_125' title='bbox 1313 1576 1627 1631; x_wconf 90' lang='lat' dir='ltr'><strong>faciendum</strong></span> <span class='ocrx_word' id='word_1_126' title='bbox 1662 1585 1747 1632; x_wconf 88' lang='lat' dir='ltr'><strong>est</strong></span> <span class='ocrx_word' id='word_1_127' title='bbox 1770 1618 1785 1643; x_wconf 95' lang='lat'><strong>,</strong></span> <span class='ocrx_word' id='word_1_128' title='bbox 1835 1576 2071 1631; x_wconf 83' lang='lat' dir='ltr'><strong>maxime</strong></span> 
     </span>
    </p>
   </div>
   <div class='ocr_carea' id='block_1_19' title="bbox 2174 460 3762 534">
    <p class='ocr_par' dir='ltr' id='par_1_19' title="bbox 2174 460 3762 534">
     <span class='ocr_line' id='line_1_19' title="bbox 2174 460 3762 534; baseline -0.002 -19"><span class='ocrx_word' id='word_1_129' title='bbox 2174 462 2373 527; x_wconf 87' lang='grc' dir='ltr'>σιλίδος</span> <span class='ocrx_word' id='word_1_130' title='bbox 2399 462 2655 530; x_wconf 79' lang='grc' dir='ltr'>Εὑδοξίας</span> <span class='ocrx_word' id='word_1_131' title='bbox 2687 462 3028 534; x_wconf 79' lang='grc' dir='ltr'><strong>παρεχούσης</strong></span> <span class='ocrx_word' id='word_1_132' title='bbox 3056 462 3154 531; x_wconf 84' lang='grc' dir='ltr'>τὴν</span> <span class='ocrx_word' id='word_1_133' title='bbox 3186 464 3269 525; x_wconf 81' lang='grc' dir='ltr'>εἰς</span> <span class='ocrx_word' id='word_1_134' title='bbox 3300 460 3439 515; x_wconf 82' lang='grc' dir='ltr'>αὒτά</span> <span class='ocrx_word' id='word_1_135' title='bbox 3470 461 3762 528; x_wconf 72' lang='grc' dir='ltr'>δαπάνην·</span> 
     </span>
    </p>
   </div>
   <div class='ocr_carea' id='block_1_20' title="bbox 2173 554 3767 629">
    <p class='ocr_par' dir='ltr' id='par_1_20' title="bbox 2173 554 3767 629">
     <span class='ocr_line' id='line_1_20' title="bbox 2173 554 3767 629; baseline -0.001 -20"><span class='ocrx_word' id='word_1_136' title='bbox 2173 555 2374 627; x_wconf 85' lang='grc' dir='ltr'>πλῆθος</span> <span class='ocrx_word' id='word_1_137' title='bbox 2395 556 2543 621; x_wconf 73' lang='grc' dir='ltr'>ὄντες</span> <span class='ocrx_word' id='word_1_138' title='bbox 2561 559 2611 611; x_wconf 81' lang='lat' dir='ltr'><strong>oi</strong></span> <span class='ocrx_word' id='word_1_139' title='bbox 2646 556 3061 629; x_wconf 77' lang='grc' dir='ltr'>Ἀρειανίζοντες</span> <span class='ocrx_word' id='word_1_140' title='bbox 3083 556 3177 608; x_wconf 69' lang='grc' dir='ltr'>καὶ</span> <span class='ocrx_word' id='word_1_141' title='bbox 3196 555 3489 626; x_wconf 74' lang='grc' dir='ltr'>ζηλοτυπία</span> <span class='ocrx_word' id='word_1_142' title='bbox 3508 554 3767 625; x_wconf 60' lang='grc' dir='ltr'>ληφθέν-</span> 
     </span>
    </p>
   </div>
   <div class='ocr_carea' id='block_1_21' title="bbox 2170 646 3765 718">
    <p class='ocr_par' dir='ltr' id='par_1_21' title="bbox 2170 646 3765 718">
     <span class='ocr_line' id='line_1_21' title="bbox 2170 646 3765 718; baseline -0.001 -19"><span class='ocrx_word' id='word_1_143' title='bbox 2170 662 2294 710; x_wconf 87' lang='grc' dir='ltr'>τες,</span> <span class='ocrx_word' id='word_1_144' title='bbox 2345 646 2645 718; x_wconf 82' lang='grc' dir='ltr'>ἀμύνεσθαί</span> <span class='ocrx_word' id='word_1_145' title='bbox 2683 665 2743 701; x_wconf 85' lang='grc' dir='ltr'><strong>τε</strong></span> <span class='ocrx_word' id='word_1_146' title='bbox 2770 688 2785 710; x_wconf 86' lang='grc'><strong>,</strong></span> <span class='ocrx_word' id='word_1_147' title='bbox 2846 647 2942 701; x_wconf 57' lang='grc' dir='ltr'><strong>καὶ⁵</strong></span> <span class='ocrx_word' id='word_1_148' title='bbox 2994 646 3380 718; x_wconf 83' lang='grc' dir='ltr'>συμπληγάδας</span> <span class='ocrx_word' id='word_1_149' title='bbox 3419 646 3765 717; x_wconf 61' lang='grc' dir='ltr'>ἐπεχείρουν</span> 
     </span>
    </p>
   </div>
   <div class='ocr_carea' id='block_1_22' title="bbox 2173 739 3761 813">
    <p class='ocr_par' dir='ltr' id='par_1_22' title="bbox 2173 739 3761 813">
     <span class='ocr_line' id='line_1_22' title="bbox 2173 739 3761 813; baseline -0.001 -21"><span class='ocrx_word' id='word_1_150' title='bbox 2173 742 2343 793; x_wconf 81' lang='grc' dir='ltr'>ποιεῖν</span> <span class='ocrx_word' id='word_1_151' title='bbox 2365 757 2378 770; x_wconf 81' lang='grc'><em>’</em></span> <span class='ocrx_word' id='word_1_152' title='bbox 2415 739 2495 793; x_wconf 75' lang='grc' dir='ltr'>ἔτι</span> <span class='ocrx_word' id='word_1_153' title='bbox 2530 740 2639 813; x_wconf 81' lang='grc' dir='ltr'><strong>γάρ</strong></span> <span class='ocrx_word' id='word_1_154' title='bbox 2669 742 2733 793; x_wconf 86' lang='grc' dir='ltr'><strong>ἐκ</strong></span> <span class='ocrx_word' id='word_1_155' title='bbox 2756 741 2856 811; x_wconf 86' lang='grc' dir='ltr'>τῆς</span> <span class='ocrx_word' id='word_1_156' title='bbox 2888 739 3260 811; x_wconf 78' lang='grc' dir='ltr'>προλαϐούσης</span> <span class='ocrx_word' id='word_1_157' title='bbox 3294 740 3625 803; x_wconf 72' lang='grc' dir='ltr'><strong>δυναστείας</strong></span> <span class='ocrx_word' id='word_1_158' title='bbox 3663 739 3761 792; x_wconf 74' lang='grc' dir='ltr'><strong>ἔνο</strong></span> 
     </span>
    </p>
   </div>
   <div class='ocr_carea' id='block_1_23' title="bbox 2173 827 3757 903">
    <p class='ocr_par' dir='ltr' id='par_1_23' title="bbox 2173 827 3757 903">
     <span class='ocr_line' id='line_1_23' title="bbox 2173 827 3757 903; baseline 0.002 -22"><span class='ocrx_word' id='word_1_159' title='bbox 2173 827 2361 901; x_wconf 81' lang='grc' dir='ltr'>θερμοί</span> <span class='ocrx_word' id='word_1_160' title='bbox 2391 846 2450 882; x_wconf 89' lang='grc' dir='ltr'><strong>τε</strong></span> <span class='ocrx_word' id='word_1_161' title='bbox 2487 830 2622 901; x_wconf 83' lang='grc' dir='ltr'>πρὸς</span> <span class='ocrx_word' id='word_1_162' title='bbox 2645 831 2822 901; x_wconf 81' lang='grc' dir='ltr'><strong>μάχην</strong></span> <span class='ocrx_word' id='word_1_163' title='bbox 2839 827 2998 903; x_wconf 81' lang='grc' dir='ltr'>ἦσαν,</span> <span class='ocrx_word' id='word_1_164' title='bbox 3030 831 3122 885; x_wconf 75' lang='grc' dir='ltr'><strong>καὶ</strong></span> <span class='ocrx_word' id='word_1_165' title='bbox 3150 832 3507 903; x_wconf 75' lang='grc' dir='ltr'>κατεφρόνουν</span> <span class='ocrx_word' id='word_1_166' title='bbox 3536 830 3757 884; x_wconf 78' lang='grc' dir='ltr'>αὐτῶν·</span> 
     </span>
    </p>
   </div>
   <div class='ocr_carea' id='block_1_24' title="bbox 2177 917 3756 995">
    <p class='ocr_par' dir='ltr' id='par_1_24' title="bbox 2177 917 3756 995">
     <span class='ocr_line' id='line_1_24' title="bbox 2177 917 3756 995; baseline 0 -21"><span class='ocrx_word' id='word_1_167' title='bbox 2177 921 2250 991; x_wconf 80' lang='grc' dir='ltr'>μὴ</span> <span class='ocrx_word' id='word_1_168' title='bbox 2285 921 2651 992; x_wconf 83' lang='grc' dir='ltr'>μελλήσαντες</span> <span class='ocrx_word' id='word_1_169' title='bbox 2679 917 2772 975; x_wconf 79' lang='grc' dir='ltr'>οὖν</span> <span class='ocrx_word' id='word_1_170' title='bbox 2791 924 2848 975; x_wconf 87' lang='grc' dir='ltr'><strong>ἐν</strong></span> <span class='ocrx_word' id='word_1_171' title='bbox 2880 924 2979 993; x_wconf 86' lang='grc' dir='ltr'><strong>μιᾷ</strong></span> <span class='ocrx_word' id='word_1_172' title='bbox 2997 922 3106 975; x_wconf 88' lang='grc' dir='ltr'><strong>τῶν</strong></span> <span class='ocrx_word' id='word_1_173' title='bbox 3127 921 3334 975; x_wconf 77' lang='grc' dir='ltr'>νυκτῶν</span> <span class='ocrx_word' id='word_1_174' title='bbox 3354 921 3756 995; x_wconf 78' lang='grc' dir='ltr'>συγκρούουσι,</span> 
     </span>
    </p>
   </div>
   <div class='ocr_carea' id='block_1_25' title="bbox 2173 1012 3761 1087">
    <p class='ocr_par' dir='ltr' id='par_1_25' title="bbox 2173 1012 3761 1087">
     <span class='ocr_line' id='line_1_25' title="bbox 2173 1012 3761 1087; baseline 0.001 -22"><span class='ocrx_word' id='word_1_175' title='bbox 2173 1012 2268 1065; x_wconf 75' lang='grc' dir='ltr'>καὶ</span> <span class='ocrx_word' id='word_1_176' title='bbox 2294 1012 2543 1083; x_wconf 84' lang='grc' dir='ltr'><strong>βάλλεται</strong></span> <span class='ocrx_word' id='word_1_177' title='bbox 2572 1013 2674 1084; x_wconf 81' lang='grc' dir='ltr'>μὲν</span> <span class='ocrx_word' id='word_1_178' title='bbox 2703 1013 2835 1084; x_wconf 82' lang='grc' dir='ltr'>λίθῳ</span> <span class='ocrx_word' id='word_1_179' title='bbox 2862 1013 3003 1068; x_wconf 81' lang='grc' dir='ltr'><strong>κατά</strong></span> <span class='ocrx_word' id='word_1_180' title='bbox 3038 1014 3288 1085; x_wconf 80' lang='grc' dir='ltr'>μετώπου</span> <span class='ocrx_word' id='word_1_181' title='bbox 3328 1015 3540 1087; x_wconf 83' lang='grc' dir='ltr'>Βρίσων</span> <span class='ocrx_word' id='word_1_182' title='bbox 3584 1015 3616 1067; x_wconf 79' lang='grc' dir='ltr'><strong><em>ὁ</em></strong></span> <span class='ocrx_word' id='word_1_183' title='bbox 3652 1016 3761 1087; x_wconf 74' lang='grc' dir='ltr'><strong>τῆς</strong></span> 
     </span>
    </p>
   </div>
   <div class='ocr_carea' id='block_1_26' title="bbox 2175 1104 3755 1180">
    <p class='ocr_par' dir='ltr' id='par_1_26' title="bbox 2175 1104 3755 1180">
     <span class='ocr_line' id='line_1_26' title="bbox 2175 1104 3755 1180; baseline 0.004 -23"><span class='ocrx_word' id='word_1_184' title='bbox 2175 1104 2442 1175; x_wconf 78' lang='grc' dir='ltr'>βασιλίδος</span> <span class='ocrx_word' id='word_1_185' title='bbox 2468 1106 2737 1178; x_wconf 81' lang='grc' dir='ltr'>εὐνοῦχος,</span> <span class='ocrx_word' id='word_1_186' title='bbox 2772 1108 3081 1179; x_wconf 79' lang='grc' dir='ltr'>συγκροτῶν</span> <span class='ocrx_word' id='word_1_187' title='bbox 3115 1108 3237 1161; x_wconf 86' lang='grc' dir='ltr'>τότε</span> <span class='ocrx_word' id='word_1_188' title='bbox 3265 1110 3388 1173; x_wconf 76' lang='grc' dir='ltr'>τοὺς</span> <span class='ocrx_word' id='word_1_189' title='bbox 3438 1109 3755 1180; x_wconf 63' lang='grc' dir='ltr'>ὑμνῳδούς-</span> 
     </span>
    </p>
   </div>
   <div class='ocr_carea' id='block_1_27' title="bbox 2172 1195 3756 1273">
    <p class='ocr_par' dir='ltr' id='par_1_27' title="bbox 2172 1195 3756 1273">
     <span class='ocr_line' id='line_1_27' title="bbox 2172 1195 3756 1273; baseline 0.003 -24"><span class='ocrx_word' id='word_1_190' title='bbox 2172 1195 2496 1251; x_wconf 85' lang='grc' dir='ltr'>ἀπόλλυνται</span> <span class='ocrx_word' id='word_1_191' title='bbox 2527 1197 2583 1250; x_wconf 81' lang='grc' dir='ltr'>δὲ</span> <span class='ocrx_word' id='word_1_192' title='bbox 2611 1197 2703 1251; x_wconf 89' lang='grc' dir='ltr'><strong>καί</strong></span> <span class='ocrx_word' id='word_1_193' title='bbox 2736 1216 2876 1263; x_wconf 90' lang='grc' dir='ltr'>τινες</span> <span class='ocrx_word' id='word_1_194' title='bbox 2911 1198 3003 1252; x_wconf 78' lang='grc' dir='ltr'><strong>τοῦ</strong></span> <span class='ocrx_word' id='word_1_195' title='bbox 3032 1198 3161 1254; x_wconf 77' lang='grc' dir='ltr'>λαοῦ</span> <span class='ocrx_word' id='word_1_196' title='bbox 3187 1196 3247 1264; x_wconf 83' lang='grc' dir='ltr'>ἐξ</span> <span class='ocrx_word' id='word_1_197' title='bbox 3275 1201 3604 1273; x_wconf 72' lang='grc' dir='ltr'>ἀμφοτέρων</span> <span class='ocrx_word' id='word_1_198' title='bbox 3644 1202 3756 1253; x_wconf 73' lang='grc' dir='ltr'><strong>τῶν</strong></span> 
     </span>
    </p>
   </div>
   <div class='ocr_carea' id='block_1_28' title="bbox 2176 1285 3756 1363">
    <p class='ocr_par' dir='ltr' id='par_1_28' title="bbox 2176 1285 3756 1363">
     <span class='ocr_line' id='line_1_28' title="bbox 2176 1285 3756 1363; baseline 0.003 -21"><span class='ocrx_word' id='word_1_199' title='bbox 2176 1290 2377 1363; x_wconf 84' lang='grc' dir='ltr'>μερῶν·</span> <span class='ocrx_word' id='word_1_200' title='bbox 2420 1291 2510 1362; x_wconf 79' lang='grc' dir='ltr'><strong>ὑφ’</strong></span> <span class='ocrx_word' id='word_1_201' title='bbox 2543 1285 2624 1355; x_wconf 77' lang='grc' dir='ltr'>οἷς</span> <span class='ocrx_word' id='word_1_202' title='bbox 2652 1290 2891 1362; x_wconf 75' lang='grc' dir='ltr'>κινηθεὶς</span> <span class='ocrx_word' id='word_1_203' title='bbox 2931 1292 2959 1345; x_wconf 86' lang='grc' dir='ltr'><strong>ό</strong></span> <span class='ocrx_word' id='word_1_204' title='bbox 3007 1291 3256 1363; x_wconf 78' lang='grc' dir='ltr'>βασιλεὺς</span> <span class='ocrx_word' id='word_1_205' title='bbox 3282 1292 3581 1347; x_wconf 80' lang='grc' dir='ltr'>διεκώλυσε</span> <span class='ocrx_word' id='word_1_206' title='bbox 3628 1294 3756 1358; x_wconf 69' lang='grc' dir='ltr'>τοὺς</span> 
     </span>
    </p>
   </div>
   <div class='ocr_carea' id='block_1_29' title="bbox 2184 1383 3757 1457">
    <p class='ocr_par' dir='ltr' id='par_1_29' title="bbox 2184 1383 3757 1457">
     <span class='ocr_line' id='line_1_29' title="bbox 2184 1383 3757 1457; baseline 0.003 -21"><span class='ocrx_word' id='word_1_207' title='bbox 2184 1384 2494 1455; x_wconf 78' lang='grc' dir='ltr'>Ἀρειανοὺς</span> <span class='ocrx_word' id='word_1_208' title='bbox 2517 1383 2617 1448; x_wconf 82' lang='grc' dir='ltr'>τὰς</span> <span class='ocrx_word' id='word_1_209' title='bbox 2637 1384 2959 1455; x_wconf 84' lang='grc' dir='ltr'>ὑμνολογίας</span> <span class='ocrx_word' id='word_1_210' title='bbox 2984 1387 3042 1440; x_wconf 82' lang='grc' dir='ltr'>ὲν</span> <span class='ocrx_word' id='word_1_211' title='bbox 3062 1385 3139 1456; x_wconf 82' lang='grc' dir='ltr'>τῷ</span> <span class='ocrx_word' id='word_1_212' title='bbox 3161 1385 3225 1456; x_wconf 85' lang='grc' dir='ltr'><strong>δη</strong></span> <span class='ocrx_word' id='word_1_213' title='bbox 3235 1385 3403 1457; x_wconf 83' lang='grc' dir='ltr'>μόσίῳ</span> <span class='ocrx_word' id='word_1_214' title='bbox 3428 1389 3640 1439; x_wconf 80' lang='grc' dir='ltr'>ποιεῖν·</span> <span class='ocrx_word' id='word_1_215' title='bbox 3662 1387 3757 1440; x_wconf 73' lang='grc' dir='ltr'>καὶ</span> 
     </span>
    </p>
   </div>
   <div class='ocr_carea' id='block_1_30' title="bbox 2170 1473 3756 1552">
    <p class='ocr_par' dir='ltr' id='par_1_30' title="bbox 2170 1473 3756 1552">
     <span class='ocr_line' id='line_1_30' title="bbox 2170 1473 3756 1552; baseline 0.001 -22"><span class='ocrx_word' id='word_1_216' title='bbox 2170 1475 2238 1530; x_wconf 79' lang='grc' dir='ltr'><strong>τά</strong></span> <span class='ocrx_word' id='word_1_217' title='bbox 2262 1476 2359 1547; x_wconf 83' lang='grc' dir='ltr'>μὲν</span> <span class='ocrx_word' id='word_1_218' title='bbox 2391 1477 2659 1550; x_wconf 85' lang='grc' dir='ltr'>λεγόμενα</span> <span class='ocrx_word' id='word_1_219' title='bbox 2682 1476 2906 1531; x_wconf 80' lang='grc' dir='ltr'>τοιαῦτα</span> <span class='ocrx_word' id='word_1_220' title='bbox 2933 1473 3021 1551; x_wconf 81' lang='grc' dir='ltr'><strong>ἧν.</strong></span> <span class='ocrx_word' id='word_1_221' title='bbox 3042 1476 3273 1533; x_wconf 78' lang='grc' dir='ltr'>Λεκτέον</span> <span class='ocrx_word' id='word_1_222' title='bbox 3300 1477 3356 1531; x_wconf 86' lang='grc' dir='ltr'>δὲ</span> <span class='ocrx_word' id='word_1_223' title='bbox 3380 1479 3475 1533; x_wconf 72' lang='grc' dir='ltr'>καὶ</span> <span class='ocrx_word' id='word_1_224' title='bbox 3497 1478 3636 1532; x_wconf 78' lang='grc' dir='ltr'>ὅθεν</span> <span class='ocrx_word' id='word_1_225' title='bbox 3659 1479 3756 1552; x_wconf 63' lang='grc' dir='ltr'>τὴν</span> 
     </span>
    </p>
   </div>
   <div class='ocr_carea' id='block_1_31' title="bbox 2171 1569 3753 1643">
    <p class='ocr_par' dir='ltr' id='par_1_31' title="bbox 2171 1569 3753 1643">
     <span class='ocr_line' id='line_1_31' title="bbox 2171 1569 3753 1643; baseline 0 -20"><span class='ocrx_word' id='word_1_226' title='bbox 2171 1570 2345 1641; x_wconf 81' lang='grc' dir='ltr'>ἀρχὴν</span> <span class='ocrx_word' id='word_1_227' title='bbox 2375 1569 2565 1624; x_wconf 76' lang='grc' dir='ltr'>ἔλαϐεν</span> <span class='ocrx_word' id='word_1_228' title='bbox 2592 1573 2625 1641; x_wconf 78' lang='grc' dir='ltr'>ἡ</span> <span class='ocrx_word' id='word_1_229' title='bbox 2655 1569 2798 1624; x_wconf 83' lang='grc' dir='ltr'>κατὰ</span> <span class='ocrx_word' id='word_1_230' title='bbox 2830 1570 2956 1634; x_wconf 78' lang='grc' dir='ltr'>τοὺς</span> <span class='ocrx_word' id='word_1_231' title='bbox 2987 1570 3318 1641; x_wconf 79' lang='grc' dir='ltr'>άντιφῶνους</span> <span class='ocrx_word' id='word_1_232' title='bbox 3350 1569 3562 1642; x_wconf 78' lang='grc' dir='ltr'>ὕμνους</span> <span class='ocrx_word' id='word_1_233' title='bbox 3598 1572 3664 1624; x_wconf 84' lang='grc' dir='ltr'><strong>ἐν</strong></span> <span class='ocrx_word' id='word_1_234' title='bbox 3690 1573 3753 1643; x_wconf 73' lang='grc' dir='ltr'>τῇ</span> 
     </span>
    </p>
   </div>
   <div class='ocr_carea' id='block_1_32' title="bbox 503 1662 2083 1739">
    <p class='ocr_par' dir='ltr' id='par_1_32' title="bbox 503 1667 2070 1739">
     <span class='ocr_line' id='line_1_32' title="bbox 503 1667 2070 1739; baseline 0 -17"><span class='ocrx_word' id='word_1_235' title='bbox 503 1667 559 1722; x_wconf 86' lang='lat' dir='ltr'><strong>id</strong></span> <span class='ocrx_word' id='word_1_236' title='bbox 594 1667 739 1737; x_wconf 91' lang='lat' dir='ltr'><strong>quod</strong></span> <span class='ocrx_word' id='word_1_237' title='bbox 766 1668 927 1722; x_wconf 90' lang='lat' dir='ltr'><strong>etiam</strong></span> <span class='ocrx_word' id='word_1_238' title='bbox 950 1669 1016 1724; x_wconf 90' lang='lat' dir='ltr'><strong>de</strong></span> <span class='ocrx_word' id='word_1_239' title='bbox 1040 1668 1337 1738; x_wconf 78' lang='lat' dir='ltr'><strong>Scripturis</strong></span> <span class='ocrx_word' id='word_1_240' title='bbox 1364 1667 1576 1724; x_wconf 86' lang='lat' dir='ltr'><strong>defendi</strong></span> <span class='ocrx_word' id='word_1_241' title='bbox 1608 1678 1805 1739; x_wconf 88' lang='lat' dir='ltr'><strong>potest;</strong></span> <span class='ocrx_word' id='word_1_242' title='bbox 1836 1669 1977 1724; x_wconf 86' lang='lat' dir='ltr'><strong>sicut</strong></span> <span class='ocrx_word' id='word_1_243' title='bbox 2004 1668 2070 1723; x_wconf 89' lang='lat' dir='ltr'><strong>de</strong></span> 
     </span>
    </p>
   </div>
   <div class='ocr_carea' id='block_1_33' title="bbox 2169 1662 3757 1739">
    <p class='ocr_par' dir='ltr' id='par_1_33' title="bbox 2171 1662 3757 1735">
     <span class='ocr_line' id='line_1_33' title="bbox 2171 1662 3757 1735; baseline 0.001 -19"><span class='ocrx_word' id='word_1_244' title='bbox 2171 1662 2437 1735; x_wconf 70' lang='grc' dir='ltr'>ἐκκλησίᾳ</span> <span class='ocrx_word' id='word_1_245' title='bbox 2484 1663 2760 1735; x_wconf 83' lang='grc' dir='ltr'>συνήθεια·</span> <span class='ocrx_word' id='word_1_246' title='bbox 2813 1663 3069 1733; x_wconf 91' lang='grc' dir='ltr'>Ἰγνάτιος</span> <span class='ocrx_word' id='word_1_247' title='bbox 3125 1664 3451 1734; x_wconf 81' lang='grc' dir='ltr'>Ἀντιοχείας</span> <span class='ocrx_word' id='word_1_248' title='bbox 3500 1664 3615 1735; x_wconf 76' lang='grc' dir='ltr'>τῆς</span> <span class='ocrx_word' id='word_1_249' title='bbox 3661 1664 3757 1717; x_wconf 75' lang='grc' dir='ltr'><strong>Συ-</strong></span> 
     </span>
    </p>
   </div>
   <div class='ocr_carea' id='block_1_34' title="bbox 503 1757 2069 1833">
    <p class='ocr_par' dir='ltr' id='par_1_34' title="bbox 503 1757 2069 1833">
     <span class='ocr_line' id='line_1_34' title="bbox 503 1757 2069 1833; baseline 0 -22"><span class='ocrx_word' id='word_1_250' title='bbox 503 1757 722 1829; x_wconf 86' lang='lat' dir='ltr'><strong>hymnis</strong></span> <span class='ocrx_word' id='word_1_251' title='bbox 752 1766 807 1813; x_wconf 91' lang='lat' dir='ltr'><strong>et</strong></span> <span class='ocrx_word' id='word_1_252' title='bbox 837 1759 1065 1827; x_wconf 88' lang='lat' dir='ltr'><strong>psalmis</strong></span> <span class='ocrx_word' id='word_1_253' title='bbox 1090 1758 1374 1824; x_wconf 90' lang='lat' dir='ltr'><strong>canendis,</strong></span> <span class='ocrx_word' id='word_1_254' title='bbox 1407 1774 1530 1813; x_wconf 91' lang='lat' dir='ltr'><strong>cum</strong></span> <span class='ocrx_word' id='word_1_255' title='bbox 1570 1768 1624 1814; x_wconf 91' lang='lat' dir='ltr'><strong>et</strong></span> <span class='ocrx_word' id='word_1_256' title='bbox 1652 1759 1823 1829; x_wconf 89' lang='lat' dir='ltr'><strong>ipsius</strong></span> <span class='ocrx_word' id='word_1_257' title='bbox 1854 1757 2069 1833; x_wconf 88' lang='lat' dir='ltr'><strong>Domini</strong></span> 
     </span>
    </p>
   </div>
   <div class='ocr_carea' id='block_1_35' title="bbox 501 1846 2073 1921">
    <p class='ocr_par' dir='ltr' id='par_1_35' title="bbox 501 1846 2073 1921">
     <span class='ocr_line' id='line_1_35' title="bbox 501 1846 2073 1921; baseline 0.002 -18"><span class='ocrx_word' id='word_1_258' title='bbox 501 1856 556 1903; x_wconf 91' lang='lat' dir='ltr'><strong>et</strong></span> <span class='ocrx_word' id='word_1_259' title='bbox 582 1848 950 1918; x_wconf 85' lang='lat' dir='ltr'><strong>apostolorum</strong></span> <span class='ocrx_word' id='word_1_260' title='bbox 984 1848 1284 1905; x_wconf 89' lang='lat' dir='ltr'><strong>habeamus</strong></span> <span class='ocrx_word' id='word_1_261' title='bbox 1312 1850 1640 1905; x_wconf 86' lang='lat' dir='ltr'><strong>documenta</strong></span> <span class='ocrx_word' id='word_1_262' title='bbox 1662 1860 1715 1905; x_wconf 92' lang='lat' dir='ltr'><strong>et</strong></span> <span class='ocrx_word' id='word_1_263' title='bbox 1746 1846 1989 1921; x_wconf 81' lang='lat' dir='ltr'><strong>exempla</strong></span> <span class='ocrx_word' id='word_1_264' title='bbox 2019 1860 2073 1906; x_wconf 90' lang='lat' dir='ltr'><strong>et</strong></span> 
     </span>
    </p>
   </div>
   <div class='ocr_carea' id='block_1_36' title="bbox 501 1939 2068 2013">
    <p class='ocr_par' dir='ltr' id='par_1_36' title="bbox 501 1939 2068 2013">
     <span class='ocr_line' id='line_1_36' title="bbox 501 1939 2068 2013; baseline 0.004 -23"><span class='ocrx_word' id='word_1_265' title='bbox 501 1950 785 2009; x_wconf 78' lang='lat' dir='ltr'><strong>praecepta.</strong></span> <span class='ocrx_word' id='word_1_266' title='bbox 860 1959 879 1993; x_wconf 74' lang='grc' dir='ltr'><strong>ι</strong></span> <span class='ocrx_word' id='word_1_267' title='bbox 930 1939 1233 1996; x_wconf 86' lang='lat' dir='ltr'><strong>Concilium</strong></span> <span class='ocrx_word' id='word_1_268' title='bbox 1286 1940 1606 1997; x_wconf 90' lang='lat' dir='ltr'><strong>Toletanum</strong></span> <span class='ocrx_word' id='word_1_269' title='bbox 1655 1958 1708 1996; x_wconf 87' lang='lat' dir='ltr'><strong>tv</strong></span> <span class='ocrx_word' id='word_1_270' title='bbox 1763 1943 1871 2013; x_wconf 89' lang='lat' dir='ltr'><strong>(ed.</strong></span> <span class='ocrx_word' id='word_1_271' title='bbox 1918 1943 2068 1998; x_wconf 90' lang='lat' dir='ltr'><strong>card.</strong></span> 
     </span>
    </p>
   </div>
   <div class='ocr_carea' id='block_1_37' title="bbox 501 2027 2073 2104">
    <p class='ocr_par' dir='ltr' id='par_1_37' title="bbox 501 2027 2073 2104">
     <span class='ocr_line' id='line_1_37' title="bbox 501 2027 2073 2104; baseline 0.004 -22"><span class='ocrx_word' id='word_1_272' title='bbox 501 2027 737 2097; x_wconf 77' lang='lat' dir='ltr'><strong>Aguirrii</strong></span> <span class='ocrx_word' id='word_1_273' title='bbox 766 2039 807 2085; x_wconf 93' lang='lat' dir='ltr'><strong>t.</strong></span> <span class='ocrx_word' id='word_1_274' title='bbox 844 2030 931 2097; x_wconf 93' lang='lat' dir='ltr'><strong>lll,</strong></span> <span class='ocrx_word' id='word_1_275' title='bbox 964 2048 1016 2103; x_wconf 90' lang='lat' dir='ltr'><strong>p.</strong></span> <span class='ocrx_word' id='word_1_276' title='bbox 1036 2032 1186 2103; x_wconf 76' lang='lat'><strong>568),</strong></span> <span class='ocrx_word' id='word_1_277' title='bbox 1207 2044 1310 2100; x_wconf 89' lang='lat' dir='ltr'><strong>cap</strong></span> <span class='ocrx_word' id='word_1_278' title='bbox 1345 2033 1432 2098; x_wconf 80' lang='grc'><strong>15,</strong></span> <span class='ocrx_word' id='word_1_279' title='bbox 1459 2033 1601 2104; x_wconf 89' lang='lat' dir='ltr'><strong>quod</strong></span> <span class='ocrx_word' id='word_1_280' title='bbox 1623 2031 1891 2089; x_wconf 89' lang='lat' dir='ltr'><strong>Baronius</strong></span> <span class='ocrx_word' id='word_1_281' title='bbox 1917 2047 2073 2089; x_wconf 86' lang='lat' dir='ltr'><strong>vocat</strong></span> 
     </span>
    </p>
   </div>
   <div class='ocr_carea' id='block_1_38' title="bbox 502 2121 2070 2198">
    <p class='ocr_par' dir='ltr' id='par_1_38' title="bbox 502 2121 2070 2198">
     <span class='ocr_line' id='line_1_38' title="bbox 502 2121 2070 2198; baseline 0.004 -23"><span class='ocrx_word' id='word_1_282' title='bbox 502 2121 916 2178; x_wconf 86' lang='lat' dir='ltr'><strong>celeberrimum</strong></span> <span class='ocrx_word' id='word_1_283' title='bbox 942 2134 995 2179; x_wconf 92' lang='lat' dir='ltr'><strong>et</strong></span> <span class='ocrx_word' id='word_1_284' title='bbox 1023 2125 1271 2194; x_wconf 83' lang='lat' dir='ltr'><strong>generale</strong></span> <span class='ocrx_word' id='word_1_285' title='bbox 1303 2124 1405 2196; x_wconf 71' lang='grc'>(4),</span> <span class='ocrx_word' id='word_1_286' title='bbox 1437 2125 1601 2181; x_wconf 90' lang='lat' dir='ltr'><strong>tradit</strong></span> <span class='ocrx_word' id='word_1_287' title='bbox 1641 2141 1656 2177; x_wconf 91' lang='lat'><strong>:</strong></span> <span class='ocrx_word' id='word_1_288' title='bbox 1696 2144 1715 2177; x_wconf 77' lang='grc' dir='ltr'><strong>ι</strong></span> <span class='ocrx_word' id='word_1_289' title='bbox 1752 2125 1827 2180; x_wconf 87' lang='lat' dir='ltr'><strong>De</strong></span> <span class='ocrx_word' id='word_1_290' title='bbox 1857 2126 2070 2198; x_wconf 88' lang='lat' dir='ltr'><strong>hymnis</strong></span> 
     </span>
    </p>
   </div>
   <div class='ocr_carea' id='block_1_39' title="bbox 501 2214 2069 2287">
    <p class='ocr_par' dir='ltr' id='par_1_39' title="bbox 501 2214 2069 2287">
     <span class='ocr_line' id='line_1_39' title="bbox 501 2214 2069 2287; baseline 0.005 -21"><span class='ocrx_word' id='word_1_291' title='bbox 501 2214 666 2268; x_wconf 90' lang='lat' dir='ltr'><strong>etiam</strong></span> <span class='ocrx_word' id='word_1_292' title='bbox 691 2218 972 2283; x_wconf 83' lang='lat' dir='ltr'><strong>canendis,</strong></span> <span class='ocrx_word' id='word_1_293' title='bbox 1004 2226 1057 2273; x_wconf 89' lang='lat' dir='ltr'><strong>et</strong></span> <span class='ocrx_word' id='word_1_294' title='bbox 1084 2216 1382 2272; x_wconf 87' lang='lat' dir='ltr'><strong>Salvatoris</strong></span> <span class='ocrx_word' id='word_1_295' title='bbox 1406 2225 1460 2272; x_wconf 90' lang='lat' dir='ltr'><strong>et</strong></span> <span class='ocrx_word' id='word_1_296' title='bbox 1485 2218 1852 2287; x_wconf 75' lang='lat' dir='ltr'><strong>apostolorum</strong></span> <span class='ocrx_word' id='word_1_297' title='bbox 1901 2219 2069 2274; x_wconf 89' lang='lat' dir='ltr'><strong>babe-</strong></span> 
     </span>
    </p>
   </div>
   <div class='ocr_carea' id='block_1_40' title="bbox 502 2307 2070 2383">
    <p class='ocr_par' dir='ltr' id='par_1_40' title="bbox 502 2307 2070 2383">
     <span class='ocr_line' id='line_1_40' title="bbox 502 2307 2070 2383; baseline 0.005 -25"><span class='ocrx_word' id='word_1_298' title='bbox 502 2320 626 2361; x_wconf 91' lang='lat' dir='ltr'><strong>mus</strong></span> <span class='ocrx_word' id='word_1_299' title='bbox 652 2309 981 2379; x_wconf 81' lang='lat' dir='ltr'><strong>exemplum.</strong></span> <span class='ocrx_word' id='word_1_300' title='bbox 1015 2329 1033 2362; x_wconf 70' lang='grc' dir='ltr'><strong>ι</strong></span> <span class='ocrx_word' id='word_1_301' title='bbox 1063 2307 1292 2379; x_wconf 85' lang='lat' dir='ltr'><strong>Operam</strong></span> <span class='ocrx_word' id='word_1_302' title='bbox 1322 2310 1439 2380; x_wconf 91' lang='lat' dir='ltr'><strong>ipse</strong></span> <span class='ocrx_word' id='word_1_303' title='bbox 1465 2311 1767 2381; x_wconf 87' lang='lat' dir='ltr'><strong>perderem,</strong></span> <span class='ocrx_word' id='word_1_304' title='bbox 1786 2312 1831 2367; x_wconf 91' lang='lat' dir='ltr'><strong>si</strong></span> <span class='ocrx_word' id='word_1_305' title='bbox 1857 2325 1978 2383; x_wconf 64' lang='lat' dir='ltr'><strong>qua:</strong></span> <span class='ocrx_word' id='word_1_306' title='bbox 2002 2310 2070 2366; x_wconf 91' lang='lat' dir='ltr'><strong>ad</strong></span> 
     </span>
    </p>
   </div>
   <div class='ocr_carea' id='block_1_41' title="bbox 501 2398 2069 2481">
    <p class='ocr_par' dir='ltr' id='par_1_41' title="bbox 501 2398 2069 2481">
     <span class='ocr_line' id='line_1_41' title="bbox 501 2398 2069 2481; baseline 0.003 -27"><span class='ocrx_word' id='word_1_307' title='bbox 501 2398 644 2455; x_wconf 85' lang='lat' dir='ltr'><strong>hanc</strong></span> <span class='ocrx_word' id='word_1_308' title='bbox 670 2402 950 2456; x_wconf 85' lang='lat' dir='ltr'><strong>veritatem</strong></span> <span class='ocrx_word' id='word_1_309' title='bbox 975 2402 1407 2481; x_wconf 79' lang='lat' dir='ltr'><strong>confirmandam</strong></span> <span class='ocrx_word' id='word_1_310' title='bbox 1445 2402 1683 2473; x_wconf 89' lang='lat' dir='ltr'><strong>faciunt,</strong></span> <span class='ocrx_word' id='word_1_311' title='bbox 1729 2420 1793 2460; x_wconf 80' lang='lat' dir='ltr'><strong>ex</strong></span> <span class='ocrx_word' id='word_1_312' title='bbox 1844 2403 2069 2460; x_wconf 84' lang='lat' dir='ltr'><strong>Patrum</strong></span> 
     </span>
    </p>
   </div>
   <div class='ocr_carea' id='block_1_42' title="bbox 505 2493 2068 2569">
    <p class='ocr_par' dir='ltr' id='par_1_42' title="bbox 505 2493 2068 2569">
     <span class='ocr_line' id='line_1_42' title="bbox 505 2493 2068 2569; baseline 0.003 -21"><span class='ocrx_word' id='word_1_313' title='bbox 505 2493 726 2564; x_wconf 77' lang='lat' dir='ltr'><strong>scriptis</strong></span> <span class='ocrx_word' id='word_1_314' title='bbox 748 2495 1078 2566; x_wconf 82' lang='lat' dir='ltr'><strong>colligerem.</strong></span> <span class='ocrx_word' id='word_1_315' title='bbox 1107 2496 1329 2551; x_wconf 86' lang='lat' dir='ltr'><strong>Certum</strong></span> <span class='ocrx_word' id='word_1_316' title='bbox 1366 2506 1451 2553; x_wconf 91' lang='lat' dir='ltr'><strong>est</strong></span> <span class='ocrx_word' id='word_1_317' title='bbox 1479 2513 1608 2569; x_wconf 89' lang='lat' dir='ltr'><strong>ergo</strong></span> <span class='ocrx_word' id='word_1_318' title='bbox 1640 2508 1693 2554; x_wconf 94' lang='lat' dir='ltr'><strong>et</strong></span> <span class='ocrx_word' id='word_1_319' title='bbox 1741 2508 1863 2554; x_wconf 88' lang='lat' dir='ltr'><strong>ante</strong></span> <span class='ocrx_word' id='word_1_320' title='bbox 1907 2498 2068 2553; x_wconf 89' lang='lat' dir='ltr'><strong>Chri-</strong></span> 
     </span>
    </p>
   </div>
   <div class='ocr_carea' id='block_1_43' title="bbox 506 2587 2071 2659">
    <p class='ocr_par' dir='ltr' id='par_1_43' title="bbox 506 2587 2071 2659">
     <span class='ocr_line' id='line_1_43' title="bbox 506 2587 2071 2659; baseline 0.004 -20"><span class='ocrx_word' id='word_1_321' title='bbox 506 2593 675 2653; x_wconf 88' lang='lat' dir='ltr'><strong>stum,</strong></span> <span class='ocrx_word' id='word_1_322' title='bbox 712 2597 766 2642; x_wconf 92' lang='lat' dir='ltr'><strong>et</strong></span> <span class='ocrx_word' id='word_1_323' title='bbox 788 2587 975 2643; x_wconf 90' lang='lat' dir='ltr'><strong>eodem</strong></span> <span class='ocrx_word' id='word_1_324' title='bbox 1029 2589 1208 2645; x_wconf 88' lang='lat' dir='ltr'><strong>adhuc</strong></span> <span class='ocrx_word' id='word_1_325' title='bbox 1240 2593 1558 2659; x_wconf 88' lang='lat' dir='ltr'><strong>superstite,</strong></span> <span class='ocrx_word' id='word_1_326' title='bbox 1601 2602 1655 2645; x_wconf 92' lang='lat' dir='ltr'><strong>et</strong></span> <span class='ocrx_word' id='word_1_327' title='bbox 1683 2591 1865 2646; x_wconf 88' lang='lat' dir='ltr'><strong>statim</strong></span> <span class='ocrx_word' id='word_1_328' title='bbox 1908 2598 2071 2659; x_wconf 88' lang='lat' dir='ltr'><strong>atque</strong></span> 
     </span>
    </p>
   </div>
   <div class='ocr_carea' id='block_1_44' title="bbox 501 2676 2065 2753">
    <p class='ocr_par' dir='ltr' id='par_1_44' title="bbox 501 2676 2065 2753">
     <span class='ocr_line' id='line_1_44' title="bbox 501 2676 2065 2753; baseline 0.004 -22"><span class='ocrx_word' id='word_1_329' title='bbox 501 2676 558 2731; x_wconf 88' lang='lat' dir='ltr'><strong>in</strong></span> <span class='ocrx_word' id='word_1_330' title='bbox 586 2678 784 2733; x_wconf 78' lang='lat' dir='ltr'><strong>ctelum</strong></span> <span class='ocrx_word' id='word_1_331' title='bbox 816 2681 1080 2748; x_wconf 87' lang='lat' dir='ltr'><strong>ascendit,</strong></span> <span class='ocrx_word' id='word_1_332' title='bbox 1112 2690 1237 2736; x_wconf 92' lang='lat' dir='ltr'><strong>ante</strong></span> <span class='ocrx_word' id='word_1_333' title='bbox 1265 2682 1427 2736; x_wconf 90' lang='lat' dir='ltr'><strong>etiam</strong></span> <span class='ocrx_word' id='word_1_334' title='bbox 1474 2684 1649 2753; x_wconf 91' lang='lat' dir='ltr'><strong>ipsum</strong></span> <span class='ocrx_word' id='word_1_335' title='bbox 1700 2681 2065 2738; x_wconf 86' lang='lat' dir='ltr'><strong>Thaumatur—</strong></span> 
     </span>
    </p>
   </div>
   <div class='ocr_carea' id='block_1_45' title="bbox 501 2768 2069 2845">
    <p class='ocr_par' dir='ltr' id='par_1_45' title="bbox 501 2768 2069 2845">
     <span class='ocr_line' id='line_1_45' title="bbox 501 2768 2069 2845; baseline 0.006 -26"><span class='ocrx_word' id='word_1_336' title='bbox 501 2781 653 2836; x_wconf 85' lang='lat' dir='ltr'><strong>gum,</strong></span> <span class='ocrx_word' id='word_1_337' title='bbox 691 2768 875 2825; x_wconf 88' lang='lat' dir='ltr'><strong>tideles</strong></span> <span class='ocrx_word' id='word_1_338' title='bbox 922 2770 974 2823; x_wconf 93' lang='lat' dir='ltr'><strong>in</strong></span> <span class='ocrx_word' id='word_1_339' title='bbox 1022 2770 1249 2825; x_wconf 87' lang='lat' dir='ltr'><strong>ecclesia</strong></span> <span class='ocrx_word' id='word_1_340' title='bbox 1303 2771 1555 2845; x_wconf 82' lang='lat' dir='ltr'><strong>hymnos,</strong></span> <span class='ocrx_word' id='word_1_341' title='bbox 1604 2774 1698 2844; x_wconf 92' lang='lat' dir='ltr'><strong>qui</strong></span> <span class='ocrx_word' id='word_1_342' title='bbox 1750 2772 1846 2829; x_wconf 90' lang='lat' dir='ltr'><strong>Dei</strong></span> <span class='ocrx_word' id='word_1_343' title='bbox 1884 2774 2069 2831; x_wconf 90' lang='lat' dir='ltr'><strong>laudes</strong></span> 
     </span>
    </p>
   </div>
   <div class='ocr_carea' id='block_1_46' title="bbox 500 2856 1232 2929">
    <p class='ocr_par' dir='ltr' id='par_1_46' title="bbox 500 2856 1232 2929">
     <span class='ocr_line' id='line_1_46' title="bbox 500 2856 1232 2929; baseline 0.008 -16"><span class='ocrx_word' id='word_1_344' title='bbox 500 2856 864 2929; x_wconf 80' lang='lat' dir='ltr'><strong>continerent,</strong></span> <span class='ocrx_word' id='word_1_345' title='bbox 893 2862 1232 2919; x_wconf 86' lang='lat' dir='ltr'><strong>decantasse.</strong></span> 
     </span>
    </p>
   </div>
   <div class='ocr_carea' id='block_1_47' title="bbox 568 2947 2063 3028">
    <p class='ocr_par' dir='ltr' id='par_1_47' title="bbox 568 2947 2063 3028">
     <span class='ocr_line' id='line_1_47' title="bbox 568 2947 2063 3028; baseline 0.009 -25"><span class='ocrx_word' id='word_1_346' title='bbox 568 2947 686 3004; x_wconf 81' lang='lat' dir='ltr'><strong>Non</strong></span> <span class='ocrx_word' id='word_1_347' title='bbox 713 2960 795 3006; x_wconf 88' lang='lat' dir='ltr'><strong>est</strong></span> <span class='ocrx_word' id='word_1_348' title='bbox 822 2960 1000 3008; x_wconf 89' lang='lat' dir='ltr'><strong>tamen</strong></span> <span class='ocrx_word' id='word_1_349' title='bbox 1045 2954 1413 3023; x_wconf 68' lang='lat' dir='ltr'><strong>praetereunda</strong></span> <span class='ocrx_word' id='word_1_350' title='bbox 1457 2957 1751 3014; x_wconf 82' lang='lat' dir='ltr'><strong>auctoritas</strong></span> <span class='ocrx_word' id='word_1_351' title='bbox 1801 2956 2063 3028; x_wconf 90' lang='lat' dir='ltr'><strong>Socratis,</strong></span> 
     </span>
    </p>
   </div>
   <div class='ocr_carea' id='block_1_48' title="bbox 2174 1752 3758 1826">
    <p class='ocr_par' dir='ltr' id='par_1_48' title="bbox 2174 1752 3758 1826">
     <span class='ocr_line' id='line_1_48' title="bbox 2174 1752 3758 1826; baseline 0 -19"><span class='ocrx_word' id='word_1_352' title='bbox 2174 1753 2316 1826; x_wconf 87' lang='grc' dir='ltr'>ρίας,</span> <span class='ocrx_word' id='word_1_353' title='bbox 2342 1754 2524 1826; x_wconf 78' lang='grc' dir='ltr'>τρίτος</span> <span class='ocrx_word' id='word_1_354' title='bbox 2542 1752 2648 1808; x_wconf 79' lang='grc' dir='ltr'><strong>ἀπὸ</strong></span> <span class='ocrx_word' id='word_1_355' title='bbox 2672 1754 2765 1808; x_wconf 80' lang='grc' dir='ltr'><strong>τοῦ</strong></span> <span class='ocrx_word' id='word_1_356' title='bbox 2795 1753 3088 1808; x_wconf 79' lang='grc' dir='ltr'>ἀποστόλου</span> <span class='ocrx_word' id='word_1_357' title='bbox 3117 1752 3322 1826; x_wconf 80' lang='grc' dir='ltr'>Πέτρου</span> <span class='ocrx_word' id='word_1_358' title='bbox 3347 1754 3677 1816; x_wconf 72' lang='grc' dir='ltr'>ἐπίσκοπος,</span> <span class='ocrx_word' id='word_1_359' title='bbox 3698 1753 3758 1817; x_wconf 71' lang='grc' dir='ltr'>ὃς</span> 
     </span>
    </p>
   </div>
   <div class='ocr_carea' id='block_1_49' title="bbox 2171 1829 3829 1918">
    <p class='ocr_par' dir='ltr' id='par_1_49' title="bbox 2171 1829 3829 1918">
     <span class='ocr_line' id='line_1_49' title="bbox 2171 1829 3829 1918; baseline 0 -18"><span class='ocrx_word' id='word_1_360' title='bbox 2171 1848 2266 1901; x_wconf 78' lang='grc' dir='ltr'>καὶ</span> <span class='ocrx_word' id='word_1_361' title='bbox 2297 1850 2408 1910; x_wconf 82' lang='grc' dir='ltr'>τοῖς</span> <span class='ocrx_word' id='word_1_362' title='bbox 2436 1847 2750 1911; x_wconf 82' lang='grc' dir='ltr'>ἀποστόλοις</span> <span class='ocrx_word' id='word_1_363' title='bbox 2768 1847 2950 1911; x_wconf 73' lang='grc' dir='ltr'>αὐτοῖς</span> <span class='ocrx_word' id='word_1_364' title='bbox 2975 1846 3363 1918; x_wconf 73' lang='grc' dir='ltr'>συνδιέτριψεν,</span> <span class='ocrx_word' id='word_1_365' title='bbox 3380 1847 3662 1900; x_wconf 75' lang='grc' dir='ltr'>ὀπτασίαν</span> <span class='ocrx_word' id='word_1_366' title='bbox 3684 1843 3760 1900; x_wconf 74' lang='grc' dir='ltr'><strong>εἴ·</strong></span> <span class='ocrx_word' id='word_1_367' title='bbox 3816 1829 3829 1841; x_wconf 63' lang='grc'><em>”</em></span> 
     </span>
    </p>
   </div>
   <div class='ocr_carea' id='block_1_50' title="bbox 2169 1935 3757 2009">
    <p class='ocr_par' dir='ltr' id='par_1_50' title="bbox 2169 1935 3757 2009">
     <span class='ocr_line' id='line_1_50' title="bbox 2169 1935 3757 2009; baseline 0 -18"><span class='ocrx_word' id='word_1_368' title='bbox 2169 1937 2257 1991; x_wconf 88' lang='grc' dir='ltr'><strong>δεν</strong></span> <span class='ocrx_word' id='word_1_369' title='bbox 2293 1938 2539 2009; x_wconf 83' lang='grc' dir='ltr'>ἀγγέλων</span> <span class='ocrx_word' id='word_1_370' title='bbox 2572 1938 2658 1992; x_wconf 81' lang='grc' dir='ltr'><strong>διὰ</strong></span> <span class='ocrx_word' id='word_1_371' title='bbox 2692 1938 2802 1992; x_wconf 90' lang='grc' dir='ltr'><strong>τῶν</strong></span> <span class='ocrx_word' id='word_1_372' title='bbox 2847 1936 3159 2007; x_wconf 70' lang='grc' dir='ltr'>ἀντιφώνων</span> <span class='ocrx_word' id='word_1_373' title='bbox 3211 1935 3394 2008; x_wconf 81' lang='grc' dir='ltr'>ὕμνων</span> <span class='ocrx_word' id='word_1_374' title='bbox 3431 1936 3533 2009; x_wconf 72' lang='grc' dir='ltr'>τὴν</span> <span class='ocrx_word' id='word_1_375' title='bbox 3586 1937 3757 2005; x_wconf 80' lang='grc' dir='ltr'>ἁγίαν</span> 
     </span>
    </p>
   </div>
   <div class='ocr_carea' id='block_1_51' title="bbox 2171 2032 3759 2106">
    <p class='ocr_par' dir='ltr' id='par_1_51' title="bbox 2171 2032 3759 2106">
     <span class='ocr_line' id='line_1_51' title="bbox 2171 2032 3759 2106; baseline -0.001 -19"><span class='ocrx_word' id='word_1_376' title='bbox 2171 2034 2375 2106; x_wconf 89' lang='grc' dir='ltr'>Τριάδα</span> <span class='ocrx_word' id='word_1_377' title='bbox 2400 2033 2730 2106; x_wconf 84' lang='grc' dir='ltr'>ὑμνούντων,</span> <span class='ocrx_word' id='word_1_378' title='bbox 2759 2034 2853 2088; x_wconf 59' lang='grc' dir='ltr'><strong>καὶ¹</strong></span> <span class='ocrx_word' id='word_1_379' title='bbox 2874 2033 2964 2088; x_wconf 85' lang='grc' dir='ltr'>τὸν</span> <span class='ocrx_word' id='word_1_380' title='bbox 2982 2033 3179 2105; x_wconf 85' lang='grc' dir='ltr'>τρόπον</span> <span class='ocrx_word' id='word_1_381' title='bbox 3192 2032 3287 2086; x_wconf 78' lang='grc' dir='ltr'><strong>τοῦ</strong></span> <span class='ocrx_word' id='word_1_382' title='bbox 3306 2032 3594 2105; x_wconf 82' lang='grc' dir='ltr'>ὁράματος</span> <span class='ocrx_word' id='word_1_383' title='bbox 3608 2035 3677 2103; x_wconf 73' lang='grc' dir='ltr'><strong>τῇ</strong></span> <span class='ocrx_word' id='word_1_384' title='bbox 3696 2033 3759 2085; x_wconf 84' lang='grc' dir='ltr'><strong>ἐν</strong></span> 
     </span>
    </p>
   </div>
   <div class='ocr_carea' id='block_1_52' title="bbox 2165 2124 3758 2200">
    <p class='ocr_par' dir='ltr' id='par_1_52' title="bbox 2165 2124 3758 2200">
     <span class='ocr_line' id='line_1_52' title="bbox 2165 2124 3758 2200; baseline 0.001 -23"><span class='ocrx_word' id='word_1_385' title='bbox 2165 2124 2444 2198; x_wconf 75' lang='grc' dir='ltr'>Αντιοχεία</span> <span class='ocrx_word' id='word_1_386' title='bbox 2510 2127 3149 2200; x_wconf 67' lang='grc' dir='ltr'>Ἐκκλησία-παρέδωκεν·</span> <span class='ocrx_word' id='word_1_387' title='bbox 3174 2125 3295 2180; x_wconf 81' lang='grc' dir='ltr'>ὅθεν</span> <span class='ocrx_word' id='word_1_388' title='bbox 3318 2127 3408 2181; x_wconf 78' lang='grc' dir='ltr'>καὶ</span> <span class='ocrx_word' id='word_1_389' title='bbox 3452 2128 3513 2179; x_wconf 91' lang='grc' dir='ltr'><strong>ἑν</strong></span> <span class='ocrx_word' id='word_1_390' title='bbox 3545 2127 3758 2191; x_wconf 81' lang='grc' dir='ltr'>πάσαις</span> 
     </span>
    </p>
   </div>
   <div class='ocr_carea' id='block_1_53' title="bbox 2167 2210 3755 2293">
    <p class='ocr_par' dir='ltr' id='par_1_53' title="bbox 2167 2210 3755 2293">
     <span class='ocr_line' id='line_1_53' title="bbox 2167 2210 3755 2293; baseline -0.001 -20"><span class='ocrx_word' id='word_1_391' title='bbox 2167 2223 2287 2283; x_wconf 84' lang='grc' dir='ltr'>ταῖς</span> <span class='ocrx_word' id='word_1_392' title='bbox 2320 2218 2663 2290; x_wconf 85' lang='grc' dir='ltr'>Ἐκκλησίαις</span> <span class='ocrx_word' id='word_1_393' title='bbox 2685 2219 2823 2291; x_wconf 75' lang='grc' dir='ltr'>αὕτη</span> <span class='ocrx_word' id='word_1_394' title='bbox 2858 2222 2891 2292; x_wconf 77' lang='grc' dir='ltr'>ὴ</span> <span class='ocrx_word' id='word_1_395' title='bbox 2924 2220 3226 2293; x_wconf 82' lang='grc' dir='ltr'>παράδοσις</span> <span class='ocrx_word' id='word_1_396' title='bbox 3261 2218 3438 2290; x_wconf 75' lang='grc' dir='ltr'>ἐδόθη’</span> <span class='ocrx_word' id='word_1_397' title='bbox 3467 2210 3634 2282; x_wconf 74' lang='grc' dir='ltr'>οὗτος</span> <span class='ocrx_word' id='word_1_398' title='bbox 3654 2220 3755 2289; x_wconf 77' lang='grc' dir='ltr'>μὲν</span> 
     </span>
    </p>
   </div>
   <div class='ocr_carea' id='block_1_54' title="bbox 2167 2304 3752 2380">
    <p class='ocr_par' dir='ltr' id='par_1_54' title="bbox 2167 2304 3752 2380">
     <span class='ocr_line' id='line_1_54' title="bbox 2167 2304 3752 2380; baseline -0.001 -18"><span class='ocrx_word' id='word_1_399' title='bbox 2167 2304 2260 2362; x_wconf 82' lang='grc' dir='ltr'><strong>οὖν</strong></span> <span class='ocrx_word' id='word_1_400' title='bbox 2280 2309 2308 2362; x_wconf 90' lang='grc' dir='ltr'><strong>ό</strong></span> <span class='ocrx_word' id='word_1_401' title='bbox 2333 2307 2461 2380; x_wconf 76' lang='grc' dir='ltr'>περὶ</span> <span class='ocrx_word' id='word_1_402' title='bbox 2482 2307 2590 2361; x_wconf 90' lang='grc' dir='ltr'><strong>τῶν</strong></span> <span class='ocrx_word' id='word_1_403' title='bbox 2607 2306 2921 2378; x_wconf 80' lang='grc' dir='ltr'>ἀντιφώνων</span> <span class='ocrx_word' id='word_1_404' title='bbox 2946 2307 3129 2379; x_wconf 79' lang='grc' dir='ltr'>ὕμνων</span> <span class='ocrx_word' id='word_1_405' title='bbox 3150 2308 3302 2376; x_wconf 88' lang='grc' dir='ltr'>λόγος</span> <span class='ocrx_word' id='word_1_406' title='bbox 3317 2308 3486 2361; x_wconf 88' lang='grc' dir='ltr'>ἐστίν.</span> <span class='ocrx_word' id='word_1_407' title='bbox 3511 2327 3531 2358; x_wconf 80' lang='grc' dir='ltr'><strong>ι</strong></span> <span class='ocrx_word' id='word_1_408' title='bbox 3557 2308 3752 2361; x_wconf 72' lang='lat' dir='ltr'><strong>Ariani</strong></span> 
     </span>
    </p>
   </div>
   <div class='ocr_carea' id='block_1_55' title="bbox 2169 2396 3754 2468">
    <p class='ocr_par' dir='ltr' id='par_1_55' title="bbox 2169 2396 3754 2468">
     <span class='ocr_line' id='line_1_55' title="bbox 2169 2396 3754 2468; baseline -0.001 -15"><span class='ocrx_word' id='word_1_409' title='bbox 2169 2407 2324 2453; x_wconf 78' lang='lat' dir='ltr'><strong>extra</strong></span> <span class='ocrx_word' id='word_1_410' title='bbox 2354 2399 2547 2453; x_wconf 89' lang='lat' dir='ltr'><strong>urbem</strong></span> <span class='ocrx_word' id='word_1_411' title='bbox 2578 2406 2881 2454; x_wconf 82' lang='lat' dir='ltr'><strong>conventus</strong></span> <span class='ocrx_word' id='word_1_412' title='bbox 2924 2399 3175 2468; x_wconf 74' lang='lat' dir='ltr'><strong>agebant.</strong></span> <span class='ocrx_word' id='word_1_413' title='bbox 3224 2399 3408 2467; x_wconf 85' lang='lat' dir='ltr'><strong>Itaque</strong></span> <span class='ocrx_word' id='word_1_414' title='bbox 3438 2414 3569 2453; x_wconf 86' lang='lat' dir='ltr'><strong>cum</strong></span> <span class='ocrx_word' id='word_1_415' title='bbox 3611 2396 3754 2452; x_wconf 84' lang='lat' dir='ltr'><strong>festa</strong></span> 
     </span>
    </p>
   </div>
   <div class='ocr_carea' id='block_1_56' title="bbox 2168 2490 3755 2562">
    <p class='ocr_par' dir='ltr' id='par_1_56' title="bbox 2168 2490 3755 2562">
     <span class='ocr_line' id='line_1_56' title="bbox 2168 2490 3755 2562; baseline -0.001 -16"><span class='ocrx_word' id='word_1_416' title='bbox 2168 2491 2433 2562; x_wconf 86' lang='lat' dir='ltr'><strong>cujusque</strong></span> <span class='ocrx_word' id='word_1_417' title='bbox 2462 2491 2813 2547; x_wconf 68' lang='lat' dir='ltr'><strong>hebdomadas</strong></span> <span class='ocrx_word' id='word_1_418' title='bbox 2845 2491 3224 2558; x_wconf 88' lang='lat' dir='ltr'><strong>occurrebant,</strong></span> <span class='ocrx_word' id='word_1_419' title='bbox 3262 2491 3514 2545; x_wconf 90' lang='lat' dir='ltr'><strong>videlicet</strong></span> <span class='ocrx_word' id='word_1_420' title='bbox 3538 2490 3755 2545; x_wconf 65' lang='lat' dir='ltr'><strong>Satiba-</strong></span> 
     </span>
    </p>
   </div>
   <div class='ocr_carea' id='block_1_57' title="bbox 2168 2582 3753 2654">
    <p class='ocr_par' dir='ltr' id='par_1_57' title="bbox 2168 2582 3753 2654">
     <span class='ocr_line' id='line_1_57' title="bbox 2168 2582 3753 2654; baseline 0.001 -16"><span class='ocrx_word' id='word_1_421' title='bbox 2168 2592 2281 2638; x_wconf 89' lang='lat' dir='ltr'><strong>tum</strong></span> <span class='ocrx_word' id='word_1_422' title='bbox 2312 2592 2367 2639; x_wconf 90' lang='lat' dir='ltr'><strong>et</strong></span> <span class='ocrx_word' id='word_1_423' title='bbox 2393 2583 2510 2639; x_wconf 88' lang='lat' dir='ltr'><strong>dies</strong></span> <span class='ocrx_word' id='word_1_424' title='bbox 2544 2582 2884 2646; x_wconf 83' lang='lat' dir='ltr'><strong>Dominicus.</strong></span> <span class='ocrx_word' id='word_1_425' title='bbox 2924 2583 2978 2638; x_wconf 91' lang='lat' dir='ltr'><strong>in</strong></span> <span class='ocrx_word' id='word_1_426' title='bbox 3022 2584 3226 2654; x_wconf 91' lang='lat' dir='ltr'><strong>quibus</strong></span> <span class='ocrx_word' id='word_1_427' title='bbox 3256 2593 3563 2640; x_wconf 77' lang='lat' dir='ltr'><strong>conventus</strong></span> <span class='ocrx_word' id='word_1_428' title='bbox 3594 2585 3753 2640; x_wconf 86' lang='lat' dir='ltr'><strong>inec-</strong></span> 
     </span>
    </p>
   </div>
   <div class='ocr_carea' id='block_1_58' title="bbox 2168 2676 3749 2748">
    <p class='ocr_par' dir='ltr' id='par_1_58' title="bbox 2168 2676 3749 2748">
     <span class='ocr_line' id='line_1_58' title="bbox 2168 2676 3749 2748; baseline 0 -16"><span class='ocrx_word' id='word_1_429' title='bbox 2168 2677 2349 2732; x_wconf 87' lang='lat' dir='ltr'><strong>clesiis</strong></span> <span class='ocrx_word' id='word_1_430' title='bbox 2398 2676 2515 2731; x_wconf 85' lang='lat' dir='ltr'><strong>fieri</strong></span> <span class='ocrx_word' id='word_1_431' title='bbox 2557 2676 2755 2742; x_wconf 88' lang='lat' dir='ltr'><strong>solent,</strong></span> <span class='ocrx_word' id='word_1_432' title='bbox 2811 2677 2887 2731; x_wconf 90' lang='lat' dir='ltr'><strong>illi</strong></span> <span class='ocrx_word' id='word_1_433' title='bbox 2930 2677 3070 2731; x_wconf 91' lang='lat' dir='ltr'><strong>intra</strong></span> <span class='ocrx_word' id='word_1_434' title='bbox 3100 2687 3287 2748; x_wconf 91' lang='lat' dir='ltr'><strong>portas</strong></span> <span class='ocrx_word' id='word_1_435' title='bbox 3308 2677 3549 2734; x_wconf 76' lang='lat' dir='ltr'><strong>civitatis</strong></span> <span class='ocrx_word' id='word_1_436' title='bbox 3606 2678 3749 2732; x_wconf 76' lang='lat' dir='ltr'><strong>circa</strong></span> 
     </span>
    </p>
   </div>
   <div class='ocr_carea' id='block_1_59' title="bbox 2168 2769 3749 2841">
    <p class='ocr_par' dir='ltr' id='par_1_59' title="bbox 2168 2769 3749 2841">
     <span class='ocr_line' id='line_1_59' title="bbox 2168 2769 3749 2841; baseline 0 -18"><span class='ocrx_word' id='word_1_437' title='bbox 2168 2771 2413 2840; x_wconf 88' lang='lat' dir='ltr'><strong>porticus</strong></span> <span class='ocrx_word' id='word_1_438' title='bbox 2450 2769 2505 2823; x_wconf 93' lang='lat' dir='ltr'><strong>in</strong></span> <span class='ocrx_word' id='word_1_439' title='bbox 2533 2785 2705 2824; x_wconf 92' lang='lat' dir='ltr'><strong>unum</strong></span> <span class='ocrx_word' id='word_1_440' title='bbox 2754 2770 3088 2841; x_wconf 79' lang='lat' dir='ltr'><strong>congregati,</strong></span> <span class='ocrx_word' id='word_1_441' title='bbox 3118 2779 3312 2825; x_wconf 90' lang='lat' dir='ltr'><strong>cantus</strong></span> <span class='ocrx_word' id='word_1_442' title='bbox 3344 2778 3472 2840; x_wconf 88' lang='lat' dir='ltr'><strong>apte</strong></span> <span class='ocrx_word' id='word_1_443' title='bbox 3502 2770 3749 2840; x_wconf 85' lang='lat' dir='ltr'><strong>opinioni</strong></span> 
     </span>
    </p>
   </div>
   <div class='ocr_carea' id='block_1_60' title="bbox 2170 2861 3751 2932">
    <p class='ocr_par' dir='ltr' id='par_1_60' title="bbox 2170 2861 3751 2932">
     <span class='ocr_line' id='line_1_60' title="bbox 2170 2861 3751 2932; baseline 0 -16"><span class='ocrx_word' id='word_1_444' title='bbox 2170 2861 2385 2916; x_wconf 63' lang='lat' dir='ltr'><strong>Arianae</strong></span> <span class='ocrx_word' id='word_1_445' title='bbox 2413 2862 2801 2931; x_wconf 89' lang='lat' dir='ltr'><strong>respondentes</strong></span> <span class='ocrx_word' id='word_1_446' title='bbox 2824 2903 2839 2927; x_wconf 93' lang='lat'><strong>,</strong></span> <span class='ocrx_word' id='word_1_447' title='bbox 2873 2876 3013 2931; x_wconf 90' lang='lat' dir='ltr'><strong>quos</strong></span> <span class='ocrx_word' id='word_1_448' title='bbox 3056 2861 3158 2932; x_wconf 90' lang='lat' dir='ltr'><strong>ipsi</strong></span> <span class='ocrx_word' id='word_1_449' title='bbox 3196 2872 3651 2932; x_wconf 77' lang='lat' dir='ltr'><strong>composuerant,</strong></span> <span class='ocrx_word' id='word_1_450' title='bbox 3679 2863 3751 2916; x_wconf 68' lang='lat' dir='ltr'><strong>aL</strong></span> 
     </span>
    </p>
   </div>
   <div class='ocr_carea' id='block_1_61' title="bbox 2167 2953 3750 3025">
    <p class='ocr_par' dir='ltr' id='par_1_61' title="bbox 2167 2953 3750 3025">
     <span class='ocr_line' id='line_1_61' title="bbox 2167 2953 3750 3025; baseline -0.001 -16"><span class='ocrx_word' id='word_1_451' title='bbox 2167 2955 2420 3010; x_wconf 88' lang='lat' dir='ltr'><strong>ternatim</strong></span> <span class='ocrx_word' id='word_1_452' title='bbox 2446 2953 2714 3009; x_wconf 90' lang='lat' dir='ltr'><strong>canebant</strong></span> <span class='ocrx_word' id='word_1_453' title='bbox 2754 2973 2767 3008; x_wconf 90' lang='lat'><strong>:</strong></span> <span class='ocrx_word' id='word_1_454' title='bbox 2800 2953 2963 3023; x_wconf 91' lang='lat' dir='ltr'><strong>idque</strong></span> <span class='ocrx_word' id='word_1_455' title='bbox 3001 2969 3098 3025; x_wconf 89' lang='lat' dir='ltr'><strong>per</strong></span> <span class='ocrx_word' id='word_1_456' title='bbox 3124 2954 3384 3025; x_wconf 89' lang='lat' dir='ltr'><strong>majorem</strong></span> <span class='ocrx_word' id='word_1_457' title='bbox 3418 2955 3603 3008; x_wconf 89' lang='lat' dir='ltr'><strong>noctis</strong></span> <span class='ocrx_word' id='word_1_458' title='bbox 3629 2969 3750 3024; x_wconf 81' lang='lat' dir='ltr'><strong>par-</strong></span> 
     </span>
    </p>
   </div>
   <div class='ocr_carea' id='block_1_62' title="bbox 499 3038 3750 3121">
    <p class='ocr_par' dir='ltr' id='par_1_62' title="bbox 499 3038 3750 3121">
     <span class='ocr_line' id='line_1_62' title="bbox 499 3038 3750 3121; baseline 0.001 -22"><span class='ocrx_word' id='word_1_459' title='bbox 499 3042 625 3098; x_wconf 85' lang='lat' dir='ltr'><strong>licet</strong></span> <span class='ocrx_word' id='word_1_460' title='bbox 654 3045 937 3113; x_wconf 78' lang='lat' dir='ltr'><strong>prolixior,</strong></span> <span class='ocrx_word' id='word_1_461' title='bbox 981 3057 1039 3103; x_wconf 91' lang='lat' dir='ltr'><strong>ut</strong></span> <span class='ocrx_word' id='word_1_462' title='bbox 1072 3056 1124 3102; x_wconf 91' lang='lat' dir='ltr'><strong>et</strong></span> <span class='ocrx_word' id='word_1_463' title='bbox 1167 3049 1492 3119; x_wconf 78' lang='lat' dir='ltr'><strong>hymnorum</strong></span> <span class='ocrx_word' id='word_1_464' title='bbox 1544 3051 1597 3105; x_wconf 86' lang='lat' dir='ltr'><strong>in</strong></span> <span class='ocrx_word' id='word_1_465' title='bbox 1644 3050 1887 3109; x_wconf 75' lang='lat' dir='ltr'><strong>Ecclesia</strong></span> <span class='ocrx_word' id='word_1_466' title='bbox 1932 3070 2065 3111; x_wconf 77' lang='lat' dir='ltr'><strong>usus</strong></span> <span class='ocrx_word' id='word_1_467' title='bbox 2092 3061 2137 3121; x_wconf 74' lang='grc' dir='ltr'>ο</span> <span class='ocrx_word' id='word_1_468' title='bbox 2168 3055 2274 3101; x_wconf 90' lang='lat' dir='ltr'><strong>tem</strong></span> <span class='ocrx_word' id='word_1_469' title='bbox 2304 3045 2593 3102; x_wconf 81' lang='lat' dir='ltr'><strong>faciebant.</strong></span> <span class='ocrx_word' id='word_1_470' title='bbox 2632 3047 2820 3103; x_wconf 88' lang='lat' dir='ltr'><strong>Primo</strong></span> <span class='ocrx_word' id='word_1_471' title='bbox 2847 3047 3090 3102; x_wconf 87' lang='lat' dir='ltr'><strong>diluculo</strong></span> <span class='ocrx_word' id='word_1_472' title='bbox 3129 3038 3267 3102; x_wconf 87' lang='lat' dir='ltr'><strong>tales</strong></span> <span class='ocrx_word' id='word_1_473' title='bbox 3311 3047 3621 3102; x_wconf 85' lang='lat' dir='ltr'><strong>cantilenas</strong></span> <span class='ocrx_word' id='word_1_474' title='bbox 3664 3045 3750 3101; x_wconf 76' lang='lat' dir='ltr'><strong>al-</strong></span> 
     </span>
    </p>
   </div>
   <div class='ocr_carea' id='block_1_63' title="bbox 500 3136 2070 3213">
    <p class='ocr_par' dir='ltr' id='par_1_63' title="bbox 500 3136 2070 3213">
     <span class='ocr_line' id='line_1_63' title="bbox 500 3136 2070 3213; baseline 0.008 -23"><span class='ocrx_word' id='word_1_475' title='bbox 500 3136 936 3206; x_wconf 76' lang='lat' dir='ltr'><strong>antiquissimus,</strong></span> <span class='ocrx_word' id='word_1_476' title='bbox 968 3148 1022 3194; x_wconf 93' lang='lat' dir='ltr'><strong>et</strong></span> <span class='ocrx_word' id='word_1_477' title='bbox 1049 3154 1240 3194; x_wconf 85' lang='lat' dir='ltr'><strong>eorum</strong></span> <span class='ocrx_word' id='word_1_478' title='bbox 1273 3141 1427 3211; x_wconf 81' lang='lat' dir='ltr'><strong>origo</strong></span> <span class='ocrx_word' id='word_1_479' title='bbox 1473 3142 1543 3196; x_wconf 86' lang='lat' dir='ltr'><strong>ab</strong></span> <span class='ocrx_word' id='word_1_480' title='bbox 1580 3142 1696 3213; x_wconf 88' lang='lat' dir='ltr'><strong>ipso</strong></span> <span class='ocrx_word' id='word_1_481' title='bbox 1745 3143 2070 3202; x_wconf 66' lang='lat' dir='ltr'><strong>Christianae</strong></span> 
     </span>
    </p>
   </div>
   <div class='ocr_carea' id='block_1_64' title="bbox 500 3227 2066 3305">
    <p class='ocr_par' dir='ltr' id='par_1_64' title="bbox 500 3227 2066 3305">
     <span class='ocr_line' id='line_1_64' title="bbox 500 3227 2066 3305; baseline 0.008 -25"><span class='ocrx_word' id='word_1_482' title='bbox 500 3227 776 3296; x_wconf 77' lang='lat' dir='ltr'><strong>religionis</strong></span> <span class='ocrx_word' id='word_1_483' title='bbox 805 3230 1028 3284; x_wconf 78' lang='lat' dir='ltr'><strong>exordio</strong></span> <span class='ocrx_word' id='word_1_484' title='bbox 1051 3231 1426 3301; x_wconf 81' lang='lat' dir='ltr'><strong>dignoscatur,</strong></span> <span class='ocrx_word' id='word_1_485' title='bbox 1453 3232 1548 3287; x_wconf 86' lang='lat' dir='ltr'><strong>lib.</strong></span> <span class='ocrx_word' id='word_1_486' title='bbox 1577 3249 1630 3287; x_wconf 86' lang='lat' dir='ltr'><strong>vt</strong></span> <span class='ocrx_word' id='word_1_487' title='bbox 1654 3274 1671 3303; x_wconf 95' lang='lat'><strong>,</strong></span> <span class='ocrx_word' id='word_1_488' title='bbox 1712 3250 1832 3305; x_wconf 90' lang='lat' dir='ltr'><strong>cap.</strong></span> <span class='ocrx_word' id='word_1_489' title='bbox 1867 3236 1900 3291; x_wconf 90' lang='lat'><strong>8</strong></span> <span class='ocrx_word' id='word_1_490' title='bbox 1947 3256 1961 3292; x_wconf 89' lang='lat'><strong>:</strong></span> <span class='ocrx_word' id='word_1_491' title='bbox 2004 3241 2066 3293; x_wconf 79' lang='lat' dir='ltr'><strong>ut</strong></span> 
     </span>
    </p>
   </div>
   <div class='ocr_carea' id='block_1_65' title="bbox 512 3318 2069 3399">
    <p class='ocr_par' dir='ltr' id='par_1_65' title="bbox 512 3318 2069 3399">
     <span class='ocr_line' id='line_1_65' title="bbox 512 3318 2069 3399; baseline 0.009 -29"><span class='ocrx_word' id='word_1_492' title='bbox 512 3318 929 3389; x_wconf 78' lang='grc' dir='ltr'>Ἀρειανίζοντες</span> <span class='ocrx_word' id='word_1_493' title='bbox 995 3320 1100 3386; x_wconf 79' lang='grc' dir='ltr'><strong>ἔξω</strong></span> <span class='ocrx_word' id='word_1_494' title='bbox 1153 3322 1253 3393; x_wconf 83' lang='grc' dir='ltr'><strong>τῆς</strong></span> <span class='ocrx_word' id='word_1_495' title='bbox 1319 3322 1524 3387; x_wconf 85' lang='grc' dir='ltr'>πόλεως</span> <span class='ocrx_word' id='word_1_496' title='bbox 1588 3325 1691 3390; x_wconf 80' lang='grc' dir='ltr'>τὰς</span> <span class='ocrx_word' id='word_1_497' title='bbox 1751 3329 2069 3399; x_wconf 83' lang='grc' dir='ltr'>συναγωγὰς</span> 
     </span>
    </p>
   </div>
   <div class='ocr_carea' id='block_1_66' title="bbox 497 3407 2068 3490">
    <p class='ocr_par' dir='ltr' id='par_1_66' title="bbox 497 3407 2068 3490">
     <span class='ocr_line' id='line_1_66' title="bbox 497 3407 2068 3490; baseline 0.01 -30"><span class='ocrx_word' id='word_1_498' title='bbox 497 3407 789 3462; x_wconf 79' lang='grc' dir='ltr'>ἐποιοῦντο·</span> <span class='ocrx_word' id='word_1_499' title='bbox 818 3411 977 3481; x_wconf 77' lang='grc' dir='ltr'>ἡνίκα</span> <span class='ocrx_word' id='word_1_500' title='bbox 1008 3408 1099 3465; x_wconf 79' lang='grc' dir='ltr'>οὖν</span> <span class='ocrx_word' id='word_1_501' title='bbox 1126 3411 1361 3484; x_wconf 77' lang='grc' dir='ltr'>ἑκάστης</span> <span class='ocrx_word' id='word_1_502' title='bbox 1383 3413 1671 3486; x_wconf 77' lang='grc' dir='ltr'>ἑϐδομάδος</span> <span class='ocrx_word' id='word_1_503' title='bbox 1690 3416 1881 3490; x_wconf 79' lang='grc' dir='ltr'>ἑορτάς</span> <span class='ocrx_word' id='word_1_504' title='bbox 1906 3437 2068 3474; x_wconf 88' lang='grc' dir='ltr'>κατε-</span> 
     </span>
    </p>
   </div>
   <div class='ocr_carea' id='block_1_67' title="bbox 498 3498 2068 3587">
    <p class='ocr_par' dir='ltr' id='par_1_67' title="bbox 498 3498 2068 3587">
     <span class='ocr_line' id='line_1_67' title="bbox 498 3498 2068 3587; baseline 0.009 -35"><span class='ocrx_word' id='word_1_505' title='bbox 498 3498 789 3587; x_wconf 77' lang='grc' dir='ltr'>λάμϐανον,</span> <span class='ocrx_word' id='word_1_506' title='bbox 818 3504 958 3574; x_wconf 73' lang='grc' dir='ltr'>φημὶ</span> <span class='ocrx_word' id='word_1_507' title='bbox 981 3503 1044 3576; x_wconf 79' lang='grc' dir='ltr'>δὴ</span> <span class='ocrx_word' id='word_1_508' title='bbox 1065 3503 1125 3557; x_wconf 90' lang='grc' dir='ltr'><strong>τό</strong></span> <span class='ocrx_word' id='word_1_509' title='bbox 1144 3521 1201 3557; x_wconf 89' lang='grc' dir='ltr'><strong>τε</strong></span> <span class='ocrx_word' id='word_1_510' title='bbox 1234 3504 1511 3560; x_wconf 76' lang='grc' dir='ltr'>Σάΰϐατον</span> <span class='ocrx_word' id='word_1_511' title='bbox 1533 3509 1626 3561; x_wconf 73' lang='grc' dir='ltr'>καὶ</span> <span class='ocrx_word' id='word_1_512' title='bbox 1649 3511 1682 3581; x_wconf 81' lang='grc' dir='ltr'>ἡ</span> <span class='ocrx_word' id='word_1_513' title='bbox 1709 3510 1981 3584; x_wconf 81' lang='grc' dir='ltr'>Κυριακὴ,</span> <span class='ocrx_word' id='word_1_514' title='bbox 2010 3513 2068 3567; x_wconf 83' lang='grc' dir='ltr'><strong>ἐν</strong></span> 
     </span>
    </p>
   </div>
   <div class='ocr_carea' id='block_1_68' title="bbox 498 3587 2065 3674">
    <p class='ocr_par' dir='ltr' id='par_1_68' title="bbox 498 3587 2065 3674">
     <span class='ocr_line' id='line_1_68' title="bbox 498 3587 2065 3674; baseline 0.01 -31"><span class='ocrx_word' id='word_1_515' title='bbox 498 3587 586 3656; x_wconf 81' lang='grc' dir='ltr'>αἶς</span> <span class='ocrx_word' id='word_1_516' title='bbox 618 3595 671 3647; x_wconf 78' lang='grc' dir='ltr'>αἱ</span> <span class='ocrx_word' id='word_1_517' title='bbox 704 3595 949 3660; x_wconf 80' lang='grc' dir='ltr'>συνάξεις</span> <span class='ocrx_word' id='word_1_518' title='bbox 971 3598 1110 3651; x_wconf 81' lang='grc' dir='ltr'>κατά</span> <span class='ocrx_word' id='word_1_519' title='bbox 1131 3597 1229 3662; x_wconf 78' lang='grc' dir='ltr'>τὰς</span> <span class='ocrx_word' id='word_1_520' title='bbox 1249 3598 1541 3672; x_wconf 75' lang='grc' dir='ltr'>ἐκκλησίας</span> <span class='ocrx_word' id='word_1_521' title='bbox 1562 3600 1782 3656; x_wconf 80' lang='grc' dir='ltr'>εἰώθασι</span> <span class='ocrx_word' id='word_1_522' title='bbox 1803 3603 2065 3674; x_wconf 89' lang='grc' dir='ltr'>γίνεσθαι,</span> 
     </span>
    </p>
   </div>
   <div class='ocr_carea' id='block_1_69' title="bbox 498 3687 2069 3766">
    <p class='ocr_par' dir='ltr' id='par_1_69' title="bbox 498 3687 2069 3766">
     <span class='ocr_line' id='line_1_69' title="bbox 498 3687 2069 3766; baseline 0.007 -26"><span class='ocrx_word' id='word_1_523' title='bbox 498 3687 649 3741; x_wconf 70' lang='grc' dir='ltr'>αὐτοὶ</span> <span class='ocrx_word' id='word_1_524' title='bbox 680 3689 829 3754; x_wconf 82' lang='grc' dir='ltr'>ἐντὸς</span> <span class='ocrx_word' id='word_1_525' title='bbox 856 3690 963 3744; x_wconf 88' lang='grc' dir='ltr'><strong>τῶν</strong></span> <span class='ocrx_word' id='word_1_526' title='bbox 989 3691 1084 3760; x_wconf 82' lang='grc' dir='ltr'>τῆς</span> <span class='ocrx_word' id='word_1_527' title='bbox 1119 3691 1325 3757; x_wconf 81' lang='grc' dir='ltr'>πόλεως</span> <span class='ocrx_word' id='word_1_528' title='bbox 1355 3692 1557 3761; x_wconf 89' lang='grc' dir='ltr'>πυλῶν,</span> <span class='ocrx_word' id='word_1_529' title='bbox 1596 3695 1721 3766; x_wconf 72' lang='grc' dir='ltr'>περὶ</span> <span class='ocrx_word' id='word_1_530' title='bbox 1764 3695 1863 3760; x_wconf 85' lang='grc' dir='ltr'>τὰς</span> <span class='ocrx_word' id='word_1_531' title='bbox 1910 3696 2069 3762; x_wconf 79' lang='grc' dir='ltr'>στοὰς</span> 
     </span>
    </p>
   </div>
   <div class='ocr_carea' id='block_1_70' title="bbox 498 3779 2071 3861">
    <p class='ocr_par' dir='ltr' id='par_1_70' title="bbox 498 3779 2071 3861">
     <span class='ocr_line' id='line_1_70' title="bbox 498 3779 2071 3861; baseline 0.008 -30"><span class='ocrx_word' id='word_1_532' title='bbox 498 3779 888 3853; x_wconf 76' lang='grc' dir='ltr'>ἀθροιζόμενοι,</span> <span class='ocrx_word' id='word_1_533' title='bbox 921 3785 1014 3837; x_wconf 68' lang='grc' dir='ltr'>καὶ</span> <span class='ocrx_word' id='word_1_534' title='bbox 1043 3782 1188 3855; x_wconf 79' lang='grc' dir='ltr'>ᾠδὰς</span> <span class='ocrx_word' id='word_1_535' title='bbox 1214 3784 1544 3855; x_wconf 78' lang='grc' dir='ltr'>ἀντιφώνους</span> <span class='ocrx_word' id='word_1_536' title='bbox 1562 3787 1697 3858; x_wconf 84' lang='grc' dir='ltr'>πρὸς</span> <span class='ocrx_word' id='word_1_537' title='bbox 1724 3787 1822 3861; x_wconf 81' lang='grc' dir='ltr'>τὴν</span> <span class='ocrx_word' id='word_1_538' title='bbox 1859 3789 2071 3861; x_wconf 80' lang='grc' dir='ltr'>Ἀρεια-</span> 
     </span>
    </p>
   </div>
   <div class='ocr_carea' id='block_1_71' title="bbox 495 3870 2069 3949">
    <p class='ocr_par' dir='ltr' id='par_1_71' title="bbox 495 3870 2069 3949">
     <span class='ocr_line' id='line_1_71' title="bbox 495 3870 2069 3949; baseline 0.007 -26"><span class='ocrx_word' id='word_1_539' title='bbox 495 3870 593 3942; x_wconf 76' lang='grc' dir='ltr'>νὴν</span> <span class='ocrx_word' id='word_1_540' title='bbox 624 3870 779 3938; x_wconf 81' lang='grc' dir='ltr'>δόξαν</span> <span class='ocrx_word' id='word_1_541' title='bbox 809 3873 1144 3938; x_wconf 79' lang='grc' dir='ltr'>συντιθέντες</span> <span class='ocrx_word' id='word_1_542' title='bbox 1173 3871 1319 3949; x_wconf 71' lang='grc' dir='ltr'>ᾖδονο</span> <span class='ocrx_word' id='word_1_543' title='bbox 1358 3877 1451 3930; x_wconf 76' lang='grc' dir='ltr'>καὶ</span> <span class='ocrx_word' id='word_1_544' title='bbox 1485 3877 1645 3931; x_wconf 78' lang='grc' dir='ltr'>τοῦτο</span> <span class='ocrx_word' id='word_1_545' title='bbox 1685 3878 1900 3933; x_wconf 79' lang='grc' dir='ltr'>ἐποίουν</span> <span class='ocrx_word' id='word_1_546' title='bbox 1928 3881 2069 3936; x_wconf 83' lang='grc' dir='ltr'>κατὰ</span> 
     </span>
    </p>
   </div>
   <div class='ocr_carea' id='block_1_72' title="bbox 497 3964 2070 4043">
    <p class='ocr_par' dir='ltr' id='par_1_72' title="bbox 497 3964 2070 4043">
     <span class='ocr_line' id='line_1_72' title="bbox 497 3964 2070 4043; baseline 0.009 -28"><span class='ocrx_word' id='word_1_547' title='bbox 497 3964 745 4019; x_wconf 81' lang='grc' dir='ltr'>πλεῖστον</span> <span class='ocrx_word' id='word_1_548' title='bbox 778 3966 941 4039; x_wconf 82' lang='grc' dir='ltr'>μέρος</span> <span class='ocrx_word' id='word_1_549' title='bbox 971 3968 1069 4039; x_wconf 82' lang='grc' dir='ltr'>τῆς</span> <span class='ocrx_word' id='word_1_550' title='bbox 1091 3969 1300 4033; x_wconf 74' lang='grc' dir='ltr'>νυκτόςο</span> <span class='ocrx_word' id='word_1_551' title='bbox 1327 3970 1431 4023; x_wconf 82' lang='grc' dir='ltr'><strong>ὑπὸ</strong></span> <span class='ocrx_word' id='word_1_552' title='bbox 1453 3970 1509 4025; x_wconf 80' lang='grc' dir='ltr'>δὲ</span> <span class='ocrx_word' id='word_1_553' title='bbox 1535 3971 1727 4043; x_wconf 83' lang='grc' dir='ltr'>ὄρθρον</span> <span class='ocrx_word' id='word_1_554' title='bbox 1749 3971 1818 4027; x_wconf 82' lang='grc' dir='ltr'><strong>τὰ</strong></span> <span class='ocrx_word' id='word_1_555' title='bbox 1845 3974 2070 4029; x_wconf 79' lang='grc' dir='ltr'>τοιαῦτα</span> 
     </span>
    </p>
   </div>
   <div class='ocr_carea' id='block_1_73' title="bbox 496 4058 2068 4137">
    <p class='ocr_par' dir='ltr' id='par_1_73' title="bbox 496 4058 2068 4137">
     <span class='ocr_line' id='line_1_73' title="bbox 496 4058 2068 4137; baseline 0.006 -26"><span class='ocrx_word' id='word_1_556' title='bbox 496 4058 773 4129; x_wconf 80' lang='grc' dir='ltr'>ἀντίφωνα</span> <span class='ocrx_word' id='word_1_557' title='bbox 797 4059 1072 4130; x_wconf 85' lang='grc' dir='ltr'>λέγοντες,</span> <span class='ocrx_word' id='word_1_558' title='bbox 1106 4061 1193 4115; x_wconf 85' lang='grc' dir='ltr'><strong>διὰ</strong></span> <span class='ocrx_word' id='word_1_559' title='bbox 1236 4063 1407 4134; x_wconf 81' lang='grc' dir='ltr'>μέσης</span> <span class='ocrx_word' id='word_1_560' title='bbox 1449 4064 1547 4135; x_wconf 80' lang='grc' dir='ltr'><strong>τῆς</strong></span> <span class='ocrx_word' id='word_1_561' title='bbox 1586 4065 1792 4129; x_wconf 85' lang='grc' dir='ltr'>πόλεως</span> <span class='ocrx_word' id='word_1_562' title='bbox 1842 4064 2068 4137; x_wconf 76' lang='grc' dir='ltr'>ἐξῄεσαν</span> 
     </span>
    </p>
   </div>
   <div class='ocr_carea' id='block_1_74' title="bbox 495 4151 2068 4227">
    <p class='ocr_par' dir='ltr' id='par_1_74' title="bbox 495 4151 2068 4227">
     <span class='ocr_line' id='line_1_74' title="bbox 495 4151 2068 4227; baseline 0.004 -23"><span class='ocrx_word' id='word_1_563' title='bbox 495 4151 602 4204; x_wconf 85' lang='grc' dir='ltr'><strong>τῶν</strong></span> <span class='ocrx_word' id='word_1_564' title='bbox 632 4151 837 4218; x_wconf 88' lang='grc' dir='ltr'>πυλῶν,</span> <span class='ocrx_word' id='word_1_565' title='bbox 866 4153 959 4206; x_wconf 75' lang='grc' dir='ltr'><strong>καὶ</strong></span> <span class='ocrx_word' id='word_1_566' title='bbox 992 4154 1117 4217; x_wconf 78' lang='grc' dir='ltr'>τοὺς</span> <span class='ocrx_word' id='word_1_567' title='bbox 1151 4153 1348 4219; x_wconf 82' lang='grc' dir='ltr'>τόπους</span> <span class='ocrx_word' id='word_1_568' title='bbox 1381 4154 1508 4208; x_wconf 82' lang='grc' dir='ltr'>ἔνθα</span> <span class='ocrx_word' id='word_1_569' title='bbox 1535 4156 1762 4226; x_wconf 83' lang='grc' dir='ltr'>συνῆγον</span> <span class='ocrx_word' id='word_1_570' title='bbox 1792 4155 2068 4227; x_wconf 87' lang='grc' dir='ltr'>κατελάμ-</span> 
     </span>
    </p>
   </div>
   <div class='ocr_carea' id='block_1_75' title="bbox 496 4244 2068 4320">
    <p class='ocr_par' dir='ltr' id='par_1_75' title="bbox 496 4244 2068 4320">
     <span class='ocr_line' id='line_1_75' title="bbox 496 4244 2068 4320; baseline 0.006 -25"><span class='ocrx_word' id='word_1_571' title='bbox 496 4244 673 4297; x_wconf 78' lang='grc' dir='ltr'>ϐανον-</span> <span class='ocrx_word' id='word_1_572' title='bbox 704 4245 889 4318; x_wconf 81' lang='grc' dir='ltr'>ἐπειδὴ</span> <span class='ocrx_word' id='word_1_573' title='bbox 923 4244 979 4299; x_wconf 83' lang='grc' dir='ltr'>δὲ</span> <span class='ocrx_word' id='word_1_574' title='bbox 1008 4244 1329 4319; x_wconf 74' lang='grc' dir='ltr'>ἑρεθισμοὺς</span> <span class='ocrx_word' id='word_1_575' title='bbox 1355 4248 1496 4302; x_wconf 80' lang='grc' dir='ltr'>κατὰ</span> <span class='ocrx_word' id='word_1_576' title='bbox 1529 4247 1637 4301; x_wconf 81' lang='grc' dir='ltr'><strong>τῶν</strong></span> <span class='ocrx_word' id='word_1_577' title='bbox 1684 4248 1745 4302; x_wconf 79' lang='grc' dir='ltr'>τὸ</span> <span class='ocrx_word' id='word_1_578' title='bbox 1788 4248 2068 4320; x_wconf 81' lang='grc' dir='ltr'>όμοούσιον</span> 
     </span>
    </p>
   </div>
   <div class='ocr_carea' id='block_1_76' title="bbox 496 4335 2069 4413">
    <p class='ocr_par' dir='ltr' id='par_1_76' title="bbox 496 4335 2069 4413">
     <span class='ocr_line' id='line_1_76' title="bbox 496 4335 2069 4413; baseline 0.006 -26"><span class='ocrx_word' id='word_1_579' title='bbox 496 4335 832 4406; x_wconf 71' lang='grc' dir='ltr'>φρονούντων</span> <span class='ocrx_word' id='word_1_580' title='bbox 852 4336 1102 4406; x_wconf 82' lang='grc' dir='ltr'>λέγοντες</span> <span class='ocrx_word' id='word_1_581' title='bbox 1127 4339 1225 4391; x_wconf 77' lang='grc' dir='ltr'>οὐκ</span> <span class='ocrx_word' id='word_1_582' title='bbox 1246 4339 1530 4393; x_wconf 72' lang='grc' dir='ltr'>ἐπαύοντο*</span> <span class='ocrx_word' id='word_1_583' title='bbox 1562 4339 1817 4405; x_wconf 87' lang='grc' dir='ltr'>πολλάκις</span> <span class='ocrx_word' id='word_1_584' title='bbox 1838 4340 1947 4413; x_wconf 84' lang='grc' dir='ltr'><strong>γὰρ</strong></span> <span class='ocrx_word' id='word_1_585' title='bbox 1974 4344 2069 4397; x_wconf 76' lang='grc' dir='ltr'>καὶ</span> 
     </span>
    </p>
   </div>
   <div class='ocr_carea' id='block_1_77' title="bbox 495 4428 2069 4508">
    <p class='ocr_par' dir='ltr' id='par_1_77' title="bbox 495 4428 2069 4508">
     <span class='ocr_line' id='line_1_77' title="bbox 495 4428 2069 4508; baseline 0.006 -28"><span class='ocrx_word' id='word_1_586' title='bbox 495 4428 745 4501; x_wconf 75' lang='grc' dir='ltr'>τοιαύτην</span> <span class='ocrx_word' id='word_1_587' title='bbox 769 4430 909 4502; x_wconf 78' lang='grc' dir='ltr'>ᾠδὴν</span> <span class='ocrx_word' id='word_1_588' title='bbox 938 4430 1140 4501; x_wconf 74' lang='grc' dir='ltr'>ἔλεγον·</span> <span class='ocrx_word' id='word_1_589' title='bbox 1175 4433 1284 4486; x_wconf 75' lang='grc' dir='ltr'><strong>Ποῦ</strong></span> <span class='ocrx_word' id='word_1_590' title='bbox 1323 4434 1460 4489; x_wconf 76' lang='grc' dir='ltr'>εἰσὶν</span> <span class='ocrx_word' id='word_1_591' title='bbox 1485 4435 1534 4489; x_wconf 86' lang='grc' dir='ltr'>οἱ</span> <span class='ocrx_word' id='word_1_592' title='bbox 1560 4435 1806 4504; x_wconf 87' lang='grc' dir='ltr'>λέγοντες</span> <span class='ocrx_word' id='word_1_593' title='bbox 1837 4434 1905 4489; x_wconf 84' lang='grc' dir='ltr'><strong>τὰ</strong></span> <span class='ocrx_word' id='word_1_594' title='bbox 1944 4435 2069 4508; x_wconf 88' lang='grc' dir='ltr'>τρία</span> 
     </span>
    </p>
   </div>
   <div class='ocr_carea' id='block_1_78' title="bbox 497 4519 2067 4599">
    <p class='ocr_par' dir='ltr' id='par_1_78' title="bbox 497 4519 2067 4599">
     <span class='ocr_line' id='line_1_78' title="bbox 497 4519 2067 4599; baseline 0.007 -28"><span class='ocrx_word' id='word_1_595' title='bbox 497 4519 624 4590; x_wconf 85' lang='grc' dir='ltr'>μίαν</span> <span class='ocrx_word' id='word_1_596' title='bbox 650 4520 898 4592; x_wconf 73' lang='grc' dir='ltr'>δύναμινς</span> <span class='ocrx_word' id='word_1_597' title='bbox 936 4524 1068 4577; x_wconf 85' lang='grc' dir='ltr'>Τότε</span> <span class='ocrx_word' id='word_1_598' title='bbox 1094 4524 1158 4596; x_wconf 83' lang='grc' dir='ltr'>δὴ</span> <span class='ocrx_word' id='word_1_599' title='bbox 1193 4525 1285 4578; x_wconf 75' lang='grc' dir='ltr'><strong>καὶ</strong></span> <span class='ocrx_word' id='word_1_600' title='bbox 1321 4525 1575 4598; x_wconf 82' lang='grc' dir='ltr'>Ἰωάννης</span> <span class='ocrx_word' id='word_1_601' title='bbox 1606 4525 1953 4596; x_wconf 76' lang='grc' dir='ltr'>εὐλαϐηθεὶς,</span> <span class='ocrx_word' id='word_1_602' title='bbox 1994 4527 2067 4599; x_wconf 86' lang='grc' dir='ltr'>μή</span> 
     </span>
    </p>
   </div>
   <div class='ocr_carea' id='block_1_79' title="bbox 491 4611 2070 4688">
    <p class='ocr_par' dir='ltr' id='par_1_79' title="bbox 491 4611 2070 4688">
     <span class='ocr_line' id='line_1_79' title="bbox 491 4611 2070 4688; baseline 0.004 -24"><span class='ocrx_word' id='word_1_603' title='bbox 491 4629 576 4674; x_wconf 81' lang='grc' dir='ltr'><strong>τις</strong></span> <span class='ocrx_word' id='word_1_604' title='bbox 601 4611 708 4665; x_wconf 89' lang='grc' dir='ltr'><strong>τῶν</strong></span> <span class='ocrx_word' id='word_1_605' title='bbox 735 4612 1119 4685; x_wconf 81' lang='grc' dir='ltr'>ἁπλουστέρων</span> <span class='ocrx_word' id='word_1_606' title='bbox 1158 4617 1262 4670; x_wconf 84' lang='grc' dir='ltr'><strong>ὑπὸ</strong></span> <span class='ocrx_word' id='word_1_607' title='bbox 1296 4618 1402 4671; x_wconf 84' lang='grc' dir='ltr'><strong>τῶν</strong></span> <span class='ocrx_word' id='word_1_608' title='bbox 1442 4616 1695 4670; x_wconf 78' lang='grc' dir='ltr'>τοιούτων</span> <span class='ocrx_word' id='word_1_609' title='bbox 1728 4616 1880 4688; x_wconf 81' lang='grc' dir='ltr'>ᾠδῶν</span> <span class='ocrx_word' id='word_1_610' title='bbox 1906 4617 2070 4687; x_wconf 69' lang='grc' dir='ltr'>ἀφελ-</span> 
     </span>
    </p>
   </div>
   <div class='ocr_carea' id='block_1_80' title="bbox 494 4702 2066 4779">
    <p class='ocr_par' dir='ltr' id='par_1_80' title="bbox 494 4702 2066 4779">
     <span class='ocr_line' id='line_1_80' title="bbox 494 4702 2066 4779; baseline 0.003 -24"><span class='ocrx_word' id='word_1_611' title='bbox 494 4702 665 4775; x_wconf 84' lang='grc' dir='ltr'>κυσθῇ</span> <span class='ocrx_word' id='word_1_612' title='bbox 699 4704 798 4773; x_wconf 87' lang='grc' dir='ltr'>τῆς</span> <span class='ocrx_word' id='word_1_613' title='bbox 842 4704 1186 4775; x_wconf 84' lang='grc' dir='ltr'>Ἐκκλησίας,</span> <span class='ocrx_word' id='word_1_614' title='bbox 1227 4707 1555 4779; x_wconf 82' lang='grc' dir='ltr'>άντιτίθησιν</span> <span class='ocrx_word' id='word_1_615' title='bbox 1590 4708 1773 4771; x_wconf 74' lang='grc' dir='ltr'>αὐτοῖς</span> <span class='ocrx_word' id='word_1_616' title='bbox 1803 4707 1930 4771; x_wconf 83' lang='grc' dir='ltr'>τοὺς</span> <span class='ocrx_word' id='word_1_617' title='bbox 1971 4706 2066 4761; x_wconf 82' lang='grc' dir='ltr'>τοῦ</span> 
     </span>
    </p>
   </div>
   <div class='ocr_carea' id='block_1_81' title="bbox 496 4794 2068 4872">
    <p class='ocr_par' dir='ltr' id='par_1_81' title="bbox 496 4794 2068 4872">
     <span class='ocr_line' id='line_1_81' title="bbox 496 4794 2068 4872; baseline 0.003 -25"><span class='ocrx_word' id='word_1_618' title='bbox 496 4794 624 4848; x_wconf 85' lang='grc' dir='ltr'>ίδίου</span> <span class='ocrx_word' id='word_1_619' title='bbox 655 4794 806 4861; x_wconf 77' lang='grc' dir='ltr'>λαοῦ,</span> <span class='ocrx_word' id='word_1_620' title='bbox 841 4797 988 4861; x_wconf 80' lang='grc' dir='ltr'>ὅπως</span> <span class='ocrx_word' id='word_1_621' title='bbox 1016 4796 1081 4850; x_wconf 85' lang='grc' dir='ltr'>ἂν</span> <span class='ocrx_word' id='word_1_622' title='bbox 1115 4798 1210 4851; x_wconf 80' lang='grc' dir='ltr'>καὶ</span> <span class='ocrx_word' id='word_1_623' title='bbox 1236 4800 1389 4853; x_wconf 76' lang='grc' dir='ltr'>αὐτοὶ</span> <span class='ocrx_word' id='word_1_624' title='bbox 1425 4802 1545 4864; x_wconf 87' lang='grc' dir='ltr'>ταῖς</span> <span class='ocrx_word' id='word_1_625' title='bbox 1578 4804 1918 4872; x_wconf 87' lang='grc' dir='ltr'>νυκτεριναίς</span> <span class='ocrx_word' id='word_1_626' title='bbox 1963 4799 2068 4870; x_wconf 86' lang='grc' dir='ltr'><strong>ὑμ-</strong></span> 
     </span>
    </p>
   </div>
   <div class='ocr_carea' id='block_1_82' title="bbox 493 4886 2069 4965">
    <p class='ocr_par' dir='ltr' id='par_1_82' title="bbox 493 4886 2069 4965">
     <span class='ocr_line' id='line_1_82' title="bbox 493 4886 2069 4965; baseline 0.005 -26"><span class='ocrx_word' id='word_1_627' title='bbox 493 4886 707 4959; x_wconf 82' lang='grc' dir='ltr'>νῳδίαις</span> <span class='ocrx_word' id='word_1_628' title='bbox 730 4888 1100 4959; x_wconf 74' lang='grc' dir='ltr'>σχολάζοντες,</span> <span class='ocrx_word' id='word_1_629' title='bbox 1124 4892 1415 4964; x_wconf 84' lang='grc' dir='ltr'>άμαυρῶσι</span> <span class='ocrx_word' id='word_1_630' title='bbox 1442 4894 1540 4965; x_wconf 82' lang='grc' dir='ltr'>μὲν</span> <span class='ocrx_word' id='word_1_631' title='bbox 1572 4893 1669 4965; x_wconf 81' lang='grc' dir='ltr'>τὴν</span> <span class='ocrx_word' id='word_1_632' title='bbox 1699 4894 1918 4948; x_wconf 75' lang='grc' dir='ltr'>ἐκείνων</span> <span class='ocrx_word' id='word_1_633' title='bbox 1943 4894 2069 4965; x_wconf 75' lang='grc' dir='ltr'>περὶ</span> 
     </span>
    </p>
   </div>
   <div class='ocr_carea' id='block_1_83' title="bbox 493 4981 2067 5058">
    <p class='ocr_par' dir='ltr' id='par_1_83' title="bbox 493 4981 2067 5058">
     <span class='ocr_line' id='line_1_83' title="bbox 493 4981 2067 5058; baseline 0.004 -22"><span class='ocrx_word' id='word_1_634' title='bbox 493 4981 680 5036; x_wconf 72' lang='grc' dir='ltr'>τούτου</span> <span class='ocrx_word' id='word_1_635' title='bbox 709 4981 964 5053; x_wconf 80' lang='grc' dir='ltr'>σπουδὴν,</span> <span class='ocrx_word' id='word_1_636' title='bbox 1002 4982 1250 5053; x_wconf 80' lang='grc' dir='ltr'>βεϐαίους</span> <span class='ocrx_word' id='word_1_637' title='bbox 1278 4985 1334 5037; x_wconf 85' lang='grc' dir='ltr'>δὲ</span> <span class='ocrx_word' id='word_1_638' title='bbox 1364 4986 1489 5049; x_wconf 80' lang='grc' dir='ltr'>τοὺς</span> <span class='ocrx_word' id='word_1_639' title='bbox 1526 4988 1757 5049; x_wconf 84' lang='grc' dir='ltr'>οἰκείους</span> <span class='ocrx_word' id='word_1_640' title='bbox 1788 4986 1924 5058; x_wconf 82' lang='grc' dir='ltr'>πρὸς</span> <span class='ocrx_word' id='word_1_641' title='bbox 1969 4987 2067 5058; x_wconf 83' lang='grc' dir='ltr'>τὴν</span> 
     </span>
    </p>
   </div>
   <div class='ocr_carea' id='block_1_84' title="bbox 494 5071 2068 5147">
    <p class='ocr_par' dir='ltr' id='par_1_84' title="bbox 494 5071 2068 5147">
     <span class='ocr_line' id='line_1_84' title="bbox 494 5071 2068 5147; baseline 0.003 -21"><span class='ocrx_word' id='word_1_642' title='bbox 494 5071 700 5127; x_wconf 88' lang='grc' dir='ltr'>ἑαυτῶν</span> <span class='ocrx_word' id='word_1_643' title='bbox 732 5073 912 5126; x_wconf 88' lang='grc' dir='ltr'>πίστιν</span> <span class='ocrx_word' id='word_1_644' title='bbox 941 5074 1296 5146; x_wconf 77' lang='grc' dir='ltr'>ἐργάσωνται’</span> <span class='ocrx_word' id='word_1_645' title='bbox 1332 5075 1497 5132; x_wconf 68' lang='lat' dir='ltr'><strong>eam</strong></span> <span class='ocrx_word' id='word_1_646' title='bbox 1522 5077 1621 5147; x_wconf 82' lang='grc' dir='ltr'>μὲν</span> <span class='ocrx_word' id='word_1_647' title='bbox 1651 5078 1853 5140; x_wconf 82' lang='grc' dir='ltr'>σκοπὸς</span> <span class='ocrx_word' id='word_1_648' title='bbox 1896 5077 2068 5131; x_wconf 89' lang='grc' dir='ltr'>Ἰωάν-</span> 
     </span>
    </p>
   </div>
   <div class='ocr_carea' id='block_1_85' title="bbox 492 5159 2066 5238">
    <p class='ocr_par' dir='ltr' id='par_1_85' title="bbox 492 5159 2066 5238">
     <span class='ocr_line' id='line_1_85' title="bbox 492 5159 2066 5238; baseline 0.003 -22"><span class='ocrx_word' id='word_1_649' title='bbox 492 5180 583 5216; x_wconf 85' lang='grc' dir='ltr'><strong>νου</strong></span> <span class='ocrx_word' id='word_1_650' title='bbox 617 5162 790 5216; x_wconf 84' lang='grc' dir='ltr'>ἐδόκει</span> <span class='ocrx_word' id='word_1_651' title='bbox 824 5159 962 5217; x_wconf 83' lang='grc' dir='ltr'>εἶναι</span> <span class='ocrx_word' id='word_1_652' title='bbox 994 5165 1250 5235; x_wconf 83' lang='grc' dir='ltr'>χρηστὸς,</span> <span class='ocrx_word' id='word_1_653' title='bbox 1291 5164 1388 5217; x_wconf 78' lang='grc' dir='ltr'>σὺν</span> <span class='ocrx_word' id='word_1_654' title='bbox 1432 5170 1643 5238; x_wconf 77' lang='grc' dir='ltr'>ταραχῇ</span> <span class='ocrx_word' id='word_1_655' title='bbox 1672 5167 1728 5220; x_wconf 84' lang='grc' dir='ltr'>δὲ</span> <span class='ocrx_word' id='word_1_656' title='bbox 1764 5169 1856 5221; x_wconf 74' lang='grc' dir='ltr'><strong>καὶ</strong></span> <span class='ocrx_word' id='word_1_657' title='bbox 1884 5167 2066 5222; x_wconf 80' lang='grc' dir='ltr'>κινδύ-</span> 
     </span>
    </p>
   </div>
   <div class='ocr_carea' id='block_1_86' title="bbox 494 5253 2064 5333">
    <p class='ocr_par' dir='ltr' id='par_1_86' title="bbox 494 5253 2064 5333">
     <span class='ocr_line' id='line_1_86' title="bbox 494 5253 2064 5333; baseline 0.004 -27"><span class='ocrx_word' id='word_1_658' title='bbox 494 5270 605 5318; x_wconf 91' lang='grc' dir='ltr'>νοις</span> <span class='ocrx_word' id='word_1_659' title='bbox 635 5253 697 5307; x_wconf 82' lang='grc' dir='ltr'>τὸ</span> <span class='ocrx_word' id='word_1_660' title='bbox 727 5254 879 5318; x_wconf 80' lang='grc' dir='ltr'>τέλος</span> <span class='ocrx_word' id='word_1_661' title='bbox 910 5255 1125 5322; x_wconf 79' lang='grc' dir='ltr'>ἐδέξατο</span> <span class='ocrx_word' id='word_1_662' title='bbox 1146 5273 1159 5285; x_wconf 84' lang='grc'><strong>·</strong></span> <span class='ocrx_word' id='word_1_663' title='bbox 1201 5257 1275 5321; x_wconf 85' lang='grc' dir='ltr'>ὡς</span> <span class='ocrx_word' id='word_1_664' title='bbox 1320 5256 1429 5329; x_wconf 79' lang='grc' dir='ltr'>γὰρ</span> <span class='ocrx_word' id='word_1_665' title='bbox 1462 5257 1829 5333; x_wconf 79' lang='grc' dir='ltr'>λαμπρότεροι</span> <span class='ocrx_word' id='word_1_666' title='bbox 1876 5261 1925 5313; x_wconf 85' lang='grc' dir='ltr'>οἱ</span> <span class='ocrx_word' id='word_1_667' title='bbox 1970 5259 2064 5313; x_wconf 81' lang='grc' dir='ltr'><strong>τοῦ</strong></span> 
     </span>
    </p>
   </div>
   <div class='ocr_carea' id='block_1_87' title="bbox 494 5345 2068 5422">
    <p class='ocr_par' dir='ltr' id='par_1_87' title="bbox 494 5345 2068 5422">
     <span class='ocr_line' id='line_1_87' title="bbox 494 5345 2068 5422; baseline 0.003 -24"><span class='ocrx_word' id='word_1_668' title='bbox 494 5346 777 5418; x_wconf 83' lang='grc' dir='ltr'>ὁμοουσίου</span> <span class='ocrx_word' id='word_1_669' title='bbox 799 5345 957 5419; x_wconf 76' lang='grc' dir='ltr'>ὕμνοι</span> <span class='ocrx_word' id='word_1_670' title='bbox 978 5349 1035 5401; x_wconf 82' lang='grc' dir='ltr'><strong>ἐν</strong></span> <span class='ocrx_word' id='word_1_671' title='bbox 1060 5351 1180 5412; x_wconf 87' lang='grc' dir='ltr'>ταῖς</span> <span class='ocrx_word' id='word_1_672' title='bbox 1209 5352 1544 5421; x_wconf 85' lang='grc' dir='ltr'>νυκτεριναῖς</span> <span class='ocrx_word' id='word_1_673' title='bbox 1573 5350 1916 5422; x_wconf 83' lang='grc' dir='ltr'>ὑμνολογίαις</span> <span class='ocrx_word' id='word_1_674' title='bbox 1941 5351 2068 5404; x_wconf 85' lang='grc' dir='ltr'>ἐδεί-</span> 
     </span>
    </p>
   </div>
   <div class='ocr_carea' id='block_1_88' title="bbox 495 5440 2068 5517">
    <p class='ocr_par' dir='ltr' id='par_1_88' title="bbox 495 5440 2068 5517">
     <span class='ocr_line' id='line_1_88' title="bbox 495 5440 2068 5517; baseline 0.004 -26"><span class='ocrx_word' id='word_1_675' title='bbox 495 5455 706 5493; x_wconf 65' lang='grc' dir='ltr'>κνυντω</span> <span class='ocrx_word' id='word_1_676' title='bbox 736 5440 1082 5513; x_wconf 86' lang='grc' dir='ltr'>ἐπινενόηντο</span> <span class='ocrx_word' id='word_1_677' title='bbox 1101 5440 1209 5514; x_wconf 80' lang='grc' dir='ltr'><strong>γὰρ</strong></span> <span class='ocrx_word' id='word_1_678' title='bbox 1245 5444 1372 5514; x_wconf 82' lang='grc' dir='ltr'>παρ’</span> <span class='ocrx_word' id='word_1_679' title='bbox 1399 5442 1562 5496; x_wconf 81' lang='grc' dir='ltr'>αὐτοῦ</span> <span class='ocrx_word' id='word_1_680' title='bbox 1596 5445 1818 5516; x_wconf 78' lang='grc' dir='ltr'>σταυροὶ</span> <span class='ocrx_word' id='word_1_681' title='bbox 1836 5445 2068 5517; x_wconf 83' lang='grc' dir='ltr'>ἀργυροῖ</span> 
     </span>
    </p>
   </div>
   <div class='ocr_carea' id='block_1_89' title="bbox 566 5571 2066 5648">
    <p class='ocr_par' dir='ltr' id='par_1_89' title="bbox 566 5571 2066 5648">
     <span class='ocr_line' id='line_1_89' title="bbox 566 5571 2066 5648; baseline 0.004 -21"><span class='ocrx_word' id='word_1_682' title='bbox 566 5571 645 5648; x_wconf 71' lang='grc'><strong>(4)</strong></span> <span class='ocrx_word' id='word_1_683' title='bbox 667 5574 933 5631; x_wconf 89' lang='lat' dir='ltr'><strong>Baronius</strong></span> <span class='ocrx_word' id='word_1_684' title='bbox 951 5577 1017 5631; x_wconf 85' lang='lat' dir='ltr'><strong>ad</strong></span> <span class='ocrx_word' id='word_1_685' title='bbox 1040 5592 1130 5633; x_wconf 89' lang='lat' dir='ltr'><strong>an.</strong></span> <span class='ocrx_word' id='word_1_686' title='bbox 1153 5577 1258 5633; x_wconf 78' lang='lat'><strong>635</strong></span> <span class='ocrx_word' id='word_1_687' title='bbox 1282 5593 1387 5633; x_wconf 91' lang='lat' dir='ltr'><strong>non</strong></span> <span class='ocrx_word' id='word_1_688' title='bbox 1412 5578 1526 5648; x_wconf 89' lang='lat' dir='ltr'><strong>ipse</strong></span> <span class='ocrx_word' id='word_1_689' title='bbox 1547 5578 1792 5648; x_wconf 80' lang='lat' dir='ltr'><strong>generale</strong></span> <span class='ocrx_word' id='word_1_690' title='bbox 1817 5579 1921 5635; x_wconf 91' lang='lat' dir='ltr'><strong>hoc</strong></span> <span class='ocrx_word' id='word_1_691' title='bbox 1941 5595 2066 5635; x_wconf 91' lang='lat' dir='ltr'><strong>con-</strong></span> 
     </span>
    </p>
   </div>
   <div class='ocr_carea' id='block_1_90' title="bbox 499 5642 2061 5717">
    <p class='ocr_par' dir='ltr' id='par_1_90' title="bbox 499 5642 2061 5717">
     <span class='ocr_line' id='line_1_90' title="bbox 499 5642 2061 5717; baseline 0.005 -22"><span class='ocrx_word' id='word_1_692' title='bbox 499 5642 1028 5717; x_wconf 13' lang='lat' dir='ltr'><strong>ciliunt_vocat,ised</strong></span> <span class='ocrx_word' id='word_1_693' title='bbox 1078 5663 1109 5702; x_wconf 90' lang='lat' dir='ltr'><strong>a</strong></span> <span class='ocrx_word' id='word_1_694' title='bbox 1153 5642 1628 5717; x_wconf 57' lang='lat' dir='ltr'><strong>Patribus&#39;qui&#39;ei</strong></span> <span class='ocrx_word' id='word_1_695' title='bbox 1680 5649 2061 5709; x_wconf 87' lang='lat' dir='ltr'><strong>interfuerunt.</strong></span> 
     </span>
    </p>
   </div>
   <div class='ocr_carea' id='block_1_91' title="bbox 501 5713 2057 5788">
    <p class='ocr_par' dir='ltr' id='par_1_91' title="bbox 501 5713 2057 5788">
     <span class='ocr_line' id='line_1_91' title="bbox 501 5713 2057 5788; baseline 0.006 -22"><span class='ocrx_word' id='word_1_696' title='bbox 501 5713 750 5783; x_wconf 73' lang='lat' dir='ltr'><strong>generale</strong></span> <span class='ocrx_word' id='word_1_697' title='bbox 782 5716 1105 5784; x_wconf 87' lang='lat' dir='ltr'><strong>appellatum</strong></span> <span class='ocrx_word' id='word_1_698' title='bbox 1132 5719 1280 5775; x_wconf 86' lang='lat' dir='ltr'><strong>dicit.</strong></span> <span class='ocrx_word' id='word_1_699' title='bbox 1319 5713 1503 5787; x_wconf 76' lang='lat' dir='ltr'><strong>Neque</strong></span> <span class='ocrx_word' id='word_1_700' title='bbox 1530 5734 1662 5777; x_wconf 84' lang='lat' dir='ltr'><strong>sane</strong></span> <span class='ocrx_word' id='word_1_701' title='bbox 1688 5721 1760 5775; x_wconf 90' lang='lat' dir='ltr'><strong>ita</strong></span> <span class='ocrx_word' id='word_1_702' title='bbox 1799 5721 2057 5788; x_wconf 85' lang='lat' dir='ltr'><strong>appellari</strong></span> 
     </span>
    </p>
   </div>
   <div class='ocr_carea' id='block_1_92' title="bbox 2171 3137 3748 3209">
    <p class='ocr_par' dir='ltr' id='par_1_92' title="bbox 2171 3137 3748 3209">
     <span class='ocr_line' id='line_1_92' title="bbox 2171 3137 3748 3209; baseline 0 -16"><span class='ocrx_word' id='word_1_703' title='bbox 2171 3138 2339 3194; x_wconf 91' lang='lat' dir='ltr'><strong>ternis</strong></span> <span class='ocrx_word' id='word_1_704' title='bbox 2364 3154 2460 3208; x_wconf 90' lang='lat' dir='ltr'><strong>per</strong></span> <span class='ocrx_word' id='word_1_705' title='bbox 2499 3137 2738 3193; x_wconf 88' lang='lat' dir='ltr'><strong>mediam</strong></span> <span class='ocrx_word' id='word_1_706' title='bbox 2762 3139 2950 3193; x_wconf 89' lang='lat' dir='ltr'><strong>urbem</strong></span> <span class='ocrx_word' id='word_1_707' title='bbox 2977 3139 3293 3202; x_wconf 88' lang='lat' dir='ltr'><strong>recitantes,</strong></span> <span class='ocrx_word' id='word_1_708' title='bbox 3328 3152 3360 3192; x_wconf 90' lang='lat' dir='ltr'><strong>e</strong></span> <span class='ocrx_word' id='word_1_709' title='bbox 3386 3137 3564 3209; x_wconf 80' lang='lat' dir='ltr'><strong>portis</strong></span> <span class='ocrx_word' id='word_1_710' title='bbox 3595 3152 3748 3209; x_wconf 82' lang='lat' dir='ltr'><strong>egre-</strong></span> 
     </span>
    </p>
   </div>
   <div class='ocr_carea' id='block_1_93' title="bbox 2167 3214 3746 3302">
    <p class='ocr_par' dir='ltr' id='par_1_93' title="bbox 2167 3214 3746 3302">
     <span class='ocr_line' id='line_1_93' title="bbox 2167 3214 3746 3302; baseline 0.001 -17"><span class='ocrx_word' id='word_1_711' title='bbox 2167 3230 2475 3297; x_wconf 89' lang='lat' dir='ltr'><strong>diebantur,</strong></span> <span class='ocrx_word' id='word_1_712' title='bbox 2534 3214 2587 3286; x_wconf 81' lang='lat' dir='ltr'><strong>et</strong></span> <span class='ocrx_word' id='word_1_713' title='bbox 2617 3230 2685 3287; x_wconf 89' lang='lat' dir='ltr'><strong>ad</strong></span> <span class='ocrx_word' id='word_1_714' title='bbox 2754 3232 2873 3286; x_wconf 84' lang='lat' dir='ltr'><strong>loca</strong></span> <span class='ocrx_word' id='word_1_715' title='bbox 2922 3230 3019 3285; x_wconf 90' lang='lat' dir='ltr'><strong>ubi</strong></span> <span class='ocrx_word' id='word_1_716' title='bbox 3080 3231 3381 3302; x_wconf 81' lang='lat' dir='ltr'><strong>agebantur</strong></span> <span class='ocrx_word' id='word_1_717' title='bbox 3440 3242 3746 3287; x_wconf 77' lang='lat' dir='ltr'><strong>conventus</strong></span> 
     </span>
    </p>
   </div>
   <div class='ocr_carea' id='block_1_94' title="bbox 2167 3321 3747 3395">
    <p class='ocr_par' dir='ltr' id='par_1_94' title="bbox 2167 3321 3747 3395">
     <span class='ocr_line' id='line_1_94' title="bbox 2167 3321 3747 3395; baseline 0.001 -19"><span class='ocrx_word' id='word_1_718' title='bbox 2167 3321 2584 3378; x_wconf 88' lang='lat' dir='ltr'><strong>contendebant.</strong></span> <span class='ocrx_word' id='word_1_719' title='bbox 2629 3321 2832 3378; x_wconf 82' lang='lat' dir='ltr'><strong>Verum</strong></span> <span class='ocrx_word' id='word_1_720' title='bbox 2881 3324 3008 3395; x_wconf 92' lang='lat' dir='ltr'><strong>quia</strong></span> <span class='ocrx_word' id='word_1_721' title='bbox 3058 3324 3320 3380; x_wconf 82' lang='lat' dir='ltr'><strong>adversus</strong></span> <span class='ocrx_word' id='word_1_722' title='bbox 3361 3325 3490 3380; x_wconf 84' lang='lat' dir='ltr'><strong>ﬁdei</strong></span> <span class='ocrx_word' id='word_1_723' title='bbox 3520 3325 3747 3380; x_wconf 73' lang='lat' dir='ltr'><strong>consub-</strong></span> 
     </span>
    </p>
   </div>
   <div class='ocr_carea' id='block_1_95' title="bbox 2167 3410 3745 3486">
    <p class='ocr_par' dir='ltr' id='par_1_95' title="bbox 2167 3410 3745 3486">
     <span class='ocr_line' id='line_1_95' title="bbox 2167 3410 3745 3486; baseline 0.004 -21"><span class='ocrx_word' id='word_1_724' title='bbox 2167 3412 2440 3467; x_wconf 74' lang='lat' dir='ltr'><strong>stantialis</strong></span> <span class='ocrx_word' id='word_1_725' title='bbox 2512 3410 2752 3469; x_wconf 87' lang='lat' dir='ltr'><strong>fautores</strong></span> <span class='ocrx_word' id='word_1_726' title='bbox 2813 3413 2974 3469; x_wconf 88' lang='lat' dir='ltr'><strong>verba</strong></span> <span class='ocrx_word' id='word_1_727' title='bbox 3051 3415 3485 3480; x_wconf 89' lang='lat' dir='ltr'><strong>contumeliosa,</strong></span> <span class='ocrx_word' id='word_1_728' title='bbox 3544 3417 3745 3486; x_wconf 86' lang='lat' dir='ltr'><strong>quibus</strong></span> 
     </span>
    </p>
   </div>
   <div class='ocr_carea' id='block_1_96' title="bbox 2168 3507 3742 3574">
    <p class='ocr_par' dir='ltr' id='par_1_96' title="bbox 2168 3507 3742 3574">
     <span class='ocr_line' id='line_1_96' title="bbox 2168 3507 3742 3574; baseline 0.001 -14"><span class='ocrx_word' id='word_1_729' title='bbox 2168 3520 2357 3560; x_wconf 87' lang='lat' dir='ltr'><strong>eorum</strong></span> <span class='ocrx_word' id='word_1_730' title='bbox 2406 3507 2621 3563; x_wconf 90' lang='lat' dir='ltr'><strong>animos</strong></span> <span class='ocrx_word' id='word_1_731' title='bbox 2665 3507 2976 3574; x_wconf 86' lang='lat' dir='ltr'><strong>irritarent,</strong></span> <span class='ocrx_word' id='word_1_732' title='bbox 3021 3507 3206 3563; x_wconf 92' lang='lat' dir='ltr'><strong>dicere</strong></span> <span class='ocrx_word' id='word_1_733' title='bbox 3229 3523 3338 3562; x_wconf 92' lang='lat' dir='ltr'><strong>non</strong></span> <span class='ocrx_word' id='word_1_734' title='bbox 3386 3509 3742 3573; x_wconf 82' lang='lat' dir='ltr'><strong>desinebant,</strong></span> 
     </span>
    </p>
   </div>
   <div class='ocr_carea' id='block_1_97' title="bbox 2168 3599 3740 3670">
    <p class='ocr_par' dir='ltr' id='par_1_97' title="bbox 2168 3599 3740 3670">
     <span class='ocr_line' id='line_1_97' title="bbox 2168 3599 3740 3670; baseline 0.004 -19"><span class='ocrx_word' id='word_1_735' title='bbox 2168 3613 2292 3652; x_wconf 91' lang='lat' dir='ltr'><strong>nam</strong></span> <span class='ocrx_word' id='word_1_736' title='bbox 2317 3614 2457 3668; x_wconf 77' lang='lat' dir='ltr'><strong>saepe</strong></span> <span class='ocrx_word' id='word_1_737' title='bbox 2495 3599 2637 3654; x_wconf 89' lang='lat' dir='ltr'><strong>hanc</strong></span> <span class='ocrx_word' id='word_1_738' title='bbox 2666 3600 2826 3670; x_wconf 92' lang='lat' dir='ltr'><strong>quasi</strong></span> <span class='ocrx_word' id='word_1_739' title='bbox 2877 3600 3206 3655; x_wconf 89' lang='lat' dir='ltr'><strong>cantilenam</strong></span> <span class='ocrx_word' id='word_1_740' title='bbox 3243 3602 3298 3654; x_wconf 93' lang='lat' dir='ltr'><strong>in</strong></span> <span class='ocrx_word' id='word_1_741' title='bbox 3336 3616 3433 3656; x_wconf 91' lang='lat' dir='ltr'><strong>eos</strong></span> <span class='ocrx_word' id='word_1_742' title='bbox 3455 3602 3740 3657; x_wconf 81' lang='lat' dir='ltr'><strong>cecinere:</strong></span> 
     </span>
    </p>
   </div>
   <div class='ocr_carea' id='block_1_98' title="bbox 2169 3689 3748 3763">
    <p class='ocr_par' dir='ltr' id='par_1_98' title="bbox 2169 3689 3748 3763">
     <span class='ocr_line' id='line_1_98' title="bbox 2169 3689 3748 3763; baseline 0.002 -18"><span class='ocrx_word' id='word_1_743' title='bbox 2169 3689 2272 3745; x_wconf 87' lang='lat' dir='ltr'><strong>Ubi</strong></span> <span class='ocrx_word' id='word_1_744' title='bbox 2302 3698 2431 3746; x_wconf 82' lang='lat' dir='ltr'><strong>sunt</strong></span> <span class='ocrx_word' id='word_1_745' title='bbox 2457 3691 2533 3758; x_wconf 91' lang='lat' dir='ltr'><strong>hi,</strong></span> <span class='ocrx_word' id='word_1_746' title='bbox 2563 3691 2655 3762; x_wconf 89' lang='lat' dir='ltr'><strong>qui</strong></span> <span class='ocrx_word' id='word_1_747' title='bbox 2701 3690 2805 3746; x_wconf 91' lang='lat' dir='ltr'><strong>tria</strong></span> <span class='ocrx_word' id='word_1_748' title='bbox 2841 3707 3003 3746; x_wconf 83' lang='lat' dir='ltr'><strong>unam</strong></span> <span class='ocrx_word' id='word_1_749' title='bbox 3042 3692 3232 3747; x_wconf 89' lang='lat' dir='ltr'><strong>dicunt</strong></span> <span class='ocrx_word' id='word_1_750' title='bbox 3257 3707 3377 3747; x_wconf 91' lang='lat' dir='ltr'><strong>esse</strong></span> <span class='ocrx_word' id='word_1_751' title='bbox 3408 3694 3748 3763; x_wconf 79' lang='lat' dir='ltr'><strong>potentiam?</strong></span> 
     </span>
    </p>
   </div>
   <div class='ocr_carea' id='block_1_99' title="bbox 2166 3780 3746 3855">
    <p class='ocr_par' dir='ltr' id='par_1_99' title="bbox 2166 3780 3746 3855">
     <span class='ocr_line' id='line_1_99' title="bbox 2166 3780 3746 3855; baseline 0.003 -19"><span class='ocrx_word' id='word_1_752' title='bbox 2166 3780 2405 3837; x_wconf 83' lang='lat' dir='ltr'><strong>Joannes</strong></span> <span class='ocrx_word' id='word_1_753' title='bbox 2437 3783 2640 3837; x_wconf 88' lang='lat' dir='ltr'><strong>veritus</strong></span> <span class='ocrx_word' id='word_1_754' title='bbox 2692 3798 2761 3837; x_wconf 92' lang='lat' dir='ltr'><strong>ne</strong></span> <span class='ocrx_word' id='word_1_755' title='bbox 2795 3783 2994 3854; x_wconf 89' lang='lat' dir='ltr'><strong>aliquis</strong></span> <span class='ocrx_word' id='word_1_756' title='bbox 3030 3800 3098 3839; x_wconf 78' lang='lat' dir='ltr'><strong>ex</strong></span> <span class='ocrx_word' id='word_1_757' title='bbox 3148 3784 3582 3853; x_wconf 89' lang='lat' dir='ltr'><strong>simplicioribus</strong></span> <span class='ocrx_word' id='word_1_758' title='bbox 3600 3786 3746 3855; x_wconf 79' lang='lat' dir='ltr'><strong>ejus-</strong></span> 
     </span>
    </p>
   </div>
   <div class='ocr_carea' id='block_1_100' title="bbox 2168 3872 3745 3946">
    <p class='ocr_par' dir='ltr' id='par_1_100' title="bbox 2168 3872 3745 3946">
     <span class='ocr_line' id='line_1_100' title="bbox 2168 3872 3745 3946; baseline 0.003 -19"><span class='ocrx_word' id='word_1_759' title='bbox 2168 3873 2314 3928; x_wconf 88' lang='lat' dir='ltr'><strong>modi</strong></span> <span class='ocrx_word' id='word_1_760' title='bbox 2340 3874 2590 3930; x_wconf 91' lang='lat' dir='ltr'><strong>cantibus</strong></span> <span class='ocrx_word' id='word_1_761' title='bbox 2623 3873 2692 3929; x_wconf 89' lang='lat' dir='ltr'><strong>ab</strong></span> <span class='ocrx_word' id='word_1_762' title='bbox 2721 3872 2961 3930; x_wconf 87' lang='lat' dir='ltr'><strong>Ecclesia</strong></span> <span class='ocrx_word' id='word_1_763' title='bbox 3001 3875 3382 3940; x_wconf 88' lang='lat' dir='ltr'><strong>abduceretur,</strong></span> <span class='ocrx_word' id='word_1_764' title='bbox 3408 3877 3682 3946; x_wconf 83' lang='lat' dir='ltr'><strong>quosdam</strong></span> <span class='ocrx_word' id='word_1_765' title='bbox 3713 3893 3745 3932; x_wconf 89' lang='lat' dir='ltr'><strong>e</strong></span> 
     </span>
    </p>
   </div>
   <div class='ocr_carea' id='block_1_101' title="bbox 2169 3966 3743 4040">
    <p class='ocr_par' dir='ltr' id='par_1_101' title="bbox 2169 3966 3743 4040">
     <span class='ocr_line' id='line_1_101' title="bbox 2169 3966 3743 4040; baseline 0.004 -19"><span class='ocrx_word' id='word_1_766' title='bbox 2169 3981 2271 4021; x_wconf 92' lang='lat' dir='ltr'><strong>suo</strong></span> <span class='ocrx_word' id='word_1_767' title='bbox 2302 3967 2502 4037; x_wconf 90' lang='lat' dir='ltr'><strong>populo</strong></span> <span class='ocrx_word' id='word_1_768' title='bbox 2538 3967 2647 4022; x_wconf 90' lang='lat' dir='ltr'><strong>illis</strong></span> <span class='ocrx_word' id='word_1_769' title='bbox 2677 3966 3035 4038; x_wconf 74' lang='lat' dir='ltr'><strong>opponendos</strong></span> <span class='ocrx_word' id='word_1_770' title='bbox 3062 3970 3274 4024; x_wconf 76' lang='lat' dir='ltr'><strong>curarit</strong></span> <span class='ocrx_word' id='word_1_771' title='bbox 3293 4011 3309 4036; x_wconf 90' lang='lat'><strong>,</strong></span> <span class='ocrx_word' id='word_1_772' title='bbox 3336 3969 3429 4040; x_wconf 89' lang='lat' dir='ltr'><strong>qui</strong></span> <span class='ocrx_word' id='word_1_773' title='bbox 3458 3972 3743 4027; x_wconf 77' lang='lat' dir='ltr'><strong>nocturnis</strong></span> 
     </span>
    </p>
   </div>
   <div class='ocr_carea' id='block_1_102' title="bbox 2168 4060 3741 4132">
    <p class='ocr_par' dir='ltr' id='par_1_102' title="bbox 2168 4060 3741 4132">
     <span class='ocr_line' id='line_1_102' title="bbox 2168 4060 3741 4132; baseline 0.002 -18"><span class='ocrx_word' id='word_1_774' title='bbox 2168 4060 2385 4132; x_wconf 84' lang='lat' dir='ltr'><strong>hymnis</strong></span> <span class='ocrx_word' id='word_1_775' title='bbox 2416 4060 2769 4115; x_wconf 88' lang='lat' dir='ltr'><strong>decantandis</strong></span> <span class='ocrx_word' id='word_1_776' title='bbox 2789 4060 3037 4117; x_wconf 84' lang='lat' dir='ltr'><strong>similiter</strong></span> <span class='ocrx_word' id='word_1_777' title='bbox 3070 4076 3290 4132; x_wconf 90' lang='lat' dir='ltr'><strong>operam</strong></span> <span class='ocrx_word' id='word_1_778' title='bbox 3319 4062 3552 4128; x_wconf 87' lang='lat' dir='ltr'><strong>darent,</strong></span> <span class='ocrx_word' id='word_1_779' title='bbox 3585 4063 3741 4117; x_wconf 78' lang='lat' dir='ltr'><strong>Aria-</strong></span> 
     </span>
    </p>
   </div>
   <div class='ocr_carea' id='block_1_103' title="bbox 2170 4150 3740 4225">
    <p class='ocr_par' dir='ltr' id='par_1_103' title="bbox 2170 4150 3740 4225">
     <span class='ocr_line' id='line_1_103' title="bbox 2170 4150 3740 4225; baseline 0.001 -19"><span class='ocrx_word' id='word_1_780' title='bbox 2170 4166 2473 4221; x_wconf 84' lang='lat' dir='ltr'><strong>nurumque</strong></span> <span class='ocrx_word' id='word_1_781' title='bbox 2499 4150 2555 4205; x_wconf 91' lang='lat' dir='ltr'><strong>in</strong></span> <span class='ocrx_word' id='word_1_782' title='bbox 2584 4166 2647 4205; x_wconf 88' lang='lat' dir='ltr'><strong>ea</strong></span> <span class='ocrx_word' id='word_1_783' title='bbox 2695 4167 2752 4207; x_wconf 90' lang='lat' dir='ltr'><strong>re</strong></span> <span class='ocrx_word' id='word_1_784' title='bbox 2788 4153 3028 4207; x_wconf 89' lang='lat' dir='ltr'><strong>studium</strong></span> <span class='ocrx_word' id='word_1_785' title='bbox 3063 4168 3129 4208; x_wconf 86' lang='lat' dir='ltr'><strong>eo</strong></span> <span class='ocrx_word' id='word_1_786' title='bbox 3168 4162 3326 4223; x_wconf 85' lang='lat' dir='ltr'><strong>pacto</strong></span> <span class='ocrx_word' id='word_1_787' title='bbox 3347 4155 3740 4225; x_wconf 83' lang='lat' dir='ltr'><strong>rcprimerent,</strong></span> 
     </span>
    </p>
   </div>
   <div class='ocr_carea' id='block_1_104' title="bbox 2169 4248 3744 4321">
    <p class='ocr_par' dir='ltr' id='par_1_104' title="bbox 2169 4248 3744 4321">
     <span class='ocr_line' id='line_1_104' title="bbox 2169 4248 3744 4321; baseline 0.002 -17"><span class='ocrx_word' id='word_1_788' title='bbox 2169 4249 2400 4319; x_wconf 90' lang='lat' dir='ltr'><strong>denique</strong></span> <span class='ocrx_word' id='word_1_789' title='bbox 2447 4264 2575 4305; x_wconf 90' lang='lat' dir='ltr'><strong>suos</strong></span> <span class='ocrx_word' id='word_1_790' title='bbox 2616 4250 2668 4304; x_wconf 93' lang='lat' dir='ltr'><strong>in</strong></span> <span class='ocrx_word' id='word_1_791' title='bbox 2705 4248 2947 4321; x_wconf 87' lang='lat' dir='ltr'><strong>ipsorum</strong></span> <span class='ocrx_word' id='word_1_792' title='bbox 2990 4251 3094 4306; x_wconf 86' lang='lat' dir='ltr'><strong>lide</strong></span> <span class='ocrx_word' id='word_1_793' title='bbox 3119 4251 3411 4306; x_wconf 82' lang='lat' dir='ltr'><strong>admodum</strong></span> <span class='ocrx_word' id='word_1_794' title='bbox 3442 4251 3744 4307; x_wconf 82' lang='lat' dir='ltr'><strong>confirma-</strong></span> 
     </span>
    </p>
   </div>
   <div class='ocr_carea' id='block_1_105' title="bbox 2168 4339 3745 4411">
    <p class='ocr_par' dir='ltr' id='par_1_105' title="bbox 2168 4339 3745 4411">
     <span class='ocr_line' id='line_1_105' title="bbox 2168 4339 3745 4411; baseline 0.003 -17"><span class='ocrx_word' id='word_1_795' title='bbox 2168 4348 2306 4394; x_wconf 87' lang='lat' dir='ltr'><strong>rent.</strong></span> <span class='ocrx_word' id='word_1_796' title='bbox 2360 4339 2428 4394; x_wconf 86' lang='lat' dir='ltr'><strong>At</strong></span> <span class='ocrx_word' id='word_1_797' title='bbox 2487 4343 2736 4411; x_wconf 84' lang='lat' dir='ltr'><strong>quamvis</strong></span> <span class='ocrx_word' id='word_1_798' title='bbox 2786 4342 2891 4397; x_wconf 88' lang='lat' dir='ltr'><strong>hoc</strong></span> <span class='ocrx_word' id='word_1_799' title='bbox 2952 4341 3177 4397; x_wconf 84' lang='lat' dir='ltr'><strong>Joannis</strong></span> <span class='ocrx_word' id='word_1_800' title='bbox 3226 4342 3537 4398; x_wconf 87' lang='lat' dir='ltr'><strong>institutum</strong></span> <span class='ocrx_word' id='word_1_801' title='bbox 3590 4346 3745 4399; x_wconf 72' lang='lat' dir='ltr'><strong>valle</strong></span> 
     </span>
    </p>
   </div>
   <div class='ocr_carea' id='block_1_106' title="bbox 2171 4431 3743 4498">
    <p class='ocr_par' dir='ltr' id='par_1_106' title="bbox 2171 4431 3743 4498">
     <span class='ocr_line' id='line_1_106' title="bbox 2171 4431 3743 4498; baseline 0.003 -14"><span class='ocrx_word' id='word_1_802' title='bbox 2171 4431 2514 4485; x_wconf 89' lang='lat' dir='ltr'><strong>commodum</strong></span> <span class='ocrx_word' id='word_1_803' title='bbox 2547 4431 2839 4498; x_wconf 79' lang='lat' dir='ltr'><strong>videretur,</strong></span> <span class='ocrx_word' id='word_1_804' title='bbox 2873 4442 3053 4486; x_wconf 86' lang='lat' dir='ltr'><strong>tamen</strong></span> <span class='ocrx_word' id='word_1_805' title='bbox 3081 4433 3226 4487; x_wconf 88' lang='lat' dir='ltr'><strong>illius</strong></span> <span class='ocrx_word' id='word_1_806' title='bbox 3248 4444 3479 4489; x_wconf 84' lang='lat' dir='ltr'><strong>eventus</strong></span> <span class='ocrx_word' id='word_1_807' title='bbox 3504 4437 3743 4490; x_wconf 87' lang='lat' dir='ltr'><strong>tumultu</strong></span> 
     </span>
    </p>
   </div>
   <div class='ocr_carea' id='block_1_107' title="bbox 2170 4522 3743 4598">
    <p class='ocr_par' dir='ltr' id='par_1_107' title="bbox 2170 4522 3743 4598">
     <span class='ocr_line' id='line_1_107' title="bbox 2170 4522 3743 4598; baseline 0.005 -23"><span class='ocrx_word' id='word_1_808' title='bbox 2170 4531 2331 4591; x_wconf 89' lang='lat' dir='ltr'><strong>atque</strong></span> <span class='ocrx_word' id='word_1_809' title='bbox 2360 4522 2523 4576; x_wconf 85' lang='lat' dir='ltr'><strong>etiam</strong></span> <span class='ocrx_word' id='word_1_810' title='bbox 2549 4524 2790 4592; x_wconf 89' lang='lat' dir='ltr'><strong>periculo</strong></span> <span class='ocrx_word' id='word_1_811' title='bbox 2813 4540 2920 4578; x_wconf 88' lang='lat' dir='ltr'><strong>non</strong></span> <span class='ocrx_word' id='word_1_812' title='bbox 2960 4526 3155 4579; x_wconf 84' lang='lat' dir='ltr'><strong>caruit.</strong></span> <span class='ocrx_word' id='word_1_813' title='bbox 3180 4523 3314 4579; x_wconf 81' lang='lat' dir='ltr'><strong>Nam</strong></span> <span class='ocrx_word' id='word_1_814' title='bbox 3343 4526 3432 4580; x_wconf 89' lang='lat' dir='ltr'><strong>ubi</strong></span> <span class='ocrx_word' id='word_1_815' title='bbox 3467 4529 3665 4598; x_wconf 76' lang='lat' dir='ltr'><strong>hymni</strong></span> <span class='ocrx_word' id='word_1_816' title='bbox 3693 4530 3743 4583; x_wconf 91' lang='lat' dir='ltr'><strong>in</strong></span> 
     </span>
    </p>
   </div>
   <div class='ocr_carea' id='block_1_108' title="bbox 2171 4613 3741 4687">
    <p class='ocr_par' dir='ltr' id='par_1_108' title="bbox 2171 4613 3741 4687">
     <span class='ocr_line' id='line_1_108' title="bbox 2171 4613 3741 4687; baseline 0.004 -21"><span class='ocrx_word' id='word_1_817' title='bbox 2171 4613 2637 4668; x_wconf 73' lang='lat' dir='ltr'><strong>consubstantialis</strong></span> <span class='ocrx_word' id='word_1_818' title='bbox 2674 4613 2888 4668; x_wconf 86' lang='lat' dir='ltr'><strong>laudem</strong></span> <span class='ocrx_word' id='word_1_819' title='bbox 2923 4615 3219 4682; x_wconf 87' lang='lat' dir='ltr'><strong>decantati,</strong></span> <span class='ocrx_word' id='word_1_820' title='bbox 3252 4627 3474 4687; x_wconf 87' lang='lat' dir='ltr'><strong>propter</strong></span> <span class='ocrx_word' id='word_1_821' title='bbox 3504 4634 3741 4674; x_wconf 55' lang='lat' dir='ltr'><strong>ceuceu.</strong></span> 
     </span>
    </p>
   </div>
   <div class='ocr_carea' id='block_1_109' title="bbox 2170 4707 3743 4780">
    <p class='ocr_par' dir='ltr' id='par_1_109' title="bbox 2170 4707 3743 4780">
     <span class='ocr_line' id='line_1_109' title="bbox 2170 4707 3743 4780; baseline 0.003 -19"><span class='ocrx_word' id='word_1_822' title='bbox 2170 4714 2284 4761; x_wconf 93' lang='lat' dir='ltr'><strong>tum</strong></span> <span class='ocrx_word' id='word_1_823' title='bbox 2340 4707 2490 4761; x_wconf 86' lang='lat' dir='ltr'><strong>illum</strong></span> <span class='ocrx_word' id='word_1_824' title='bbox 2548 4719 2872 4763; x_wconf 86' lang='lat' dir='ltr'><strong>nocturnum</strong></span> <span class='ocrx_word' id='word_1_825' title='bbox 2915 4710 3086 4765; x_wconf 91' lang='lat' dir='ltr'><strong>multo</strong></span> <span class='ocrx_word' id='word_1_826' title='bbox 3116 4709 3239 4780; x_wconf 90' lang='lat' dir='ltr'><strong>plus</strong></span> <span class='ocrx_word' id='word_1_827' title='bbox 3274 4710 3562 4780; x_wconf 72' lang='lat' dir='ltr'><strong>dignitatis</strong></span> <span class='ocrx_word' id='word_1_828' title='bbox 3619 4720 3743 4768; x_wconf 84' lang='lat' dir='ltr'><strong>sunt</strong></span> 
     </span>
    </p>
   </div>
   <div class='ocr_carea' id='block_1_110' title="bbox 2169 4802 3743 4877">
    <p class='ocr_par' dir='ltr' id='par_1_110' title="bbox 2169 4802 3743 4877">
     <span class='ocr_line' id='line_1_110' title="bbox 2169 4802 3743 4877; baseline 0.004 -22"><span class='ocrx_word' id='word_1_829' title='bbox 2169 4802 2469 4865; x_wconf 80' lang='lat' dir='ltr'><strong>consecuti,</strong></span> <span class='ocrx_word' id='word_1_830' title='bbox 2506 4813 2663 4856; x_wconf 83' lang='lat' dir='ltr'><strong>erant</strong></span> <span class='ocrx_word' id='word_1_831' title='bbox 2694 4803 2839 4857; x_wconf 90' lang='lat' dir='ltr'><strong>enim</strong></span> <span class='ocrx_word' id='word_1_832' title='bbox 2871 4818 3065 4858; x_wconf 89' lang='lat' dir='ltr'><strong>cruces</strong></span> <span class='ocrx_word' id='word_1_833' title='bbox 3094 4815 3363 4873; x_wconf 67' lang='lat' dir='ltr'><strong>argentea:</strong></span> <span class='ocrx_word' id='word_1_834' title='bbox 3389 4807 3743 4877; x_wconf 65' lang='lat' dir='ltr'><strong>excogitata,</strong></span> 
     </span>
    </p>
   </div>
   <div class='ocr_carea' id='block_1_111' title="bbox 2169 4892 3744 4963">
    <p class='ocr_par' dir='ltr' id='par_1_111' title="bbox 2169 4892 3744 4963">
     <span class='ocr_line' id='line_1_111' title="bbox 2169 4892 3744 4963; baseline 0.004 -18"><span class='ocrx_word' id='word_1_835' title='bbox 2169 4893 2368 4962; x_wconf 78' lang='lat' dir='ltr'><strong>quibus</strong></span> <span class='ocrx_word' id='word_1_836' title='bbox 2390 4894 2532 4948; x_wconf 90' lang='lat' dir='ltr'><strong>cerei</strong></span> <span class='ocrx_word' id='word_1_837' title='bbox 2567 4893 3008 4963; x_wconf 84' lang='lat' dir='ltr'><strong>imponebantur,</strong></span> <span class='ocrx_word' id='word_1_838' title='bbox 3040 4892 3286 4949; x_wconf 76' lang='lat' dir='ltr'><strong>Eudoxia</strong></span> <span class='ocrx_word' id='word_1_839' title='bbox 3309 4893 3561 4963; x_wconf 80' lang='lat' dir='ltr'><strong>Augusta</strong></span> <span class='ocrx_word' id='word_1_840' title='bbox 3593 4914 3744 4953; x_wconf 83' lang='lat' dir='ltr'><strong>sutu-</strong></span> 
     </span>
    </p>
   </div>
   <div class='ocr_carea' id='block_1_112' title="bbox 2170 4983 3740 5055">
    <p class='ocr_par' dir='ltr' id='par_1_112' title="bbox 2170 4983 3740 5055">
     <span class='ocr_line' id='line_1_112' title="bbox 2170 4983 3740 5055; baseline 0.003 -16"><span class='ocrx_word' id='word_1_841' title='bbox 2170 4993 2320 5053; x_wconf 86' lang='lat' dir='ltr'><strong>ptum</strong></span> <span class='ocrx_word' id='word_1_842' title='bbox 2351 4985 2417 5039; x_wconf 90' lang='lat' dir='ltr'><strong>ad</strong></span> <span class='ocrx_word' id='word_1_843' title='bbox 2454 4985 2504 5038; x_wconf 92' lang='lat' dir='ltr'><strong>id</strong></span> <span class='ocrx_word' id='word_1_844' title='bbox 2534 4983 2937 5055; x_wconf 85' lang='lat' dir='ltr'><strong>suppeditante,</strong></span> <span class='ocrx_word' id='word_1_845' title='bbox 2969 4985 3124 5039; x_wconf 89' lang='lat' dir='ltr'><strong>turba</strong></span> <span class='ocrx_word' id='word_1_846' title='bbox 3154 4985 3487 5041; x_wconf 82' lang='lat' dir='ltr'><strong>Arianorum</strong></span> <span class='ocrx_word' id='word_1_847' title='bbox 3518 5000 3740 5052; x_wconf 85' lang='lat' dir='ltr'><strong>coacta,</strong></span> 
     </span>
    </p>
   </div>
   <div class='ocr_carea' id='block_1_113' title="bbox 2166 5076 3740 5147">
    <p class='ocr_par' dir='ltr' id='par_1_113' title="bbox 2166 5076 3740 5147">
     <span class='ocr_line' id='line_1_113' title="bbox 2166 5076 3740 5147; baseline 0.004 -16"><span class='ocrx_word' id='word_1_848' title='bbox 2166 5087 2222 5132; x_wconf 91' lang='lat' dir='ltr'><strong>et</strong></span> <span class='ocrx_word' id='word_1_849' title='bbox 2250 5078 2610 5132; x_wconf 79' lang='lat' dir='ltr'><strong>aemulationis</strong></span> <span class='ocrx_word' id='word_1_850' title='bbox 2636 5076 2831 5131; x_wconf 88' lang='lat' dir='ltr'><strong>ardore</strong></span> <span class='ocrx_word' id='word_1_851' title='bbox 2870 5077 3118 5140; x_wconf 85' lang='lat' dir='ltr'><strong>incensa,</strong></span> <span class='ocrx_word' id='word_1_852' title='bbox 3152 5093 3211 5133; x_wconf 86' lang='lat' dir='ltr'><strong>se</strong></span> <span class='ocrx_word' id='word_1_853' title='bbox 3261 5078 3488 5147; x_wconf 89' lang='lat' dir='ltr'><strong>ulcisci,</strong></span> <span class='ocrx_word' id='word_1_854' title='bbox 3522 5091 3578 5136; x_wconf 88' lang='lat' dir='ltr'><strong>et</strong></span> <span class='ocrx_word' id='word_1_855' title='bbox 3623 5096 3740 5137; x_wconf 86' lang='lat' dir='ltr'><strong>cum</strong></span> 
     </span>
    </p>
   </div>
   <div class='ocr_carea' id='block_1_114' title="bbox 2167 5170 3739 5245">
    <p class='ocr_par' dir='ltr' id='par_1_114' title="bbox 2167 5170 3739 5245">
     <span class='ocr_line' id='line_1_114' title="bbox 2167 5170 3739 5245; baseline 0.002 -20"><span class='ocrx_word' id='word_1_856' title='bbox 2167 5171 2493 5225; x_wconf 71' lang='lat' dir='ltr'><strong>adversariis</strong></span> <span class='ocrx_word' id='word_1_857' title='bbox 2541 5170 2830 5243; x_wconf 83' lang='lat' dir='ltr'><strong>conﬂigere</strong></span> <span class='ocrx_word' id='word_1_858' title='bbox 2871 5171 3126 5226; x_wconf 89' lang='lat' dir='ltr'><strong>instituit.</strong></span> <span class='ocrx_word' id='word_1_859' title='bbox 3175 5172 3386 5226; x_wconf 81' lang='lat' dir='ltr'><strong>Etenim</strong></span> <span class='ocrx_word' id='word_1_860' title='bbox 3435 5173 3739 5245; x_wconf 84' lang='lat' dir='ltr'><strong>principatu</strong></span> 
     </span>
    </p>
   </div>
   <div class='ocr_carea' id='block_1_115' title="bbox 2166 5262 3739 5335">
    <p class='ocr_par' dir='ltr' id='par_1_115' title="bbox 2166 5262 3739 5335">
     <span class='ocr_line' id='line_1_115' title="bbox 2166 5262 3739 5335; baseline 0.003 -19"><span class='ocrx_word' id='word_1_861' title='bbox 2166 5262 2293 5327; x_wconf 89' lang='lat' dir='ltr'><strong>illo,</strong></span> <span class='ocrx_word' id='word_1_862' title='bbox 2336 5279 2497 5333; x_wconf 87' lang='lat' dir='ltr'><strong>quem</strong></span> <span class='ocrx_word' id='word_1_863' title='bbox 2538 5263 2867 5335; x_wconf 84' lang='lat' dir='ltr'><strong>jampridem</strong></span> <span class='ocrx_word' id='word_1_864' title='bbox 2909 5263 3264 5319; x_wconf 90' lang='lat' dir='ltr'><strong>obtinuerant</strong></span> <span class='ocrx_word' id='word_1_865' title='bbox 3293 5264 3452 5328; x_wconf 89' lang='lat' dir='ltr'><strong>elati,</strong></span> <span class='ocrx_word' id='word_1_866' title='bbox 3477 5273 3643 5320; x_wconf 87' lang='lat' dir='ltr'><strong>erant</strong></span> <span class='ocrx_word' id='word_1_867' title='bbox 3678 5266 3739 5320; x_wconf 82' lang='lat' dir='ltr'><strong>ad</strong></span> 
     </span>
    </p>
   </div>
   <div class='ocr_carea' id='block_1_116' title="bbox 2166 5354 3743 5425">
    <p class='ocr_par' dir='ltr' id='par_1_116' title="bbox 2166 5354 3743 5425">
     <span class='ocr_line' id='line_1_116' title="bbox 2166 5354 3743 5425; baseline 0.001 -18"><span class='ocrx_word' id='word_1_868' title='bbox 2166 5370 2401 5425; x_wconf 80' lang='lat' dir='ltr'><strong>pugnam</strong></span> <span class='ocrx_word' id='word_1_869' title='bbox 2434 5356 2606 5410; x_wconf 87' lang='lat' dir='ltr'><strong>multo</strong></span> <span class='ocrx_word' id='word_1_870' title='bbox 2626 5356 2965 5412; x_wconf 84' lang='lat' dir='ltr'><strong>ardentiores</strong></span> <span class='ocrx_word' id='word_1_871' title='bbox 2982 5395 2997 5421; x_wconf 92' lang='lat'><strong>,</strong></span> <span class='ocrx_word' id='word_1_872' title='bbox 3022 5354 3447 5425; x_wconf 87' lang='lat' dir='ltr'><strong>defensoresque</strong></span> <span class='ocrx_word' id='word_1_873' title='bbox 3471 5356 3599 5412; x_wconf 76' lang='lat' dir='ltr'><strong>ﬁdei</strong></span> <span class='ocrx_word' id='word_1_874' title='bbox 3626 5374 3743 5411; x_wconf 75' lang='lat' dir='ltr'><strong>con-</strong></span> 
     </span>
    </p>
   </div>
   <div class='ocr_carea' id='block_1_117' title="bbox 2166 5446 3742 5518">
    <p class='ocr_par' dir='ltr' id='par_1_117' title="bbox 2166 5446 3742 5518">
     <span class='ocr_line' id='line_1_117' title="bbox 2166 5446 3742 5518; baseline 0.001 -16"><span class='ocrx_word' id='word_1_875' title='bbox 2166 5447 2531 5503; x_wconf 80' lang='lat' dir='ltr'><strong>substantialis</strong></span> <span class='ocrx_word' id='word_1_876' title='bbox 2589 5464 2815 5518; x_wconf 82' lang='lat' dir='ltr'><strong>prorsus</strong></span> <span class='ocrx_word' id='word_1_877' title='bbox 2870 5447 3307 5503; x_wconf 88' lang='lat' dir='ltr'><strong>contemnebant.</strong></span> <span class='ocrx_word' id='word_1_878' title='bbox 3361 5446 3549 5514; x_wconf 76' lang='lat' dir='ltr'><strong>Quare</strong></span> <span class='ocrx_word' id='word_1_879' title='bbox 3598 5448 3742 5505; x_wconf 82' lang='lat' dir='ltr'><strong>nulia</strong></span> 
     </span>
    </p>
   </div>
   <div class='ocr_carea' id='block_1_118' title="bbox 2166 5581 3740 5655">
    <p class='ocr_par' dir='ltr' id='par_1_118' title="bbox 2166 5581 3740 5655">
     <span class='ocr_line' id='line_1_118' title="bbox 2166 5581 3740 5655; baseline 0 -16"><span class='ocrx_word' id='word_1_880' title='bbox 2166 5583 2358 5639; x_wconf 85' lang='lat' dir='ltr'><strong>stricto</strong></span> <span class='ocrx_word' id='word_1_881' title='bbox 2392 5597 2554 5655; x_wconf 75' lang='lat' dir='ltr'><strong>sensu</strong></span> <span class='ocrx_word' id='word_1_882' title='bbox 2584 5592 2808 5655; x_wconf 73' lang='lat' dir='ltr'><strong>poterat</strong></span> <span class='ocrx_word' id='word_1_883' title='bbox 2852 5583 3093 5654; x_wconf 81' lang='lat' dir='ltr'><strong>synodus</strong></span> <span class='ocrx_word' id='word_1_884' title='bbox 3137 5581 3418 5655; x_wconf 78' lang='lat' dir='ltr'><strong>adquam</strong></span> <span class='ocrx_word' id='word_1_885' title='bbox 3466 5582 3740 5655; x_wconf 68' lang='lat' dir='ltr'><strong>Hispania</strong></span> 
     </span>
    </p>
   </div>
   <div class='ocr_carea' id='block_1_119' title="bbox 2166 5652 3740 5778">
    <p class='ocr_par' dir='ltr' id='par_1_119' title="bbox 2166 5652 3740 5778">
     <span class='ocr_line' id='line_1_119' title="bbox 2166 5652 3740 5778; baseline 0.004 -71"><span class='ocrx_word' id='word_1_886' title='bbox 2166 5663 2380 5778; x_wconf 38' lang='lat' dir='ltr'><strong>tanta&quot;:</strong></span> <span class='ocrx_word' id='word_1_887' title='bbox 2405 5664 2481 5776; x_wconf 46' lang='lat' dir='ltr'><strong>ei!</strong></span> <span class='ocrx_word' id='word_1_888' title='bbox 2500 5652 2687 5710; x_wconf 79' lang='lat' dir='ltr'><strong>Gallia:</strong></span> <span class='ocrx_word' id='word_1_889' title='bbox 2740 5652 3111 5712; x_wconf 73' lang='lat' dir='ltr'><strong>Narbonensis</strong></span> <span class='ocrx_word' id='word_1_890' title='bbox 3155 5654 3395 5726; x_wconf 79' lang='lat' dir='ltr'><strong>episcopi</strong></span> <span class='ocrx_word' id='word_1_891' title='bbox 3443 5652 3740 5713; x_wconf 77' lang='lat' dir='ltr'><strong>concurre-</strong></span> 
     </span>
     <span class='ocr_line' id='line_1_120' title="bbox 2166 5741 2505 5778; baseline 0 0"><span class='ocrx_word' id='word_1_892' title='bbox 2166 5741 2266 5778; x_wconf 87' lang='lat' dir='ltr'><strong>run</strong></span> <span class='ocrx_word' id='word_1_893' title='bbox 2302 5770 2308 5777; x_wconf 89' lang='lat'><strong>.</strong></span> <span class='ocrx_word' id='word_1_894' title='bbox 2389 5765 2400 5778; x_wconf 91' lang='lat'><strong>.</strong></span> <span class='ocrx_word' id='word_1_895' title='bbox 2492 5765 2505 5778; x_wconf 93' lang='lat'><strong>.</strong></span> 
     </span>
    </p>
   </div>
   <div class='ocr_carea' id='block_1_120' title="bbox 2164 5741 2505 5780">
    <p class='ocr_par' dir='ltr' id='par_1_120' title="bbox 2164 5741 2505 5780">
     <span class='ocr_line' id='line_1_121' title="bbox 2164 5741 2505 5780; baseline -0.003 0"><span class='ocrx_word' id='word_1_896' title='bbox 2164 5741 2308 5780; x_wconf 80' lang='grc' dir='ltr'>ιὐιιι.</span> <span class='ocrx_word' id='word_1_897' title='bbox 2337 5741 2400 5779; x_wconf 72' lang='grc' dir='ltr'><strong>Α.</strong></span> <span class='ocrx_word' id='word_1_898' title='bbox 2433 5741 2505 5779; x_wconf 76' lang='grc' dir='ltr'><strong>Μ.</strong></span> 
     </span>
    </p>
   </div>
  </div>
