3988 6200
202 259 355 318 1217

199 472 370 529 Briso
394 475 750 539 imperatricis
776 474 1095 540 eunuchus,
1122 474 1211 542 qui
1249 482 1429 541 partes
1480 469 1787 525 canentium

205 566 453 636 hymnos
490 565 554 619 ad
595 565 1118 619 commendationem
1164 564 1283 618 ﬁdei
1328 561 1789 617 consubstantialis

200 661 470 717 tuebatur
503 696 518 721 ,
574 657 748 725 lapide
788 658 840 710 in
891 656 1065 711 fronte
1107 656 1424 726 percutitur.
1468 654 1795 707 lnterierunt

208 751 383 804 etiam
418 750 702 818 utriusque
746 749 915 818 partis
962 749 1209 803 nonnulli
1240 748 1305 801 de
1332 748 1549 817 pepulo.
1582 744 1791 811 Quibus

209 846 386 899 rebus
415 845 709 913 imperator
735 844 1026 897 admodum
1063 856 1368 896 commetus
1389 883 1404 903 ,
1443 841 1658 893 Arianis
1708 839 1791 892 in-

210 937 448 991 terdixit
498 952 564 991 ne
587 938 815 1007 hymnos
839 935 890 988 in
914 936 1129 1004 publico
1146 942 1446 989 cantarent.
1472 932 1644 1000 Atque
1677 932 1789 984 hrec

210 1030 441 1100 quidem
491 1029 594 1083 hoc
630 1029 791 1082 modo
825 1038 972 1097 gesta
1028 1036 1174 1082 sunt.
1221 1025 1339 1079 Jam
1388 1040 1515 1078 vero
1544 1024 1788 1078 dicamus

213 1121 405 1183 etiam,
431 1120 571 1173 unde
597 1120 931 1174 consuetudo
963 1120 1307 1190 hymnorum,
1335 1117 1425 1186 qui
1465 1121 1525 1173 in
1555 1116 1785 1171 ecclesia

214 1209 447 1264 alternis
478 1211 856 1272 decantanlur,
909 1210 1125 1263 initium
1162 1209 1382 1278 ceperit.
1415 1206 1651 1277 lgnatius
1676 1206 1787 1260 An-

214 1300 469 1365 tiochia},
500 1296 623 1371 quae
657 1311 740 1355 est
772 1302 824 1355 in
861 1301 1013 1372 Syria
1035 1341 1048 1364 ,
1081 1301 1272 1355 tertius
1297 1316 1327 1353 a
1358 1299 1516 1353 Petro
1541 1300 1785 1368 apostolo

210 1390 528 1459 episcopus,
555 1391 794 1460 quicum
823 1392 1081 1461 apostolis
1115 1391 1248 1461 ipsis
1283 1391 1510 1444 multum
1540 1397 1785 1444 versatus

211 1491 337 1544 est,
369 1482 632 1536 visionem
665 1483 797 1537 vidit
826 1484 1140 1552 angelorum
1187 1490 1429 1536 sanet-am
1464 1480 1782 1535 Trinitatem

211 1574 438 1643 hymnis
483 1574 691 1627 alterna
737 1574 856 1629 vice
881 1574 1185 1630 decantatis
1235 1573 1698 1636 collaudantium,
1732 1581 1785 1627 et

213 1663 452 1717 mrmam
487 1664 718 1717 canendi
749 1666 805 1718 in
835 1680 896 1718 ea
926 1664 1137 1720 visione
1179 1680 1489 1734 expressam
1532 1663 1783 1719 Ecclesiae

213 1754 570 1809 Antiochense
603 1755 841 1810 tradidit.
881 1756 1037 1812 Unde
1064 1756 1150 1809 illa
1186 1756 1406 1810 traditio
1442 1756 1495 1809 in
1534 1756 1785 1810 omnibus

212 1845 480 1900 Ecclesiis
528 1857 741 1916 recepta
793 1857 894 1902 est.
958 1844 1025 1899 Et
1063 1845 1132 1900 de
1168 1848 1385 1917 hymnis
1423 1848 1628 1901 alterna
1671 1848 1787 1902 vice

212 1937 455 1991 cantatis
512 1937 613 1991 ista
659 1938 939 1991 hactenus.
983 1954 1001 1987 ι
1053 1936 1168 1991 Non
1212 1938 1314 1989 alia
1366 1945 1590 1990 narrant
1620 1937 1787 1990 Sozo—

212 2045 415 2084 menus
472 2029 564 2081 lib.
623 2043 738 2092 vui,
788 2043 906 2097 cap.
954 2028 1023 2094 8,
1058 2042 1121 2082 ac
1160 2024 1497 2097 Nicephorus
1530 2028 1624 2084 lib.
1655 2045 1782 2093 xm,

212 2136 340 2190 cap.
371 2120 424 2174 8.
464 2119 527 2174 Et
564 2136 630 2175 ne
676 2120 824 2173 dicas
882 2129 993 2173 tum
1032 2118 1264 2189 primum
1295 2119 1601 2189 hujusmodi
1634 2121 1788 2192 hym-

212 2226 341 2275 nos,
359 2227 464 2264 non
484 2220 661 2274 antea,
691 2210 745 2263 iu
776 2210 1013 2265 Ecclesia
1036 2210 1371 2279 excogitatas
1398 2209 1586 2276 fuisse,
1608 2212 1786 2264 anim-

214 2304 440 2356 adverte
488 2302 729 2356 Socratis
784 2302 947 2355 verba
1010 2300 1183 2370 capite
1238 2303 1515 2369 superiore
1570 2300 1657 2371 (id
1706 2313 1789 2355 est

214 2395 313 2450 lib.
332 2412 408 2460 γι,
434 2394 485 2458 7,
513 2395 631 2465 ﬁn.)
663 2413 677 2450 :
708 2393 921 2465 Ηΰξησε
950 2394 1005 2446 δὲ
1034 2392 1250 2465 πρῶτος
1279 2393 1490 2456 καὶτὰς
1516 2395 1640 2465 περὶ
1665 2395 1787 2458 τοὺς

214 2486 567 2555 νυκτερινοὺς
614 2485 813 2557 ὕμνους
846 2484 1027 2555 εὐχὰς,
1063 2484 1121 2551 ἐξ
1151 2485 1328 2549 αἰτίας
1344 2485 1575 2541 τοιᾶσδε.
1621 2503 1640 2537 ι
1671 2485 1787 2540 Pri—

216 2593 345 2632 mus
376 2578 537 2632 ctiam
565 2576 754 2647 (Joan.
786 2578 1002 2648 Chrys.)
1028 2578 1386 2646 precationes,
1424 2594 1545 2646 qua:
1590 2577 1644 2631 in
1686 2594 1787 2631 no-

214 2670 428 2725 cturnis
479 2670 693 2740 hymnis
739 2668 852 2722 ﬁeri
886 2669 1059 2723 solent
1092 2669 1459 2738 ampliﬁcavit,
1494 2670 1582 2723 tali
1623 2685 1786 2724 causa

217 2763 495 2817 inductus.
529 2782 547 2813 ›
583 2762 996 2832 Ampliticantur
1024 2776 1085 2815 ea
1104 2777 1223 2831 quae
1250 2777 1352 2816 usu
1385 2770 1598 2830 recepta
1620 2771 1783 2816 sunt:

215 2869 343 2924 qua:
369 2864 547 2908 autem
590 2854 767 2923 primo
812 2860 1207 2923 excogitantur,
1255 2869 1377 2908 cum
1406 2854 1647 2907 nondum
1698 2852 1785 2907 ιιι-

218 2951 329 3003 lam
360 2950 441 3003 sui
466 2949 875 3003 subsistentiam
902 2947 1153 3011 habeant,
1184 2947 1502 3015 ampliﬁcari
1528 2962 1634 3002 non
1662 2962 1787 3015 pos-

216 3050 369 3098 sunt.
401 3042 540 3108 Quid
566 3055 695 3111 ergo
727 3055 793 3094 ex
825 3047 1144 3108 argumento
1168 3036 1433 3092 Perkinsii
1468 3037 1636 3106 probe
1668 3037 1783 3091 col~
1813 3059 1855 3116 ο

216 3135 353 3204 ligat
382 3133 627 3200 Rivetus,
660 3133 774 3202 ipse
808 3131 1024 3186 viderit.
1057 3130 1159 3185 Sed
1177 3129 1306 3200 quid
1343 3145 1465 3185 cum
1500 3130 1607 3185 illis
1635 3146 1783 3199 agas,

218 3227 316 3297 qui
354 3241 528 3296 neque
556 3226 754 3295 scripta
776 3223 1020 3289 Patrum,
1042 3239 1215 3293 neque
1237 3224 1659 3278 consuetudines
1688 3222 1787 3277 Ec—

218 3318 420 3381 clcsiaz,
448 3332 625 3386 neque
669 3315 916 3369 instituta
951 3313 1222 3382 majorum
1257 3312 1473 3366 sciunt?
1509 3312 1574 3365 Et
1599 3312 1643 3366 si
1683 3328 1785 3364 un-

220 3421 387 3477 quam
413 3406 574 3459 etiam
604 3406 745 3457 inter
773 3403 1055 3474 legendum
1073 3402 1390 3465 occurrerit,
1424 3401 1568 3470 quod
1598 3416 1785 3454 eorum

224 3499 382 3553 ﬁctas
408 3507 571 3567 atque
602 3512 768 3551 vanas
797 3495 1078 3565 opiniones
1112 3495 1339 3559 minuat,
1373 3494 1454 3548 vel
1483 3508 1588 3547 non
1615 3494 1785 3547 anim-

221 3593 546 3657 advertunt,
592 3590 672 3644 vel
713 3590 1141 3643 animadversum
1182 3587 1460 3655 negligunt
1494 3604 1505 3638 :
1542 3596 1595 3641 et
1642 3585 1787 3656 quod

222 3684 386 3754 pejus
408 3691 513 3737 est.
548 3682 655 3736 alio
684 3680 1013 3745 distrahunt,
1040 3688 1094 3734 et
1122 3687 1451 3749 pervertunt.

288 3769 410 3825 Jam
433 3770 598 3824 audio
654 3768 903 3823 Rivetum
957 3769 1171 3831 dicere,
1204 3782 1382 3837 neque
1407 3766 1551 3820 enim
1586 3765 1787 3835 desipit

216 3878 456 3932 semper,
504 3864 649 3933 quod
697 3864 905 3917 utinam
938 3863 1107 3917 esset!
1157 3861 1413 3916 lectiones
1462 3868 1517 3915 et
1559 3860 1788 3931 hymnos

219 3957 551 4011 constitutos
597 3973 627 4010 a
660 3954 880 4019 Carolo,
915 3970 979 4009 ex
1003 3954 1225 4008 Patrum
1261 3953 1476 4023 scriptis
1506 3963 1558 4007 et
1587 3953 1640 4006 in
1666 3954 1785 4007 lau-

220 4050 347 4105 dem
377 4059 687 4103 sanctorum
728 4048 895 4102 fuisse
929 4066 943 4102 :
980 4063 1087 4101 non
1115 4048 1339 4102 dubium
1369 4062 1497 4101 vero
1527 4047 1787 4102 lectiones

220 4156 293 4197 ex
337 4141 511 4195 sacris
556 4139 772 4204 litteris,
817 4147 871 4193 et
906 4139 970 4192 in
1017 4139 1229 4193 laudem
1280 4138 1374 4193 Dei
1433 4139 1786 4209 Christique,

222 4234 401 4289 multo
459 4232 798 4301 antiquiores
851 4230 1053 4294 fuisse,
1103 4239 1156 4285 et
1213 4243 1338 4285 ante
1395 4230 1555 4284 etiam
1610 4231 1786 4299 ipsum

220 4323 502 4378 Christum
541 4332 714 4377 natas.
750 4321 856 4376 Sed
879 4337 1054 4391 neque
1084 4322 1185 4376 hoc
1216 4321 1377 4376 modo
1398 4322 1590 4390 probat
1627 4322 1788 4375 hasce

223 4413 621 4484 Thaumaturgi
663 4414 937 4467 orationes
981 4413 1174 4468 dubias
1218 4428 1356 4468 esse.
1402 4412 1468 4466 Et
1504 4414 1787 4483 uegabitne

223 4506 343 4574 ipse
372 4515 426 4558 et
457 4503 937 4558 Annuutiationem
970 4501 1226 4572 Virginis,
1258 4513 1311 4557 et
1342 4501 1688 4571 The0pbania
1718 4502 1785 4556 ad

220 4594 504 4649 Christum
551 4595 858 4664 pertinere?
898 4592 1129 4664 Negabit
1180 4595 1404 4650 scilicet.
1460 4593 1597 4659 Quid
1635 4593 1787 4646 tum?

223 4685 512 4742 Lectiones
544 4686 597 4739 in
616 4686 1047 4744 solemnitatibus
1070 4693 1381 4741 sanctorum
1411 4686 1563 4740 valde
1591 4684 1787 4738 Carolo

223 4778 562 4846 antiquiores
618 4785 776 4832 sunt:
834 4784 887 4832 et
923 4785 1221 4847 martyrum
1268 4777 1399 4830 Acta
1459 4776 1511 4829 in
1550 4774 1787 4830 Ecclesia

223 4878 353 4923 ante
377 4869 624 4923 eumdem
648 4868 900 4924 Carolum
932 4869 1266 4938 legebantur.
1305 4866 1502 4922 Volens
1524 4874 1654 4937 puto
1685 4867 1788 4920 hoc

225 4961 500 5031 ignoravit
557 4960 826 5015 Rivetus:
885 4974 1060 5028 neque
1104 4958 1248 5013 enim
1305 4959 1440 5012 adeo
1502 4957 1680 5014 infans
1735 4959 1786 5012 in

225 5054 396 5109 rebus
430 5052 833 5117 ecclesiasticis,
886 5062 939 5106 et
973 5050 1191 5120 scriptis
1224 5050 1479 5117 Patrum,
1530 5056 1651 5121 quae
1692 5067 1791 5119 pro

224 5146 452 5201 libidine
471 5146 717 5199 deartuat
736 5186 749 5211 ,
782 5142 1176 5198 existimandus
1206 5150 1308 5197 est.
1340 5141 1493 5208 Quod
1529 5143 1574 5197 si
1602 5142 1790 5197 nolens

226 5236 281 5291 id
306 5236 613 5298 nesciverit,
657 5235 880 5289 edoctus
910 5234 1070 5287 modo
1098 5233 1233 5288 sciat
1266 5243 1319 5287 et
1347 5234 1710 5299 Obmutescat,
1738 5242 1791 5287 et

226 5329 464 5397 deponat
488 5326 688 5396 aliquid
708 5342 772 5379 ex
798 5325 936 5379 fastu
972 5324 1064 5379 illo
1085 5367 1098 5391 ,
1128 5334 1181 5379 et
1213 5324 1469 5379 tantailla
1497 5339 1657 5395 quam
1688 5324 1789 5378 sibi

228 5420 471 5475 vindicat
497 5418 761 5473 doctrina.
796 5419 925 5471 Acta
957 5425 1252 5487 martyrum
1280 5415 1504 5487 probata
1545 5423 1669 5469 ante
1690 5414 1793 5467 Ca-

226 5512 409 5568 rolum
439 5511 491 5564 iu
521 5509 757 5564 Ecclesia
784 5510 1118 5579 legebantur,
1149 5495 1647 5576 consequenterque
1673 5509 1793 5565 festi

1063 256 1305 314 LEONIS
1337 256 1609 311 ALLATll
1650 252 1969 308 DlATRlBA
2006 252 2093 307 DE
2135 249 2545 307 TllEODORlS.

102 412 109 419 -
201 382 534 452 interposita
574 397 747 447 mora,
791 390 949 435 nocte
970 382 1200 450 quadam
1230 380 1519 434 tumultum
1549 378 1770 432 faciunt.
1805 380 1843 436 Α
1873 390 1991 444 cap.
2020 373 2085 429 l7
2114 393 2126 428 :
2161 392 2179 425 ι
2236 372 2371 427 Vita
2401 372 2622 427 Patrum
2670 371 2788 427 sine
2840 372 3212 442 probabilibus
3255 386 3453 428 aucto-

3320 248 3455 304 £2l8

1893 465 2045 519 ribus
2072 463 2296 517 minime
2323 464 2379 517 in
2408 461 2647 517 Ecclesia
2678 461 2952 531 leguntur.
3001 461 3134 516 Nam
3168 463 3236 517 ab
3267 463 3454 516 ortho-

1892 554 2050 608 doxis
2099 554 2328 607 titulatae
2365 561 2419 607 et
2453 552 2825 621 suscipiuntur
2862 562 2918 606 et
2964 553 3235 623 leguntur.
3282 554 3451 623 Magis

1891 643 2033 697 enim
2069 643 2361 697 Passiones
2385 651 2695 696 sanctorum
2714 650 3010 712 martyrum
3043 645 3185 697 sacri
3212 659 3453 698 canones

1891 744 2242 801 censuerunt,
2278 744 2337 789 ut
2380 736 2541 789 liceat
2582 750 2674 789 eas
2714 735 2877 788 etiam
2933 735 2987 788 in
3038 734 3274 791 Ecclesia
3316 736 3449 805 legi,

1890 842 2012 880 cum
2044 825 2404 879 anniversarii
2434 825 2551 878 dics
2583 838 2771 878 eorum
2806 824 3171 877 celebrantur.
3214 844 3233 876 ι
3263 826 3451 881 Canon

1889 918 1981 988 qui
2006 917 2056 970 id
2080 917 2289 971 censuit
2324 917 2461 969 inter
2487 915 2716 968 concilia
2748 913 3002 969 Africana
3034 925 3115 969 est
3146 932 3295 969 num.
3334 917 3401 971 50
3434 935 3450 972 :

1900 1008 2127 1074 Ἐξέστω
2146 1007 2225 1059 ἔτι
2250 1007 2354 1078 μὴν
2378 1004 2836 1073 ἀναγινώσκεσθαι
2861 1005 2927 1058 τὰ
2950 1005 3102 1078 Πάθη
3121 1006 3227 1059 τῶν
3248 1008 3455 1079 μαρτύ-

1889 1118 2026 1172 ρων,
2055 1100 2215 1169 ἡνίκα
2260 1101 2315 1151 αἱ
2371 1099 2582 1169 ἐτήσιαι
2610 1098 2789 1151 αὐτῶν
2831 1098 3029 1168 ἡμέραι
3062 1099 3451 1155 ἐπιτελοῦνται.

1893 1211 1911 1243 ι
1945 1192 2129 1245 Liceat
2159 1192 2321 1244 etiam
2362 1191 2463 1259 legi
2501 1189 2725 1244 Passion
2740 1205 2791 1243 :s
2821 1198 3151 1260 martyrum,
3198 1207 3319 1245 cum
3353 1209 3452 1245 an-

1888 1282 2168 1337 niversarii
2219 1282 2334 1336 dies
2387 1297 2576 1335 eorum
2644 1281 3008 1335 celebrantur.
3046 1302 3065 1333 I
3136 1280 3253 1336 Dixi
3321 1300 3450 1338 vero

1884 1374 2128 1443 probata,
2154 1382 2214 1427 ut
2237 1388 2357 1440 qua:
2384 1373 2449 1426 de
2475 1380 2791 1425 sanctorum
2817 1371 3059 1425 historiis
3082 1372 3150 1426 ab
3181 1373 3450 1427 ha'reticis

1886 1465 1965 1519 vel
2020 1465 2143 1519 aliis
2181 1462 2320 1519 falso
2359 1464 2556 1531 scripta
2602 1472 2729 1517 sunt
2767 1463 3105 1516 excluderem
3160 1463 3253 1535 (ut
3297 1465 3451 1533 jubet

1885 1568 2057 1608 canon
2092 1551 2383 1605 Trullanus
2412 1551 2589 1620 LXIII).
2624 1551 2742 1616 Quo
2771 1552 2853 1605 vel
2883 1553 2997 1606 solo
3019 1553 3218 1608 factum
3248 1564 3357 1618 est,
3391 1563 3450 1608 ut

1885 1659 1947 1697 ea
1992 1641 2200 1711 legendi
2257 1641 2310 1693 in
2348 1640 2590 1695 Ecclesia
2634 1650 2787 1695 vetus
2823 1624 3155 1697 consuetudo
3182 1644 3448 1699 aGelasio

1888 1735 2167 1803 antiquata
2190 1734 2276 1789 sit.
2298 1731 2542 1787 Gclasius
2565 1749 2697 1802 papa
2722 1734 2776 1786 in
2806 1733 3051 1788 Romano
3080 1735 3310 1790 concilio
3339 1736 3446 1805 (ed.

1890 1819 2053 1875 Labb.
2078 1829 2117 1875 t.
2152 1819 2239 1886 ιν,
2270 1819 2504 1889 p.1263)
2538 1839 2551 1873 :
2590 1820 2789 1876 «Gesta
2825 1832 3134 1879 sanctorum
3151 1835 3446 1895 martyrum

1888 1912 2183 1967 secundum
2212 1913 2487 1981 antiquam
2521 1915 2989 1981 consuetudinem,
3023 1918 3284 1987 singulari
3320 1933 3450 1972 eau-

1889 2003 1990 2056 tela
2015 2003 2067 2057 in
2098 2013 2288 2058 sancta
2323 2003 2560 2058 llomaua
2598 2003 2834 2059 Ecclesia
2866 2021 2971 2059 non
2997 2007 3245 2077 leguntur
3279 2028 3290 2063 :
3321 2011 3448 2078 quia

1886 2108 2097 2161 eorum,
2150 2095 2242 2165 qui
2284 2095 2692 2165 conscripsere,
2760 2096 2981 2149 nomina
3026 2098 3239 2166 penitus
3294 2099 3444 2166 igno-

1887 2196 2097 2252 rantur,
2138 2196 2191 2240 et
2233 2187 2301 2241 ab
2352 2187 2660 2243 inﬁdelibus
2696 2196 2791 2241 aut
2844 2188 3026 2242 idiotis
3076 2188 3344 2258 superﬂua
3396 2200 3451 2245 et

1889 2278 2069 2333 minus
2092 2286 2213 2347 apta
2234 2321 2248 2344 ,
2282 2294 2442 2348 quam
2477 2279 2552 2333 rei
2580 2280 2713 2333 ordo
2747 2278 2938 2343 fuerit,
2965 2281 3163 2349 scripta
3196 2296 3317 2337 esse
3350 2298 3451 2351 pu-

1888 2379 2095 2437 tantur,
2156 2371 2298 2426 sicut
2334 2371 2615 2439 cujusdam
2668 2370 2876 2436 Qnirici
2930 2382 2983 2426 et
3031 2373 3264 2439 Juiittaa,
3308 2376 3450 2430 sicut

1888 2461 2101 2531 Georgii
2147 2462 2485 2532 aliorumque
2544 2463 2811 2531 ejusmodi
2862 2462 3174 2530 Passiones,
3217 2482 3337 2534 quae
3380 2467 3449 2520 ab

1887 2554 2153 2610 haereticis
2180 2554 2530 2625 perhibentur
2552 2555 2865 2624 compositis
2896 2574 2909 2611 :
2956 2568 3174 2627 propter
3194 2559 3358 2628 quod,
3389 2569 3449 2615 ut

1886 2645 2089 2699 dictum
2116 2655 2220 2709 est,
2246 2661 2314 2700 ne
2349 2646 2432 2699 vel
2456 2646 2589 2701 levis
2624 2646 2997 2702 subsannandi
3023 2649 3258 2703 oriretur
3290 2664 3449 2705 occa-

1886 2733 2000 2801 sio,
2048 2735 2102 2788 in
2157 2742 2343 2789 sancta
2397 2734 2640 2791 Romana
2686 2734 2926 2791 Ecclesia
2970 2753 3077 2792 non
3117 2739 3386 2810 leguntur.
3420 2761 3441 2794 ι

1885 2825 2176 2895 Antiquam
2216 2826 2664 2881 consuetudinem
2710 2828 2918 2899 legendi
2951 2839 3102 2899 gesta
3147 2840 3446 2903 martyrum

1886 2919 1939 2973 in
1968 2918 2209 2975 Ecclesia
2249 2919 2497 2975 Gelasius
2540 2920 2712 2974 multo
2735 2932 2861 2977 ante
2885 2922 3062 2976 Caroli
3104 2932 3341 2994 tempora
3368 2924 3449 2979 fa—

1886 3022 2049 3080 tctur,
2082 3023 2134 3068 et
2164 3014 2438 3069 Adrianus
2462 3013 2635 3069 eidem
2671 3015 2865 3069 Carolo
2907 3016 3226 3071 denuntiat:
3263 3028 3317 3073 et
3349 3018 3448 3071 Ri-

1887 3112 2040 3159 vetus
2073 3113 2127 3158 et
2173 3103 2487 3159 Perliinsius
2529 3105 2761 3173 primum
2797 3120 2826 3159 a
2857 3104 3051 3160 Carolo
3095 3108 3447 3162 constitutam

1887 3212 2006 3251 esse
2051 3197 2306 3251 tradunt?
2360 3196 2424 3250 Et
2482 3207 2538 3251 ut
2594 3198 2765 3267 magis
2814 3207 2997 3253 teneas
3055 3200 3185 3270 quid
3233 3210 3445 3265 essent,

1887 3290 2111 3343 adeatur
2161 3288 2392 3344 Basilius
2444 3288 2809 3344 Seleuciensis
2851 3290 2924 3343 De
2950 3291 3057 3343 vita
3088 3300 3137 3345 et
3177 3292 3447 3346 miraculis

1886 3394 2084 3437 sanch
2128 3382 2362 3448 Theclaz,
2410 3384 2503 3438 lib.
2539 3399 2600 3438 II.
2633 3384 2681 3440 ls
2706 3385 2957 3455 martyris
2986 3382 3198 3438 Thecla:
3239 3385 3326 3439 die
3358 3402 3449 3439 su-

1888 3472 2051 3527 lemni
2097 3474 2163 3528 ad
2208 3474 2508 3529 habendam
2554 3475 2853 3529 orationem
2894 3474 2947 3527 in
2978 3474 3097 3542 ejus
3128 3475 3339 3531 laudem
3389 3491 3450 3531 se

1888 3577 2233 3631 comparans,
2274 3562 2361 3616 die
2400 3564 2749 3618 antecedente
2792 3564 2847 3618 in
2896 3566 3268 3633 aegritudinem
3322 3584 3449 3636 per-

1886 3670 2050 3724 quam
2083 3670 2303 3724 pravam
2334 3655 2552 3719 incidit,
2595 3664 2649 3710 et
2690 3665 2926 3727 martyre
2958 3656 3208 3711 morbum
3252 3658 3449 3716 dissol-

1887 3760 2064 3812 vente,
2092 3748 2143 3802 iu
2163 3749 2348 3803 laudes
2369 3748 2487 3817 ejus
2508 3748 2803 3803 effunditur
2827 3750 2881 3803 in
2904 3749 3128 3803 ecclesia
3158 3768 3172 3803 :
3202 3745 3309 3802 τΗν
3338 3750 3446 3823 γὰρ

1888 3841 2053 3912 αὐτῆς
2084 3841 2118 3910 ή
2147 3840 2359 3910 ὲτήσιος
2410 3841 2591 3911 ἑορτή·
2640 3842 3134 3913 παρεσκευασάμην
3180 3841 3237 3894 δὲ
3291 3841 3446 3910 κάγὼ

1887 3934 2027 4007 πρὸς
2044 3933 2261 3987 ἔπαινον
2287 3933 2481 4006 μικρὸν
2495 3934 2591 4004 τῆς
2602 3934 2813 4005 ἑορτῆς·
2827 3933 3013 4005 ὤφθην
3026 3936 3117 3987 ἐπὶ
3130 3934 3222 3988 τοῦ
3235 3934 3446 4006 δεικτη-

1889 4025 2026 4096 ρίου·
2067 4023 2283 4091 λέγεται
2312 4024 2368 4077 δὲ
2395 4022 2567 4086 οὕτως
2588 4024 2793 4087 ότόπος
2813 4026 2870 4078 ὲν
2906 4018 2949 4091 ᾧ
2972 4025 3362 4080 ἐπιδείκνυνται
3394 4028 3444 4080 οἱ

1886 4117 2153 4187 λέγοντες,
2178 4115 2336 4169 τοῦτό
2375 4118 2520 4170 ἐστιν
2546 4118 2575 4170 ὁ
2601 4116 2790 4187 ἄμϐων
2820 4117 2935 4187 ἦτοι
2968 4117 3027 4170 τὸ
3065 4118 3442 4191 ἀκροατήριονο

1888 4213 1980 4265 καὶ
2008 4206 2161 4263 εἷπον
2189 4210 2284 4280 μὲν
2321 4212 2475 4266 ἄττα.
2506 4228 2524 4260 ι
2552 4209 2863 4264 Conventus
2901 4210 3305 4266 anniversarios
3325 4213 3445 4281 ejus

1890 4298 2168 4367 agebatur,
2197 4303 2252 4349 et
2280 4297 2343 4348 ad
2363 4294 2661 4348 orationem
2686 4296 2933 4365 exiguam
2957 4297 3021 4350 de
3049 4296 3296 4351 laudibus
3322 4297 3444 4353 festi

1820 4403 1864 4461 ι)
1893 4385 2192 4441 habendam
2217 4400 2302 4438 me
2329 4399 2791 4453 comparaveram.
2818 4384 2873 4439 ln
2892 4387 3116 4440 dicterio
3139 4389 3440 4455 comparui,

1888 4477 1991 4531 hoc
2023 4484 2106 4530 est
2133 4475 2186 4528 iu
2239 4475 2357 4528 loco
2399 4474 2488 4527 ubi
2519 4474 2680 4528 verba
2713 4474 2907 4531 facturi
2948 4492 3005 4532 se
3034 4479 3307 4542 exhibent,
3331 4479 3445 4535 sive

1888 4567 2196 4631 ambonem,
2224 4566 2337 4620 sive
2360 4576 2691 4635 suggestum,
2710 4569 2823 4623 sive
2840 4568 3167 4623 auditorium
3185 4570 3439 4640 appelles,

1887 4666 1940 4712 et
1968 4672 2137 4727 pauca
2180 4656 2423 4726 qutedam
2459 4658 2591 4711 dixi.
2647 4677 2665 4710 ι
2713 4658 2815 4724 Qui
2852 4660 2965 4729 jam
3002 4662 3247 4717 adductis
3292 4664 3445 4717 testi-

1886 4748 2081 4803 moniis
2116 4748 2274 4802 ﬁdem
2304 4764 2412 4801 non
2447 4749 2686 4811 adhibet,
2715 4749 2925 4801 etiamSI
2955 4758 3209 4802 sexcenta
3237 4760 3338 4803 alia
3367 4751 3449 4803 of-

1888 4838 2150 4902 ferantur,
2180 4839 2511 4907 pervicacius
2543 4838 2871 4893 indurescet.
2902 4838 3238 4908 Legebantur
3268 4840 3447 4909 itaque

1886 4931 1944 4985 in
1987 4930 2221 4985 Ecclesia
2252 4940 2362 4985 tum
2404 4931 2592 4985 Latina
2644 4940 2757 4985 tum
2799 4930 2981 4987 Grieca
3010 4947 3119 4986 non
3160 4930 3453 5001 Scriptura:

1887 5036 2051 5075 sacra:
2075 5020 2428 5088 solummodo,
2460 5022 2556 5077 sed
2582 5032 2634 5076 et
2672 5023 2801 5076 Acta
2833 5032 3142 5084 martyrum,
3183 5032 3238 5076 et
3268 5024 3323 5077 in
3353 5025 3447 5079 iis-

1886 5110 2009 5165 dem
2032 5110 2460 5166 solemnitatibus
2483 5112 2549 5167 ab
2574 5111 2963 5181 antiquioribus
2987 5112 3232 5166 Palribus
3252 5114 3449 5169 habita:

1894 5205 2166 5259 orationes
2187 5214 2311 5259 ante
2334 5204 2605 5270 Carolum,
2634 5204 2877 5274 quamvis
2903 5204 2956 5257 id
2980 5205 3229 5274 nequiter
3252 5219 3449 5277 negent

1888 5306 1943 5353 et
1971 5296 2196 5354 Rivetus
2223 5308 2278 5353 et
2304 5297 2631 5354 Perkinsius.

1964 5407 2179 5472 Dicent,
2210 5406 2422 5464 facinus
2462 5411 2561 5465 hoc
2598 5424 2705 5463 non
2751 5423 2871 5461 esse
2907 5416 3090 5459 natum
3135 5407 3274 5476 apud
3328 5408 3448 5464 illos

1895 5510 1968 5552 no
2002 5514 2113 5562 um,
2144 5501 2236 5555 sed
2256 5502 2468 5571 culpam
2502 5500 2832 5554 referendam
2857 5515 2978 5552 esse
3005 5498 3057 5550 in
3083 5496 3449 5567 Sigebertum.

230 5611 546 5657 sanctorum
593 5600 709 5653 dies
747 5578 1178 5653 celebrabantur.
1231 5598 1503 5652 Adrianus
1547 5608 1681 5665 papa
1731 5600 1784 5655 in
1875 5578 2195 5675 etPaul’um
2219 5590 2774 5656 Emiliunyquiante
2803 5606 2862 5645 se
2889 5589 3132 5643 fraudem
3154 5590 3446 5645 hanccon-

229 5689 459 5759 epistola
491 5689 558 5743 ad
586 5689 827 5756 ejusdem
853 5686 1033 5741 Caroli
1059 5688 1317 5755 scriptum
1355 5685 1429 5739 De
1452 5683 1791 5757 imaginibus.

1892 5691 2166 5751 ceperunt.
2212 5679 2401 5736 Dicent
2451 5681 2696 5749 equidem
2724 5724 2738 5748 ,
2786 5683 2879 5739 sed
2914 5679 3107 5737 callido
3138 5681 3421 5739 mendacio
