3988 6200
497 203 631 260 1219

1376 209 1623 268 LEONIS
1658 210 1935 272 ALLATII
1977 217 2297 274 DIATRIBA
2333 220 2417 277 DE
2455 220 2864 278 THEODORIS.

3565 217 3718 274 1220

490 324 866 395 Proponamus
893 325 1052 380 verba
1085 325 1345 395 Sigeberti
1379 337 1494 382 tum
1528 345 1592 382 ex
1624 330 1900 398 Chronico,
1926 343 2038 386 tum
2072 344 2115 396 Α
2143 335 2290 391 nium
2322 337 2796 392 Annuntiationem
2821 335 3176 391 sanctissima:
3200 333 3291 390 Dei
3323 331 3653 397 Genitricis;
3691 349 3714 381 ι

490 433 557 472 ex
586 418 725 470 libro
751 416 825 469 De
854 417 1195 486 scriptoribus
1241 420 1391 488 (cap.
1450 420 1549 490 8i)
1587 441 1600 475 :
1643 441 1661 472 ο
1696 423 1923 478 Carolus
1950 424 2052 477 im-

491 515 709 577 perator
763 521 855 576 per
895 523 1116 564 manum
1175 509 1328 565 Pauli
1373 513 1585 567 diaconi
1635 512 1718 570 sui
1759 516 2052 584 decerpens

493 597 694 666 Optima
723 613 952 668 quaeque
1006 599 1072 654 de
1115 601 1330 670 scriptis
1379 604 1766 658 catholicorum
1791 603 2010 659 Patrum
2032 647 2046 673 ,

491 690 754 745 lectiones
781 691 1072 760 unicuique
1103 690 1376 748 festivitati
1409 697 1792 751 convenientes
1827 713 1922 766 per
1945 699 2051 753 cir-

493 784 676 838 culum
709 783 836 836 anni
875 783 926 836 in
961 783 1201 840 Ecclesia
1237 786 1494 856 legendas
1523 790 1806 859 compilari
1846 789 1974 845 fecit
1995 793 2050 846 in

492 875 707 930 duobus
772 876 1160 931 voluminibus.
1215 897 1232 930 |
1291 877 1366 932 De
1398 877 1534 934 Vitis
1592 889 1941 949 sanctorum,
1984 883 2051 937 de

495 955 710 1036 hymnis
738 965 791 1018 in
823 965 927 1030 his,
964 981 1031 1019 ne
1057 966 1277 1020 verbum
1296 966 1533 1036 quidem.
1575 967 1694 1034 Qua
1725 969 1902 1026 fronte
1923 986 2051 1042 ergo

491 1057 711 1119 dicitur,
733 1071 799 1111 ex
835 1056 918 1109 his
936 1054 1196 1126 Sigebcrti
1228 1058 1429 1124 verbis,
1457 1069 1509 1113 et
1533 1058 1682 1116 Vitas
1714 1072 2048 1129 sanctorum,

492 1158 545 1202 et
589 1148 820 1218 hymnos
870 1145 1022 1201 festis
1063 1149 1451 1204 convenientes
1505 1166 1534 1203 a
1586 1152 1780 1206 Carolo
1814 1154 2047 1223 primum

491 1239 817 1294 constitutos
855 1237 1060 1292 fuisse?
1105 1237 1171 1293 Et
1195 1241 1468 1309 quomodo
1489 1242 1700 1310 primus
1729 1245 2046 1310 constituit,

491 1331 582 1400 qui
607 1345 672 1386 ex
708 1330 1095 1384 catholicorum
1129 1329 1348 1385 Patrum
1373 1332 1597 1402 scriptis
1619 1375 1633 1399 ,
1663 1349 1786 1404 qua:
1813 1345 1938 1390 ante
1964 1337 2047 1406 ip-

491 1439 610 1478 sum
645 1431 833 1487 erant,
879 1423 1166 1492 decerpere
1207 1422 1440 1477 Paulum
1465 1425 1667 1494 jussit?
1710 1428 1874 1482 Erant
1919 1443 2048 1500 ergo

491 1526 614 1571 ante
645 1517 897 1570 Carolum
939 1514 1204 1584 ejusmodi
1247 1514 1444 1582 scripta
1507 1514 1561 1568 in
1621 1514 1896 1583 Ecclesia,
1955 1520 2047 1574 sed

489 1624 614 1663 cum
664 1609 732 1662 ab
790 1607 1054 1662 haereticis
1095 1605 1234 1660 male
1296 1605 1477 1660 habita
1503 1646 1517 1670 ,
1561 1616 1615 1660 et
1655 1607 1914 1662 addititiis
1952 1609 2047 1664 do-

490 1700 679 1756 ctrinis
699 1707 1055 1768 conspurcata
1075 1698 1243 1752 multa
1262 1708 1522 1764 cerneret,
1541 1698 1706 1769 jussit
1727 1709 1785 1754 ut
1808 1701 2044 1754 triticum

489 1807 554 1845 ex
584 1791 973 1845 catholicorum
1011 1788 1229 1858 scriptis
1250 1829 1265 1854 ,
1303 1787 1518 1857 rejectis
1563 1789 1861 1855 haereticis,
1890 1783 2050 1861 elig'e-

488 1892 657 1935 retur.
683 1879 798 1935 Non
835 1880 1017 1949 itaque
1045 1879 1157 1948 ipse
1195 1879 1402 1948 primus
1441 1881 1742 1936 constituit.
1787 1881 1924 1936 Tum
1952 1883 2048 1937 de-

490 1984 661 2034 mum,
699 1984 766 2021 an
805 1984 972 2022 unum
1001 1976 1054 2021 et
1088 1968 1226 2021 idem
1261 1967 1393 2033 tibi,
1427 1966 1641 2033 Bivete,
1669 1971 1878 2027 videtur
1904 1987 2050 2027 com-

489 2059 916 2131 pilare-lacere,
991 2067 1044 2113 et
1089 2058 1466 2114 constituere?
1514 2059 1819 2132 Compilare
1869 2073 1950 2118 est
1994 2063 2047 2118 in

490 2168 657 2206 unum
709 2167 942 2224 cogere:
1000 2151 1234 2220 primum
1284 2151 1640 2220 constituere,
1683 2163 1767 2208 est
1816 2154 2049 2223 primum

489 2252 754 2308 statuere,
789 2257 1088 2314 proponere
1111 2281 1126 2308 ,
1153 2242 1450 2296 decernere
1469 2281 1482 2296 .
1520 2242 1898 2316 Compilantur
1929 2261 2050 2315 qua:

489 2345 613 2390 ante
655 2343 844 2401 erant;
889 2334 1128 2404 primum
1161 2333 1567 2389 constituuntur
1619 2351 1740 2406 quze
1784 2344 1898 2390 tum
1937 2337 2051 2407 pri-

487 2441 634 2480 mum
680 2434 997 2482 nascuntur.
1037 2424 1095 2478 Si
1137 2437 1266 2495 ergo
1311 2434 1466 2478 erant
1493 2433 1681 2491 antea,
1733 2439 1842 2479 non
1876 2427 2051 2497 potuit

489 2519 696 2587 primus
727 2518 1060 2573 constituere
1087 2557 1101 2579 ,
1144 2515 1320 2584 potuit
1360 2524 1540 2571 tamen
1575 2515 1688 2585 ipse
1717 2518 2011 2588 compilare
2031 2559 2046 2585 ,

486 2611 570 2665 vel
600 2607 779 2664 facere
830 2618 890 2663 ut
927 2607 1134 2664 Paulus
1169 2608 1505 2678 compilaret.
1529 2607 1665 2663 Male
1685 2622 1815 2679 ergo
1843 2609 2049 2679 legeras

487 2701 648 2757 verba
680 2700 963 2772 Sigeberti,
995 2700 1148 2770 pejus
1177 2714 1531 2770 conceperas,
1566 2701 1804 2770 pessime
1838 2708 1928 2755 tua
1949 2717 2048 2771 pro

487 2796 632 2850 illius
671 2795 851 2850 verbis
882 2793 1220 2857 divenditas,
1267 2801 1321 2847 et
1359 2792 1609 2847 lectorem
1646 2793 1815 2848 fallis.
1851 2792 1915 2848 Et
1973 2794 2050 2849 sic

486 2889 610 2942 talis
645 2902 799 2940 error
854 2887 908 2939 in
967 2895 1197 2954 utroque
1250 2894 1488 2939 vestrum
1541 2882 1658 2939 fuit.
1716 2884 1868 2939 Pauli
1921 2901 2050 2940 vero

486 2977 695 3032 :Emilii
732 2977 808 3030 De
849 2977 1004 3046 gestis
1035 2974 1364 3028 Francorum
1391 2974 1443 3027 in
1485 2973 1678 3029 Carolo
1729 2975 1837 3045 (ed.
1879 2974 2045 3030 Basil.

487 3086 540 3139 p.
558 3069 649 3139 65)
661 3069 825 3122 verba
841 3076 998 3122 sunt:
1031 3086 1050 3118 ι
1076 3066 1471 3121 Vetustissimis
1490 3067 1910 3136 exemplaribus,
1932 3082 2053 3122 san-

485 3158 694 3228 ctisque
718 3157 1054 3218 auctoribus,
1100 3155 1328 3224 imperio
1363 3171 1571 3224 opeque
1597 3156 1782 3211 Caroli
1813 3158 2051 3227 undique

485 3249 830 3320 conquisitis,
857 3259 1157 3318 martyrum
1180 3247 1321 3300 vitas
1347 3255 1704 3317 mortemque,
1730 3263 1795 3303 ac
1824 3258 2050 3303 caetero-

487 3355 607 3394 rum
659 3339 912 3394 divorum
946 3379 960 3404 ,
1025 3353 1237 3392 summa
1303 3337 1565 3392 brevitate
1615 3341 1927 3408 perstrinxit
1994 3341 2051 3394 in

487 3429 701 3500 templis
741 3430 1018 3500 legendas.
1052 3449 1072 3482 ι
1123 3429 1268 3484 Nulli
1306 3430 1397 3484 hic
1437 3430 1623 3501 hymni
1656 3443 2048 3490 memorantur.

488 3524 770 3580 Lectiones
805 3540 948 3593 quas
993 3539 1206 3579 summa
1237 3523 1498 3578 brevitate
1527 3524 1868 3594 [perstrinxit
1911 3523 2051 3581 Pau-

487 3615 605 3681 lus,
630 3630 697 3669 ex
734 3615 1123 3670 vetustissimis
1151 3613 1552 3683 exemplaribus
1595 3615 1906 3684 sanctisque
1954 3631 2052 3670 au-

487 3705 729 3762 ctoribus
769 3707 1036 3775 decerpta:
1069 3714 1213 3760 sunt.
1250 3703 1512 3759 Laborem
1535 3702 1822 3775 Paulivope
1849 3721 1946 3760 sua
1977 3715 2051 3761 at-

487 3815 593 3869 que
627 3799 855 3868 imperio
889 3798 1119 3852 Carolus
1165 3797 1472 3867 promovit,
1500 3797 1829 3866 exemplaria
1860 3815 2051 3870 nempe

487 3891 860 3962 conquirendo
881 3932 896 3958 ,
932 3899 987 3945 et
1034 3900 1284 3961 sumptus
1312 3889 1616 3962 erogando,
1659 3897 1718 3943 ut
1747 3892 2049 3960 promptius

489 3988 546 4042 in
604 3984 844 4040 Ecclesia
897 3985 1224 4055 legerentur,
1258 4000 1378 4054 qua:
1409 3983 1578 4038 nimia
1619 3998 1716 4038 sua
1747 3983 2050 4052 prolixitate

489 4079 719 4134 lectores
745 4076 1021 4147 segniores
1057 4076 1373 4132 reddebant.
1405 4073 1690 4141 Quomodo
1718 4073 1900 4144 itaque
1939 4075 2051 4144 pri-

489 4184 612 4223 mus
634 4157 862 4222 Carolus
898 4166 1158 4222 lectiones
1202 4163 1354 4221 [estis
1382 4174 1691 4221 sanctorum
1725 4165 2050 4220 convenien-

491 4268 572 4315 tes
599 4256 916 4314 constituit?

2155 441 2260 480 non
2295 437 2353 481 ut
2385 440 2663 499 argutatur
2699 428 2920 482 Rivetus
2953 427 3050 481 has
3072 442 3192 483 esse
3223 426 3437 483 dubias.
3476 426 3604 494 quia
3636 425 3726 479 le-

2151 519 2359 572 ctiones
2379 530 2431 573 et
2458 520 2642 590 hymni
2669 520 2862 574 diebus
2886 519 3040 574 festis
3061 517 3442 573 convenientes
3464 516 3722 585 primum

2149 627 2180 665 a
2205 610 2399 664 Carolo
2443 609 2635 679 Magno
2681 611 2960 666 constituti
2999 610 3129 665 sint.
3160 607 3417 674 Quamvis
3439 622 3565 662 vero
3621 622 3726 660 ar-

2149 709 2464 762 gumentum
2505 699 2768 755 Perkinsii
2824 700 3030 754 nullum
3079 698 3171 764 sit,
3207 707 3269 752 ut
3316 713 3476 766 supra
3510 697 3728 766 proba—

2149 797 2264 842 tum
2294 799 2397 855 est,
2430 798 2665 844 attamen
2688 790 2817 844 illud
2854 789 3151 843 maximum
3187 788 3240 840 in
3287 785 3478 840 Riveto
3506 786 3724 849 fuerit,

2150 881 2338 935 critico
2392 896 2574 936 rerum
2626 896 2903 936 sacrarum
2933 879 3365 949 improbissimo,
3399 892 3572 948 pauca
3601 877 3724 930 ista

2149 970 2414 1027 Perkinsii
2458 973 2724 1027 intellecta
2782 987 2889 1026 non
2923 970 3112 1025 fuisse.
3138 955 3203 1022 Et
3232 970 3389 1038 plane
3415 982 3723 1038 argumen-

2153 1071 2264 1114 tum
2295 1060 2560 1116 Perkinsii
2587 1062 2661 1115 ita
2692 1069 3008 1128 conceptum
3043 1059 3424 1114 stultissimum
3448 1066 3552 1112 est.
3577 1054 3722 1109 Ete-

2150 1156 2260 1208 nim
2286 1154 2330 1208 si
2361 1154 2488 1223 quia
2517 1153 2840 1223 hymnorum
2876 1161 2931 1208 et
2975 1152 3235 1205 festorum
3266 1150 3475 1221 dierum
3507 1148 3716 1202 memi-

2149 1247 2252 1310 nit,
2289 1246 2410 1300 ideo
2434 1254 2542 1300 tres
2577 1245 2662 1300 vel
2697 1254 2931 1316 quatuor
2965 1244 3079 1297 istae
3105 1242 3372 1296 orationes
3397 1239 3722 1309 rejicicndze

2149 1345 2296 1397 sunt.
2353 1334 2641 1405 rejicienda
2698 1345 2856 1390 erunt
2886 1345 2940 1390 et
2988 1332 3310 1404 Evangelia,
3349 1339 3404 1386 et
3447 1331 3720 1400 Epistolzn

2147 1427 2330 1492 Pauli,
2375 1438 2427 1482 et
2469 1436 2550 1483 tot
2604 1428 2708 1482 alia
2759 1438 3106 1492 sanctorum,
3156 1427 3400 1496 quiante
3444 1423 3716 1479 Carolum

2147 1520 2431 1585 vixerunt,
2482 1529 2830 1574 monumenta
2864 1517 3255 1588 pulcherrima,
3300 1526 3354 1571 et
3372 1516 3440 1570 de
3467 1530 3713 1585 quorum

2148 1612 2462 1666 auctoribus
2489 1611 2738 1666 dubitare
2766 1609 2918 1665 nefas
2963 1619 3126 1675 esset,
3148 1608 3230 1663 vel
3252 1623 3316 1662 eo
3348 1607 3467 1662 solo
3486 1607 3718 1662 nomine

2147 1704 2292 1774 quod
2324 1704 2376 1757 in
2401 1703 2506 1760 illis
2537 1703 2741 1758 mentio
2769 1702 3015 1765 habetur,
3035 1711 3087 1756 et
3108 1701 3315 1755 dierum
3342 1699 3628 1765 festorum,
3660 1710 3718 1754 et.

2150 1794 2505 1865 hymnorum,
2558 1791 2703 1863 quod
2748 1792 2850 1847 ista
2890 1791 3123 1860 primum
3169 1805 3196 1843 a
3249 1787 3447 1844 Carolo
3497 1791 3715 1843 consti-

2149 1893 2262 1939 tuta
2289 1884 2417 1940 sint.

2219 1975 2283 2030 Et
2308 1985 2369 2030 ut
2393 1976 2566 2046 magis
2587 1989 2806 2046 urgeam
2830 2015 2845 2040 ,
2886 1974 2968 2028 hae
3002 1973 3391 2043 Thaumaturgi
3429 1974 3715 2030 orationes

2149 2078 2383 2138 quatuor
2435 2077 2582 2133 sunt,
2624 2078 2736 2123 tres
2792 2068 2847 2121 in
2895 2067 3408 2130 Annuntiationem,
3441 2069 3602 2122 unica
3652 2069 3711 2122 in

2151 2157 2576 2227 Theophaniam,
2600 2166 2654 2213 et
2677 2173 2744 2212 ex
2770 2158 2855 2212 his
2887 2159 2941 2210 in
2966 2173 3071 2211 una
3100 2164 3333 2218 tantum,
3363 2172 3488 2225 qua:
3511 2167 3596 2211 est
3614 2173 3709 2212 se-

2148 2249 2322 2304 cunda
2353 2249 2408 2302 in
2436 2248 2911 2303 Annuntiationem
2931 2288 2946 2313 ,
2979 2256 3032 2301 et
3063 2246 3271 2301 dierum
3311 2248 3607 2312 festorum,
3656 2259 3710 2302 et

2150 2340 2474 2411 hymnorum
2507 2337 2564 2392 tit
2589 2337 2810 2392 mentio.
2839 2333 2968 2402 Quae
2993 2335 3188 2405 poterit
3230 2335 3498 2405 assignari
3531 2337 3705 2399 ratio,

2148 2425 2208 2486 ut
2235 2447 2341 2486 una
2369 2429 2534 2485 simul
2555 2445 2678 2484 cum
2703 2427 2804 2482 hac
2825 2427 3046 2495 reliquae
3076 2425 3430 2496 rejiciantur?
3475 2426 3706 2480 Etiamsi

2147 2537 2268 2592 quae
2293 2521 2358 2576 de
2384 2519 2536 2575 festis
2574 2529 2628 2574 et
2675 2518 2889 2590 hymnis
2915 2518 3174 2587 loquitur,
3197 2532 3228 2571 e
3251 2517 3469 2586 scriptis
3521 2515 3707 2571 Thau-

2148 2613 2378 2683 maturgi
2423 2620 2567 2668 esset
2619 2611 3044 2676 exterminanda,
3081 2610 3183 2665 ista
3221 2625 3329 2664 non
3358 2624 3469 2664 una
3515 2624 3704 2665 secum

2151 2706 2386 2762 traheret
2408 2705 2560 2758 alias.
2590 2701 2696 2758 Fac
2715 2703 2857 2757 enim
2886 2701 3022 2756 inter
3037 2701 3313 2755 orationes
3331 2700 3705 2764 Seleucianas,

2149 2799 2232 2853 vel
2277 2795 2784 2869 Chrysostomianas
2821 2792 2890 2846 sit
2925 2807 3053 2856 una,
3104 2807 3225 2860 qua:
3266 2792 3705 2854 beleuciensem,

2150 2888 2233 2941 vel
2267 2887 2712 2956 Chrysostomum
2746 2898 2853 2937 non
2901 2891 3188 2952 agnoscat,
3242 2881 3436 2935 ideone
3489 2891 3546 2935 et
3585 2882 3708 2936 reli-

2149 2993 2270 3048 qua:
2303 2977 2421 3030 alite
2456 2973 2809 3029 amandanda:
2859 2972 3022 3028 sunt?
3070 2971 3254 3026 Κακοῦ
3286 2972 3517 3043 κόρακος
3539 2971 3706 3025 κακὸν

2151 3070 2274 3123 ὼόν.
2309 3067 2452 3121 inter
2481 3067 2664 3121 decem
2713 3064 3079 3119 adolescentes
3119 3079 3261 3118 unus
3314 3065 3536 3134 spurius
3587 3073 3704 3130 est,

2154 3177 2328 3231 neque
2361 3159 2690 3223 indubitate,
2731 3171 2858 3226 ergo
2912 3157 3090 3211 caeteri
3118 3170 3308 3210 omnes
3327 3155 3537 3225 spurii?
3567 3155 3711 3208 inter

2152 3254 2334 3308 decem
2365 3251 2596 3320 pecudes
2623 3265 2730 3304 una
2779 3250 2930 3318 nigra
2969 3257 3086 3314 est,
3117 3263 3245 3318 ergo
3268 3256 3321 3301 et
3349 3247 3571 3316 reliqua:
3603 3261 3707 3300 no-

2151 3345 2307 3398 vem?
2356 3341 2422 3396 Et
2476 3353 2534 3396 ut
2574 3340 2781 3404 ﬁniam,
2837 3340 2976 3394 inter
3023 3339 3239 3394 criticos
3268 3353 3454 3393 sacros
3481 3337 3707 3392 Rivetus

2152 3447 2340 3488 amens
2394 3432 2724 3501 demensque
2775 3438 2877 3495 est,
2930 3443 3059 3499 ergo
3119 3441 3173 3485 et
3213 3437 3482 3498 quotquot
3532 3429 3705 3482 critici

2152 3527 2292 3581 sacri
2313 3524 2475 3580 sunt?
2516 3523 2715 3578 Demus
2758 3537 2886 3592 ergo
2933 3521 3318 3576 dubitationem
3357 3535 3484 3575 esse
3519 3521 3589 3574 de
3626 3535 3707 3574 se-

2152 3613 2328 3668 cunda
2363 3613 2415 3666 in
2443 3611 2947 3677 Annuntialionem,
2976 3611 3102 3680 quia
3133 3619 3187 3665 et
3231 3610 3449 3680 hymni,
3489 3621 3544 3663 et
3591 3609 3706 3662 dies

2153 3703 2276 3758 festi
2315 3704 2368 3758 in
2389 3717 2452 3758 ea
2485 3703 2755 3768 titiniunt;
2791 3717 2918 3770 ergo
2962 3711 3243 3771 propterea
3277 3711 3330 3756 et
3362 3701 3483 3755 alia:
3508 3701 3706 3754 ibidem

2151 3809 2376 3848 annexa:
2425 3794 2479 3847 in
2525 3793 2750 3848 dubium
2776 3792 3088 3846 vertantur?
3111 3789 3420 3853 Vertantur,
3453 3789 3707 3844 fatebitur

2152 3887 2334 3943 forsan
2358 3887 2602 3952 Rivctus,
2639 3887 2724 3940 cui
2759 3885 2939 3938 omnia
2969 3899 3126 3939 sacra
3158 3885 3210 3937 in
3245 3883 3471 3937 dubium
3499 3896 3708 3937 vertere

2153 3980 2208 4032 in
2244 3979 2427 4032 animo
2457 3987 2557 4032 est.
2595 3975 2661 4030 Et
2708 3978 2820 4031 lucc
2865 3975 3082 4045 quidem
3119 3975 3185 4029 ad
3216 3975 3456 4029 rationes
3500 3972 3705 4037 Riveti,

2151 4067 2473 4132 Gordianis,
2521 4075 2581 4120 ut
2626 4067 2726 4136 ipsi
2787 4066 3025 4130 videtur,
3080 4065 3236 4120 nodis
3289 4065 3705 4130 circumﬂexus,

2151 4163 2285 4218 satis
2309 4162 2436 4216 sint.

2227 4252 2483 4308 Scribunt
2511 4252 2600 4306 alii
2641 4270 2654 4306 :
2689 4250 2885 4317 Verba,
2917 4268 3037 4321 qua:
3069 4251 3133 4306 ad
3165 4249 3420 4306 Iordanis
3457 4251 3609 4320 ripas
3658 4261 3709 4305 et

557 4346 743 4418 Neque
791 4347 922 4402 illud
984 4346 1345 4402 omittendum
1395 4353 1478 4401 est
1504 4363 1518 4400 :
1568 4344 1730 4400 verba
1784 4343 2048 4400 Perltinsii
2079 4358 2122 4413 ι)
2152 4345 2206 4399 in
2232 4354 2415 4399 monte
2435 4344 2567 4399 dicit
2598 4343 2757 4398 Pater
2780 4344 2846 4398 de
2867 4341 3105 4408 Christo,
3135 4343 3208 4396 ita
3236 4342 3520 4412 conjungit
3546 4352 3708 4412 atque

488 4454 611 4510 qua:
651 4439 786 4509 ipse,
820 4448 881 4492 ut
908 4452 1072 4507 supra
1102 4439 1234 4502 dixi,
1261 4454 1365 4493 non
1389 4438 1516 4505 vidi,
1543 4451 1604 4492 ex
1640 4437 1838 4508 quibus
1860 4445 1939 4491 tot
1961 4453 2046 4492 er-

490 4545 646 4586 rores
690 4540 1119 4598 consequuntur,
1198 4529 1418 4585 Rivetus
1459 4529 1668 4584 videtur
1715 4543 1823 4583 non
1891 4529 2050 4583 intel-

491 4623 707 4677 lexisse.
753 4619 1245 4691 Argumentabatur
1283 4621 1550 4693 siquidem
1597 4619 1943 4685 Perkinsius,
2001 4621 2048 4677 si

491 4728 640 4768 sanae
665 4711 864 4767 mentis
900 4725 1122 4782 compos
1152 4712 1455 4776 scribebat,
1477 4713 1757 4777 lectiones,
1793 4711 2046 4782 hymnos,

491 4813 546 4858 et
569 4801 720 4858 Vitas
747 4810 1057 4857 sanctorum
1103 4801 1295 4856 diebus
1328 4800 1480 4857 festis
1509 4803 1909 4866 convenientes,
1940 4800 2050 4871 pri-

493 4910 640 4950 mum
665 4909 698 4948 a
719 4893 915 4948 Carolo
935 4893 1259 4948 constitutos
1283 4892 1472 4948 fuisse.
1499 4893 1640 4964 Ergo
1672 4895 1753 4948 hae
1780 4893 2049 4948 orationes

493 4993 575 5042 tot
617 4994 743 5040 ante
785 4985 982 5040 saecula
1021 4984 1309 5040 scribentis
1359 4983 1750 5058 Thaumaturgi
1792 5001 1913 5041 esse
1939 5000 2047 5039 non

494 5086 741 5149 possunt.
779 5075 844 5130 Et
874 5075 1218 5131 manifestum
1261 5085 1373 5140 est,
1419 5078 1565 5147 quod
1623 5079 1677 5132 in
1730 5092 1918 5132 earum
1966 5092 2052 5131 se-

495 5169 670 5224 cunda
690 5211 705 5234 ,
729 5169 846 5238 ipso
873 5168 1051 5221 statim
1079 5167 1263 5232 initio,
1289 5167 1476 5221 talium
1506 5168 1706 5222 mentio
1739 5167 2001 5221 habeatur
2031 5185 2046 5221 :

504 5261 729 5332 Ἔορτὰς
763 5262 862 5332 μὲν
893 5262 1107 5324 ἁπάσας
1128 5262 1220 5314 καὶ
1243 5260 1512 5338 ὑμνῳδίας
1538 5261 1654 5313 δέον
1677 5261 1826 5331 ἡμᾶς
1853 5259 2052 5314 Θυσιῶν

494 5354 650 5423 δίκην
691 5353 1018 5426 προσφέρειν
1066 5353 1144 5424 τῷ
1175 5353 1310 5424 Θεῷ,
1344 5352 1556 5424 πρῶτον
1604 5353 1660 5406 δὲ
1693 5353 1908 5407 πάντων
1961 5352 2052 5406 τὸν

498 5443 906 5514 Εὑαγγελισμὸν
939 5445 1038 5515 τῆς
1060 5444 1222 5514 ἁγίας
1248 5444 1526 5498 Θεοτόκου·
1568 5463 1586 5495 ι
1608 5441 1802 5499 Sacras
1834 5443 2050 5513 quidem

499 5532 757 5588 festorum
787 5535 1128 5591 celebritates
1168 5545 1330 5606 atque
1365 5536 1594 5606 hymnos
1622 5535 1776 5590 decet
1816 5550 1916 5589 nos
1972 5550 2055 5589 sa-

499 5622 823 5680 criﬁciorum
854 5625 1024 5682 instar
1051 5623 1244 5683 oderre
1274 5627 1404 5691 Deo,
1438 5627 1674 5693 primum
1713 5635 1896 5683 autem
1927 5640 2048 5681 om-

2153 4435 2555 4506 interpretatur,
2611 4449 2676 4489 ac
2719 4435 2765 4488 si
2812 4435 2926 4504 ipsa
2959 4432 3210 4502 baptismi
3242 4433 3376 4488 hora
3407 4433 3551 4487 dicta
3579 4434 3709 4488 luis-

2153 4537 2273 4582 sent
2297 4568 2312 4594 ,
2349 4536 2537 4582 auctor
2579 4526 2814 4581 homilize
2853 4528 2907 4580 in
2934 4523 3379 4594 Theophaniam:
3426 4543 3446 4575 ι
3487 4523 3588 4579 llic
3625 4535 3705 4580 est

2151 4619 2323 4676 Filius
2353 4635 2506 4675 meus
2529 4619 2778 4681 dilectus,
2821 4617 2874 4672 in
2903 4631 3013 4688 quo
3042 4617 3174 4670 mihi
3221 4617 3356 4672 bene
3385 4619 3703 4688 complacui.

2152 4710 2322 4766 Filius
2338 4710 2834 4773 consubstantialis,
2861 4729 2879 4761 ι
2895 4719 3022 4775 etc.,
3039 4709 3182 4764 unde
3203 4709 3487 4781 perspicue
3513 4711 3708 4779 signiti-

2151 4811 2307 4859 catur
2335 4815 2608 4859 auctorem
2636 4803 2778 4857 illius
2810 4802 3045 4856 homilia:
3064 4801 3344 4871 scripsisse
3373 4809 3498 4871 post
3517 4802 3632 4855 Arii
3658 4810 3707 4855 et

2155 4891 2372 4946 concilii
2397 4889 2598 4947 Nicami
2623 4901 2895 4960 tempora,
2928 4891 3038 4944 imo
3067 4901 3192 4962 post
3225 4893 3372 4960 ipsos
3398 4890 3704 4946 Nestorium

2150 4993 2205 5038 et
2252 4982 2602 5054 Eutychetem
2657 4983 2961 5037 damnatos.
3001 4980 3145 5035 Idem
3187 4998 3406 5052 quoque
3436 4983 3705 5054 judicium

2153 5074 2458 5129 iaciendum
2488 5075 2555 5129 de
2583 5074 2856 5128 duodecim
2888 5074 3146 5144 capitibus
3172 5074 3235 5128 de
3270 5075 3404 5145 ﬁde,
3426 5091 3554 5130 cum
3582 5090 3706 5129 ana-

2151 5165 2514 5221 thematismis
2543 5181 2664 5235 quae
2694 5181 2816 5220 cum
2859 5163 3302 5220 Nestorianorum
3335 5176 3388 5220 et
3421 5166 3703 5238 Eutychia-

2153 5273 2347 5313 norum
2379 5272 2592 5312 errores
2630 5269 2684 5311 et
2719 5257 3084 5326 blasphemias
3116 5257 3405 5321 damnent,
3441 5274 3550 5311 non
3584 5273 3704 5327 pos-

2153 5358 2280 5404 sunt
2315 5357 2591 5402 auctorem
2624 5347 2820 5403 habere
2854 5347 3173 5418 Gregorium
3213 5346 3705 5416 Thaumatnrgum,

2153 5441 2246 5510 qui
2279 5439 2463 5494 multis
2488 5448 2612 5494 ante
2641 5439 2834 5494 barum
2866 5441 3138 5512 haereseou
3169 5448 3348 5494 ortum
3379 5441 3540 5495 annis
3569 5441 3707 5493 dicm

2154 5547 2311 5588 suum
2333 5531 2559 5585 obierat.
2583 5528 2708 5586 Haec
2734 5530 2872 5586 ratio
2899 5545 3003 5584 non
3021 5530 3179 5600 plane
3201 5529 3498 5584 concludit.
3529 5527 3712 5598 Neque

2154 5623 2296 5679 enim
2341 5623 2469 5692 quia
2521 5621 2741 5678 Patrum
2790 5622 3072 5679 sententiis
3101 5622 3516 5692 ltmreses,.qute
3567 5624 3711 5691 ipsos
