3988 6200
194 276 344 335 ηοξ

1084 273 1326 329 LEONIS
1365 268 1641 325 ALLATII
1680 264 2005 323 DIATRIBA
2042 263 2131 321 DE
2171 261 2579 318 TilEODOBlS.

3312 263 3449 319 4222

194 398 520 449 subsecutae
588 401 749 458 sunt,
810 392 1146 463 iugulantur,
1207 393 1327 448 ideo
1373 394 1509 447 bene
1558 390 1789 445 infertur
1819 396 1859 450 Α
1891 400 1996 455 quc
2029 381 2326 439 Personam
2355 400 2451 453 per
2481 400 2539 439 se
2574 382 2890 447 subsistere,
2926 390 2980 437 et
3007 382 3165 437 aliam
3201 398 3321 438 esse
3352 383 3449 455 hy-

192 488 383 541 dictas
410 486 705 540 sententias
732 486 814 539 vel
840 487 1230 539 commentaria
1254 527 1269 549 ,
1317 486 1371 538 in
1402 485 1600 555 quibus
1643 484 1776 537 tales

196 577 493 632 sententiae
539 577 881 647 digeruntur,
922 592 1028 632 non
1067 591 1190 631 esse
1226 576 1447 630 Patrum
1480 575 1570 645 qui
1604 575 1776 629 haere-

199 665 366 720 sibus
402 666 779 735 praaiverunt:
838 682 960 721 cum
1026 664 1257 735 Spiritus
1308 675 1529 721 sanctus
1588 681 1774 719 eorum

203 764 451 809 mentem
483 763 536 809 et
573 756 841 809 calamum
890 756 1126 825 dirigens
1148 798 1162 821 ,
1216 765 1339 811 ante
1367 769 1581 811 exortas
1616 758 1777 826 ipsas

204 847 471 913 haereses,
493 862 586 900 eas
609 846 1010 917 proﬁigaverit;
1048 858 1104 903 ut
1132 850 1389 904 haberent
1419 850 1621 912 ﬁdeles,
1654 864 1775 903 cum

207 938 319 992 illa:
349 948 723 1001 nascerentur,
759 938 825 993 ad
868 938 1146 993 veritatem
1184 940 1572 994 ostendendam
1600 940 1778 994 subsi-

207 1029 324 1082 dia.
358 1027 486 1083 lndc
512 1029 654 1083 natis
678 1029 995 1093 hmresibus,
1025 1030 1116 1098 qui
1153 1040 1267 1083 tum
1296 1030 1540 1084 vivebant
1574 1031 1775 1095 ﬁdeles,

206 1137 277 1174 ex
320 1122 667 1190 antiquorum
710 1120 929 1175 Patrum
969 1123 1188 1193 scriptis
1242 1123 1456 1191 eclogas
1493 1122 1779 1176 commini-

208 1213 531 1275 scebantur,
595 1223 653 1266 ut
694 1229 893 1267 novum
947 1213 1165 1283 quidem
1222 1215 1595 1268 haereticorum
1660 1227 1779 1266 esse

207 1305 435 1374 dogma,
465 1304 593 1358 illud
636 1314 815 1359 autem
842 1304 1099 1360 Ecclesiae
1122 1305 1564 1375 antiquissimum
1592 1311 1646 1358 et
1675 1302 1779 1356 Pa-

208 1406 362 1451 trum
392 1397 798 1452 commentariis
831 1397 1193 1467 insinuatum,
1211 1413 1275 1452 ex
1295 1398 1493 1467 quibus
1516 1397 1646 1451 illud
1683 1398 1781 1451 cli-

210 1500 425 1555 cerent,
470 1499 978 1545 commonstrarent.
1027 1490 1101 1545 De
1141 1506 1249 1561 quo
1281 1506 1381 1545 nos
1433 1490 1559 1545 alibi
1603 1490 1775 1560 plura.

210 1582 401 1650 Quare
428 1582 601 1651 potuit
642 1591 698 1636 et
735 1581 1177 1653 Thaumaturgus
1225 1592 1350 1637 ante
1389 1582 1780 1655 Eutychianam

210 1684 270 1727 et
299 1674 558 1727 Arianam
584 1672 834 1727 haeresim
858 1674 1136 1728 veritatem
1156 1689 1422 1743 promere,
1445 1684 1497 1729 et
1513 1676 1655 1745 quod
1683 1675 1782 1730 Ec-

1880 476 2141 547 postasim
2168 474 2366 543 Patris,
2400 476 2560 530 aliam
2588 475 2730 541 Filii,
2757 483 2862 528 etc.
2891 472 3155 529 Praeterea
3180 472 3447 529 Vossiana

1878 567 2100 622 videtur
2132 567 2357 621 omnino
2391 568 2589 636 scripta
2624 575 2813 621 contra
2839 564 3092 629 Arianos,
3127 580 3188 619 ac
3218 579 3315 635 per
3345 566 3452 622 hoc

1879 660 2013 715 satis
2042 658 2134 712 diu
2169 669 2291 727 post
2322 668 2563 729 tempora
2594 656 3027 727 Thaumaturgi;
3065 658 3143 711 sic
3180 658 3325 711 enim
3363 657 3448 711 in-

1880 751 2046 820 cipit:
2079 769 2097 801 c
2128 749 2601 827 lnimicissimi‘ct
2647 750 2807 803 alieni
2858 765 2888 802 a
2928 748 3274 804 confessione
3321 765 3453 818 apo-

1880 843 2068 897 stolica
2097 850 2247 906 sunt,
2275 842 2365 910 qui
2400 842 2589 896 dicunt
2624 856 2745 895 esse
2774 839 2970 893 Filium
3005 854 3072 893 ex
3099 854 3204 892 non
3230 849 3453 894 exstano

1879 933 2046 996 tibus,
2077 951 2094 984 ›
2121 942 2227 987 etc.
2256 931 2322 985 Et
2356 931 2499 986 infra
2527 950 2540 986 :
2575 950 2593 983 ‹
2617 931 2724 987 Eos
2747 946 2898 993 vero,
2925 930 3018 1000 qui
3048 931 3455 984 communicant

1881 1040 2002 1079 cum
2037 1025 2105 1079 iis
2136 1024 2230 1093 qui
2254 1023 2506 1093 rejiciunt
2536 1023 2924 1089 homoousion,
2956 1030 3214 1091 tanquam
3245 1021 3452 1075 alienos

1881 1131 1909 1169 a
1942 1113 2277 1185 Seripturis;
2331 1124 2385 1169 et
2437 1116 2528 1185 qui
2580 1116 2769 1169 dicunt
2825 1114 3030 1183 aliquid
3076 1129 3143 1166 ex
3186 1112 3453 1166 Trinitate

1882 1216 2121 1262 creatum
2153 1223 2294 1273 esse,
2334 1208 2539 1262 alienos
2579 1207 2978 1262 existimamus.
3011 1223 3029 1256 ι
3085 1204 3313 1258 Constat
3354 1220 3452 1258 au-

1881 1306 1986 1351 tem
2024 1297 2257 1353 Arianos
2290 1298 2494 1352 dixisse
2548 1296 2743 1349 Filium
2781 1311 2901 1350 esse
2947 1309 3015 1348 ex
3050 1308 3156 1348 non
3188 1290 3452 1348 exstanti-

1882 1393 2002 1456 bus,
2022 1402 2074 1446 et
2100 1393 2353 1462 rejecisse
2372 1393 2753 1447 homoousion.
2777 1391 3081 1458 Quinetiam
3114 1390 3187 1445 ita
3215 1390 3456 1460 disputat

1881 1484 1970 1538 hic
2015 1493 2206 1540 auctor
2250 1484 2318 1539 de
2362 1486 2769 1548 incarnatione,
2822 1495 2883 1539 ut
2924 1484 3175 1541 videatur
3208 1486 3454 1541 refellere

1881 1576 2234 1632 Nesrorianos
2284 1586 2337 1631 et
2372 1576 2759 1647 Eutychianos.
2808 1576 2875 1631 Et
2914 1577 3028 1633 haac
3054 1576 3273 1647 quidem
3324 1588 3454 1633 sunt

1884 1667 2195 1722 Bellarmini
2224 1675 2561 1737 argumenta.

213 1766 384 1820 clesia
409 1765 523 1835 ipsa
556 1774 677 1834 post
712 1766 918 1834 aliquot
969 1742 1171 1819 saecula
1209 1765 1469 1820 adversus
1497 1742 1781 1821 haereticos
1814 1742 1853 1795 Β
1950 1759 2143 1815 Posset
2170 1760 2293 1813 addi
2318 1760 2615 1814 auctoritas
2637 1758 2847 1813 Leontii
2884 1757 2959 1813 De
2983 1760 3159 1822 sectis,
3188 1766 3294 1813 act.
3322 1775 3446 1821 Vl".

212 1858 271 1910 in
306 1858 390 1911 sui
463 1856 831 1911 defensionem
879 1866 1222 1927 proponeret,
1272 1858 1656 1927 pramuntiare.
1718 1857 1784 1911 Et

214 1949 448 2003 istorum
496 1949 633 2002 ratio
679 1964 785 2003 non
832 1963 1221 2018 usquequaque
1266 1949 1467 2003 absona
1506 1948 1695 2016 fuerit,
1727 1962 1785 2003 ut

213 2038 305 2090 illa
352 2036 567 2091 Riveti:
618 2056 634 2087 ι
668 2036 1026 2090 Bellarminus
1062 2038 1193 2092 nihil
1235 2054 1292 2092 se
1340 2039 1539 2093 habere
1577 2051 1781 2094 certum

213 2129 501 2197 proﬁtetur
549 2138 656 2182 tam
710 2129 775 2183 de
818 2129 1055 2183 homiliis
1108 2129 1161 2182 in
1216 2128 1698 2186 Annuntiationem
1734 2142 1784 2185 et

216 2219 578 2288 Epiphaniam
605 2219 961 2285 Dominicam,
999 2235 1165 2289 quam
1194 2220 1260 2274 de
1295 2221 1474 2275 libello
1501 2221 1577 2275 De
1606 2226 1783 2276 anima

214 2311 284 2361 ad
314 2308 601 2362 Tatianum
624 2349 637 2373 ,
666 2324 900 2379 quorum
952 2320 1155 2365 veteres
1194 2327 1299 2365 non
1336 2312 1719 2367 meminerunt.
1761 2333 1777 2365 ι

215 2401 364 2473 Ergo
392 2402 480 2455 illa
519 2402 681 2456 dubia
722 2401 941 2457 fixerint.
995 2402 1161 2469 Quasi
1197 2419 1321 2459 vero
1346 2404 1489 2474 quod
1520 2407 1782 2461 incertum

217 2501 305 2547 est
332 2493 678 2557 Bellarmino,
719 2494 772 2547 id
809 2509 1025 2563 quoque
1067 2494 1119 2547 in
1154 2492 1394 2549 Ecclesia
1423 2496 1646 2552 dubium
1671 2500 1739 2553 sit
1772 2521 1783 2553 :

219 2592 278 2637 et
308 2598 541 2653 quorum
581 2598 803 2653 operum
844 2595 1050 2639 veteres
1082 2601 1190 2639 non
1226 2588 1539 2653 meminere,
1591 2604 1652 2644 ea
1699 2590 1781 2643 in~

221 2685 371 2730 certa
394 2676 533 2741 sint;
561 2686 614 2732 et
644 2679 800 2747 quasi
836 2687 1048 2734 veteres
1072 2680 1313 2734 omnium
1345 2682 1710 2750 meminerint,
1736 2694 1787 2737 et

218 2781 323 2821 nos
353 2769 594 2823 omnium
628 2780 890 2835 veterum,
924 2787 1259 2842 quaecunque
1282 2773 1371 2827 illa
1402 2772 1637 2838 fuerint,
1676 2792 1788 2844 prae

218 2861 475 2915 manibus
508 2861 823 2917 habeamus.
862 2862 967 2917 Sed
997 2862 1190 2929 Riveti,
1228 2880 1352 2919 cum
1392 2865 1652 2921 solidiora
1681 2882 1785 2922 non

220 2952 445 3019 habeat,
470 2954 562 3007 bili
604 2966 929 3024 nugamenta
963 2957 1077 3011 hzec
1117 2967 1262 3014 sunt.

299 3132 416 3189 Non
465 3136 641 3190 minor
684 3136 968 3193 difficultas
1013 3146 1096 3193 est
1143 3139 1209 3193 de
1247 3139 1588 3210 Expositione
1634 3144 1781 3213 ﬁdei,

217 3243 388 3298 quam
437 3228 526 3281 ille
562 3230 782 3299 scripsit
826 3240 879 3286 et
914 3233 1230 3303 publicavit,
1278 3239 1597 3305 vocavitque
1647 3238 1787 3292 κατὰ

226 3318 427 3390 μέροςο
477 3324 582 3373 no'n
610 3322 753 3391 quod
794 3338 859 3378 ex
903 3335 1085 3394 parte,
1128 3343 1249 3397 quae
1286 3341 1412 3383 sunt
1448 3331 1569 3384 ﬁdei
1613 3333 1789 3385 tradat

222 3420 278 3463 et
310 3419 568 3479 exponat,
595 3412 678 3466 vel
704 3416 846 3483 quod
887 3432 980 3486 per
1014 3430 1195 3489 partes
1223 3421 1355 3474 inibi
1392 3420 1525 3476 ﬁdes
1554 3423 1787 3492 explice-

222 3510 335 3564 tur,
372 3501 453 3554 vel
479 3503 621 3570 quod
651 3503 808 3558 ﬁdem
847 3521 955 3560 non
989 3509 1299 3563 universam
1330 3511 1423 3564 sed
1452 3512 1646 3578 partim
1675 3521 1785 3565 tra-

221 3592 338 3657 dat,
378 3594 461 3647 vel
506 3596 651 3663 quod
691 3599 1035 3665 particularis
1079 3601 1211 3656 ﬁdes
1257 3600 1447 3666 fuerit,
1502 3604 1596 3657 sed
1641 3604 1788 3673 quod

218 3685 469 3754 singulas
502 3694 553 3739 et
575 3689 834 3757 speciales
858 3688 980 3745 ﬁdei
1002 3701 1185 3760 partes
1206 3694 1471 3748 enucleat.
1500 3693 1632 3747 Eam
1655 3695 1788 3750 Vos-

221 3780 347 3834 sius
397 3779 639 3845 invenit,
685 3783 958 3854 ediditque
989 3784 1176 3841 Latine
1212 3787 1409 3852 solum,
1442 3804 1566 3842 cum
1601 3788 1788 3844 Graeca

222 3886 337 3924 non
364 3871 612 3927 habuerit
636 3874 739 3946 (5).
778 3874 972 3931 Subdit
998 3876 1379 3945 Bellarminus,
1410 3879 1641 3935 fortasse
1677 3882 1787 3935 falli

224 3961 505 4016 Vossium.
538 3962 673 4019 Nam
709 3965 986 4035 Expositio
1012 3969 1158 4038 ﬁdei,
1192 3972 1349 4041 cujus
1387 3974 1632 4028 meminit
1663 3991 1789 4029 san-

221 4061 347 4105 ctus
392 4052 623 4110 Basilius
674 4056 726 4109 in
770 4058 995 4126 epistola
1044 4076 1144 4115 ccx
1189 4061 1256 4115 ad
1304 4061 1786 4132 Neocaesarienses,

222 4156 351 4194 vere
384 4157 413 4194 a
440 4141 840 4215 Thanmaturgo
874 4150 1072 4218 scripta
1105 4151 1365 4206 adversus
1388 4151 1662 4208 Elianum
1688 4156 1785 4226 (6),

225 4234 459 4287 multum
487 4234 663 4290 diﬂert
696 4251 725 4291 a
749 4235 1012 4292 Vossiana
1057 4240 1199 4295 ista:
1229 4242 1282 4295 in
1314 4241 1402 4296 illa
1438 4245 1583 4299 enim
1620 4247 1786 4302 habe-

222 4327 407 4392 batur,
443 4327 657 4384 Patrem
700 4339 752 4383 et
772 4328 968 4384 Filium
1006 4333 1281 4403 hypostasi
1331 4352 1451 4392 esse
1498 4355 1687 4408 unum,
1736 4350 1788 4395 et

1882 1854 1936 1920 4,
1959 1854 2052 1923 qui
2082 1853 2157 1907 ait
2185 1872 2197 1907 :
2240 1851 2399 1904 Ἀλλὰ
2428 1850 2522 1904 καὶ
2570 1850 2735 1922 ἄλλην
2788 1852 2918 1921 ἡμῖν
2950 1851 3147 1921 χρῆσιν
3201 1850 3452 1921 παραφέ-

1886 1964 2085 2019 ρουσιν,
2116 1947 2191 2010 ὡς
2230 1945 2337 2000 ἀπὸ
2382 1943 2477 1997 τοῦ
2519 1945 2672 2012 ἁγίου
2723 1943 3024 2014 Γρηγορίου
3072 1942 3164 1996 τοῦ
3194 1942 3454 2013 Θαυματ-

1882 2037 2077 2111 ουργοῦ
2102 2040 2167 2093 ἐκ
2188 2038 2296 2107 τῆς
2324 2035 2474 2090 κατὰ
2492 2036 2672 2105 μέρος
2711 2036 2991 2101 Πίστεως·
3017 2037 3099 2089 Οὐ
3128 2034 3237 2088 δύο
3265 2036 3452 2102 πρόσ-

1885 2116 2035 2195 ωπά,
2062 2134 2133 2186 οὺ
2159 2131 2267 2185 δύο
2294 2131 2526 2199 φύσεις·
2556 2130 2626 2182 οὐ
2647 2128 2742 2181 δεῖ
2765 2127 2874 2197 γὰρ
2904 2128 3169 2195 τέσσαρα
3195 2139 3454 2195 προσκυ-

1884 2228 2029 2282 νεῖν·
2060 2229 2153 2282 καὶ
2178 2229 2245 2281 τὰ
2264 2227 2483 2297 ἑφεξῆς·
2514 2224 2744 2296 λέγομεν
2777 2223 2834 2277 δὲ
2865 2224 2958 2278 καὶ
2996 2224 3130 2295 πρὸς
3160 2223 3339 2287 τοῦτο,
3375 2225 3457 2277 ὅτι

1886 2321 2096 2393 πρῶτον
2130 2320 2229 2391 μὲν
2286 2320 2380 2372 καὶ
2436 2317 2573 2389 αὕτη
2627 2316 2953 2388 ἀμφεόλήθη
2997 2316 3147 2386 παρὰ
3192 2318 3303 2377 τοῖς
3349 2333 3456 2369 πα-

1861 2413 2200 2485 ,λαιοτέροις,
2255 2412 2328 2485 μὴ
2363 2406 2500 2464 εἶναι
2553 2409 2647 2463 τοῦ
2698 2409 2851 2477 ἁγίου
2906 2409 3229 2481 Γρηγορίου·
3268 2409 3457 2462 ἔπειτα

1885 2504 2183 2576 Γρηγόριος
2210 2506 2237 2557 ὁ
2281 2503 2567 2564 Νυσσαεὺς
2610 2501 2836 2572 γράφων
2898 2502 3179 2570 ἐπιτάφιον
3226 2502 3305 2563 εἰς
3366 2501 3456 2553 τὸν

1886 2595 2309 2667 Θαυματουργὸν
2364 2588 2544 2661 λέγει,
2591 2591 2756 2662 μηδὲν
2817 2590 3153 2662 σύγγραμμα
3196 2590 3456 2662 φέρεσθαι

1886 2685 2073 2751 αὐτοῦ,
2098 2689 2145 2739 εἱ
2175 2686 2247 2757 μὴ
2306 2685 2471 2755 μόνην
2513 2683 2609 2755 τὴν
2648 2683 2855 2747 Πίστιν,
2888 2684 2954 2753 ἣν
3006 2682 3146 2735 κατὰ
3191 2682 3456 2734 ὀπτασίαν

1888 2776 2047 2832 εἶδεν.
2105 2797 2123 2829 ‹
2152 2777 2442 2832 Proferunt
2478 2776 2637 2831 nobis
2675 2784 2729 2830 et
2751 2775 2913 2828 aliam
2945 2775 3237 2843 quamdam
3269 2782 3457 2827 aucto-

1888 2873 2104 2926 ritatem
2143 2872 2315 2925 sancti
2342 2870 2590 2941 Gregorii
2623 2867 3017 2937 Thaumaturgi
3055 2873 3122 2922 ex
3152 2868 3298 2922 illius
3331 2884 3456 2923 con-

1890 2963 2110 3032 fessione
2151 2964 2273 3031 ﬁdei
2319 2963 2415 3033 τῆς
2454 2960 2594 3015 κατὰ
2632 2960 2813 3033 μέρος.
2871 2960 2992 3014 Νοη
3025 2962 3159 3015 duas
3185 2978 3456 3031 personas,

1891 3054 2086 3124 inquit,
2123 3071 2224 3108 non
2263 3054 2396 3107 duas
2438 3064 2656 3106 naturas
2682 3069 2700 3106 :
2736 3054 2859 3122 quia
2903 3070 3005 3107 non
3034 3054 3311 3107 adoranda
3336 3064 3458 3107 sunt

1888 3162 2132 3221 quatuor.
2181 3150 2248 3204 Et
2295 3150 2400 3203 alia
2445 3164 2565 3219 quae
2606 3157 2929 3219 sequuntur.
2983 3150 3062 3204 Ad
3111 3150 3216 3203 hoc
3242 3165 3460 3219 quoque

1888 3241 2320 3312 respondemus,
2370 3242 2606 3311 primum
2663 3241 2727 3296 de
2772 3241 2876 3296 hac
2920 3242 3105 3295 itidem
3154 3241 3457 3298 dubitatum

1889 3334 2030 3403 apud
2057 3334 2413 3403 antiquiores,
2443 3348 2509 3386 an
2542 3333 2611 3387 sit
2636 3331 2904 3401 Gregorii.
2939 3332 3145 3388 Deinde
3165 3332 3460 3405 Gregorius

1888 3426 2172 3499 Nyssenus
2244 3427 2549 3481 oralionem
2596 3426 2663 3479 de
2711 3423 3124 3497 Thaumaturgo
3176 3424 3457 3480 funebrem

1889 3523 2158 3589 scribens,
2194 3524 2403 3576 nullum
2446 3521 2521 3575 ait
2560 3536 2697 3589 opus
2740 3521 2913 3590 ipsius
2956 3521 3010 3575 in
3048 3521 3301 3576 manibus
3339 3536 3461 3578 esse

1889 3623 2082 3683 praeter
2105 3615 2276 3669 solam
2308 3613 2518 3676 Fidem,
2552 3628 2716 3682 quam
2740 3613 2794 3666 in
2820 3613 3030 3668 visione
3059 3613 3454 3683 conspexerit.»

1888 3706 1999 3762 Nec
2036 3707 2181 3761 aliud
2221 3706 2460 3761 sensisse
2494 3705 2779 3775 Eulogium
2824 3706 3193 3776 patriarcham
3222 3706 3459 3761 Alexan-

1888 3798 2104 3852 drinum
2134 3798 2403 3868 colligitur
2431 3813 2496 3852 ex
2528 3797 2961 3852 oratione.illius
2987 3798 3139 3851 tertia
3197 3798 3461 3853 adversus

1890 3889 2283 3945 calumniantes
2311 3899 2526 3944 sanctos
2551 3888 2760 3954 Patres,
2804 3900 2857 3943 et
2904 3890 3195 3945 concilium
3232 3890 3462 3947 Chalce-

1890 3982 2129 4036 donense
2172 3981 2271 4053 (7),
2319 3997 2441 4037 cum
2477 3982 2606 4035 dicit
2642 4000 2655 4036 :
2690 3983 2751 4033 Et
2773 3981 2830 4034 δέ
2870 3999 2952 4046 τις
2978 3984 3111 4053 ἡμῖν
3146 3982 3460 4039 ἈΟανάσιον

1892 4073 1949 4124 ὲν
1988 4071 2067 4142 τῷ
2092 4071 2234 4140 Περὶ
2274 4072 2634 4139 σαρκώσεως
2664 4070 2985 4145 προκομίζει
3029 4071 3190 4142 λόγῳ,
3236 4074 3331 4127 καὶ
3368 4074 3459 4128 τὸν

1889 4164 2317 4235 Νεοκαισαρείας
2363 4163 2657 4237 Γρηγόριον
2703 4165 2759 4216 ὲν
2818 4162 2894 4234 τῷ
2945 4164 3086 4232 Περὶ
3148 4163 3257 4233 τῆς
3312 4166 3462 4221 κατὰ

1883 4256 2065 4325 μέρος
2097 4258 2374 4323 πίστεως,
2410 4256 2502 4309 δύο
2535 4256 2711 4325 λέγειν
2746 4256 3074 4326 ,κωλύοντας
3104 4256 3196 4310 ἐπὶ
3224 4259 3459 4332 Χριστοῦ

1888 4349 1986 4412 τὰς
2011 4348 2219 4418 φύσεις,
2244 4365 2297 4402 κ.
2325 4367 2374 4402 τ.
2399 4347 2447 4400 λ.
2483 4367 2501 4399 ι
2533 4346 2590 4401 Si
2618 4362 2742 4401 vero
2767 4347 2890 4416 quis
2920 4347 3078 4402 nobis
3099 4349 3457 4403 Athanasium

222 4416 346 4470 sola
406 4417 573 4471 animi
624 4419 950 4488 cogitatione
1010 4423 1307 4493 distingui,
1358 4428 1500 4482 unde
1549 4431 1784 4500 suspicio

1891 4441 2129 4510 proferat
2160 4442 2211 4494 in
2248 4440 2386 4495 libro
2419 4440 2498 4494 De
2533 4442 2927 4507 incarnatione;
2959 4441 3276 4513 Gregorium
3331 4442 3458 4497 item

220 4518 345 4561 orta
377 4517 493 4561 erat
522 4524 551 4561 a
573 4508 831 4581 Gregorio
858 4509 1026 4566 foveri
1054 4513 1300 4569 haaresim
1322 4516 1571 4584 Sabellii;
1599 4538 1790 4589 quam-

221 4600 414 4653 obrem
479 4616 603 4655 eum
646 4601 878 4658 Basilius
943 4619 972 4657 a
1020 4603 1420 4664 Sabellianismi
1482 4614 1790 4682 suspicione

220 4690 517 4747 defendere
558 4694 867 4762 contendit;
910 4695 1003 4750 sed
1037 4695 1301 4753 Vossiana
1348 4700 1642 4757 Sabellium
1690 4723 1791 4761 no-

226 4783 476 4837 minatim
530 4786 748 4849 refutat,
795 4803 971 4858 neque
1022 4806 1261 4861 unquam
1312 4794 1441 4848 dicit
1480 4795 1693 4852 Patrem
1738 4810 1790 4854 et

222 4874 425 4929 Filium
457 4876 731 4947 hypostasi
766 4897 885 4937 esse
920 4899 1109 4952 unum,
1141 4896 1193 4939 et
1225 4888 1338 4941 sola
1377 4890 1606 4945 rationis
1638 4895 1789 4963 cogi-

223 4968 434 5023 tatione
460 4969 751 5039 distingui;
797 4974 888 5028 sed
931 4986 1120 5032 contra
1165 4980 1327 5043 dicit,
1368 4981 1579 5037 Patrem
1619 4995 1673 5039 et
1702 4985 1791 5040 Fi-

223 5058 363 5115 lium
397 5072 587 5116 natura
616 5062 915 5121 divinitatis
948 5083 1067 5123 esse
1106 5086 1298 5137 unum,
1342 5082 1395 5128 et
1423 5091 1786 5147 unamquam-

303 5221 382 5303 (5)
418 5221 701 5303 Egregium
745 5224 850 5303 hoc
895 5242 994 5303 nec
1036 5229 1199 5286 breve
1244 5235 1565 5301 Opusculum
1608 5237 1789 5294 Thau-

230 5296 616 5378 maltgurginn‘os
656 5296 887 5378 denique
921 5296 1104 5378 Graece
1142 5296 1411 5378 edidi-mus
1456 5321 1521 5378 ex
1563 5311 1789 5378 antiquo

229 5359 440 5445 codice
464 5359 724 5445 Vaticano
772 5359 823 5420 in
851 5369 1143 5445 volumine
1191 5376 1419 5445 septimo
1456 5359 1786 5445 Scripta-rimi

228 5441 481 5512 veteranus,
506 5444 654 5512 .part.
685 5451 724 5499 I,
768 5452 818 5505 p.
844 5438 989 5491 l'iO-l
1005 5439 1091 5512 76Ἴ
1105 5442 1182 5512 Α.
1200 5438 1272 5497 M.

300 5498 842 5589 gill‘luiusmquoq'ue
872 5511 1138 5588 opusculi,
1168 5514 1311 5589 quod
1348 5513 1790 5589 Thaumaturgus

232 5571 453 5653 scripsit
484 5571 559 5625 De
585 5571 863 5653 Trinitate,
904 5571 1248 5653 insigne—nos
1279 5571 1640 5653 fragmentum
1673 5571 1790 5642 cudi:

227 5640 770 5728 dimusAe§_codicen
796 5640 1041 5728 Arabiég'
1059 5647 1179 5728 Yat.
1212 5652 1306 5728 “(in
1340 5640 1519 5728 q‘uanr
1548 5640 1789 5728 linguam

230 5710 363 5764 olim
391 5723 711 5769 conversum
746 5714 937 5787 fuerat)
987 5717 1171 5790 Spicil.
1205 5710 1432 5797 Rom.'_t.
1459 5718 1541 5795 lil,
1582 5710 1789 5798 μυϐθὸξ

1893 4533 2364 4603 Thaumaturgum
2408 4533 2462 4586 in
2500 4533 2640 4587 libro
2675 4532 2753 4586 De
2809 4533 2912 4602 [ide
2962 4535 3244 4589 secundum
3285 4544 3459 4605 partes

1890 4624 2148 4693 exposita,
2183 4623 2532 4692 prohibentes
2578 4623 2712 4677 duas
2744 4623 2799 4677 in
2826 4622 3049 4679 Christo
3089 4640 3335 4681 asserere
3367 4641 3461 4679 na-

1892 4724 2065 4780 turas,
2096 4734 2113 4766 ι
2160 4724 2267 4769 etc.
2318 4713 2382 4767 Et
2417 4730 2484 4769 ne
2509 4714 2575 4770 de
2609 4715 2715 4769 alia
2741 4731 2863 4770 cum
2908 4716 3056 4787 loqui
3087 4718 3326 4787 suspicio
3350 4718 3461 4772 ori-

1891 4815 2062 4871 retur,
2097 4804 2235 4859 infra
2276 4822 2342 4860 ex
2376 4806 2564 4860 eadem
2605 4807 2708 4876 [ide
2735 4808 2897 4863 verba
2943 4809 3034 4862 illa
3067 4809 3295 4880 profert,
3340 4824 3461 4879 quae

1890 4897 2215 4967 Apollinaris
2247 4898 2578 4967 impietatem
2619 4900 2862 4954 redolere
2897 4900 3219 4955 videbantur
3249 4919 3261 4953 :
3298 4900 3358 4953 'H
3398 4900 3459 4955 δὲ

1891 4991 1979 5043 τὸν
2010 4990 2433 5061 Θαυματουργὸν
2462 4991 2759 5063 Γρηγόριον
2788 4992 3194 5064 ὑποϐαλλομένη
3242 4993 3459 5064 χρῆσις,

1891 5082 2104 5151 λέγεται
2146 5084 2243 5155 μὲν
2294 5083 2403 5157 γὰρ
2427 5084 2631 5138 ἐκείνου
2654 5124 2668 5150 ,
2691 5085 2779 5140 τὸν
2820 5084 2875 5138 δὲ
2922 5086 3322 5159 Ἀπολλινάριον
3348 5087 3459 5139 εἱσ-

1891 5246 2013 5301 699.
2044 5246 2109 5300 A.
2136 5245 2206 5298 Μ.

1962 5318 2036 5388 (7)
2070 5316 2252 5388 Sumit
2272 5316 2453 5388 hocet
2484 5318 2822 5388 subsequens
2848 5314 3062 5388 Eulogii
3086 5315 3457 5388 testimonium

1892 5386 2123 5440 Allatius
2160 5385 2269 5438 ἀπὸ
2305 5387 2569 5451 στόματος
2598 5385 2808 5441 Φώτίου
2857 5388 2909 5440 in
2940 5385 3299 5447 Bibliotheca,
3331 5389 3457 5441 cod.

1892 5405 2123 5440 Allallus
2160 5405 2269 5438 απο
2305 5405 2395 5439 στο
2443 5405 2569 5451 ατος
2598 5405 2808 5441 Ψωτιου
2857 5405 2909 5440 tn
2940 5405 3299 5447 mmwmeca,
3331 5405 3457 5441 COG.

1890 5470 2083 5535 ccxxx,
2122 5471 2176 5524 p.
2364 5405 2547 5526 ﬁtque
2574 5457 2718 5511 enim
2754 5456 3056 5536 illarumn‘li
3085 5455 3295 5536 Eulogii
3337 5472 3464 5513 ora-

1894 5526 2097 5578 tionum
2125 5526 2420 5594 quidquam
2455 5525 2722 5596 Superest,
2747 5536 2941 5595 praeter
2966 5525 3143 5580 Photii
3182 5537 3455 5648 excerpta.

1889 5594 2000 5648 Nos
2042 5604 2219 5647 tamen
2267 5596 2462 5648 Scrint.
2494 5607 2591 5648 vet.
2630 5607 2667 5648 t.
2698 5596 2812 5648 VII.
2845 5604 2988 5648 part.
3012 5612 3052 5648 ι.
3097 5612 3152 5648 ι).
3179 5595 3302 5648 177.
3369 5598 3455 5648 73.

1890 5595 2000 5649 Nos
2042 5604 2219 5647 tamen
2267 5596 2462 5666 Script.
2494 5607 2591 5650 vet.
2630 5607 2667 5650 t.
2698 5596 2812 5663 VII,
2845 5604 2988 5666 part.
3012 5612 3052 5662 ι,
3097 5612 3152 5666 p.
3179 5595 3302 5661 177,
3334 5595 3461 5666 173,

1890 5679 1953 5748 ex
1997 5664 2103 5718 alio
2130 5663 2343 5748 βιηθείὶ
2389 5667 2695 5748 dogmatico
2749 5683 2915 5748 ppero
2952 5683 3061 5726 non
3092 5665 3461 5739 spernendum

1892 5685 1953 5717 ex
1997 5685 2103 5718 auo
2130 5685 2343 5737 nunogu
2389 5685 2695 5748 uogmauco
2749 5685 2819 5797 (All)

1892 5734 2256 5800 fragmentum
2290 5738 2631 5805 protulimus.
2660 5738 2724 5793 A.
2808 5779 2823 5796 .
