  <div class='ocr_page' id='page_1' title='image "/cluster/home/n/w/nwhite01/storage/ocr_20150623/10/hvd.32044073501330/631.png"; bbox 0 0 3938 6282; ppageno 0'>
   <div class='ocr_carea' id='block_1_1' title="bbox 545 240 682 297">
    <p class='ocr_par' dir='ltr' id='par_1_1' title="bbox 545 240 682 297">
     <span class='ocr_line' id='line_1_1' title="bbox 545 240 682 297; baseline 0.022 -3"><span class='ocrx_word' id='word_1_1' title='bbox 545 240 682 297; x_wconf 67' lang='grc' dir='ltr'><strong>ηὲἵι</strong></span> 
     </span>
    </p>
   </div>
   <div class='ocr_carea' id='block_1_2' title="bbox 1419 248 2915 347">
    <p class='ocr_par' dir='ltr' id='par_1_2' title="bbox 1419 248 2915 347">
     <span class='ocr_line' id='line_1_2' title="bbox 1419 248 2915 347; baseline 0.009 -43"><span class='ocrx_word' id='word_1_2' title='bbox 1419 248 1668 306; x_wconf 75' lang='lat' dir='ltr'><strong>LEONIS</strong></span> <span class='ocrx_word' id='word_1_3' title='bbox 1701 251 1982 308; x_wconf 83' lang='lat' dir='ltr'><strong>ALLATll</strong></span> <span class='ocrx_word' id='word_1_4' title='bbox 2018 251 2342 316; x_wconf 73' lang='lat' dir='ltr'><strong>DlATlilBA</strong></span> <span class='ocrx_word' id='word_1_5' title='bbox 2378 260 2469 347; x_wconf 81' lang='lat' dir='ltr'><strong>DE</strong></span> <span class='ocrx_word' id='word_1_6' title='bbox 2505 261 2915 322; x_wconf 82' lang='lat' dir='ltr'><strong>THEODOBIS.</strong></span> 
     </span>
    </p>
   </div>
   <div class='ocr_carea' id='block_1_3' title="bbox 3621 277 3767 337">
    <p class='ocr_par' dir='ltr' id='par_1_3' title="bbox 3621 277 3767 337">
     <span class='ocr_line' id='line_1_3' title="bbox 3621 277 3767 337; baseline 0.048 -7"><span class='ocrx_word' id='word_1_7' title='bbox 3621 277 3767 337; x_wconf 65' lang='grc' dir='ltr'>ιεξι</span> 
     </span>
    </p>
   </div>
   <div class='ocr_carea' id='block_1_4' title="bbox 541 351 2077 453">
    <p class='ocr_par' dir='ltr' id='par_1_4' title="bbox 541 351 2077 442">
     <span class='ocr_line' id='line_1_4' title="bbox 541 351 2077 442; baseline 0.012 -34"><span class='ocrx_word' id='word_1_8' title='bbox 541 351 776 424; x_wconf 77' lang='grc' dir='ltr'><strong>κομίζει,</strong></span> <span class='ocrx_word' id='word_1_9' title='bbox 818 353 1123 430; x_wconf 67' lang='grc' dir='ltr'>λατάφορον</span> <span class='ocrx_word' id='word_1_10' title='bbox 1163 361 1521 432; x_wconf 77' lang='grc' dir='ltr'>προὸἀλλεται</span> <span class='ocrx_word' id='word_1_11' title='bbox 1549 369 1648 440; x_wconf 82' lang='grc' dir='ltr'>τὴν</span> <span class='ocrx_word' id='word_1_12' title='bbox 1670 369 1923 426; x_wconf 84' lang='grc' dir='ltr'><strong>ἀτοπίαν·</strong></span> <span class='ocrx_word' id='word_1_13' title='bbox 1955 372 2077 442; x_wconf 80' lang='grc' dir='ltr'>λέγε</span> 
     </span>
    </p>
   </div>
   <div class='ocr_carea' id='block_1_5' title="bbox 2167 351 3768 453">
    <p class='ocr_par' dir='ltr' id='par_1_5' title="bbox 2167 377 3768 453">
     <span class='ocr_line' id='line_1_5' title="bbox 2167 377 3768 453; baseline 0.01 -23"><span class='ocrx_word' id='word_1_14' title='bbox 2167 377 2602 446; x_wconf 74' lang='lat' dir='ltr'><strong>,judicarentur,</strong></span> <span class='ocrx_word' id='word_1_15' title='bbox 2651 380 2699 436; x_wconf 87' lang='lat' dir='ltr'><strong>si</strong></span> <span class='ocrx_word' id='word_1_16' title='bbox 2757 381 2848 435; x_wconf 91' lang='lat' dir='ltr'><strong>ille</strong></span> <span class='ocrx_word' id='word_1_17' title='bbox 2898 389 3052 438; x_wconf 82' lang='lat' dir='ltr'><strong>antea</strong></span> <span class='ocrx_word' id='word_1_18' title='bbox 3108 383 3408 453; x_wconf 87' lang='lat' dir='ltr'><strong>probasset,</strong></span> <span class='ocrx_word' id='word_1_19' title='bbox 3456 388 3541 442; x_wconf 85' lang='lat' dir='ltr'><strong>vel</strong></span> <span class='ocrx_word' id='word_1_20' title='bbox 3593 406 3768 446; x_wconf 78' lang='lat' dir='ltr'><strong>unam</strong></span> 
     </span>
    </p>
   </div>
   <div class='ocr_carea' id='block_1_6' title="bbox 537 443 2101 534">
    <p class='ocr_par' dir='ltr' id='par_1_6' title="bbox 537 443 2101 534">
     <span class='ocr_line' id='line_1_6' title="bbox 537 443 2101 534; baseline 0.015 -37"><span class='ocrx_word' id='word_1_21' title='bbox 537 443 664 516; x_wconf 84' lang='grc' dir='ltr'>γάρ’</span> <span class='ocrx_word' id='word_1_22' title='bbox 682 446 791 500; x_wconf 76' lang='grc' dir='ltr'><strong>Καὶ</strong></span> <span class='ocrx_word' id='word_1_23' title='bbox 820 446 954 501; x_wconf 82' lang='grc' dir='ltr'>ἔστι</span> <span class='ocrx_word' id='word_1_24' title='bbox 999 450 1141 516; x_wconf 82' lang='grc' dir='ltr'><strong>Θεὸς</strong></span> <span class='ocrx_word' id='word_1_25' title='bbox 1176 453 1459 521; x_wconf 72' lang='grc' dir='ltr'>ἀληθινὸς</span> <span class='ocrx_word' id='word_1_26' title='bbox 1491 461 1524 511; x_wconf 82' lang='grc' dir='ltr'><strong><em>ό</em></strong></span> <span class='ocrx_word' id='word_1_27' title='bbox 1544 458 1809 528; x_wconf 76' lang='grc' dir='ltr'><em>ἄσαρκος</em></span> <span class='ocrx_word' id='word_1_28' title='bbox 1829 464 1898 516; x_wconf 76' lang='grc' dir='ltr'><strong>ἐγ</strong></span> <span class='ocrx_word' id='word_1_29' title='bbox 1920 467 2101 534; x_wconf 75' lang='grc' dir='ltr'>σαρκὶ</span> 
     </span>
    </p>
   </div>
   <div class='ocr_carea' id='block_1_7' title="bbox 534 537 2101 622">
    <p class='ocr_par' dir='ltr' id='par_1_7' title="bbox 534 537 2101 622">
     <span class='ocr_line' id='line_1_7' title="bbox 534 537 2101 622; baseline 0.015 -34"><span class='ocrx_word' id='word_1_30' title='bbox 534 537 890 605; x_wconf 69' lang='grc' dir='ltr'>φανερωθεὶς</span> <span class='ocrx_word' id='word_1_31' title='bbox 912 579 927 604; x_wconf 94' lang='grc'>,</span> <span class='ocrx_word' id='word_1_32' title='bbox 988 539 1212 608; x_wconf 79' lang='grc' dir='ltr'>τέλειος</span> <span class='ocrx_word' id='word_1_33' title='bbox 1274 543 1348 614; x_wconf 77' lang='grc' dir='ltr'>τῇ</span> <span class='ocrx_word' id='word_1_34' title='bbox 1407 548 1665 619; x_wconf 74' lang='grc' dir='ltr'>ἀληθινῇ</span> <span class='ocrx_word' id='word_1_35' title='bbox 1713 554 1812 606; x_wconf 78' lang='grc' dir='ltr'><strong>καὶ</strong></span> <span class='ocrx_word' id='word_1_36' title='bbox 1858 556 1985 622; x_wconf 81' lang='grc' dir='ltr'>θείᾳ</span> <span class='ocrx_word' id='word_1_37' title='bbox 2010 574 2101 610; x_wconf 82' lang='grc' dir='ltr'>τε·</span> 
     </span>
    </p>
   </div>
   <div class='ocr_carea' id='block_1_8' title="bbox 532 628 2097 714">
    <p class='ocr_par' dir='ltr' id='par_1_8' title="bbox 532 628 2097 714">
     <span class='ocr_line' id='line_1_8' title="bbox 532 628 2097 714; baseline 0.015 -36"><span class='ocrx_word' id='word_1_38' title='bbox 532 628 820 696; x_wconf 73' lang='grc' dir='ltr'><strong>λειότητι,</strong></span> <span class='ocrx_word' id='word_1_39' title='bbox 859 632 931 684; x_wconf 83' lang='grc' dir='ltr'><strong>οὐ</strong></span> <span class='ocrx_word' id='word_1_40' title='bbox 966 629 1073 684; x_wconf 80' lang='grc' dir='ltr'><strong>δύο</strong></span> <span class='ocrx_word' id='word_1_41' title='bbox 1109 634 1416 700; x_wconf 79' lang='grc' dir='ltr'>πρόσωπα,</span> <span class='ocrx_word' id='word_1_42' title='bbox 1447 639 1586 693; x_wconf 85' lang='grc' dir='ltr'><strong>οὐδὲ</strong></span> <span class='ocrx_word' id='word_1_43' title='bbox 1609 641 1682 713; x_wconf 89' lang='grc'><strong>(8)</strong></span> <span class='ocrx_word' id='word_1_44' title='bbox 1715 642 1824 698; x_wconf 84' lang='grc' dir='ltr'>δύο</span> <span class='ocrx_word' id='word_1_45' title='bbox 1851 647 2097 714; x_wconf 71' lang='grc' dir='ltr'>φύσεις·</span> 
     </span>
    </p>
   </div>
   <div class='ocr_carea' id='block_1_9' title="bbox 531 716 2099 803">
    <p class='ocr_par' dir='ltr' id='par_1_9' title="bbox 531 716 2099 803">
     <span class='ocr_line' id='line_1_9' title="bbox 531 716 2099 803; baseline 0.015 -33"><span class='ocrx_word' id='word_1_46' title='bbox 531 716 674 772; x_wconf 76' lang='grc' dir='ltr'><strong>οὐδὲ</strong></span> <span class='ocrx_word' id='word_1_47' title='bbox 703 719 809 788; x_wconf 76' lang='grc' dir='ltr'>γὰρ</span> <span class='ocrx_word' id='word_1_48' title='bbox 848 719 1146 791; x_wconf 77' lang='grc' dir='ltr'>τέσσαρας</span> <span class='ocrx_word' id='word_1_49' title='bbox 1181 730 1546 792; x_wconf 76' lang='grc' dir='ltr'><strong>προσκυνεῖν</strong></span> <span class='ocrx_word' id='word_1_50' title='bbox 1571 731 1841 803; x_wconf 74' lang='grc' dir='ltr'>λέγομεν.</span> <span class='ocrx_word' id='word_1_51' title='bbox 1874 754 1893 789; x_wconf 77' lang='grc' dir='ltr'>ι</span> <span class='ocrx_word' id='word_1_52' title='bbox 1922 736 2099 792; x_wconf 88' lang='lat' dir='ltr'><strong>Testi-</strong></span> 
     </span>
    </p>
   </div>
   <div class='ocr_carea' id='block_1_10' title="bbox 531 809 2098 900">
    <p class='ocr_par' dir='ltr' id='par_1_10' title="bbox 531 809 2098 900">
     <span class='ocr_line' id='line_1_10' title="bbox 531 809 2098 900; baseline 0.015 -39"><span class='ocrx_word' id='word_1_53' title='bbox 531 809 773 863; x_wconf 93' lang='lat' dir='ltr'><strong>monium</strong></span> <span class='ocrx_word' id='word_1_54' title='bbox 803 812 947 880; x_wconf 92' lang='lat' dir='ltr'><strong>quod</strong></span> <span class='ocrx_word' id='word_1_55' title='bbox 978 811 1223 885; x_wconf 80' lang='lat' dir='ltr'><strong>Gregorii</strong></span> <span class='ocrx_word' id='word_1_56' title='bbox 1255 816 1643 895; x_wconf 89' lang='lat' dir='ltr'><strong>Thaumaturgi</strong></span> <span class='ocrx_word' id='word_1_57' title='bbox 1678 828 1897 883; x_wconf 88' lang='lat' dir='ltr'><strong>nomine</strong></span> <span class='ocrx_word' id='word_1_58' title='bbox 1925 831 2098 900; x_wconf 89' lang='lat' dir='ltr'><strong>subji-</strong></span> 
     </span>
    </p>
   </div>
   <div class='ocr_carea' id='block_1_11' title="bbox 531 898 2088 988">
    <p class='ocr_par' dir='ltr' id='par_1_11' title="bbox 531 898 2088 988">
     <span class='ocr_line' id='line_1_11' title="bbox 531 898 2088 988; baseline 0.017 -36"><span class='ocrx_word' id='word_1_59' title='bbox 531 900 688 962; x_wconf 90' lang='lat' dir='ltr'><strong>citur,</strong></span> <span class='ocrx_word' id='word_1_60' title='bbox 707 898 849 960; x_wconf 88' lang='lat' dir='ltr'><strong>illius</strong></span> <span class='ocrx_word' id='word_1_61' title='bbox 864 901 1080 970; x_wconf 84' lang='lat' dir='ltr'><strong>quidem</strong></span> <span class='ocrx_word' id='word_1_62' title='bbox 1105 920 1225 960; x_wconf 88' lang='lat' dir='ltr'><strong>esse</strong></span> <span class='ocrx_word' id='word_1_63' title='bbox 1247 908 1462 978; x_wconf 90' lang='lat' dir='ltr'><strong>dicitur,</strong></span> <span class='ocrx_word' id='word_1_64' title='bbox 1487 915 1580 968; x_wconf 91' lang='lat' dir='ltr'><strong>sed</strong></span> <span class='ocrx_word' id='word_1_65' title='bbox 1597 915 1928 985; x_wconf 83' lang='lat' dir='ltr'><strong>Apollinaris</strong></span> <span class='ocrx_word' id='word_1_66' title='bbox 1947 898 2088 988; x_wconf 83' lang='lat' dir='ltr'><strong>esse,</strong></span> 
     </span>
    </p>
   </div>
   <div class='ocr_carea' id='block_1_12' title="bbox 532 989 2090 1066">
    <p class='ocr_par' dir='ltr' id='par_1_12' title="bbox 532 989 2090 1066">
     <span class='ocr_line' id='line_1_12' title="bbox 532 989 2090 1066; baseline 0.015 -24"><span class='ocrx_word' id='word_1_67' title='bbox 532 989 836 1046; x_wconf 88' lang='lat' dir='ltr'><strong>absurditas</strong></span> <span class='ocrx_word' id='word_1_68' title='bbox 888 994 978 1048; x_wconf 88' lang='lat' dir='ltr'><strong>illa</strong></span> <span class='ocrx_word' id='word_1_69' title='bbox 1039 997 1326 1055; x_wconf 73' lang='lat' dir='ltr'><strong>manifeste</strong></span> <span class='ocrx_word' id='word_1_70' title='bbox 1390 1002 1647 1060; x_wconf 79' lang='lat' dir='ltr'><strong>declarat.</strong></span> <span class='ocrx_word' id='word_1_71' title='bbox 1683 993 1881 1064; x_wconf 75' lang='lat' dir='ltr'><strong>Habet</strong></span> <span class='ocrx_word' id='word_1_72' title='bbox 1915 1013 2090 1066; x_wconf 88' lang='lat' dir='ltr'><strong>enim:</strong></span> 
     </span>
    </p>
   </div>
   <div class='ocr_carea' id='block_1_13' title="bbox 529 1078 2094 1157">
    <p class='ocr_par' dir='ltr' id='par_1_13' title="bbox 529 1078 2094 1157">
     <span class='ocr_line' id='line_1_13' title="bbox 529 1078 2094 1157; baseline 0.017 -25"><span class='ocrx_word' id='word_1_73' title='bbox 529 1078 598 1133; x_wconf 84' lang='lat' dir='ltr'><strong>Et</strong></span> <span class='ocrx_word' id='word_1_74' title='bbox 627 1091 702 1135; x_wconf 76' lang='lat' dir='ltr'><strong>est</strong></span> <span class='ocrx_word' id='word_1_75' title='bbox 735 1099 882 1136; x_wconf 77' lang='lat' dir='ltr'><strong>verus</strong></span> <span class='ocrx_word' id='word_1_76' title='bbox 910 1084 1067 1152; x_wconf 83' lang='lat' dir='ltr'><strong>Deus,</strong></span> <span class='ocrx_word' id='word_1_77' title='bbox 1090 1089 1181 1157; x_wconf 87' lang='lat' dir='ltr'><strong>qui</strong></span> <span class='ocrx_word' id='word_1_78' title='bbox 1209 1105 1328 1142; x_wconf 90' lang='lat' dir='ltr'><strong>cum</strong></span> <span class='ocrx_word' id='word_1_79' title='bbox 1351 1104 1483 1146; x_wconf 75' lang='lat' dir='ltr'><strong>esset</strong></span> <span class='ocrx_word' id='word_1_80' title='bbox 1503 1097 1615 1150; x_wconf 84' lang='lat' dir='ltr'><strong>sine</strong></span> <span class='ocrx_word' id='word_1_81' title='bbox 1639 1114 1795 1153; x_wconf 88' lang='lat' dir='ltr'><strong>carne</strong></span> <span class='ocrx_word' id='word_1_82' title='bbox 1849 1102 1903 1154; x_wconf 87' lang='lat' dir='ltr'><strong>in</strong></span> <span class='ocrx_word' id='word_1_83' title='bbox 1938 1119 2094 1157; x_wconf 85' lang='lat' dir='ltr'><strong>carne</strong></span> 
     </span>
    </p>
   </div>
   <div class='ocr_carea' id='block_1_14' title="bbox 527 1174 2091 1258">
    <p class='ocr_par' dir='ltr' id='par_1_14' title="bbox 527 1174 2091 1258">
     <span class='ocr_line' id='line_1_14' title="bbox 527 1174 2091 1258; baseline 0.017 -36"><span class='ocrx_word' id='word_1_84' title='bbox 527 1174 794 1240; x_wconf 81' lang='lat' dir='ltr'><strong>apparuit,</strong></span> <span class='ocrx_word' id='word_1_85' title='bbox 848 1176 1106 1244; x_wconf 79' lang='lat' dir='ltr'><strong>perfectus</strong></span> <span class='ocrx_word' id='word_1_86' title='bbox 1155 1195 1273 1233; x_wconf 85' lang='lat' dir='ltr'><strong>vera</strong></span> <span class='ocrx_word' id='word_1_87' title='bbox 1311 1181 1588 1254; x_wconf 79' lang='lat' dir='ltr'><strong>divinaque</strong></span> <span class='ocrx_word' id='word_1_88' title='bbox 1616 1191 1948 1258; x_wconf 60' lang='lat' dir='ltr'><strong>perfectione,</strong></span> <span class='ocrx_word' id='word_1_89' title='bbox 1989 1211 2091 1247; x_wconf 84' lang='lat' dir='ltr'><strong>non</strong></span> 
     </span>
    </p>
   </div>
   <div class='ocr_carea' id='block_1_15' title="bbox 523 1265 2092 1354">
    <p class='ocr_par' dir='ltr' id='par_1_15' title="bbox 523 1265 2092 1354">
     <span class='ocr_line' id='line_1_15' title="bbox 523 1265 2092 1354; baseline 0.015 -37"><span class='ocrx_word' id='word_1_90' title='bbox 523 1265 643 1319; x_wconf 71' lang='lat' dir='ltr'><strong>dua:</strong></span> <span class='ocrx_word' id='word_1_91' title='bbox 660 1283 914 1336; x_wconf 68' lang='lat' dir='ltr'><strong>persona,</strong></span> <span class='ocrx_word' id='word_1_92' title='bbox 931 1286 1089 1340; x_wconf 86' lang='lat' dir='ltr'><strong>neque</strong></span> <span class='ocrx_word' id='word_1_93' title='bbox 1108 1271 1227 1326; x_wconf 77' lang='lat' dir='ltr'><strong>dua:</strong></span> <span class='ocrx_word' id='word_1_94' title='bbox 1254 1285 1472 1341; x_wconf 63' lang='lat' dir='ltr'><strong>naturae,</strong></span> <span class='ocrx_word' id='word_1_95' title='bbox 1513 1295 1672 1350; x_wconf 86' lang='lat' dir='ltr'><strong>neque</strong></span> <span class='ocrx_word' id='word_1_96' title='bbox 1704 1284 1840 1336; x_wconf 88' lang='lat' dir='ltr'><strong>enim</strong></span> <span class='ocrx_word' id='word_1_97' title='bbox 1865 1295 2092 1354; x_wconf 80' lang='lat' dir='ltr'><strong>quatuor</strong></span> 
     </span>
    </p>
   </div>
   <div class='ocr_carea' id='block_1_16' title="bbox 523 1357 2087 1443">
    <p class='ocr_par' dir='ltr' id='par_1_16' title="bbox 523 1357 2087 1443">
     <span class='ocr_line' id='line_1_16' title="bbox 523 1357 2087 1443; baseline 0.015 -34"><span class='ocrx_word' id='word_1_98' title='bbox 523 1357 746 1413; x_wconf 87' lang='lat' dir='ltr'><strong>adorare</strong></span> <span class='ocrx_word' id='word_1_99' title='bbox 778 1361 1024 1416; x_wconf 79' lang='lat' dir='ltr'><strong>dicimus.</strong></span> <span class='ocrx_word' id='word_1_100' title='bbox 1053 1380 1072 1413; x_wconf 83' lang='grc' dir='ltr'>ι</span> <span class='ocrx_word' id='word_1_101' title='bbox 1121 1360 1246 1418; x_wconf 68' lang='lat' dir='ltr'><strong>llaec</strong></span> <span class='ocrx_word' id='word_1_102' title='bbox 1273 1374 1453 1421; x_wconf 89' lang='lat' dir='ltr'><strong>autem</strong></span> <span class='ocrx_word' id='word_1_103' title='bbox 1489 1371 1649 1425; x_wconf 85' lang='lat' dir='ltr'><strong>verba</strong></span> <span class='ocrx_word' id='word_1_104' title='bbox 1682 1373 1828 1443; x_wconf 82' lang='lat' dir='ltr'><strong>leges</strong></span> <span class='ocrx_word' id='word_1_105' title='bbox 1862 1378 2087 1433; x_wconf 92' lang='lat' dir='ltr'><strong>omnino</strong></span> 
     </span>
    </p>
   </div>
   <div class='ocr_carea' id='block_1_17' title="bbox 522 1448 2082 1537">
    <p class='ocr_par' dir='ltr' id='par_1_17' title="bbox 522 1448 2082 1537">
     <span class='ocr_line' id='line_1_17' title="bbox 522 1448 2082 1537; baseline 0.013 -35"><span class='ocrx_word' id='word_1_106' title='bbox 522 1448 577 1502; x_wconf 91' lang='lat' dir='ltr'><strong>in</strong></span> <span class='ocrx_word' id='word_1_107' title='bbox 611 1451 853 1506; x_wconf 83' lang='lat' dir='ltr'><strong>editione</strong></span> <span class='ocrx_word' id='word_1_108' title='bbox 895 1450 1189 1509; x_wconf 87' lang='lat' dir='ltr'><strong>Parisiensi</strong></span> <span class='ocrx_word' id='word_1_109' title='bbox 1235 1453 1628 1532; x_wconf 86' lang='lat' dir='ltr'><strong>Thaumaturgi</strong></span> <span class='ocrx_word' id='word_1_110' title='bbox 1679 1479 1802 1535; x_wconf 86' lang='lat' dir='ltr'><strong>pag.</strong></span> <span class='ocrx_word' id='word_1_111' title='bbox 1840 1467 1936 1520; x_wconf 80' lang='lat' dir='ltr'><strong>iOl</strong></span> <span class='ocrx_word' id='word_1_112' title='bbox 1986 1468 2082 1537; x_wconf 87' lang='lat'><strong>(9).</strong></span> 
     </span>
    </p>
   </div>
   <div class='ocr_carea' id='block_1_18' title="bbox 519 1539 2084 1621">
    <p class='ocr_par' dir='ltr' id='par_1_18' title="bbox 519 1539 2084 1621">
     <span class='ocr_line' id='line_1_18' title="bbox 519 1539 2084 1621; baseline 0.012 -27"><span class='ocrx_word' id='word_1_113' title='bbox 519 1539 769 1596; x_wconf 78' lang='lat' dir='ltr'><strong>Monachi</strong></span> <span class='ocrx_word' id='word_1_114' title='bbox 813 1542 940 1597; x_wconf 91' lang='lat' dir='ltr'><strong>item</strong></span> <span class='ocrx_word' id='word_1_115' title='bbox 968 1543 1268 1601; x_wconf 64' lang='lat' dir='ltr'><strong>Palwstinze</strong></span> <span class='ocrx_word' id='word_1_116' title='bbox 1309 1549 1364 1602; x_wconf 92' lang='lat' dir='ltr'><strong>in</strong></span> <span class='ocrx_word' id='word_1_117' title='bbox 1407 1552 1632 1621; x_wconf 85' lang='lat' dir='ltr'><strong>epistola</strong></span> <span class='ocrx_word' id='word_1_118' title='bbox 1683 1557 1749 1610; x_wconf 87' lang='lat' dir='ltr'><strong>ad</strong></span> <span class='ocrx_word' id='word_1_119' title='bbox 1776 1557 2084 1615; x_wconf 85' lang='lat' dir='ltr'><strong>Alcisonem</strong></span> 
     </span>
    </p>
   </div>
   <div class='ocr_carea' id='block_1_19' title="bbox 519 1632 2082 1722">
    <p class='ocr_par' dir='ltr' id='par_1_19' title="bbox 519 1632 2082 1722">
     <span class='ocr_line' id='line_1_19' title="bbox 519 1632 2082 1722; baseline 0.013 -37"><span class='ocrx_word' id='word_1_120' title='bbox 519 1633 660 1702; x_wconf 88' lang='lat' dir='ltr'><strong>apud</strong></span> <span class='ocrx_word' id='word_1_121' title='bbox 700 1632 987 1704; x_wconf 81' lang='lat' dir='ltr'><strong>Evagrium</strong></span> <span class='ocrx_word' id='word_1_122' title='bbox 1039 1639 1133 1692; x_wconf 87' lang='lat' dir='ltr'><strong>lib.</strong></span> <span class='ocrx_word' id='word_1_123' title='bbox 1185 1655 1285 1703; x_wconf 85' lang='grc' dir='ltr'>ιιι,</span> <span class='ocrx_word' id='word_1_124' title='bbox 1332 1657 1451 1712; x_wconf 87' lang='lat' dir='ltr'><strong>cap.</strong></span> <span class='ocrx_word' id='word_1_125' title='bbox 1493 1645 1581 1698; x_wconf 73' lang='lat' dir='ltr'><strong>Si:</strong></span> <span class='ocrx_word' id='word_1_126' title='bbox 1619 1647 1730 1700; x_wconf 79' lang='grc' dir='ltr'><strong>Καὶ</strong></span> <span class='ocrx_word' id='word_1_127' title='bbox 1764 1649 1824 1702; x_wconf 83' lang='grc' dir='ltr'>οὐ</span> <span class='ocrx_word' id='word_1_128' title='bbox 1868 1648 2082 1722; x_wconf 77' lang='grc' dir='ltr'>θαῦμαο</span> 
     </span>
    </p>
   </div>
   <div class='ocr_carea' id='block_1_20' title="bbox 518 1721 2520 1810">
    <p class='ocr_par' dir='ltr' id='par_1_20' title="bbox 518 1721 2520 1810">
     <span class='ocr_line' id='line_1_20' title="bbox 518 1721 2520 1810; baseline 0.011 -38"><span class='ocrx_word' id='word_1_129' title='bbox 518 1721 618 1774; x_wconf 71' lang='grc' dir='ltr'>καὶ</span> <span class='ocrx_word' id='word_1_130' title='bbox 655 1722 762 1793; x_wconf 69' lang='grc' dir='ltr'><strong>γὰρ</strong></span> <span class='ocrx_word' id='word_1_131' title='bbox 789 1725 882 1777; x_wconf 77' lang='grc' dir='ltr'>καὶ</span> <span class='ocrx_word' id='word_1_132' title='bbox 913 1724 1104 1794; x_wconf 81' lang='grc' dir='ltr'><strong>λόγους</strong></span> <span class='ocrx_word' id='word_1_133' title='bbox 1136 1729 1394 1803; x_wconf 82' lang='grc' dir='ltr'>Πατέρων</span> <span class='ocrx_word' id='word_1_134' title='bbox 1434 1733 1691 1797; x_wconf 84' lang='grc' dir='ltr'><strong>πολλάκις</strong></span> <span class='ocrx_word' id='word_1_135' title='bbox 1723 1721 2082 1795; x_wconf 77' lang='grc' dir='ltr'>νενοθεύκασιο</span> <span class='ocrx_word' id='word_1_136' title='bbox 2115 1728 2158 1782; x_wconf 82' lang='grc' dir='ltr'><strong>Β</strong></span> <span class='ocrx_word' id='word_1_137' title='bbox 2187 1738 2520 1810; x_wconf 81' lang='grc' dir='ltr'>καρίζοντες.</span> 
     </span>
    </p>
   </div>
   <div class='ocr_carea' id='block_1_21' title="bbox 517 1810 2085 1900">
    <p class='ocr_par' dir='ltr' id='par_1_21' title="bbox 517 1810 2085 1900">
     <span class='ocr_line' id='line_1_21' title="bbox 517 1810 2085 1900; baseline 0.016 -39"><span class='ocrx_word' id='word_1_138' title='bbox 517 1810 746 1876; x_wconf 77' lang='grc' dir='ltr'>πολλοὺς</span> <span class='ocrx_word' id='word_1_139' title='bbox 817 1813 874 1866; x_wconf 81' lang='grc' dir='ltr'>δὲ</span> <span class='ocrx_word' id='word_1_140' title='bbox 935 1816 1336 1890; x_wconf 84' lang='grc' dir='ltr'>Ἀπολλιναρίου</span> <span class='ocrx_word' id='word_1_141' title='bbox 1393 1822 1582 1892; x_wconf 83' lang='grc' dir='ltr'>λόγους</span> <span class='ocrx_word' id='word_1_142' title='bbox 1642 1826 1940 1900; x_wconf 86' lang='grc' dir='ltr'>Ἀθανασίῳ</span> <span class='ocrx_word' id='word_1_143' title='bbox 1991 1833 2085 1885; x_wconf 80' lang='grc' dir='ltr'>καὶ</span> 
     </span>
    </p>
   </div>
   <div class='ocr_carea' id='block_1_22' title="bbox 515 1904 2084 1990">
    <p class='ocr_par' dir='ltr' id='par_1_22' title="bbox 515 1904 2084 1990">
     <span class='ocr_line' id='line_1_22' title="bbox 515 1904 2084 1990; baseline 0.013 -34"><span class='ocrx_word' id='word_1_144' title='bbox 515 1904 800 1976; x_wconf 81' lang='grc' dir='ltr'>Γρηγορίῳ</span> <span class='ocrx_word' id='word_1_145' title='bbox 842 1906 921 1978; x_wconf 81' lang='grc' dir='ltr'>τῷ</span> <span class='ocrx_word' id='word_1_146' title='bbox 964 1908 1392 1985; x_wconf 80' lang='grc' dir='ltr'>Θαυματουργῷ,</span> <span class='ocrx_word' id='word_1_147' title='bbox 1442 1916 1536 1969; x_wconf 81' lang='grc' dir='ltr'><strong>καὶ</strong></span> <span class='ocrx_word' id='word_1_148' title='bbox 1589 1918 1824 1990; x_wconf 79' lang='grc' dir='ltr'><strong>Ἰουλίῳ,</strong></span> <span class='ocrx_word' id='word_1_149' title='bbox 1858 1921 1949 1976; x_wconf 84' lang='grc' dir='ltr'>διὰ</span> <span class='ocrx_word' id='word_1_150' title='bbox 1977 1923 2084 1977; x_wconf 83' lang='grc' dir='ltr'>τῶν</span> 
     </span>
    </p>
   </div>
   <div class='ocr_carea' id='block_1_23' title="bbox 513 1995 2084 2078">
    <p class='ocr_par' dir='ltr' id='par_1_23' title="bbox 513 1995 2084 2078">
     <span class='ocr_line' id='line_1_23' title="bbox 513 1995 2084 2078; baseline 0.013 -32"><span class='ocrx_word' id='word_1_151' title='bbox 513 1995 831 2068; x_wconf 75' lang='grc' dir='ltr'>ἐπιγραφῶν</span> <span class='ocrx_word' id='word_1_152' title='bbox 877 2001 1316 2069; x_wconf 80' lang='grc' dir='ltr'>ἀνατεθείκασιν,</span> <span class='ocrx_word' id='word_1_153' title='bbox 1373 1999 1454 2070; x_wconf 76' lang='grc' dir='ltr'><strong>οἷς</strong></span> <span class='ocrx_word' id='word_1_154' title='bbox 1496 2007 1728 2078; x_wconf 79' lang='grc' dir='ltr'>μάλιστα</span> <span class='ocrx_word' id='word_1_155' title='bbox 1779 2011 1905 2076; x_wconf 80' lang='grc' dir='ltr'>τοὺς</span> <span class='ocrx_word' id='word_1_156' title='bbox 1954 2013 2084 2066; x_wconf 82' lang='grc' dir='ltr'>πολ-</span> 
     </span>
    </p>
   </div>
   <div class='ocr_carea' id='block_1_24' title="bbox 511 2086 2080 2169">
    <p class='ocr_par' dir='ltr' id='par_1_24' title="bbox 511 2086 2080 2169">
     <span class='ocr_line' id='line_1_24' title="bbox 511 2086 2080 2169; baseline 0.013 -30"><span class='ocrx_word' id='word_1_157' title='bbox 511 2086 634 2151; x_wconf 78' lang='grc' dir='ltr'>λοὺς</span> <span class='ocrx_word' id='word_1_158' title='bbox 681 2089 814 2160; x_wconf 87' lang='grc' dir='ltr'>πρὸς</span> <span class='ocrx_word' id='word_1_159' title='bbox 846 2089 945 2154; x_wconf 83' lang='grc' dir='ltr'><strong>τὰς</strong></span> <span class='ocrx_word' id='word_1_160' title='bbox 979 2092 1114 2157; x_wconf 76' lang='grc' dir='ltr'>ἰδίας</span> <span class='ocrx_word' id='word_1_161' title='bbox 1147 2095 1398 2160; x_wconf 74' lang='grc' dir='ltr'>ἀσεϐείας</span> <span class='ocrx_word' id='word_1_162' title='bbox 1433 2097 1856 2169; x_wconf 76' lang='grc' dir='ltr'>σφετερίζονται.</span> <span class='ocrx_word' id='word_1_163' title='bbox 1917 2121 1937 2155; x_wconf 72' lang='grc' dir='ltr'>ι</span> <span class='ocrx_word' id='word_1_164' title='bbox 1971 2103 2080 2161; x_wconf 84' lang='lat' dir='ltr'><strong>Nec</strong></span> 
     </span>
    </p>
   </div>
   <div class='ocr_carea' id='block_1_25' title="bbox 510 2178 2080 2248">
    <p class='ocr_par' dir='ltr' id='par_1_25' title="bbox 510 2178 2080 2248">
     <span class='ocr_line' id='line_1_25' title="bbox 510 2178 2080 2248; baseline 0.011 -19"><span class='ocrx_word' id='word_1_165' title='bbox 510 2178 668 2246; x_wconf 89' lang='lat' dir='ltr'><strong>plane</strong></span> <span class='ocrx_word' id='word_1_166' title='bbox 707 2180 927 2234; x_wconf 91' lang='lat' dir='ltr'><strong>mirum.</strong></span> <span class='ocrx_word' id='word_1_167' title='bbox 983 2179 1196 2237; x_wconf 84' lang='lat' dir='ltr'><strong>Etenim</strong></span> <span class='ocrx_word' id='word_1_168' title='bbox 1255 2194 1572 2241; x_wconf 89' lang='lat' dir='ltr'><strong>sanctorum</strong></span> <span class='ocrx_word' id='word_1_169' title='bbox 1627 2187 1847 2244; x_wconf 82' lang='lat' dir='ltr'><strong>Patrum</strong></span> <span class='ocrx_word' id='word_1_170' title='bbox 1909 2191 2080 2248; x_wconf 88' lang='lat' dir='ltr'><strong>libros</strong></span> 
     </span>
    </p>
   </div>
   <div class='ocr_carea' id='block_1_26' title="bbox 513 2269 2077 2346">
    <p class='ocr_par' dir='ltr' id='par_1_26' title="bbox 513 2269 2077 2346">
     <span class='ocr_line' id='line_1_26' title="bbox 513 2269 2077 2346; baseline 0.011 -25"><span class='ocrx_word' id='word_1_171' title='bbox 513 2283 655 2337; x_wconf 69' lang='lat' dir='ltr'><strong>saepe</strong></span> <span class='ocrx_word' id='word_1_172' title='bbox 697 2269 1098 2339; x_wconf 79' lang='lat' dir='ltr'><strong>depravarunt,</strong></span> <span class='ocrx_word' id='word_1_173' title='bbox 1159 2274 1468 2346; x_wconf 89' lang='lat' dir='ltr'><strong>multosque</strong></span> <span class='ocrx_word' id='word_1_174' title='bbox 1517 2277 1853 2346; x_wconf 84' lang='lat' dir='ltr'><strong>Apollinaris</strong></span> <span class='ocrx_word' id='word_1_175' title='bbox 1907 2281 2077 2338; x_wconf 84' lang='lat' dir='ltr'><strong>libros</strong></span> 
     </span>
    </p>
   </div>
   <div class='ocr_carea' id='block_1_27' title="bbox 507 2357 2077 2443">
    <p class='ocr_par' dir='ltr' id='par_1_27' title="bbox 507 2357 2077 2443">
     <span class='ocr_line' id='line_1_27' title="bbox 507 2357 2077 2443; baseline 0.013 -33"><span class='ocrx_word' id='word_1_176' title='bbox 507 2357 826 2427; x_wconf 86' lang='lat' dir='ltr'><strong>Athanasio,</strong></span> <span class='ocrx_word' id='word_1_177' title='bbox 855 2362 1117 2433; x_wconf 81' lang='lat' dir='ltr'><strong>Gregorio</strong></span> <span class='ocrx_word' id='word_1_178' title='bbox 1153 2375 1514 2436; x_wconf 90' lang='lat' dir='ltr'><strong>cognomento</strong></span> <span class='ocrx_word' id='word_1_179' title='bbox 1544 2367 1979 2443; x_wconf 86' lang='lat' dir='ltr'><strong>Thaumaturgo,</strong></span> <span class='ocrx_word' id='word_1_180' title='bbox 2023 2385 2077 2430; x_wconf 80' lang='lat' dir='ltr'><strong>et</strong></span> 
     </span>
    </p>
   </div>
   <div class='ocr_carea' id='block_1_28' title="bbox 505 2448 2072 2532">
    <p class='ocr_par' dir='ltr' id='par_1_28' title="bbox 505 2448 2072 2532">
     <span class='ocr_line' id='line_1_28' title="bbox 505 2448 2072 2532; baseline 0.011 -29"><span class='ocrx_word' id='word_1_181' title='bbox 505 2448 688 2516; x_wconf 89' lang='lat' dir='ltr'><strong>Julio,</strong></span> <span class='ocrx_word' id='word_1_182' title='bbox 751 2451 1200 2523; x_wconf 85' lang='lat' dir='ltr'><strong>inscriptionibus</strong></span> <span class='ocrx_word' id='word_1_183' title='bbox 1267 2461 1616 2515; x_wconf 86' lang='lat' dir='ltr'><strong>commutatis</strong></span> <span class='ocrx_word' id='word_1_184' title='bbox 1666 2463 2072 2532; x_wconf 83' lang='lat' dir='ltr'><strong>attribuerunt,</strong></span> 
     </span>
    </p>
   </div>
   <div class='ocr_carea' id='block_1_29' title="bbox 505 2541 2072 2624">
    <p class='ocr_par' dir='ltr' id='par_1_29' title="bbox 505 2541 2072 2624">
     <span class='ocr_line' id='line_1_29' title="bbox 505 2541 2072 2624; baseline 0.011 -32"><span class='ocrx_word' id='word_1_185' title='bbox 505 2541 704 2610; x_wconf 85' lang='lat' dir='ltr'><strong>quibus</strong></span> <span class='ocrx_word' id='word_1_186' title='bbox 743 2544 961 2613; x_wconf 82' lang='lat' dir='ltr'><strong>quidem</strong></span> <span class='ocrx_word' id='word_1_187' title='bbox 1011 2546 1165 2602; x_wconf 90' lang='lat' dir='ltr'><strong>libris</strong></span> <span class='ocrx_word' id='word_1_188' title='bbox 1216 2547 1480 2616; x_wconf 89' lang='lat' dir='ltr'><strong>plurimos</strong></span> <span class='ocrx_word' id='word_1_189' title='bbox 1540 2551 1595 2605; x_wconf 93' lang='lat' dir='ltr'><strong>in</strong></span> <span class='ocrx_word' id='word_1_190' title='bbox 1637 2567 1796 2608; x_wconf 90' lang='lat' dir='ltr'><strong>suum</strong></span> <span class='ocrx_word' id='word_1_191' title='bbox 1844 2556 2072 2624; x_wconf 89' lang='lat' dir='ltr'><strong>impium</strong></span> 
     </span>
    </p>
   </div>
   <div class='ocr_carea' id='block_1_30' title="bbox 468 2634 2074 2702">
    <p class='ocr_par' dir='ltr' id='par_1_30' title="bbox 468 2634 2074 2702">
     <span class='ocr_line' id='line_1_30' title="bbox 468 2634 2074 2702; baseline 0.009 -16"><span class='ocrx_word' id='word_1_192' title='bbox 468 2634 473 2638; x_wconf 74' lang='grc'><strong><em>’</em></strong></span> <span class='ocrx_word' id='word_1_193' title='bbox 503 2648 746 2688; x_wconf 90' lang='lat' dir='ltr'><strong>errorem</strong></span> <span class='ocrx_word' id='word_1_194' title='bbox 782 2635 1066 2691; x_wconf 89' lang='lat' dir='ltr'><strong>inducunt.</strong></span> <span class='ocrx_word' id='word_1_195' title='bbox 1101 2657 1120 2690; x_wconf 80' lang='grc' dir='ltr'>ι</span> <span class='ocrx_word' id='word_1_196' title='bbox 1172 2637 1238 2694; x_wconf 89' lang='grc' dir='ltr'>Ει</span> <span class='ocrx_word' id='word_1_197' title='bbox 1261 2651 1453 2695; x_wconf 84' lang='lat' dir='ltr'><strong>auctor</strong></span> <span class='ocrx_word' id='word_1_198' title='bbox 1487 2641 1622 2699; x_wconf 79' lang='lat' dir='ltr'><strong>Vita:</strong></span> <span class='ocrx_word' id='word_1_199' title='bbox 1647 2648 1820 2700; x_wconf 82' lang='lat' dir='ltr'><strong>sancti</strong></span> <span class='ocrx_word' id='word_1_200' title='bbox 1849 2646 2074 2702; x_wconf 63' lang='lat' dir='ltr'><strong>Maximi</strong></span> 
     </span>
    </p>
   </div>
   <div class='ocr_carea' id='block_1_31' title="bbox 503 2727 2070 2806">
    <p class='ocr_par' dir='ltr' id='par_1_31' title="bbox 503 2727 2070 2806">
     <span class='ocr_line' id='line_1_31' title="bbox 503 2727 2070 2806; baseline 0.01 -28"><span class='ocrx_word' id='word_1_201' title='bbox 503 2727 841 2798; x_wconf 78' lang='lat' dir='ltr'><strong>homologetaz</strong></span> <span class='ocrx_word' id='word_1_202' title='bbox 885 2729 994 2798; x_wconf 91' lang='lat' dir='ltr'><strong>(ed.</strong></span> <span class='ocrx_word' id='word_1_203' title='bbox 1044 2729 1358 2796; x_wconf 89' lang='lat' dir='ltr'><strong>Combelis.,</strong></span> <span class='ocrx_word' id='word_1_204' title='bbox 1413 2741 1453 2787; x_wconf 90' lang='lat' dir='ltr'><strong>t.</strong></span> <span class='ocrx_word' id='word_1_205' title='bbox 1482 2733 1541 2796; x_wconf 87' lang='lat' dir='ltr'><strong>l.</strong></span> <span class='ocrx_word' id='word_1_206' title='bbox 1592 2736 1795 2806; x_wconf 71' lang='lat' dir='ltr'><strong>p.11):</strong></span> <span class='ocrx_word' id='word_1_207' title='bbox 1834 2737 1898 2790; x_wconf 85' lang='grc' dir='ltr'>Τί</span> <span class='ocrx_word' id='word_1_208' title='bbox 1941 2734 2070 2806; x_wconf 81' lang='grc' dir='ltr'><strong>οὗν;</strong></span> 
     </span>
    </p>
   </div>
   <div class='ocr_carea' id='block_1_32' title="bbox 503 2820 2069 2898">
    <p class='ocr_par' dir='ltr' id='par_1_32' title="bbox 503 2820 2069 2898">
     <span class='ocr_line' id='line_1_32' title="bbox 503 2820 2069 2898; baseline 0.01 -27"><span class='ocrx_word' id='word_1_209' title='bbox 503 2820 577 2871; x_wconf 78' lang='grc' dir='ltr'><strong>οὐ</strong></span> <span class='ocrx_word' id='word_1_210' title='bbox 613 2820 742 2892; x_wconf 79' lang='grc' dir='ltr'><strong>δέχῃ</strong></span> <span class='ocrx_word' id='word_1_211' title='bbox 770 2821 897 2892; x_wconf 90' lang='grc' dir='ltr'>μίαν</span> <span class='ocrx_word' id='word_1_212' title='bbox 926 2821 1206 2895; x_wconf 79' lang='grc' dir='ltr'>ἐνέργειαν</span> <span class='ocrx_word' id='word_1_213' title='bbox 1243 2823 1352 2878; x_wconf 85' lang='grc' dir='ltr'><strong>τῶν</strong></span> <span class='ocrx_word' id='word_1_214' title='bbox 1402 2825 1670 2898; x_wconf 81' lang='grc' dir='ltr'><strong>ἐκκρίτων</strong></span> <span class='ocrx_word' id='word_1_215' title='bbox 1707 2829 2069 2898; x_wconf 84' lang='grc' dir='ltr'>διδασκάλων;</span> 
     </span>
    </p>
   </div>
   <div class='ocr_carea' id='block_1_33' title="bbox 502 2907 2070 2992">
    <p class='ocr_par' dir='ltr' id='par_1_33' title="bbox 502 2907 2070 2992">
     <span class='ocr_line' id='line_1_33' title="bbox 502 2907 2070 2992; baseline 0.011 -34"><span class='ocrx_word' id='word_1_216' title='bbox 502 2907 611 2960; x_wconf 75' lang='grc' dir='ltr'>Καὶ</span> <span class='ocrx_word' id='word_1_217' title='bbox 659 2908 832 2978; x_wconf 75' lang='grc' dir='ltr'>ἧγαγε</span> <span class='ocrx_word' id='word_1_218' title='bbox 880 2908 1151 2974; x_wconf 79' lang='grc' dir='ltr'><strong>Θεοδόσιος</strong></span> <span class='ocrx_word' id='word_1_219' title='bbox 1199 2911 1298 2976; x_wconf 82' lang='grc' dir='ltr'>τὰς</span> <span class='ocrx_word' id='word_1_220' title='bbox 1344 2912 1709 2987; x_wconf 75' lang='grc' dir='ltr'><strong>ψευδωνύμως</strong></span> <span class='ocrx_word' id='word_1_221' title='bbox 1742 2922 1868 2992; x_wconf 81' lang='grc' dir='ltr'>παρ’</span> <span class='ocrx_word' id='word_1_222' title='bbox 1892 2921 2070 2975; x_wconf 83' lang='grc' dir='ltr'>αὐτῶν</span> 
     </span>
    </p>
   </div>
   <div class='ocr_carea' id='block_1_34' title="bbox 2204 470 3762 546">
    <p class='ocr_par' dir='ltr' id='par_1_34' title="bbox 2204 470 3762 546">
     <span class='ocr_line' id='line_1_34' title="bbox 2204 470 3762 546; baseline 0.006 -24"><span class='ocrx_word' id='word_1_223' title='bbox 2204 478 2412 524; x_wconf 90' lang='lat' dir='ltr'><strong>tantum</strong></span> <span class='ocrx_word' id='word_1_224' title='bbox 2445 470 2570 525; x_wconf 86' lang='lat' dir='ltr'><strong>ﬁdei</strong></span> <span class='ocrx_word' id='word_1_225' title='bbox 2600 472 2995 541; x_wconf 76' lang='lat' dir='ltr'><strong>expositionem</strong></span> <span class='ocrx_word' id='word_1_226' title='bbox 3025 489 3055 528; x_wconf 88' lang='lat' dir='ltr'><strong>a</strong></span> <span class='ocrx_word' id='word_1_227' title='bbox 3079 473 3485 546; x_wconf 87' lang='lat' dir='ltr'><strong>Thaumaturgo</strong></span> <span class='ocrx_word' id='word_1_228' title='bbox 3512 481 3762 534; x_wconf 80' lang='lat' dir='ltr'><strong>conscri-</strong></span> 
     </span>
    </p>
   </div>
   <div class='ocr_carea' id='block_1_35' title="bbox 2201 559 3769 634">
    <p class='ocr_par' dir='ltr' id='par_1_35' title="bbox 2201 559 3769 634">
     <span class='ocr_line' id='line_1_35' title="bbox 2201 559 3769 634; baseline 0.008 -23"><span class='ocrx_word' id='word_1_229' title='bbox 2201 567 2348 628; x_wconf 90' lang='lat' dir='ltr'><strong>ptam</strong></span> <span class='ocrx_word' id='word_1_230' title='bbox 2394 559 2596 627; x_wconf 81' lang='lat' dir='ltr'><strong>fuisse;</strong></span> <span class='ocrx_word' id='word_1_231' title='bbox 2649 570 2745 615; x_wconf 89' lang='lat' dir='ltr'><strong>aut</strong></span> <span class='ocrx_word' id='word_1_232' title='bbox 2783 577 2924 628; x_wconf 90' lang='lat' dir='ltr'><strong>eam,</strong></span> <span class='ocrx_word' id='word_1_233' title='bbox 2965 562 3030 617; x_wconf 86' lang='lat' dir='ltr'><strong>de</strong></span> <span class='ocrx_word' id='word_1_234' title='bbox 3069 579 3175 632; x_wconf 87' lang='lat' dir='ltr'><strong>qua</strong></span> <span class='ocrx_word' id='word_1_235' title='bbox 3221 566 3331 634; x_wconf 88' lang='lat' dir='ltr'><strong>agit</strong></span> <span class='ocrx_word' id='word_1_236' title='bbox 3360 567 3616 632; x_wconf 85' lang='lat' dir='ltr'><strong>Basilius,</strong></span> <span class='ocrx_word' id='word_1_237' title='bbox 3653 584 3769 626; x_wconf 85' lang='lat' dir='ltr'><strong>non</strong></span> 
     </span>
    </p>
   </div>
   <div class='ocr_carea' id='block_1_36' title="bbox 2200 649 3743 724">
    <p class='ocr_par' dir='ltr' id='par_1_36' title="bbox 2200 649 3743 724">
     <span class='ocr_line' id='line_1_36' title="bbox 2200 649 3743 724; baseline 0.006 -22"><span class='ocrx_word' id='word_1_238' title='bbox 2200 649 2363 702; x_wconf 89' lang='lat' dir='ltr'><strong>aliam</strong></span> <span class='ocrx_word' id='word_1_239' title='bbox 2410 665 2531 704; x_wconf 89' lang='lat' dir='ltr'><strong>esse</strong></span> <span class='ocrx_word' id='word_1_240' title='bbox 2570 666 2732 719; x_wconf 87' lang='lat' dir='ltr'><strong>quam</strong></span> <span class='ocrx_word' id='word_1_241' title='bbox 2779 651 2925 706; x_wconf 89' lang='lat' dir='ltr'><strong>illam</strong></span> <span class='ocrx_word' id='word_1_242' title='bbox 2964 667 3128 722; x_wconf 88' lang='lat' dir='ltr'><strong>quam</strong></span> <span class='ocrx_word' id='word_1_243' title='bbox 3168 651 3396 709; x_wconf 81' lang='lat' dir='ltr'><strong>Vossius</strong></span> <span class='ocrx_word' id='word_1_244' title='bbox 3443 656 3743 724; x_wconf 83' lang='lat' dir='ltr'><strong>publicavit</strong></span> 
     </span>
    </p>
   </div>
   <div class='ocr_carea' id='block_1_37' title="bbox 2201 737 3778 814">
    <p class='ocr_par' dir='ltr' id='par_1_37' title="bbox 2201 737 3778 814">
     <span class='ocr_line' id='line_1_37' title="bbox 2201 737 3778 814; baseline 0.004 -22"><span class='ocrx_word' id='word_1_245' title='bbox 2201 737 2406 795; x_wconf 85' lang='lat' dir='ltr'><strong>Verum</strong></span> <span class='ocrx_word' id='word_1_246' title='bbox 2443 757 2568 796; x_wconf 91' lang='lat' dir='ltr'><strong>cum</strong></span> <span class='ocrx_word' id='word_1_247' title='bbox 2607 743 2915 812; x_wconf 88' lang='lat' dir='ltr'><strong>oppositum</strong></span> <span class='ocrx_word' id='word_1_248' title='bbox 2936 744 3110 814; x_wconf 87' lang='lat' dir='ltr'><strong>magis</strong></span> <span class='ocrx_word' id='word_1_249' title='bbox 3133 753 3335 814; x_wconf 86' lang='lat' dir='ltr'><strong>pateat,</strong></span> <span class='ocrx_word' id='word_1_250' title='bbox 3365 744 3614 802; x_wconf 73' lang='lat' dir='ltr'><strong>Vossiana</strong></span> <span class='ocrx_word' id='word_1_251' title='bbox 3627 745 3778 800; x_wconf 63' lang='lat' dir='ltr'><strong>Fidei</strong></span> 
     </span>
    </p>
   </div>
   <div class='ocr_carea' id='block_1_38' title="bbox 2198 831 3768 902">
    <p class='ocr_par' dir='ltr' id='par_1_38' title="bbox 2198 831 3768 902">
     <span class='ocr_line' id='line_1_38' title="bbox 2198 831 3768 902; baseline 0.007 -16"><span class='ocrx_word' id='word_1_252' title='bbox 2198 831 2366 886; x_wconf 88' lang='lat' dir='ltr'><strong>editio</strong></span> <span class='ocrx_word' id='word_1_253' title='bbox 2395 832 2576 888; x_wconf 90' lang='lat' dir='ltr'><strong>adhuc</strong></span> <span class='ocrx_word' id='word_1_254' title='bbox 2606 842 2714 888; x_wconf 88' lang='lat' dir='ltr'><strong>stat</strong></span> <span class='ocrx_word' id='word_1_255' title='bbox 2742 834 2978 902; x_wconf 84' lang='lat' dir='ltr'><strong>ﬁrmius;</strong></span> <span class='ocrx_word' id='word_1_256' title='bbox 3015 843 3070 890; x_wconf 93' lang='lat' dir='ltr'><strong>et</strong></span> <span class='ocrx_word' id='word_1_257' title='bbox 3111 837 3217 892; x_wconf 90' lang='lat' dir='ltr'><strong>nisi</strong></span> <span class='ocrx_word' id='word_1_258' title='bbox 3246 838 3599 896; x_wconf 77' lang='lat' dir='ltr'><strong>validioribus</strong></span> <span class='ocrx_word' id='word_1_259' title='bbox 3627 857 3768 896; x_wconf 87' lang='lat' dir='ltr'><strong>con-</strong></span> 
     </span>
    </p>
   </div>
   <div class='ocr_carea' id='block_1_39' title="bbox 2195 926 3765 992">
    <p class='ocr_par' dir='ltr' id='par_1_39' title="bbox 2195 926 3765 992">
     <span class='ocr_line' id='line_1_39' title="bbox 2195 926 3765 992; baseline 0.006 -14"><span class='ocrx_word' id='word_1_260' title='bbox 2195 926 2426 980; x_wconf 77' lang='lat' dir='ltr'><strong>vellatur</strong></span> <span class='ocrx_word' id='word_1_261' title='bbox 2470 926 2765 992; x_wconf 89' lang='lat' dir='ltr'><strong>machinis,</strong></span> <span class='ocrx_word' id='word_1_262' title='bbox 2793 927 2978 981; x_wconf 87' lang='lat' dir='ltr'><strong>stabit.</strong></span> <span class='ocrx_word' id='word_1_263' title='bbox 3008 927 3427 985; x_wconf 84' lang='lat' dir='ltr'><strong>Consideremus</strong></span> <span class='ocrx_word' id='word_1_264' title='bbox 3454 932 3622 986; x_wconf 85' lang='lat' dir='ltr'><strong>verba</strong></span> <span class='ocrx_word' id='word_1_265' title='bbox 3654 933 3765 988; x_wconf 84' lang='lat' dir='ltr'><strong>Ba-</strong></span> 
     </span>
    </p>
   </div>
   <div class='ocr_carea' id='block_1_40' title="bbox 2193 1015 3762 1093">
    <p class='ocr_par' dir='ltr' id='par_1_40' title="bbox 2193 1015 3762 1093">
     <span class='ocr_line' id='line_1_40' title="bbox 2193 1015 3762 1093; baseline 0.005 -23"><span class='ocrx_word' id='word_1_266' title='bbox 2193 1016 2306 1070; x_wconf 89' lang='lat' dir='ltr'><strong>silii</strong></span> <span class='ocrx_word' id='word_1_267' title='bbox 2347 1015 2414 1070; x_wconf 89' lang='lat' dir='ltr'><strong>ad</strong></span> <span class='ocrx_word' id='word_1_268' title='bbox 2446 1015 2911 1073; x_wconf 68' lang='lat' dir='ltr'><strong>Neocmsarienses</strong></span> <span class='ocrx_word' id='word_1_269' title='bbox 2957 1017 3064 1088; x_wconf 90' lang='lat' dir='ltr'><strong>(ep.</strong></span> <span class='ocrx_word' id='word_1_270' title='bbox 3088 1033 3208 1081; x_wconf 75' lang='lat' dir='ltr'><strong>ccx,</strong></span> <span class='ocrx_word' id='word_1_271' title='bbox 3243 1020 3334 1086; x_wconf 81' lang='lat'><strong>5):</strong></span> <span class='ocrx_word' id='word_1_272' title='bbox 3395 1023 3666 1093; x_wconf 75' lang='grc' dir='ltr'>Καθῆκαν</span> <span class='ocrx_word' id='word_1_273' title='bbox 3703 1025 3762 1078; x_wconf 81' lang='grc' dir='ltr'><em>δέ</em></span> 
     </span>
    </p>
   </div>
   <div class='ocr_carea' id='block_1_41' title="bbox 2192 1109 3764 1186">
    <p class='ocr_par' dir='ltr' id='par_1_41' title="bbox 2192 1109 3764 1186">
     <span class='ocr_line' id='line_1_41' title="bbox 2192 1109 3764 1186; baseline 0.005 -26"><span class='ocrx_word' id='word_1_274' title='bbox 2192 1125 2315 1162; x_wconf 84' lang='grc' dir='ltr'>τινα</span> <span class='ocrx_word' id='word_1_275' title='bbox 2354 1112 2548 1180; x_wconf 82' lang='grc' dir='ltr'>πεῖραν</span> <span class='ocrx_word' id='word_1_276' title='bbox 2593 1109 2659 1162; x_wconf 87' lang='grc' dir='ltr'>δι’</span> <span class='ocrx_word' id='word_1_277' title='bbox 2698 1110 3013 1181; x_wconf 76' lang='grc' dir='ltr'>ἐπιπολῆς,</span> <span class='ocrx_word' id='word_1_278' title='bbox 3055 1111 3146 1164; x_wconf 80' lang='grc' dir='ltr'>καὶ</span> <span class='ocrx_word' id='word_1_279' title='bbox 3191 1111 3323 1182; x_wconf 76' lang='grc' dir='ltr'>πρὸς</span> <span class='ocrx_word' id='word_1_280' title='bbox 3353 1112 3441 1166; x_wconf 77' lang='grc' dir='ltr'><strong>τὸν</strong></span> <span class='ocrx_word' id='word_1_281' title='bbox 3480 1115 3764 1186; x_wconf 48' lang='lat' dir='ltr'><strong>oud-{x4102</strong></span> 
     </span>
    </p>
   </div>
   <div class='ocr_carea' id='block_1_42' title="bbox 2193 1199 3760 1279">
    <p class='ocr_par' dir='ltr' id='par_1_42' title="bbox 2193 1199 3760 1279">
     <span class='ocr_line' id='line_1_42' title="bbox 2193 1199 3760 1279; baseline 0.007 -28"><span class='ocrx_word' id='word_1_282' title='bbox 2193 1199 2348 1271; x_wconf 76' lang='grc' dir='ltr'><strong>ἡμῶν</strong></span> <span class='ocrx_word' id='word_1_283' title='bbox 2405 1200 2663 1270; x_wconf 80' lang='grc' dir='ltr'>Ἀνθιμον</span> <span class='ocrx_word' id='word_1_284' title='bbox 2719 1200 2824 1253; x_wconf 81' lang='grc' dir='ltr'>τῶν</span> <span class='ocrx_word' id='word_1_285' title='bbox 2874 1202 3094 1256; x_wconf 83' lang='grc' dir='ltr'>Τυὰνων</span> <span class='ocrx_word' id='word_1_286' title='bbox 3150 1204 3463 1269; x_wconf 83' lang='grc' dir='ltr'>ἐπίσκοπον,</span> <span class='ocrx_word' id='word_1_287' title='bbox 3524 1207 3609 1270; x_wconf 85' lang='grc' dir='ltr'>ὡς</span> <span class='ocrx_word' id='word_1_288' title='bbox 3650 1210 3760 1279; x_wconf 75' lang='grc' dir='ltr'>ἄρα</span> 
     </span>
    </p>
   </div>
   <div class='ocr_carea' id='block_1_43' title="bbox 2191 1291 3758 1371">
    <p class='ocr_par' dir='ltr' id='par_1_43' title="bbox 2191 1291 3758 1371">
     <span class='ocr_line' id='line_1_43' title="bbox 2191 1291 3758 1371; baseline 0.007 -29"><span class='ocrx_word' id='word_1_289' title='bbox 2191 1291 2493 1363; x_wconf 85' lang='grc' dir='ltr'>Γρηγορίου</span> <span class='ocrx_word' id='word_1_290' title='bbox 2526 1292 2769 1356; x_wconf 80' lang='grc' dir='ltr'>εἰπόντος</span> <span class='ocrx_word' id='word_1_291' title='bbox 2819 1295 2875 1346; x_wconf 85' lang='grc' dir='ltr'><strong>ἐν</strong></span> <span class='ocrx_word' id='word_1_292' title='bbox 2908 1294 3164 1347; x_wconf 79' lang='grc' dir='ltr'>Ἐκθέσει</span> <span class='ocrx_word' id='word_1_293' title='bbox 3215 1297 3485 1364; x_wconf 59' lang='grc' dir='ltr'>πίστεως</span> <span class='ocrx_word' id='word_1_294' title='bbox 3527 1300 3758 1371; x_wconf 77' lang='grc' dir='ltr'>Πατέρα</span> 
     </span>
    </p>
   </div>
   <div class='ocr_carea' id='block_1_44' title="bbox 2189 1381 3751 1456">
    <p class='ocr_par' dir='ltr' id='par_1_44' title="bbox 2189 1381 3751 1456">
     <span class='ocr_line' id='line_1_44' title="bbox 2189 1381 3751 1456; baseline 0.006 -21"><span class='ocrx_word' id='word_1_295' title='bbox 2189 1384 2284 1436; x_wconf 77' lang='grc' dir='ltr'><strong>καὶ</strong></span> <span class='ocrx_word' id='word_1_296' title='bbox 2331 1382 2458 1436; x_wconf 86' lang='grc' dir='ltr'>Υἱὸν</span> <span class='ocrx_word' id='word_1_297' title='bbox 2511 1383 2722 1456; x_wconf 79' lang='grc' dir='ltr'>ἐπινοίᾳ</span> <span class='ocrx_word' id='word_1_298' title='bbox 2759 1384 2856 1455; x_wconf 89' lang='grc' dir='ltr'><strong>μέν</strong></span> <span class='ocrx_word' id='word_1_299' title='bbox 2907 1381 3045 1439; x_wconf 73' lang='grc' dir='ltr'>εἶναι</span> <span class='ocrx_word' id='word_1_300' title='bbox 3079 1386 3199 1450; x_wconf 81' lang='grc' dir='ltr'>δύο,</span> <span class='ocrx_word' id='word_1_301' title='bbox 3248 1388 3535 1444; x_wconf 78' lang='grc' dir='ltr'>ὑποστάσει</span> <span class='ocrx_word' id='word_1_302' title='bbox 3579 1391 3640 1444; x_wconf 80' lang='grc' dir='ltr'>δὲ</span> <span class='ocrx_word' id='word_1_303' title='bbox 3673 1395 3751 1444; x_wconf 58' lang='grc' dir='ltr'>ἓν</span> 
     </span>
    </p>
   </div>
   <div class='ocr_carea' id='block_1_45' title="bbox 2186 1470 3756 1549">
    <p class='ocr_par' dir='ltr' id='par_1_45' title="bbox 2186 1470 3756 1549">
     <span class='ocr_line' id='line_1_45' title="bbox 2186 1470 3756 1549; baseline 0.007 -25"><span class='ocrx_word' id='word_1_304' title='bbox 2186 1470 2344 1525; x_wconf 83' lang='grc' dir='ltr'>τοῦτο</span> <span class='ocrx_word' id='word_1_305' title='bbox 2369 1473 2426 1527; x_wconf 85' lang='grc' dir='ltr'>δὲ</span> <span class='ocrx_word' id='word_1_306' title='bbox 2450 1473 2530 1526; x_wconf 85' lang='grc' dir='ltr'>ὅτι</span> <span class='ocrx_word' id='word_1_307' title='bbox 2570 1474 2631 1526; x_wconf 77' lang='grc' dir='ltr'>οὐ</span> <span class='ocrx_word' id='word_1_308' title='bbox 2664 1475 3004 1546; x_wconf 82' lang='grc' dir='ltr'><strong>δογματικῶς</strong></span> <span class='ocrx_word' id='word_1_309' title='bbox 3026 1476 3256 1547; x_wconf 72' lang='grc' dir='ltr'>εἴρηται,</span> <span class='ocrx_word' id='word_1_310' title='bbox 3306 1480 3415 1532; x_wconf 78' lang='grc' dir='ltr'>ἀλλ’</span> <span class='ocrx_word' id='word_1_311' title='bbox 3457 1483 3756 1549; x_wconf 56' lang='grc' dir='ltr'>ἀγωνιεῖ-ιι</span> 
     </span>
    </p>
   </div>
   <div class='ocr_carea' id='block_1_46' title="bbox 2187 1562 3755 1645">
    <p class='ocr_par' dir='ltr' id='par_1_46' title="bbox 2187 1562 3755 1645">
     <span class='ocr_line' id='line_1_46' title="bbox 2187 1562 3755 1645; baseline 0.007 -29"><span class='ocrx_word' id='word_1_312' title='bbox 2187 1562 2296 1626; x_wconf 82' lang='grc' dir='ltr'>κῶς</span> <span class='ocrx_word' id='word_1_313' title='bbox 2328 1565 2387 1617; x_wconf 84' lang='grc' dir='ltr'><strong>ἐν</strong></span> <span class='ocrx_word' id='word_1_314' title='bbox 2414 1567 2479 1636; x_wconf 78' lang='grc' dir='ltr'>τῇ</span> <span class='ocrx_word' id='word_1_315' title='bbox 2511 1564 2660 1634; x_wconf 82' lang='grc' dir='ltr'>πρὸς</span> <span class='ocrx_word' id='word_1_316' title='bbox 2686 1567 2969 1621; x_wconf 61' lang='lat' dir='ltr'><strong>Alliam)?</strong></span> <span class='ocrx_word' id='word_1_317' title='bbox 3005 1567 3256 1636; x_wconf 76' lang='grc' dir='ltr'>διαλέξει,</span> <span class='ocrx_word' id='word_1_318' title='bbox 3279 1572 3378 1625; x_wconf 79' lang='grc' dir='ltr'>οὐκ</span> <span class='ocrx_word' id='word_1_319' title='bbox 3404 1572 3755 1645; x_wconf 66' lang='grc' dir='ltr'>ἠδυνήθησαν</span> 
     </span>
    </p>
   </div>
   <div class='ocr_carea' id='block_1_47' title="bbox 2190 1649 3755 1733">
    <p class='ocr_par' dir='ltr' id='par_1_47' title="bbox 2190 1649 3755 1733">
     <span class='ocr_line' id='line_1_47' title="bbox 2190 1649 3755 1733; baseline 0.01 -32"><span class='ocrx_word' id='word_1_320' title='bbox 2190 1649 2417 1704; x_wconf 85' lang='grc' dir='ltr'>συνιδεῖν</span> <span class='ocrx_word' id='word_1_321' title='bbox 2463 1651 2512 1705; x_wconf 83' lang='lat' dir='ltr'><strong>oi</strong></span> <span class='ocrx_word' id='word_1_322' title='bbox 2553 1653 2645 1705; x_wconf 72' lang='grc' dir='ltr'><strong>ἐπὶ</strong></span> <span class='ocrx_word' id='word_1_323' title='bbox 2676 1653 2961 1726; x_wconf 78' lang='grc' dir='ltr'>λεπτότητι</span> <span class='ocrx_word' id='word_1_324' title='bbox 2990 1657 3095 1713; x_wconf 80' lang='grc' dir='ltr'><strong>τῶν</strong></span> <span class='ocrx_word' id='word_1_325' title='bbox 3129 1659 3338 1730; x_wconf 82' lang='grc' dir='ltr'>φρενῶν</span> <span class='ocrx_word' id='word_1_326' title='bbox 3380 1661 3614 1725; x_wconf 75' lang='grc' dir='ltr'>ἑαυτοὺς</span> <span class='ocrx_word' id='word_1_327' title='bbox 3645 1682 3755 1733; x_wconf 82' lang='grc' dir='ltr'><strong>μα-</strong></span> 
     </span>
    </p>
   </div>
   <div class='ocr_carea' id='block_1_48' title="bbox 2613 1743 3750 1808">
    <p class='ocr_par' dir='ltr' id='par_1_48' title="bbox 2613 1743 3750 1808">
     <span class='ocr_line' id='line_1_48' title="bbox 2613 1743 3750 1808; baseline 0.011 -13"><span class='ocrx_word' id='word_1_328' title='bbox 2613 1761 2634 1794; x_wconf 78' lang='grc' dir='ltr'>ι</span> <span class='ocrx_word' id='word_1_329' title='bbox 2679 1743 3023 1801; x_wconf 88' lang='lat' dir='ltr'><strong>immiserunt</strong></span> <span class='ocrx_word' id='word_1_330' title='bbox 3097 1759 3278 1804; x_wconf 89' lang='lat' dir='ltr'><strong>autem</strong></span> <span class='ocrx_word' id='word_1_331' title='bbox 3352 1760 3750 1808; x_wconf 84' lang='lat' dir='ltr'><strong>tentamentum</strong></span> 
     </span>
    </p>
   </div>
   <div class='ocr_carea' id='block_1_49' title="bbox 2185 1829 3752 1909">
    <p class='ocr_par' dir='ltr' id='par_1_49' title="bbox 2185 1829 3752 1909">
     <span class='ocr_line' id='line_1_49' title="bbox 2185 1829 3752 1909; baseline 0.01 -26"><span class='ocrx_word' id='word_1_332' title='bbox 2185 1829 2456 1898; x_wconf 84' lang='lat' dir='ltr'><strong>quoddam</strong></span> <span class='ocrx_word' id='word_1_333' title='bbox 2487 1847 2582 1902; x_wconf 88' lang='lat' dir='ltr'><strong>per</strong></span> <span class='ocrx_word' id='word_1_334' title='bbox 2604 1834 2888 1902; x_wconf 87' lang='lat' dir='ltr'><strong>epistolam</strong></span> <span class='ocrx_word' id='word_1_335' title='bbox 2918 1839 3079 1892; x_wconf 87' lang='lat' dir='ltr'><strong>etiam</strong></span> <span class='ocrx_word' id='word_1_336' title='bbox 3109 1840 3174 1894; x_wconf 89' lang='lat' dir='ltr'><strong>ad</strong></span> <span class='ocrx_word' id='word_1_337' title='bbox 3191 1841 3432 1909; x_wconf 84' lang='lat' dir='ltr'><strong>ejusdem</strong></span> <span class='ocrx_word' id='word_1_338' title='bbox 3460 1845 3752 1899; x_wconf 85' lang='lat' dir='ltr'><strong>nobiscum</strong></span> 
     </span>
    </p>
   </div>
   <div class='ocr_carea' id='block_1_50' title="bbox 2185 1923 3752 2004">
    <p class='ocr_par' dir='ltr' id='par_1_50' title="bbox 2185 1923 3752 2004">
     <span class='ocr_line' id='line_1_50' title="bbox 2185 1923 3752 2004; baseline 0.01 -29"><span class='ocrx_word' id='word_1_339' title='bbox 2185 1923 2474 1978; x_wconf 84' lang='lat' dir='ltr'><strong>sententiae</strong></span> <span class='ocrx_word' id='word_1_340' title='bbox 2509 1924 2824 1981; x_wconf 88' lang='lat' dir='ltr'><strong>Antbimum</strong></span> <span class='ocrx_word' id='word_1_341' title='bbox 2849 1927 3159 2000; x_wconf 87' lang='lat' dir='ltr'><strong>Tyanorum</strong></span> <span class='ocrx_word' id='word_1_342' title='bbox 3193 1932 3536 2003; x_wconf 85' lang='lat' dir='ltr'><strong>episcopum.</strong></span> <span class='ocrx_word' id='word_1_343' title='bbox 3588 1939 3752 2004; x_wconf 81' lang='lat' dir='ltr'><strong>quasi</strong></span> 
     </span>
    </p>
   </div>
   <div class='ocr_carea' id='block_1_51' title="bbox 2182 2010 3751 2090">
    <p class='ocr_par' dir='ltr' id='par_1_51' title="bbox 2182 2010 3751 2090">
     <span class='ocr_line' id='line_1_51' title="bbox 2182 2010 3751 2090; baseline 0.01 -25"><span class='ocrx_word' id='word_1_344' title='bbox 2182 2010 2477 2084; x_wconf 79' lang='lat' dir='ltr'><strong>Gregorius</strong></span> <span class='ocrx_word' id='word_1_345' title='bbox 2529 2015 2584 2070; x_wconf 90' lang='lat' dir='ltr'><strong>in</strong></span> <span class='ocrx_word' id='word_1_346' title='bbox 2630 2015 2972 2086; x_wconf 78' lang='lat' dir='ltr'><strong>Expositione</strong></span> <span class='ocrx_word' id='word_1_347' title='bbox 3015 2021 3140 2090; x_wconf 72' lang='lat' dir='ltr'><strong>ﬁdei</strong></span> <span class='ocrx_word' id='word_1_348' title='bbox 3200 2024 3396 2078; x_wconf 83' lang='lat' dir='ltr'><strong>dixerit</strong></span> <span class='ocrx_word' id='word_1_349' title='bbox 3435 2025 3660 2080; x_wconf 88' lang='lat' dir='ltr'><strong>Patrem</strong></span> <span class='ocrx_word' id='word_1_350' title='bbox 3697 2039 3751 2082; x_wconf 81' lang='lat' dir='ltr'><strong>et</strong></span> 
     </span>
    </p>
   </div>
   <div class='ocr_carea' id='block_1_52' title="bbox 2181 2103 3748 2180">
    <p class='ocr_par' dir='ltr' id='par_1_52' title="bbox 2181 2103 3748 2180">
     <span class='ocr_line' id='line_1_52' title="bbox 2181 2103 3748 2180; baseline 0.01 -22"><span class='ocrx_word' id='word_1_351' title='bbox 2181 2103 2412 2174; x_wconf 89' lang='lat' dir='ltr'><strong>Filium,</strong></span> <span class='ocrx_word' id='word_1_352' title='bbox 2455 2108 2612 2177; x_wconf 82' lang='lat' dir='ltr'><strong>juxta</strong></span> <span class='ocrx_word' id='word_1_353' title='bbox 2662 2111 2860 2166; x_wconf 89' lang='lat' dir='ltr'><strong>mentis</strong></span> <span class='ocrx_word' id='word_1_354' title='bbox 2911 2113 3200 2180; x_wconf 88' lang='lat' dir='ltr'><strong>quamdam</strong></span> <span class='ocrx_word' id='word_1_355' title='bbox 3251 2117 3748 2173; x_wconf 79' lang='lat' dir='ltr'><strong>considerationem</strong></span> 
     </span>
    </p>
   </div>
   <div class='ocr_carea' id='block_1_53' title="bbox 2179 2193 3748 2269">
    <p class='ocr_par' dir='ltr' id='par_1_53' title="bbox 2179 2193 3748 2269">
     <span class='ocr_line' id='line_1_53' title="bbox 2179 2193 3748 2269; baseline 0.01 -22"><span class='ocrx_word' id='word_1_356' title='bbox 2179 2193 2318 2250; x_wconf 91' lang='lat' dir='ltr'><strong>duos</strong></span> <span class='ocrx_word' id='word_1_357' title='bbox 2354 2212 2494 2263; x_wconf 88' lang='lat' dir='ltr'><strong>esse,</strong></span> <span class='ocrx_word' id='word_1_358' title='bbox 2528 2199 2806 2269; x_wconf 82' lang='lat' dir='ltr'><strong>hypostasi</strong></span> <span class='ocrx_word' id='word_1_359' title='bbox 2861 2216 2991 2256; x_wconf 84' lang='lat' dir='ltr'><strong>vero</strong></span> <span class='ocrx_word' id='word_1_360' title='bbox 3043 2219 3232 2258; x_wconf 86' lang='lat' dir='ltr'><strong>unum.</strong></span> <span class='ocrx_word' id='word_1_361' title='bbox 3269 2204 3382 2260; x_wconf 82' lang='lat' dir='ltr'><strong>Hoc</strong></span> <span class='ocrx_word' id='word_1_362' title='bbox 3408 2219 3598 2262; x_wconf 85' lang='lat' dir='ltr'><strong>antem</strong></span> <span class='ocrx_word' id='word_1_363' title='bbox 3640 2226 3748 2262; x_wconf 86' lang='lat' dir='ltr'><strong>non</strong></span> 
     </span>
    </p>
   </div>
   <div class='ocr_carea' id='block_1_54' title="bbox 2179 2285 3748 2369">
    <p class='ocr_par' dir='ltr' id='par_1_54' title="bbox 2179 2285 3748 2369">
     <span class='ocr_line' id='line_1_54' title="bbox 2179 2285 3748 2369; baseline 0.01 -30"><span class='ocrx_word' id='word_1_364' title='bbox 2179 2285 2480 2356; x_wconf 85' lang='lat' dir='ltr'><strong>dogmatice</strong></span> <span class='ocrx_word' id='word_1_365' title='bbox 2537 2290 2631 2344; x_wconf 90' lang='lat' dir='ltr'><strong>sed</strong></span> <span class='ocrx_word' id='word_1_366' title='bbox 2688 2291 3000 2347; x_wconf 90' lang='lat' dir='ltr'><strong>decertandi</strong></span> <span class='ocrx_word' id='word_1_367' title='bbox 3051 2310 3218 2350; x_wconf 89' lang='lat' dir='ltr'><strong>causa</strong></span> <span class='ocrx_word' id='word_1_368' title='bbox 3270 2297 3325 2351; x_wconf 91' lang='lat' dir='ltr'><strong>in</strong></span> <span class='ocrx_word' id='word_1_369' title='bbox 3381 2299 3607 2369; x_wconf 79' lang='lat' dir='ltr'><strong>dialogo</strong></span> <span class='ocrx_word' id='word_1_370' title='bbox 3650 2304 3748 2352; x_wconf 77' lang='lat' dir='ltr'><strong>ad-</strong></span> 
     </span>
    </p>
   </div>
   <div class='ocr_carea' id='block_1_55' title="bbox 2178 2379 3746 2459">
    <p class='ocr_par' dir='ltr' id='par_1_55' title="bbox 2178 2379 3746 2459">
     <span class='ocr_line' id='line_1_55' title="bbox 2178 2379 3746 2459; baseline 0.009 -28"><span class='ocrx_word' id='word_1_371' title='bbox 2178 2392 2357 2433; x_wconf 75' lang='lat' dir='ltr'><strong>versus</strong></span> <span class='ocrx_word' id='word_1_372' title='bbox 2376 2379 2656 2435; x_wconf 53' lang='lat' dir='ltr'><strong>ﬁliarum</strong></span> <span class='ocrx_word' id='word_1_373' title='bbox 2696 2383 2902 2440; x_wconf 89' lang='lat' dir='ltr'><strong>dictum</strong></span> <span class='ocrx_word' id='word_1_374' title='bbox 2949 2397 3095 2448; x_wconf 90' lang='lat' dir='ltr'><strong>esse,</strong></span> <span class='ocrx_word' id='word_1_375' title='bbox 3140 2387 3441 2457; x_wconf 82' lang='lat' dir='ltr'><strong>intelligere</strong></span> <span class='ocrx_word' id='word_1_376' title='bbox 3477 2391 3746 2459; x_wconf 76' lang='lat' dir='ltr'><strong>nequive-</strong></span> 
     </span>
    </p>
   </div>
   <div class='ocr_carea' id='block_1_56' title="bbox 2129 2465 3746 2542">
    <p class='ocr_par' dir='ltr' id='par_1_56' title="bbox 2129 2465 3746 2542">
     <span class='ocr_line' id='line_1_56' title="bbox 2129 2465 3746 2542; baseline 0.007 -21"><span class='ocrx_word' id='word_1_377' title='bbox 2129 2465 2136 2472; x_wconf 83' lang='grc'><strong>’</strong></span> <span class='ocrx_word' id='word_1_378' title='bbox 2177 2477 2326 2533; x_wconf 89' lang='lat' dir='ltr'><strong>runt,</strong></span> <span class='ocrx_word' id='word_1_379' title='bbox 2371 2469 2467 2539; x_wconf 88' lang='lat' dir='ltr'><strong>qui</strong></span> <span class='ocrx_word' id='word_1_380' title='bbox 2513 2479 2734 2542; x_wconf 89' lang='lat' dir='ltr'><strong>propter</strong></span> <span class='ocrx_word' id='word_1_381' title='bbox 2771 2471 3107 2542; x_wconf 81' lang='lat' dir='ltr'><strong>intelligendi</strong></span> <span class='ocrx_word' id='word_1_382' title='bbox 3153 2475 3508 2530; x_wconf 87' lang='lat' dir='ltr'><strong>subtilitatem</strong></span> <span class='ocrx_word' id='word_1_383' title='bbox 3557 2476 3746 2532; x_wconf 84' lang='lat' dir='ltr'><strong>beatus</strong></span> 
     </span>
    </p>
   </div>
   <div class='ocr_carea' id='block_1_57' title="bbox 2175 2562 3742 2630">
    <p class='ocr_par' dir='ltr' id='par_1_57' title="bbox 2175 2562 3742 2630">
     <span class='ocr_line' id='line_1_57' title="bbox 2175 2562 3742 2630; baseline 0.006 -17"><span class='ocrx_word' id='word_1_384' title='bbox 2175 2575 2296 2614; x_wconf 89' lang='lat' dir='ltr'><strong>sese</strong></span> <span class='ocrx_word' id='word_1_385' title='bbox 2320 2570 2591 2630; x_wconf 84' lang='lat' dir='ltr'><strong>reputant.</strong></span> <span class='ocrx_word' id='word_1_386' title='bbox 2616 2581 2635 2614; x_wconf 73' lang='grc' dir='ltr'>ι</span> <span class='ocrx_word' id='word_1_387' title='bbox 2672 2562 2805 2619; x_wconf 84' lang='lat' dir='ltr'><strong>Illud</strong></span> <span class='ocrx_word' id='word_1_388' title='bbox 2835 2566 2893 2618; x_wconf 88' lang='grc' dir='ltr'><strong>ἐν</strong></span> <span class='ocrx_word' id='word_1_389' title='bbox 2925 2565 3139 2619; x_wconf 85' lang='grc' dir='ltr'>ἐκθέσει</span> <span class='ocrx_word' id='word_1_390' title='bbox 3169 2567 3400 2630; x_wconf 76' lang='grc' dir='ltr'>πίστεως</span> <span class='ocrx_word' id='word_1_391' title='bbox 3436 2567 3742 2630; x_wconf 73' lang='lat' dir='ltr'><strong>indeﬁnite,</strong></span> 
     </span>
    </p>
   </div>
   <div class='ocr_carea' id='block_1_58' title="bbox 2172 2653 3746 2732">
    <p class='ocr_par' dir='ltr' id='par_1_58' title="bbox 2172 2653 3746 2732">
     <span class='ocr_line' id='line_1_58' title="bbox 2172 2653 3746 2732; baseline 0.006 -24"><span class='ocrx_word' id='word_1_392' title='bbox 2172 2662 2227 2708; x_wconf 93' lang='lat' dir='ltr'><strong>et</strong></span> <span class='ocrx_word' id='word_1_393' title='bbox 2250 2653 2516 2726; x_wconf 83' lang='grc' dir='ltr'>ἀορίστως</span> <span class='ocrx_word' id='word_1_394' title='bbox 2541 2657 2834 2726; x_wconf 89' lang='lat' dir='ltr'><strong>prolatum,</strong></span> <span class='ocrx_word' id='word_1_395' title='bbox 2857 2667 2911 2714; x_wconf 92' lang='lat' dir='ltr'><strong>et</strong></span> <span class='ocrx_word' id='word_1_396' title='bbox 2940 2660 3088 2715; x_wconf 91' lang='lat' dir='ltr'><strong>nullo</strong></span> <span class='ocrx_word' id='word_1_397' title='bbox 3114 2661 3342 2716; x_wconf 90' lang='lat' dir='ltr'><strong>articulo</strong></span> <span class='ocrx_word' id='word_1_398' title='bbox 3367 2662 3435 2716; x_wconf 89' lang='lat' dir='ltr'><strong>ad</strong></span> <span class='ocrx_word' id='word_1_399' title='bbox 3466 2662 3746 2732; x_wconf 80' lang='lat' dir='ltr'><strong>singulare</strong></span> 
     </span>
    </p>
   </div>
   <div class='ocr_carea' id='block_1_59' title="bbox 2171 2744 3744 2817">
    <p class='ocr_par' dir='ltr' id='par_1_59' title="bbox 2171 2744 3744 2817">
     <span class='ocr_line' id='line_1_59' title="bbox 2171 2744 3744 2817; baseline 0.01 -21"><span class='ocrx_word' id='word_1_400' title='bbox 2171 2744 2450 2815; x_wconf 84' lang='lat' dir='ltr'><strong>quidpiam</strong></span> <span class='ocrx_word' id='word_1_401' title='bbox 2499 2747 2814 2817; x_wconf 88' lang='lat' dir='ltr'><strong>alligatum,</strong></span> <span class='ocrx_word' id='word_1_402' title='bbox 2858 2751 3061 2806; x_wconf 89' lang='lat' dir='ltr'><strong>nullam</strong></span> <span class='ocrx_word' id='word_1_403' title='bbox 3095 2753 3253 2808; x_wconf 92' lang='lat' dir='ltr'><strong>nobis</strong></span> <span class='ocrx_word' id='word_1_404' title='bbox 3291 2764 3500 2810; x_wconf 88' lang='lat' dir='ltr'><strong>certam</strong></span> <span class='ocrx_word' id='word_1_405' title='bbox 3544 2771 3613 2809; x_wconf 85' lang='lat' dir='ltr'><strong>ac</strong></span> <span class='ocrx_word' id='word_1_406' title='bbox 3649 2757 3744 2810; x_wconf 86' lang='lat' dir='ltr'><strong>de-</strong></span> 
     </span>
    </p>
   </div>
   <div class='ocr_carea' id='block_1_60' title="bbox 2174 2838 3739 2914">
    <p class='ocr_par' dir='ltr' id='par_1_60' title="bbox 2174 2838 3739 2914">
     <span class='ocr_line' id='line_1_60' title="bbox 2174 2838 3739 2914; baseline 0.009 -27"><span class='ocrx_word' id='word_1_407' title='bbox 2174 2838 2516 2894; x_wconf 84' lang='lat' dir='ltr'><strong>terminatam</strong></span> <span class='ocrx_word' id='word_1_408' title='bbox 2546 2840 2667 2895; x_wconf 84' lang='lat' dir='ltr'><strong>ﬁdei</strong></span> <span class='ocrx_word' id='word_1_409' title='bbox 2699 2842 3091 2910; x_wconf 84' lang='lat' dir='ltr'><strong>expositionem</strong></span> <span class='ocrx_word' id='word_1_410' title='bbox 3119 2853 3297 2912; x_wconf 89' lang='lat' dir='ltr'><strong>notat;</strong></span> <span class='ocrx_word' id='word_1_411' title='bbox 3330 2846 3425 2900; x_wconf 91' lang='lat' dir='ltr'><strong>sed</strong></span> <span class='ocrx_word' id='word_1_412' title='bbox 3465 2858 3651 2914; x_wconf 81' lang='lat' dir='ltr'><strong>sonat,</strong></span> <span class='ocrx_word' id='word_1_413' title='bbox 3685 2849 3739 2902; x_wconf 91' lang='lat' dir='ltr'><strong>in</strong></span> 
     </span>
    </p>
   </div>
   <div class='ocr_carea' id='block_1_61' title="bbox 2170 2931 3738 3006">
    <p class='ocr_par' dir='ltr' id='par_1_61' title="bbox 2170 2931 3738 3006">
     <span class='ocr_line' id='line_1_61' title="bbox 2170 2931 3738 3006; baseline 0.008 -26"><span class='ocrx_word' id='word_1_414' title='bbox 2170 2942 2277 2982; x_wconf 88' lang='lat' dir='ltr'><strong>una</strong></span> <span class='ocrx_word' id='word_1_415' title='bbox 2315 2931 2654 2998; x_wconf 79' lang='lat' dir='ltr'><strong>expositione</strong></span> <span class='ocrx_word' id='word_1_416' title='bbox 2701 2948 2731 2987; x_wconf 89' lang='lat' dir='ltr'><strong>a</strong></span> <span class='ocrx_word' id='word_1_417' title='bbox 2762 2932 3167 3006; x_wconf 90' lang='lat' dir='ltr'><strong>Thaumaturgo</strong></span> <span class='ocrx_word' id='word_1_418' title='bbox 3204 2936 3368 2990; x_wconf 88' lang='lat' dir='ltr'><strong>edita.</strong></span> <span class='ocrx_word' id='word_1_419' title='bbox 3401 2935 3565 3002; x_wconf 85' lang='lat' dir='ltr'><strong>Quod</strong></span> <span class='ocrx_word' id='word_1_420' title='bbox 3601 2940 3646 2993; x_wconf 89' lang='lat' dir='ltr'><strong>si</strong></span> <span class='ocrx_word' id='word_1_421' title='bbox 3684 2941 3738 2992; x_wconf 88' lang='lat' dir='ltr'><strong>in</strong></span> 
     </span>
    </p>
   </div>
   <div class='ocr_carea' id='block_1_62' title="bbox 500 3001 2077 3118">
    <p class='ocr_par' dir='ltr' id='par_1_62' title="bbox 500 3001 2066 3118">
     <span class='ocr_line' id='line_1_62' title="bbox 500 3001 2066 3081; baseline 0.01 -30"><span class='ocrx_word' id='word_1_422' title='bbox 500 3001 930 3072; x_wconf 73' lang='grc' dir='ltr'>περιφερομένας</span> <span class='ocrx_word' id='word_1_423' title='bbox 987 3004 1063 3068; x_wconf 86' lang='grc' dir='ltr'>ὡς</span> <span class='ocrx_word' id='word_1_424' title='bbox 1129 3005 1346 3060; x_wconf 81' lang='grc' dir='ltr'>Ἰουλίου</span> <span class='ocrx_word' id='word_1_425' title='bbox 1408 3009 1506 3079; x_wconf 65' lang='grc' dir='ltr'><strong>τῆς</strong></span> <span class='ocrx_word' id='word_1_426' title='bbox 1552 3009 1796 3081; x_wconf 72' lang='grc' dir='ltr'>Ῥώμης,</span> <span class='ocrx_word' id='word_1_427' title='bbox 1847 3013 2066 3066; x_wconf 73' lang='grc' dir='ltr'>καὶτοῦ</span> 
     </span>
     <span class='ocr_line' id='line_1_63' title="bbox 500 3093 1990 3118; baseline 0 0"><span class='ocrx_word' id='word_1_428' title='bbox 500 3093 920 3118; x_wconf 70' lang='grc' dir='ltr'><strong>ίὶ-......--..--.-1¹¹’</strong></span> <span class='ocrx_word' id='word_1_429' title='bbox 946 3097 1117 3118; x_wconf 65' lang='lat' dir='ltr'><strong>F_-___-</strong></span> <span class='ocrx_word' id='word_1_430' title='bbox 1140 3099 1238 3118; x_wconf 42' lang='lat' dir='ltr'><strong>-L.</strong></span> <span class='ocrx_word' id='word_1_431' title='bbox 1362 3102 1375 3118; x_wconf 83' lang='lat'><strong><em>\</em></strong></span> <span class='ocrx_word' id='word_1_432' title='bbox 1420 3102 1508 3118; x_wconf 72' lang='grc' dir='ltr'><strong>οιΛ</strong></span> <span class='ocrx_word' id='word_1_433' title='bbox 1660 3103 1672 3118; x_wconf 74' lang='grc' dir='ltr'><em>ο</em></span> <span class='ocrx_word' id='word_1_434' title='bbox 1806 3104 1830 3116; x_wconf 73' lang='grc' dir='ltr'><strong>-ο</strong></span> <span class='ocrx_word' id='word_1_435' title='bbox 1908 3107 1920 3118; x_wconf 78' lang='lat'>.</span> <span class='ocrx_word' id='word_1_436' title='bbox 1978 3107 1990 3118; x_wconf 72' lang='grc' dir='ltr'><strong>ι</strong></span> 
     </span>
    </p>
   </div>
   <div class='ocr_carea' id='block_1_63' title="bbox 2167 3001 3738 3118">
    <p class='ocr_par' dir='ltr' id='par_1_63' title="bbox 2171 3001 3738 3100">
     <span class='ocr_line' id='line_1_64' title="bbox 2171 3001 3738 3100; baseline 0.008 -29"><span class='ocrx_word' id='word_1_437' title='bbox 2171 3034 2279 3072; x_wconf 88' lang='lat' dir='ltr'><strong>una</strong></span> <span class='ocrx_word' id='word_1_438' title='bbox 2328 3020 2402 3074; x_wconf 89' lang='lat' dir='ltr'><strong>ita</strong></span> <span class='ocrx_word' id='word_1_439' title='bbox 2449 3024 2840 3090; x_wconf 79' lang='lat' dir='ltr'><strong>pronuntiavit,</strong></span> <span class='ocrx_word' id='word_1_440' title='bbox 2883 3001 3296 3094; x_wconf 38' lang='lat' dir='ltr'><strong>absquevdubio</strong></span> <span class='ocrx_word' id='word_1_441' title='bbox 3339 3001 3476 3083; x_wconf 79' lang='lat' dir='ltr'><strong>alias</strong></span> <span class='ocrx_word' id='word_1_442' title='bbox 3517 3045 3738 3100; x_wconf 87' lang='lat' dir='ltr'><strong>quoque</strong></span> 
     </span>
    </p>
   </div>
   <div class='ocr_carea' id='block_1_64' title="bbox 498 3093 2065 3176">
    <p class='ocr_par' dir='ltr' id='par_1_64' title="bbox 498 3093 2065 3176">
     <span class='ocr_line' id='line_1_65' title="bbox 498 3093 2065 3176; baseline 0.012 -34"><span class='ocrx_word' id='word_1_443' title='bbox 498 3093 922 3166; x_wconf 83' lang='grc' dir='ltr'>Θαυματουργοῦ</span> <span class='ocrx_word' id='word_1_444' title='bbox 945 3097 985 3148; x_wconf 90' lang='grc' dir='ltr'>Γ</span> <span class='ocrx_word' id='word_1_445' title='bbox 989 3099 1264 3170; x_wconf 81' lang='grc' dir='ltr'>ρηγορίου,</span> <span class='ocrx_word' id='word_1_446' title='bbox 1292 3102 1385 3154; x_wconf 75' lang='grc' dir='ltr'>καὶ</span> <span class='ocrx_word' id='word_1_447' title='bbox 1420 3102 1734 3157; x_wconf 81' lang='grc' dir='ltr'>Ἀθανασίου</span> <span class='ocrx_word' id='word_1_448' title='bbox 1764 3104 1870 3158; x_wconf 86' lang='grc' dir='ltr'><strong>τῶν</strong></span> <span class='ocrx_word' id='word_1_449' title='bbox 1898 3107 2065 3176; x_wconf 82' lang='grc' dir='ltr'>ἁγίων</span> 
     </span>
    </p>
   </div>
   <div class='ocr_carea' id='block_1_65' title="bbox 497 3184 2060 3270">
    <p class='ocr_par' dir='ltr' id='par_1_65' title="bbox 497 3184 2060 3270">
     <span class='ocr_line' id='line_1_66' title="bbox 497 3184 2060 3270; baseline 0.012 -35"><span class='ocrx_word' id='word_1_450' title='bbox 497 3184 737 3254; x_wconf 84' lang='grc' dir='ltr'>χρήσεις·</span> <span class='ocrx_word' id='word_1_451' title='bbox 786 3186 878 3240; x_wconf 85' lang='grc' dir='ltr'>καὶ</span> <span class='ocrx_word' id='word_1_452' title='bbox 945 3188 1149 3258; x_wconf 83' lang='grc' dir='ltr'>ἀνέγνω</span> <span class='ocrx_word' id='word_1_453' title='bbox 1197 3191 1384 3256; x_wconf 82' lang='grc' dir='ltr'>αὐτάς.</span> <span class='ocrx_word' id='word_1_454' title='bbox 1434 3194 1542 3247; x_wconf 73' lang='grc' dir='ltr'>Καὶ</span> <span class='ocrx_word' id='word_1_455' title='bbox 1605 3189 1726 3247; x_wconf 83' lang='grc' dir='ltr'>εἷπε</span> <span class='ocrx_word' id='word_1_456' title='bbox 1785 3197 2060 3270; x_wconf 67' lang='grc' dir='ltr'>Μάξιμος*</span> 
     </span>
    </p>
   </div>
   <div class='ocr_carea' id='block_1_66' title="bbox 493 3275 2063 3362">
    <p class='ocr_par' dir='ltr' id='par_1_66' title="bbox 493 3275 2063 3362">
     <span class='ocr_line' id='line_1_67' title="bbox 493 3275 2063 3362; baseline 0.01 -36"><span class='ocrx_word' id='word_1_457' title='bbox 493 3275 818 3347; x_wconf 77' lang='grc' dir='ltr'><strong>Φοϐηθῶμεν</strong></span> <span class='ocrx_word' id='word_1_458' title='bbox 844 3278 907 3349; x_wconf 84' lang='grc' dir='ltr'>δὴ</span> <span class='ocrx_word' id='word_1_459' title='bbox 949 3279 1038 3333; x_wconf 72' lang='grc' dir='ltr'><strong>τὸν</strong></span> <span class='ocrx_word' id='word_1_460' title='bbox 1067 3280 1220 3345; x_wconf 73' lang='grc' dir='ltr'>Θεὸν,</span> <span class='ocrx_word' id='word_1_461' title='bbox 1273 3284 1364 3336; x_wconf 78' lang='grc' dir='ltr'>καὶ</span> <span class='ocrx_word' id='word_1_462' title='bbox 1407 3283 1479 3355; x_wconf 85' lang='grc' dir='ltr'><strong>μὴ</strong></span> <span class='ocrx_word' id='word_1_463' title='bbox 1511 3283 1823 3356; x_wconf 83' lang='grc' dir='ltr'>θελήσωμεν</span> <span class='ocrx_word' id='word_1_464' title='bbox 1860 3307 2063 3362; x_wconf 83' lang='grc' dir='ltr'>παρορ-</span> 
     </span>
    </p>
   </div>
   <div class='ocr_carea' id='block_1_67' title="bbox 493 3368 2061 3454">
    <p class='ocr_par' dir='ltr' id='par_1_67' title="bbox 493 3368 2061 3454">
     <span class='ocr_line' id='line_1_68' title="bbox 493 3368 2061 3454; baseline 0.01 -34"><span class='ocrx_word' id='word_1_465' title='bbox 493 3368 642 3436; x_wconf 88' lang='grc' dir='ltr'>γίσαι</span> <span class='ocrx_word' id='word_1_466' title='bbox 673 3370 832 3423; x_wconf 72' lang='grc' dir='ltr'>αὑτὸν</span> <span class='ocrx_word' id='word_1_467' title='bbox 864 3372 954 3425; x_wconf 75' lang='grc' dir='ltr'>ἐπὶ</span> <span class='ocrx_word' id='word_1_468' title='bbox 1014 3377 1078 3445; x_wconf 83' lang='grc' dir='ltr'>τῇ</span> <span class='ocrx_word' id='word_1_469' title='bbox 1121 3379 1419 3448; x_wconf 82' lang='grc' dir='ltr'>παραγωγῇ</span> <span class='ocrx_word' id='word_1_470' title='bbox 1455 3377 1561 3431; x_wconf 85' lang='grc' dir='ltr'><strong>τῶν</strong></span> <span class='ocrx_word' id='word_1_471' title='bbox 1596 3380 1882 3451; x_wconf 79' lang='grc' dir='ltr'>αἱρετικῶν</span> <span class='ocrx_word' id='word_1_472' title='bbox 1930 3385 2061 3454; x_wconf 80' lang='grc' dir='ltr'><strong>χρή-</strong></span> 
     </span>
    </p>
   </div>
   <div class='ocr_carea' id='block_1_68' title="bbox 494 3461 2058 3535">
    <p class='ocr_par' dir='ltr' id='par_1_68' title="bbox 494 3461 2058 3535">
     <span class='ocr_line' id='line_1_69' title="bbox 494 3461 2058 3535; baseline 0.01 -24"><span class='ocrx_word' id='word_1_473' title='bbox 494 3477 650 3513; x_wconf 86' lang='grc' dir='ltr'>σεων·</span> <span class='ocrx_word' id='word_1_474' title='bbox 699 3461 870 3526; x_wconf 73' lang='grc' dir='ltr'>οὐδεὶς</span> <span class='ocrx_word' id='word_1_475' title='bbox 915 3463 1022 3534; x_wconf 83' lang='grc' dir='ltr'>γὰρ</span> <span class='ocrx_word' id='word_1_476' title='bbox 1068 3467 1268 3535; x_wconf 79' lang='grc' dir='ltr'>ἀγνοεῖ,</span> <span class='ocrx_word' id='word_1_477' title='bbox 1310 3467 1512 3531; x_wconf 83' lang='grc' dir='ltr'>ταύτας</span> <span class='ocrx_word' id='word_1_478' title='bbox 1549 3465 1688 3523; x_wconf 75' lang='grc' dir='ltr'>εἶναι</span> <span class='ocrx_word' id='word_1_479' title='bbox 1732 3471 1825 3524; x_wconf 80' lang='grc' dir='ltr'>τοῦ</span> <span class='ocrx_word' id='word_1_480' title='bbox 1867 3471 2058 3526; x_wconf 87' lang='grc' dir='ltr'>δυσσε-</span> 
     </span>
    </p>
   </div>
   <div class='ocr_carea' id='block_1_69' title="bbox 491 3552 2054 3632">
    <p class='ocr_par' dir='ltr' id='par_1_69' title="bbox 491 3552 2054 3632">
     <span class='ocr_line' id='line_1_70' title="bbox 491 3552 2054 3632; baseline 0.01 -28"><span class='ocrx_word' id='word_1_481' title='bbox 491 3552 619 3617; x_wconf 78' lang='grc' dir='ltr'><strong>ϐοῦς</strong></span> <span class='ocrx_word' id='word_1_482' title='bbox 682 3553 1114 3627; x_wconf 70' lang='grc' dir='ltr'><strong>’Λπολλιναρίουο</strong></span> <span class='ocrx_word' id='word_1_483' title='bbox 1170 3559 1216 3610; x_wconf 80' lang='grc' dir='ltr'><strong>εί</strong></span> <span class='ocrx_word' id='word_1_484' title='bbox 1273 3559 1368 3629; x_wconf 83' lang='grc' dir='ltr'>μὲν</span> <span class='ocrx_word' id='word_1_485' title='bbox 1419 3559 1584 3624; x_wconf 82' lang='grc' dir='ltr'>ἄλλας</span> <span class='ocrx_word' id='word_1_486' title='bbox 1641 3560 1813 3632; x_wconf 80' lang='grc' dir='ltr'>ἔχεις,</span> <span class='ocrx_word' id='word_1_487' title='bbox 1865 3563 2054 3632; x_wconf 81' lang='grc' dir='ltr'>δεῖξον.</span> 
     </span>
    </p>
   </div>
   <div class='ocr_carea' id='block_1_70' title="bbox 495 3643 2054 3727">
    <p class='ocr_par' dir='ltr' id='par_1_70' title="bbox 495 3643 2054 3727">
     <span class='ocr_line' id='line_1_71' title="bbox 495 3643 2054 3727; baseline 0.009 -30"><span class='ocrx_word' id='word_1_488' title='bbox 495 3662 515 3695; x_wconf 76' lang='grc' dir='ltr'>ι</span> <span class='ocrx_word' id='word_1_489' title='bbox 544 3643 682 3710; x_wconf 92' lang='lat' dir='ltr'><strong>Quid</strong></span> <span class='ocrx_word' id='word_1_490' title='bbox 716 3646 911 3715; x_wconf 81' lang='lat' dir='ltr'><strong>igitur?</strong></span> <span class='ocrx_word' id='word_1_491' title='bbox 940 3645 1059 3701; x_wconf 89' lang='lat' dir='ltr'><strong>Non</strong></span> <span class='ocrx_word' id='word_1_492' title='bbox 1097 3649 1351 3705; x_wconf 86' lang='lat' dir='ltr'><strong>admittes</strong></span> <span class='ocrx_word' id='word_1_493' title='bbox 1379 3667 1542 3705; x_wconf 90' lang='lat' dir='ltr'><strong>unam</strong></span> <span class='ocrx_word' id='word_1_494' title='bbox 1575 3654 1866 3721; x_wconf 86' lang='lat' dir='ltr'><strong>actionem,</strong></span> <span class='ocrx_word' id='word_1_495' title='bbox 1890 3672 2054 3727; x_wconf 87' lang='lat' dir='ltr'><strong>quam</strong></span> 
     </span>
    </p>
   </div>
   <div class='ocr_carea' id='block_1_71' title="bbox 488 3733 2053 3816">
    <p class='ocr_par' dir='ltr' id='par_1_71' title="bbox 488 3733 2053 3816">
     <span class='ocr_line' id='line_1_72' title="bbox 488 3733 2053 3816; baseline 0.008 -28"><span class='ocrx_word' id='word_1_496' title='bbox 488 3735 674 3790; x_wconf 91' lang='lat' dir='ltr'><strong>selecti</strong></span> <span class='ocrx_word' id='word_1_497' title='bbox 707 3733 898 3790; x_wconf 89' lang='lat' dir='ltr'><strong>Patres</strong></span> <span class='ocrx_word' id='word_1_498' title='bbox 941 3736 1172 3806; x_wconf 82' lang='lat' dir='ltr'><strong>professi</strong></span> <span class='ocrx_word' id='word_1_499' title='bbox 1221 3740 1389 3794; x_wconf 88' lang='lat' dir='ltr'><strong>sunt?</strong></span> <span class='ocrx_word' id='word_1_500' title='bbox 1427 3739 1494 3796; x_wconf 85' lang='lat' dir='ltr'><strong>Et</strong></span> <span class='ocrx_word' id='word_1_501' title='bbox 1530 3742 1761 3816; x_wconf 81' lang='lat' dir='ltr'><strong>adduxit</strong></span> <span class='ocrx_word' id='word_1_502' title='bbox 1799 3743 2053 3800; x_wconf 88' lang='lat' dir='ltr'><strong>Theodo-</strong></span> 
     </span>
    </p>
   </div>
   <div class='ocr_carea' id='block_1_72' title="bbox 488 3826 2052 3898">
    <p class='ocr_par' dir='ltr' id='par_1_72' title="bbox 488 3826 2052 3898">
     <span class='ocr_line' id='line_1_73' title="bbox 488 3826 2052 3898; baseline 0.008 -19"><span class='ocrx_word' id='word_1_503' title='bbox 488 3826 623 3892; x_wconf 91' lang='lat' dir='ltr'><strong>sius,</strong></span> <span class='ocrx_word' id='word_1_504' title='bbox 671 3843 792 3898; x_wconf 76' lang='lat' dir='ltr'><strong>qua:</strong></span> <span class='ocrx_word' id='word_1_505' title='bbox 835 3829 974 3884; x_wconf 84' lang='lat' dir='ltr'><strong>falso</strong></span> <span class='ocrx_word' id='word_1_506' title='bbox 1009 3828 1111 3884; x_wconf 90' lang='lat' dir='ltr'><strong>sub</strong></span> <span class='ocrx_word' id='word_1_507' title='bbox 1145 3840 1458 3886; x_wconf 91' lang='lat' dir='ltr'><strong>sanctorum</strong></span> <span class='ocrx_word' id='word_1_508' title='bbox 1492 3834 1714 3890; x_wconf 89' lang='lat' dir='ltr'><strong>nomine</strong></span> <span class='ocrx_word' id='word_1_509' title='bbox 1759 3835 2052 3892; x_wconf 80' lang='lat' dir='ltr'><strong>circumie-</strong></span> 
     </span>
    </p>
   </div>
   <div class='ocr_carea' id='block_1_73' title="bbox 487 3919 2051 3995">
    <p class='ocr_par' dir='ltr' id='par_1_73' title="bbox 487 3919 2051 3995">
     <span class='ocr_line' id='line_1_74' title="bbox 487 3919 2051 3995; baseline 0.009 -26"><span class='ocrx_word' id='word_1_510' title='bbox 487 3919 767 3987; x_wconf 89' lang='lat' dir='ltr'><strong>rebantnr,</strong></span> <span class='ocrx_word' id='word_1_511' title='bbox 801 3921 1111 3976; x_wconf 88' lang='lat' dir='ltr'><strong>testimonia</strong></span> <span class='ocrx_word' id='word_1_512' title='bbox 1137 3920 1268 3976; x_wconf 78' lang='lat' dir='ltr'><strong>Julii</strong></span> <span class='ocrx_word' id='word_1_513' title='bbox 1298 3920 1550 3990; x_wconf 75' lang='lat' dir='ltr'><strong>Romani,</strong></span> <span class='ocrx_word' id='word_1_514' title='bbox 1586 3923 1837 3995; x_wconf 82' lang='lat' dir='ltr'><strong>Gregorii</strong></span> <span class='ocrx_word' id='word_1_515' title='bbox 1867 3927 2051 3983; x_wconf 80' lang='lat' dir='ltr'><strong>Thau-</strong></span> 
     </span>
    </p>
   </div>
   <div class='ocr_carea' id='block_1_74' title="bbox 485 4011 2049 4086">
    <p class='ocr_par' dir='ltr' id='par_1_74' title="bbox 485 4011 2049 4086">
     <span class='ocr_line' id='line_1_75' title="bbox 485 4011 2049 4086; baseline 0.009 -25"><span class='ocrx_word' id='word_1_516' title='bbox 485 4011 745 4078; x_wconf 81' lang='lat' dir='ltr'><strong>maturgi,</strong></span> <span class='ocrx_word' id='word_1_517' title='bbox 788 4020 842 4064; x_wconf 92' lang='lat' dir='ltr'><strong>et</strong></span> <span class='ocrx_word' id='word_1_518' title='bbox 874 4013 1179 4078; x_wconf 83' lang='lat' dir='ltr'><strong>Athanasii,</strong></span> <span class='ocrx_word' id='word_1_519' title='bbox 1216 4021 1271 4068; x_wconf 89' lang='lat' dir='ltr'><strong>et</strong></span> <span class='ocrx_word' id='word_1_520' title='bbox 1317 4014 1444 4086; x_wconf 91' lang='lat' dir='ltr'><strong>legit</strong></span> <span class='ocrx_word' id='word_1_521' title='bbox 1476 4031 1559 4069; x_wconf 90' lang='lat' dir='ltr'><strong>ea.</strong></span> <span class='ocrx_word' id='word_1_522' title='bbox 1607 4014 1745 4070; x_wconf 91' lang='lat' dir='ltr'><strong>Tum</strong></span> <span class='ocrx_word' id='word_1_523' title='bbox 1779 4016 2049 4076; x_wconf 77' lang='lat' dir='ltr'><strong>Maximus</strong></span> 
     </span>
    </p>
   </div>
   <div class='ocr_carea' id='block_1_75' title="bbox 481 4099 2047 4170">
    <p class='ocr_par' dir='ltr' id='par_1_75' title="bbox 481 4099 2047 4170">
     <span class='ocr_line' id='line_1_76' title="bbox 481 4099 2047 4170; baseline 0.008 -18"><span class='ocrx_word' id='word_1_524' title='bbox 481 4099 618 4152; x_wconf 73' lang='lat' dir='ltr'><strong>dixit</strong></span> <span class='ocrx_word' id='word_1_525' title='bbox 660 4117 674 4152; x_wconf 88' lang='lat'><strong>:</strong></span> <span class='ocrx_word' id='word_1_526' title='bbox 708 4099 1021 4157; x_wconf 84' lang='lat' dir='ltr'><strong>Timeamus</strong></span> <span class='ocrx_word' id='word_1_527' title='bbox 1055 4101 1364 4170; x_wconf 91' lang='lat' dir='ltr'><strong>Dominum,</strong></span> <span class='ocrx_word' id='word_1_528' title='bbox 1397 4113 1452 4159; x_wconf 91' lang='lat' dir='ltr'><strong>et</strong></span> <span class='ocrx_word' id='word_1_529' title='bbox 1478 4121 1585 4160; x_wconf 89' lang='lat' dir='ltr'><strong>non</strong></span> <span class='ocrx_word' id='word_1_530' title='bbox 1613 4107 1682 4160; x_wconf 89' lang='lat' dir='ltr'><strong>ad</strong></span> <span class='ocrx_word' id='word_1_531' title='bbox 1710 4107 2047 4164; x_wconf 83' lang='lat' dir='ltr'><strong>iracundiam</strong></span> 
     </span>
    </p>
   </div>
   <div class='ocr_carea' id='block_1_76' title="bbox 482 4188 2048 4259">
    <p class='ocr_par' dir='ltr' id='par_1_76' title="bbox 482 4188 2048 4259">
     <span class='ocr_line' id='line_1_77' title="bbox 482 4188 2048 4259; baseline 0.008 -19"><span class='ocrx_word' id='word_1_532' title='bbox 482 4188 636 4242; x_wconf 91' lang='lat' dir='ltr'><strong>illum</strong></span> <span class='ocrx_word' id='word_1_533' title='bbox 689 4204 1048 4259; x_wconf 82' lang='lat' dir='ltr'><strong>provocemus</strong></span> <span class='ocrx_word' id='word_1_534' title='bbox 1106 4192 1414 4247; x_wconf 90' lang='lat' dir='ltr'><strong>inductione</strong></span> <span class='ocrx_word' id='word_1_535' title='bbox 1454 4195 1831 4252; x_wconf 65' lang='lat' dir='ltr'><strong>haereticorum</strong></span> <span class='ocrx_word' id='word_1_536' title='bbox 1892 4201 2048 4254; x_wconf 88' lang='lat' dir='ltr'><strong>testi-</strong></span> 
     </span>
    </p>
   </div>
   <div class='ocr_carea' id='block_1_77' title="bbox 479 4279 2043 4359">
    <p class='ocr_par' dir='ltr' id='par_1_77' title="bbox 479 4279 2043 4359">
     <span class='ocr_line' id='line_1_78' title="bbox 479 4279 2043 4359; baseline 0.007 -27"><span class='ocrx_word' id='word_1_537' title='bbox 479 4281 810 4334; x_wconf 88' lang='lat' dir='ltr'><strong>moniorum.</strong></span> <span class='ocrx_word' id='word_1_538' title='bbox 855 4279 1026 4335; x_wconf 87' lang='lat' dir='ltr'><strong>Nemo</strong></span> <span class='ocrx_word' id='word_1_539' title='bbox 1069 4283 1335 4354; x_wconf 89' lang='lat' dir='ltr'><strong>siquidem</strong></span> <span class='ocrx_word' id='word_1_540' title='bbox 1379 4284 1592 4355; x_wconf 85' lang='lat' dir='ltr'><strong>ignorat</strong></span> <span class='ocrx_word' id='word_1_541' title='bbox 1629 4301 1692 4341; x_wconf 91' lang='lat' dir='ltr'><strong>ea</strong></span> <span class='ocrx_word' id='word_1_542' title='bbox 1725 4301 1846 4343; x_wconf 79' lang='lat' dir='ltr'><strong>esse</strong></span> <span class='ocrx_word' id='word_1_543' title='bbox 1894 4287 2043 4359; x_wconf 89' lang='lat' dir='ltr'><strong>impii</strong></span> 
     </span>
    </p>
   </div>
   <div class='ocr_carea' id='block_1_78' title="bbox 2169 3110 3736 3187">
    <p class='ocr_par' dir='ltr' id='par_1_78' title="bbox 2169 3110 3736 3187">
     <span class='ocr_line' id='line_1_79' title="bbox 2169 3110 3736 3187; baseline 0.008 -24"><span class='ocrx_word' id='word_1_544' title='bbox 2169 3110 2469 3166; x_wconf 80' lang='lat' dir='ltr'><strong>confecisse</strong></span> <span class='ocrx_word' id='word_1_545' title='bbox 2523 3113 2884 3170; x_wconf 87' lang='lat' dir='ltr'><strong>indubitatum</strong></span> <span class='ocrx_word' id='word_1_546' title='bbox 2942 3118 3281 3187; x_wconf 84' lang='lat' dir='ltr'><strong>relinquitur.</strong></span> <span class='ocrx_word' id='word_1_547' title='bbox 3339 3118 3476 3185; x_wconf 72' lang='lat' dir='ltr'><strong>Quae</strong></span> <span class='ocrx_word' id='word_1_548' title='bbox 3523 3121 3574 3175; x_wconf 89' lang='lat' dir='ltr'><strong>si</strong></span> <span class='ocrx_word' id='word_1_549' title='bbox 3630 3139 3736 3176; x_wconf 82' lang='lat' dir='ltr'><strong>una</strong></span> 
     </span>
    </p>
   </div>
   <div class='ocr_carea' id='block_1_79' title="bbox 2165 3205 3734 3286">
    <p class='ocr_par' dir='ltr' id='par_1_79' title="bbox 2165 3205 3734 3286">
     <span class='ocr_line' id='line_1_80' title="bbox 2165 3205 3734 3286; baseline 0.007 -30"><span class='ocrx_word' id='word_1_550' title='bbox 2165 3212 2374 3258; x_wconf 89' lang='lat' dir='ltr'><strong>tantum</strong></span> <span class='ocrx_word' id='word_1_551' title='bbox 2409 3205 2622 3269; x_wconf 86' lang='lat' dir='ltr'><strong>fuisset,</strong></span> <span class='ocrx_word' id='word_1_552' title='bbox 2655 3223 2762 3261; x_wconf 90' lang='lat' dir='ltr'><strong>non</strong></span> <span class='ocrx_word' id='word_1_553' title='bbox 2794 3210 2850 3262; x_wconf 88' lang='grc' dir='ltr'><strong>ἐν</strong></span> <span class='ocrx_word' id='word_1_554' title='bbox 2883 3208 3093 3262; x_wconf 81' lang='grc' dir='ltr'>ἐκθέσει</span> <span class='ocrx_word' id='word_1_555' title='bbox 3137 3210 3389 3276; x_wconf 83' lang='grc' dir='ltr'>πίστεως,</span> <span class='ocrx_word' id='word_1_556' title='bbox 3425 3214 3522 3268; x_wconf 89' lang='lat' dir='ltr'><strong>sed</strong></span> <span class='ocrx_word' id='word_1_557' title='bbox 3575 3217 3635 3267; x_wconf 83' lang='grc' dir='ltr'><strong>ἐν</strong></span> <span class='ocrx_word' id='word_1_558' title='bbox 3669 3218 3734 3286; x_wconf 56' lang='grc' dir='ltr'>τῇ</span> 
     </span>
    </p>
   </div>
   <div class='ocr_carea' id='block_1_80' title="bbox 2163 3294 3733 3375">
    <p class='ocr_par' dir='ltr' id='par_1_80' title="bbox 2163 3294 3733 3375">
     <span class='ocr_line' id='line_1_81' title="bbox 2163 3294 3733 3375; baseline 0.01 -28"><span class='ocrx_word' id='word_1_559' title='bbox 2163 3294 2374 3348; x_wconf 78' lang='grc' dir='ltr'>ἐκθέσει</span> <span class='ocrx_word' id='word_1_560' title='bbox 2410 3298 2506 3367; x_wconf 80' lang='grc' dir='ltr'><strong>τῆς</strong></span> <span class='ocrx_word' id='word_1_561' title='bbox 2538 3298 2774 3362; x_wconf 84' lang='grc' dir='ltr'>πίστεως</span> <span class='ocrx_word' id='word_1_562' title='bbox 2803 3299 3032 3355; x_wconf 83' lang='lat' dir='ltr'><strong>Basilius</strong></span> <span class='ocrx_word' id='word_1_563' title='bbox 3070 3304 3504 3371; x_wconf 82' lang='lat' dir='ltr'><strong>pronuntiasset,</strong></span> <span class='ocrx_word' id='word_1_564' title='bbox 3539 3322 3733 3375; x_wconf 78' lang='lat' dir='ltr'><strong>quem-</strong></span> 
     </span>
    </p>
   </div>
   <div class='ocr_carea' id='block_1_81' title="bbox 2163 3386 3732 3465">
    <p class='ocr_par' dir='ltr' id='par_1_81' title="bbox 2163 3386 3732 3465">
     <span class='ocr_line' id='line_1_82' title="bbox 2163 3386 3732 3465; baseline 0.008 -27"><span class='ocrx_word' id='word_1_565' title='bbox 2163 3386 2454 3440; x_wconf 87' lang='lat' dir='ltr'><strong>admodum</strong></span> <span class='ocrx_word' id='word_1_566' title='bbox 2514 3389 2675 3458; x_wconf 91' lang='lat' dir='ltr'><strong>paulo</strong></span> <span class='ocrx_word' id='word_1_567' title='bbox 2736 3401 2861 3459; x_wconf 89' lang='lat' dir='ltr'><strong>post</strong></span> <span class='ocrx_word' id='word_1_568' title='bbox 2900 3392 3067 3458; x_wconf 74' lang='lat' dir='ltr'><strong>dixit,</strong></span> <span class='ocrx_word' id='word_1_569' title='bbox 3113 3394 3170 3446; x_wconf 89' lang='grc' dir='ltr'><strong>ἐν</strong></span> <span class='ocrx_word' id='word_1_570' title='bbox 3196 3397 3263 3465; x_wconf 80' lang='grc' dir='ltr'>τῇ</span> <span class='ocrx_word' id='word_1_571' title='bbox 3299 3395 3438 3465; x_wconf 77' lang='grc' dir='ltr'>πρὸς</span> <span class='ocrx_word' id='word_1_572' title='bbox 3484 3397 3732 3450; x_wconf 64' lang='grc' dir='ltr'>Αίλιανὺγ</span> 
     </span>
    </p>
   </div>
   <div class='ocr_carea' id='block_1_82' title="bbox 2159 3477 3728 3549">
    <p class='ocr_par' dir='ltr' id='par_1_82' title="bbox 2159 3477 3728 3549">
     <span class='ocr_line' id='line_1_83' title="bbox 2159 3477 3728 3549; baseline 0.009 -20"><span class='ocrx_word' id='word_1_573' title='bbox 2159 3477 2411 3542; x_wconf 82' lang='grc' dir='ltr'>διαλέξει,</span> <span class='ocrx_word' id='word_1_574' title='bbox 2436 3481 2559 3549; x_wconf 86' lang='lat' dir='ltr'><strong>quia</strong></span> <span class='ocrx_word' id='word_1_575' title='bbox 2600 3495 2706 3535; x_wconf 90' lang='lat' dir='ltr'><strong>una</strong></span> <span class='ocrx_word' id='word_1_576' title='bbox 2739 3482 3080 3538; x_wconf 89' lang='lat' dir='ltr'><strong>solummodo</strong></span> <span class='ocrx_word' id='word_1_577' title='bbox 3109 3483 3284 3539; x_wconf 78' lang='lat' dir='ltr'><strong>fuerat</strong></span> <span class='ocrx_word' id='word_1_578' title='bbox 3327 3487 3393 3540; x_wconf 88' lang='lat' dir='ltr'><strong>ad</strong></span> <span class='ocrx_word' id='word_1_579' title='bbox 3421 3486 3728 3543; x_wconf 62' lang='lat' dir='ltr'><strong>Elianum.</strong></span> 
     </span>
    </p>
   </div>
   <div class='ocr_carea' id='block_1_83' title="bbox 2159 3570 3728 3648">
    <p class='ocr_par' dir='ltr' id='par_1_83' title="bbox 2159 3570 3728 3648">
     <span class='ocr_line' id='line_1_84' title="bbox 2159 3570 3728 3648; baseline 0.008 -24"><span class='ocrx_word' id='word_1_580' title='bbox 2159 3570 2423 3627; x_wconf 63' lang='lat' dir='ltr'><strong>Praeterea</strong></span> <span class='ocrx_word' id='word_1_581' title='bbox 2459 3573 2625 3628; x_wconf 88' lang='lat' dir='ltr'><strong>editio</strong></span> <span class='ocrx_word' id='word_1_582' title='bbox 2672 3575 2761 3629; x_wconf 90' lang='lat' dir='ltr'><strong>illa</strong></span> <span class='ocrx_word' id='word_1_583' title='bbox 2801 3576 2927 3645; x_wconf 81' lang='lat' dir='ltr'><strong>ﬁdei</strong></span> <span class='ocrx_word' id='word_1_584' title='bbox 2957 3592 3051 3648; x_wconf 87' lang='lat' dir='ltr'><strong>per</strong></span> <span class='ocrx_word' id='word_1_585' title='bbox 3079 3579 3297 3632; x_wconf 90' lang='lat' dir='ltr'><strong>modum</strong></span> <span class='ocrx_word' id='word_1_586' title='bbox 3333 3580 3621 3636; x_wconf 79' lang='lat' dir='ltr'><strong>dialexeos</strong></span> <span class='ocrx_word' id='word_1_587' title='bbox 3663 3583 3728 3636; x_wconf 87' lang='lat' dir='ltr'><strong>ad</strong></span> 
     </span>
    </p>
   </div>
   <div class='ocr_carea' id='block_1_84' title="bbox 2159 3662 3728 3736">
    <p class='ocr_par' dir='ltr' id='par_1_84' title="bbox 2159 3662 3728 3736">
     <span class='ocr_line' id='line_1_85' title="bbox 2159 3662 3728 3736; baseline 0.008 -21"><span class='ocrx_word' id='word_1_588' title='bbox 2159 3662 2470 3731; x_wconf 63' lang='lat' dir='ltr'><strong>IElianum,</strong></span> <span class='ocrx_word' id='word_1_589' title='bbox 2507 3679 2700 3733; x_wconf 89' lang='lat' dir='ltr'><strong>nempe</strong></span> <span class='ocrx_word' id='word_1_590' title='bbox 2739 3665 3066 3736; x_wconf 86' lang='lat' dir='ltr'><strong>disputando</strong></span> <span class='ocrx_word' id='word_1_591' title='bbox 3100 3677 3152 3723; x_wconf 90' lang='lat' dir='ltr'><strong>et</strong></span> <span class='ocrx_word' id='word_1_592' title='bbox 3183 3669 3503 3724; x_wconf 87' lang='lat' dir='ltr'><strong>altercando</strong></span> <span class='ocrx_word' id='word_1_593' title='bbox 3540 3673 3728 3727; x_wconf 84' lang='lat' dir='ltr'><strong>habita</strong></span> 
     </span>
    </p>
   </div>
   <div class='ocr_carea' id='block_1_85' title="bbox 2155 3755 3724 3835">
    <p class='ocr_par' dir='ltr' id='par_1_85' title="bbox 2155 3755 3724 3835">
     <span class='ocr_line' id='line_1_86' title="bbox 2155 3755 3724 3835; baseline 0.006 -27"><span class='ocrx_word' id='word_1_594' title='bbox 2155 3764 2260 3819; x_wconf 91' lang='lat' dir='ltr'><strong>est,</strong></span> <span class='ocrx_word' id='word_1_595' title='bbox 2301 3756 2458 3824; x_wconf 83' lang='lat' dir='ltr'><strong>cujus</strong></span> <span class='ocrx_word' id='word_1_596' title='bbox 2501 3755 2884 3824; x_wconf 88' lang='lat' dir='ltr'><strong>disputationis</strong></span> <span class='ocrx_word' id='word_1_597' title='bbox 2928 3773 2997 3812; x_wconf 91' lang='lat' dir='ltr'><strong>ne</strong></span> <span class='ocrx_word' id='word_1_598' title='bbox 3040 3760 3325 3829; x_wconf 79' lang='lat' dir='ltr'><strong>vestigium</strong></span> <span class='ocrx_word' id='word_1_599' title='bbox 3364 3763 3588 3829; x_wconf 89' lang='lat' dir='ltr'><strong>quidem</strong></span> <span class='ocrx_word' id='word_1_600' title='bbox 3627 3781 3724 3835; x_wconf 83' lang='lat' dir='ltr'><strong>ap-</strong></span> 
     </span>
    </p>
   </div>
   <div class='ocr_carea' id='block_1_86' title="bbox 2154 3847 3723 3920">
    <p class='ocr_par' dir='ltr' id='par_1_86' title="bbox 2154 3847 3723 3920">
     <span class='ocr_line' id='line_1_87' title="bbox 2154 3847 3723 3920; baseline 0.004 -19"><span class='ocrx_word' id='word_1_601' title='bbox 2154 3856 2305 3916; x_wconf 85' lang='lat' dir='ltr'><strong>paret</strong></span> <span class='ocrx_word' id='word_1_602' title='bbox 2359 3849 2412 3902; x_wconf 92' lang='lat' dir='ltr'><strong>in</strong></span> <span class='ocrx_word' id='word_1_603' title='bbox 2453 3847 2736 3904; x_wconf 88' lang='lat' dir='ltr'><strong>Vossiana.</strong></span> <span class='ocrx_word' id='word_1_604' title='bbox 2781 3850 2960 3915; x_wconf 85' lang='lat' dir='ltr'><strong>Quare</strong></span> <span class='ocrx_word' id='word_1_605' title='bbox 3001 3853 3437 3907; x_wconf 82' lang='lat' dir='ltr'><strong>concludendum</strong></span> <span class='ocrx_word' id='word_1_606' title='bbox 3481 3856 3723 3920; x_wconf 80' lang='lat' dir='ltr'><strong>videtur,</strong></span> 
     </span>
    </p>
   </div>
   <div class='ocr_carea' id='block_1_87' title="bbox 2153 3941 3722 4014">
    <p class='ocr_par' dir='ltr' id='par_1_87' title="bbox 2153 3941 3722 4014">
     <span class='ocr_line' id='line_1_88' title="bbox 2153 3941 3722 4014; baseline 0.006 -21"><span class='ocrx_word' id='word_1_607' title='bbox 2153 3941 2378 3994; x_wconf 91' lang='lat' dir='ltr'><strong>omnino</strong></span> <span class='ocrx_word' id='word_1_608' title='bbox 2399 3941 2465 3995; x_wconf 90' lang='lat' dir='ltr'><strong>de</strong></span> <span class='ocrx_word' id='word_1_609' title='bbox 2490 3942 2598 3995; x_wconf 89' lang='lat' dir='ltr'><strong>alia</strong></span> <span class='ocrx_word' id='word_1_610' title='bbox 2617 3941 2956 4010; x_wconf 84' lang='lat' dir='ltr'><strong>expositione</strong></span> <span class='ocrx_word' id='word_1_611' title='bbox 2981 3943 3102 3997; x_wconf 88' lang='lat' dir='ltr'><strong>lidei</strong></span> <span class='ocrx_word' id='word_1_612' title='bbox 3132 3943 3183 3996; x_wconf 90' lang='lat' dir='ltr'><strong>in</strong></span> <span class='ocrx_word' id='word_1_613' title='bbox 3207 3959 3270 3998; x_wconf 87' lang='lat' dir='ltr'><strong>ea</strong></span> <span class='ocrx_word' id='word_1_614' title='bbox 3291 3945 3518 4014; x_wconf 88' lang='lat' dir='ltr'><strong>epistola</strong></span> <span class='ocrx_word' id='word_1_615' title='bbox 3551 3949 3722 4002; x_wconf 75' lang='lat' dir='ltr'><strong>verba</strong></span> 
     </span>
    </p>
   </div>
   <div class='ocr_carea' id='block_1_88' title="bbox 2150 4031 3716 4096">
    <p class='ocr_par' dir='ltr' id='par_1_88' title="bbox 2150 4031 3716 4096">
     <span class='ocr_line' id='line_1_89' title="bbox 2150 4031 3716 4096; baseline 0.004 -10"><span class='ocrx_word' id='word_1_616' title='bbox 2150 4031 2347 4088; x_wconf 79' lang='lat' dir='ltr'><strong>iecisse</strong></span> <span class='ocrx_word' id='word_1_617' title='bbox 2367 4031 2649 4096; x_wconf 87' lang='lat' dir='ltr'><strong>Basilium,</strong></span> <span class='ocrx_word' id='word_1_618' title='bbox 2676 4033 2906 4087; x_wconf 87' lang='lat' dir='ltr'><strong>etaliam</strong></span> <span class='ocrx_word' id='word_1_619' title='bbox 2935 4033 3093 4089; x_wconf 90' lang='lat' dir='ltr'><strong>nobis</strong></span> <span class='ocrx_word' id='word_1_620' title='bbox 3119 4033 3370 4090; x_wconf 90' lang='lat' dir='ltr'><strong>Vossium</strong></span> <span class='ocrx_word' id='word_1_621' title='bbox 3402 4038 3716 4093; x_wconf 73' lang='lat' dir='ltr'><strong>tradidisse.</strong></span> 
     </span>
    </p>
   </div>
   <div class='ocr_carea' id='block_1_89' title="bbox 2217 4123 3716 4197">
    <p class='ocr_par' dir='ltr' id='par_1_89' title="bbox 2217 4123 3716 4197">
     <span class='ocr_line' id='line_1_90' title="bbox 2217 4123 3716 4197; baseline 0.006 -20"><span class='ocrx_word' id='word_1_622' title='bbox 2217 4124 2286 4178; x_wconf 88' lang='lat' dir='ltr'><strong>At</strong></span> <span class='ocrx_word' id='word_1_623' title='bbox 2317 4123 2579 4180; x_wconf 87' lang='lat' dir='ltr'><strong>Vossiana</strong></span> <span class='ocrx_word' id='word_1_624' title='bbox 2609 4125 2819 4180; x_wconf 86' lang='lat' dir='ltr'><strong>videtur</strong></span> <span class='ocrx_word' id='word_1_625' title='bbox 2841 4140 2965 4180; x_wconf 89' lang='lat' dir='ltr'><strong>esse</strong></span> <span class='ocrx_word' id='word_1_626' title='bbox 3005 4127 3204 4197; x_wconf 88' lang='lat' dir='ltr'><strong>scripta</strong></span> <span class='ocrx_word' id='word_1_627' title='bbox 3237 4137 3430 4183; x_wconf 89' lang='lat' dir='ltr'><strong>contra</strong></span> <span class='ocrx_word' id='word_1_628' title='bbox 3458 4130 3716 4194; x_wconf 76' lang='lat' dir='ltr'><strong>Arianos.</strong></span> 
     </span>
    </p>
   </div>
   <div class='ocr_carea' id='block_1_90' title="bbox 2149 4216 3716 4286">
    <p class='ocr_par' dir='ltr' id='par_1_90' title="bbox 2149 4216 3716 4286">
     <span class='ocr_line' id='line_1_91' title="bbox 2149 4216 3716 4286; baseline 0.006 -17"><span class='ocrx_word' id='word_1_629' title='bbox 2149 4218 2320 4270; x_wconf 91' lang='lat' dir='ltr'><strong>multo</strong></span> <span class='ocrx_word' id='word_1_630' title='bbox 2347 4216 2754 4286; x_wconf 86' lang='lat' dir='ltr'><strong>Thaumaturgo</strong></span> <span class='ocrx_word' id='word_1_631' title='bbox 2782 4217 3128 4273; x_wconf 89' lang='lat' dir='ltr'><strong>recentiores.</strong></span> <span class='ocrx_word' id='word_1_632' title='bbox 3171 4220 3304 4274; x_wconf 89' lang='lat' dir='ltr'><strong>Cum</strong></span> <span class='ocrx_word' id='word_1_633' title='bbox 3333 4222 3579 4278; x_wconf 77' lang='lat' dir='ltr'><strong>Arianos</strong></span> <span class='ocrx_word' id='word_1_634' title='bbox 3612 4240 3716 4278; x_wconf 89' lang='lat' dir='ltr'><strong>non</strong></span> 
     </span>
    </p>
   </div>
   <div class='ocr_carea' id='block_1_91' title="bbox 2147 4308 3717 4382">
    <p class='ocr_par' dir='ltr' id='par_1_91' title="bbox 2147 4308 3717 4382">
     <span class='ocr_line' id='line_1_92' title="bbox 2147 4308 3717 4382; baseline 0.007 -22"><span class='ocrx_word' id='word_1_635' title='bbox 2147 4308 2421 4370; x_wconf 91' lang='lat' dir='ltr'><strong>nominet,</strong></span> <span class='ocrx_word' id='word_1_636' title='bbox 2470 4324 2660 4378; x_wconf 87' lang='lat' dir='ltr'><strong>parum</strong></span> <span class='ocrx_word' id='word_1_637' title='bbox 2721 4309 2886 4365; x_wconf 80' lang='lat' dir='ltr'><strong>refert</strong></span> <span class='ocrx_word' id='word_1_638' title='bbox 2931 4311 2974 4365; x_wconf 86' lang='lat' dir='ltr'><strong>si</strong></span> <span class='ocrx_word' id='word_1_639' title='bbox 3030 4311 3232 4382; x_wconf 89' lang='lat' dir='ltr'><strong>Spiritu</strong></span> <span class='ocrx_word' id='word_1_640' title='bbox 3286 4312 3463 4370; x_wconf 80' lang='lat' dir='ltr'><strong>fretus</strong></span> <span class='ocrx_word' id='word_1_641' title='bbox 3506 4316 3717 4382; x_wconf 85' lang='lat' dir='ltr'><strong>divino,</strong></span> 
     </span>
    </p>
   </div>
   <div class='ocr_carea' id='block_1_92' title="bbox 477 4369 3719 4476">
    <p class='ocr_par' dir='ltr' id='par_1_92' title="bbox 477 4369 3719 4476">
     <span class='ocr_line' id='line_1_93' title="bbox 477 4369 3719 4476; baseline 0.007 -52"><span class='ocrx_word' id='word_1_642' title='bbox 477 4369 822 4440; x_wconf 82' lang='lat' dir='ltr'><strong>Apollinaris.</strong></span> <span class='ocrx_word' id='word_1_643' title='bbox 856 4371 912 4426; x_wconf 89' lang='lat' dir='ltr'><strong>Si</strong></span> <span class='ocrx_word' id='word_1_644' title='bbox 934 4388 1060 4427; x_wconf 90' lang='lat' dir='ltr'><strong>vero</strong></span> <span class='ocrx_word' id='word_1_645' title='bbox 1087 4373 1191 4428; x_wconf 87' lang='lat' dir='ltr'><strong>alia</strong></span> <span class='ocrx_word' id='word_1_646' title='bbox 1216 4385 1387 4438; x_wconf 88' lang='lat' dir='ltr'><strong>tenes,</strong></span> <span class='ocrx_word' id='word_1_647' title='bbox 1419 4377 1698 4430; x_wconf 67' lang='lat' dir='ltr'><strong>ostende.»</strong></span> <span class='ocrx_word' id='word_1_648' title='bbox 1727 4375 1864 4434; x_wconf 87' lang='lat' dir='ltr'><strong>Hinc</strong></span> <span class='ocrx_word' id='word_1_649' title='bbox 1889 4379 2045 4449; x_wconf 87' lang='lat' dir='ltr'><strong>plane</strong></span> <span class='ocrx_word' id='word_1_650' title='bbox 2078 4399 2119 4452; x_wconf 81' lang='grc' dir='ltr'>ι)</span> <span class='ocrx_word' id='word_1_651' title='bbox 2149 4408 2434 4469; x_wconf 52' lang='lat' dir='ltr'><strong>antequam</strong></span> <span class='ocrx_word' id='word_1_652' title='bbox 2470 4369 2627 4455; x_wconf 66' lang='grc' dir='ltr'>’θεερι</span> <span class='ocrx_word' id='word_1_653' title='bbox 2650 4443 2691 4472; x_wconf 21' lang='grc' dir='ltr'><strong>,Ι</strong></span> <span class='ocrx_word' id='word_1_654' title='bbox 2723 4403 2968 4457; x_wconf 66' lang='grc' dir='ltr'><strong>ιηειςεδίιη</strong></span> <span class='ocrx_word' id='word_1_655' title='bbox 3021 4369 3276 4458; x_wconf 54' lang='grc' dir='ltr'><strong>Αἱοίδηζηη</strong></span> <span class='ocrx_word' id='word_1_656' title='bbox 3322 4406 3566 4476; x_wconf 58' lang='lat' dir='ltr'><strong>jugulat,</strong></span> <span class='ocrx_word' id='word_1_657' title='bbox 3654 4369 3719 4464; x_wconf 63' lang='grc' dir='ltr'>[ξ</span> 
     </span>
    </p>
   </div>
   <div class='ocr_carea' id='block_1_93' title="bbox 477 4463 2039 4540">
    <p class='ocr_par' dir='ltr' id='par_1_93' title="bbox 477 4463 2039 4540">
     <span class='ocr_line' id='line_1_94' title="bbox 477 4463 2039 4540; baseline 0.005 -24"><span class='ocrx_word' id='word_1_658' title='bbox 477 4463 693 4517; x_wconf 82' lang='lat' dir='ltr'><strong>videtur</strong></span> <span class='ocrx_word' id='word_1_659' title='bbox 719 4463 978 4532; x_wconf 73' lang='lat' dir='ltr'><strong>professio</strong></span> <span class='ocrx_word' id='word_1_660' title='bbox 1012 4463 1114 4519; x_wconf 90' lang='lat' dir='ltr'><strong>ista</strong></span> <span class='ocrx_word' id='word_1_661' title='bbox 1147 4463 1271 4535; x_wconf 75' lang='lat' dir='ltr'><strong>ﬁdei</strong></span> <span class='ocrx_word' id='word_1_662' title='bbox 1309 4479 1339 4518; x_wconf 88' lang='lat' dir='ltr'><strong>e</strong></span> <span class='ocrx_word' id='word_1_663' title='bbox 1369 4465 1616 4538; x_wconf 86' lang='lat' dir='ltr'><strong>Gregorii</strong></span> <span class='ocrx_word' id='word_1_664' title='bbox 1640 4467 2039 4540; x_wconf 83' lang='lat' dir='ltr'><strong>Thaumaturgi</strong></span> 
     </span>
    </p>
   </div>
   <div class='ocr_carea' id='block_1_94' title="bbox 477 4552 2042 4627">
    <p class='ocr_par' dir='ltr' id='par_1_94' title="bbox 477 4552 2042 4627">
     <span class='ocr_line' id='line_1_95' title="bbox 477 4552 2042 4627; baseline 0.004 -20"><span class='ocrx_word' id='word_1_665' title='bbox 477 4552 756 4622; x_wconf 89' lang='lat' dir='ltr'><strong>operibus,</strong></span> <span class='ocrx_word' id='word_1_666' title='bbox 802 4553 880 4606; x_wconf 90' lang='lat' dir='ltr'><strong>uti</strong></span> <span class='ocrx_word' id='word_1_667' title='bbox 924 4555 1302 4611; x_wconf 64' lang='lat' dir='ltr'><strong>haereticorum</strong></span> <span class='ocrx_word' id='word_1_668' title='bbox 1351 4557 1493 4613; x_wconf 77' lang='lat' dir='ltr'><strong>fetus</strong></span> <span class='ocrx_word' id='word_1_669' title='bbox 1529 4559 1821 4627; x_wconf 89' lang='lat' dir='ltr'><strong>genuinus,</strong></span> <span class='ocrx_word' id='word_1_670' title='bbox 1865 4559 2042 4614; x_wconf 87' lang='lat' dir='ltr'><strong>elimi-</strong></span> 
     </span>
    </p>
   </div>
   <div class='ocr_carea' id='block_1_95' title="bbox 474 4644 2036 4714">
    <p class='ocr_par' dir='ltr' id='par_1_95' title="bbox 474 4644 2036 4714">
     <span class='ocr_line' id='line_1_96' title="bbox 474 4644 2036 4714; baseline 0.004 -15"><span class='ocrx_word' id='word_1_671' title='bbox 474 4644 655 4699; x_wconf 88' lang='lat' dir='ltr'><strong>nanda</strong></span> <span class='ocrx_word' id='word_1_672' title='bbox 706 4653 868 4714; x_wconf 89' lang='lat' dir='ltr'><strong>atque</strong></span> <span class='ocrx_word' id='word_1_673' title='bbox 923 4649 1354 4705; x_wconf 77' lang='lat' dir='ltr'><strong>exterminanda.</strong></span> <span class='ocrx_word' id='word_1_674' title='bbox 1423 4649 1531 4706; x_wconf 87' lang='lat' dir='ltr'><strong>Sed</strong></span> <span class='ocrx_word' id='word_1_675' title='bbox 1582 4649 2036 4706; x_wconf 88' lang='lat' dir='ltr'><strong>considerandum</strong></span> 
     </span>
    </p>
   </div>
   <div class='ocr_carea' id='block_1_96' title="bbox 472 4735 1002 4792">
    <p class='ocr_par' dir='ltr' id='par_1_96' title="bbox 472 4735 1002 4792">
     <span class='ocr_line' id='line_1_97' title="bbox 472 4735 1002 4792; baseline 0.002 -1"><span class='ocrx_word' id='word_1_676' title='bbox 472 4743 558 4791; x_wconf 87' lang='lat' dir='ltr'><strong>est</strong></span> <span class='ocrx_word' id='word_1_677' title='bbox 586 4735 638 4789; x_wconf 91' lang='lat' dir='ltr'><strong>id</strong></span> <span class='ocrx_word' id='word_1_678' title='bbox 670 4737 1002 4792; x_wconf 90' lang='lat' dir='ltr'><strong>accuratius.</strong></span> 
     </span>
    </p>
   </div>
   <div class='ocr_carea' id='block_1_97' title="bbox 541 4844 2034 4921">
    <p class='ocr_par' dir='ltr' id='par_1_97' title="bbox 541 4844 2034 4921">
     <span class='ocr_line' id='line_1_98' title="bbox 541 4844 2034 4921; baseline 0.002 -21"><span class='ocrx_word' id='word_1_679' title='bbox 541 4844 852 4901; x_wconf 87' lang='lat' dir='ltr'><strong>Bellarmini</strong></span> <span class='ocrx_word' id='word_1_680' title='bbox 917 4857 1237 4918; x_wconf 85' lang='lat' dir='ltr'><strong>argumenta</strong></span> <span class='ocrx_word' id='word_1_681' title='bbox 1295 4850 1528 4921; x_wconf 90' lang='lat' dir='ltr'><strong>alicujus</strong></span> <span class='ocrx_word' id='word_1_682' title='bbox 1585 4867 1712 4907; x_wconf 89' lang='lat' dir='ltr'><strong>esse</strong></span> <span class='ocrx_word' id='word_1_683' title='bbox 1773 4850 2034 4906; x_wconf 89' lang='lat' dir='ltr'><strong>momenti</strong></span> 
     </span>
    </p>
   </div>
   <div class='ocr_carea' id='block_1_98' title="bbox 541 5028 2028 5102">
    <p class='ocr_par' dir='ltr' id='par_1_98' title="bbox 541 5028 2028 5102">
     <span class='ocr_line' id='line_1_99' title="bbox 541 5028 2028 5102; baseline 0.001 -19"><span class='ocrx_word' id='word_1_684' title='bbox 541 5029 617 5098; x_wconf 93' lang='lat'><strong>(8)</strong></span> <span class='ocrx_word' id='word_1_685' title='bbox 653 5028 814 5102; x_wconf 82' lang='lat' dir='ltr'><strong>Vides</strong></span> <span class='ocrx_word' id='word_1_686' title='bbox 854 5030 1116 5099; x_wconf 83' lang='lat' dir='ltr'><strong>insignem</strong></span> <span class='ocrx_word' id='word_1_687' title='bbox 1151 5029 1538 5102; x_wconf 69' lang='lat' dir='ltr'><strong>Monophysitte</strong></span> <span class='ocrx_word' id='word_1_688' title='bbox 1582 5034 1811 5102; x_wconf 88' lang='lat' dir='ltr'><strong>alicujus</strong></span> <span class='ocrx_word' id='word_1_689' title='bbox 1846 5033 2028 5087; x_wconf 90' lang='lat' dir='ltr'><strong>homi-</strong></span> 
     </span>
    </p>
   </div>
   <div class='ocr_carea' id='block_1_99' title="bbox 471 5094 2026 5173">
    <p class='ocr_par' dir='ltr' id='par_1_99' title="bbox 471 5094 2026 5173">
     <span class='ocr_line' id='line_1_100' title="bbox 471 5094 2026 5173; baseline 0.002 -19"><span class='ocrx_word' id='word_1_690' title='bbox 471 5094 761 5170; x_wconf 48' lang='lat' dir='ltr'><strong>nis,&#39;qui,</strong></span> <span class='ocrx_word' id='word_1_691' title='bbox 798 5109 859 5173; x_wconf 78' lang='lat' dir='ltr'><strong>ut</strong></span> <span class='ocrx_word' id='word_1_692' title='bbox 890 5094 1017 5173; x_wconf 67' lang='lat' dir='ltr'><strong>mox</strong></span> <span class='ocrx_word' id='word_1_693' title='bbox 1060 5094 1335 5166; x_wconf 64' lang='lat' dir='ltr'><strong>dicemus,</strong></span> <span class='ocrx_word' id='word_1_694' title='bbox 1369 5094 1775 5173; x_wconf 8' lang='lat' dir='ltr'><strong>‘Thaumaturgi</strong></span> <span class='ocrx_word' id='word_1_695' title='bbox 1827 5103 2026 5170; x_wconf 86' lang='lat' dir='ltr'><strong>scripta</strong></span> 
     </span>
    </p>
   </div>
   <div class='ocr_carea' id='block_1_100' title="bbox 468 5170 2028 5240">
    <p class='ocr_par' dir='ltr' id='par_1_100' title="bbox 468 5170 2028 5240">
     <span class='ocr_line' id='line_1_101' title="bbox 468 5170 2028 5240; baseline 0.002 -16"><span class='ocrx_word' id='word_1_696' title='bbox 468 5173 745 5240; x_wconf 88' lang='lat' dir='ltr'><strong>corrupit,</strong></span> <span class='ocrx_word' id='word_1_697' title='bbox 801 5170 1081 5233; x_wconf 80' lang='lat' dir='ltr'><strong>fraudem,</strong></span> <span class='ocrx_word' id='word_1_698' title='bbox 1141 5173 1270 5225; x_wconf 90' lang='lat' dir='ltr'><strong>dum</strong></span> <span class='ocrx_word' id='word_1_699' title='bbox 1326 5171 1446 5225; x_wconf 78' lang='grc' dir='ltr'>οὐδέ</span> <span class='ocrx_word' id='word_1_700' title='bbox 1495 5170 1849 5240; x_wconf 50' lang='lat' dir='ltr'><strong>scripsit&#39;pro</strong></span> <span class='ocrx_word' id='word_1_701' title='bbox 1893 5173 2028 5227; x_wconf 76' lang='grc' dir='ltr'>ἀλλὰ</span> 
     </span>
    </p>
   </div>
   <div class='ocr_carea' id='block_1_101' title="bbox 468 5242 2024 5362">
    <p class='ocr_par' dir='ltr' id='par_1_101' title="bbox 468 5242 2024 5362">
     <span class='ocr_line' id='line_1_102' title="bbox 468 5242 2024 5362; baseline 0.003 -70"><span class='ocrx_word' id='word_1_702' title='bbox 468 5242 654 5362; x_wconf 43' lang='grc' dir='ltr'><strong>ἓηρᾳιιε</strong></span> <span class='ocrx_word' id='word_1_703' title='bbox 705 5256 803 5309; x_wconf 88' lang='lat' dir='ltr'><strong>pro</strong></span> <span class='ocrx_word' id='word_1_704' title='bbox 828 5242 960 5308; x_wconf 78' lang='lat' dir='ltr'><strong>sed),</strong></span> <span class='ocrx_word' id='word_1_705' title='bbox 987 5249 1147 5309; x_wconf 88' lang='lat' dir='ltr'><strong>atque</strong></span> <span class='ocrx_word' id='word_1_706' title='bbox 1177 5242 1248 5295; x_wconf 85' lang='lat' dir='ltr'><strong>ita</strong></span> <span class='ocrx_word' id='word_1_707' title='bbox 1281 5257 1346 5296; x_wconf 80' lang='lat' dir='ltr'><strong>ex</strong></span> <span class='ocrx_word' id='word_1_708' title='bbox 1375 5242 1678 5296; x_wconf 82' lang='lat' dir='ltr'><strong>orthodoxo</strong></span> <span class='ocrx_word' id='word_1_709' title='bbox 1707 5242 2024 5322; x_wconf 81' lang='lat' dir='ltr'><strong>Gregorium</strong></span> 
     </span>
     <span class='ocr_line' id='line_1_103' title="bbox 490 5309 2024 5362; baseline 0 0"><span class='ocrx_word' id='word_1_710' title='bbox 490 5313 595 5362; x_wconf 89' lang='lat' dir='ltr'><strong>eeit</strong></span> <span class='ocrx_word' id='word_1_711' title='bbox 626 5309 1054 5362; x_wconf 81' lang='lat' dir='ltr'><strong>Mononhvsitam</strong></span> <span class='ocrx_word' id='word_1_712' title='bbox 1110 5314 1307 5362; x_wconf 77' lang='lat' dir='ltr'><strong>(neque</strong></span> <span class='ocrx_word' id='word_1_713' title='bbox 1340 5315 1479 5362; x_wconf 88' lang='lat' dir='ltr'><strong>hanc</strong></span> <span class='ocrx_word' id='word_1_714' title='bbox 1513 5314 1727 5362; x_wconf 82' lang='lat' dir='ltr'><strong>brevem</strong></span> <span class='ocrx_word' id='word_1_715' title='bbox 1785 5322 2024 5362; x_wconf 72' lang='lat' dir='ltr'><strong>interno-</strong></span> 
     </span>
    </p>
   </div>
   <div class='ocr_carea' id='block_1_102' title="bbox 490 5309 2026 5382">
    <p class='ocr_par' dir='ltr' id='par_1_102' title="bbox 490 5309 2026 5382">
     <span class='ocr_line' id='line_1_104' title="bbox 490 5309 2026 5382; baseline 0 -18"><span class='ocrx_word' id='word_1_716' title='bbox 490 5312 595 5364; x_wconf 81' lang='lat' dir='ltr'><strong>ecit</strong></span> <span class='ocrx_word' id='word_1_717' title='bbox 626 5309 1054 5382; x_wconf 66' lang='lat' dir='ltr'><strong>Mongmysitam</strong></span> <span class='ocrx_word' id='word_1_718' title='bbox 1110 5314 1307 5382; x_wconf 90' lang='lat' dir='ltr'><strong>(neque</strong></span> <span class='ocrx_word' id='word_1_719' title='bbox 1340 5315 1479 5366; x_wconf 89' lang='lat' dir='ltr'><strong>hanc</strong></span> <span class='ocrx_word' id='word_1_720' title='bbox 1512 5314 1727 5366; x_wconf 83' lang='lat' dir='ltr'><strong>brevem</strong></span> <span class='ocrx_word' id='word_1_721' title='bbox 1785 5309 2026 5381; x_wconf 74' lang='lat' dir='ltr'><strong>interpo-</strong></span> 
     </span>
    </p>
   </div>
   <div class='ocr_carea' id='block_1_103' title="bbox 467 5326 2025 5463">
    <p class='ocr_par' dir='ltr' id='par_1_103' title="bbox 467 5326 2025 5463">
     <span class='ocr_line' id='line_1_105' title="bbox 468 5326 2025 5382; baseline 0.001 -20"><span class='ocrx_word' id='word_1_722' title='bbox 468 5326 595 5364; x_wconf 80' lang='lat' dir='ltr'><strong>teett</strong></span> <span class='ocrx_word' id='word_1_723' title='bbox 626 5326 783 5365; x_wconf 77' lang='lat' dir='ltr'><strong>mone</strong></span> <span class='ocrx_word' id='word_1_724' title='bbox 825 5326 1054 5381; x_wconf 77' lang='lat' dir='ltr'><strong>nysttam</strong></span> <span class='ocrx_word' id='word_1_725' title='bbox 1110 5326 1307 5382; x_wconf 65' lang='lat' dir='ltr'><strong>tneque</strong></span> <span class='ocrx_word' id='word_1_726' title='bbox 1340 5326 1479 5366; x_wconf 82' lang='lat' dir='ltr'><strong>hanc</strong></span> <span class='ocrx_word' id='word_1_727' title='bbox 1512 5326 1727 5366; x_wconf 84' lang='lat' dir='ltr'><strong>nrevem</strong></span> <span class='ocrx_word' id='word_1_728' title='bbox 1785 5326 2025 5381; x_wconf 73' lang='lat' dir='ltr'><strong>interpo-</strong></span> 
     </span>
     <span class='ocr_line' id='line_1_106' title="bbox 467 5326 2025 5463; baseline 0.003 -31"><span class='ocrx_word' id='word_1_729' title='bbox 467 5380 719 5463; x_wconf 72' lang='lat' dir='ltr'><strong>lationem</strong></span> <span class='ocrx_word' id='word_1_730' title='bbox 758 5326 1018 5463; x_wconf 56' lang='lat' dir='ltr'><strong>[iidogius</strong></span> <span class='ocrx_word' id='word_1_731' title='bbox 1063 5381 1178 5463; x_wconf 90' lang='lat' dir='ltr'><strong>ipse</strong></span> <span class='ocrx_word' id='word_1_732' title='bbox 1203 5383 1418 5463; x_wconf 83' lang='lat' dir='ltr'><strong>_diserte</strong></span> <span class='ocrx_word' id='word_1_733' title='bbox 1460 5383 1727 5453; x_wconf 74' lang='lat' dir='ltr'><strong>agnovit).</strong></span> <span class='ocrx_word' id='word_1_734' title='bbox 1771 5382 2025 5463; x_wconf 52' lang='lat' dir='ltr'><strong>itemnita</strong></span> 
     </span>
    </p>
   </div>
   <div class='ocr_carea' id='block_1_104' title="bbox 469 5451 2026 5534">
    <p class='ocr_par' dir='ltr' id='par_1_104' title="bbox 469 5451 2026 5534">
     <span class='ocr_line' id='line_1_107' title="bbox 469 5451 2026 5534; baseline 0.002 -31"><span class='ocrx_word' id='word_1_735' title='bbox 469 5465 528 5503; x_wconf 86' lang='lat' dir='ltr'><strong>se</strong></span> <span class='ocrx_word' id='word_1_736' title='bbox 562 5451 761 5534; x_wconf 75' lang='lat' dir='ltr'><strong>habere</strong></span> <span class='ocrx_word' id='word_1_737' title='bbox 788 5452 1128 5534; x_wconf 74' lang='lat' dir='ltr'><strong>denmnstrat</strong></span> <span class='ocrx_word' id='word_1_738' title='bbox 1157 5454 1456 5534; x_wconf 58' lang='lat' dir='ltr'><strong>_sincer_unl</strong></span> <span class='ocrx_word' id='word_1_739' title='bbox 1486 5451 1824 5534; x_wconf 46' lang='lat' dir='ltr'><strong>excerptum.</strong></span> <span class='ocrx_word' id='word_1_740' title='bbox 1847 5469 1877 5506; x_wconf 92' lang='lat' dir='ltr'><strong>a</strong></span> <span class='ocrx_word' id='word_1_741' title='bbox 1911 5451 2026 5534; x_wconf 80' lang='lat' dir='ltr'><strong>Sir-</strong></span> 
     </span>
    </p>
   </div>
   <div class='ocr_carea' id='block_1_105' title="bbox 466 5521 2026 5590">
    <p class='ocr_par' dir='ltr' id='par_1_105' title="bbox 466 5521 2026 5590">
     <span class='ocr_line' id='line_1_108' title="bbox 466 5521 2026 5590; baseline 0.003 -18"><span class='ocrx_word' id='word_1_742' title='bbox 466 5521 671 5573; x_wconf 90' lang='lat' dir='ltr'><strong>mondo</strong></span> <span class='ocrx_word' id='word_1_743' title='bbox 716 5521 982 5590; x_wconf 89' lang='lat' dir='ltr'><strong>prolatum</strong></span> <span class='ocrx_word' id='word_1_744' title='bbox 1020 5524 1071 5576; x_wconf 87' lang='lat' dir='ltr'><strong>i-n</strong></span> <span class='ocrx_word' id='word_1_745' title='bbox 1105 5523 1231 5578; x_wconf 90' lang='lat' dir='ltr'><strong>adn.</strong></span> <span class='ocrx_word' id='word_1_746' title='bbox 1294 5525 1359 5577; x_wconf 88' lang='lat' dir='ltr'><strong>ad</strong></span> <span class='ocrx_word' id='word_1_747' title='bbox 1415 5521 1731 5577; x_wconf 85' lang='lat' dir='ltr'><strong>Facundum</strong></span> <span class='ocrx_word' id='word_1_748' title='bbox 1784 5521 2026 5576; x_wconf 88' lang='lat' dir='ltr'><strong>Hermia-</strong></span> 
     </span>
    </p>
   </div>
   <div class='ocr_carea' id='block_1_106' title="bbox 466 5592 2024 5658">
    <p class='ocr_par' dir='ltr' id='par_1_106' title="bbox 466 5592 2024 5658">
     <span class='ocr_line' id='line_1_109' title="bbox 466 5592 2024 5658; baseline 0.003 -18"><span class='ocrx_word' id='word_1_749' title='bbox 466 5603 729 5652; x_wconf 86' lang='lat' dir='ltr'><strong>nensem,</strong></span> <span class='ocrx_word' id='word_1_750' title='bbox 795 5593 939 5658; x_wconf 90' lang='lat' dir='ltr'><strong>quod</strong></span> <span class='ocrx_word' id='word_1_751' title='bbox 999 5609 1123 5647; x_wconf 79' lang='lat' dir='ltr'><strong>mox</strong></span> <span class='ocrx_word' id='word_1_752' title='bbox 1165 5594 1411 5648; x_wconf 87' lang='lat' dir='ltr'><strong>recitabit</strong></span> <span class='ocrx_word' id='word_1_753' title='bbox 1459 5594 1706 5647; x_wconf 88' lang='lat' dir='ltr'><strong>Allatius.</strong></span> <span class='ocrx_word' id='word_1_754' title='bbox 1771 5592 2024 5646; x_wconf 78' lang='lat' dir='ltr'><strong>Jamvcro</strong></span> 
     </span>
    </p>
   </div>
   <div class='ocr_carea' id='block_1_107' title="bbox 465 5658 2023 5728">
    <p class='ocr_par' dir='ltr' id='par_1_107' title="bbox 465 5658 2023 5728">
     <span class='ocr_line' id='line_1_110' title="bbox 465 5658 2023 5728; baseline 0.003 -15"><span class='ocrx_word' id='word_1_755' title='bbox 465 5658 534 5713; x_wconf 85' lang='lat' dir='ltr'><strong>de</strong></span> <span class='ocrx_word' id='word_1_756' title='bbox 559 5660 830 5728; x_wconf 85' lang='lat' dir='ltr'><strong>corruptis</strong></span> <span class='ocrx_word' id='word_1_757' title='bbox 857 5661 1286 5719; x_wconf 75' lang='lat' dir='ltr'><strong>orthodoxorum</strong></span> <span class='ocrx_word' id='word_1_758' title='bbox 1335 5665 1487 5720; x_wconf 88' lang='lat' dir='ltr'><strong>libris</strong></span> <span class='ocrx_word' id='word_1_759' title='bbox 1518 5664 1706 5718; x_wconf 82' lang='lat' dir='ltr'><strong>fraude</strong></span> <span class='ocrx_word' id='word_1_760' title='bbox 1736 5664 2023 5718; x_wconf 71' lang='lat' dir='ltr'><strong>haeretico-</strong></span> 
     </span>
    </p>
   </div>
   <div class='ocr_carea' id='block_1_108' title="bbox 2142 4493 3712 4568">
    <p class='ocr_par' dir='ltr' id='par_1_108' title="bbox 2142 4493 3712 4568">
     <span class='ocr_line' id='line_1_111' title="bbox 2142 4493 3712 4568; baseline 0.006 -22"><span class='ocrx_word' id='word_1_761' title='bbox 2142 4493 2286 4546; x_wconf 90' lang='lat' dir='ltr'><strong>enim</strong></span> <span class='ocrx_word' id='word_1_762' title='bbox 2316 4494 2515 4548; x_wconf 86' lang='lat' dir='ltr'><strong>veritas</strong></span> <span class='ocrx_word' id='word_1_763' title='bbox 2555 4494 2608 4547; x_wconf 91' lang='lat' dir='ltr'><strong>in</strong></span> <span class='ocrx_word' id='word_1_764' title='bbox 2640 4493 2882 4548; x_wconf 89' lang='lat' dir='ltr'><strong>Ecclesia</strong></span> <span class='ocrx_word' id='word_1_765' title='bbox 2914 4495 3097 4549; x_wconf 90' lang='lat' dir='ltr'><strong>haberi</strong></span> <span class='ocrx_word' id='word_1_766' title='bbox 3136 4498 3306 4565; x_wconf 89' lang='lat' dir='ltr'><strong>possit</strong></span> <span class='ocrx_word' id='word_1_767' title='bbox 3332 4514 3397 4551; x_wconf 79' lang='lat' dir='ltr'><strong>ex</strong></span> <span class='ocrx_word' id='word_1_768' title='bbox 3430 4498 3712 4568; x_wconf 73' lang='lat' dir='ltr'><strong>Patr-ibus,</strong></span> 
     </span>
    </p>
   </div>
   <div class='ocr_carea' id='block_1_109' title="bbox 2140 4583 3712 4657">
    <p class='ocr_par' dir='ltr' id='par_1_109' title="bbox 2140 4583 3712 4657">
     <span class='ocr_line' id='line_1_112' title="bbox 2140 4583 3712 4657; baseline 0.005 -23"><span class='ocrx_word' id='word_1_769' title='bbox 2140 4591 2193 4635; x_wconf 87' lang='lat' dir='ltr'><strong>et</strong></span> <span class='ocrx_word' id='word_1_770' title='bbox 2223 4591 2423 4636; x_wconf 70' lang='lat' dir='ltr'><strong>exorta:</strong></span> <span class='ocrx_word' id='word_1_771' title='bbox 2469 4583 2699 4638; x_wconf 66' lang='lat' dir='ltr'><strong>haereses</strong></span> <span class='ocrx_word' id='word_1_772' title='bbox 2729 4584 2889 4638; x_wconf 91' lang='lat' dir='ltr'><strong>dictis</strong></span> <span class='ocrx_word' id='word_1_773' title='bbox 2931 4586 3277 4655; x_wconf 86' lang='lat' dir='ltr'><strong>antiquorum</strong></span> <span class='ocrx_word' id='word_1_774' title='bbox 3327 4588 3712 4657; x_wconf 78' lang='lat' dir='ltr'><strong>proﬂigentur,</strong></span> 
     </span>
    </p>
   </div>
   <div class='ocr_carea' id='block_1_110' title="bbox 2139 4672 3710 4742">
    <p class='ocr_par' dir='ltr' id='par_1_110' title="bbox 2139 4672 3710 4742">
     <span class='ocr_line' id='line_1_113' title="bbox 2139 4672 3710 4742; baseline 0.008 -19"><span class='ocrx_word' id='word_1_775' title='bbox 2139 4672 2318 4725; x_wconf 82' lang='lat' dir='ltr'><strong>divina</strong></span> <span class='ocrx_word' id='word_1_776' title='bbox 2362 4673 2697 4742; x_wconf 79' lang='lat' dir='ltr'><strong>providentia</strong></span> <span class='ocrx_word' id='word_1_777' title='bbox 2743 4672 2944 4728; x_wconf 81' lang='lat' dir='ltr'><strong>factum</strong></span> <span class='ocrx_word' id='word_1_778' title='bbox 2983 4685 3085 4742; x_wconf 92' lang='lat' dir='ltr'><strong>est,</strong></span> <span class='ocrx_word' id='word_1_779' title='bbox 3125 4686 3184 4730; x_wconf 89' lang='lat' dir='ltr'><strong>ut</strong></span> <span class='ocrx_word' id='word_1_780' title='bbox 3215 4678 3456 4732; x_wconf 80' lang='lat' dir='ltr'><strong>veritatis</strong></span> <span class='ocrx_word' id='word_1_781' title='bbox 3495 4684 3710 4735; x_wconf 80' lang='lat' dir='ltr'><strong>semina</strong></span> 
     </span>
    </p>
   </div>
   <div class='ocr_carea' id='block_1_111' title="bbox 2140 4764 3710 4835">
    <p class='ocr_par' dir='ltr' id='par_1_111' title="bbox 2140 4764 3710 4835">
     <span class='ocr_line' id='line_1_114' title="bbox 2140 4764 3710 4835; baseline 0.007 -17"><span class='ocrx_word' id='word_1_782' title='bbox 2140 4764 2193 4819; x_wconf 89' lang='lat' dir='ltr'><strong>in</strong></span> <span class='ocrx_word' id='word_1_783' title='bbox 2241 4766 2586 4835; x_wconf 88' lang='lat' dir='ltr'><strong>antiquorum</strong></span> <span class='ocrx_word' id='word_1_784' title='bbox 2642 4767 2858 4835; x_wconf 89' lang='lat' dir='ltr'><strong>scriptis</strong></span> <span class='ocrx_word' id='word_1_785' title='bbox 2914 4768 3335 4833; x_wconf 84' lang='lat' dir='ltr'><strong>oii‘enderentur,</strong></span> <span class='ocrx_word' id='word_1_786' title='bbox 3389 4781 3448 4824; x_wconf 90' lang='lat' dir='ltr'><strong>et</strong></span> <span class='ocrx_word' id='word_1_787' title='bbox 3487 4787 3710 4829; x_wconf 72' lang='lat' dir='ltr'><strong>errores</strong></span> 
     </span>
    </p>
   </div>
   <div class='ocr_carea' id='block_1_112' title="bbox 2144 4859 3707 4932">
    <p class='ocr_par' dir='ltr' id='par_1_112' title="bbox 2144 4859 3707 4932">
     <span class='ocr_line' id='line_1_115' title="bbox 2144 4859 3707 4932; baseline 0.006 -22"><span class='ocrx_word' id='word_1_788' title='bbox 2144 4872 2336 4912; x_wconf 88' lang='lat' dir='ltr'><strong>recens</strong></span> <span class='ocrx_word' id='word_1_789' title='bbox 2378 4861 2490 4912; x_wconf 91' lang='lat' dir='ltr'><strong>nati</strong></span> <span class='ocrx_word' id='word_1_790' title='bbox 2535 4860 2855 4913; x_wconf 89' lang='lat' dir='ltr'><strong>auctoritate</strong></span> <span class='ocrx_word' id='word_1_791' title='bbox 2883 4859 3149 4932; x_wconf 80' lang='lat' dir='ltr'><strong>majorum</strong></span> <span class='ocrx_word' id='word_1_792' title='bbox 3197 4863 3598 4919; x_wconf 79' lang='lat' dir='ltr'><strong>refutarentur.</strong></span> <span class='ocrx_word' id='word_1_793' title='bbox 3648 4866 3707 4920; x_wconf 81' lang='lat' dir='ltr'><strong>Et</strong></span> 
     </span>
    </p>
   </div>
   <div class='ocr_carea' id='block_1_113' title="bbox 2135 5027 3704 5105">
    <p class='ocr_par' dir='ltr' id='par_1_113' title="bbox 2135 5027 3704 5105">
     <span class='ocr_line' id='line_1_116' title="bbox 2135 5027 3704 5105; baseline 0.004 -22"><span class='ocrx_word' id='word_1_794' title='bbox 2135 5045 2254 5105; x_wconf 83' lang='lat' dir='ltr'><strong>rum</strong></span> <span class='ocrx_word' id='word_1_795' title='bbox 2277 5070 2292 5094; x_wconf 88' lang='lat'><strong>,</strong></span> <span class='ocrx_word' id='word_1_796' title='bbox 2334 5028 2424 5080; x_wconf 87' lang='lat' dir='ltr'><strong>diu</strong></span> <span class='ocrx_word' id='word_1_797' title='bbox 2459 5043 2558 5105; x_wconf 80' lang='lat' dir='ltr'><strong>nos</strong></span> <span class='ocrx_word' id='word_1_798' title='bbox 2591 5027 2755 5105; x_wconf 72' lang='lat' dir='ltr'><strong>locuti</strong></span> <span class='ocrx_word' id='word_1_799' title='bbox 2785 5029 3071 5105; x_wconf 62' lang='lat' dir='ltr'><strong>s_uytu_s__in_</strong></span> <span class='ocrx_word' id='word_1_800' title='bbox 3093 5030 3496 5105; x_wconf 82' lang='lat' dir='ltr'><strong>dissertatione,</strong></span> <span class='ocrx_word' id='word_1_801' title='bbox 3535 5051 3704 5105; x_wconf 83' lang='lat' dir='ltr'><strong>quam</strong></span> 
     </span>
    </p>
   </div>
   <div class='ocr_carea' id='block_1_114' title="bbox 2135 5099 3700 5173">
    <p class='ocr_par' dir='ltr' id='par_1_114' title="bbox 2135 5099 3700 5173">
     <span class='ocr_line' id='line_1_117' title="bbox 2135 5099 3700 5173; baseline 0.004 -19"><span class='ocrx_word' id='word_1_802' title='bbox 2135 5099 2303 5173; x_wconf 69' lang='lat' dir='ltr'><strong>babes</strong></span> <span class='ocrx_word' id='word_1_803' title='bbox 2333 5106 2387 5160; x_wconf 90' lang='lat' dir='ltr'><strong>in</strong></span> <span class='ocrx_word' id='word_1_804' title='bbox 2412 5101 2574 5169; x_wconf 91' lang='lat' dir='ltr'><strong>hujus</strong></span> <span class='ocrx_word' id='word_1_805' title='bbox 2593 5101 2761 5159; x_wconf 70' lang='lat' dir='ltr'><strong>None</strong></span> <span class='ocrx_word' id='word_1_806' title='bbox 2787 5099 2900 5154; x_wconf 86' lang='lat' dir='ltr'><strong>PP.</strong></span> <span class='ocrx_word' id='word_1_807' title='bbox 2929 5099 3266 5156; x_wconf 80' lang='lat' dir='ltr'><strong>Bibliotheca:</strong></span> <span class='ocrx_word' id='word_1_808' title='bbox 3301 5113 3451 5158; x_wconf 92' lang='lat' dir='ltr'><strong>tomo</strong></span> <span class='ocrx_word' id='word_1_809' title='bbox 3475 5099 3700 5173; x_wconf 73' lang='lat' dir='ltr'><strong>quarto.</strong></span> 
     </span>
    </p>
   </div>
   <div class='ocr_carea' id='block_1_115' title="bbox 2204 5237 3699 5321">
    <p class='ocr_par' dir='ltr' id='par_1_115' title="bbox 2204 5237 3699 5321">
     <span class='ocr_line' id='line_1_118' title="bbox 2204 5237 3699 5321; baseline 0.004 -27"><span class='ocrx_word' id='word_1_810' title='bbox 2204 5241 2280 5321; x_wconf 69' lang='grc'><strong>(9)</strong></span> <span class='ocrx_word' id='word_1_811' title='bbox 2323 5237 2525 5321; x_wconf 79' lang='lat' dir='ltr'><strong>Graece</strong></span> <span class='ocrx_word' id='word_1_812' title='bbox 2553 5238 2696 5321; x_wconf 76' lang='lat' dir='ltr'><strong>apud</strong></span> <span class='ocrx_word' id='word_1_813' title='bbox 2747 5237 3074 5321; x_wconf 43' lang='lat' dir='ltr'><strong>nos‘Scripl.</strong></span> <span class='ocrx_word' id='word_1_814' title='bbox 3110 5249 3208 5294; x_wconf 80' lang='lat' dir='ltr'><strong>vet.</strong></span> <span class='ocrx_word' id='word_1_815' title='bbox 3248 5250 3295 5321; x_wconf 88' lang='lat' dir='ltr'><strong>_t.</strong></span> <span class='ocrx_word' id='word_1_816' title='bbox 3334 5241 3453 5321; x_wconf 36' lang='lat' dir='ltr'><strong>V.l_l._</strong></span> <span class='ocrx_word' id='word_1_817' title='bbox 3484 5245 3699 5321; x_wconf 35' lang='lat' dir='ltr'><strong>p417}.</strong></span> 
     </span>
    </p>
   </div>
   <div class='ocr_carea' id='block_1_116' title="bbox 2131 5309 3700 5379">
    <p class='ocr_par' dir='ltr' id='par_1_116' title="bbox 2131 5309 3700 5379">
     <span class='ocr_line' id='line_1_119' title="bbox 2131 5309 3700 5379; baseline 0.003 -14"><span class='ocrx_word' id='word_1_818' title='bbox 2131 5309 2223 5364; x_wconf 88' lang='lat' dir='ltr'><strong>ubi</strong></span> <span class='ocrx_word' id='word_1_819' title='bbox 2267 5324 2420 5378; x_wconf 80' lang='lat' dir='ltr'><strong>aeque</strong></span> <span class='ocrx_word' id='word_1_820' title='bbox 2449 5316 2532 5362; x_wconf 88' lang='lat' dir='ltr'><strong>est</strong></span> <span class='ocrx_word' id='word_1_821' title='bbox 2562 5309 2992 5379; x_wconf 76' lang='lat' dir='ltr'><strong>Mempbysitica</strong></span> <span class='ocrx_word' id='word_1_822' title='bbox 3023 5313 3298 5379; x_wconf 88' lang='lat' dir='ltr'><strong>c0rruptio</strong></span> <span class='ocrx_word' id='word_1_823' title='bbox 3333 5309 3700 5369; x_wconf 69' lang='grc' dir='ltr'><strong>οὺδέ.Ἐιειιι</strong></span> 
     </span>
    </p>
   </div>
   <div class='ocr_carea' id='block_1_117' title="bbox 2131 5379 3695 5451">
    <p class='ocr_par' dir='ltr' id='par_1_117' title="bbox 2131 5379 3695 5451">
     <span class='ocr_line' id='line_1_120' title="bbox 2131 5379 3695 5451; baseline 0.004 -18"><span class='ocrx_word' id='word_1_824' title='bbox 2131 5381 2181 5433; x_wconf 92' lang='lat' dir='ltr'><strong>id</strong></span> <span class='ocrx_word' id='word_1_825' title='bbox 2226 5387 2538 5451; x_wconf 83' lang='lat' dir='ltr'><strong>corruptum</strong></span> <span class='ocrx_word' id='word_1_826' title='bbox 2567 5379 2961 5451; x_wconf 78' lang='lat' dir='ltr'><strong>Thaumaturgi</strong></span> <span class='ocrx_word' id='word_1_827' title='bbox 3011 5382 3378 5435; x_wconf 74' lang='lat' dir='ltr'><strong>testimonium</strong></span> <span class='ocrx_word' id='word_1_828' title='bbox 3433 5387 3606 5439; x_wconf 85' lang='lat' dir='ltr'><strong>etiam</strong></span> <span class='ocrx_word' id='word_1_829' title='bbox 3643 5388 3695 5439; x_wconf 88' lang='lat' dir='ltr'><strong>in</strong></span> 
     </span>
    </p>
   </div>
   <div class='ocr_carea' id='block_1_118' title="bbox 2129 5448 3696 5519">
    <p class='ocr_par' dir='ltr' id='par_1_118' title="bbox 2129 5448 3696 5519">
     <span class='ocr_line' id='line_1_121' title="bbox 2129 5448 3696 5519; baseline 0.004 -15"><span class='ocrx_word' id='word_1_830' title='bbox 2129 5451 2314 5504; x_wconf 84' lang='lat' dir='ltr'><strong>codice</strong></span> <span class='ocrx_word' id='word_1_831' title='bbox 2355 5449 2590 5503; x_wconf 85' lang='lat' dir='ltr'><strong>Arabico</strong></span> <span class='ocrx_word' id='word_1_832' title='bbox 2616 5448 2739 5502; x_wconf 89' lang='lat' dir='ltr'><strong>Vat.</strong></span> <span class='ocrx_word' id='word_1_833' title='bbox 2771 5448 2988 5515; x_wconf 43' lang='lat' dir='ltr'><strong>iOifin</strong></span> <span class='ocrx_word' id='word_1_834' title='bbox 3022 5467 3132 5519; x_wconf 87' lang='lat' dir='ltr'><strong>quo</strong></span> <span class='ocrx_word' id='word_1_835' title='bbox 3173 5465 3299 5506; x_wconf 88' lang='lat' dir='ltr'><strong>sunt</strong></span> <span class='ocrx_word' id='word_1_836' title='bbox 3334 5452 3562 5508; x_wconf 83' lang='lat' dir='ltr'><strong>Patrum</strong></span> <span class='ocrx_word' id='word_1_837' title='bbox 3599 5472 3696 5510; x_wconf 77' lang='lat' dir='ltr'><strong>ex-</strong></span> 
     </span>
    </p>
   </div>
   <div class='ocr_carea' id='block_1_119' title="bbox 2128 5519 3695 5591">
    <p class='ocr_par' dir='ltr' id='par_1_119' title="bbox 2128 5519 3695 5591">
     <span class='ocr_line' id='line_1_122' title="bbox 2128 5519 3695 5591; baseline 0.005 -18"><span class='ocrx_word' id='word_1_838' title='bbox 2128 5531 2308 5591; x_wconf 82' lang='lat' dir='ltr'><strong>cerpta</strong></span> <span class='ocrx_word' id='word_1_839' title='bbox 2344 5520 2411 5591; x_wconf 87' lang='lat' dir='ltr'><strong>ab</strong></span> <span class='ocrx_word' id='word_1_840' title='bbox 2445 5521 2660 5591; x_wconf 76' lang='lat' dir='ltr'><strong>homine</strong></span> <span class='ocrx_word' id='word_1_841' title='bbox 2682 5519 3054 5591; x_wconf 66' lang='lat' dir='ltr'><strong>bionophysita</strong></span> <span class='ocrx_word' id='word_1_842' title='bbox 3089 5523 3334 5588; x_wconf 89' lang='lat' dir='ltr'><strong>collecta,</strong></span> <span class='ocrx_word' id='word_1_843' title='bbox 3363 5533 3423 5576; x_wconf 90' lang='lat' dir='ltr'><strong>ut</strong></span> <span class='ocrx_word' id='word_1_844' title='bbox 3451 5525 3695 5581; x_wconf 78' lang='lat' dir='ltr'><strong>diximus</strong></span> 
     </span>
    </p>
   </div>
   <div class='ocr_carea' id='block_1_120' title="bbox 2129 5589 3694 5663">
    <p class='ocr_par' dir='ltr' id='par_1_120' title="bbox 2129 5589 3694 5663">
     <span class='ocr_line' id='line_1_123' title="bbox 2129 5589 3694 5663; baseline 0.005 -20"><span class='ocrx_word' id='word_1_845' title='bbox 2129 5591 2180 5643; x_wconf 93' lang='lat' dir='ltr'><strong>in</strong></span> <span class='ocrx_word' id='word_1_846' title='bbox 2231 5590 2418 5659; x_wconf 78' lang='lat' dir='ltr'><strong>Spicil.</strong></span> <span class='ocrx_word' id='word_1_847' title='bbox 2467 5589 2705 5663; x_wconf 26' lang='lat' dir='ltr'><strong>liomtt.</strong></span> <span class='ocrx_word' id='word_1_848' title='bbox 2739 5589 2804 5642; x_wconf 82' lang='grc' dir='ltr'><strong>ΙΙΙ</strong></span> <span class='ocrx_word' id='word_1_849' title='bbox 2834 5589 2860 5657; x_wconf 28' lang='grc' dir='ltr'>,θ</span> <span class='ocrx_word' id='word_1_850' title='bbox 2976 5591 3100 5660; x_wconf 69' lang='grc'>665,</span> <span class='ocrx_word' id='word_1_851' title='bbox 3151 5595 3242 5648; x_wconf 85' lang='lat' dir='ltr'><strong>ubi</strong></span> <span class='ocrx_word' id='word_1_852' title='bbox 3293 5594 3507 5663; x_wconf 82' lang='lat' dir='ltr'><strong>aliquot</strong></span> <span class='ocrx_word' id='word_1_853' title='bbox 3544 5597 3694 5652; x_wconf 68' lang='lat' dir='ltr'><strong>illinc</strong></span> 
     </span>
    </p>
   </div>
   <div class='ocr_carea' id='block_1_121' title="bbox 2127 5659 2677 5731">
    <p class='ocr_par' dir='ltr' id='par_1_121' title="bbox 2127 5659 2677 5731">
     <span class='ocr_line' id='line_1_124' title="bbox 2127 5659 2677 5731; baseline 0 -17"><span class='ocrx_word' id='word_1_854' title='bbox 2127 5662 2471 5731; x_wconf 89' lang='lat' dir='ltr'><strong>protulimus.</strong></span> <span class='ocrx_word' id='word_1_855' title='bbox 2508 5661 2575 5714; x_wconf 78' lang='grc' dir='ltr'><strong>Α.</strong></span> <span class='ocrx_word' id='word_1_856' title='bbox 2606 5659 2677 5715; x_wconf 77' lang='grc' dir='ltr'><strong>Μ.</strong></span> 
     </span>
    </p>
   </div>
  </div>
