3988 6200
329 288 348 341 Ι
361 288 469 342 225

1171 284 1418 343 ιΕοΝιε
1448 280 1719 342 ALLATii
1751 283 2072 340 DIATRIBA
2108 283 2195 337 DE
2236 280 2646 338 THEODOMS.

3409 283 3550 340 i226

319 403 663 460 divinitatem
718 399 840 454 Filii
879 414 984 454 non
1031 399 1263 468 primum
1313 400 1536 464 Arium,
1592 399 1685 454 sed
1741 400 1874 454 alios

1982 401 2057 461 εἰς
2111 398 2412 468 μαρτυρίαν
2444 398 2482 449 Γ
2487 397 2744 468 ρηγόριον
2791 395 2880 448 τὸν
2923 397 2977 448 ὲν
3026 396 3264 466 Θαύμασι
3324 397 3552 469 διαλάμ-

319 495 489 548 etiam
518 497 643 546 ante
675 490 850 560 ipsum
875 489 943 542 ab
973 488 1089 557 ipso
1111 487 1316 542 Christi
1354 488 1584 542 adventu
1617 503 1874 558 negasse;

320 595 381 640 ct
435 581 810 636 Nestorianam
876 579 1120 633 haeresim
1175 577 1676 649 Eutycbianamque
1753 587 1878 632 ante

321 680 505 744 ipsum
541 672 846 728 Nestorium
895 681 948 728 et
1002 671 1353 741 Eutychetem
1391 671 1459 726 ab
1499 671 1620 725 aliis
1665 685 1878 740 quoque

320 767 495 821 fuisse
538 764 956 834 promulgatam,
1003 764 1224 817 memini
1275 779 1360 817 me
1412 764 1538 817 alibi
1587 762 1720 818 satis
1761 760 1880 816 fuse

321 856 608 924 probasse.
665 852 982 908 Vossianam
1026 869 1155 908 vero
1185 869 1398 924 semper
1436 870 1466 908 a
1500 869 1604 908 non
1641 863 1879 908 contem-

320 949 519 1003 nendis
558 947 896 1011 auctoribus,
945 958 998 1000 ct
1047 947 1100 1000 in
1143 945 1516 1001 discernendis
1569 956 1877 999 sanctorum

319 1041 545 1110 scriptis
572 1040 997 1095 accuratissimis
1020 1043 1254 1111 agnitum
1282 1039 1443 1094 veluti
1470 1039 1878 1107 Thaumaturgi,

317 1145 378 1187 ct
406 1131 814 1201 Thaumaturgo
848 1143 1032 1186 nostro
1066 1134 1409 1195 vindicatam,
1442 1133 1684 1206 quilibet,
1722 1133 1867 1184 dunt-

321 1223 489 1277 modo
523 1223 591 1277 sit
623 1223 677 1276 in
706 1222 928 1276 Patrum
973 1223 1338 1276 monumentis
1369 1222 1658 1286 exercitus,
1697 1219 1882 1274 fatebi-

322 1325 436 1368 tur.
468 1311 576 1368 Nec
607 1313 852 1382 singulos
885 1329 1220 1367 recenseam.

396 1404 667 1460 Collector
721 1406 853 1460 satis
902 1406 1187 1474 antiquus,
1239 1403 1487 1474 quisquis
1549 1402 1637 1456 ille
1697 1401 1878 1468 fuerit,

319 1496 709 1549 auctoritalum
746 1494 812 1548 de
846 1493 1057 1548 duabus
1103 1492 1156 1546 in
1185 1494 1400 1546 Christo
1425 1494 1631 1546 naturis
1663 1508 1727 1546 ex
1758 1507 1883 1544 san-

319 1587 436 1640 ctis
484 1585 754 1652 l’atribus,
797 1601 960 1654 quam
995 1601 1118 1641 esse
1151 1594 1380 1638 veterem
1423 1584 1791 1638 coilectionem
1830 1591 1884 1636 et

323 1679 382 1732 in
407 1676 655 1746 pluribus
688 1676 914 1746 reperiri
954 1675 1296 1730 bibliothecis
1329 1676 1488 1730 tradit
1526 1674 1772 1738 Vossius,
1811 1689 1878 1727 ex

1977 491 2172 559 ψαντα,
2221 490 2349 560 παρ’
2387 481 2459 541 ὧν
2496 490 2589 540 καὶ
2623 486 2720 558 τὴν
2766 488 3081 557 ἐπωνυμίαν
3117 487 3473 558 ἐπλούτησεν·
3516 496 3547 544 ῡ

1983 579 2077 648 μὲν
2094 576 2200 647 γὰρ
2226 577 2445 646 Κύριος,
2471 597 2489 627 ι
2519 575 2615 628 Διὰ
2635 575 2725 628 δύο
2752 578 3086 648 μαρτύρωνῆ
3118 579 3210 630 καὶ
3227 577 3390 648 τριῶν
3413 579 3539 641 πᾶν,

1979 665 2118 733 εἷπε,
2137 669 2283 738 ῥῆμα
2307 668 2648 738 σταθήσεται,
2664 687 2680 715 ι
2707 667 2766 719 τὸ
2780 669 3032 738 ἀποχρῶν
3048 668 3222 721 αὐτῶν
3236 669 3312 731 εἰς
3327 668 3546 738 βεϐαίω-

1981 777 2063 812 σιν
2095 760 2230 829 τάχα
2263 758 2567 830 προδηλῶν·
2603 761 2760 830 ἡμεῖς
2801 759 2858 811 δὲ
2910 759 3000 811 τὸν
3047 761 3282 813 τοιοῦτον
3312 760 3543 832 ἀριθμὸν

1982 847 2123 899 κατὰ
2156 845 2352 916 πολλὴν
2412 848 2668 918 εὐπορίαν
2715 847 3185 912 διπλασιάσαντες,
3231 850 3386 903 ἕκτον
3440 851 3542 922 ἢδη

1979 937 2164 991 τοῦτον
2187 939 2504 1011 παράγομεν
2563 940 2752 1010 ἔχοντα
2777 941 2909 994 πολὺ
2934 942 3068 1012 πρὸς
3125 947 3234 1006 τοῖς
3264 943 3440 1006 ἄλλοις
3484 946 3545 1001 τί)

1980 1029 2309 1095 ἀξιόπιστον,
2330 1032 2386 1094 ὃς
2409 1035 2466 1085 ἐν
2492 1031 2568 1102 τῷ
2599 1032 2748 1085 κατὰ
2772 1032 2952 1100 μέρος
2977 1034 3239 1102 Πίστεως
3264 1037 3426 1089 αὑτοῦ
3459 1036 3547 1090 λό-

1981 1137 2060 1188 7:9
2079 1119 2248 1172 ταῦτα
2266 1136 2442 1192 φησιν·
2463 1121 2893 1190 Ὀμολογοῦμεν
2913 1124 3235 1190 ὀμοούσιον
3263 1125 3339 1190 τῷ
3364 1125 3547 1194 Harp!

1980 1208 2151 1264 εἶναι·
2191 1213 2283 1264 καὶ
2315 1212 2381 1264 τὰ
2425 1211 2565 1281 ἑξῆς.
2627 1232 2645 1264 ι
2681 1212 2791 1266 lloc
2830 1229 3044 1282 quoque
3085 1216 3453 1279 ostendemus,
3497 1216 3544 1270 si

1982 1306 2277 1375 placuerit,
2341 1306 2394 1358 in
2450 1306 2815 1358 testimonium
2879 1304 3208 1359 adducentes
3263 1307 3544 1362 miraculis

1981 1393 2302 1461 praeclarum
2331 1389 2649 1461 Gregorium
2671 1431 2686 1454 ,
2716 1407 2779 1443 ex
2810 1391 3006 1459 quibus
3038 1393 3196 1445 etiam
3243 1408 3540 1463 cognomen

1981 1482 2205 1550 adeptus
2233 1495 2333 1534 est.
2372 1479 2616 1549 Namque
2643 1479 2926 1544 Dominus,
2955 1498 2972 1530 ι
3005 1482 3055 1533 in
3083 1498 3176 1534 ore
3200 1482 3429 1537 duorum
3461 1486 3543 1539 vel

1980 1575 2143 1628 trium
2191 1575 2404 1628 testium
2437 1588 2596 1627 omne
2627 1576 2848 1626 verbum
2887 1583 3049 1636 stare,
3089 1594 3105 1624 ι
3145 1576 3288 1643 quod
3322 1575 3374 1629 id
3407 1577 3540 1630 satis

1981 1671 2122 1716 esset
2154 1661 2220 1715 ad
2265 1676 2377 1715 rem
2411 1662 2818 1726 coﬁrmaudam,
2852 1662 3063 1715 asserit.
3103 1661 3171 1714 At
3213 1678 3313 1717 nos
3345 1663 3537 1732 hujus-

325 1773 436 1823 hac
466 1769 652 1822 eadem
679 1766 832 1822 Fidei
860 1769 1176 1837 expositione
1199 1767 1481 1821 secundum
1519 1777 1689 1834 partes
1730 1765 1879 1820 testi-

1984 1753 2129 1807 tnodi
2173 1767 2479 1816 numerum,
2514 1767 2636 1806 cum
2673 1751 3038 1806 abundantius
3079 1762 3404 1821 suppeteret,
3436 1755 3542 1808 du.

323 1862 572 1914 monium
615 1861 838 1930 profert,
874 1861 1017 1932 quod
1046 1860 1212 1914 edidit
1255 1858 1501 1913 Vossius.
1538 1857 1882 1912 Andronicus

319 1953 668 2016 Cumaterus,
717 1968 821 2006 non
869 1951 1294 2006 contemnendus
1326 1959 1542 2014 auctor,
1594 1959 1648 2005 et
1705 1951 1758 2003 in
1808 1951 1882 2003 le-

322 2043 504 2095 ctione
535 2052 845 2095 sanctorum
875 2039 1095 2094 Patrum
1126 2041 1549 2104 vcrsatissimus,
1599 2041 1739 2093 inter
1776 2041 1880 2092 alia

324 2141 641 2186 sanctorum
679 2132 986 2186 testimonia
1029 2148 1058 2184 a
1091 2147 1146 2186 se
1179 2132 1403 2186 collecta
1435 2131 1501 2185 de
1531 2131 1880 2200 processione

326 2222 565 2292 Spiritus
621 2222 822 2285 sancti,
879 2237 942 2276 ex
975 2221 1075 2275 hac
1125 2237 1340 2291 quoque
1362 2222 1512 2276 Fidei
1561 2222 1880 2290 expositione

326 2326 496 2364 unam
534 2319 589 2364 et
620 2311 845 2364 alteram
886 2326 949 2365 ac
982 2310 1192 2364 tertiam
1223 2311 1600 2364 auctoritatem
1646 2311 1878 2380 collegit,

324 2412 384 2457 et
427 2401 506 2456 uti
549 2401 814 2472 genuinas
852 2398 1240 2470 Thaumaturgi
1287 2400 1401 2456 suis
1462 2399 1882 2455 animadversio-

327 2495 491 2548 nibus
520 2507 787 2564 exponere
834 2501 1096 2558 conatur;
1137 2491 1224 2545 cui
1268 2493 1603 2562 respondens
1643 2491 1882 2546 Joannes

326 2583 539 2638 Vcccus
585 2581 891 2653 patriarcha
920 2579 1586 2650 Constantinopolitanus,
1635 2594 1744 2634 non
1789 2594 1881 2636 eas

327 2682 591 2739 tanquam
627 2668 841 2738 spurias
885 2669 1094 2738 rcjicit,
1142 2668 1238 2723 sed
1291 2669 1367 2722 uti
1413 2668 1677 2738 genuinas
1715 2684 1883 2739 agno-

327 2776 643 2824 scens,'sua
685 2761 1045 2830 explicatione
1076 2760 1144 2814 ab
1173 2761 1378 2815 absona
1409 2761 1674 2816 Camateri
1715 2776 1880 2831 expoo

327 2856 527 2911 sitione
570 2854 624 2907 in
672 2862 872 2907 rectam
920 2851 1153 2922 tideique
1209 2868 1505 2907 consonam
1559 2853 1881 2908 sententiam

329 2946 590 3010 traducit,
634 2953 689 2998 et
727 2959 915 2996 verum
965 2943 1280 2997 earumdem
1339 2957 1560 2999 sensum
1615 2944 1880 3000 enucleat.

329 3033 491 3105 Quod
537 3035 581 3090 si
625 3033 1059 3105 ψευδεπίγραφον
1098 3041 1423 3103 reputasset,
1465 3033 1790 3088 extricasset
1823 3049 1883 3089 se

327 3127 575 3193 facilius,
629 3125 919 3180 asset-endo
978 3139 1084 3178 non
1137 3139 1260 3179 esse
1314 3124 1424 3179 illis
1478 3124 1883 3188 attendendum,

327 3235 456 3276 eum
491 3226 676 3273 essent
719 3217 1102 3286 supposititiae.
1139 3216 1395 3282 Quinimo
1422 3216 1561 3271 idem
1591 3214 1801 3271 Veccus
1831 3217 1885 3270 in

1989 1844 2272 1913 plicantes,
2303 1852 2512 1895 sextum
2542 1841 2686 1895 hunc
2720 1842 2772 1894 in
2805 1843 3038 1896 medium
3074 1844 3412 1910 adducimus,
3447 1845 3543 1916 qui

1983 1950 2092 2004 pra:
2124 1934 2244 1987 aliis
2275 1932 2376 1987 lide
2413 1933 2766 2002 dignissimus
2809 1943 2909 1987 cst.
2949 1932 3045 1987 llic
3085 1935 3134 1987 in
3164 1936 3408 1990 Oratione
3443 1951 3541 1991 sua

1981 2026 2044 2080 de
2081 2027 2184 2095 [ide
2236 2025 2519 2078 secundum
2562 2036 2773 2093 partes,
2816 2025 2929 2080 [nec
2976 2027 3135 2081 habet
3173 2043 3184 2077 :
3221 2026 3544 2097 Conﬁtentur

1983 2119 2479 2174 consubstantialem
2515 2134 2626 2172 esse
2657 2117 2830 2181 Patri,
2860 2128 2963 2172 etc.
3006 2138 3023 2169 ι
3055 2117 3119 2171 Ει
3159 2127 3300 2174 orat.
3333 2136 3371 2173 ll
3395 2139 3408 2173 :
3434 2120 3544 2172 Καὶ

1981 2208 2044 2279 δὴ
2083 2207 2296 2261 λεκτέον
2325 2208 2461 2261 κατὰ
2482 2208 2654 2280 ἀρχὰς
2680 2209 2775 2281 τὴν
2807 2209 2961 2281 ρἧιν
2997 2210 3089 2263 τοῦ
3120 2211 3543 2286 Θαυματουργοῦ

1983 2302 2325 2372 Γρηγορίου,
2382 2301 2475 2354 τοῦ
2520 2301 2580 2354 τὸ
2623 2304 2729 2356 πᾶν
2783 2303 3065 2374 διαϐοήτου
3125 2308 3235 2369 τοῖς
3295 2309 3541 2379 πέρασιν,

1981 2386 2049 2464 ἦς
2096 2392 2195 2446 οὐκ
2244 2391 2309 2445 ἂν
2355 2395 2418 2464 τῇ
2467 2393 2704 2465 προτέρα
2761 2394 2862 2463 τῆς
2905 2394 2998 2448 νῦν
3050 2400 3398 2470 πραγματείᾳ
3424 2400 3542 2453 καθ’

1981 2483 2166 2554 ἕτερον
2215 2481 2487 2554 ἐμνήσθην
2535 2482 2764 2536 σκοπόν·
2813 2484 2846 2552 ἡ
2888 2482 2944 2536 δὲ
3003 2483 3189 2554 ῥῆσις,
3235 2485 3310 2549 ὡς
3348 2487 3413 2539 ἂν
3451 2489 3544 2541 καὶ

1981 2574 2181 2644 ταύτην
2228 2574 2447 2644 γένηταί
2501 2592 2590 2644 μοι
2639 2572 2906 2626 διαλαϐεῖν
2944 2574 3147 2644 τάχιον,
3195 2579 3252 2630 ὲν
3287 2576 3363 2648 τῷ
3402 2577 3542 2650 λόγῳ

1982 2667 2080 2738 τῆς
2122 2665 2283 2720 αὐτοῦ
2333 2666 2482 2718 κατὰ
2519 2664 2698 2735 μέρος
2743 2667 3006 2732 Πίστεως
3053 2669 3311 2740 κειμένη,
3356 2671 3537 2742 φησίνο

1994 2756 2418 2826 Ὁμολογοῡμεν
2471 2757 2791 2825 όμοούσιον
2847 2756 2926 2822 τῷ
2974 2759 3159 2826 Πατρὶ
3206 2757 3390 2815 εἶναι’
3449 2765 3542 2819 καὶ

1981 2849 2137 2903 τοῦτο
2174 2850 2269 2920 μὲν
2310 2850 2336 2900 ὁ
2362 2848 2467 2900 τῶν
2507 2847 2664 2900 θείων
2709 2847 3099 2919 ἀποκαλύψεων
3145 2845 3299 2918 οὗτος
3331 2855 3543 2928 ὑφηγη-

1981 2941 2102 3012 τής.
2149 2959 2166 2991 ι
2197 2937 2263 2993 Et
2293 2954 2420 2994 vero
2465 2937 2847 3008 proferendum
2897 2950 2980 2995 est
3021 2943 3126 2998 hoc
3155 2947 3422 3018 principio
3454 2949 3541 3003 di-

1986 3039 2132 3086 ctum
2158 3029 2546 3100 Thaumaturgi
2577 3030 2843 3100 Gregorii,
2871 3033 3029 3102 cujus
3061 3033 3201 3090 fama
3229 3037 3363 3094 lines
3387 3040 3539 3097 orbis

1989 3123 2248 3192 pervasit,
2278 3123 2432 3193 cujus
2472 3138 2577 3176 non
2607 3123 2715 3176 alio
2742 3139 2907 3192 senpo
2944 3126 2996 3179 iu
3035 3129 3358 3209 prteccdenti
3399 3148 3539 3203 quo-

1986 3231 2091 3284 que
2125 3227 2354 3269 tractatu
2400 3216 2726 3270 mentionem
2779 3217 2989 3272 induxi.
3043 3217 3252 3276 Dictum
3291 3239 3441 3293 vero,
3474 3243 3542 3283 ne

325 3310 571 3367 oratione
604 3308 675 3362 De
710 3309 898 3360 unione
931 3307 1289 3360 [ecclesiarum
1320 3323 1382 3362 ex
1414 3323 1475 3361 ea
1506 3317 1761 3378 tanquam
1796 3323 1879 3379 ge-

1987 3320 2172 3360 moras
2203 3306 2434 3359 texendo
2462 3314 2673 3374 tempus
2717 3307 3010 3375 insumam,
3037 3309 3181 3379 jacet
3212 3313 3262 3366 in
3296 3316 3542 3372 oratione

329 3405 496 3458 nuina
536 3403 602 3456 ad
633 3402 954 3456 reiellendos
979 3400 1193 3455 Graecus
1225 3401 1594 3456 testimonium
1624 3403 1882 3456 assumit:

338 3495 398 3548 '0
442 3494 612 3566 μέγας
649 3494 742 3546 καὶ
784 3493 1203 3564 Θαυματουργὸς
1251 3493 1543 3564 Γρηγόριος
1585 3493 1885 3546 Νεοκαισα-

328 3588 481 3661 ρείας
505 3588 791 3649 ἐπίσκοπος
815 3588 871 3638 ὲν
901 3586 978 3656 τῷ
1003 3585 1144 3656 λόγῳ
1199 3578 1260 3638 οὗ
1305 3588 1337 3655 ἡ
1380 3586 1539 3656 ἀρχή⁶
1588 3585 1885 3654 Ἕχθιστοι

327 3678 428 3732 καὶ
474 3679 772 3746 ἀλλότριοι
831 3677 939 3746 τῆς
989 3675 1395 3744 ἀποστολικῆς
1444 3677 1780 3746 ὁμολογίας,
1831 3679 1884 3730 οἱ

327 3767 437 3822 τὸν
493 3766 629 3819 Υίὸν
669 3767 736 3831 ἐξ
774 3769 884 3820 οὐκ
936 3766 1124 3820 ὄντων
1152 3765 1466 3836 λέγοντες,
1509 3765 1689 3837 φησιν.
1733 3764 1884 3820 sMa-

329 3873 468 3928 gnus
508 3866 560 3910 ct
592 3858 972 3911 miraculorum
1015 3856 1235 3911 etl‘eetor
1267 3855 1559 3928 Gregorius
1603 3854 1882 3913 Neocaesa-

329 3947 529 4003 riensis
557 3948 844 4015 episcopus
879 3946 931 3997 in
960 3946 1203 3998 oratione
1231 3945 1388 4012 cujus
1415 3943 1742 4012 principium
1778 3953 1879 3996 est:

332 4040 697 4096 lnimicissimi
729 4049 777 4092 et
803 4039 963 4091 atieni
987 4038 1052 4090 ab
1075 4039 1361 4106 apostolica
1397 4037 1718 4106 confessione
1743 4046 1880 4102 sunt,

327 4135 418 4203 qui
441 4131 643 4185 Filium
667 4147 730 4184 ex
755 4132 822 4183 iis
851 4146 967 4200 qute
996 4146 1096 4182 non
1128 4137 1334 4182 exstant
1362 4137 1623 4193 asserunt,
1652 4128 1877 4197 inquit.»

333 4223 398 4277 Et
436 4223 489 4276 in
518 4223 632 4278 suis
663 4220 978 4290 Epigrap/tis
1010 4234 1117 4273 non
1149 4235 1252 4272 una
1284 4221 1437 4274 vice:
1486 4220 1542 4272 '0
1592 4219 1762 4290 μέγας
1792 4219 1883 4272 καὶ

329 4312 749 4386 Θαυματουργὸς
771 4311 1062 4383 Γρηγόριος
1078 4311 1497 4382 Νεοκαισαρείας
1516 4311 1806 4373 ἐπίσκοπος
1827 4311 1883 4363 ὲν

2004 3396 2149 3450 illius
2188 3399 2249 3448 de
2279 3396 2380 3465 [ide
2415 3397 2695 3449 secundum
2741 3408 2936 3466 partes,
2972 3409 3025 3454 et
3057 3410 3140 3457 est
3173 3419 3186 3454 :
3223 3403 3544 3475 Can/itemur

1985 3488 2480 3542 consubstantialem
2509 3505 2619 3542 esse
2645 3487 2818 3543 Patri.
2855 3489 2920 3545 Et
2952 3491 3054 3547 hoc
3086 3496 3304 3564 quidem
3342 3499 3430 3554 ille
3456 3501 3542 3555 di-

1983 3583 2240 3635 vinarum'
2290 3580 2676 3634 revelationum
2735 3582 3021 3652 interpres.
3055 3603 3074 3636 ›
3140 3585 3204 3639 Et
3234 3585 3540 3644 Demetrius

1984 3672 2258 3743 Cydonius
2290 3671 2366 3725 De
2420 3672 2742 3738 processione
2782 3671 3012 3742 Spiritus
3061 3677 3254 3742 sancti,
3297 3695 3414 3748 cap.
3442 3679 3538 3735 1οε

1984 3764 2175 3817 Καίτοι
2223 3761 2316 3814 καὶ
2366 3762 2472 3815 τῶν
2518 3763 2845 3817 διδασκάλων
2902 3767 3042 3828 τινὲς
3087 3768 3184 3837 τὴν
3256 3769 3348 3822 τοῦ
3382 3771 3536 3838 ἁγίου

1984 3853 2294 3923 Πνεῦματος
2336 3854 2654 3924 ὲκπόρευσιν
2709 3855 2981 3925 ἔκπεμψιν
3020 3852 3156 3910 εἶναι
3202 3858 3539 3915 διδάσκουσιν

1984 3943 2149 3997 ἀΐδιον
2167 3959 2180 3973 ο
2211 3942 2366 3996 τοῦτο
2409 3945 2504 4014 μὲν
2538 3947 2565 3998 ὁ
2586 3944 3004 4018 Θαυματουργὸς
3034 3949 3358 4020 Γρηγόριος,
3387 3953 3541 4008 τοῦτο

1981 4036 2038 4089 δὲ
2070 4036 2366 4108 Γρηγόριος
2393 4039 2420 4090 ὀ
2450 4035 2730 4106 Θεολόγος·
2759 4039 2788 4106 ὁ
2820 4040 2916 4109 μὲν
2940 4041 2997 4092 ὲν
3034 4040 3174 4114 λόγῳ
3216 4037 3278 4096 οὗ
3310 4047 3341 4116 ἡ
3373 4047 3535 4118 ἀρχή·

1987 4133 2288 4200 Ἕχθιστοι
2334 4131 2429 4184 καί
2471 4132 2802 4200 ἀλλότριοι,
2859 4133 3100 4202 φάσκωψ
3145 4137 3237 4188 καὶ
3277 4137 3343 4190 τὰ
3390 4137 3534 4210 ἑξῆς.

1989 4224 2284 4291 «Quamvis
2333 4224 2577 4277 nonnulli
2615 4225 2895 4278 doctorum
2932 4226 3332 4294 processionem
3365 4231 3535 4285 sancti

1985 4313 2219 4385 Spiritus
2246 4315 2589 4369 emissionem
2621 4330 2740 4369 esse
2766 4324 3020 4369 teternam
3054 4317 3304 4382 doceant,
3333 4320 3534 4388 partim

330 4407 406 4478 τῷ
429 4407 571 4475 λόγῳ
614 4398 675 4458 οὗ
711 4406 742 4475 ὴ
774 4406 933 4476 ἀρχή·
972 4405 1273 4471 Ἔχθιστοι
1304 4403 1399 4456 καὶ
1445 4405 1740 4472 ἀλλότριοι
1773 4402 1879 4471 τῆς

1982 4406 2197 4474 quidem
2262 4405 2549 4476 Gregorius
2612 4403 3082 4476 Thaumaturgus,
3147 4408 3343 4476 partim
3409 4426 3538 4464 vero

241 4531 258 4539 ι
328 4491 742 4560 ἀποστολικῆς
770 4491 1102 4561 ὁμολογίας.
1143 4509 1160 4541 ι
1190 4491 1410 4561 Magnus
1442 4502 1493 4546 et
1519 4491 1874 4547 Thaumatur-

332 4601 434 4656 gus
481 4583 776 4651 Gregorius
823 4581 1276 4637 Neoctesaricnsis
1324 4583 1611 4652 episcopus
1657 4585 1709 4637 in
1752 4599 1877 4638 ora-

332 4679 478 4730 tione
548 4690 668 4744 quze
715 4675 940 4743 incipit:
972 4671 1330 4727 Inimicissinti
1373 4674 1618 4728 et'alieni
1660 4677 1724 4728 ab
1753 4693 1879 4744 apo-

330 4768 519 4823 stolica
541 4768 914 4836 confessione,»
933 4776 1038 4821 etc.
1062 4765 1126 4820 Et
1149 4781 1214 4820 ex
1231 4781 1292 4820 ea
1327 4765 1629 4820 testimonia
1655 4767 1875 4836 profert.

329 4860 599 4930 Georgius
627 4859 914 4914 Metochita
955 4861 1008 4912 in
1034 4858 1276 4912 oratione
1305 4858 1476 4928 prima
1509 4859 1571 4910 de
1595 4875 1720 4928 pace
1742 4860 1881 4913 inter

329 4955 464 5006 duas
519 4951 783 5006 Ecclesias
815 4969 833 5006 :
882 4950 943 5004 '0
994 4949 1089 5020 τὴν
1133 4949 1318 5020 κλῆσιν
1382 4949 1722 5021 ἁρμοζόντως
1772 4955 1880 5015 τοῖς

329 5044 509 5116 ἔργοις
561 5042 738 5114 λαχὼν
776 5041 1072 5114 Γρηγόριος
1137 5040 1166 5092 ὀ
1212 5039 1627 5112 Θαυματουργὸς
1694 5041 1754 5094 ἐν
1804 5041 1880 5112 τῷ

326 5136 473 5206 λόγῳ
525 5129 584 5189 οὗ
613 5137 645 5206 ἡ
671 5136 832 5207 ἀρχήσ
868 5136 1171 5203 Ἕχθιστοι
1207 5133 1302 5186 καὶ
1335 5134 1652 5202 ἀλλότριοι,
1696 5133 1874 5204 φησίν⁸

339 5226 688 5303 ’Δγεννήτου
723 5227 840 5296 μὲν
867 5226 1038 5291 ὄντος
1065 5226 1170 5279 τοῦ
1208 5226 1455 5296 Πατρός,
1495 5228 1586 5279 καί
1622 5225 1690 5279 τὰ
1731 5226 1874 5296 ἑξῆς.

335 5337 356 5370 ‹
392 5317 496 5384 Qui
533 5334 729 5372 nomen
770 5317 1022 5384 operibus
1060 5319 1386 5374 conveniens
1417 5329 1606 5373 nactus
1633 5327 1716 5372 est
1739 5317 1864 5372 Gre-

330 5411 515 5481 gorius
549 5411 1004 5479 Thaumaturgus,
1055 5410 1109 5463 in
1159 5411 1402 5464 oratione
1487 5411 1644 5478 cujus
1678 5409 1879 5480 princi-

330 5502 482 5572 pium
512 5517 530 5556 .'
561 5500 926 5555 Inimicissinti
959 5511 1007 5554 et
1043 5501 1203 5554 alieni
1224 5500 1352 5555 dicit
1384 5517 1397 5554 :
1426 5499 1693 5569 Ingcnitus
1719 5499 1878 5553 Pater

331 5609 453 5646 cum
486 5593 575 5659 sit,
606 5601 711 5646 etc.
749 5611 768 5644 i
832 5592 1217 5647 Constantinus
1261 5591 1606 5655 Meletiniota,
1660 5601 1797 5645 orat.
1827 5607 1874 5644 ιε

327 5687 586 5756 Δείξομεν
625 5685 680 5738 δὲ
721 5685 812 5738 καὶ
843 5685 903 5737 τὸ
945 5685 1136 5755 παρὸν,
1185 5686 1231 5737 εί
1269 5683 1430 5748 δοκεῖ,
1480 5681 1877 5754 παραλαϐόντες

644 5781 914 5842 Parnm“
946 5779 1036 5840 Gn
1101 5781 1181 5840 Χ.

1979 4495 2271 4567 Gregorius
2284 4496 2625 4566 Theologus:
2654 4497 2740 4552 ille
2768 4497 2984 4568 quidem
3014 4499 3064 4552 in
3091 4501 3357 4566 oratione,
3383 4501 3539 4570 cujus

1981 4589 2227 4642 initium:
2263 4587 2626 4643 lnimicissimi
2659 4601 2814 4660 atque
2838 4591 3019 4654 alieni,
3051 4593 3301 4660 inquiens
3323 4633 3338 4654 ,
3367 4603 3472 4649 etc.
3509 4612 3527 4644 ι

1981 4677 2104 4732 Vin‘
2136 4679 2354 4750 plures?
2395 4678 2663 4748 Joscphus
2700 4679 3003 4751 Brycnuius
3036 4693 3172 4736 orat.
3221 4699 3287 4736 xv
3321 4684 3393 4737 De
3429 4683 3540 4738 Tri-

1980 4771 2176 4825 nitate:
2198 4771 2337 4822 Αὐτὸ
2365 4770 2524 4822 τοῦτο
2555 4769 2800 4839 βούλεται
2831 4771 2972 4825 κατὰ
2999 4775 3196 4839 πάντα,
3234 4776 3325 4829 καὶ
3349 4776 3410 4828 τὸ
3441 4775 3535 4829 τοῦ

1979 4859 2400 4932 Θαυματουργοῦ
2438 4861 2760 4934 Γρηγορίου,
2813 4864 2908 4915 καὶ
2955 4863 3016 4916 τὸ
3052 4863 3144 4916 τοῦ
3175 4864 3416 4937 Νύσσης,
3445 4866 3538 4919 καὶ

1979 4953 2040 5007 τὺ
2061 4952 2152 5006 τοῦ
2184 4953 2586 5024 Χρυσοστόμου,
2613 4952 2704 5007 τοῦ
2738 4955 2837 5025 μὲν
2872 4955 3135 5021 λέγοντος·
3193 4957 3536 5025 Ἀγεννήτου

1973 5045 2088 5115 μὲν
2110 5045 2280 5110 ὄντος
2306 5043 2410 5097 τοῦ
2437 5045 2686 5113 Πατρός,
2721 5044 3110 5115 γεννηθέντος
3139 5047 3207 5100 δὲ
3238 5049 3343 5102 τοῦ
3377 5050 3530 5104 Υἰοῦ·

1981 5138 2077 5190 καὶ
2109 5137 2178 5190 τὰ
2210 5135 2354 5208 ἑξῆς.
2410 5158 2427 5188 ι
2457 5136 2567 5192 Hoc
2612 5139 2751 5194 idem
2786 5139 2884 5194 sibi
2921 5140 3034 5194 vult
3069 5156 3164 5210 per
3194 5143 3376 5196 omnia
3420 5152 3531 5198 tum

1980 5228 2370 5298 Thaumaturgi
2405 5230 2674 5302 Gregorii,
2731 5241 2842 5284 tum
2893 5229 3140 5302 Nysseni,
3202 5241 3314 5287 tum
3360 5234 3556 5307 Chryv

1979 5322 2205 5404 sostomi
2263 5322 2488 5376 dictum.
2544 5323 2727 5376 Primo
2774 5323 2989 5392 quidem
3049 5321 3262 5378 dicente
3311 5344 3326 5379 :
3377 5323 3534 5398 Inge-

1979 5412 2123 5468 nitus
2160 5426 2276 5464 cum
2317 5412 2385 5463 sit
2417 5410 2615 5477 Pater,
2658 5412 2864 5480 genitus
2903 5421 3076 5464 autem
3103 5410 3314 5482 Filius,
3369 5425 3476 5474 etc.
3505 5436 3526 5470 ι

1978 5499 2044 5554 Et
2071 5515 2139 5553 ne
2167 5500 2565 5568 antiquioribus
2592 5501 2812 5555 destitui
2842 5503 3142 5566 videamur,
3173 5509 3534 5565 accersendus

1979 5599 2063 5644 est
2096 5591 2418 5645 Anastasius
2453 5590 2655 5644 Sinaita
2678 5630 2693 5655 ,
2728 5593 2821 5660 qui
2865 5611 2932 5648 ex
2969 5594 3069 5650 hac
3100 5594 3346 5665 Gregorii
3373 5595 3535 5659 Fidei

1978 5683 2318 5752 expositione,
2356 5695 2610 5755 tanquam
2627 5681 3014 5759 Thaumaturgi
3051 5691 3530 5760 genuina,dictum

3169 5786 3246 5846 39
