3988 6200
487 290 623 348 12ἓ7

1287 283 1529 339 ιιεθΝιδ
1569 283 1837 338 ALLATll
1878 283 2202 338 DlATRlBA
2238 283 2325 337 DE
2361 284 2767 342 THEODORIS.

3556 288 3686 344 assa

482 408 685 472 laudat,
729 417 783 462 et
820 406 992 460 atlert.
1029 406 1163 461 Vide
1195 405 1467 478 Enthymii
1501 407 1770 478 Zygabeni
1808 406 2037 476 Dogma-
2068 409 2114 462 A
2210 405 2532 462 Dubitarunt
2559 423 2685 477 ergo
2712 407 2898 463 Patres
2930 408 2995 463 de
3026 407 3146 472 hac,
3179 409 3321 478 quod
3369 409 3423 464 in
3456 423 3517 463 ea
3545 425 3690 478 repe-

483 500 640 552 ticam
669 498 992 568 panopliam,
1025 497 1178 551 titulo
1215 497 1426 552 decimo
1459 499 1649 566 quinto
1679 495 1809 564 (10).

550 588 769 643 lnterim
809 589 1199 643 consideranda
1241 597 1366 643 sunt
1405 589 1546 643 dicta
1582 587 1798 642 Baronii
1829 587 1895 640 ad
1941 601 2037 641 an-

479 694 610 734 num
637 678 836 734 Christi
862 679 986 742 253,
1022 697 1074 733 ιι.
1101 680 1166 733 19
1191 700 1204 734 2
1245 698 1262 730 ι
1295 679 1522 735 Constat
1548 680 1704 734 (idem
1731 687 2035 748 susceptam

481 789 510 826 a
534 774 703 826 beata
730 770 948 838 Virgine
979 787 1101 826 cum
1128 771 1336 827 Joanne
1379 772 1727 842 evangelista,
1761 769 1928 824 fuisse
1969 772 2036 823 ab

480 866 670 919 eodem
739 864 858 933 ipso
907 864 1168 935 Gregorio
1229 864 1635 919 accuratissime
1692 862 2033 930 explicatam,

481 958 730 1026 apposito
770 957 1177 1017 commentario,
1219 955 1293 1009 De
1321 955 1644 1024 expositione
1669 953 1793 1022 ﬁdei
1846 953 2038 1008 inscri-

480 1059 592 1118 pto,
625 1049 716 1117 qui
762 1048 958 1102 citatus
991 1048 1257 1116 reperitur
1299 1048 1436 1100 inter
1468 1048 1605 1100 alios
1635 1062 1662 1098 a
1695 1045 1893 1099 Basilio
1927 1044 2037 1098 Ma-

480 1153 587 1207 gno
620 1138 692 1190 De
720 1137 926 1206 Spiritu
965 1148 1166 1202 sancto,
1219 1153 1336 1207 cap.
1367 1137 1434 1190 9.9
1488 1141 1565 1207 (ιι.
1594 1137 1680 1207 74)
1725 1147 1776 1190 et
1810 1136 2037 1206 epistola

481 1232 621 1301 (ccx)
647 1231 711 1285 ad
735 1229 1213 1294 Neoczesarienses,
1244 1240 1293 1282 et
1327 1246 1355 1282 a
1384 1228 1604 1282 Leontio
1633 1228 1980 1282 scholastieo.
2012 1247 2029 1277 ι

481 1323 590 1379 Sed
619 1322 821 1378 erroris
865 1323 967 1377 iste
995 1322 1239 1392 arguitur
1265 1319 1392 1377 dum
1429 1322 1502 1373 ait
1535 1320 1836 1374 dubitatum
1874 1336 1903 1374 a
1930 1319 2034 1373 Pa-

481 1415 682 1477 tribus,
725 1429 796 1466 an
845 1411 1118 1482 Expositio
1138 1411 1262 1480 ﬁdei
1311 1411 1473 1466 fuerit
1518 1412 1585 1466 ab
1618 1413 1736 1481 ipso
1775 1413 2035 1483 Gregorio

481 1505 700 1574 scripta.
733 1501 868 1556 Nam
896 1501 1150 1566 Basilius,
1176 1502 1267 1571 qui
1300 1502 1481 1555 omnia
1509 1501 1754 1570 Gregorii
1785 1514 2036 1558 accurate

481 1603 761 1664 perspecta
800 1592 1018 1657 habuit,
1048 1602 1107 1646 ut
1137 1593 1255 1661 ejus
1287 1607 1422 1660 opus
1448 1593 1595 1657 citat,
1632 1604 1685 1646 et
1727 1593 1794 1646 ab
1827 1607 1890 1646 eo
1917 1594 2034 1646 edi-

480 1700 593 1743 tum
648 1688 816 1742 fuisse
851 1702 958 1740 non
1006 1686 1235 1752 dubitat,
1267 1685 1392 1740 licet
1440 1685 1581 1739 idem
1631 1685 1704 1740 ibi
1751 1685 1816 1738 de
1848 1685 2030 1740 subsi-

2142 496 2376 549 rirentur
2432 499 2728 560 nonnulla,
2789 514 2908 568 qua:
2960 498 3201 553 scholam
3255 499 3582 570 Apollinaris
3637 513 3690 555 et

2139 584 2449 656 Eutychetis
2483 589 2707 642 olerent.
2743 589 2961 644 Certum
3004 599 3087 646 est
3123 591 3418 647 dubitasse.
3466 593 3689 648 Verum-

2139 688 2318 734 tamen
2353 690 2413 734 ut
2439 697 2506 736 ex
2545 696 2735 736 eorum
2775 683 2936 737 dictis
2972 698 3077 737 una
3111 684 3273 738 simul
3309 685 3521 738 collatis
3563 701 3692 738 con-

2139 779 2267 832 stat,
2300 785 2406 823 non
2438 771 2504 825 de
2539 780 2650 825 tota
2686 772 2783 826 hac
2816 773 3078 835 oratione,
3119 773 3210 828 sed
3249 774 3587 828 solummodo
3623 774 3688 827 de

2138 859 2283 914 dicto
2328 861 2553 924 inserto,
2604 863 2657 915 in
2695 877 2804 932 quo
2835 863 3118 918 videbatur
3160 863 3348 918 tollere
3393 879 3423 918 e
3463 879 3685 933 persona

2137 950 2338 1006 Christi
2370 953 2504 1007 duas
2535 961 2777 1020 naturas,
2811 963 2865 1008 et
2896 971 3056 1009 unam
3084 964 3290 1010 tantum
3321 955 3682 1010 constabilire.

2141 1042 2229 1097 Sic
2259 1043 2550 1114 Eulogius:
2589 1046 2651 1098 Ἦ
2697 1047 2754 1099 δὲ
2796 1047 2885 1099 τὸν
2930 1047 3351 1118 Θαυματουργὸν
3396 1047 3688 1118 Γρηγόριον

2139 1137 2542 1208 ὑποϐαλλομένη
2581 1139 2792 1209 χρῆσις,
2827 1139 3039 1206 λέγεται
3074 1128 3169 1208 μὲν
3190 1139 3297 1209 γὰρ
3333 1139 3561 1200 ἐκείνου,
3596 1138 3685 1190 τὸν

2137 1230 2190 1282 δὲ
2240 1230 2638 1302 Ἀπολλινάριον
2680 1229 3000 1301 εἰσκομίζει.
3057 1252 3073 1282 ι
3107 1231 3501 1285 Testimonium
3544 1231 3683 1300 quod

2138 1319 2380 1391 Gregorii
2401 1320 2789 1393 Thaumaturgi
2810 1339 3004 1376 nomen
3027 1340 3133 1393 prie
3148 1340 3205 1378 se
3220 1323 3340 1388 fert,
3360 1324 3554 1378 dicitur
3575 1325 3690 1392 qui-

2137 1410 2255 1464 dem
2278 1411 2418 1467 illius
2444 1427 2582 1474 esse,
2613 1414 2702 1468 sed
2725 1415 3088 1484 Apollinarem
3111 1415 3237 1468 olet.
3272 1433 3290 1464 ι
3321 1413 3408 1468 Sic
3436 1415 3686 1468 monachi

2136 1499 2430 1556 Palaastinae
2445 1504 2582 1572 apud
2597 1502 2906 1574 Evagrium,
2921 1505 3168 1573 quamvis
3185 1505 3367 1558 dicant
3383 1506 3684 1569 haereticos,

2137 1593 2452 1658 Athanasio,
2477 1595 2755 1665 Gregorio,
2771 1613 2831 1656 ac
2848 1595 3011 1660 Julio,
3028 1597 3495 1666 inscriptiseorum
3509 1599 3682 1651 nomi-

2137 1686 2314 1750 nibus,
2330 1687 2528 1741 multos
2539 1687 2860 1756 Apollinaris
2877 1689 3513 1758 tractatussupposuisse,
3530 1698 3683 1743 anim

479 1780 692 1835 stentiis
733 1778 936 1848 aliquid
978 1777 1158 1831 minus
1183 1778 1396 1847 proprie
1421 1777 1692 1832 videretur
1735 1792 1854 1831 esse
1882 1778 2032 1832 locu-
2063 1762 2107 1818 Β
2137 1789 2312 1834 tamen
2337 1780 2601 1842 dixerant,
2631 1799 2648 1831 ι
2679 1778 2899 1834 Patrum
2925 1781 3092 1835 libros
3109 1797 3248 1850 saepe
3276 1782 3632 1850 depravasse:
3659 1799 3678 1831 ο

480 1879 569 1924 tus
607 1889 618 1922 :
657 1870 799 1923 sicut
835 1876 888 1922 et
932 1868 1176 1921 accidere
1218 1866 1395 1934 potuit
1433 1882 1498 1920 ex
1544 1867 1731 1920 eodem
1779 1875 1924 1919 textu
1965 1867 2033 1921 ab

480 1959 773 2024 haereticis,
816 1968 874 2011 ut
909 1958 982 2011 ait
1008 1955 1267 2025 Evagrius
1310 1955 1404 2010 lib.
1442 1971 1523 2021 ιιι,
1559 1971 1679 2024 cap.
1715 1956 1803 2022 51,
1841 1957 2031 2025 depra-

479 2060 624 2116 vato,
656 2060 748 2105 aut
775 2065 1053 2120 perperam
1105 2047 1370 2116 exposito.
1429 2046 1560 2102 Rem
1602 2047 2027 2103 consideremus.

484 2149 569 2205 Uti
606 2162 791 2202 verum
823 2156 904 2200 est
931 2145 1086 2200 [idem
1123 2143 1414 2199 revelatam
1444 2159 1474 2196 a
1500 2140 1719 2210 Virgine
1745 2152 1795 2196 et
1825 2141 2032 2198 Joanne

478 2239 809 2307 evangelista
855 2237 1175 2301 adnotasse,
1219 2231 1430 2303 sibique
1479 2249 1782 2289 reservasse
1831 2235 2031 2306 Grego-

477 2335 643 2399 rium,
673 2333 744 2386 ita
785 2331 982 2386 falsum
1019 2343 1137 2383 eam
1165 2327 1558 2382 commentario
1591 2326 1836 2395 apposito
1871 2342 2032 2380 accu-

478 2425 748 2480 ratissime
771 2422 1086 2493 explicasse.
1115 2419 1205 2473 Sic
1225 2434 1439 2488 quoque
1477 2420 1764 2472 orationem
1781 2419 1894 2473 sive
1920 2416 2030 2470 Ex-

477 2518 785 2588 positionem
811 2514 954 2584 ﬁdei,
979 2528 1100 2582 quae
1122 2512 1306 2582 incipit
1338 2510 1630 2580 Ἐχθιστοι,
1660 2526 1765 2564 non
1786 2526 1906 2565 esse
1937 2526 2030 2564 ex-

480 2610 820 2679 plicationem
866 2605 1009 2660 illius
1035 2604 1158 2658 fidei
1189 2603 1456 2665 revelatus,
1488 2601 1580 2657 sed
1617 2611 1905 2656 tractatum
1937 2619 2032 2672 per

479 2719 538 2757 se
571 2701 825 2765 divisum,
875 2697 944 2751 ab
987 2711 1157 2766 caque
1200 2695 1536 2760 distinctum,
1579 2702 1638 2748 ut
1680 2694 1900 2763 planum
1942 2693 2033 2747 fiet

479 2793 689 2864 singula
723 2788 1042 2846 conferenti.
1079 2787 1310 2842 Basilius
1340 2786 1413 2840 De
1441 2785 1642 2855 Spiritu
1669 2795 1871 2853 sancto,
1909 2802 2027 2856 cap.

477 2885 565 2952 9.9,
602 2901 671 2940 ne
710 2883 930 2939 verbum
981 2881 1200 2951 quidem
1252 2877 1380 2934 facit
1425 2878 1492 2934 de
1513 2874 1852 2947 Expositione
1884 2877 2027 2946 ﬁdei,

478 2979 568 3034 sed
601 2973 976 3031 tantummodo
999 2971 1426 3042 glorificationem
1463 2987 1493 3024 a
1521 2970 1781 3041 Gregorio
1806 2969 2027 3035 editam,

2136 1872 2227 1924 καὶ
2247 1870 2433 1938 λόγους
2454 1871 2595 1924 Πατέ
2604 1888 2706 1941 ρων
2723 1870 2977 1934 πολλάκις
2995 1871 3356 1926 νενοθεύκασι.
3393 1872 3485 1927 Sic
3498 1883 3684 1927 auctor

2144 1962 2276 2016 Vita:
2295 1965 2466 2017 sancti
2501 1962 2721 2016 Maximi
2746 1965 3133 2035 νοετηχρήσεις
3146 1964 3333 2031 ἁγίων,
3366 1965 3460 2018 καὶ
3484 1965 3686 2036 αἱρετι-

2133 2055 2242 2108 κῶν
2260 2057 2478 2126 χρήσεις
2501 2055 2630 2127 (11)’
2655 2056 2830 2127 ῥῆσις,
2855 2056 2966 2112 sive
2999 2058 3210 2127 χρῆσις,
3237 2065 3317 2111 est
3337 2056 3525 2122 dictio,
3553 2056 3684 2111 eﬁa-

2134 2155 2266 2210 tum,
2290 2146 2576 2212 sententia,
2590 2161 2714 2215 pars
2737 2147 2998 2201 orationis
3019 2148 3260 2218 integra;
3282 2146 3560 2218 τεμάχιον,
3577 2147 3686 2202 fru-

2133 2245 2296 2304 stum,
2315 2237 2671 2307 fragmentum
2691 2233 2837 2310 (ᾝσ’
2856 2239 3149 2310 Εὐριπίδης
3166 2239 3319 2310 ῥῆσίν
3336 2257 3478 2304 τινα,
3497 2242 3686 2294 cecinit

2134 2330 2414 2399 Euripides
2435 2331 2746 2386 sententiam
2761 2331 3089 2400 quamdam),
3119 2346 3247 2400 pars
3275 2331 3559 2397 orationis,
3580 2348 3683 2386 non

2132 2417 2304 2478 Oratio
2336 2422 2563 2492 integra.
2583 2420 2761 2487 Quare
2777 2422 2866 2476 hic
2889 2421 3425 2494 εοιιιθιιάιιιιιχρῆσιν
3445 2423 3590 2476 illam
3605 2426 3683 2476 vel

2134 2516 2307 2586 ῥῆσιν,
2325 2529 2444 2583 qua:
2475 2530 2542 2568 ex
2569 2513 2891 2582 Apollinaris
2913 2528 3051 2582 penu
3074 2523 3262 2568 exorta
3286 2523 3387 2580 est,
3413 2513 3686 2568 Thauma-

2132 2608 2272 2678 turgi
2291 2623 2394 2662 non
2423 2622 2563 2670 esse,
2579 2607 2671 2662 sed
2693 2606 3038 2676 Apollinaris.
3062 2604 3179 2660 Non
3209 2606 3328 2660 ideo
3350 2616 3531 2662 tamen
3548 2610 3688 2661 abdi-

2132 2701 2532 2769 cantreliquam
2551 2700 2847 2753 orationem
2861 2700 3251 2765 continuatam,
3275 2714 3393 2768 qua:
3419 2699 3681 2768 Gregorio

2133 2793 2350 2859 indigna
2385 2807 2492 2845 non
2525 2800 2626 2846 est.
2664 2789 2729 2845 Et
2765 2791 2894 2845 dum
2927 2791 3056 2845 dicit
3081 2789 3361 2854 Leontius,
3397 2791 3543 2858 apud
3589 2806 3685 2843 an-

2135 2882 2396 2952 tiquiores
2435 2881 2772 2947 dubitatum,
2831 2896 2934 2934 non
2985 2881 3221 2934 deFidei
3261 2882 3586 2950 expositione
3634 2882 3686 2934 id

2134 2973 2383 3040 allirmat,
2434 2974 2526 3027 sed
2571 2982 2778 3028 tantum
2833 2972 2899 3027 de
2949 2971 3095 3027 dicto
3150 2973 3243 3026 illo
3295 2983 3349 3027 et
3396 2973 3686 3037 sententia,

479 3085 603 3124 cum
654 3068 775 3124 aliis
825 3067 894 3122 ab
933 3066 1054 3120 aliis
1111 3063 1508 3133 antiquioribus
1564 3062 1812 3116 Patribus
1870 3061 2026 3116 factis
2057 3087 2102 3149 ο
2133 3082 2295 3135 quam
2333 3067 2408 3119 uti
2456 3067 2596 3134 ipse,
2635 3068 2710 3119 ita
2750 3072 2802 3119 et
2843 3064 2930 3118 alii
2973 3064 3238 3118 verhatim
3281 3075 3684 3132 expresserunt,

479 3159 687 3216 confert
731 3169 784 3213 et
826 3158 1115 3212 examinat.
1169 3154 1260 3208 Sic
1303 3164 1355 3209 et
1404 3155 1456 3206 in
1506 3153 1731 3222 cpistola
1781 3152 1922 3222 (ccx)
1964 3155 2030 3207 de

475 3253 580 3309 alia
606 3254 672 3307 ad
695 3250 968 3306 Elianum
1007 3249 1207 3317 scripta
1240 3260 1543 3301 sermonem
1583 3245 1759 3310 habet,
1784 3258 1844 3298 ut
1867 3260 2028 3313 supra

477 3354 661 3402 contra
724 3341 1108 3396 Bellarminum
1184 3337 1550 3408 probavimus.
1633 3337 1696 3390 Et
1759 3338 2028 3391 immerito

475 3433 734 3490 Leontius
775 3430 1134 3487 scholasticus
1169 3429 1403 3498 vapulat,
1443 3428 1536 3497 qui
1577 3444 1681 3482 ιιυιι
1728 3429 1795 3482 de
1833 3429 2026 3482 tradita

475 3546 507 3580 a
551 3525 611 3579 Β.
652 3523 892 3594 Virgine,
947 3537 1111 3592 quam
1149 3530 1204 3577 et
1240 3522 1352 3590 ipse
1379 3529 1432 3574 et
1460 3519 1549 3572 alii
1585 3518 1660 3574 uti
1695 3519 1914 3574 verbum
1947 3520 2028 3574 di-

477 3620 661 3672 vinum
709 3615 947 3670 venerati
990 3624 1155 3680 sunt,
1195 3624 1247 3668 ct
1303 3613 1505 3682 scripto
1549 3611 2025 3681 consignaverunt,

475 3709 569 3766 sed
621 3710 687 3764 de
744 3709 844 3762 hac
881 3723 1044 3778 quam
1083 3706 1303 3776 speciali
1365 3705 1517 3759 titulo
1564 3703 1657 3756 τοῦ
1691 3703 1834 3757 κατὰ
1865 3705 2028 3776 μέρος

475 3801 542 3854 ab
598 3799 718 3854 aliis
769 3797 1058 3867 Gregorius
1123 3794 1408 3863 separavit,
1483 3791 1670 3848 scribit
1724 3791 2028 3846 dubitatum

474 3892 643 3946 fuisse
684 3906 715 3944 a
740 3888 1008 3944 Patribus.
1057 3885 1121 3941 Et
1156 3887 1281 3941 licet
1311 3887 1471 3939 etiatu
1500 3900 1686 3939 verum
1722 3884 1811 3948 sit,
1847 3884 2028 3938 omnia

473 3982 602 4037 dicti
657 3980 848 4051 [Patris
901 3987 1178 4050 perspecta
1242 3976 1498 4031 habuisse
1555 3974 1845 4040 Basilium,
1879 3974 2027 4027 nihi-

473 4073 707 4127 lominus
747 4069 1030 4139 Expositio
1082 4069 1227 4137 ﬁdet,
1293 4082 1453 4137 quam
1504 4067 1619 4136 ipse
1665 4065 1939 4136 suggillat,
1975 4073 2027 4119 et

473 4179 734 4221 excusare
747 4164 956 4228 nititur,
975 4177 1079 4215 non
1106 4161 1206 4215 fuit
1223 4177 1394 4230 neque
1418 4158 1504 4214 illa
1523 4173 1553 4212 a
1566 4157 1784 4228 Virgine
1805 4157 2024 4221 dictata,

475 4273 650 4328 neque
687 4258 800 4311 haec
840 4257 976 4324 ipsa,
1025 4255 1091 4308 de
1127 4270 1231 4323 qua
1279 4253 1432 4306 nobis
1471 4265 1697 4306 examen
1739 4249 2021 4312 incumbit,

475 4351 566 4405 sed
619 4349 723 4403 alia
771 4349 926 4400 tertia
967 4347 1032 4400 ad
1057 4345 1355 4406 Λῑιιειιιιιιιι,
1407 4343 1520 4397 sive
1546 4341 1869 4408 Gelianum,
1924 4356 2023 4397 ceu

2132 3155 2517 3210 dubitationem
2570 3154 2772 3220 fuisse,
2829 3154 3051 3224 intelligi
3097 3155 3274 3209 debet.
3348 3155 3504 3221 Quod
3559 3172 3686 3210 vero

2130 3246 2318 3301 ultimo
2368 3246 2487 3300 loco
2528 3245 2680 3314 ponit
2729 3262 2795 3298 ex
2847 3245 3109 3300 sententia
3142 3245 3386 3316 Gregorii
3428 3245 3686 3318 Nysseni,

2130 3339 2335 3393 nullum
2383 3353 2505 3392 esse
2546 3353 2683 3407 opus
2728 3335 3114 3408 Thaumaturgi
3151 3347 3345 3407 praeter
3389 3339 3561 3394 solam
3592 3337 3686 3393 Fi-

2129 3431 2273 3497 dem,
2305 3446 2467 3500 quam
2521 3431 2575 3484 in
2608 3430 2818 3485 visione
2867 3441 3244 3500 conspexerat,
3297 3432 3401 3487 hoc
3449 3447 3560 3486 non
3603 3442 3686 3488 est

2131 3525 2229 3579 hac
2250 3522 2740 3592 Fideiexpositione
2775 3525 2888 3578 sola
2911 3564 2926 3588 ,
2963 3525 3054 3579 sed
3101 3526 3322 3594 reliquis
3367 3527 3527 3580 etiam
3566 3527 3685 3581 aliis

2127 3616 2401 3685 operibus,
2431 3631 2550 3686 quas
2583 3616 2882 3671 indubitate
2911 3616 3156 3686 Gregorii
3189 3629 3335 3682 sunt,
3361 3616 3684 3688 Gregorium

2129 3708 2382 3778 spoliare,
2421 3708 2564 3778 quod
2611 3707 2775 3762 fuerit
2816 3708 2975 3778 plane
3019 3709 3316 3773 absonum,
3361 3718 3412 3763 et
3443 3725 3571 3766 vere
3603 3712 3684 3764 ἰη-

2127 3803 2549 3857 consideratam.
2609 3800 2675 3856 Et
2741 3802 2865 3856 licet
2929 3802 2982 3855 id
3045 3800 3319 3872 Nyssenus
3386 3816 3681 3868 assereret,

2127 3893 2426 3965 Nyssenum
2474 3894 2588 3963 ipse
2627 3908 2895 3959 revereor,
2937 3902 2990 3948 et
3025 3894 3169 3950 illius
3201 3894 3343 3949 dicta
3372 3898 3680 3965 exosculor.

2126 3985 2308 4041 Habeo
2375 3995 2553 4041 tamen
2584 4003 2723 4057 quos
2763 3986 2839 4040 illi
2869 4002 3137 4056 opponam
3173 3986 3426 4042 Basilium
3474 3999 3528 4043 et
3560 3988 3683 4044 Ilie-

2125 4097 2432 4152 ronymum,
2459 4081 2552 4152 qui
2584 4082 2754 4136 multa
2800 4082 2905 4137 alia
2936 4083 3176 4151 ejusdem
3213 4095 3515 4139 recensent.
3554 4084 3684 4140 Erat

2124 4189 2251 4244 ergo
2279 4173 2347 4228 ab
2373 4173 2637 4228 haereticis
2659 4173 2862 4228 dictum
2884 4173 3014 4228 illud
3043 4174 3109 4228 de
3134 4173 3343 4228 duabus
3378 4173 3431 4228 in
3461 4173 3681 4229 Christo

2125 4267 2331 4320 naturis
2357 4265 2725 4335 depravatum,
2746 4266 2888 4336 quod
2918 4267 3238 4320 Anastasius
3266 4267 3318 4320 in
3352 4265 3548 4337 Ecloge
3580 4283 3682 4322 sua

2125 4371 2191 4410 ex
2227 4356 2443 4425 puriore
2482 4355 2731 4410 codicum
2769 4354 2918 4409 fonte
2962 4355 3240 4418 hauriens,
3296 4362 3356 4408 ut
3395 4355 3525 4407 illud
3565 4355 3684 4408 edi-

472 4443 659 4498 scribit
683 4442 968 4521 [facundus
1001 4437 1402 4492 llermianensis
1436 4437 1530 4491 lib.
1555 4452 1588 4490 x
1619 4441 1762 4506 (cap.
1795 4435 1850 4504 6)
1885 4436 2020 4490 scri-
2052 4427 2096 4483 D
2124 4447 2275 4500 dem
2302 4445 2757 4516 Thaumalurgus,
2786 4445 3400 4516 εχεοτίρείιηρείιειαυθ
3433 4445 3684 4501 δίε-πηοί]-

475 4548 591 4605 pta,
628 4519 872 4603 utisupra
898 4533 1151 4596 diximus,
1195 4532 1246 4584 in
1281 4545 1386 4600 qua
1429 4529 1495 4584 de
1521 4529 1882 4584 subsistentiis
1912 4545 2020 4584 non

476 4640 547 4684 -ta
583 4627 866 4684 commode
907 4626 1148 4679 locutum
1195 4625 1360 4678 fuisse
1401 4623 1562 4677 tradit
1595 4637 1608 4676 :
1638 4637 1762 4677 cum
1813 4621 1867 4676 in
1898 4622 2020 4688 hac,

475 4727 537 4778 'le
567 4736 672 4792 qua
699 4735 842 4773 nunc
870 4716 1163 4781 dubitatur,
1196 4716 1326 4769 nihil
1365 4715 1434 4769 sit
1464 4730 1638 4783 neque
1673 4715 1725 4768 iu
1767 4715 2023 4785 mysterio

470 4811 772 4878 Trinitatis,
821 4823 994 4878 neque
1045 4807 1099 4862 in
1150 4805 1405 4877 mysterio
1452 4804 1864 4868 lncarnatiouis,
1915 4820 2021 4857 non

473 4907 750 4978 aptissime
767 4903 1041 4964 traditum,
1067 4897 1414 4967 etjcatholica:
1429 4895 1679 4952 Ecclesia:
1700 4909 2018 4950 consonum.

473 4999 536 5053 Et
559 5009 667 5054 tres
686 4993 991 5065 hujusmodi
1009 4991 1372 5060 expositiones
1389 4998 1512 5044 ante
1529 5005 1613 5042 me
1630 4997 1908 5043 notaverat
1922 4989 2020 5043 do-

470 5091 750 5148 ctissimus
774 5086 1008 5142 Jacobus
1029 5083 1347 5138 Sirmondus
1382 5083 1435 5136 in
1465 5081 1606 5136 notis
1625 5083 1690 5136 ad
1708 5081 2020 5137 Facundum

469 5181 937 5242 Hcrmiauensem.

545 5341 657 5404 (10)
720 5337 908 5393 Latino

545 5342 657 5410 (10)
720 5342 908 5393 Latine
968 5342 1181 5408 quidem
1247 5342 1300 5388 in
1375 5342 1696 5390 Bibliotheca
1769 5342 2015 5405 Lugdun.

475 5409 590 5466 PP.
650 5420 688 5465 t.
742 5408 884 5472 XIX,
918 5424 970 5477 p.
1019 5407 1158 5472 187;
1205 5405 1387 5460 GI‘ZBCC
1455 5405 1602 5460 dedit
1632 5405 1880 5460 Allatius.
1917 5405 2021 5475 Zy-

473 5481 666 5550 gabeni
718 5480 1131 5550 disputationem
1167 5477 1589 5550 cumSaraceuo
1632 5477 1797 5550 habes
1829 5477 1881 5530 in
1917 5478 2020 5550 hac

475 5547 658 5604 nostra
692 5547 821 5603 PP.‘
838 5549 1159 5603 Bibliotheca
1194 5559 1230 5601 t.
1257 5547 1343 5602 lV.
1365 5547 1510 5602 Nova
1543 5557 1596 5602 et
1628 5548 1890 5617 ampliora
1912 5549 2015 5603 alia

473 5620 709 5688 ejusdem
741 5621 938 5688 scripta
966 5620 1127 5686 praelo
1154 5617 1424 5687 paramus.
1457 5619 1520 5671 A.
1545 5617 1614 5672 Μ.

543 5689 655 5760 (Il)
697 5689 900 5758 Heapse
939 5691 990 5760 in
1036 5699 1222 5743 nostro
1252 5690 1518 5760 volumine
1560 5689 1786 5758 septimo
1819 5688 2012 5757 Script.

469 5773 590 5827 aet,
635 5771 773 5826 part.
819 5776 856 5824 ι,
898 5759 1060 5813 habes
1123 5777 1172 5828 p.
1233 5761 1329 5814 l65
1385 5759 1596 5815 titulum
1639 5762 1856 5831 χρήσεις
1902 5762 2008 5817 τῶν

968 5336 1181 5408 quidem
1219 5335 1300 5408 _in
1375 5333 1710 5408 Bibliotheca
1769 5334 2015 5408 Lugdun.

2123 4540 2224 4594 dus
2274 4539 2418 4592 dicto
2463 4537 2582 4593 loco
2623 4554 2638 4589 :
2683 4539 2777 4590 Ἐκ
2830 4536 2938 4606 τῆς
3002 4537 3150 4592 κατὰ
3187 4538 3370 4608 μέρος
3411 4538 3682 4605 Πίστεως

2123 4635 2418 4707 Γρηγορίου
2482 4635 2573 4688 τοῦ
2619 4634 2865 4704 Μεγάλου
2903 4635 2994 4687 καὶ
3043 4633 3504 4706 Θαυματουργοῦο
3566 4634 3682 4687 Καὶ

2122 4727 2250 4780 ἐστι
2297 4725 2438 4791 Θεὸς
2475 4725 2774 4794 ἀληθινὸς,
2827 4729 2859 4778 ό
2887 4725 3150 4794 ἄσαρκος
3187 4725 3255 4778 ἐν
3287 4724 3466 4792 σαρκὶ
3495 4741 3680 4795 φανε-

2114 4817 2344 4886 ρωθεὶς,
2381 4805 2603 4882 τέλειος
2638 4815 2710 4883 τῇ
2743 4814 2998 4883 ἀληθινῇ
3039 4816 3134 4868 καὶ
3171 4816 3294 4882 θείᾳ
3329 4816 3676 4881 τελειότητι,

2122 4912 2193 4963 οὺ
2234 4909 2341 4962 δύο
2384 4909 2698 4976 πρόσωπα,
2750 4907 2907 4960 ἀλλὰ
2949 4906 3060 4977 (12)
3089 4907 3198 4960 δύο
3242 4907 3492 4974 φύσεις,
3535 4906 3679 4959 οὐδὲ

2121 5001 2420 5070 τέσσαρας
2465 4997 2828 5068 προσκυνεῖν
2866 5000 3141 5068 λέγομεν,
3189 4998 3327 5052 Θεὸν
3366 4998 3463 5051 καὶ
3516 4999 3674 5058 Πάν,

2124 5093 2270 5147 Θεὸν
2293 5093 2390 5146 καὶ
2419 5093 2743 5160 ἄνθρωπον,
2775 5091 2870 5143 καὶ
2896 5091 3135 5160 Πνεῦμα
3164 5091 3349 5160 ἅγιον.
3379 5109 3398 5142 ι
3433 5091 3512 5144 Ex
3540 5088 3674 5142 Fide

2121 5183 2402 5235 secundum
2440 5194 2613 5251 partes
2645 5181 2888 5252 Gregorii
2929 5181 3104 5254 Magni
3151 5191 3204 5236 et
3235 5181 3656 5254 Thaumaturgi:

2123 5343 2403 5414 μακαρίων
2435 5342 2529 5414 καὶ.
2567 5339 2855 5414 ὀρθοδόξεον
2888 5341 3160 5414 Π-ατὲρων.
3210 5339 3276 5394 Ει
3300 5340 3488 5414 -ρἏ68,
3529 5341 3667 5413 χρή-

2121 5410 2232 5493 ἔξεις
2265 5410 2562 5493 θεοστρχῶν
2587 5410 2898 5493 ιιιὶρετιῖεῶιίἰ
2927 5410 3164 5481 Denique
3215 5427 3268 5480 p.
3293 5410 3415 5477 202,
3447 5410 3664 5484 mea;

2119 5483 2401 5554 ἄχρηστοι-ν
2420 5481 2725 5554 Ἀρειανῶν,
2756 5482 2820 5535 A.
2849 5481 2921 5535 M.

2189 5548 2299 5625 (l2)
2347 5548 2532 5606 Vidcn’
2574 5552 2862 5625 genuinum
2912 5551 3083 5625 ana,
3135 5550 3460 5625 progspurio
3507 5548 3660 5602 οὐδέῖ

2119 5620 2312 5678 Recole
2343 5634 2583 5676 nostram
2613 5621 3012 5680 adnotationem
3039 5624 3089 5688 1,
3117 5638 3170 5691 p.
3201 5621 3299 5678 108
3321 5620 3520 5691 (supra,
3548 5629 3653 5672 not.

2117 5695 2170 5763 8,
2205 5696 2304 5751 col.
2341 5693 2520 5763 1223).
2553 5692 2616 5747 A.
2650 5692 2720 5747 Μ.
