3988 6200
354 261 495 317 £9.29

1207 273 1449 329 LEONIS
1486 276 1759 331 ALLATll
1792 278 2114 334 DIATRIBA
2153 283 2236 337 DE
2271 285 2674 344 THEODORIS.

3430 301 3564 354 1930

353 381 452 435 Est
478 380 615 436 Deus
670 400 850 449 verus,
903 388 1012 455 qui,
1037 390 1230 461 absque
1276 410 1432 447 carne
1484 412 1599 449 cum
1650 407 1801 459 esset,
1849 399 1904 450 in
1932 400 1979 455 Α
2005 401 2415 470 sententiarum,
2446 405 2539 475 qui
2569 407 2695 461 dum
2731 423 2797 462 ex
2828 424 2887 463 ea
2921 412 3081 466 verba
3115 415 3336 482 profert.
3379 419 3565 475 scribit

351 491 509 527 carne
538 477 815 543 apparuit,
842 480 1097 547 perfectus
1142 500 1260 536 vera
1290 497 1337 539 et
1362 487 1535 541 divina
1574 489 1905 557 perfectione,

346 582 452 618 non
482 567 602 621 date
629 584 890 635 personae,
926 573 1015 625 sed
1054 584 1258 629 natura:
1297 578 1451 643 dum;
1486 598 1644 649 neque
1684 594 1908 652 quatuor

343 657 570 710 adorare
606 658 850 724 dicimus,
874 660 1038 715 Deum
1062 674 1111 717 et
1133 663 1347 732 Filium,
1368 669 1529 722 Deum
1554 682 1600 725 et
1625 672 1902 739 hominem,

338 759 392 801 et
415 748 674 816 Spiritum
715 763 974 806 sanctum.
1012 772 1029 804 ι
1089 755 1153 809 Ει
1197 755 1520 829 Euthymius
1563 760 1899 832 Zygabenus,

344 839 399 890 in
436 838 712 908 Punoplia:
742 843 894 897 titulo
918 844 1003 909 15,
1026 861 1088 899 ea
1122 847 1173 899 in
1208 858 1357 915 parte
1395 850 1483 903 ubi
1514 853 1579 905 de
1609 854 1818 909 duabus
1848 857 1900 910 in

338 929 560 983 Christo
597 934 802 987 naturis
828 935 1129 990 testimonia
1159 937 1373 993 Patrum
1413 943 1647 1010 colligit:
1672 944 1774 997 Τοῦ
1792 949 1900 999 Με-

334 1021 505 1087 γάλου
551 1024 846 1096 Γρηγορίου
891 1027 982 1079 τοῦ
1029 1028 1447 1103 Θαυματουργοῦ
1492 1037 1554 1088 ἐκ
1600 1033 1705 1103 τῆς
1751 1040 1898 1093 κατὰ

325 1112 516 1180 μέρος
546 1117 838 1184 Πίστεως·
868 1121 975 1172 Καὶ
1005 1120 1133 1175 ἔστι
1160 1123 1302 1190 Θεὸς
1321 1125 1622 1194 ἀληθινὸς,
1654 1133 1685 1182 ὀ
1710 1130 1893 1199 ἄσαρ-

330 1221 441 1268 κος
471 1205 540 1257 ἐν
566 1209 740 1274 σαρκὶ
767 1211 1141 1279 φανερωθεὶς,
1175 1217 1245 1267 οὺ
1276 1215 1383 1269 δύο
1406 1221 1709 1285 πρόσωπα,
1734 1224 1893 1277 ἀλλὰ

328 1293 445 1347 δύο
491 1298 720 1364 φύσεις.
785 1320 801 1350 ι
846 1300 1021 1371 Magni
1075 1302 1315 1375 Gregorii
1377 1307 1766 1382 Tliautnaturgi
1824 1330 1888 1367 ex

327 1387 654 1455 professione
675 1389 797 1457 ﬁdei
825 1394 1106 1446 secundum
1128 1411 1301 1464 partes
1323 1416 1338 1452 .'
1362 1399 1427 1451 Et
1455 1413 1526 1453 est
1556 1402 1687 1455 Deus
1716 1421 1885 1469 verus,

324 1479 426 1545 qui
453 1488 620 1532 tamen
642 1482 750 1534 sine
780 1500 934 1535 carne
958 1494 1052 1550 est,
1086 1488 1137 1539 in
1160 1505 1312 1541 carne
1340 1494 1603 1559 apparuit,
1640 1511 1736 1547 non
1768 1497 1887 1551 duce

325 1587 585 1637 personw,
618 1573 707 1625 sed
734 1575 1090 1632 damnatum.
1125 1598 1141 1629 ι
1170 1577 1296 1633 Jurc
1331 1583 1509 1651 itaque
1539 1586 1739 1640 dictum
1760 1588 1879 1651 hoc,

325 1670 391 1714 ut
435 1662 772 1731 proferebant
817 1667 1073 1734 hreretici,
1120 1680 1396 1727 verterunt
1436 1677 1487 1728 in
1533 1678 1753 1732 dubium
1781 1679 1883 1732 Pa-

321 1762 459 1818 tres,
503 1769 573 1809 an
603 1753 842 1825 Gregorii
881 1768 1040 1813 esset.
1094 1758 1159 1813 Et
1182 1761 1247 1816 de
1267 1759 1367 1817 hac
1387 1761 1725 1835 Expositione
1754 1770 1878 1839 ﬁdei

319 1847 465 1900 κατὰ
498 1849 685 1920 μέρος,
712 1854 865 1907 satis.

392 1939 509 1994 Dixi
547 1958 732 2011 supra,
769 1945 923 1999 ﬁdem
954 1946 1212 2018 Gregorio
1266 1952 1553 2005 revelatam
1589 1970 1618 2007 a
1654 1952 1874 2025 Virgine

312 2030 511 2087 Patres
544 2035 801 2090 reveritos
833 2037 1021 2105 fuisse,
1053 2047 1105 2094 et
1139 2040 1189 2093 in
1224 2058 1321 2095 sua
1350 2044 1548 2114 scripta
1604 2047 1870 2103 retulisse.

310 2122 472 2176 Addo
507 2140 669 2191 nunc,
707 2136 760 2181 et
788 2143 852 2181 ex
887 2129 1030 2184 illius
1053 2131 1208 2186 dictis
1239 2134 1403 2188 multa
1438 2134 1559 2190 ﬁdei
1593 2141 1870 2209 mysteria,

308 2214 498 2270 verbis
558 2224 611 2271 et
659 2221 940 2275 sententiis
991 2223 1113 2277 inde
1165 2226 1405 2291 haustis,
1469 2231 1867 2298 comprobasse.

305 2302 392 2359 Ne
435 2308 674 2377 singulos
715 2325 1044 2377 recenseam,
1074 2315 1181 2369 duo
1214 2320 1586 2373 tantummodo
1617 2322 1760 2377 dicta
1788 2324 1872 2377 di-

306 2396 602 2452 sertissimi
632 2398 827 2467 Patris,
857 2414 907 2456 et
937 2405 1045 2469 cui,
1071 2421 1099 2458 a
1127 2407 1441 2475 theologicis
1477 2411 1636 2465 rebus
1667 2414 1869 2483 optime

303 2497 365 2542 et
404 2492 811 2548 accuratissime
856 2498 1215 2564 pertractatis,
1269 2499 1526 2570 Thcologi
1564 2520 1863 2573 cognomen

307 2578 579 2633 universa:
611 2579 863 2637 Ecclesiae
907 2600 1171 2641 consensu
1213 2589 1456 2655 obvenit,
1486 2590 1746 2662 Gregorii,
1783 2595 1863 2649 in-

302 2685 499 2738 quam,
551 2672 868 2728 Nazianzeni
898 2719 911 2741 ,
984 2677 1035 2731 in
1090 2680 1324 2735 medium
1370 2682 1621 2748 aﬁ‘eram,
1665 2686 1861 2755 quibus

301 2760 595 2817 afﬁrmatio
633 2781 751 2820 mea
794 2778 976 2836 aperte
1013 2772 1440 2827 constabilietur.
1481 2775 1720 2830 Primum
1757 2778 1860 2834 erit

297 2869 370 2907 ex
402 2856 643 2911 oratione
675 2859 738 2911 de
774 2858 1081 2927 baptismate
1106 2864 1205 2934 (or.
1234 2882 1320 2931 ιιι,
1343 2868 1452 2937 42).
1506 2868 1702 2924 Scribit
1726 2871 1859 2925 Gre-

300 2947 526 3017 gorius:
555 2949 716 3002 Οὐδὲν
750 2950 848 3020 τῆς
892 2954 1145 3023 Τριάὅος,
1200 2950 1246 3011 ὧ
1284 2954 1448 3023 οὗτοι,
1482 2960 1602 3014 οὔτε
1645 2962 1849 3028 δοῦλον,

2012 506 2071 543 ea
2114 507 2169 546 se
2203 510 2415 550 sumere
2456 498 2519 550 ἐκ
2562 499 2652 551 τοῦ
2695 501 2821 569 περὶ
2858 504 3179 571 σαρκώσεως
3213 508 3305 559 καὶ
3335 509 3566 574 πίστεως

2009 583 2163 651 λόγου
2202 588 2256 639 ὲν
2298 592 2361 659 τῇ
2407 592 2666 661 ἑρμηνείᾳ
2703 593 2791 643 τοῦ
2826 593 3073 664 δευτέρου
3104 598 3560 670 ἀναϐεματισμοῦ.

2014 696 2031 726 ι
2061 676 2135 731 Ex
2172 682 2417 735 oratione
2456 684 2519 737 de
2555 684 2925 739 incarnatione
2958 696 3007 741 et
3044 688 3177 755 ﬁde,
3214 691 3266 743 in
3301 692 3563 763 interpre-

2006 772 2207 825 tatione
2252 776 2685 829 anathematismi
2735 779 2976 832 secundi.
3020 799 3037 830 ι
3100 780 3245 837 Licet
3296 786 3437 839 enim
3494 805 3561 843 ex

2003 862 2267 917 divisione
2301 865 2478 933 operis
2525 868 2577 920 in
2622 871 2875 937 capitula,
2912 873 3268 940 capitulorum
3312 877 3413 932 sibi
3458 896 3559 932 no~

2002 968 2122 1005 men
2158 969 2292 1023 opus
2321 956 2631 1024 praetulerit,
2676 969 2911 1015 attamen
2953 963 3028 1016 illi
3061 970 3185 1035 περὶ
3232 968 3558 1038 σαρκώσεως

1999 1042 2214 1096 titulum
2275 1047 2342 1099 ab
2387 1058 2607 1101 auctore
2662 1051 2939 1119 praeﬁxum
2997 1055 3197 1117 fuisse,
3253 1072 3319 1109 ex
3368 1060 3555 1115 eodem

1998 1137 2177 1203 operis
2211 1150 2527 1205 argumento
2554 1141 2709 1206 plane
2737 1153 2899 1210 patet.
2981 1142 3179 1199 Scribit
3218 1149 3421 1205 scilicet
3457 1170 3556 1205 au-

1994 1236 2111 1279 ctor
2156 1247 2167 1281 :
2218 1224 2350 1281 Θεοῦ
2399 1232 2577 1301 χάριτι
2634 1232 2749 1295 πῶς
2801 1234 2881 1286 δεῖ
2934 1238 3203 1293 πιστεύειν
3274 1244 3398 1312 περὶ
3459 1246 3555 1315 τῆς

1995 1315 2313 1386 σαρκώσεως
2359 1321 2449 1371 καὶ
2498 1321 2958 1392 ἐνανθρωπήσεως
3004 1326 3095 1378 τοῦ
3122 1329 3248 1381 Υῐοῦ
3292 1331 3383 1383 τοῦ
3418 1332 3551 1386 Θεοῦ

2003 1405 2171 1477 Ἰησοῦ
2198 1409 2447 1475 Χριστοῦ.
2489 1429 2505 1458 ι
2533 1410 2814 1475 Quomodo
2845 1430 2965 1479 cum
2998 1416 3085 1469 Dei
3111 1420 3280 1486 gratia
3308 1434 3551 1490 oporteat

1988 1495 2204 1548 credere
2241 1497 2306 1549 de
2346 1498 2715 1553 incarnatione
2745 1513 2794 1553 et
2824 1503 3263 1560 inhumanatione
3296 1508 3415 1563 Filii
3451 1511 3549 1566 Dei

1985 1584 2113 1640 Jesu
2141 1587 2362 1640 Christi.
2396 1608 2412 1639 ι
2449 1588 2511 1641 Et
2544 1592 2784 1658 apposite
2818 1594 2926 1647 haec
2955 1596 3059 1649 duo
3094 1599 3378 1666 conjunxit
3418 1604 3547 1673 σάρ-

1986 1697 2173 1742 κωσιν,
2200 1682 2289 1733 καὶ
2319 1681 2742 1751 ἐνανθρὼπησιν,
2780 1686 3192 1741 incarnationem
3221 1700 3267 1742 et
3296 1692 3543 1746 initurum

1988 1773 2281 1833 nationem,
2332 1782 2587 1839 tanquam
2637 1774 2727 1843 qui
2772 1784 2823 1828 et
2861 1776 3074 1832 GI‘I’BCOS
3123 1781 3417 1837 catholicos
3458 1801 3543 1838 sc-

1987 1871 2263 1929 queretur,
2300 1866 2388 1932 qui
2430 1864 2495 1917 de
2534 1865 2633 1919 hoc
2669 1851 2925 1935 mysterio
2970 1869 3134 1925 libros
3174 1888 3301 1927 suos
3352 1876 3542 1929 inscri-

1986 1952 2111 2006 bere
2138 1954 2397 2021 solebant,
2426 1956 2559 2023 Περὶ
2587 1957 3042 2029 ἐνανθρωπήσεως
3062 2003 3076 2025 ,
3109 1972 3160 2015 et
3187 1964 3543 2020 heterodoxo-

1984 2057 2103 2097 rum
2132 2047 2450 2099 sententiam
2482 2047 2768 2111 refelleret,
2795 2051 2887 2119 qui
2917 2067 3038 2105 cum
3067 2061 3234 2107 totum
3266 2055 3539 2111 hominem

1983 2148 2012 2185 a
2036 2131 2214 2188 Verbo
2254 2144 2562 2205 susceptum
2607 2149 2882 2208 negarent,
2920 2142 3378 2215 ὲνανθρωπήσεως
3415 2148 3543 2201 titu-

1982 2227 2092 2278 lum
2119 2226 2475 2295 refugiebant,
2507 2240 2559 2281 ct
2590 2230 2757 2282 altero
2792 2231 2925 2300 Περὶ
2955 2232 3277 2302 σαρκώσεως
3310 2237 3537 2297 uteban-

1980 2328 2087 2379 tur,
2130 2318 2485 2371 utEndoxius
2529 2320 3161 2389 Constantinopolitanus
3187 2333 3239 2377 et
3263 2325 3536 2394 Apollina-

1979 2410 2055 2463 ris
2096 2410 2209 2477 ipse
2249 2408 2508 2462 fecerant.
2550 2410 2880 2465 Athanasius
2908 2413 3069 2466 etiam
3096 2414 3411 2485 Gregorium
3444 2435 3534 2472 se-

1978 2509 2136 2553 cutus
2166 2511 2454 2569 utramque
2484 2516 2666 2554 vocem
2710 2518 2815 2555 una
2847 2504 3126 2570 conjunxit
3154 2516 3339 2560 contra
3370 2508 3533 2577 Apel-

1977 2591 2205 2643 linarem
2242 2592 2355 2659 (lib.
2389 2608 2424 2655 ι,
2455 2592 2544 2659 El)
2580 2606 2593 2641 :
2630 2593 2923 2662 Μανιχαῖος
2963 2596 3263 2666 ἀπιστήσας
3308 2602 3371 2669 τῇ
3405 2616 3534 2669 σαρ-

1973 2682 2135 2734 κώσει
2180 2685 2270 2735 καὶ
2298 2683 2704 2755 ἐνανθρωπήσει
2750 2685 2841 2737 τοῦ
2887 2687 3110 2757 Κυρίου,
3156 2690 3353 2761 ἀσεϐὴς
3391 2693 3530 2745 κατὰ.

1972 2770 2149 2825 πάντα
2198 2772 2407 2839 γέγονε.
2455 2792 2472 2822 ι
2502 2772 2833 2829 Manichacus
2873 2791 2978 2829 non
3012 2778 3236 2831 credens
3281 2781 3532 2833 incarna-

1972 2862 2102 2915 tioni
2131 2872 2183 2917 et
2225 2864 2656 2919 inbmnanationi
2681 2864 2915 2930 Domini,
2947 2866 3000 2921 in
3041 2870 3294 2924 onmibus
3329 2872 3527 2941 impius

1968 2952 2143 3007 factus
2199 2963 2297 3007 est.
2334 2972 2351 3004 ι
2406 2954 2538 3008 Illud
2591 2972 2808 3025 quoque
2855 2958 3064 3012 interim
3122 2960 3522 3016 observandum

296 3037 426 3092 οὔτε
456 3042 686 3095 κτιστύν.
746 3062 764 3095 ι
795 3044 935 3099 Nihil
977 3049 1031 3101 in
1059 3048 1341 3114 Trinitate,
1394 3068 1426 3106 ο
1456 3054 1642 3119 amici,
1683 3072 1857 3126 neque

1978 3055 2074 3110 ast,
2122 3037 2315 3100 horum
2348 3047 2707 3116 capitulorum
2748 3066 2871 3103 cum
2911 3052 3245 3121 expositione
3285 3054 3338 3107 in
3365 3055 3526 3111 editis

296 3147 518 3187 servum
551 3150 721 3204 neque
750 3148 1009 3193 creatum.
1040 3160 1058 3191 ι
1093 3140 1160 3195 Ει
1183 3143 1339 3212 plane
1375 3144 1447 3199 ita
1469 3156 1568 3201 est.
1606 3145 1671 3200 Et
1698 3157 1852 3202 nota-

294 3222 377 3277 vit
427 3224 609 3278 nescio
663 3231 783 3295 quis
834 3229 887 3282 in
943 3231 1184 3301 margine
1250 3236 1600 3303 manuscripti
1652 3238 1855 3293 codicis

294 3311 543 3368 Vaticani
574 3316 729 3381 1592,
778 3334 898 3389 pag.
924 3320 992 3375 59
1026 3339 1038 3372 :
1080 3322 1344 3394 Γεώργιον
1390 3326 1703 3399 (Γρηγὸριον
1742 3331 1855 3384 vult

288 3406 495 3479 dicere)
523 3410 611 3485 τὸν
632 3411 1050 3483 Θαυματουργὸν
1078 3418 1134 3467 ἐν
1161 3419 1225 3485 τῇ
1254 3417 1629 3487 ἀποκαλύψει
1648 3462 1661 3485 ,
1694 3420 1853 3475 ιϐτε-

288 3503 504 3572 gorium
538 3505 713 3559 innuit
736 3506 1195 3577 Thaumaturgum
1227 3512 1278 3563 in
1305 3513 1629 3566 reuelatione.
1654 3534 1671 3565 ι
1700 3516 1849 3569 Alte-

287 3611 415 3649 rum
440 3606 522 3651 est
546 3600 597 3651 in
623 3599 865 3652 oratione
883 3600 943 3653 de
972 3598 1173 3669 Spiritu
1199 3613 1376 3654 sancto
1401 3603 1503 3673 (or.
1538 3622 1686 3671 χχχι,
1712 3608 1802 3675 28)
1833 3628 1846 3662 :

285 3688 478 3741 Σέϐειν
516 3690 645 3742 Θεὸν
690 3691 780 3744 τὸν
831 3692 1066 3761 Πατέρα,
1110 3693 1240 3746 Θεὸν
1283 3693 1374 3745 τὸν
1426 3694 1574 3759 Υἱὸν,
1624 3697 1752 3750 Θεὸν
1788 3697 1848 3750 τὸ

284 3780 513 3851 Πνεῦμα
560 3781 620 3833 τὸ
667 3782 837 3849 ἅγιον,
888 3787 1031 3854 τρεῖς
1084 3784 1378 3856 ἰδιότητας,
1419 3784 1643 3857 Θεότητα
1696 3789 1843 3858 μίαν,

279 3874 434 3944 δόξῃ,
467 3877 558 3927 καὶ
592 3879 741 3946 τιμῇ,
773 3877 865 3927 καὶ
902 3876 1079 3949 οὐσίᾳ,
1106 3878 1197 3929 καὶ
1233 3878 1476 3949 βασιλείᾳ
1524 3880 1596 3950 μὴ
1630 3881 1846 3950 μεριζο-

286 3967 478 4038 μένην,
518 3967 592 4031 ὦς
628 3985 709 4031 τις
752 3967 856 4021 τῶν
895 3969 1071 4039 μικρῷ
1109 3970 1340 4040 πρόσθεν
1369 3971 1638 4042 Θεοφόρων
1670 3972 1844 4041 ἐφιλο-

280 4058 541 4127 σόφησεν.
608 4076 627 4107 ι
672 4056 857 4111 Colere
902 4056 1068 4111 Deum
1113 4057 1325 4113 Patrem
1352 4101 1367 4125 ,
1410 4056 1576 4113 Deum
1627 4059 1840 4127 Filium,

280 4150 457 4205 Deum
487 4149 744 4217 Spiritum
787 4159 1050 4213 sanctum,
1098 4161 1207 4205 tres
1246 4151 1622 4221 proprietates,
1666 4150 1839 4205 deita-

276 4253 393 4297 tem
441 4256 632 4301 unam,
686 4256 859 4309 neque
905 4241 1107 4309 gloria,
1153 4255 1329 4309 neque
1374 4239 1613 4304 honore,
1669 4258 1841 4312 neque

272 4332 536 4396 essentia,
562 4347 735 4401 neque
762 4346 925 4399 regno
961 4330 1309 4390 subdivisam,
1343 4340 1401 4385 ut
1422 4332 1644 4400 quidam
1677 4334 1837 4400 paulo

1957 3136 2303 3208 Gregorianis
2334 3141 2531 3211 praeﬁgi
2553 3139 2848 3195 Cerardum
2867 3141 3118 3198 V'ossium
3156 3145 3520 3215 interpretem,

1956 3244 2080 3282 cum
2122 3238 2299 3283 tamen
2336 3230 2662 3287 Possevinus
2712 3236 2935 3298 scribat,
2982 3236 3237 3305 quoniam
3278 3253 3340 3292 ea
3375 3254 3520 3291 nun-

1956 3338 2121 3391 quam
2170 3333 2263 3375 aut
2293 3322 2476 3378 Graece
2511 3335 2605 3379 aut
2648 3325 2836 3381 Latine
2868 3329 3165 3396 prodierint
3220 3330 3271 3382 in
3318 3330 3515 3393 lucem,

1961 3413 2079 3468 ideo
2104 3414 2412 3468 versionem
2441 3416 2651 3470 illorum
2685 3418 2878 3472 factam
2916 3435 2946 3472 a
2972 3418 3261 3475 Francisco
3294 3419 3520 3476 Turria-

1954 3520 2046 3569 no,
2093 3505 2147 3558 in
2194 3506 2466 3574 Apparatu
2516 3524 2616 3560 suo
2658 3509 2937 3577 adjecisse.
2987 3510 3117 3575 Qua:
3160 3528 3281 3565 cum
3327 3514 3515 3567 iisdem

1949 3596 2150 3660 verbis,
2210 3599 2399 3664 paucis
2448 3598 2766 3663 immutatis,
2818 3617 2927 3669 pra:
2978 3604 3228 3657 manibus
3272 3608 3512 3659 omnium

1951 3689 2039 3753 sit,
2076 3688 2199 3756 quis
2235 3689 2301 3741 ab
2334 3689 2503 3742 altero
2542 3694 2829 3759 acceperit,
2868 3693 3138 3745 incertum
3170 3694 3422 3747 mihiest.

2019 3777 2076 3829 In
2101 3779 2375 3846 epistolam
2390 3779 2780 3849 Thaumaturgi
2806 3790 3113 3835 canonicam
3135 3787 3509 3840 commentarii

1944 3863 2170 3918 Joannis
2200 3864 2424 3919 Zonaras
2456 3878 2509 3921 ct
2533 3866 2803 3922 Theodori
2842 3869 3178 3926 Balsamonis
3210 3874 3336 3926 editi
3378 3885 3509 3929 sunt

1946 3952 2202 4018 Lutetiae;
2254 3953 2591 4011 Balsamonis
2614 3958 2830 4026 quidem
2864 3960 3025 4013 simul
3054 3976 3176 4015 cum
3207 3964 3327 4016 aliis
3359 3964 3509 4032 ejus-

1946 4044 2067 4099 dem
2119 4046 2551 4114 expositionibus
2601 4049 2655 4101 in
2715 4064 2900 4104 sacros
2944 4065 3217 4117 canones;
3281 4052 3506 4109 Zonara:

1943 4154 2073 4193 vero
2096 4139 2404 4207 separatim,
2429 4156 2551 4194 cum
2579 4142 2769 4196 eodem
2792 4140 3217 4211 Thaumaturgo,
3273 4145 3507 4200 Macario

1944 4243 1998 4286 et
2038 4232 2233 4287 Basilio
2294 4234 2659 4301 Seleuciensi,
2712 4233 2935 4290 Lutetiae
2984 4234 3160 4289 in~t‘ol.
3228 4237 3410 4292 Graece
3450 4250 3506 4294 et

1944 4324 2151 4379 Latine.

274 4434 409 4479 ante
438 4440 536 4478 nos
564 4398 731 4479 dei-fer
760 4424 1173 4493 philosOphatns
1210 4432 1311 4477 est.
1341 4443 1358 4475 ι
1398 4398 1456 4477 In
1492 4398 1717 4478 alterius
1745 4439 1835 4479 co-
1868 4398 1912 4453 θ
2011 4416 2212 4472 Ρωὲῑοτ
2268 4419 2399 4481 MBO.
2431 4418 2573 4472 imus
2608 4418 2767 4471 ειίαῐη
2819 4418 3002 4472 laudat
3028 4418 3283 4487 θρίδίοῖθε
3310 4418 3501 4475 Hiero‘

270 4517 419 4569 dicis
460 4530 673 4584 quoque
701 4513 941 4569 Vaticani
982 4514 1085 4568 456
1134 4515 1325 4583 pagina
1374 4514 1469 4567 561
1512 4515 1831 4569 adnotatur:
1941 4524 2155 4577 nymus.
2234 4508 2296 4562 Et
2349 4510 2465 4562 alia:
2514 4510 2675 4577 hujus
2724 4508 2884 4577 vulgo
2936 4507 3183 4564 feruntur
3234 4512 3493 4580 epistolae.

271 4606 574 4676 Γρηγόριον
619 4606 762 4673 λέγει
803 4606 892 4658 τὸν
939 4606 1352 4676 Θαυματουργὸν
1402 4606 1458 4656 ἐν
1508 4609 1573 4677 τῇ
1612 4608 1833 4659 ἀποκα-
1940 4598 2142 4704 βυίάιιςί
2215 4602 2450 4704 Ἔγραψε
2498 4605 2590 4704 ita‘t
2626 4604 2789 4704 alia";
2808 4622 2864 4657 τε
2905 4603 3099 4704 πολλὰς
3127 4604 3496 4704 και-ποικίλος

270 4699 483 4764 λύψει.

1978 4687 2235 4751 πιστολάς.
2280 4708 2298 4741 ι
2329 4690 2552 4762 Scripsit
2598 4702 2650 4746 et
2708 4694 2839 4746 alias
2873 4694 3071 4750 multas
3110 4695 3242 4747 varii
3284 4695 3493 4767 generis

343 4787 533 4842 Cesset
567 4788 729 4841 etiam
760 4803 987 4843 censura
1028 4803 1056 4841 a
1086 4786 1410 4841 Bellarmino
1439 4786 1577 4843 facta
1607 4788 1671 4842 de
1698 4790 1830 4841 duo—
1934 4783 2207 4851 epistolas.
2248 4803 2264 4832 ι

269 4882 441 4935 decim
477 4881 743 4947 capitulis,
779 4895 898 4949 quae
930 4890 1106 4934 tamen
1143 4881 1217 4933 uti
1251 4880 1578 4948 Gregoriana
1609 4894 1637 4931 a
1667 4880 1831 4934 colle-
2005 4874 2122 4926 Alia
2176 4890 2391 4943 quoque
2454 4878 2769 4946 scripsisse.
2826 4881 2957 4934 nulli
3013 4880 3235 4933 dubium
3293 4878 3487 4948 fuerit;

268 4986 421 5027 ctore
470 4972 853 5026 sententiarum
901 4970 969 5025 de
1001 4970 1211 5024 duabus
1254 4970 1305 5022 in
1353 4969 1568 5022 Christo
1620 4970 1829 5023 naturis
1934 4965 2104 5018 multa
2137 4968 2280 5019 enim
2317 4966 2461 5021 illius
2493 4978 2544 5021 et
2576 4971 2706 5025 satis
2738 4972 2941 5039 prolixa
2982 4972 3035 5024 in
3063 4969 3266 5070 Catena
3301 4971 3487 5072 Graeca

270 5071 658 5133 agnoscuntur.
711 5061 773 5115 Et
802 5060 995 5115 Suidas
1039 5080 1050 5113 :
1093 5060 1383 5131 Γρηγόριος
1456 5060 1551 5112 καὶ
1608 5059 1831 5160 ’Λθηνέῗ

1978 5070 2096 5125 iper
2123 5053 2439 5117 Jeremiam,
2482 5073 2602 5125 quae
2637 5074 2735 5113 nos
2769 5058 2956 5114 Latina
3003 5060 3250 5118 fecimus,
3291 5069 3344 5114 et
3372 5063 3485 5115 Suis

268 5157 440 5226 δωρος
490 5153 838 5223 συναίμονες,
898 5152 1009 5205 ἀλλ’
1039 5155 1067 5205 ὁ
1110 5153 1204 5221 μὲν
1271 5152 1649 5222 τερατουργὸς,
1701 5154 1729 5202 ὁ
1768 5151 1825 5203 δὲ

1978 5143 2292 5202 ιΙοΓοηιὶοιη
2335 5152 2737 5205 commentariis
2770 5152 2995 5206 inseruit
3020 5150 3268 5217 {Michael
3302 5151 3479 5206 Gisle-

265 5247 556 5316 σοφιστής’
600 5245 800 5316 ἔγραψε
843 5244 897 5296 δὲ
942 5242 1067 5316 περὶ
1106 5244 1429 5314 σαρκώσεως
1467 5245 1559 5295 καὶ
1592 5244 1825 5304 πίστεως

1982 5257 2063 5306 us,
2094 5239 2345 5310 leguntur
2371 5259 2490 5311 qua:
2536 5243 2587 5295 in
2616 5245 2773 5297 editis
2801 5259 2907 5296 non
2942 5244 3225 5297 habentur.

265 5340 441 5409 λόγον.
488 5361 506 5390 ι
528 5339 817 5407 Gregorius
842 5346 895 5391 et
920 5335 1300 5391 Athenodorus
1331 5336 1573 5403 germani
1608 5335 1821 5400 fratres,
1996 5332 2077 5385 Ad
2129 5334 2272 5387 hunc
2314 5332 2801 5389 Neoczesariensem
2838 5335 3155 5434 Gregorium
3190 5332 3475 5434 Origenem

266 5432 363 5485 sed
387 5430 473 5483 ille
495 5430 708 5499 quidem
737 5428 1120 5482 miraculorum
1146 5435 1403 5495 patrator,
1435 5425 1522 5478 hic
1556 5425 1818 5491 sophista.
1925 5421 2209 5521 scripsisse
2259 5424 2567 5524 epistolam,-
2629 5441 2647 5472 ι
2678 5425 2896 5524 quando
2927 5424 3190 5491 quibusve
3224 5425 3472 5524 philoso-

267 5520 499 5590 Scripsit
540 5535 666 5574 vero
716 5520 803 5573 ille
848 5520 913 5572 de
946 5518 1313 5571 incarnatione
1363 5529 1416 5571 et
1460 5516 1563 5569 ﬁde
1614 5516 1818 5569 oratio-
1922 5511 2094 5579 phicaz
2136 5512 2435 5579 disciplina:
2475 5514 2631 5566 utiles
2661 5512 2785 5617 sint‘
2809 5514 2874 5616 ad
2909 5513 3471 5617 saerarumScriptu-

269 5632 409 5669 nem.
444 5633 477 5665 ι
500 5612 648 5668 Hanc
672 5614 814 5667 enim
845 5612 1137 5665 orationem
1170 5626 1274 5664 non
1309 5625 1427 5664 esse
1458 5608 1622 5670 aliud,
1655 5622 1816 5676 quam
1922 5620 2105 5658 rarum
2140 5606 2563 5673 expositionem,
2598 5620 2720 5712 cum
2754 5604 3047 5712 scripturae
3083 5607 3463 5712 testimonio,ﬂi

266 5708 381 5777 ipsa
450 5708 723 5760 duodecim
776 5707 1037 5774 capitula,
1108 5718 1340 5774 agnosco
1401 5718 1467 5757 ex
1524 5702 1813 5756 collectore
1920 5696 2129 5752 decimo
2164 5698 2320 5751 tertio
2358 5701 2527 5769 capite
2558 5696 2859 5753 Pliilocaliw
2899 5700 3190 5767 insertam,
3225 5700 3463 5755 nonnulli
