3988 6200
487 330 618 385 1251

1354 326 1602 417 ΙιΕΟΝ15
1640 324 1908 380 ALLATII
1946 324 2268 382 DIATRIBA
2305 325 2394 381 DE
2433 323 2846 382 THEODORIS.

3571 328 3684 384 1252

493 467 591 506 nec
628 450 900 509 immerito
931 450 1330 507 existimarunt.
1364 451 1426 505 P.
1450 453 1619 522 Χαῖρε
1647 451 1703 504 ὲν
1726 449 1862 520 Θεῷ,
1901 448 2046 520 κύριὲ

2158 448 2254 502 vit.
2293 465 2314 498 ι
2371 446 2570 502 Verum
2618 448 2669 504 id
2713 457 2816 512 est,
2866 462 3024 504 nemo
3075 447 3283 506 inﬁcias
3338 450 3514 508 iverit.
3553 472 3570 506 ι
3605 452 3686 508 llic

491 559 594 613 μου
643 541 1058 608 σπουδαιότατε,
1092 545 1185 596 καὶ
1221 541 1606 612 αἰδεσιμώτατε
1656 541 1738 594 υἱὲ
1768 541 2048 612 Γρηγόριε,

491 636 642 708 παρὰ
682 634 1000 708 Ὠριγὲνους.
1032 635 1094 688 Ἦ
1125 637 1203 698 εἰς
1226 633 1455 700 σύνεσιν,
1483 651 1535 686 κ.
1566 651 1616 686 τ.
1645 633 1694 687 λ.
1726 631 1781 686 In
1809 633 2052 703 margine

493 728 698 782 codicis
730 725 971 782 Vaticani
1002 726 1105 781 589
1139 734 1355 780 notatur
1402 744 1414 778 :
1467 724 1625 776 Ἀλλὰ
1658 724 1716 776 τὸ
1755 724 1927 795 παρὸν
1959 740 2053 775 κεν

494 819 718 887 φάλαιθν
766 817 916 871 οὐδὲν
955 817 1140 888 ἕτερον
1177 817 1310 886 ἔχει,
1348 818 1395 869 εἰ
1440 816 1512 886 μὴ
1559 817 1724 886 μόνην
1768 815 2050 886 ἐπιστολὴν

492 908 657 962 αὑτοῦ
701 906 792 961 τοῦ
846 905 1148 978 Ὦριγένους
1195 908 1496 976 γραφεῖσαν
1553 905 1688 976 πρὸς
1733 906 2047 977 Γρηγόριον,

491 1002 550 1056 ὃν
585 1017 725 1063 τινες
751 1001 841 1054 τὸν
869 997 1286 1070 Θαυματουργὺν
1314 997 1556 1065 λέγουσιν
1584 992 1739 1051 εἶναι.
1777 996 2051 1051 «Praesens

497 1095 602 1148 hoc
644 1091 941 1160 capitulum
989 1089 1123 1143 nihil
1172 1089 1318 1143 aliud
1372 1087 1633 1151 continet,
1685 1087 1788 1141 nisi
1839 1098 2047 1141 tantum

492 1182 774 1253 epistolam
805 1179 980 1249 ipsius
1018 1177 1266 1250 Origenis
1313 1177 1572 1248 scriptam
1615 1177 1681 1231 ad
1709 1176 2047 1246 Gregorium,

493 1289 654 1341 quem
703 1271 920 1342 quidam
964 1269 1425 1341 Thaumaturgum
1477 1284 1598 1324 esse
1638 1270 1994 1324 contendunt.
2025 1288 2044 1320 ›

494 1364 894 1434 Epitomatorcs
925 1361 1241 1417 Gesneriani
1271 1377 1284 1414 :
1328 1380 1345 1413 ι
1376 1360 1632 1430 Ejusdem
1658 1359 2050 1431 Thaumaturgi

491 1458 740 1527 epistola,
764 1473 859 1512 seu
889 1470 1124 1510 canones
1149 1456 1209 1509 11
1241 1455 1491 1525 impressi
1521 1464 1650 1510 sunt
1665 1453 1887 1510 Basileae
1907 1453 2051 1524 apud

492 1548 754 1605 Joannem
797 1549 1124 1604 Frobenium
1164 1563 1308 1603 anno
1336 1548 1492 1614 1518,
1528 1563 1652 1603 cum
1707 1549 1878 1603 sancti
1906 1547 2049 1603 Petri

493 1635 750 1706 Epistola,
787 1646 840 1691 et
862 1635 1147 1702 Gennadii,
1178 1644 1284 1691 etc.
1317 1635 1446 1691 ltem
1475 1636 1829 1707 Metaphrasis
1864 1639 1920 1692 in
1946 1637 2048 1691 Ec-

496 1723 810 1790 clesiastem,
845 1733 899 1778 et
919 1725 1164 1779 Aristeas
1187 1723 1262 1778 De
1289 1726 1622 1794 septuaginta
1651 1726 1853 1780 duobus
1883 1728 2046 1781 inter-

2152 539 2361 595 scilicet
2399 549 2483 595 est
2518 555 2585 595 ex
2625 541 2740 595 solo
2762 539 2938 596 Patre.
2978 559 2998 593 ι
3059 537 3174 597 Hoc
3204 556 3332 596 vero
3370 541 3566 598 falsum
3597 554 3684 600 est.

2150 629 2437 700 Nunquam
2509 630 2635 684 talia
2697 631 2945 687 Christus
3008 631 3414 701 pronuntiavit;
3483 633 3686 706 ideoque

2151 740 2273 779 eum
2311 733 2596 793 sequentes
2635 723 2827 789 sancti,
2871 722 2939 777 ab
2979 722 3129 779 hisce
3158 724 3426 781 dictandis
3469 727 3686 782 scriben-

2151 815 2345 886 disque
2394 831 2514 872 sese
2565 816 2854 870 abstinent.
2899 835 2918 868 ι
2953 816 3055 883 Qui
3094 832 3160 871 ex
3188 815 3346 873 Patre
3392 820 3638 888 procedit.
3663 839 3680 871 ι

2152 903 2266 961 Hoc
2299 905 2504 960 Christi
2545 915 2648 973 est,
2694 922 2854 960 nemo
2890 923 2989 961 nos
3023 907 3179 973 fallit,
3203 907 3405 963 dictum
3424 910 3685 965 exoscula-

2151 1015 2292 1053 mur.
2331 997 2432 1052 Sed
2467 1000 2520 1052 in
2552 999 2729 1052 verbis
2756 998 2956 1054 Christi
2980 999 3145 1056 dictio
3176 1003 3265 1057 illa
3299 1004 3410 1057 solo
3442 1019 3471 1057 a
3500 1001 3686 1058 Joanne

2152 1088 2638 1160 Hierosolymitano
2672 1088 2872 1157 addita,
2909 1106 3015 1160 qua
3046 1092 3327 1147 oculorum
3359 1093 3473 1148 acie
3500 1094 3688 1162 perspi«

2151 1180 2332 1235 citur?
2380 1179 2492 1252 Ego
2518 1181 2675 1250 plane
2706 1196 2813 1235 non
2837 1181 3008 1236 video.
3050 1203 3067 1234 ε
3092 1181 3182 1237 Uti
3212 1183 3505 1255 Gregorius
3525 1183 3687 1239 Thau-

2150 1281 2454 1340 maturgus.
2490 1289 2508 1322 ι
2567 1269 2678 1325 Hoc
2723 1286 2920 1341 purum
2966 1281 3152 1339 putum
3208 1273 3548 1328 mendacium
3596 1282 3684 1329 est.

2151 1360 2329 1417 Verba
2356 1361 2745 1433 Thaumaturgi
2780 1377 2888 1416 non
2929 1363 3075 1417 aliud
3105 1380 3266 1434 quam
3292 1366 3467 1435 ,verba
3503 1365 3687 1420 Christi

2151 1464 2366 1520 sonant,
2397 1454 2659 1524 Spiritum
2701 1464 2949 1509 sanctum
2987 1471 3053 1511 ex
3067 1455 3179 1512 Deo
3195 1458 3570 1513 exsistentiam
3601 1459 3687 1512 ha-

2149 1546 2296 1614 bere,
2326 1561 2391 1600 ex
2416 1545 2576 1601 Patre
2602 1547 2806 1602 scilicet
2839 1551 3149 1617 procedere.
3184 1549 3258 1604 Ex
3287 1551 3371 1605 his
3406 1562 3461 1604 tu
3497 1551 3689 1620 colligis

2149 1636 2614 1718 Thaumaturgum
2646 1647 2699 1694 et
2719 1639 2991 1696 Christum
3027 1640 3203 1710 ipsum
3237 1642 3549 1707 decernere,
3581 1642 3689 1712 Spi-

2149 1730 2312 1783 ritum
2346 1739 2595 1784 sanctum
2630 1745 2697 1786 ex
2727 1731 2846 1786 solo
2869 1729 3028 1787 Patre
3057 1734 3362 1803 procedere.
3401 1732 3576 1789 Stulto
3607 1749 3693 1805 ego

492 1816 722 1885 pretibus
753 1815 878 1885 legis
904 1814 1177 1870 Hebraicce
1204 1814 1412 1871 Joanne
1435 1817 1854 1888 (Ecolampadio
1885 1819 2050 1872 inter-
2081 1805 2124 1860 Β
2153 1817 2368 1873 stultior
2417 1817 2570 1873 fuero
2597 1859 2613 1884 ,
2667 1819 2714 1873 si
2766 1819 2852 1874 his
2905 1820 3347 1876 conclusionibus
3410 1821 3690 1875 crederem.

495 1921 662 1978 prete.
729 1905 796 1966 In
843 1907 1118 1979 Origenem
1165 1908 1521 1980 Panegyricus
1581 1909 1766 1965 Romae
1821 1910 1873 1964 in
1906 1909 2050 1964 Vati-

493 2018 630 2058 cana
661 2001 982 2057 bibliotheca
1022 2019 1125 2060 ms.
1161 2015 1426 2058 servatur.
1475 2003 1549 2057 De
1591 2005 1771 2058 anima
1812 2003 1942 2059 liber
1978 2006 2048 2059 ad

495 2093 781 2150 Tatianum
859 2103 1038 2151 exstat
1095 2097 1237 2166 apud
1289 2096 1549 2153 Didacum
1593 2096 1888 2155 liurtadum
1940 2099 2047 2156 Ve-

492 2189 674 2244 netiis.
707 2207 726 2242 ι

560 2278 862 2348 Antequam
903 2280 1112 2347 ﬁniam,
1161 2295 1269 2335 non
1319 2280 1587 2335 immerito
1627 2282 1716 2336 hic
1759 2281 2048 2336 nonnullo-

492 2386 613 2426 rum
655 2371 964 2427 Grtecorum
1016 2373 1072 2427 in
1113 2373 1329 2444 propria
1392 2374 1659 2426 sententia
1712 2372 2046 2429 defendenda

495 2463 661 2518 ardor
715 2463 1020 2526 obstinatus
1054 2464 1411 2535 exagitandus
1438 2474 1542 2530 est,
1583 2465 1675 2534 qui
1712 2465 1844 2520 tanti
1871 2465 2046 2522 Patris

492 2553 615 2609 ﬁdei
651 2555 1073 2624 expositionem,
1106 2554 1365 2610 divinitus
1404 2555 1664 2619 habitam,
1705 2555 1774 2610 ab
1806 2555 2044 2612 Ecclesia

493 2654 609 2702 tum
634 2645 894 2701 Orientali
946 2655 1060 2702 tum
1103 2646 1433 2702 Occidentali
1481 2648 1715 2718 agnitum
1775 2663 1836 2704 ac
1897 2663 2046 2703 rece-

492 2745 662 2806 ptam,
713 2736 854 2792 male
903 2751 1036 2791 sana
1076 2735 1515 2807 interpretatione
1558 2738 1614 2792 in
1660 2737 1819 2792 aliam
1857 2738 2045 2792 adver—

492 2842 718 2898 samque
767 2825 1085 2883 sententiam
1137 2827 1394 2891 trahunt.
1437 2837 1492 2883 et
1527 2843 1747 2884 sensum
1794 2844 1826 2882 a
1866 2835 2045 2883 mente

493 2920 578 2975 sui
630 2920 908 2990 scriptoris
957 2920 1220 2974 absonum
1269 2919 1629 2990 distorquent.
1687 2918 1757 2975 Ut
1807 2921 2044 2990 reliquos

490 3021 828 3082 praeteream,
852 3027 1028 3081 neque
1055 3012 1198 3065 enim
1231 3012 1357 3066 talia
1392 3011 1736 3066 examinandi
1776 3011 1926 3067 locus
1955 3011 2042 3067 hic

489 3111 824 3171 opportunus
865 3115 983 3155 esse
1019 3099 1252 3166 videtur,
1288 3115 1430 3156 unus
1471 3116 1580 3170 pra:
1626 3100 1748 3154 aliis
1791 3101 2041 3155 audiatur
2069 3135 2111 3192 ϐ

487 3189 725 3244 Joannes
768 3187 1290 3257 Hierosolymitanus
1335 3197 1472 3243 orat.
1503 3187 1579 3242 De
1609 3188 1813 3258 Spiritu
1862 3200 2041 3244 sancto

490 3279 750 3334 adversus
787 3277 1008 3332 Latinos
1049 3296 1061 3330 :
1094 3278 1168 3331 Οὐ
1212 3277 1319 3348 γὰρ
1361 3278 1486 3331 ἄλλο
1526 3296 1577 3331 τι
1617 3275 1765 3333 εἷπον
1805 3281 1854 3333 οἱ
1901 3282 2044 3349 ἅγιοι

487 3364 654 3436 οὗτοι,
679 3371 792 3425 ἀλλ’
821 3371 850 3424 ὃ
874 3373 1102 3444 Χριστὸς
1142 3373 1328 3442 εἴρηκε
1347 3411 1362 3437 ,
1407 3370 1649 3424 τουτέστι
1694 3371 1754 3424 τὸ
1787 3373 1849 3424 ἐκ
1883 3371 2041 3441 μόνου

489 3459 582 3512 τοῦ
608 3460 836 3532 Πατρὸς,
860 3461 889 3513 ὃ
912 3462 976 3513 ὲκ
1008 3461 1100 3515 τοῦ
1142 3464 1256 3516 Ilus
1267 3464 1355 3534 ρὸς
1377 3461 1747 3534 ἐκπορεύεται,
1775 3461 1869 3514 καὶ
1891 3463 1950 3514 τὸ
1980 3463 2045 3515 ὲκ

492 3550 585 3604 τοῦ
614 3550 746 3606 Θεοῦ
777 3553 870 3607 καὶ
908 3553 1117 3623 Πατρὸς
1142 3555 1241 3626 τὴν
1269 3553 1496 3626 ὓπαρξιν
1521 3553 1662 3626 ἔχον,
1701 3554 1880 3620 καθὼς
1905 3556 2046 3627 Γρη-

495 3646 677 3717 γόριος
698 3648 726 3699 ὁ
743 3645 1159 3718 Θαυματουργὺς
1175 3649 1228 3701 ὲν
1245 3650 1309 3720 τῇ
1343 3649 1904 3717 Ἀποκαλύψειαὺτοῦ
1917 3648 2039 3721 ἔφη’

500 3739 610 3791 Ἓν
629 3737 869 3807 Πνεῦμα
888 3738 1073 3808 ἅγιον,
1101 3741 1166 3792 τὸ
1193 3740 1262 3794 ἐκ
1287 3739 1432 3794 Θεοῦ
1460 3739 1572 3808 τὴν
1595 3741 1852 3810 ὕπαρξιν
1879 3741 2044 3810 ἕχον,

494 3830 592 3882 καὶ
631 3830 705 3884 δι’
748 3831 884 3885 Υιοῦ
928 3833 1222 3901 πεφηνὸς,
1267 3833 1497 3902 δηλαδὴ
1531 3834 1654 3900 τοῖς
1701 3834 2044 3904 ἀνθρώποις.

497 3937 515 3968 ι
537 3916 722 3989 Neque
737 3917 881 3973 enim
901 3918 1045 3973 aliud
1063 3920 1230 3974 sancti
1249 3919 1522 3985 dixerunt,
1549 3935 1709 3990 quam
1726 3921 1868 3989 quod
1883 3920 2045 3975 Chri-

491 4019 608 4068 stus
631 4011 1017 4081 pronuntiavit.
1043 4009 1142 4066 liic
1158 4011 1411 4067 nimirum
1429 4021 1512 4068 est
1527 4029 1592 4070 ex
1608 4014 1723 4068 solo
1751 4012 1929 4078 Patre,
1948 4015 2040 4083 qui

489 4117 556 4156 ex
586 4101 745 4158 Patre
768 4104 1029 4173 procedit,
1063 4112 1117 4158 et
1149 4105 1242 4173 qui
1282 4119 1348 4158 ex
1369 4103 1480 4160 Deo
1507 4114 1559 4158 et
1579 4104 1736 4159 Patre
1770 4104 2042 4159 exsisten-

489 4195 620 4249 tiam
640 4196 818 4262 habet,
849 4196 925 4250 uti
943 4196 1231 4265 Gregorius
1247 4195 1680 4264 Thaumaturgus
1704 4196 1754 4250 in
1785 4210 1882 4251 sua
1906 4195 2042 4250 dixit

490 4284 802 4340 reuelatione
830 4301 850 4340 :
873 4305 892 4338 ι
920 4284 1071 4341 Unus
1113 4285 1344 4355 Spiritus
1394 4296 1635 4354 sanctus,
1661 4302 1727 4342 ex
1757 4287 1866 4344 Deo
1899 4286 2042 4343 exsi-

499 4395 519 4427 ι
546 4377 794 4431 stentiam
826 4377 1049 4442 habens,
1065 4387 1119 4432 et
1143 4379 1235 4447 qui
1266 4394 1359 4447 per
1383 4377 1578 4433 Filium
1609 4378 2042 4448 apparuit,scili-

2151 1907 2313 1974 Audi,
2338 1907 2412 1960 mi
2447 1908 2630 1962 homo.
2657 1905 2738 1961 Ex
2764 1905 2922 1963 Patre
2950 1906 3196 1978 procedit
3235 1907 3474 1976 Spiritus
3516 1919 3532 1958 :
3575 1918 3692 1976 ergo

2150 2013 2215 2054 ex
2263 1997 2379 2052 solo
2424 1996 2618 2064 Patre;
2677 1995 2874 2054 falsum
2934 1998 2989 2052 id
3032 2007 3134 2054 est.
3201 1997 3385 2052 Potest
3437 1996 3694 2066 siquidem

2149 2089 2293 2160 quod
2324 2089 2568 2158 procedit
2601 2103 2664 2143 ex
2693 2087 2870 2154 Patre,
2913 2099 2967 2145 et
3003 2104 3070 2144 ex
3119 2087 3226 2144 alio
3258 2102 3476 2158 quoque
3517 2101 3697 2156 proce-

2147 2181 2294 2237 dere.
2338 2180 2404 2236 Et
2453 2197 2518 2236 ex
2549 2181 2686 2237 Filio
2731 2183 3022 2253 procedere
3065 2181 3176 2251 jam
3228 2182 3368 2251 apud
3397 2179 3698 2233 Catholicos

2148 2285 2369 2336 omnes,
2413 2280 2468 2326 et
2497 2270 2788 2341 Scriptura:
2835 2280 2889 2328 et
2931 2282 3239 2328 sanctorum
3287 2269 3507 2324 Patrum
3556 2271 3699 2324 testi-

2147 2364 2348 2420 moniis
2377 2365 2778 2420 constabilitum
2807 2374 2908 2420 est.
2950 2363 3127 2434 IEque
3159 2364 3321 2418 etiam
3354 2363 3458 2416 hoc
3493 2377 3697 2418 mecum

2149 2455 2291 2511 scias
2332 2474 2344 2510 :
2379 2455 2503 2511 licet
2536 2455 2785 2511 Christus
2828 2455 3130 2525 reliquique
3164 2468 3354 2508 omnes
3396 2451 3588 2506 Patres
3623 2452 3700 2506 di-

2146 2548 2384 2615 xissent,
2419 2563 2485 2604 ex
2528 2548 2646 2603 solo
2672 2546 2831 2601 Patre
2872 2543 3131 2616 Spiritum
3169 2543 3490 2614 procedere,
3528 2543 3699 2597 adhuc

2147 2639 2346 2694 Filium
2383 2655 2490 2694 non
2523 2640 2737 2695 excludi
2776 2637 2844 2692 ab
2879 2636 2981 2692 ista
3010 2635 3375 2706 processione,
3412 2635 3560 2705 quod
3596 2635 3700 2689 cla-

2146 2731 2383 2788 rissimis
2424 2731 2688 2800 exemplis
2737 2729 3119 2800 comprobatur
3165 2743 3197 2783 a
3235 2727 3436 2782 Basilio
3487 2729 3697 2798 Magno,

2144 2833 2199 2881 et
2230 2824 2348 2880 l'use
2382 2825 2668 2895 exponitur
2706 2839 2736 2879 a
2761 2821 2970 2878 Joanne
3006 2818 3184 2876 Vecco
3224 2820 3536 2890 patriarcha
3564 2819 3699 2874 Con-

2145 2916 2628 2986 stantinopolitano
2691 2913 2768 2968 De
2827 2914 3153 2983 processione
3212 2911 3445 2980 Spiritus
3505 2913 3697 2978 sancti,

2145 3024 2264 3078 cap.
2290 3009 2378 3076 1‘2,
2411 3017 2467 3064 et
2496 3024 2526 3063 a
2557 3007 2719 3062 Petro
2749 3005 3003 3077 episcopo
3037 3003 3424 3060 Mediolanensi
3455 3013 3598 3059 orat.
3638 3003 3700 3058 ad

2144 3099 2394 3154 Alexium
2421 3099 2788 3163 Comneuum,
2829 3097 3057 3168 aliisque
3084 3094 3526 3167 quamplurimis.
3558 3094 3703 3148 Adde

2143 3197 2400 3258 praeterea
2431 3189 2486 3242 in
2513 3188 2711 3244 divinis
2739 3203 2999 3258 apparere
3024 3203 3115 3257 per
3135 3185 3361 3253 Filium,
3392 3186 3530 3240 nihil
3561 3183 3702 3239 aliud

2143 3291 2368 3349 notare,
2406 3296 2569 3351 quam
2613 3281 3020 3347 exsistentiam;
3056 3289 3112 3335 et
3146 3279 3266 3334 fuse
3287 3277 3510 3333 Patrum
3555 3278 3703 3332 testi-

2145 3373 2350 3429 moniis
2401 3372 2454 3426 id
2503 3373 2698 3442 prohat
2735 3371 3070 3444 Nicephorus
3113 3373 3426 3443 Blemmyda
3477 3379 3620 3426 orat.
3651 3371 3702 3434 1.

2143 3462 2220 3518 De
2253 3463 2578 3533 processione
2607 3460 2838 3534 Spiritus
2876 3464 3048 3518 sancti
3075 3479 3094 3518 :
3120 3477 3220 3518 nec
3247 3469 3457 3516 tantum
3486 3477 3704 3531 proces-

2143 3556 2314 3611 sionis
2362 3569 2582 3623 nomen,
2634 3556 2728 3612 sed
2768 3565 2821 3611 et
2866 3556 3001 3611 alias
3043 3554 3307 3610 dictiones
3364 3554 3708 3624 apertissime

2143 3655 2196 3701 et
2227 3647 2343 3701 sine
2385 3647 2496 3701 ullo
2534 3647 2798 3702 velamine
2851 3647 2917 3701 de
2964 3647 3079 3715 ipsa
3145 3646 3422 3701 essentiali
3472 3644 3708 3716 Spiritus

2143 3738 2458 3793 exsistentia
2512 3738 2685 3801 sumi,
2734 3735 2971 3793 Joannes
3002 3736 3211 3792 Veccus
3241 3745 3381 3792 orat.
3407 3735 3484 3789 De
3514 3736 3711 3788 unione

2145 3831 2521 3886 Ecclesiarum.
2575 3830 2640 3885 Et
2691 3845 2758 3884 ne
2799 3831 2985 3900 iniqua
3031 3831 3126 3886 lite
3172 3839 3384 3898 tempus
3445 3837 3706 3894 teramus,

2143 3925 2229 3980 adi
2250 3923 2504 3978 Basilium
2541 3903 2787 3992 Magnum
2817 3921 2977 3992 epist.
3005 3921 3152 3992 (256)
3176 3921 3243 3974 ad
3263 3919 3708 3989 Amphilochium

2141 4031 2262 4085 quae
2309 4013 2532 4084 incipit:
2577 4012 2932 4084 Ἑζητημένον
2980 4013 3080 4084 1ήδη
3125 4011 3275 4082 παρὰ
3320 4011 3558 4074 πολλοῖς.
3601 4010 3709 4064 Fu-

2143 4121 2267 4161 cum
2309 4105 2490 4174 itaque
2518 4103 2646 4159 facit
2678 4105 2791 4159 suis
2817 4103 3018 4159 Graecis
3048 4103 3353 4174 patriarcha
3385 4101 3708 4174 Hierosoly

2143 4199 2403 4258 mitanus,
2440 4212 2562 4252 cum
2613 4213 2678 4252 ex
2729 4197 2880 4252 hisce
2905 4196 3296 4267 Thaumaturgi
3329 4196 3538 4263 verbis,
3585 4211 3708 4268 quae

2142 4293 2216 4347 illi
2245 4290 2480 4348 Joannes
2512 4290 2837 4360 evangelista
2864 4289 3306 4357 communicavit,
3347 4303 3502 4344 suam
3531 4287 3708 4343 astrui

2141 4389 2208 4441 de
2247 4384 2592 4455 processione
2624 4381 2854 4453 Spiritus
2903 4397 2968 4438 ex
3021 4381 3137 4437 solo
3175 4380 3332 4435 Patre
3373 4380 3702 4436 sententiam

496 4487 515 4520 α
545 4478 629 4524 cet
661 4468 1028 4532 hominibus.»
1049 4469 1189 4536 Quid
1223 4470 1312 4525 hic
1336 4471 1516 4540 eloqui
1555 4471 1729 4541 potuit
1763 4471 2038 4526 inconsul-
2071 4470 2115 4525 D
2142 4476 2449 4540 contendit,
2494 4482 2548 4528 et
2583 4472 2964 4528 sincerissima:
3021 4487 3084 4526 ac
3129 4469 3533 4525 candidissima:
3577 4468 3702 4522 ﬁdei

489 4561 647 4616 tius?
707 4559 904 4615 Annon
962 4561 1066 4617 isto
1115 4562 1277 4616 modo
1327 4561 1582 4632 loquendi
1630 4561 2036 4617 confunduntur

487 4652 692 4720 omnia,
732 4660 787 4706 et
827 4649 1010 4707 inﬁma
1054 4654 1280 4710 summis
1310 4655 1458 4724 paria
1489 4654 1653 4709 ﬁent?
1696 4674 1712 4706 ι
1741 4653 1858 4708 Non
1891 4655 2034 4710 aliud

487 4739 743 4804 dixerunt
788 4744 982 4811 sancti,
1031 4759 1194 4816 quam
1247 4745 1390 4816 quod
1427 4746 1677 4804 Christus
1721 4747 2035 4817 pronuntia-

2140 4563 2466 4633 professioni
2500 4561 2698 4617 vulnus
2742 4559 2992 4631 impingit
3039 4558 3383 4614 inhonestum
3417 4567 3585 4627 atque
3616 4557 3703 4611 in-

2143 4657 2436 4721 tolerabile,
2485 4654 2628 4724 quod
2669 4667 2777 4707 non
2807 4653 3045 4709 indicare
3085 4650 3272 4708 lectori
3307 4665 3403 4722 per
3444 4661 3704 4704 transen-

2143 4759 2288 4810 nam,
2320 4745 2591 4816 piaculum
2623 4742 2772 4798 duxi.
