3988 6200
378 430 3583 492 W

1588 614 1757 658 ANNO
1798 614 2023 659 DOMINI
2062 614 2357 659 CCLXVIII.

1071 797 1276 1008 S.
1453 799 2881 1013 DIONYSIUS

1500 1126 1983 1184 ALEXANDRINU
1998 1129 2034 1183 S
2072 1126 2398 1186 EPISCOPU
2411 1131 2447 1185 S

941 1298 1441 1390 NOTITIA
1520 1297 2989 1395 HlSTORlCO-LITTERARIA.

1188 1490 1472 1550 (GALLAND.,
1497 1491 1602 1540 γει.
1641 1492 1781 1540 Patr.
1811 1488 2054 1551 Biblioth.,
2088 1500 2127 1541 ι.
2151 1491 2236 1553 Ill,
2260 1494 2479 1557 Proleg.,
2506 1511 2552 1559 p.
2580 1499 2722 1559 xxx.)

440 1778 480 1833 1.
523 1778 1604 1870 Dionysins‘Alexandrinus,cognomento
1633 1790 1876 1861 Magnus.
1907 1792 2147 1870 Qrigenis
2178 1796 2409 1862 auditor,
2445 1785 3049 1870 Molm_Alexandrinw
3107 1801 3421 1859 moderator.
3453 1802 3569 1870 Quo

364 1989 572 2042 ratione
599 1992 875 2057 disposita.

364 1859 466 1903 tem
507 1866 592 1902 ore
622 1851 892 1905 ordinatus
920 1854 1210 1923 episcopus.
1248 1851 1379 1925 Ejus
1404 1861 1671 1926 praecipua
1698 1851 1862 1931 gEsta.
1894 1851 2215 1917 Littérarum
2245 1851 2598 1921 monumenta.
2637 1865 2760 1921 Dies
2789 1870 3114 1924 emortuatis.

438 1865 504 1970 IK
556 1919 805 1970 Pleraaue
1022 1926 1215 1970 scrinm
1235 1925 1499 1970 [lpnnrrlitn
1548 1928 1678 1970 num
1709 1932 1845 1970 nnud
1879 1941 2065 1970 Italos—ne
2106 1943 2372 1970 anrunninr
2420 1952 2555 1970 nsrnn
2607 1938 2831 1970 nrimum
2884 1939 3099 1970 ρηΙΙηηιι-

485 1958 498 1972 .
556 1919 805 2015 Pleraque
852 1919 994 1977 illius
1022 1919 1215 1991 scripta
1235 1919 1519 1996 deperdita.
1548 1919 1678 1995 Qua:
1698 1919 1845 2000 apud
1879 1941 2065 1986 veteres
2101 1943 2390 2000 servantur,
2420 1952 2555 1989 nunc
2586 1919 3121 2006 ‘prnhnn'b‘t‘iééibi
3162 1940 3267 1997 Pro
3323 1947 3563 2015 temporis

558 2059 641 2137 pe
668 2061 813 2114 illius
844 2061 1075 2137 Elencho
1101 2074 1153 2119 et
1186 2066 1438 2135 Apologia
1470 2071 1739 2137 speciatim
1784 2072 2077 2127 disseritur.

431 2125 524 2183 IV.
550 2126 667 2193 Qua
690 2133 960 2186 occasione
984 2150 1109 2204 opus
1139 2125 1394 2205 ejuSmodi
1417 2125 1693 2209 scriptum.
1726 2140 1853 2210 Ejus
1879 2125 2120 2210 pretium.
2149 2142 2278 2208 Qua:
2300 2154 2547 2214 superant
2580 2146 2895 2218 fragmenta.
2925 2149 3197 2215 Quomodo
3224 2154 3530 2210 distributa.

432 2279 474 2337 I.
511 2281 628 2348 Quo
661 2293 897 2356 tempore
929 2287 981 2341 in
1040 2288 1221 2344 Africa
1250 2290 1571 2362 Cyprianus,
1599 2293 1823 2349 ﬂorebat
1854 2296 1907 2350 in
1942 2300 1978 2356 Α
2009 2296 2323 2369 Dionysium
2375 2298 2675 2355 Romanum
2728 2302 3054 2371 pontiﬁcem,
3091 2306 3248 2375 quasi
3280 2308 3346 2363 de
3401 2306 3561 2366 Verbi

361 2372 598 2444 Egypto
630 2375 938 2449 Dionysius,
967 2379 1033 2433 ab
1062 2382 1299 2450 antiquis
1328 2382 1577 2439 Patribus
1608 2384 1785 2456 Magni
1816 2403 1908 2442 co-

360 2476 712 2534 gnomentum
738 2469 859 2537 jure
875 2471 1099 2542 adeptus
1125 2474 1219 2543 (a).
1254 2474 1489 2545 Origenis
1517 2478 1666 2530 valde
1695 2476 1910 2549 insignis

358 2555 576 2608 auditor
607 2558 727 2626 fuit,
759 2567 893 2615 teste
925 2561 1250 2633 Hieronymo
1283 2564 1375 2633 (b),
1404 2567 1491 2620 cui
1522 2575 1577 2622 et
1611 2568 1805 2623 librum
1837 2570 1911 2623 De

358 2649 613 2717 martyrio
650 2653 981 2721 nuncupavit
1020 2655 1111 2723 (c).
1146 2654 1356 2711 Scholte
1386 2659 1762 2715 Alexandrinae
1789 2670 1911 2731 post

358 2734 641 2795 Heraclam
668 2742 993 2810 moderator,
1026 2747 1194 2801 eidem
1225 2750 1484 2804 successit
1513 2751 1563 2804 in
1598 2752 1907 2821 episcopatu

355 2842 579 2884 annont
610 2832 1079 2906 imperiiPhilippi,
1098 2838 1296 2894 Christi
1313 2840 1413 2894 247
1442 2841 1538 2911 (ά).
1564 2840 1909 2912 Postaliquot

357 2919 427 2973 ab
456 2920 589 2975 inito
618 2924 927 2994 episcopatu
964 2943 1156 2995 annos,
1191 2940 1374 2985 exorta
1404 2933 1775 3001 persecutione
1803 2933 1906 2989 De-

355 3012 535 3078 ciana,
597 3018 862 3072 secessit:
920 3020 1013 3074 sed
1046 3022 1205 3089 paulo
1233 3033 1355 3091 post
1402 3040 1430 3077 a
1465 3025 1727 3081 militibus
1752 3042 1903 3082 com-

355 3103 654 3170 prehensus
683 3123 745 3161 ac
768 3107 1064 3178 Taposirim
1093 3113 1372 3179 deductus,
1408 3116 1497 3171 Dei
1532 3127 1661 3171 nutu
1684 3133 1714 3172 a
1748 3117 1906 3173 Chri-

352 3194 653 3250 stianorum
695 3200 1089 3257 rusticanorum
1114 3206 1288 3271 turba,
1319 3207 1517 3263 invitus
1552 3209 1696 3276 licet,
1740 3210 1904 3264 mira-

352 3286 534 3341 biliter
555 3287 654 3343 fuit
683 3302 898 3361 ereptus
923 3294 1010 3364 (ε).
1048 3296 1261 3352 Interim
1291 3314 1419 3355 vero
1446 3302 1694 3357 smviente
1717 3319 1902 3372 perse-

336 3378 571 3451 cutione
600 3385 904 3453 complures
962 3387 1300 3446 Alexandria:
1358 3393 1427 3447 ob
1456 3393 1655 3448 Christi
1702 3410 1901 3451 nomen

336 3462 673 3543 imartyrium
725 3478 1025 3543 subierunt,
1061 3498 1290 3551 quorum
1340 3486 1569 3556 gloriosa
1608 3490 1900 3543 certamina

350 3564 578 3633 ipsemet
609 3568 889 3641 Dionysius
914 3574 1107 3630 litteris
1126 3576 1462 3646 consignavit
1485 3580 1571 3649 (ι’).
1609 3583 1764 3635 Αηηο
1797 3582 1900 3635 952

2012 2386 2177 2441 divini
2205 2403 2327 2442 cum
2359 2386 2518 2443 Patre
2549 2390 3107 2448 consubstantialitate
3137 2410 3245 2451 non
3270 2406 3413 2453 recte
3439 2413 3565 2453 sen-

2013 2478 2165 2533 tiret:
2202 2478 2295 2534 sed
2326 2479 2464 2534 hanc
2492 2479 2607 2549 ipse
2640 2479 2795 2535 famae
2824 2495 2936 2536 suae
2963 2482 3198 2539 inustam
3226 2486 3399 2543 labem
3434 2502 3567 2557 qua-

2011 2576 2135 2622 tuor
2164 2568 2316 2623 libris
2336 2569 2646 2638 perscriptis
2689 2568 2929 2626 detersit.
2980 2571 3184 2631 Exinde
3230 2591 3378 2643 vero,
3407 2574 3563 2633 Vale-

2013 2659 2165 2712 riano
2193 2656 2423 2714 aPersis
2478 2672 2653 2728 capto,
2684 2668 2738 2714 et
2783 2659 3053 2718 Macriano
3100 2664 3383 2721 interfecto
3434 2681 3559 2721 cum

2008 2749 2152 2815 liliis,
2182 2765 2311 2819 pace
2339 2750 2553 2805 demum
2614 2768 2643 2806 a
2674 2752 2914 2809 Gallieno
2965 2755 3289 2813 Christianis
3328 2760 3559 2827 reddita,

2007 2839 2109 2893 sub
2138 2839 2296 2895 ﬁnem
2324 2840 2450 2895 anni
2480 2841 2577 2895 261
2624 2842 3003 2899 Alexandriam
3050 2860 3330 2918 regressus
3362 2850 3449 2918 (i),
3479 2852 3558 2905 ci-

2006 2932 2162 2985 vibus
2192 2940 2361 3000 peste,
2414 2931 2555 2987 fame
2601 2933 2850 3004 belloque
2890 2936 3144 2993 intestino
3187 2939 3559 2998 laborantibus

2006 3032 2199 3091 praesto
2222 3020 2324 3076 fuit
2346 3021 2430 3091 (j).
2455 3022 2794 3079 Antiochiam
2839 3037 3059 3083 vocatus
3109 3030 3175 3084 ad
3212 3030 3471 3100 judicium
3503 3034 3556 3088 in

2004 3128 2167 3167 causa
2192 3112 2338 3168 Pauli
2365 3113 2701 3171 Samosateni
2728 3118 3007 3175 ferendum
3028 3160 3043 3184 ,
3071 3136 3192 3175 cum
3223 3122 3293 3177 ob
3310 3122 3554 3179 aﬂ'ectam

2005 3214 2214 3262 aetatem
2241 3214 2295 3260 et
2316 3206 2677 3261 valetudinem
2712 3209 2838 3264 huic
2866 3209 3045 3265 itineri
3092 3212 3425 3271 conﬁciendo
3452 3217 3555 3270 im-

2002 3311 2100 3366 par
2125 3306 2286 3360 esset,
2312 3298 2450 3352 datis
2473 3298 2537 3352 ad
2562 3297 2860 3354 Ecclesiam
2899 3301 3290 3359 Antiochenam
3341 3306 3554 3373 litteris,

2002 3388 2319 3442 sententiam
2350 3404 2501 3443 suam
2525 3391 2911 3457 pronuntiavit.
2948 3392 3065 3459 Quo
3108 3405 3285 3451 autem
3319 3408 3558 3467 tempore

2002 3479 2238 3548 synodus
2255 3478 2532 3542 agebatur,
2551 3495 2861 3550 supremum
2880 3483 3020 3537 diem
3038 3486 3169 3540 obiit
3185 3487 3266 3540 vir
3282 3488 3556 3543 admiran-

2000 3569 2122 3633 dus,
2150 3570 2353 3625 exactis
2378 3570 2432 3624 in
2453 3571 2762 3640 episc0patu
2785 3576 3158 3642 septemdecim
3178 3579 3354 3641 annis,
3380 3580 3555 3633 ἔτεσιν

351 3657 595 3714 interluit
617 3663 821 3732 synodo
841 3663 1206 3731 Antiochenae,
1235 3683 1330 3737 pro
1352 3670 1585 3726 sedando
1608 3673 1896 3729 schismate
1929 3661 1930 3664 η

1997 3658 2379 3725 ἑπτακαίδεκα,
2440 3668 2501 3714 ut
2530 3671 2719 3717 auctor
2770 3672 2853 3718 est
2898 3663 3166 3721 Eusebius
3200 3667 3292 3738 (k),
3324 3668 3549 3725 Gallieni

348 3744 891 3819 Novatianicoactte;
942 3754 1007 3809 ad
1040 3772 1197 3825 quem
1245 3759 1403 3813 etiam
1448 3762 1721 3831 epistolam
1759 3768 1894 3820 scri-

348 3838 459 3906 psit
489 3838 584 3908 (9).

420 3928 625 3985 Interea
662 3934 916 4002 temporis
946 3933 1199 4005 Nepotem
1230 3938 1536 4008 episcopum
1560 3940 1891 4013 Egyptium,

344 4035 457 4090 quo
482 4021 701 4077 doctore
746 4025 1030 4081 Arsinoita:
1066 4027 1449 4083 Chiliastarum
1475 4047 1657 4089 errore
1684 4035 1894 4091 fuerant

343 4112 562 4179 imbuti,
593 4114 805 4170 duobus
828 4116 977 4172 libris
1003 4117 1145 4171 circa
1173 4116 1370 4174 Christi
1402 4137 1603 4178 annum
1635 4127 1739 4181 251
1764 4146 1893 4183 con—

344 4203 566 4271 futavit;
606 4205 697 4260 ubi
733 4222 947 4277 quoque
979 4209 1044 4264 de
1068 4209 1383 4282 Apocalypsi
1419 4218 1673 4272 nonnulla
1706 4230 1887 4275 notatu

342 4296 506 4384 digna
559 4298 863 4384 edisseruit.
904 4299 1164 4372 Deinceps
1198 4308 1249 4359 in
1300 4305 1524 4362 dissidio
1554 4310 1620 4365 de
1658 4313 1888 4384 rebapti-

343 4383 532 4437 zandis
578 4383 863 4452 hrereticis,
898 4404 995 4457 pro
1022 4388 1271 4446 Ecclesia:
1319 4409 1450 4462 pace
1478 4383 1887 4473 redintegranda

338 4471 525 4540 plures
557 4476 768 4545 scripsit
792 4478 858 4532 ad
881 4478 1125 4536 diversos
1150 4484 1425 4552 epistolas.
1463 4471 1741 4548 Valeriano
1774 4498 1886 4549 Au-

336 4571 500 4634 gusto
538 4564 631 4619 Dei
680 4567 971 4625 Ecclesiam
1011 4572 1127 4629 dira
1178 4579 1543 4645 persecutione
1585 4584 1883 4654 divexante,

336 4664 464 4723 post
489 4657 793 4725 praaclaram
813 4660 1204 4720 confessionem
1228 4685 1409 4725 coram
1434 4671 1725 4729 [Emiliano
1746 4695 1883 4748 prm-

334 4745 481 4801 Iecto
513 4751 778 4819 augustali
810 4753 1028 4822 editam,
1062 4756 1273 4827 Cephro
1307 4761 1486 4833 Libyae
1513 4745 1765 4835 oppiduni
1802 4773 1883 4825 in-

333 4838 695 4894 cultissimum
731 4842 808 4897 ire
841 4847 1152 4915 compulsus
1181 4859 1289 4913 est;
1327 4854 1466 4908 unde
1496 4860 1654 4923 paulo
1686 4870 1800 4928 post
1827 4862 1879 4915 in

331 4928 684 4987 Mareoﬁdem
717 4934 1149 5007 migrarejussus
1176 4941 1275 4997 fuit
1306 4946 1400 5017 (Ir).
1434 4946 1756 5005 Glisccntem
1784 4953 1880 5008 Sa-

332 5021 623 5077 bellianam
658 5025 904 5083 haeresim
934 5030 1061 5084 dum
1092 5032 1445 5105 impugnaret,
1477 5041 1683 5097 delatus
1709 5056 1789 5099 est
1814 5049 1880 5101 ad

406 5176 919 5271 ςρὶλιξξξξρὶξὼῌὶει.
970 5189 1150 5243 eccles.
1185 5191 1280 5247 lib.
1337 5210 1408 5248 vn
1450 5197 1589 5259 init..
1625 5200 1691 5253 ad
1723 5218 1879 5271 quem

331 5246 509 5301 locum
541 5250 648 5304 vid.
678 5250 854 5307 Vales.

405 5318 478 5401 (lt)
498 5316 858 5401 yieron.,_De
887 5326 986 5379 vir.
1011 5328 1209 5401 illustr.
1243 5346 1361 5401 cap.
1392 5333 1478 5389 69.

498 5390 720 5472 Euseb?
754 5392 894 5472 lii-st.
921 5397 1046 5450 eccl.
1089 5399 1183 5472 lib.
1223 5387 1438 5472 nJcap.
1467 5387 1561 5459 VM.

402 5457 478 5526 (ά)
506 5458 578 5541 ltl_.
608 5461 868 5541 Ibitl.,llb.
900 5481 973 5531 vr,
1000 5482 1119 5535 cap.
1152 5470 1240 5541 55.
1272 5457 1400 5526 ΫὶᾱῘ
1435 5457 1642 5541 Dodqu
1667 5479 1878 5536 dissert.

328 5527 472 5605 sing.
504 5529 569 5605 ad
602 5544 725 5597 opp.
758 5527 968 5605 Pears.,
995 5527 1114 5605 pag.
1145 5538 1233 5593 84.

399 5595 471 5677 (le_)
501 5595 741 5677 Dionj's.,
764 5595 1013 5677 epist.
1038 5595 1157 5662 ailv.
1191 5610 1465 5672 Gcrman..
1492 5615 1613 5669 inl‘r.
1644 5619 1744 5674 col.
1764 5618 1917 5677 1516.

410 5666 476 5737 (ῃ
512 5666 615 5733 ld.,
638 5666 857 5740 spites
884 5674 948 5728 ad
975 5673 1103 5731 Fab.
1139 5679 1261 5734 infr.
1295 5666 1579 5743 comesa

1996 3750 2332 3818 imperatoris
2357 3766 2453 3817 xu,
2510 3750 2711 3807 Christi
2743 3753 2848 3807 265
2895 3756 3131 3811 ineunte.
3188 3758 3336 3814 Hanc
3369 3770 3549 3816 autem

1992 3838 2347 3895 chronotaxin
2382 3841 2764 3915 Dionysianam
2794 3854 3162 3910 contexentes,
3196 3848 3547 3920 Lequicnium

1993 3933 2045 3985 in
2082 3933 2270 4001 primis
2293 3949 2482 3990 sumus
2516 3939 2764 3991 assectati
2793 3940 2874 4007 (Ι).
2898 3938 3093 3994 Verum
3128 3941 3270 3996 diem
3316 3944 3381 3998 ad
3427 3942 3549 3999 Dio-

1990 4023 2126 4093 nysii
2166 4026 2516 4081 emortualem
2549 4029 2692 4096 quod
2738 4031 2948 4094 attinet,
3006 4032 3258 4087 lectorem
3319 4032 3549 4092 fortasse

1992 4115 2132 4169 haud
2179 4117 2457 4185 pmuitebit
2481 4119 2807 4174 Dodwellum
2838 4122 2984 4176 adire
3017 4122 3132 4191 (ιη).

2058 4208 2122 4260 ll.
2178 4208 2586 4278 Quamplurima
2642 4213 2926 4283 scripsisse
2978 4212 3202 4285 Magnus
3256 4216 3545 4290 Dionysius

1988 4310 2051 4349 ex
2112 4298 2373 4353 hactenus
2412 4301 2571 4356 dictis
2614 4304 2771 4372 plane
2812 4306 3161 4375 comperitur,
3190 4326 3422 4379 quorum
3458 4324 3544 4369 tac-

1988 4401 2108 4439 men
2136 4403 2259 4456 pars
2292 4392 2526 4446 maxima
2580 4394 2802 4449 interiit.
2834 4394 2965 4461 Qua:
2996 4412 3125 4453 vero
3158 4403 3298 4471 apud
3336 4413 3545 4461 veteres

1985 4478 2276 4533 etianmum
2308 4492 2564 4551 superant
2590 4500 2652 4539 ex
2712 4486 2856 4543 illius
2896 4489 3195 4547 litterarum
3224 4506 3545 4551 monumen-

1986 4570 2074 4635 tis,
2104 4573 2279 4642 magni
2312 4590 2441 4629 sane
2470 4576 2732 4644 ducenda,
2761 4596 2821 4634 ea
2851 4598 2996 4639 nunc
3024 4586 3259 4655 primum
3292 4588 3344 4642 in
3372 4605 3541 4643 unum

1984 4663 2200 4717 collecta
2221 4679 2287 4718 ex
2316 4664 2566 4731 Eusebio,
2602 4671 2921 4741 Athanasio,
2956 4676 3154 4735 Basilio
3186 4681 3413 4751 aliisque
3437 4681 3540 4735 Ec-

1982 4753 2156 4808 clesia:
2197 4754 2569 4824 scriptoribus,
2626 4761 2677 4813 in
2736 4766 2970 4820 medium
3011 4769 3371 4837 proferimus;
3429 4791 3539 4843 quo

1982 4847 2235 4900 nimirum
2274 4848 2571 4918 fragmenta
2627 4854 2817 4909 saltem
2854 4874 3076 4925 operum
3105 4863 3236 4916 tanti
3269 4863 3445 4920 Patris
3472 4883 3539 4922 ex

1984 4939 2312 5008 reliquorum
2360 4941 2566 5010 jactura
2626 4947 3003 5004 detrimentum
3055 4965 3333 5023 acceptum
3384 4960 3539 5013 nobis

1988 5032 2381 5100 quadamtenus
2414 5040 2651 5094 sarciant
2689 5054 3063 5115 reparentque.
3117 5045 3182 5099 Et
3235 5048 3386 5116 plura
3416 5052 3536 5119 qui-

2078 5208 2127 5277 g)
2162 5209 2260 5280 ld.,
2288 5212 2443 5280 epist.
2475 5214 2507 5266 ἓ
2537 5218 2599 5269 ad
2629 5216 2817 5271 Novat.
2854 5218 2978 5272 inlr.
3008 5219 3111 5273 col.
3142 5221 3297 5276 l296.

2078 5280 2128 5355 lt)
2159 5279 2257 5355 ld',
2290 5279 2442 5355 epist.
2489 5286 2606 5355 lO§
2642 5288 2673 5340 4
2705 5288 2827 5340 infr.
2861 5288 2963 5341 col.
2996 5287 3148 5343 1520.

2055 5349 2118 5421 (1)
2148 5350 2261 5421 _Id.,
2292 5349 2447 5420 epist.
2494 5354 2549 5407 ll
2582 5349 2653 5408 vad
2689 5356 3038 5421 Hermamm.,
3070 5358 3195 5411 infr.
3227 5359 3330 5413 col.
3359 5363 3522 5417 5125.

2057 5418 2118 5486 (j)
2148 5417 2246 5487 1d..
2280 5417 2436 5487 epist.
2462 5423 2527 5474 η
2555 5427 2618 5477 ad
2648 5427 2820 5487 Alex.,
2854 5425 2976 5478 infr.
3008 5417 3106 5481 col.
3142 5426 3299 5478 1555.

2016 5546 2021 5551 η
2060 5487 2130 5566 (βε)
2160 5486 2376 5566 Euseb,
2410 5491 2550 5566 (list.
2583 5495 2712 5566 eccl.
2745 5486 2835 5548 lib.
2868 5512 2961 5558 vn,
2998 5513 3116 5566 cap.
3155 5499 3241 5551 28.

2061 5555 2563 5637 tl)‘L_equien.._‘0r.
2590 5562 2785 5637 Christ.
2823 5555 2959 5620 tom.
2990 5555 3205 5637 Μίμας.
3238 5569 3359 5622 594.

2058 5627 2151 5693 (m)
2181 5625 2389 5691 Dodw.,
2416 5632 2838 5705 dissertat.sing.
2870 5636 2934 5690 ad
2958 5625 3315 5708 opp.'PEat's.,
3334 5656 3453 5714 cap.
3480 5643 3547 5709 6,

1987 5692 2017 5766 ς
2049 5694 2134 5760 18,
2167 5710 2286 5766 pag.
2315 5698 2400 5755 70.

2120 5733 2134 5760 ,
2167 5710 2286 5767 pag.
2316 5710 2400 5755 ru.
