3938 6282
556 337 579 394 1
591 337 699 393 255

1551 334 1609 392 S.
1651 335 1946 405 DlONYSll
1982 336 2443 393 ALEXANDBINI
2477 332 2801 395 EPISCOPL'

3587 346 3691 402 me

544 458 669 513 dem
698 456 874 512 adhuc
915 457 982 512 de
1032 457 1261 528 singulis
1309 458 1528 528 scriptis
1578 458 1928 530 Dionysianis
1985 476 2114 531 ιιι-ο-
2144 466 2189 522 Δ
2216 475 2344 530 gare
2375 459 2584 514 nititur.
2629 458 2784 525 Quod
2806 451 2930 515 ‘cum
2961 458 3194 514 feliciter
3233 461 3530 529 prazsziterit,
3555 463 3697 534 impu-

543 552 685 608 t'erre
729 551 783 605 in
822 559 1070 621 promptu
1101 560 1272 617 esset,
1320 552 1442 607 aliis
1486 552 1602 606 sive
1653 552 1944 608 observata
1991 554 2110 609 sive

542 644 707 698 etiam
738 644 1041 713 praeterita;
1071 658 1191 712 qua:
1223 652 1403 698 tamen
1446 643 1661 715 longius
1685 660 1847 714 quam
1881 661 1977 715 par
2012 647 2104 711 sit,

539 732 611 787 ab
647 731 891 784 instituto
920 746 1020 786 nos
1053 731 1403 791 abducerent.
1437 731 1729 804 Postquam
1783 736 1944 805 igitur
1976 752 2105 792 san-

539 823 613 879 cti
639 821 816 877 Patris
841 823 1010 877 nostri
1057 832 1206 892 gesta
1232 823 1467 880 strictim
1508 825 1908 899 ordinatimque
1931 829 2108 900 diges-

542 910 736 977 simus,
766 912 1008 967 eamdem
1044 913 1303 982 temporis
1335 915 1601 970 rationem
1632 929 1879 972 servasse
1908 928 2020 973 tum
2049 920 2106 975 in

541 1002 661 1071 ejus
686 1017 907 1070 operum
942 1000 1258 1071 fragmentis
1290 1045 1305 1070 ,
1333 1011 1445 1059 tum
1476 1005 1530 1059 in
1560 1006 1804 1075 epistolis
1833 1007 2105 1065 excuden-

541 1094 625 1148 dis
657 1093 791 1148 satis
839 1092 1150 1149 habuimus.
1183 1093 1239 1149 Si
1268 1096 1398 1165 quid
1446 1112 1576 1152 vero
1628 1100 1897 1169 reliquum
1942 1099 2105 1157 fuerit

540 1185 685 1256 quod
732 1186 969 1254 aliquam
1000 1186 1522 1243 animadversionem
1548 1200 1819 1259 reposcat,
1849 1191 2105 1261 subjectae

539 1277 919 1332 adnotatioues
983 1278 1231 1332 nonnihil
1277 1278 1416 1334 lucis
1482 1279 1778 1336 aﬂ‘undent.
1836 1282 2103 1351 Czeterum

538 1370 682 1425 haud
712 1371 1168 1439 praetermittenda
1196 1372 1509 1426 censuimus
1537 1388 1656 1441 quae
1685 1373 1997 1429 observavit
2021 1376 2105 1429 vir

537 1462 885 1518 doctissimus
904 1460 1096 1517 Petrus
1111 1463 1442 1519 Coutantius
1465 1463 1539 1534 (η)
1556 1464 1623 1519 ad
1640 1466 1819 1534 operis
1843 1465 2106 1537 fragmen-

540 1565 613 1617 ta,
652 1553 912 1609 Elenchus
941 1564 990 1609 et
1022 1556 1271 1625 Apologia
1305 1555 1580 1626 inscripti;
1615 1547 1736 1628 qua:
1766 1558 1820 1611 in
1856 1559 1958 1615 hac
1983 1559 2101 1614 edi-

539 1647 684 1701 tione
704 1654 957 1717 quartum
990 1646 1169 1701 locum
1196 1655 1463 1717 occupant
1488 1649 1660 1718 partis
1686 1665 1702 1703 ι
1726 1648 1963 1720 Operum
1982 1650 2103 1707 Dio-

538 1738 913 1809 nysianorum,
940 1738 1007 1791 ad
1028 1738 1302 1807 exemplar
1331 1747 1518 1793 exacta
1550 1738 1729 1795 studio
1758 1741 2001 1811 ejusdem
2039 1756 2098 1797 v.

540 1827 608 1882 cl.
639 1829 1041 1885 concinnatum.
1073 1827 1163 1884 Sic
1195 1838 1376 1884 autem
1411 1845 1469 1885 se
1502 1831 1720 1887 habent.

606 1920 694 1976 lll.
734 1940 753 1973 ι
802 1919 950 1991 Opus
980 1920 1222 1992 Dionysii
1254 1922 1628 1989 Alexandrini,
1659 1939 1725 1979 ex
1751 1939 1861 1995 quo
1895 1926 2100 1981 descri-

536 2021 629 2083 pta
680 2026 808 2069 sunt
848 2000 1148 2085 fragmenta
1178 2016 1453 2086 proposita
1480 2059 1497 2083 ,
1531 2016 1864 2074 Athanasius
1896 2021 2099 2089 passim

537 2104 720 2158 laudat
749 2103 843 2174 (ο).
877 2104 1128 2175 Ejusdem
1155 2108 1452 2165 meminere
1475 2108 1710 2181 Basilius
1738 2110 1883 2183 (p)et
1914 2110 2097 2167 Hiero-

536 2208 732 2264 nymus
760 2195 856 2265 (q).
879 2195 982 2252 Sed
1007 2196 1059 2251 hi
1078 2198 1187 2253 duo
1207 2200 1457 2258 doctores
1485 2220 1592 2261 non
1611 2223 1717 2262 una
1734 2211 1944 2267 ratione
1970 2213 2099 2269 illud

536 2286 806 2361 iudicant.
825 2287 1187 2361 Hieronymus
1209 2294 1351 2349 enim
1374 2296 1429 2349 in
1451 2298 1621 2355 libros
1644 2314 1879 2371 quatuor
1902 2306 2098 2361 distin-

535 2387 682 2434 ctum
738 2381 927 2436 docet:
966 2381 1199 2441 Basilius
1252 2402 1383 2442 vero
1432 2391 1679 2460 quaedam
1739 2396 1885 2453 illius
1937 2402 2099 2455 verba

535 2466 793 2542 tanquam
830 2489 895 2526 ex
919 2475 1147 2528 secunda
1174 2476 1244 2530 ad
1269 2476 1583 2550 Dionysium
1607 2490 1961 2556 cognominem
1989 2494 2100 2562 epi-

533 2562 671 2629 stola
693 2563 916 2633 profert.
945 2564 1021 2619 Re
1044 2576 1225 2623 autem
1257 2585 1385 2625 vera
1414 2580 1468 2630 et
1494 2574 1549 2628 in
1580 2576 1749 2633 libros
1782 2580 2096 2639 distinctum

532 2668 653 2721 esse
681 2666 735 2710 et
762 2656 1015 2726 epistolae.
1036 2672 1234 2716 nomen
1264 2661 1313 2715 ei
1347 2678 1646 2735 congruere
1692 2685 1759 2729 ex
1797 2673 2098 2732 Athanasio

533 2756 748 2808 constat
797 2765 812 2815 ;
847 2750 940 2819 qui
974 2750 1193 2820 quidem
1219 2752 1275 2807 in
1309 2755 1536 2825 epistola
1580 2761 1648 2817 de
1677 2770 1939 2822 sententia
1971 2769 2098 2824 Dio-

534 2843 674 2915 nysii
708 2860 860 2899 num.
895 2846 961 2901 l5
990 2846 1125 2903 dicit
1162 2866 1175 2902 :
1223 2848 1511 2922 Dionysius
1540 2869 1698 2923 quam
1747 2859 1975 2927 primum
2015 2863 2099 2915 sui

533 2938 794 3007 purgandi
826 2941 1000 3009 gratia
1032 2940 1193 2997 libros
1215 2944 1402 3011 edidit,
1427 2963 1556 3016 quos
1595 2948 1867 3020 inscripsit
1891 2970 1909 3009 :
1937 2950 2099 3013 Elen:

534 3029 662 3083 chus
693 3039 747 3085 et
772 3029 1031 3103 Apologia
1055 3049 1073 3086 :
1099 3042 1155 3089 et
1183 3051 1336 3092 num.
1371 3038 1440 3093 Μ
1465 3040 1533 3095 de
1564 3042 1766 3111 scripto
1795 3044 1984 3100 eodem
2019 3045 2099 3103 sic

2212 553 2389 608 dentis
2432 554 2717 608 calumniae
2741 553 2932 607 merito
2958 553 3141 623 arguit
3165 552 3474 608 Athanasius
3494 555 3699 620 Arianos.

2211 645 2357 715 quod
2391 659 2452 699 ea
2488 645 2637 700 velut
2671 644 2909 716 Dionysii
2938 645 3227 699 venditare
3270 659 3375 698 non
3410 647 3702 716 erubuerint,

2210 752 2331 807 qua:
2353 736 2442 791 ille
2463 737 2642 807 palam
2678 745 2969 807 aperteque
2996 737 3261 805 rejecerit.

2277 827 2372 882 lV.
2414 828 2521 884 ista
2555 828 2796 900 Dionysii
2841 828 3105 900 Apologia
3153 842 3220 883 eo
3267 828 3474 898 majoris
3507 841 3580 885 est
3616 848 3708 888 mo-

2207 920 2397 984 menti,
2424 921 2566 990 quod
2584 920 2865 991 specimini
2886 921 3046 976 nobis
3074 921 3146 974 sit
3164 934 3350 974 eorum
3370 935 3481 989 quae
3498 920 3708 978 fecissent

2206 1012 2389 1067 caeteri
2421 1011 2611 1067 Patres
2655 1011 2874 1067 Niceno
2902 1012 3141 1067 concilio
3174 1012 3469 1080 superiores
3490 1051 3505 1075 ,
3549 1014 3709 1082 quibus

2206 1103 2467 1157 nonnulla
2519 1102 2840 1158 exciderunt
2883 1102 3103 1157 Arianae
3141 1101 3395 1170 intpietati
3424 1102 3475 1154 in
3520 1102 3710 1170 speciem

2206 1203 2458 1265 cognata,
2493 1197 2538 1249 si
2573 1209 2667 1249 eos
2711 1193 2907 1249 similis
2933 1194 3236 1249 necessitas
3269 1192 3336 1247 ad
3389 1191 3710 1262 explicandam

2206 1287 2447 1357 apertius
2480 1294 2716 1341 mentem
2761 1301 2914 1342 suam
2945 1284 3319 1353 compulisset.
3350 1280 3471 1337 Inde
3496 1283 3620 1337 enim
3650 1282 3712 1338 ia-

2203 1378 2305 1432 cile
2328 1378 2616 1432 adducitur
2648 1378 2878 1448 quisque
2910 1387 2969 1432 ut
2997 1376 3189 1433 credat
3210 1415 3225 1439 ,
3257 1373 3513 1429 neminem
3557 1390 3614 1429 ex
3649 1375 3709 1430 eis

2204 1470 2448 1535 futurum
2477 1473 2665 1536 fuisse,
2712 1474 2805 1542 qui
2852 1488 2961 1528 non
3002 1471 3231 1542 perinde
3268 1482 3425 1540 atque
3447 1469 3708 1541 Dionysius,

2203 1562 2448 1618 eamdem
2488 1564 2769 1633 perﬁdiam
2822 1564 3161 1619 damnasset.
3192 1560 3268 1615 Ex
3300 1562 3400 1617 hoc
3427 1576 3572 1631 opere
3618 1579 3709 1633 qua:

2201 1655 2576 1720 exscribenda,
2628 1671 2749 1725 quae
2778 1654 3242 1726 praetermittenda
3275 1654 3484 1708 duxerit
3514 1653 3709 1707 Athana-

2203 1746 2340 1812 sius,
2366 1761 2518 1800 num.
2553 1744 2621 1799 14
2645 1746 2867 1816 exponit
2892 1746 2947 1799 in
2981 1747 3133 1800 hunc
3161 1744 3379 1798 modum
3405 1759 3419 1793 :
3460 1741 3607 1798 Verba
3624 1743 3708 1813 ejus

2200 1837 2617 1910 quamplurima,
2664 1838 2851 1908 quibus
2884 1855 2963 1893 res
3012 1840 3071 1892 in
3118 1837 3453 1908 qumstionem
3499 1836 3710 1889 adductas

2200 1931 2465 2000 expendit,
2492 1940 2585 1984 aut
2616 1946 2681 1985 ea:
2713 1930 2893 1986 allatis
2929 1930 3230 1985 ratiociniis
3265 1927 3500 1997 colligit,
3533 1938 3610 1981 aut
3646 1927 3708 1980 ia-

2204 2034 2492 2097 terrogatos
2514 2025 2843 2079 adversarios
2869 2024 3130 2094 coarguit,
3158 2023 3235 2076 vel
3256 2006 3597 2074 obtrectatores
3615 2035 3706 2072 suos

2201 2120 2550 2185 criminatur,
2603 2117 2666 2171 ob
2708 2117 2967 2171 librorum
3012 2114 3379 2185 prolixitatem
3411 2111 3707 2174 amittens,“

2202 2213 2372 2267 solum
2422 2227 2709 2283 proponam
2736 2250 2751 2275 ,
2786 2226 2902 2281 qua:
2932 2210 3001 2262 ad
3056 2206 3447 2261 criminationes
3482 2202 3705 2258 diluenda:

2199 2306 2499 2360 necessaria
2534 2304 2862 2359 videbuntur.
2890 2300 2947 2355 ln
2980 2301 3049 2356 iis
3085 2314 3217 2356 vero
3248 2313 3368 2369 qua:
3391 2296 3634 2360 exscribit,
3657 2295 3705 2349 li-

2198 2399 2421 2457 brorum
2450 2398 2692 2453 ordinem
2725 2397 2945 2451 minime
2979 2401 3188 2456 servat,
3217 2392 3312 2448 sed
3345 2399 3498 2461 prout
3525 2405 3598 2444 res
3621 2398 3703 2442 tra-

2198 2499 2352 2545 ctatae
2381 2489 2743 2559 postulabant,
2772 2502 2916 2542 nunc
2943 2502 3115 2540 unum
3147 2494 3203 2540 et
3229 2485 3452 2537 alterum
3491 2481 3703 2551 fragmen-

2201 2592 2312 2637 tum
2344 2598 2412 2637 ex
2443 2583 2581 2638 libro
2607 2582 2783 2653 primo
2816 2580 3039 2651 profert,
3068 2590 3184 2634 tum
3220 2577 3366 2632 aliud
3407 2590 3469 2630 ex
3493 2573 3699 2635 secundo,

2200 2675 2431 2731 subinde
2455 2684 2730 2745 quartum,
2757 2689 2945 2729 rursus
2988 2688 3058 2727 ex
3090 2671 3267 2742 primo
3296 2708 3310 2732 ,
3354 2666 3440 2722 cui
3486 2663 3611 2718 aliud
3652 2676 3700 2716 ex

2201 2777 2396 2836 quarto
2443 2766 2707 2836 adjungit.
2740 2764 2808 2818 At
2860 2779 2980 2819 cum
3013 2762 3190 2817 nostri
3225 2757 3450 2814 instituti
3480 2757 3543 2812 sit
3564 2752 3699 2824 operis

2199 2857 2443 2926 ejusdem
2479 2856 2738 2927 reliquias
2769 2862 3021 2910 accurate
3053 2853 3312 2922 colligere
3337 2890 3354 2917 ,
3390 2846 3581 2917 singula
3616 2841 3701 2896 fra-

2205 2956 2422 3015 gmenta
2446 2962 2511 3001 eo
2537 2946 2727 3000 ordine
2752 2944 3006 2999 exhibete
3036 2944 3214 2998 satius
3260 2941 3430 2995 visum
3461 2945 3552 3001 est,
3578 2946 3697 3002 quem

2200 3047 2416 3091 servant
2448 3037 2588 3092 inter
2613 3052 2671 3092 se
2700 3037 2845 3100 libri,
2868 3051 2934 3090 ex
2959 3036 3164 3105 quibus
3185 3032 3449 3101 descripta
3472 3034 3597 3085 sunt.
3620 3023 3696 3077 De-

534 3122 777 3191 loquitur
803 3142 817 3177 :
849 3124 1150 3196 Epistolam
1177 3146 1332 3184 suam
1364 3129 1585 3186 Elenclti
1611 3141 1663 3185 et
1699 3134 1972 3204 Apologia
2024 3138 2096 3190 ti-
2124 3146 2167 3207 ο
2200 3147 2349 3186 mum
2378 3131 2422 3185 si
2452 3140 2726 3202 gestorum
2757 3145 2879 3201 qua:
2905 3129 3006 3183 hoc
3051 3143 3193 3199 opus
3228 3127 3606 3198 praecesserunt,
3631 3130 3693 3171 se-

533 3213 643 3268 tulo
670 3217 958 3286 inscripsit.
990 3218 1233 3289 Epistula
1259 3222 1424 3293 igitur
1443 3232 1560 3280 erat
1589 3233 1823 3294 quatuor
1847 3228 1901 3282 in
1925 3229 2094 3285 libros

532 3304 786 3380 distincta
809 3349 824 3374 ,
853 3309 1095 3379 adeoque
1122 3327 1231 3367 una
1274 3328 1340 3368 ex
1374 3314 1444 3369 iis
1481 3330 1617 3385 quas
1652 3315 1943 3389 Dionysius
1976 3336 2007 3375 a
2036 3336 2095 3377 se

532 3395 711 3453 fusius
739 3410 792 3454 et
825 3403 1105 3461 tractantis
1124 3419 1276 3461 more
1303 3404 1537 3463 dictatas
1558 3407 2093 3485 (διδασκαλικώτερον

533 3487 929 3561 ὑφηγούμενος)
961 3503 1138 3552 vocat.
1176 3493 1296 3550 Non
1326 3496 1396 3552 ab
1429 3513 1494 3554 eo
1527 3498 1728 3566 statim,
1759 3510 1819 3567 ut
1842 3502 1910 3557 de
1935 3519 2095 3559 accu-

532 3580 744 3640 satione
787 3597 888 3637 sua
936 3587 1301 3644 commonitus
1332 3588 1452 3656 fuit,
1493 3592 1661 3647 missa
1690 3603 1793 3651 est.
1840 3594 1975 3650 Nam
2026 3613 2093 3652 ne

532 3671 875 3738 accusationi
897 3672 1087 3730 deesse
1116 3676 1411 3746 videretur,
1437 3681 1484 3736 si
1524 3682 1822 3740 rescribere
1852 3684 2095 3741 Romano

531 3764 753 3832 prasuli
785 3764 988 3821 diutius
1022 3768 1282 3836 dill‘erret,
1319 3771 1448 3827 huic
1495 3775 1780 3843 epistolam
1810 3779 2092 3848 praemisit,

531 3869 697 3925 quam
727 3855 867 3913 infra
894 3868 1046 3914 num‘.
1075 3859 1108 3914 6
1135 3861 1313 3931 ipsum
1341 3863 1660 3936 Dionysium
1683 3866 1987 3925 Romanum
2017 3872 2095 3929 al-

531 3943 763 4014 loquens
801 3960 1068 4006 memorat
1103 3951 1190 4007 bis
1245 3956 1460 4012 verbis:
1520 3959 1631 4011 Καὶ
1681 3960 1765 4013 σοὶ
1816 3959 1882 4013 δι’
1932 3961 2096 4034 ἄλλης

533 4037 821 4110 ἐῒπιστολῆς
849 4040 1081 4114 ἔγραψα.
1115 4044 1381 4113 Quocirca
1410 4063 1521 4106 non
1550 4052 1711 4106 modo
1737 4052 1975 4121 epistola,
1999 4054 2095 4108 sed

531 4137 588 4183 et
615 4132 839 4200 epistola
874 4137 1105 4190 secunda
1155 4139 1225 4191 ad
1255 4138 1568 4209 Dionysium
1602 4145 1955 4213 cognominem
1986 4160 2093 4200 non

533 4222 676 4285 male
703 4239 733 4278 a
759 4222 961 4281 Basilio
992 4229 1314 4299 appellatur.
1341 4229 1514 4285 Simul
1541 4233 1702 4288 etiam
1732 4244 1817 4290 est
1836 4235 2092 4290 Elenchus

530 4322 586 4369 et
623 4315 922 4387 Apologia:
956 4318 1226 4389 Elenchus
1271 4323 1491 4393 quidem
1544 4326 1985 4385 adversariorum
2040 4342 2097 4386 et

531 4418 910 4473 accusatorum
940 4409 1207 4483 Dionysii,
1237 4415 1333 4484 qui
1372 4415 1428 4469 in
1460 4417 1565 4473 hoc
1596 4434 1758 4488 opere
1787 4436 2093 4492 coarguun-

2200 3223 2333 3276 riem
2395 3223 2785 3292 expendamus,
2817 3222 2884 3276 ad
2918 3230 3132 3300 tempus
3160 3220 3303 3274 circa
3346 3215 3482 3286 quod
3503 3211 3697 3268 elabun-

2200 3324 2315 3370 tum
2344 3326 2447 3380 est,
2480 3316 2715 3386 quodam
2760 3317 2921 3371 modo
2979 3316 3286 3387 pertingere
3313 3312 3500 3369 licebit.
3542 3305 3695 3373 Nempe

2201 3408 2406 3477 aliquot
2436 3406 2676 3479 Dionysii
2708 3407 3056 3463 Alexandrini
3111 3408 3375 3462 adversus
3426 3399 3698 3456 Sabellianos

2203 3500 2464 3571 epistolae,
2491 3498 2665 3573 Xysto
2708 3498 2960 3569 pontiﬁce
2991 3499 3226 3569 vulgata:
3250 3540 3266 3566 ,
3306 3490 3624 3552 accusationis
3648 3487 3695 3540 il-

2204 3593 2311 3649 lius
2341 3592 2686 3648 occasionem
2730 3591 3015 3648 dederunt.
3057 3592 3190 3647 lude
3241 3587 3464 3661 permoti
3509 3578 3698 3639 nonnulli

2200 3684 2485 3748 Catholici,
2509 3685 2626 3754 ipso
2657 3683 3021 3739 Alexandrino
3054 3683 3290 3753 praesule
3316 3680 3494 3742 inscio,
3522 3675 3698 3729 Romam

2200 3776 2555 3830 convolarunt
2580 3815 2596 3840 ,
2630 3785 2684 3831 et
2716 3791 2837 3846 quae
2873 3776 2974 3829 sibi
3011 3774 3064 3828 in
3102 3775 3225 3844 ejus
3271 3772 3478 3842 scriptis
3503 3764 3698 3835 displice-

2199 3868 2329 3923 bant
2374 3868 2439 3923 ad
2473 3867 2773 3923 Romanum
2821 3867 3128 3938 pontificem
3186 3867 3499 3922 detulerunt.
3548 3857 3696 3915 Statim

2200 3958 2484 4013 admonuit
2518 3956 2809 4028 Dionysius
2847 3955 3125 4012 Romanus
3169 3955 3472 4027 Dionysium
3515 3948 3699 4004 Alexan-

2199 4048 2438 4105 drinum.
2472 4048 2523 4104 ls
2554 4065 2684 4103 vero
2739 4048 2815 4102 illi
2843 4048 3159 4105 satisfacere
3215 4050 3443 4119 primum
3477 4036 3695 4098 brevibus.

2198 4155 2430 4210 moxque
2487 4139 2871 4210 prolixioribus
2937 4141 3130 4197 litteris
3194 4138 3561 4213 quamprimum
3593 4172 3606 4196 ,
3652 4135 3696 4180 ιιι

2199 4232 2525 4303 Athanasius
2551 4241 2721 4296 n0tat,
2757 4233 2983 4288 studuit.
3016 4234 3286 4300 Quocirca
3334 4230 3406 4284 nil
3431 4233 3559 4283 vetat
3597 4231 3697 4289 quo-

2199 4326 2381 4381 minus
2421 4325 2563 4381 hanc.
2620 4323 2869 4396 Dionysii
2921 4324 3239 4396 Apologiam
3288 4321 3354 4377 ad
3400 4328 3581 4374 annum
3618 4306 3698 4363 269.

2199 4420 2426 4474 attinere
2476 4434 2816 4475 censeamus.
2858 4417 2989 4473 Eam
3040 4434 3258 4490 quoque
3302 4413 3530 4471 eruditus
3571 4400 3693 4458 Tine-

530 4504 623 4553 tur
655 4508 819 4570 atque
846 4501 1235 4573 confutantur;
1269 4505 1531 4578 Apologia
1567 4525 1697 4565 vero
1744 4489 1939 4579 ipsius‘
1963 4512 2093 4568 Dio-
2120 4489 2166 4544 Ῑ)
2199 4511 2439 4567 montius
2470 4512 2536 4565 ad
2587 4512 2715 4566 anni
2766 4510 2930 4581 hujus
2957 4510 3164 4566 exitum
3199 4507 3387 4569 referri
3417 4515 3559 4576 posse
3585 4491 3688 4551 arbi-

532 4590 696 4660 nysii,
733 4592 829 4660 qui
862 4592 920 4648 in
946 4595 1136 4651 eodem
1163 4596 1232 4657 de
1261 4598 1491 4669 objecus
1516 4602 1795 4658 erroribus
1826 4618 1946 4660 sese
1970 4621 2094 4675 pur-

605 4752 682 4835 (ιι)
711 4749 1200 4835 (ξρμιτιηιηζζρίδέτ.
1231 4757 1392 4835 Rom._
1423 4761 1637 4835 pontif.,
1666 4778 1786 4833 pag.
1810 4762 1915 4817 277
1940 4780 2092 4835 seqq.

605 4823 678 4893 (υ)
702 4822 959 4903 Albam,
985 4822 1080 4881 lib.
1112 4826 1189 4903 De
1228 4822 1440 4903 synod.,
1475 4847 1533 4888 n.
1564 4822 1847 4903 Al,'epist.
1899 4836 1965 4889 de
1995 4822 2091 4891 (ίὲ-

530 4891 665 4949 cret.
698 4891 816 4950 Nic.
852 4910 998 4968 syn.,
1026 4913 1083 4952 n.
1110 4898 1201 4963 25,
1232 4891 1287 4954 e't
1313 4891 1472 4970 epist.
1509 4903 1574 4958 de
1609 4891 1840 4960 sentem.
1869 4904 2087 4976 Dionys.

2198 4614 2394 4662 tratur.
2432 4625 2452 4659 ι
2489 4604 2556 4660 Et
2586 4606 2701 4661 haec
2730 4604 2797 4661 de
2828 4604 3023 4678 Magno
3054 4603 3313 4676 Dionysio
3341 4600 3486 4658 satis.

2271 4760 2349 4833 (ρ)
2379 4761 2566 4834 Basil.,
2594 4763 2690 4834 lib.
2716 4763 2792 4817 De
2823 4761 2964 4834 Spir.
2991 4772 3184 4826 sanct.,
3224 4776 3341 4834 cap.
3376 4754 3462 4811 29.

2271 4830 2345 4904 (ς)
2377 4831 2616 4902 Hieron.,
2644 4833 2721 4888 De
2742 4835 2837 4888 vir.
2863 4830 3094 4899 'illustr.,
3123 4848 3241 4905 cap.
3266 4830 3353 4887 69.
