3966 6206
518 339 655 390 ιειδ

1492 336 1547 392 S.
1591 331 1886 392 DlONYSll
1926 323 2232 385 EPISCOPI
2272 319 2733 379 ALEXANDRINI

3584 317 3716 373 1211

515 452 669 519 licet,
715 463 770 510 et
817 470 1007 511 eorum
1034 472 1154 527 qua:
1182 456 1283 512 sub
1312 464 1496 510 ventre
1529 464 1655 511 sunt
1696 452 1973 516 satietate,
2018 450 2049 504 it

2171 442 2343 496 ταῦτα
2379 438 2530 511 ᾠήθη
2572 434 2893 509 ποριεῖσθαι,
2923 434 3133 506 ἑορταῖς
3166 433 3259 487 καὶ
3288 431 3499 495 θυσίαις
3528 435 3618 486 καὶ
3648 435 3717 486 ἱε-

514 555 598 601 est
629 546 681 601 in
707 548 844 603 cibis
869 563 933 603 ac
956 550 1186 619 poculis,
1232 550 1285 604 in
1317 548 1519 617 nuptiis
1559 556 1613 601 et
1657 546 1711 599 in
1759 544 1828 598 iis
1868 541 2067 611 quibus

515 635 619 691 ista
655 635 935 693 honestius
967 639 1145 707 parari
1187 653 1345 709 posse
1380 634 1752 692 existimabat.
1798 630 1949 685 festis
1984 628 2070 680 ni-

516 728 712 782 mirum
750 737 805 783 et
852 731 1154 798 sacriﬁciis,
1202 741 1255 785 et
1284 729 1585 784 hostiarum
1624 721 2062 780 mactationibus.

513 819 625 891 Ego
660 836 786 876 vero
826 822 1022 877 librum
1055 822 1203 876 illum
1234 820 1453 891 rejicere
1477 816 1697 873 omnino
1724 828 1833 869 non
1865 814 2063 877 ausim,

511 912 807 978 praesertim
856 929 979 968 cum
1014 913 1167 967 multi
1213 928 1278 967 ex
1319 910 1574 965 fratribus
1616 921 1739 961 eum
1770 902 1952 973 magni
1981 901 2065 957 fa»

510 1001 673 1055 ciant.
717 1000 819 1055 Sed
851 1001 1160 1072 bujusmodi
1189 1001 1254 1056 de
1286 1001 1375 1054 illo
1402 998 1707 1068 opinionem
1733 992 2062 1062 concipiens,

509 1089 665 1158 quasi
692 1104 885 1145 sensus
910 1092 1014 1146 mei
1044 1092 1261 1146 modum
1286 1089 1545 1151 excedat,
1579 1099 1833 1141 arcanam
1866 1097 2058 1152 quam-

508 1182 631 1237 dam
677 1183 942 1253 planeque
986 1183 1351 1238 admirabilem
1381 1180 1713 1251 singularum
1745 1192 1923 1232 rerum
1971 1176 2058 1229 in-

512 1273 851 1344 telligentiam
900 1274 1066 1329 latere
1103 1274 1370 1330 existimo.
1401 1271 1533 1327 Nam
1565 1271 1667 1326 etsi
1704 1270 1819 1339 ipse
1843 1284 1949 1322 non
1976 1268 2059 1322 in-

510 1365 704 1431 telligo,
739 1366 982 1436 suspicor
1013 1375 1189 1421 tamen
1236 1367 1477 1419 altiorem
1511 1362 1796 1433 quemdam
1838 1375 2056 1414 sensum

509 1458 685 1513 verbis
712 1458 951 1513 subesse.
1004 1455 1185 1526 anue
1220 1472 1324 1510 non
1374 1470 1495 1509 meo
1522 1454 1690 1523 ipsius
1713 1450 1916 1521 judicio
1946 1464 2059 1503 me-

510 1547 613 1601 tior
656 1556 816 1616 atque
857 1546 1099 1601 aestimo:
1150 1545 1241 1600 sed
1290 1544 1411 1614 plus
1444 1544 1565 1597 tidei
1592 1542 1851 1603 tribuens,
1892 1539 2058 1595 subli-

2173 532 2329 605 ρείων
2362 525 2771 599 σφαγαῖς.Ἐγὼ
2797 526 2853 578 δὲ
2885 524 3144 594 ἀθετῆσαι
3180 523 3276 594 μὲν
3298 524 3397 576 οὐκ
3435 522 3500 576 ἂν
3527 521 3718 594 τολμή-

2168 642 2323 694 σαιμι
2350 622 2411 676 τὺ
2441 620 2640 692 βιϐλίον
2658 636 2671 649 ’
2713 617 2919 672 πολλῶν
2951 616 3082 671 αὐτὸ
3105 616 3195 669 διὰ
3226 614 3457 684 σπουδῆς
3495 613 3718 683 ἐχόντων

2164 716 2437 786 ἀδελφῶνο
2495 713 2714 785 μείζονα
2756 711 2814 763 δὲ
2861 711 2958 780 τῆς
3005 706 3239 778 ἐμαυτοῦ
3288 706 3593 777 φρονήσεως
3624 704 3718 775 τὴν

2167 806 2429 877 ὑπόληψιν
2477 804 2574 875 τὴν
2615 803 2744 874 περὶ
2793 800 2959 854 αὐτοῦ
3004 798 3312 870 λαμὸἁνων,
3336 795 3718 866 κεκρυμμένην

2163 896 2301 952 εἶναί
2342 914 2461 950 τινα
2503 895 2597 948 καὶ
2629 892 3073 964 θαυμασιωτέραν
3099 890 3196 962 τὴν
3227 889 3345 944 καθ’
3377 888 3602 941 ἕκαστον
3631 886 3719 936 ὲκ-

2162 989 2322 1060 δοχὴν
2369 986 2747 1057 ὑπολαμϐάνω.
2787 984 2895 1039 Καὶ
2942 985 3049 1053 γὰρ
3096 984 3145 1036 εἰ
3196 982 3269 1053 μὴ
3318 980 3559 1050 συνίημι,
3601 977 3735 1030 ἀλλ’.

2163 1078 2372 1133 ὑπονοῶ
2402 1095 2465 1145 γε
2490 1077 2613 1130 νοῦν
2644 1093 2765 1129 τινα
2797 1075 3087 1146 βαθύτερον
3111 1071 3383 1142 ἐγκεῖσθαι
3398 1074 3509 1133 τοῖς
3539 1071 3717 1141 phita-

2166 1188 2247 1223 σιν
2266 1187 2279 1199 ·
2314 1170 2410 1223 οὐκ
2441 1170 2552 1239 ἰδίῳ
2581 1167 2751 1221 ταῦτα
2779 1167 2986 1239 μετρῶν
3007 1166 3098 1219 καὶ
3120 1165 3314 1237 κρίνων
3343 1163 3601 1233 λογισμῷ,
3623 1161 3715 1215 πί-

2166 1279 2278 1315 στει
2321 1260 2377 1313 δὲ
2424 1260 2582 1314 πλέον
2619 1260 2816 1330 νέμων,
2848 1257 3147 1329 ὑψηλότερα
3182 1258 3216 1327 ἢ
3259 1255 3349 1308 ὑπ’
3373 1254 3506 1325 ἐμοῦ
3548 1271 3715 1307 κατα-

2164 1360 2425 1432 ληφθῆναι
2466 1358 2750 1429 νενόμικα·
2792 1357 2886 1411 καὶ
2928 1357 3027 1409 οὐκ
3073 1351 3451 1423 ἀποδοκιμάζω
3481 1349 3652 1403 ταῦτα
3676 1350 3719 1404 ἃ.

2166 1451 2240 1523 μὴ
2287 1449 2633 1521 συνεώρακα·
2683 1448 2941 1521 θαυμάζω
2967 1448 3023 1501 δὲ
3055 1446 3248 1518 μᾶλλον
3276 1447 3356 1499 ὅτι
3392 1444 3467 1515 μὴ
3500 1444 3594 1497 καὶ
3635 1437 3714 1495 εἷ-

2163 1541 2271 1594 δον.

505 1648 672 1703 miora
709 1662 828 1704 esse
864 1659 1061 1699 censeo
1097 1658 1256 1712 quam
1295 1652 1353 1695 ut
1399 1657 1429 1695 a
1483 1657 1569 1696 me
1605 1638 2012 1711 lpercipiantur.
2052 1636 2166 1693 Nec
2201 1654 2265 1695 ea
2304 1639 2607 1695 condemno
2656 1652 2777 1707 quae.
2813 1633 3112 1705 intelligere
3146 1647 3254 1686 non
3291 1629 3442 1701 potui
3485 1646 3499 1681 :
3538 1643 3709 1684 vernn

504 1741 630 1798 inde
666 1738 902 1796 admiror
938 1737 1124 1807 magis.
1164 1736 1305 1805 quod
1340 1751 1531 1805 capere
1568 1747 1677 1788 non
1712 1746 1952 1800 possum.

574 1832 663 1887 IV.
711 1833 947 1887 Post/nm:
978 1834 1176 1902 integro
1214 1833 1554 1887 Revelationis
1582 1833 1715 1887 libro
1740 1835 2049 1899 examinato,

2229 1837 2302 1887 Δ¹.
2356 1832 2483 1888 Ἐπὶ
2516 1833 2746 1896 τούτοις
2774 1832 2886 1898 τὴν
2916 1832 3067 1897 ὅλην
3111 1829 3217 1895 τῆς
3259 1827 3712 1893 {detonuit}ng

506 1933 776 1994 postquam
813 1924 1133 1993 apertissime
1158 1924 1401 1990 ostendit,
1432 1941 1549 1977 eum
1590 1941 1801 1993 prorsus
1844 1926 2064 1997 intelligi

508 2029 609 2068 non
640 2030 787 2083 posse
802 2013 961 2083 juxta
991 2014 1194 2068 obvium
1224 2015 1492 2069 uerborum
1518 2031 1745 2081 sensum,
1779 2015 1886 2069 hazc
1906 2017 2065 2086 subji-

507 2103 579 2156 cit
611 2116 629 2155 :
661 2102 917 2158 Absoluta
961 2105 1176 2159 demum
1223 2102 1473 2157 universa
1522 2103 1868 2173 praedictione
1917 2122 2013 2161 sua
2045 2146 2059 2169 ,

507 2195 762 2264 propheta
792 2196 977 2252 beatos
1010 2193 1324 2266 pronuntiat
1351 2203 1462 2249 tum
1495 2211 1589 2250 eos
1615 2196 1707 2265 qui
1735 2210 1852 2250 eam
1877 2212 2061 2251 scrva-

505 2284 699 2347 verint,
757 2292 869 2339 tum
909 2301 966 2341 se
1014 2287 1209 2356 ipsum.
1249 2285 1441 2340 Beatus
1468 2327 1483 2351 ,
1522 2286 1730 2357 inquit,
1761 2289 1851 2357 qui
1890 2300 2057 2342 servat

503 2377 654 2431 verba
678 2378 959 2447 prophetia:
992 2378 1113 2431 libri
1138 2378 1323 2446 hujus;
1358 2388 1407 2432 et
1435 2396 1526 2449 ego
1550 2380 1656 2448 ipse
1688 2378 1937 2445 Joannes,
1970 2381 2061 2449 qui

500 2468 610 2523 haec
633 2469 735 2522 vidi
757 2478 908 2540 atque
929 2468 1106 2523 audivi
1143 2470 1181 2521 ί.
1206 2468 1466 2524 Joannem
1492 2470 1655 2539 igitur
1684 2470 1828 2525 hunc
1854 2472 2056 2535 vocari,

499 2568 555 2613 et
587 2559 780 2614 librum
826 2576 856 2614 a
902 2559 1108 2615 Joanne
1158 2562 1419 2630 scriptum
1471 2576 1621 2625 esse,
1667 2577 1774 2616 non
1824 2561 2055 2617 inlicior.

500 2647 693 2705 Fateor
722 2650 862 2705 enim
887 2652 1056 2705 sancti
1081 2650 1360 2718 cujusdam
1389 2658 1443 2704 et
1466 2650 1648 2704 divino
1667 2649 1866 2720 Spiritu
1892 2647 2057 2703 afﬂati

502 2742 600 2796 viri
629 2741 680 2795 id
710 2757 846 2812 opus
870 2758 1006 2797 esse.
1063 2740 1166 2796 Sed
1193 2744 1335 2796 hunc
1374 2743 1547 2812 ipsum
1580 2758 1697 2797 esse
1734 2741 2054 2811 apostolum,

500 2831 740 2888 Zebcilazi
768 2833 957 2898 tilium,
988 2830 1171 2887 Jacobi
1218 2831 1462 2898 fratrem,
1497 2833 1653 2900 cujus
1698 2842 1781 2887 est
1818 2832 2054 2901 Evange-

500 2925 629 2979 lium
673 2924 802 2979 illud
846 2923 991 2994 quod
1036 2926 1317 2978 secundum
1346 2927 1603 2978 Joannem
1646 2924 1958 2979 inscribitur
2003 2934 2056 2978 et

500 3015 735 3083 Epistola
759 3016 1041 3078 catholica,
1074 3016 1216 3069 haud
1243 3016 1396 3070 facile
1418 3016 1800 3069 concesserim.
1834 3013 1966 3069 Nam
1990 3030 2055 3069 ex

2157 1926 2503 1993 ,βασανίσας
2527 1924 2781 1994 γραφὴν,
2811 1922 3105 1977 ἀδύνατον
3123 1921 3191 1974 δὲ
3213 1917 3406 1987 αὐτὴν
3430 1919 3582 1972 κατὰ
3600 1916 3715 1983 τὴν

2162 2019 2477 2088 πρόχειρον
2501 2014 2819 2081 ἀποδείξας
2847 2013 3109 2067 νοεῖσθαι
3140 2011 3425 2073 διάνοιαν,
3449 2006 3717 2078 ἐπιφέρει

2159 2109 2381 2179 λέγων·
2419 2106 2741 2170 Συντελέσας
2768 2106 2832 2177 δὴ
2870 2106 3068 2170 πᾶσαν,
3096 2104 3170 2169 ὡς
3210 2104 3399 2168 εἰπεῖν,
3437 2101 3539 2173 τὴν
3583 2117 3719 2171 προ-

2139 2199 2407 2272 φητείαν,
2447 2198 2734 2269 μακαρίζει
2764 2199 2792 2250 ὁ
2814 2197 3095 2268 προφήτης
3114 2195 3236 2259 τούς
3258 2212 3317 2247 τε
3343 2192 3713 2263 φυλάσσοντας

2159 2290 2343 2361 αὐτὴν,
2379 2290 2471 2343 καὶ
2502 2289 2565 2360 δὴ
2601 2289 2694 2342 καὶ
2725 2288 2935 2341 ἑαυτόν.
2975 2285 3275 2355 Μακάριος
3297 2285 3425 2357 γὰρ,
3461 2285 3648 2355 φησὶν,
3679 2285 3713 2336 ὁ

2159 2375 2349 2446 τηρῶ-ν
2390 2377 2530 2443 τοὺς
2559 2377 2775 2447 λόγους
2805 2375 2914 2444 τῆς
2944 2376 3299 2445 προφητείας
3331 2374 3439 2428 τοῦ
3466 2373 3715 2438 ,ϐιϐλίαν

2158 2466 2401 2519 τούτου·
2446 2464 2606 2535 κάγὼ
2648 2462 2918 2532 Ἰωάννης
2956 2468 2988 2519 ὁ
3029 2464 3277 2529 βλέπων
3324 2462 3423 2517 καὶ
3474 2463 3712 2516 ἀκούων

2158 2557 2359 2612 ταῦτα.
2393 2557 2685 2611 Καλεῖσθαι
2713 2557 2809 2627 μὲν
2839 2552 2929 2610 οὖν
2954 2557 3110 2610 αὑτὸν
3154 2558 3424 2627 Ἰωάννην,
3451 2556 3552 2609 καὶ
3576 2552 3711 2609 εἶναι

2156 2656 2253 2727 τὴν
2294 2654 2508 2727 γραφὴν
2561 2654 2805 2707 Ἰωάννου
2837 2654 3058 2724 ταύτην,
3105 2654 3203 2705 οὐκ
3252 2652 3482 2723 ἀντερῶ.
3530 2650 3709 2719 Ἁγίου

2161 2748 2257 2819 μὲν
2300 2747 2407 2819 γὰρ
2453 2741 2590 2799 εἶναι
2631 2762 2774 2808 τινος
2811 2746 2906 2799 καὶ
2945 2744 3297 2797 θεοπνεύστου
3344 2743 3600 2796 συναινῶ.
3634 2742 3709 2794 Οὐ

2159 2840 2263 2911 μὴν
2294 2839 2488 2910 ῥᾳδίως
2515 2837 2579 2892 ἂν
2610 2837 2896 2909 συνθείμην
2920 2836 3102 2890 τοῦτον
3124 2832 3259 2890 εἶναι
3279 2837 3368 2889 τὸν
3392 2835 3703 2897 audin-olm,

2154 2931 2245 2983 τὸν
2290 2931 2402 2983 υἱὸν
2442 2930 2743 2990 Ζεϐεδαίου,
2802 2931 2893 2984 τὸν
2935 2930 3157 2999 ἀδελφὸν
3207 2928 3499 2983 Ἰακώϐου·
3546 2922 3608 2983 οὗ
3648 2929 3707 2981 τὸ

2154 3022 2477 3091 Εὐαγγέλιον
2508 3023 2568 3075 τὺ
2596 3021 2745 3076 κατὰ
2783 3021 3054 3090 Ἰωάννην
3089 3022 3587 3092 ἐπιγεγραμμένον,
3617 3023 3704 3074 καὶ

500 3105 780 3174 utriusque
812 3106 969 3175 genio
998 3112 1050 3158 et
1074 3104 1249 3158 forma
1290 3105 1566 3173 loquendi,
1604 3112 1658 3158 et
1682 3120 1747 3159 ex
1776 3105 1938 3159 libelli
1972 3114 2049 3158 to-

2154 3116 2187 3185 ή
2239 3113 2519 3185 Ἐπιστολὴ
2552 3118 2585 3185 ἡ
2614 3113 2886 3185 καθολική.
2918 3114 3289 3186 Τεκμαίρομαι
3315 3114 3425 3185 γὰρ
3447 3112 3515 3167 ἐκ
3532 3132 3593 3167 τε
3616 3113 3705 3167 τοῦ

495 3199 604 3254 tius
635 3199 798 3252 ductu
830 3214 893 3253 ac
918 3197 1267 3266 dispositione
1289 3238 1304 3264 ,
1350 3213 1459 3252 non
1499 3213 1665 3252 unum
1696 3198 2049 3268 eumdemquc

2151 3171 2312 3276 ῆθους
2344 3171 2637 3277 ἑκατέρων,
2665 3206 2759 3259 καὶ
2787 3171 2880 3259 eoi":
2908 3206 3013 3259 τῶν
3030 3171 3210 3275 ’λάέωᾷ
3254 3171 3448 3271 εἴδους,
3485 3207 3584 3260 καὶ
3612 3207 3706 3276 τῆς

495 3292 810 3360 scriptorem
834 3306 952 3346 esse
980 3290 1229 3358 coniicio.
1257 3288 1462 3359 Quippe
1487 3290 1811 3359 evangelista
1833 3291 2048 3358 quidem

495 3379 681 3435 nullibi
717 3394 909 3434 nomen
944 3395 1101 3434 suum
1138 3378 1359 3434 ascribit
1393 3397 1406 3433 :
1440 3394 1538 3434 nec
1571 3388 1742 3434 semet
1781 3379 1914 3448 ipse,
1956 3388 2050 3433 aut

493 3475 550 3528 in
594 3471 921 3541 Evangelia,
964 3481 1056 3523 aut
1086 3470 1137 3524 in
1179 3470 1415 3539 Epistola
1458 3469 1732 3540 praedicat.
1780 3468 1848 3522 Et
1888 3470 2047 3537 paulo

492 3575 609 3635 post
643 3562 860 3617 subdit:
901 3561 1136 3618 Joannes
1164 3578 1290 3616 vero
1333 3577 1621 3630 nusquam,
1660 3576 1759 3616 nec
1789 3568 2045 3628 tanquam

492 3655 561 3710 de
592 3670 649 3709 se
681 3654 816 3725 ipso,
865 3670 963 3710 nec
992 3664 1245 3724 tanquam
1288 3654 1355 3708 de
1381 3654 1568 3709 altero.
1606 3655 1674 3707 At
1701 3653 1789 3709 ille
1826 3653 1918 3723 qui
1942 3654 2048 3708 Re-

492 3747 808 3802 velationem
839 3746 1082 3815 scripsit,
1130 3746 1183 3799 in
1232 3745 1348 3814 ipso
1379 3746 1556 3800 statim
1587 3745 1809 3800 exordio
1851 3760 2046 3799 nomen

493 3855 649 3899 suum
695 3837 958 3909 pratfigit,
1013 3852 1137 3892 cum
1182 3838 1301 3890 ait:
1337 3836 1600 3890 Revelatio
1641 3836 1768 3891 Jesu
1813 3836 2043 3905 Christi,

490 3945 647 4001 quam
690 3928 829 3982 dedit
872 3929 973 3997 ipsi
1012 3935 1069 3980 ut
1123 3927 1301 3996 palam
1343 3925 1533 3995 faceret
1581 3928 1739 3982 servis
1770 3928 1877 3980 suis
1921 3926 2046 3981 cele-

492 4023 653 4088 riter,
712 4029 763 4074 et
809 4018 1122 4090 signiﬁcavit
1180 4019 1387 4071 mittens
1440 4035 1531 4087 per
1598 4017 1839 4088 angelum
1891 4033 2042 4071 suum

487 4113 684 4168 Joanni
722 4130 866 4168 servo
896 4130 1010 4180 suo,
1043 4114 1131 4183 qui
1184 4113 1492 4182 testiﬁcatus
1538 4125 1615 4168 est
1664 4114 1872 4169 verbum
1916 4113 2041 4179 Dei;

486 4219 537 4262 et
568 4206 917 4259 testimonium
942 4204 1075 4275 ejus,
1105 4221 1420 4275 quacunque
1451 4206 1579 4258 vidit
1610 4209 1651 4260 ².
1678 4206 1758 4261 Ad
1792 4207 1906 4262 haec
1936 4206 2044 4275 epi—

488 4298 677 4352 stolam
717 4297 906 4352 scribit
951 4315 964 4351 :
1009 4295 1274 4360 Joannes,
1313 4296 1517 4365 inquit,
1561 4307 1752 4366 septem
1790 4296 2039 4352 Ecclesiis

486 4406 601 4460 quae
632 4398 751 4443 sunt
779 4390 833 4441 in
873 4389 999 4442 Asia
1020 4429 1035 4454 ,
1077 4389 1251 4458 gratia
1282 4389 1421 4443 vobis
1462 4399 1509 4443 et
1544 4404 1649 4458 pax
1677 4390 1718 4443 ³.
1763 4388 2041 4461 Evangeli-

487 4494 597 4538 stes
635 4496 769 4551 ,vero
817 4496 885 4535 ne
931 4482 1209 4537 catholica:
1259 4482 1474 4551 quidem
1529 4481 1782 4552 Epistola:
1843 4498 2037 4538 nomen

486 4588 643 4629 suum
681 4572 942 4642 praeﬁxit;
988 4573 1081 4629 sed
1119 4574 1321 4644 absque
1351 4574 1457 4629 ulla
1491 4573 1774 4629 verborum
1816 4572 2039 4642 ambage

485 4664 553 4717 ab
582 4664 700 4733 ipso
739 4662 935 4718 divina:
984 4664 1326 4719 revelationis
1358 4666 1616 4736 mysterio
1655 4681 1882 4723 exorsus
1934 4676 2032 4723 est.

485 4754 633 4821 Quod
664 4754 788 4825 fuit,
828 4753 1021 4823 inquit,
1065 4756 1129 4808 ab
1159 4756 1346 4819 initio;
1384 4756 1521 4826 quod
1552 4757 1867 4822 audivimus,
1900 4758 2035 4827 quod

482 4845 706 4900 vidimus
731 4845 892 4929 oculis
925 4845 1116 4900 nostris
1149 4846 1190 4899 ⁸.
1242 4845 1322 4901 Ob
1350 4847 1660 4917 bujusmodi
1695 4848 1838 4903 enim
1879 4864 2033 4903 reve-

2147 3297 2241 3349 τοῦ
2280 3297 2479 3369 βιϐλίου
2522 3297 2853 3369 διεξαγωγῆς
2883 3298 3177 3370 λεγομένης
3206 3300 3336 3371 (20),
3378 3300 3451 3371 μὴ
3493 3301 3586 3352 τὸν
3613 3300 3707 3352 αὑ-

2145 3392 2236 3445 τὸν
2283 3390 2437 3447 εἶναι.
2492 3393 2548 3444 'U
2607 3392 2703 3463 μὲν
2754 3392 2861 3464 γὰρ
2910 3393 3311 3465 εὐαγγελιστὴς,
3362 3392 3603 3464 οὖδαμοῦ
3645 3393 3705 3446 τδ

2145 3483 2313 3555 ὄνομα
2366 3482 2529 3537 αὑτοῦ
2582 3485 2959 3555 παρεγγράφει
2983 3503 2995 3515 ·
3036 3485 3154 3538 οὐδὲ
3195 3484 3455 3554 κηρύσσει
3492 3485 3705 3551 ἑαυτὸν,

2145 3575 2263 3629 οὔτε
2302 3576 2387 3629 διὰ
2429 3575 2521 3629 τοῦ
2548 3575 2894 3645 Εὑαγγελίου,
2935 3576 3057 3629 οὔτε
3102 3576 3188 3629 διὰ
3226 3578 3322 3648 τῆς
3362 3577 3706 3646 Ἐπιστολῆς.

2145 3663 2266 3721 Εἴθ’
2296 3666 2543 3733 ὑποϐὰς,
2575 3664 2757 3720 πάλιν
2792 3665 2973 3720 ταῦτα
3000 3665 3191 3735 λέγει·
3237 3667 3486 3736 Ἰωάννης
3525 3666 3582 3719 δὲ
3618 3668 3711 3718 οὒ-

2142 3755 2312 3827 δαμοῦ
2358 3756 2475 3811 οὐδὲ
2507 3756 2582 3820 ὡς
2618 3756 2743 3828 περὶ
2785 3756 2995 3820 ἑαυτοῦ,
3031 3757 3150 3810 οὐδὲ
3182 3756 3255 3820 ὡς
3303 3758 3432 3828 περὶ
3475 3758 3667 3819 ἐτέρου
3688 3775 3706 3789 ο

2142 3848 2170 3900 ὁ
2212 3848 2267 3899 δὲ
2301 3849 2398 3919 τὴν
2443 3848 2800 3919 Ἀποκάλυψιν
2837 3848 3070 3920 γράψας,
3117 3848 3277 3912 εὐθύς
3315 3865 3376 3901 τε
3408 3849 3603 3903 ἑαυτὸν
3650 3852 3708 3903 ἐν

2142 3943 2281 4012 ἀρχῇ
2313 3939 2631 4011 προτάσσει·
2679 3938 3073 4008 Ἀποκάλυψις
3110 3939 3299 4007 Ἰησοῦ
3332 3940 3596 4008 Χριστοῦ
3624 3940 3711 4009 ἦν·

2140 4033 2357 4088 ἔδωκεν
2379 4031 2536 4098 αὑτῷ
2562 4031 2747 4096 δεῖξαι
2775 4031 2897 4097 τοῖς
2921 4031 3164 4098 δούλοις
3197 4031 3379 4086 αὑτοῦ
3408 4032 3480 4085 ἐν
3498 4031 3705 4101 τάχειο

2140 4123 2237 4175 καὶ
2254 4123 2557 4191 ἐσήμανεν
2585 4124 2949 4190 ἀποστείλας
2971 4123 3067 4179 διὰ
3095 4123 3200 4177 τοῦ
3227 4122 3485 4193 ἀγγέλου
3514 4126 3713 4181 αὑτοῦ

2138 4210 2219 4276 τῷ
2245 4212 2440 4278 δούλῳ
2467 4212 2651 4266 αὐτοῦ
2688 4211 2920 4282 Ἰωάννῃ
2939 4230 2954 4244 ·
2990 4213 3058 4280 ὃς
3076 4214 3448 4282 ἐμαρτύρησε
3476 4215 3585 4269 τὸν
3608 4218 3711 4269 λό-

2138 4322 2247 4373 γον
2287 4304 2391 4357 τοῦ
2425 4304 2593 4367 Θεοῦ,
2623 4303 2719 4357 καὶ
2750 4302 2862 4371 τὴν
2893 4307 3223 4374 μαρτυρίαν
3251 4307 3437 4361 αὐτοῦ
3470 4306 3593 4361 ὅσα
3620 4304 3711 4361 εἶ-

2139 4394 2262 4449 δεν.
2280 4392 2411 4448 Εἶτα
2431 4396 2523 4448 καὶ
2548 4396 2833 4469 ἐπιστολὴν
2853 4396 3070 4469 γράφει·
3104 4397 3373 4464 Ἰωάννης
3399 4398 3525 4463 ταῖς
3548 4399 3715 4454 ἑπτὰ

2153 4487 2523 4554 Ἐκκλησίαις
2539 4485 2827 4557 ταῖςὲντῇ
2843 4489 3018 4556 Ἀσία,
3033 4488 3201 4558 χάρις
3217 4489 3456 4559 ultimi
3464 4489 3710 4559 εἰρήνη·

2152 4578 2210 4630 '0
2242 4578 2299 4631 δέ
2334 4596 2393 4647 γε
2435 4580 2840 4653 εὐαγγελιστὴς,
2874 4580 3079 4634 οὐδὲτὸ
3135 4581 3244 4653 [τσ.
3308 4581 3431 4655 τῆς]
3483 4583 3714 4636 καθολι-

2142 4668 2243 4740 κῆς
2277 4670 2590 4742 Ἐπιστολῆς
2618 4671 2959 4743 προέγραψεν
2989 4673 3177 4727 ἑαυτοῦ
3209 4674 3268 4727 τὸ
3305 4674 3475 4745 ὄνομα
3498 4692 3511 4704 ·
3558 4673 3714 4729 ἀλλὰ

2140 4761 2443 4831 ἀπερίττως
2476 4763 2761 4825 ἀπἀὐτοῦ
2789 4764 2881 4818 τοῦ
2914 4766 3208 4838 μυστηρίου
3241 4766 3339 4836 τῆς
3373 4766 3523 4832 θείας
3559 4767 3715 4823 ἀπο-

2140 4851 2419 4921 καλύψεως
2443 4854 2643 4926 ῆρξατο
2660 4873 2673 4885 ·
2709 4858 2776 4908 Ὅ
2802 4853 2879 4927 ἦν
2897 4857 2997 4911 ἀπ’
3023 4856 3239 4927 ἀρχῆς,
3273 4856 3305 4912 ὃ
3325 4860 3711 4929 ἀκηκόαμεν,

554 5019 572 5050 ι
602 5016 768 5085 Apoc.
797 5031 936 5079 mi,
966 5016 1019 5083 7,
1042 5016 1095 5071 8.
1170 5024 1192 5055 ⁸
1217 5018 1384 5088 Apoc.
1417 5036 1455 5086 ι,
1488 5021 1540 5086 l,
1571 5004 1626 5075 2.
1704 5022 1875 5079 'lbid.
1912 5024 1966 5080 4.
2041 5026 2049 5053 ‘

2150 5025 2299 5082 Joan.
2326 5042 2364 5091 ι,
2390 5029 2439 5083 l.

481 5182 776 5263 praeferret.
807 5181 943 5239 Hinc
971 5184 1774 5263 immeritolegitebbupdzsppv
1792 5192 2037 5249 Christo-

481 5252 807 5332 phorsonus,
836 5256 1080 5332 tumuliic
1106 5264 1215 5310 tum
1249 5252 1515 5332 infpriore
1543 5252 1661 5332 loco
1684 5252 2034 5332 'Eusebiano;

482 5338 603 5405 cum
637 5324 816 5405 potius
847 5340 915 5405 es
948 5326 1039 5379 illo
1066 5326 1212 5382 hunc
1233 5324 1535 5405 reformare
1553 5324 2034 5405 ileliuisset,quam

481 5393 702 5515 gollogcs
710 5393 858 5447 illum
884 5394 1198 5503 depravare.
1233 5397 1432 5453 VALES.
1472 5401 1539 5455 ad
1576 5400 1774 5457 Euseb.
1821 5393 1916 5460 lib‘.
1952 5420 2033 5471 tu,

482 5476 600 5530 cap.
633 5476 723 5516 κδ.
1121 5498 1125 5503 ι
1219 5511 1222 5514 .

551 5530 664 5614 (90)
711 5532 1075 5614 Διεξαγωγῆς
1127 5539 1473 5612 λεγομένης.
1532 5538 1676 5614 Hoc,
1712 5544 2030 5599 vocabulum

481 5603 757 5729 ﬁtoprium
786 5603 887 5685 fuit
935 5603 1233 5674 rbctorutn',
1266 5603 1339 5665 vut
1385 5603 1487 5665 vox
1534 5612 1622 5665 illa
1667 5612 1963 5687 λεγομένης
2001 5630 2032 5670 a

534 5683 740 5729 ιοιηνειο
774 5673 1023 5729 adiuncta
1072 5680 1204 5729 satis
1242 5681 1461 5729 indicat-
1492 5680 1556 5729 Et
1596 5681 1873 5729 Μιιςριιιιις
1914 5686 2032 5729 nni-

534 5673 1204 5755 ionvsioadjunctasatis
1242 5681 1461 5735 indicat.
1492 5680 1561 5755 E_t
1595 5673 1873 5755 Musonius
1914 5673 2033 5755 qui-

481 5739 603 5803 dem
630 5748 907 5799 tractatum
934 5744 1054 5798 libri
1081 5749 1473 5822 interpretatur.
1505 5739 2024 5827 Cbristopborsouus

2137 5207 2313 5254 autem
2349 5201 2662 5275 discursum.
2697 5201 2810 5275 Ego
2846 5203 3178 5275 διεξαγωγὴν
3224 5204 3363 5259 idem
3398 5220 3520 5275 esse
3566 5223 3717 5263 cen-

2138 5284 2252 5331 seo,
2288 5272 2430 5345 quod
2444 5272 2891 5345 dispositionem,
2923 5272 3035 5328 sive
3048 5272 3374 5345 οἰκονομίαν.
3396 5274 3531 5345 Nam
3557 5275 3717 5342 διεξη

2134 5342 2356 5410 αγαγείν
2409 5340 2547 5394 idem
2597 5350 2680 5395 est
2727 5357 2792 5397 ac
2829 5341 3045 5396 διοικεῖν
3076 5385 3092 5410 ,
3145 5354 3205 5397 ttt
3230 5340 3432 5399 scribit
3464 5340 3713 5401 διιίὐοέ.

2136 5405 2316 5479 Possis
2340 5411 2499 5463 etiam
2528 5411 2862 5479 interpretari
2900 5405 3126 5467 formam
3163 5422 3218 5467 et
3251 5416 3515 5470 rationem
3556 5419 3719 5471 scri-

2134 5477 2292 5556 bendi
2327 5477 2845 5556 seu_cltaraetet:em_,
2872 5485 3011 5552 quod
3051 5482 3334 5556 conﬁrmat
3375 5483 3713 5556 Dionysius.

2137 5545 2331 5624 Primo_
2347 5549 2493 5624 enim
2517 5550 2623 5603 ἀπὸ
2643 5545 2933 5624 τοῦμῆθομυς
2966 5556 3157 5624 probat
3187 5545 3549 5624 Apocalypsin
3582 5572 3713 5613 non

2137 5631 2260 5693 esse
2303 5615 2529 5693 Joannis
2559 5615 2808 5693 apostoli:
2850 5615 3055 5693 Deinde
3109 5641 3174 5679 ex
3219 5615 3359 5693 stylo
3392 5615 3458 5679 ’ἐι
3512 5624 3727 5687 forma

2137 5686 2428 5757 scribendi,
2456 5689 2508 5745 id
2537 5686 2620 5748 est
2640 5706 2707 5747 ex
2736 5692 2967 5749 dictione
2996 5703 3156 5766 atque
3179 5686 3485 5751 sententiis.
3526 5694 3601 5753 In.
