3966 6206
242 338 397 396 £245

1086 347 1510 404 FRAGMENTA
1551 348 1642 403 EX
1682 347 1906 406 LIBRIS
1942 350 2030 407 DE
2068 351 2655 412 PROMISSIONIBUS.

3336 368 3468 424 1216

239 456 279 511 ὃ
328 457 665 528 ἑωράκαμεν
704 459 826 527 τοῖς
870 462 1194 547 οφθαλμοῖς
1238 463 1421 534 ἡμῶν.
1472 465 1592 520 Ἐπὶ
1642 466 1811 540 ταύτῃ

1915 468 2166 524 lationem
2214 468 2430 525 Petrum
2480 472 2742 529 Dominus
2784 475 2999 531 beatum
3041 479 3348 547 praedicavit
3384 483 3470 539 his

237 550 359 622 γάρ
390 554 456 623 τῇ
489 551 823 622 ἀποκαλύψει
855 544 947 607 καὶ
973 555 1001 607 6
1038 555 1239 627 Κύριος
1260 556 1351 610 τὸν
1378 558 1580 630 Πέτρον
1608 559 1813 628 ἐμακά-

236 658 399 713 ρισεν
437 642 622 697 εἰπών·
658 645 955 713 Μακάριος
997 644 1073 708 εἴ,
1090 649 1303 719 Σίμων,
1345 652 1467 721 ,βὰρ
1510 653 1686 716 Ἰωνᾶ,
1726 652 1812 707 ὅτι

231 735 403 803 σὰρξ
428 735 527 788 καὶ
554 730 695 805 αἷμα
722 739 832 791 οὐκ
864 739 1219 810 ἀπεκάλυψέ
1249 758 1367 809 σοι,
1393 745 1528 806 du
1558 749 1591 800 ό
1613 745 1810 814 Πατήρ

227 843 360 895 μου
387 830 420 882 ὁ
450 825 743 895 οὐράνιος.
785 829 920 882 Ἀλλ’
958 832 1078 885 οὐδὲ
1109 835 1166 886 ὲν
1192 837 1256 906 τῇ
1286 835 1511 907 δευτέρᾳ
1535 838 1808 908 φερομένῃ

252 918 500 987 Ἰωάννου
533 920 626 973 καὶ
664 921 843 994 τρίτῃ,
875 922 968 976 καί
1013 942 1092 978 τοι
1132 925 1410 996 βραχείαις
1442 926 1625 991 οὔσαις
1664 929 1811 980 Ἐπι-

239 1011 478 1075 στολαῖς,
512 1014 541 1065 ὁ
576 1013 823 1085 Ἰωάννης
864 1015 1122 1087 ὀνομαστὶ
1168 1018 1475 1088 πρόκειται·
1511 1019 1641 1072 ἀλλὰ
1673 1021 1809 1073 ἀνω-

235 1101 428 1173 νῦμως
468 1105 497 1156 6
526 1104 931 1174 πρεσϐύτερος
954 1107 1280 1178 γέγραπται.
1323 1106 1487 1174 Οὗτος
1509 1110 1564 1163 δέ
1594 1128 1655 1180 γε
1689 1111 1807 1164 οὐδὲ

231 1193 513 1267 αὔταρκες
535 1194 780 1270 ἐνόμισεν
810 1197 956 1262 ἆπαξ
978 1200 1165 1255 ἑαυτὸν
1189 1201 1477 1271 ὀνομάσας,
1506 1201 1806 1272 διηγεῖσθαι

228 1285 309 1340 τά
346 1285 504 1358 ἑξῆς·
545 1287 678 1342 ἀλλὰ
709 1289 864 1343 πάλιν
908 1291 1306 1363 ἀναλαμϐάνει·
1360 1294 1497 1363 Ἐγὼ
1534 1294 1806 1364 Ἰωάννης

230 1381 272 1434 ό
303 1379 565 1449 ἀδελφὸς
592 1382 774 1451 ὑμῶν,
811 1384 907 1437 καὶ
940 1385 1341 1454 συγκοινωνὸς
1380 1386 1449 1439 ἐν
1492 1384 1566 1453 τῇ
1605 1387 1805 1455 θλίψει
1846 1442 1849 1445 ,

228 1474 339 1527 καὶ
371 1474 657 1542 βασιλείᾳ
699 1475 798 1529 καὶ
827 1476 897 1529 ἐν
932 1474 1208 1546 ὑπομονῇ
1260 1475 1472 1544 Ἰησοῦ,
1517 1477 1806 1546 ἐγενόμην

227 1565 307 1619 ἐν
336 1565 416 1635 τῇ
442 1566 609 1636 νήσῳ
632 1567 707 1637 τῇ
731 1568 1072 1638 καλουμένῃ
1100 1568 1331 1640 Πάτμῳ,
1358 1569 1456 1624 διὰ
1488 1570 1594 1623 τὸν
1621 1570 1805 1640 λόγον

228 1657 347 1711 τοῦ
380 1658 526 1713 Θεοῦ
569 1660 666 1714 καὶ
702 1659 818 1729 τὴν
849 1661 1191 1731 μαρτυρίαν,
1229 1662 1452 1730 Ἰησοῦ·
1488 1662 1581 1716 καὶ
1612 1663 1676 1734 δὴ
1712 1664 1804 1716 καὶ

229 1750 375 1820 πρὸς
401 1750 477 1822 τῷ
504 1751 645 1807 τέλει
681 1752 847 1807 ταῦτα
881 1750 997 1807 εἷπε
1018 1771 1030 1784 ·
1058 1753 1360 1823 Μακάριος
1386 1757 1420 1809 δ
1447 1754 1639 1823 τηρῶν
1662 1754 1802 1821 τοὺς

226 1845 458 1914 λόγους
483 1844 592 1914 τῆς
618 1846 980 1915 προφητείας
996 1846 1102 1900 τοῦ
1125 1847 1365 1911 βιϐλίου
1380 1848 1592 1900 τούτου
1612 1863 1626 1877 ·
1644 1845 1803 1916 κάγὼ

242 1935 522 2004 Ἰωάννης
548 1940 581 1991 ό
617 1937 869 2003 βλέπων
908 1938 1004 1992 καὶ
1035 1939 1270 1992 ἀκούων
1311 1938 1513 1993 ταῦτα.
1548 1939 1669 1992 Ὅτι
1703 1938 1801 2010 μὲν

222 2024 328 2081 οὖν
367 2026 613 2102 Ἰωάννης
659 2031 807 2084 ἐστὶν
849 2032 878 2084 6
914 2031 1082 2086 ταῦτα
1120 2032 1365 2105 γράφων,
1407 2031 1555 2103 αὐτῷ
1595 2031 1801 2101 λέγοντι

228 2122 580 2176 πιστευτέον.

298 2214 378 2269 E'.
410 2215 569 2279 Ποῖος
607 2215 665 2269 δὲ
697 2206 871 2281 οὗτος,
903 2216 1114 2288 ἄδηλον.
1153 2218 1228 2272 Οὐ
1271 2216 1380 2289 γὰρ
1417 2215 1568 2271 εἶπεν
1609 2217 1798 2271 ἑαυτὸν

218 2304 303 2370 ὡς
333 2307 391 2361 ἐν
422 2306 501 2378 τῷ
530 2307 844 2379 Εὐαγγελίῳ
873 2308 1161 2381 πολλαχοῦ,
1187 2310 1277 2364 τὸν
1304 2309 1660 2381 ἠγαπημένον
1695 2310 1799 2363 ὑπὸ

222 2398 324 2452 τοῦ
365 2399 572 2472 Κυρίου
618 2399 893 2472 μαθητήν·
930 2400 1048 2456 οὐδὲ
1089 2403 1179 2457 τὸν
1213 2403 1553 2457 άναπεσόντα
1598 2404 1689 2456 ἐπὶ
1737 2403 1797 2457 τὸ

227 2490 432 2569 στῆθος
470 2490 633 2545 αὑτοῦ
652 2508 666 2521 ·
702 2492 822 2545 οὐδὲ
850 2492 942 2547 τὸν
975 2492 1197 2562 ἀδελφὸν
1240 2492 1525 2547 Ἰακώϐου·
1555 2494 1675 2547 οὐδὲ
1705 2493 1795 2548 τὸν

221 2583 506 2654 αὐτόπτην
547 2583 641 2637 καὶ
670 2584 934 2655 αὐτήκοον
960 2584 1050 2638 τοῦ
1090 2584 1293 2656 Κυρίου
1322 2585 1628 2656 γενόμενον.
1660 2580 1794 2638 Εἷπε

217 2672 336 2745 γὰρ
367 2672 432 2727 ἄν
458 2690 512 2726 τι
539 2673 741 2730 τούτων
768 2674 874 2728 τῶν
917 2675 1426 2747 προδεδηλωμένων,
1458 2676 1645 2747 σαφῶς
1676 2679 1797 2730 ἑαυ-

217 2763 316 2819 τὸν
351 2765 643 2836 ἐμφανίσαι
673 2764 1010 2838 βουλόμενος.
1053 2767 1211 2821 Ἀλλὰ
1241 2766 1445 2822 τούτων
1478 2768 1574 2839 μὲν
1604 2767 1755 2822 οὐδέν
1775 2783 1788 2798 ·

220 2854 453 2925 ἀδελῳὺν
481 2856 537 2910 δὲ
561 2856 717 2929 ἡμῶν
751 2858 846 2911 καὶ
882 2859 1238 2927 συγκοινωνὸν
1270 2855 1387 2912 εἷπε
1422 2860 1515 2912 καὶ
1544 2860 1793 2931 μάρτυρα

233 2948 435 3018 Ἰησοῦ,
463 2949 559 3003 καὶ
590 2950 854 3023 μακάριον
886 2953 977 3005 ἐπὶ
1004 2955 1069 3024 τῇ
1099 2952 1196 3023 Οέᾳ
1223 2953 1315 3005 καὶ
1343 2952 1477 3023 ἀκοῇ
1516 2938 1624 3007 τῶν
1654 2954 1790 3006 ἁπο-

221 3040 529 3112 καλύψεων.
562 3042 795 3108 Πολλοὺς
837 3044 893 3098 δὲ
925 3043 1248 3115 ὁμωνύμους
1294 3044 1511 3116 Ἰωάννῃ
1542 3043 1620 3115 τῷ
1658 3045 1792 3098 ἀπο-

222 3132 398 3206 στόλῳ
446 3133 648 3206 νομίζω
693 3136 1011 3205 γεγονέναι·
1057 3137 1105 3190 οἶ
1144 3136 1230 3190 διὰ
1270 3136 1366 3209 τὴν
1408 3137 1543 3208 πρὸς
1589 3139 1790 3193 ἐκεῖνον
1818 3173 1860 3232 C

220 3226 465 3296 ἀγάπην,
500 3227 593 3280 καὶ
626 3227 685 3281 τὸ
726 3226 1023 3299 θαυμάζειν
1049 3230 1142 3282 καὶ
1183 3226 1398 3299 ζηλοῦν,
1440 3227 1789 3300 άγαπηθῆναί

219 3334 285 3373 τε
310 3318 515 3389 ὁμοίως
542 3318 689 3391 αὐτῷ
730 3319 1012 3391 βούλεσθαι
1042 3320 1146 3374 ὑπὸ
1175 3319 1269 3374 τοῦ
1298 3320 1524 3394 Κυρίου,
1554 3322 1648 3375 καὶ
1688 3320 1788 3393 τὴν

220 3411 538 3482 ἐπωνυμίαν
559 3412 654 3485 τὴν
684 3413 850 3485 αὐτὴν
877 3414 1193 3485 ἠσπάσαντο
1210 3432 1222 3445 ·
1249 3414 1437 3486 ὥσπερ
1464 3414 1558 3467 καὶ
1588 3415 1617 3466 6
1640 3412 1789 3467 Παῦ-

219 3504 317 3569 λος
350 3504 535 3568 πολὺς,
570 3506 664 3559 καὶ
692 3506 755 3578 δὴ
793 3508 888 3560 καὶ
929 3508 958 3560 6
986 3507 1189 3579 Πέτρος
1220 3510 1277 3561 ὲν
1304 3509 1415 3572 τοῖς
1451 3508 1559 3562 τῶν
1586 3506 1787 3561 πιστῶν

220 3596 414 3652 παισὶν
452 3597 776 3668 ὀνομάζεται
815 3598 947 3670 (21).
997 3601 1150 3653 Ἐστι
1202 3598 1297 3669 μὲν
1341 3595 1433 3653 οῦν
1470 3601 1564 3653 καὶ
1604 3599 1789 3670 ἔτερος

233 3688 484 3761 Ἰωάννης
509 3692 566 3744 ὲν
600 3693 720 3754 ταῖς
762 3690 1001 3761 Πράξεσι
1027 3689 1133 3743 τῶν
1159 3689 1469 3743 ἀποστόλων
1498 3691 1526 3742 6
1563 3689 1788 3761 ἐπικλη-

221 3780 338 3845 θεὶς
370 3781 594 3853 Μάρκος
611 3799 624 3811 ·
653 3781 712 3836 δν
747 3781 1034 3854 Βαρνάϐας
1060 3781 1153 3835 καὶ
1179 3767 1388 3845 Παῦλος
1416 3782 1625 3844 ἑαυτοῖς
1652 3798 1788 3851 συμ-

222 3873 550 3947 παρέλαϐον,
580 3875 708 3946 περὶ
744 3868 805 3928 οὗ
849 3875 943 3929 καὶ
972 3874 1131 3930 πάλιν
1160 3875 1305 3944 λέγει
1323 3891 1336 3905 ·
1369 3869 1552 3944 Εἶχον
1589 3873 1658 3927 δὲ
1688 3874 1785 3929 καὶ

234 3962 510 4032 Ἰωάννην
551 3965 879 4033 ὑπηρέτην.
926 3966 989 4019 Εἰ
1036 3965 1092 4019 δὲ
1126 3960 1277 4028 οὗτος
1307 3966 1336 4018 6
1371 3965 1584 4038 γράψας
1617 3965 1783 4030 ἐστὶν,

221 4057 321 4111 οὐκ
348 4057 416 4111 ἂν
449 4059 611 4129 φαίην
635 4076 648 4088 ·
687 4058 805 4112 οὐδὲ
842 4058 951 4131 γὰρ
977 4059 1198 4130 ἀφῖχθαι
1237 4060 1333 4114 σὺν
1363 4059 1545 4122 αὐτοῖς
1584 4058 1663 4119 είς
1687 4056 1784 4128 τὴν

234 4149 419 4203 ’Δσίαν
451 4149 788 4221 γέγραπται·
838 4151 1012 4205 Ἀλλὰ
1048 4150 1406 4221 ἀναχθέντες
1437 4150 1572 4221 μὲν,
1600 4151 1781 4223 φησὶν,

220 4240 341 4295 ἀπὸ
369 4239 481 4308 τῆς
516 4240 727 4311 Πάφου
752 4245 807 4296 οἱ
844 4243 977 4311 περὶ
1003 4242 1266 4308 Παῦλον,
1295 4241 1483 4314 ἦλθον
1511 4245 1597 4308 εἰς
1636 4241 1781 4310 Πέρ-

219 4348 338 4403 την
380 4331 490 4401 τῆς
528 4335 881 4405 Παμφυλίας
903 4352 916 4364 ·
967 4331 1244 4403 Ἰωάννης
1280 4334 1349 4388 δὲ
1388 4333 1784 4404 ἀποχωρήσας

217 4424 324 4481 ἀπ’
363 4424 576 4492 αὐτῶν,
618 4428 1000 4497 ὑπέστρεψεν
1029 4429 1116 4494 είς
1151 4429 1545 4497 Ἰεροσόλυμα.
1592 4426 1782 4480 Ἀλλον

1914 557 2089 612 verbis
2134 577 2147 611 :
2180 557 2370 613 Beatus
2408 577 2481 628 es,
2519 562 2723 628 Simon,
2756 564 2837 633 ﬁli
2869 565 3052 630 Jonee,
3102 570 3227 638 quia
3263 587 3386 625 caro
3420 582 3470 629 et

1911 650 2121 718 sanguis
2170 665 2272 703 non
2307 652 2549 707 reuelauit
2598 655 2713 719 tibi,
2758 657 2847 709 sed
2902 656 3061 711 Pater
3105 676 3246 715 meus
3289 664 3377 732 qui
3415 665 3471 718 in

1910 740 2054 795 caelis
2085 750 2161 795 est
2201 743 2244 797 ⁸.
2292 741 2392 798 Sed
2440 761 2614 814 neque
2646 748 2699 800 in
2747 751 2980 803 secunda
3028 767 3091 807 ac
3144 755 3318 819 tertia,
3349 771 3472 825 qua:

1907 829 2100 886 Joanni
2125 834 2285 904 vulgo
2308 837 2666 905 ascribuntur,
2692 840 2968 909 Epistolis,
3000 847 3246 913 quamvis
3267 848 3473 904 brevis-

1909 923 2083 985 simis,
2117 923 2350 982 Joannis
2383 930 2702 983 vocabulum
2746 944 2953 1001 prostat
2986 976 3000 988 .
3045 952 3231 990 verum
3267 939 3471 1009 absque

1909 1014 2020 1069 ullo
2043 1018 2260 1072 nomine
2298 1016 2485 1097 Senior
2511 1022 2845 1077 inscribitur.
2868 1024 3018 1079 Alter
3045 1036 3223 1081 autem
3250 1029 3337 1083 ille
3363 1045 3467 1084 non

1907 1106 2041 1161 satis
2094 1107 2283 1163 habuit
2319 1112 2539 1166 nomine
2586 1128 2687 1168 suo
2717 1116 2882 1169 semel
2925 1116 3067 1171 edito
3105 1121 3470 1175 narrationem

1906 1196 2158 1267 deinceps
2208 1201 2498 1269 prosequi;
2539 1203 2632 1257 sed
2667 1203 2861 1259 iterum
2895 1208 3085 1276 repetit
3117 1228 3130 1262 :
3162 1208 3273 1281 Ego
3303 1210 3473 1266 Joané

1906 1304 2014 1351 nes,
2059 1288 2225 1355 frater
2260 1299 2311 1343 et
2352 1306 2561 1346 consors
2610 1300 2775 1348 vester
2817 1296 2872 1349 in
2912 1297 3249 1353 tribulatione
3290 1310 3339 1355 et
3387 1318 3471 1355 re-

1904 1395 2002 1452 gno
2026 1389 2074 1434 et
2115 1381 2168 1435 in
2197 1383 2453 1450 patientia
2494 1385 2642 1451 Jesu,
2696 1389 2774 1456 fui
2805 1390 2861 1442 in
2892 1389 3065 1444 insula
3105 1408 3221 1461 qua
3248 1392 3467 1450 Patmos

1904 1480 2136 1537 vocatur,
2160 1481 2373 1541 propter
2408 1475 2618 1528 verbum
2670 1476 2764 1531 Dei
2802 1489 2850 1532 et
2886 1479 3237 1535 testimonium
3269 1481 3395 1536 Jesu
3422 1487 3462 1539 °.

1903 1559 1970 1614 Et
2006 1562 2107 1616 sub
2146 1562 2307 1618 linem
2341 1563 2464 1619 libri
2499 1582 2690 1622 rursus
2739 1568 2853 1623 haec
2898 1570 3047 1625 addit
3088 1590 3102 1626 :
3142 1573 3337 1627 Beatus
3375 1579 3466 1645 qui

1903 1665 2071 1710 servat
2097 1656 2247 1709 verba
2275 1656 2558 1726 prophetiae
2584 1657 2708 1712 libri
2737 1660 2932 1728 hujus;
2973 1670 3023 1714 et
3067 1679 3158 1733 ego
3194 1662 3422 1719 Joannes
3444 1706 3463 1733 ,

1905 1748 1995 1817 qui
2037 1748 2146 1802 lucc
2185 1748 2291 1802 vidi
2328 1757 2379 1802 et
2427 1749 2668 1804 audivi’.
2707 1749 2966 1806 Joannem
3010 1753 3172 1824 igitur
3220 1769 3337 1809 esse
3366 1770 3466 1809 auo

1835 1818 1875 1871 Β
1903 1847 2108 1894 ctorem
2160 1839 2322 1910 hujus
2367 1840 2524 1907 libri,
2564 1842 2668 1912 ipsi
2713 1842 2767 1898 id
2808 1818 3094 1898 allirmanti
3141 1846 3461 1902 credendum

1900 1934 2004 1989 est.

1970 2203 2035 2259 V.
2078 2203 2185 2261 Sed
2236 2204 2486 2277 quisnam
2536 2209 2625 2265 ille
2658 2210 2820 2266 fuerit
2848 2210 3122 2282 Joannes,
3175 2217 3460 2273 incertum.

1896 2300 2083 2372 Neque
2129 2301 2274 2356 enim
2306 2317 2364 2369 se
2390 2302 2567 2373 ipsum
2595 2321 2717 2362 esse.
2738 2307 2893 2374 dixit,
2924 2309 3067 2365 sicut
3090 2311 3143 2364 in
3174 2312 3464 2383 Evangelia

1898 2394 2096 2463 saepius
2122 2394 2341 2461 dicitur;
2373 2395 2701 2467 discipulum
2748 2399 2899 2454 illum
2931 2415 3091 2470 quem
3138 2401 3326 2458 dilexit
3349 2403 3463 2459 Do-

1896 2486 2113 2554 minus;
2150 2496 2243 2542 aut
2274 2486 2425 2543 illum
2491 2491 2585 2560 qui
2612 2506 2773 2561 supra
2815 2501 3002 2563 pectus
3048 2492 3261 2549 Domini
3306 2511 3465 2551 recu-

1894 2577 2048 2637 buit;
2093 2588 2187 2632 aut
2218 2576 2439 2634 fratrem
2476 2578 2696 2649 Jacobi;
2743 2591 2834 2637 aut
2881 2583 3030 2637 illum
3071 2584 3303 2654 denique
3366 2588 3460 2656 qui

1894 2669 2183 2725 Dominum
2226 2672 2359 2728 vidit
2389 2681 2553 2743 atque
2578 2674 2802 2730 audivit.
2849 2676 3068 2746 Aliquid
3093 2678 3234 2732 enim
3265 2679 3463 2734 horum

1895 2774 2017 2830 quae
2041 2770 2337 2816 memorata
2362 2771 2489 2816 sunt
2520 2770 2665 2819 certe
2689 2764 2934 2831 dixisset,
2985 2765 3032 2821 si
3072 2781 3131 2821 se
3172 2766 3350 2837 ipsum
3391 2769 3460 2821 li-

1893 2851 2058 2922 quido
2085 2852 2347 2909 voluisset
2373 2855 2676 2910 ostendere.
2705 2853 2810 2910 Sed
2840 2856 3033 2911 horum
3066 2859 3279 2927 quidem
3325 2859 3462 2914 nihil

1891 2945 2075 3014 posuit
2112 2962 2125 2999 :
2157 2943 2382 3000 fratrem
2424 2961 2554 3001 vero
2597 2946 2893 3014 duntaxat,
2934 2958 2988 3004 et
3023 2959 3330 3005 consortem
3361 2966 3463 3005 no-

1893 3045 2065 3092 strum
2095 3051 2215 3093 sese
2250 3037 2564 3107 appellavit,
2601 3047 2655 3093 et
2688 3047 2877 3095 testem
2908 3038 3071 3108 Jesu;
3115 3042 3329 3097 beatum
3363 3043 3461 3098 de-

1892 3130 2058 3200 nique
2098 3129 2169 3184 ob
2206 3129 2381 3184 visam
2433 3139 2592 3202 atque
2631 3133 2871 3188 auditam
2919 3135 3321 3190 revelationem.
3379 3135 3460 3191 Ac

1891 3223 2157 3294 plurimos
2181 3222 2396 3293 quidem
2429 3222 2596 3293 fuisse
2633 3226 2826 3296 opinor
2859 3224 3053 3281 Joanni
3094 3228 3339 3298 apostolo
3368 3242 3460 3282 co-

1891 3315 2175 3386 gnomiues
2235 3333 2251 3370 :
2305 3317 2401 3386 qui
2460 3325 2678 3387 propter
2742 3318 3070 3390 singularem
3126 3333 3253 3389 erga
3304 3318 3457 3373 illum

1889 3408 2335 3477 benevolentiam,
2358 3410 2573 3479 etquod
2609 3410 2880 3466 hominem
2905 3411 3233 3465 mirarentur
3269 3425 3332 3465 ac
3364 3425 3458 3465 su-

1890 3500 2181 3572 spicerent,
2215 3510 2269 3557 et
2290 3503 2519 3572 perinde
2545 3517 2621 3571 ac,
2652 3496 2745 3558 ille'
2772 3518 2802 3556 a
2839 3502 3068 3559 Domino
3097 3503 3246 3574 diligi
3282 3502 3457 3558 ambi-

1888 3603 2031 3659 rent,
2074 3595 2178 3650 boc
2208 3602 2619 3664 cognomentum
2654 3594 3060 3661 adamaverint;
3103 3595 3460 3667 quemadmo-

1888 3685 2016 3740 dum
2041 3699 2106 3740 ex
2139 3684 2374 3739 ﬁdelium
2397 3685 2581 3740 liberis
2609 3687 2811 3741 multos
2838 3685 2992 3741 Pauli
3009 3686 3260 3756 Petrique
3286 3688 3461 3741 nomi-

1887 3778 2051 3833 nibus
2073 3776 2368 3847 appellatos
2387 3776 2650 3832 videmus.
2675 3776 2771 3832 Est
2790 3778 2950 3831 etiam
2975 3777 3112 3831 alius
3139 3776 3374 3832 Joannes
3397 3777 3455 3831 in

1886 3846 2111 3920 Actibus
2130 3864 2498 3935 apostolorum
2516 3876 2872 3936 cognomento
2888 3867 3120 3931 Marcus,
3146 3883 3305 3936 quem
3325 3867 3455 3921 Bar-

1886 3959 2058 4013 nabas
2088 3966 2142 4013 et
2179 3956 2379 4013 Paulus
2405 3957 2655 4013 comitem
2683 3959 2785 4013 sibi
2826 3959 3211 4029 adjunxerunt.
3246 3958 3323 4013 De
3343 3975 3452 4028 quo

1886 4050 2046 4106 etiam
2069 4065 2262 4105 rursus
2286 4050 2484 4104 dicitur
2519 4067 2531 4103 :
2559 4046 2833 4103 Habebunt
2858 4059 3033 4103 autem
3066 4049 3322 4102 Joannem
3353 4052 3454 4102 mi-

1885 4143 2161 4197 nistrum'.
2191 4142 2275 4196 An
2307 4142 2392 4197 hic
2413 4143 2485 4197 sit
2505 4142 2600 4212 qui
2632 4140 3031 4197 Revelationem
3055 4143 3289 4212 scripsit,
3320 4143 3450 4197 mihi

1886 4249 1994 4289 non
2022 4234 2207 4305 liquet.
2236 4232 2423 4304 Neque
2446 4235 2589 4288 enim
2624 4250 2732 4289 una
2758 4249 2882 4289 cum
2920 4233 3025 4289 illis
3050 4235 3103 4287 in
3138 4234 3322 4289 Asiam
3357 4250 3452 4288 ve-

1885 4326 2033 4382 nisse
2067 4328 2383 4396 perhibetur
2433 4346 2446 4380 :
2494 4325 2597 4381 Sed
2635 4343 2754 4380 cum
2814 4325 3121 4394 solvissent,
3158 4327 3363 4396 inquit,
3418 4344 3453 4381 α

1885 4420 2087 4490 Papho,
2114 4418 2315 4473 Paulus
2363 4420 2569 4488 quidem
2600 4420 2801 4491 Pergen
2839 4418 3165 4489 Pamphylia:
3189 4421 3451 4490 profectus

217 4514 275 4570 δέ
307 4532 431 4570 τινα
470 4513 620 4588 οἶμαι
647 4518 754 4572 τῶν
786 4519 842 4570 ὲν
876 4518 1029 4591 Ἀσία
1055 4519 1378 4591 γενομένων·
1416 4520 1537 4574 ἐπεὶ
1568 4518 1662 4572 καὶ
1691 4516 1782 4571 δύο

1894 4522 2003 4577 est;
2059 4511 2287 4569 Joannes
2334 4527 2450 4569 vero
2494 4512 2761 4566 discedens
2806 4511 2869 4565 ab
2915 4511 3057 4580 illis,
3113 4529 3340 4566 reversus
3373 4523 3449 4569 est

218 4606 387 4676 φασὶν
430 4609 488 4662 ὲν
532 4610 738 4681 Ἐφέσῳ
775 4610 1023 4680 γενέσθαι
1079 4612 1354 4685 μνήματα,
1390 4611 1484 4666 καὶ
1530 4610 1783 4683 ἑκάτερον

231 4695 479 4752 Ἰωάννου
508 4697 781 4768 λέγεσθαι.

292 4970 383 5037 ς’.
426 4970 534 5024 Καὶ
561 4972 671 5026 ἀπὸ
702 4971 809 5027 τῶν
837 4973 1122 5045 νοημάτων
1153 4973 1209 5027 δὲ
1252 4973 1344 5028 καὶ
1373 4973 1482 5027 τῶν
1528 4974 1784 5046 ῥημάτων

297 5107 322 5139 ⁸
348 5103 539 5161 Matth.
569 5122 682 5174 xvr,
722 5104 806 5160 l7.
882 5106 903 5138 ⁸
932 5105 1101 5177 Apoc.
1130 5121 1169 5173 I,
1197 5106 1249 5162 9.

293 5241 427 5312 (21),
451 5242 545 5295 Ἐν
584 5242 709 5309 τοῖς
731 5241 861 5312 ’τῶν
900 5241 1129 5297 πιστῶν
1172 5242 1383 5297 παισὶν
1429 5240 1782 5312 ὀνομάζεται.

209 5310 506 5385 Notandus
534 5322 619 5368 est
658 5314 750 5368 hic
784 5311 1026 5385 Dionysii
1068 5312 1321 5385 loAcusfde
1366 5310 1585 5385 antiqua
1629 5312 1787 5385 Chri-

210 5383 524 5440 stianorum
546 5381 958 5450 consuetudine,
986 5384 1078 5453 qui
1110 5382 1252 5437 Petri
1286 5381 1547 5452 Paulique
1567 5392 1622 5437 et
1649 5382 1784 5437 alio-

210 5468 346 5521 rum
381 5462 690 5508 sanctorum
725 5453 941 5507 nomina
964 5495 979 5519 ,
1020 5454 1206 5508 liberis
1252 5453 1367 5507 suis
1417 5453 1781 5522 imponebant,

212 5530 337 5579 tum
373 5521 597 5578 honoris
625 5538 688 5578 ac
732 5524 1114 5579 benevolentia:
1151 5538 1337 5589 causa,
1383 5521 1505 5577 tum
1528 5531 1588 5575 ut
1629 5523 1782 5576 liberi

214 5592 306 5647 sui
340 5590 450 5646 Deo
481 5592 631 5663 chari
667 5594 978 5663 acceptique
1023 5603 1243 5663 essent,
1264 5608 1372 5646 non
1410 5592 1591 5648 minus
1616 5608 1778 5663 quam

218 5663 398 5717 sancti
437 5663 511 5716 illi
540 5661 773 5717 fuerant.
800 5661 937 5718 llinc
959 5673 1076 5725 est,
1107 5662 1251 5731 quod
1277 5663 1696 5731 Chrysostomus
1726 5662 1778 5715 in

217 5741 374 5787 tomo
400 5732 595 5801 primo,
632 5733 686 5786 in
717 5733 960 5786 oratione
990 5734 1056 5788 de
1096 5740 1282 5786 saneto
1324 5731 1556 5798 Meletio,
1593 5732 1780 5786 Antio-

217 5802 427 5873 chcnos
458 5811 607 5856 tanta
629 5802 997 5858 benevolentia
1024 5801 1292 5857 Melctium
1323 5803 1631 5879 complexos
1661 5816 1782 5860 esse

1891 4604 2309 4677 Hierosolymam
2338 4609 2380 4660 ’.
2423 4606 2601 4661 Alium
2646 4607 2810 4677 igitur
2845 4621 2966 4662 esse
3012 4622 3206 4663 censeo
3242 4624 3450 4662 :unum

1890 4700 2096 4755 scilicet
2124 4715 2316 4755 eorum
2351 4699 2444 4768 qui
2493 4699 2547 4752 in
2579 4699 2708 4755 Asia
2739 4701 2935 4755 versati
2971 4713 3115 4758 sunt.
3149 4700 3266 4755 Duo
3305 4701 3455 4758 enim

1890 4792 2029 4861 apud
2064 4790 2334 4860 Ephesum
2369 4792 2616 4862 sepulcra
2662 4793 2831 4850 fuisse
2877 4794 3164 4849 traduntur
3195 4812 3208 4847 :
3238 4803 3450 4848 utrum-

1889 4897 1994 4951 que
2018 4879 2243 4938 Joannis
2284 4884 2502 4939 nomine
2531 4885 2868 4956 insignitum.
3280 4952 3281 4955 η

1968 4972 2051 5029 Vl.
2094 4972 2171 5028 Ex
2203 4976 2485 5030 sententiis
2509 4992 2726 5046 quoque
2768 4987 2820 5032 et
2851 4992 2917 5031 ex
2946 4976 3123 5032 verbis
3149 4990 3446 5047 eorumque

1351 5107 1371 5138 "
1403 5106 1570 5178 Apoc.
1603 5122 1738 5174 χχιι,
1771 5105 1823 5173 7,
1846 5105 1900 5162 8.
1978 5106 2000 5138 ⁸
2027 5106 2148 5163 Act.
2190 5122 2326 5175 mu,
2353 5107 2406 5163 5.
2483 5108 2503 5139 ’
2530 5107 2662 5165 Ibid.
2694 5109 2780 5163 15.

1886 5240 2094 5308 scribit,
2126 5251 2185 5298 ut
2219 5251 2469 5316 parentes
2496 5243 2682 5298 liberis
2719 5244 2834 5316 suis
2866 5257 3060 5298 nomen
3090 5241 3241 5316 illius
3268 5244 3444 5316 impo-

1890 5321 2098 5383 nerent,
2135 5327 2244 5381 quo
2278 5313 2511 5383 domum
2552 5329 2704 5369 suam
2750 5315 2868 5383 ejus
2901 5313 3181 5383 praesentia
3210 5313 3441 5373 exorna-

1887 5390 2025 5437 rent.
2071 5382 2215 5436 Idem
2265 5381 2684 5449 Chrysostomus
2728 5381 2948 5437 humilia
2982 5382 3046 5435 21
3091 5386 3145 5435 in
3187 5384 3439 5449 Genesin,

1887 5451 2163 5505 auditores
2200 5466 2330 5520 suos
2378 5451 2657 5516 hortatur,
2711 5462 2770 5506 ut
2809 5469 2915 5507 non
2971 5452 3174 5520 quaevis
3220 5457 3440 5512 nomina

1887 5529 2085 5591 temere
2117 5536 2179 5575 ac
2204 5519 2451 5591 fortuito,
2489 5538 2586 5577 nec
2619 5537 2841 5575 avorum
2878 5531 2973 5576 aut
2993 5519 3325 5591 proavorum
3348 5537 3443 5582 aut

1884 5590 2174 5663 illustrium
2193 5590 2464 5663 virorum,
2483 5592 2585 5663 sed
2617 5602 2926 5663 sanctorum
2951 5590 3131 5663 petius
3158 5594 3442 5659 hominum

1886 5660 1977 5729 qui
2020 5659 2314 5734 virtutibus
2359 5661 2712 5724 refulserunt,
2763 5659 2968 5734 liberis'
2994 5663 3108 5734 suis
3161 5665 3447 5734 imponant

1886 5729 2290 5855 ἔρρῗιιειὶῧηθε,
2320 5743 2378 5786 ut
2405 5746 2592 5788 eorum
2618 5732 2865 5803 exemplo
2886 5734 2954 5790 ad
2982 5729 3449 5805 virtutem'inceng

1922 5816 1988 5855 an
2018 5815 2099 5855 ur.
2182 5813 2329 5855 uss.

1922 5808 2099 5857 antur.
2143 5808 2329 5855 VAIES.

3438 5970 3659 6085 ,θεέ
