1983 3103
112 170 184 197 £249

587 169 797 198 FRAGMENTA
814 170 860 198 EX
878 170 988 199 LlBRlS
1004 172 1046 198 DE
1067 171 1220 200 NATUltA.

1656 174 1724 201 19.710

147 231 185 256 Z'.
205 230 265 256 Ἔτι
278 229 305 256 δὲ
323 229 369 256 καὶ
396 229 445 264 τῆς
463 229 588 264 φράσεως
603 229 652 265 τὴν
675 230 806 266 διαφορὰν
835 231 891 258 ἔστι

982 232 1035 259 νιι.
1062 232 1194 259 Praeterea
1216 239 1248 258 ex
1274 231 1392 258 dictione
1417 231 1474 266 ipsa
1498 231 1596 267 conjici
1625 237 1724 267 potest,

107 275 301 311 τεκμήρασθαι
327 274 373 301 τοῦ
391 274 556 308 Εὑαγγελίου
581 275 629 302 καὶ
654 276 703 311 τῆς
738 276 895 311 Ἐπιστολῆς

111 322 183 358 πρὸς
200 322 248 357 τὴν
270 321 461 356 Ἀποκάλυψιν.
472 320 513 347 Τὰ
528 321 575 356 μὲν
590 321 646 358 γὰρ
660 322 689 348 οὐ
705 322 783 357 μόνον
798 323 896 349 ἀπταί-

111 376 185 400 στως
201 367 272 394 κατὰ
281 366 330 402 τὴν
348 366 480 402 Ἐλλήνων
492 367 593 402 φωνὴν,
610 367 676 394 ἀλλὰ
687 368 734 395 καὶ
747 368 896 402 λογιώτατα

109 416 171 446 ταῖς
186 413 285 446 λέξεσι,
309 413 364 444 τοῖς
395 412 589 449 συλλογισμοῖς,
611 415 670 446 ταῖς
693 414 833 447 συντάξεσι
847 415 895 449 τῆς

110 458 261 494 ἑρμηνείας
285 457 449 494 γέγραπται·
467 458 562 485 πολλοῦ
575 467 607 493 γε
629 459 668 485 δεῖ
682 459 817 495 βάρϐαρόν
835 468 896 486 τινα

110 505 241 539 φθόγγον,
255 504 271 540 ἦ
287 504 466 540 σολοικισμὸν,
482 504 578 540 ἣὸλως
595 505 746 540 ἰδιωτισμόν
763 506 791 532 ὲν
806 505 896 537 αὐτοῖς

112 551 267 586 εὑρεθῆναι.
290 551 432 586 Ἑκάτερον
448 550 502 586 γὰρ
532 547 603 586 εἶχεν
631 551 668 583 ὡς
700 551 769 577 ἔοικε
793 552 836 578 τὸν
854 551 897 577 λό-

111 605 162 631 γον
179 597 244 632 (Ξ6)·
257 597 425 633 ἀμφοτέρους
439 596 512 632 αὐτῷ
522 597 703 633 χαρισαμένου
720 598 766 624 τοῦ
784 598 895 633 Κυρίου,

111 643 163 669 τόν
179 652 208 669 τε
222 643 271 677 τῆς
286 642 421 677 γνώσεως,
439 643 483 669 τόν
497 651 527 669 τε
542 643 589 677 τῆς
602 643 736 678 φράσεως.
755 642 853 669 Τοῦτον
869 643 897 669 δὲ

111 687 286 722 ἀποκάλυψιν
299 687 347 723 μὲν
359 686 519 722 ἑωρακέναι,
536 687 583 713 καὶ
594 687 692 721 γνῶσιν
702 687 839 723 εἰληφέναι
850 688 897 714 καὶ

110 734 283 770 προφητείαν
295 733 344 759 οὐκ
359 733 472 768 ἀντερῶ·
486 732 624 759 διάλεκτον
637 733 727 768 μέντοι
754 734 801 760 καὶ
812 734 897 768 γλῶσ-

113 789 169 807 σαν
180 780 229 806 οὐκ
245 779 363 815 ἀκριϐῶς
391 778 595 815 Ἑλληνίζουσαν
612 779 694 806 αὑτοῦ
725 779 825 815 βλέπω·
839 780 897 807 ἀλλ’

113 825 245 861 ἰδιώμασι
273 825 321 861 μὲν
347 825 521 860 βαρϐαρικοῖς
549 824 697 861 χρώμενον,
717 826 763 852 καί
780 834 830 852 που
850 826 897 852 καὶ

112 871 307 903 σολοικίζοντα·
326 872 395 907 ἅπερ
407 873 456 898 οὐκ
471 872 617 906 ἀναγκαῖον
632 871 679 899 νῦν
692 872 823 906 ἐκλέγειν·
836 872 897 898 οὐδὲ

110 918 169 953 γὰρ
192 917 387 950 ἐπισκώπτων,
416 919 452 954 μή
480 927 523 950 τις
552 918 665 955 νομίσῃ,
695 918 779 945 ταῦτα
805 917 895 945 εἷπον·

110 964 184 991 ἀλλὰ
211 964 290 999 μόνον
301 964 348 1000 τὴν
361 965 538 1001 ἀνομοιότητα
561 965 704 992 διευθύνων
730 965 830 992 τούτων
844 965 898 992 τῶν

112 1018 241 1044 γραφων.

946 282 1077 313 quantum
1094 277 1268 312 Evangelium
1286 281 1312 304 et
1328 277 1446 311 Epistula
1464 277 1591 305 differant
1603 277 1637 304 ab
1654 277 1727 312 Apo-

946 323 1059 358 calypsi.
1070 322 1138 350 Nam
1150 323 1195 350 illa
1208 322 1315 357 quidem
1329 329 1382 349 non
1397 322 1478 349 modo
1491 323 1640 352 emendate.
1652 323 1726 358 quod

946 371 979 397 ad
996 370 1118 397 Graecum
1133 377 1285 397 sermonem
1310 369 1422 400 attinet,
1450 377 1543 396 rerum
1565 370 1645 396 etiam
1663 377 1726 396 cum

945 423 1051 443 summa
1075 416 1207 450 elegantia
1230 419 1286 441 tum
1304 415 1329 441 in
1346 414 1452 445 verbis,
1471 419 1527 441 tum
1542 414 1568 440 in
1584 422 1728 449 argumen-

945 461 1103 495 tationibus,
1131 466 1157 488 et
1189 461 1215 488 in
1231 466 1288 488 tota
1309 461 1439 487 orationis
1457 460 1651 494 compositione
1665 468 1727 495 per-

947 507 1047 541 scripta
1060 511 1138 539 sunt;
1157 511 1259 533 tantum
1273 507 1358 537 abest,
1376 511 1404 533 ut
1418 506 1604 533 barbarismus
1618 507 1726 541 aliquis,

947 556 994 579 aut
1008 551 1188 583 soloecismus,
1212 556 1258 578 aut
1279 552 1395 586 denique
1421 551 1575 579 idiotismus
1593 552 1727 587 quispiam

948 597 975 623 in
991 597 1044 624 illis
1060 597 1286 631 deprehendatur.
1308 596 1429 632 Utroque
1445 598 1516 624 enim
1530 597 1657 632 prabditus
1669 602 1729 624 erat

947 644 1138 678 erangclistes,
1166 651 1291 671 sermone
1317 644 1444 670 nimirum
1462 651 1493 670 ac
1510 643 1639 677 scientia;
1664 651 1727 670 cum

947 689 1004 716 haec
1020 689 1074 716 duo
1088 689 1138 724 ipsi
1157 688 1288 716 Dominus
1310 690 1507 721 concessisset,
1534 690 1674 716 scientiam
1692 689 1730 716 si-

947 735 1003 762 mul
1019 740 1045 762 et
1057 735 1250 770 eloquentiam.
1285 735 1360 762 lllum
1378 743 1442 762 vero
1459 736 1648 762 rerelationem
1666 735 1727 770 qui-

947 782 1008 809 dem
1024 782 1124 809 vidisse
1135 802 1142 813 ,
1169 787 1196 809 et
1210 782 1349 808 scientiam
1365 790 1396 809 ac
1410 782 1561 809 futurorum
1578 781 1729 816 pra-dictio-

947 836 1009 855 nem
1034 828 1170 863 accepisse
1186 836 1238 855 non
1256 828 1376 861 inlieior;
1395 836 1488 855 verum
1511 828 1655 855 dictionem
1669 828 1729 862 ejus

949 881 1001 900 non
1016 874 1160 901 admodum
1177 874 1296 901 Graecam
1315 874 1517 905 animadverto,
1544 874 1589 901 sed
1607 873 1728 900 barbari-

951 920 1017 947 smis
1033 925 1113 955 atque
1128 920 1260 947 interdum
1276 919 1438 946 solmcismis
1455 919 1633 954 inquinatam.
1654 919 1729 951 Quos

951 965 1059 999 quidem
1077 965 1103 992 in
1118 966 1321 999 praesentiarum
1346 972 1500 1000 excerpere,
1519 965 1727 999 haudquaquam

951 1018 1061 1038 necesse
1077 1016 1126 1038 est.
1148 1010 1240 1045 Neque
1260 1011 1331 1038 enim
1356 1011 1538 1037 subsannandi
1561 1011 1651 1038 animo
1673 1011 1730 1037 hmc

112 1065 130 1084 ει
145 1065 189 1084 me
204 1057 276 1084 dicta
292 1065 352 1085 esse
364 1058 509 1093 quisquam
527 1058 685 1086 existimet:
704 1058 750 1085 sed
771 1058 862 1093 potius
875 1066 907 1085 eo
929 1059 1052 1092 consilio,
1073 1063 1102 1085 ut
1127 1058 1270 1093 utriusque
1295 1058 1386 1093 scripti
1410 1058 1656 1085 dissimilitudinem
1682 1066 1731 1084 ex-

112 1103 274 1137 penderem.

905 1264 972 1309 ll.

577 1369 656 1413 EX
694 1369 887 1414 LIBRIS
925 1369 998 1412 DE
1034 1368 1270 1414 NATURA

746 1464 901 1495 Adversus
919 1464 1103 1504 Epicureos.

178 1549 262 1583 (Apud
275 1548 395 1573 Eussmcu
407 1549 546 1579 Prwparat.
567 1553 650 1579 evang.
665 1546 706 1572 lib.
718 1553 766 1577 xtv,
779 1553 848 1578 capp.
860 1546 942 1577 23-27,
953 1546 1092 1578 interprete
1102 1550 1128 1572 et
1137 1548 1267 1573 scholiaste
1281 1548 1413 1573 Fmsctsco
1427 1548 1517 1573 VK:an
1528 1553 1577 1573 sec.
1586 1547 1668 1577 Jesu.)

492 1698 531 1724 A'.

112 1745 197 1779 Πρὸς
209 1744 278 1777 τοὺς
288 1744 350 1771 κατ’
366 1744 551 1778 Ἐπίκουρον,
569 1745 714 1778 Πρόνοιαν
725 1745 783 1778 μὲν
792 1746 899 1779 ἀρνου-

152 1780 273 1819 μένους,
294 1780 415 1814 ἀτόμοις
436 1779 469 1805 δὲ
491 1780 627 1814 σώμασιν
653 1780 845 1814 ἀνατιθέντας
866 1781 898 1808 τό

153 1823 224 1842 παν.

153 1861 271 1896 Πότερον
285 1860 340 1896 (27)
358 1860 387 1888 ἓν
405 1862 462 1887 ἔστι
486 1860 604 1895 συναφὲς
620 1860 649 1887 τὺ
664 1861 727 1892 πᾶν,
737 1860 774 1893 ὡς
789 1862 854 1897 ἡμῖν
870 1870 900 1888 τε

111 1906 234 1937 καὶτοῖς
259 1906 421 1941 σοφωτάτοις
443 1906 574 1942 Ἐλλήνων
597 1906 719 1934 Πλάτωνι
735 1907 782 1934 καὶ
809 1907 899 1934 Πυθα-

110 1953 197 1989 γόρᾳ,
212 1953 258 1979 καὶ
273 1954 327 1984 τοῖς
343 1952 396 1979 ἀπὸ
415 1953 464 1988 τῆς
479 1953 563 1985 Στοᾶς
577 1953 624 1979 καὶ
650 1952 816 1989 Ἡρακλείτῳ
839 1954 900 1988 φαί-

112 2008 202 2027 νεται·
218 2000 234 2035 ἤ
247 2000 302 2031 δύο,
316 1999 353 2031 ὡς
368 2000 432 2032 ἴσως
448 2009 490 2032 τις
505 1999 648 2032 ὑπέλαϐεν,
665 2000 681 2035 ἢ
698 2000 744 2026 καὶ⁸
761 2000 845 2027 πολλὰ
855 2000 901 2027 καὶ

112 2046 234 2081 ἄπειρα,
253 2045 289 2077 ὥς
299 2053 370 2072 τισιν
381 2045 470 2077 ἄλλοις
485 2045 583 2077 ἔδοξεν,
608 2045 633 2071 οἳ
650 2044 760 2076 πολλαῖς
781 2045 829 2080 τῆς
844 2044 901 2071 διαι

112 2092 192 2124 νοίας
217 2093 397 2128 παραφοραῖς,
422 2092 469 2119 καὶ
489 2092 623 2124 ποικίλαις
640 2093 788 2127 προφοραῖς
805 2092 902 2127 ὀνομά-

112 2146 172 2163 των
197 2137 246 2173 τὴν
268 2137 322 2164 τῶν
346 2137 414 2164 ὅλων
445 2137 624 2174 ἐπεχείρησαν
656 2137 901 2173 κατακερματίζειν

112 2182 221 2215 οὐσίαν,
237 2182 348 2219 ἄπειρόν
362 2192 403 2215 τε,
428 2184 475 2210 καὶ
494 2184 650 2220 ἀγέννητον,
668 2185 714 2211 καὶ
736 2184 901 2219 ἀπρονόητον

113 2228 304 2261 ὖποτίθενται;
334 2230 366 2256 Οἱ
397 2229 446 2265 μὲν
472 2229 536 2266 γὰρ,
563 2230 681 2266 ἀτόμους
707 2230 901 2266 προσειπόντες

114 2275 243 2311 ἄφθαρτα
255 2284 314 2302 τινα
331 2275 377 2302 κα)⁸
391 2276 559 2312 σμικρότατα
578 2276 701 2312 σώματα,
725 2276 825 2311 πλῆθος
837 2275 901 2303 ἀνά-

114 2320 214 2356 ριθμα,
232 2320 278 2348 καί
294 2330 320 2347 τι
339 2322 438 2357 χωρίον
466 2322 555 2355 κενὸν,
574 2322 686 2357 μέγεθος
711 2323 900 2358 ἀπεριόριστον

113 2366 325 2402 προϐαλόμενοι,
340 2367 439 2400 ταύτας
457 2368 487 2403 δή
506 2376 571 2402 φασι
583 2368 632 2400 τὰς
652 2368 778 2403 ἀτόμους,
790 2367 827 2399 ὡς
840 2367 900 2393 ἐτυ-

112 2420 164 2447 χεν
180 2412 210 2438 ὲν
227 2412 265 2448 τῷ
278 2413 348 2448 κενῷ
373 2413 537 2448 φερομένας,
567 2413 726 2448 αὐτομάτως
753 2415 782 2438 τε
799 2420 900 2447 συμπι-

953 1745 1082 1772 Adversus
1102 1744 1243 1778 Epicureos
1254 1764 1261 1775 ,
1280 1745 1362 1779 quiet
1378 1743 1575 1770 Providentiam
1594 1743 1730 1777 tollebant,

1013 1787 1037 1807 et
1053 1780 1196 1807 individuis
1211 1779 1362 1814 corporibus
1378 1780 1498 1806 universa
1515 1779 1673 1806 tribuebant.

987 1861 1083 1888 Utrum
1097 1868 1180 1887 unum
1197 1864 1238 1887 est
1250 1864 1330 1894 atque
1344 1864 1435 1894 aptum
1447 1866 1479 1885 ex
1491 1866 1550 1886 sese
1563 1859 1730 1890 universum,

951 1907 989 1934 uti
1015 1906 1093 1934 nobis
1114 1905 1325 1940 Graecorumque
1350 1904 1557 1939 sapientissimis
1576 1904 1681 1931 Platoni
1704 1909 1731 1931 et

951 1952 1125 1988 Pythagora,
1153 1951 1250 1978 Stoicis
1271 1955 1298 1978 et
1315 1950 1448 1977 Heraclito
1474 1950 1597 1983 videtur;
1615 1958 1649 1977 an
1666 1951 1730 1982 duo,

952 1997 1187 2035 quemadmodum
1195 1996 1263 2024 forte
1277 2004 1330 2023 non
1345 2003 1424 2023 nemo
1439 1995 1578 2031 cogitarit;
1596 2003 1629 2022 an
1647 1995 1732 2023 multa

953 2045 1043 2079 potius
1067 2044 1188 2078 adeoque
1211 2041 1332 2073 inﬁnita,
1357 2047 1387 2069 ut
1410 2042 1470 2069 aliis
1495 2042 1656 2076 quibusdam
1675 2042 1733 2076 pla-

953 2090 1028 2123 cuit,
1054 2090 1100 2124 qui
1117 2089 1239 2124 pluribus
1254 2089 1351 2115 mentis
1364 2088 1517 2121 erroribus,
1542 2096 1574 2115 ac
1588 2088 1669 2115 variis
1685 2096 1732 2123 ap-

952 2136 1128 2171 pellationum
1143 2135 1247 2168 formis,
1265 2135 1383 2162 universi
1398 2138 1521 2161 naturam
1536 2134 1687 2170 distrahere
1700 2142 1733 2162 ac

952 2183 1072 2210 lacerare
1095 2182 1196 2214 conati,
1223 2182 1356 2208 inlinitum
1370 2181 1434 2208 illud
1449 2188 1526 2214 esse,
1550 2184 1610 2207 ortu
1628 2188 1732 2213 carere,

953 2235 1002 2255 nec
1025 2228 1080 2254 ullo
1103 2226 1282 2254 Providentiae
1300 2226 1412 2253 consilio
1434 2225 1489 2260 regi
1512 2225 1681 2252 voluerunt?
1700 2224 1732 2251 lli

953 2274 1026 2300 enim
1049 2277 1153 2300 atomos
1163 2293 1170 2305 ,
1197 2273 1351 2306 incorrupta
1366 2270 1488 2306 quadam
1503 2270 1655 2306 exiguaque
1670 2278 1732 2297 cor-

951 2319 1081 2354 puscula,
1099 2325 1266 2352 numeroque
1282 2317 1386 2344 inﬁnita
1408 2316 1599 2350 nominantes,
1624 2324 1733 2350 unaque

953 2366 1069 2401 spatium
1082 2364 1192 2400 aliquod
1209 2371 1322 2391 vacuum
1336 2383 1343 2395 .
1360 2371 1410 2390 nec
1425 2362 1487 2390 ullis
1503 2362 1602 2390 ﬁnibus
1615 2361 1732 2389 circum-

953 2411 1082 2446 scriptum
1097 2411 1266 2442 invehentes,
1292 2414 1396 2436 atomos
1412 2408 1471 2435 illas
1487 2408 1621 2441 dictitant,
1637 2408 1689 2435 hoc
1704 2406 1732 2434 iu

153 2489 210 2525 (‘26)
234 2490 292 2517 Τὸν
314 2490 417 2524 λόγον,
444 2489 502 2523 τὴν
524 2489 646 2524 γνῶσιν.
673 2488 827 2516 Posteriora
843 2489 898 2517 duo

951 2488 1001 2516 tris
1014 2487 1209 2525 fragmentum,
1226 2476 1558 2525 Eusebiantendiligentiae
1569 2483 1731 2525 beneficium

112 2526 200 2553 verba
216 2526 394 2560 expungenda
417 2530 491 2555 sunt.
514 2525 614 2560 quippe
636 2532 696 2559 qua:
709 2532 899 2560 sensumrper-

113 2561 238 2592 turbant,
254 2559 355 2587 ’nec’in
376 2559 530 2592 Mazarino,
553 2559 703 2586 Fuketiano
723 2567 756 2586 ac
772 2559 898 2586 Medicam

114 2596 210 2623 codice
224 2596 358 2630 leguntur.
376 2595 459 2622 Porro
471 2602 519 2629 per
538 2594 666 2630 ἑκάτερον
682 2594 899 2630 Myovintelligit

113 2629 263 2665 Dionysius
279 2630 323 2657 τὸν
342 2630 491 2657 ἐνδιάθετον
507 2630 554 2657 καὶ
567 2630 611 2657 τὸν
621 2629 792 2665 προφορικὸν
804 2629 897 2663 λόγον,

114 2667 143 2694 id
159 2670 202 2692 est
216 2665 346 2692 rationem
358 2665 457 2700 quaein
475 2670 564 2692 mente
580 2665 717 2692 recondita
732 2668 783 2697 est,
798 2669 826 2700 et
839 2672 899 2698 qua:

115 2708 245 2728 sermone
261 2699 405 2735 profertur.
421 2699 477 2727 Hoc
488 2704 540 2732 est,
554 2700 627 2734 quod
642 2700 782 2734 subjungit
795 2699 898 2735 Diony-

114 2737 187 2768 sius,
204 2735 249 2762 τόν
261 2734 291 2762 τε
308 2736 355 2770 τῆς
377 2735 513 2770 γνώσεως,
527 2736 572 2762 τόν
593 2744 621 2761 τε
637 2736 684 2770 τῆς
699 2736 834 2770 φράσεως,
853 2734 899 2770 Sic

115 2772 191 2799 enim
208 2769 388 2798 scribendum
399 2775 440 2798 est
457 2778 490 2797 ex
511 2771 604 2797 codice
622 2769 703 2803 Med.,
718 2769 798 2802 Fuk.,
814 2769 897 2796 Savil.

115 2812 144 2833 et
167 2805 248 2837 Μελ..
264 2810 372 2841 11011111
387 2806 468 2841 vulgo
492 2805 605 2840 legitur,
626 2805 671 2832 τόν
687 2805 780 2841 τεμτῆς
793 2805 898 2841 σοφίας,

116 2842 162 2868 τόν
177 2849 207 2867 τε
221 2841 270 2875 τῆς
286 2840 420 2874 γνώσεως,
433 2836 535 2874 absque
549 2836 604 2867 ullo
618 2848 709 2866 sensu.
722 2836 820 2875 Vates:
831 2836 837 2838 ⁷
849 2873 863 2875 _
885 2836 891 2843 ³

152 2876 209 2912 (27)
223 2873 360 2909 Πὸτέρον,
372 2884 398 2902 κ.
419 2884 443 2901 τ.
459 2873 714 2903 λίΡυιεΙιοΠὶιηυω
733 2875 783 2903 hoc
802 2873 831 2902 S.
849 2873 900 2901 Pa-

949 2528 1015 2551 est:
1032 2519 1086 2558 quo
1109 2522 1229 2557 alioqui,
1251 2526 1348 2556 prater
1369 2521 1419 2548 alia
1443 2522 1571 2558 pleraque
1587 2519 1731 2558 sapientis-

953 2558 1015 2586 simi
1034 2554 1085 2585 νὴῆ
1099 2554 1276 2589 monimenta,
1294 2554 1459 2583 careremus.
1475 2554 1658 2582 νιῦεκ.-Α(1
1673 2554 1730 2581 hac

952 2598 1080 2629 excerpta
1109 2592 1273 2629 Dionysiana
1300 2592 1343 2629 sic
1366 2590 1535 2629 proloquitur
1563 2589 1729 2629 Eusebius}

955 2638 964 2654 ι
982 2624 1059 2656 Nune
1072 2627 1148 2662 juvat
1168 2624 1201 2654 e'x
1225 2626 1345 2662 Dionysii
1359 2624 1497 2662 episcopi,
1515 2624 1732 2662 hominis‘Chri-

951 2658 1281 2698 stianam'philosophiam
1295 2658 1428 2698 'professi,
1445 2658 1525 2695 opere
1541 2660 1613 2698 quod
1631 2658 1669 2686 De
1683 2667 1732 2698 ηα-

952 2704 1012 2726 tura
1026 2694 1198 2732 conscripsit;
1216 2694 1312 2732 panca'
1325 2697 1445 2732 qmcdam
1458 2694 1482 2732 fe
1499 2694 1591 2722 multis
1605 2702 1664 2732 qua:
1681 2694 1729 2720 atl-

951 2741 1046 2761 versus
1068 2730 1224 2767 Epicurum‘
1243 2733 1379 2765 disputat,
1405 2730 1731 2767 sul)jungere._Ttrrem

950 2769 1009 2803 ejus
1023 2765 1159 2803 ipsissima
1173 2768 1286 2803 perlege.
1304 2777 1312 2791 1
1331 2766 1473 2803 Inscriptio
1495 2773 1559 2803 vero
1580 2765 1730 2803 Eusebiaua

951 2800 986 2830 ita
1000 2800 1124 2831 se'hahet
1139 2811 1145 2828 :
1163 2800 1284 2828 ’Ᾱπὸτῶν
1301 2801 1370 2834 Περὶ
1386 2801 1504 2833 φύσεως
1521 2800 1657 2826 Διονυσίου
1672 2801 1732 2827 ἐπι-

951 2839 1052 2865 σκόπου
1076 2837 1283 2872 Ἀλεξανδρείας.
1301 2836 1342 2862 15.1;
1355 2836 1474 2870 Dionysii
1488 2835 1662 2863 Alexandrini
1678 2836 1734 2868 epi-

950 2874 1021 2907 scopi
1036 2874 1110 2900 libri:
1123 2873 1160 2900 De
1175 2878 1280 2899 natura.
1297 2872 1380 2898 (iam.
