3966 6206
569 296 700 356 δεδι

1541 302 1601 357 S.
1640 298 1934 357 DlONYSll
1970 297 2273 356 EPISCOPI
2310 300 2774 358 ALEXANDRINI

3635 307 3781 363 {252

566 429 741 470 vacuo
770 422 968 469 temere
992 415 1119 470 dum
1145 416 1389 472 feruntur
1407 459 1423 485 ,
1453 417 1580 473 dum
1609 434 1739 475 casu
1763 430 1979 491 propter
2008 421 2100 475 im-

2216 419 2452 483 πτούσας
2485 420 2737 492 ἀλλήλαις
2765 420 2852 476 διά
2877 419 3055 493 ῥύμην
3076 422 3329 489 ἄτακτον,
3361 424 3453 477 καὶ
3478 425 3784 495 συμπλεκο-

562 516 722 575 petus
748 508 1201 576 perturbationem
1230 512 1348 565 alia:
1370 526 1492 566 cum
1520 512 1645 568 aliis
1682 522 2032 576 concurrunt,
2059 528 2123 568 ac

563 608 786 671 propter
816 599 1165 669 multiplicem
1194 602 1420 671 ﬁguram
1452 603 1590 657 inter
1615 618 1734 658 sese
1762 604 2121 659 commiscen-

2229 509 2392 580 μένας
2424 509 2513 563 διὰ
2538 511 2596 564 τὸ
2619 510 2982 582 πολύσχημον,
3031 510 3272 582 ἀλλήλων
3299 512 3778 584 ἐπιλαμϐάνεσθαι,

2223 601 2318 653 καὶ
2350 600 2489 653 οὕτω
2513 600 2601 653 τόν
2623 617 2683 654 τε
2712 600 2912 672 κόσμον
2944 601 3038 654 καὶ
3081 602 3151 655 τά
3175 604 3234 656 ὲν
3264 603 3431 673 αὐτῷ,
3494 605 3693 675 μᾶλλον
3724 607 3782 660 δὲ

566 699 676 752 tur,
713 705 836 743 cum
861 691 1263 759 apprehendere
1293 701 1483 747 mutuo
1510 708 1650 758 sese,
1680 701 1792 746 tum
1824 692 1969 747 hunc
1991 707 2100 761 quo

2222 692 2455 762 κόσμους
2480 691 2735 763 ἀπείρους
2790 692 3086 748 ἀποτελεῖν.
3133 694 3348 763 Ταύτης
3388 694 3444 748 δὲ
3496 695 3596 766 τῆς
3623 696 3780 766 δόξης

563 795 670 849 que
716 779 975 835 mundum
1003 823 1016 845 ,
1065 797 1292 852 quaeque
1344 783 1461 852 ipso
1510 786 1853 838 continentur
1894 786 2115 852 omnia,

564 870 675 924 imo
722 888 849 926 vero
894 873 1124 927 mundos
1152 875 1314 928 etiam
1362 875 1601 930 inﬁnitos
1632 874 1857 930 edicere.
1917 876 2031 931 Hac
2061 875 2117 930 in

560 963 826 1017 sententia
872 962 1136 1033 Epicurus
1187 963 1632 1036 Democritusque
1686 966 1884 1021 versati
1938 976 2113 1022 sunt:

561 1053 663 1108 ltoc
693 1069 799 1108 uno
822 1053 1153 1122 discrimine,
1187 1057 1331 1125 quod
1360 1055 1626 1126 Epicurus
1652 1056 1904 1112 minimas
1928 1072 2116 1113 omnes

555 1154 769 1199 atomos
788 1186 804 1209 ,
835 1161 1079 1214 quasque
1107 1156 1390 1215 propterea
1434 1163 1627 1202 sensus
1650 1164 1757 1202 non
1788 1148 2113 1217 attingeret;

559 1233 899 1290 Democritus
932 1237 1222 1290 nonnullas
1263 1238 1449 1291 saltem
1495 1239 1761 1293 maximas
1790 1254 1909 1293 esse
1937 1240 2111 1293 vellet.

555 1326 825 1381 Caeterum
852 1326 1157 1382 individuas
1191 1329 1309 1382 illas
1337 1336 1387 1381 et
1413 1328 1517 1383 dici
1548 1339 1601 1383 et
1625 1344 1767 1395 esse,
1792 1337 2008 1398 propter
2034 1329 2116 1382 in-

557 1416 926 1469 dissolubilem
953 1432 1139 1470 earum
1164 1416 1495 1481 ﬁrmitatem,
1520 1428 1745 1487 uterque
1776 1417 1948 1470 docet.
1974 1415 2114 1470 Sunt

559 1518 770 1571 tamen,
796 1506 888 1577 qui
916 1516 1224 1562 atomorum
1256 1509 1473 1563 nomine
1500 1524 1724 1579 corpora
1755 1507 1999 1578 quaedam
2031 1508 2115 1561 in-

558 1602 841 1673 telligunt,
895 1618 1014 1671 quae
1056 1603 1299 1671 partibus
1325 1611 1544 1657 careant
1572 1603 1686 1671 ipsa
1721 1600 1968 1670 quidem,
2007 1599 2114 1654 sint

554 1702 736 1745 tamen
770 1691 1005 1745 universi
1036 1702 1246 1761 partes;
1302 1707 1366 1747 ex
1398 1693 1596 1762 quibus
1620 1734 1635 1756 ,
1669 1691 1954 1745 individua:
1987 1706 2109 1745 cum

556 1783 698 1848 sint,
748 1782 976 1837 conﬂata
1021 1784 1253 1852 primum
1288 1784 1504 1847 omnia,
1538 1783 1593 1837 in
1635 1783 1849 1838 easdem
1895 1796 2111 1852 quoque

556 1875 940 1929 dissolvantur.
984 1873 1207 1941 llarunt,
1237 1884 1396 1945 prout
1420 1876 1665 1945 partibus
1692 1883 1906 1939 carent,
1937 1874 2113 1928 nomi-

2232 782 2547 855 Ἐπίκουρος
2597 784 2847 851 γεγόνασι
2895 784 2987 837 καὶ
3034 785 3390 857 Δημόκριτος·
3444 787 3694 841 τοσοῦτον
3723 789 3779 842 δὲ

2217 872 2574 944 διεφώνησαν,
2626 875 2748 928 ὅσον
2771 877 2799 928 6
2831 875 2947 945 μὲν,
2980 875 3264 946 ἐλαχίστας
3314 877 3513 942 πάσας,
3570 880 3666 931 καὶ
3688 880 3777 933 διὰ

2217 962 2375 1016 τοῦτο
2407 962 2851 1033 ἀνεπαισθήτους·
2881 965 2909 1016 6
2935 963 2992 1017 δὲ
3011 965 3364 1037 Δημόκριτος,
3399 968 3495 1021 καὶ
3519 967 3775 1037 μεγίστας

2216 1050 2356 1108 εἷναί
2384 1071 2533 1118 τινας
2564 1054 2798 1125 ἀτόμους
2826 1054 3114 1110 ὐπέλαὸεν.
3157 1056 3418 1127 Ἀτόμους
3437 1057 3493 1110 δὲ
3525 1054 3660 1111 εἷναί
3683 1076 3775 1127 (ξα-

2218 1160 2299 1196 σιν
2332 1145 2648 1216 ἀμφότεροι,
2681 1144 2775 1199 καὶ
2825 1144 3073 1214 λέγεσθαι
3118 1146 3208 1201 διὰ
3257 1148 3354 1219 τὴν
3397 1149 3589 1204 ἄλυτον
3621 1154 3772 1222 στερο

2218 1236 2435 1306 ρότητα.
2469 1238 2531 1289 Oi
2560 1236 2638 1301 δὲ,
2669 1237 2766 1301 τὰς
2789 1238 3023 1307 ἀτόμους
3054 1239 3150 1309 μὲν
3174 1240 3559 1310 ὀνομάσαντες,
3593 1242 3771 1313 ἀμερῆ

2217 1328 2379 1394 φασὶν
2406 1324 2542 1381 εἶναι
2569 1326 2812 1398 σώματα,
2844 1328 2936 1380 τοῦ
2964 1329 3160 1393 παντὸς
3196 1330 3357 1402 μέρη,
3392 1333 3447 1397 ἐξ
3494 1325 3569 1385 ὧν
3602 1333 3770 1387 ἀδιαι-

2218 1421 2388 1490 ρέτων
2415 1420 2581 1474 ὄντων
2638 1421 2939 1474 συντίθεται
2992 1420 3060 1474 τὰ
3094 1423 3288 1487 πάντα,
3323 1424 3417 1477 καὶ
3460 1428 3541 1490 εἰς
3583 1427 3618 1480 ἃ
3656 1427 3768 1479 δια-

2214 1512 2418 1571 λύεται.
2453 1514 2563 1566 Καὶ
2584 1514 2786 1567 τούτων
2832 1514 2961 1582 φασὶ
2986 1514 3093 1566 τῶν
3120 1515 3339 1586 ἀμερῶν
3390 1519 3767 1588 όνοματοποεὸν

2210 1604 2472 1674 Διόδωρον
2525 1605 2822 1673 γεγονέναι·
2877 1604 3045 1676 δνομα
3102 1608 3180 1667 δὲ.
3214 1608 3394 1677 φασὶν,
3430 1610 3617 1674 αὐτοῖς
3644 1611 3764 1666 ἄλλο

2225 1694 2573 1765 Ἡρακλείδης
2632 1694 2886 1766 θέμενος,
2932 1697 3184 1750 ἐκάλεσεν
3237 1699 3463 1766 ὄγκους,
3529 1703 3659 1772 παρ’
3703 1695 3761 1756 οὗ

2145 1748 2186 1802 Β
2213 1748 2307 1837 καί
2354 1748 2746 1855 Ἀσκληπιάδης
2801 1748 2850 1834 ὁ,

2217 1889 2295 1944 μα
2328 1872 2458 1944 (28).

554 1966 639 2019 nis
674 1974 949 2019 auctorem
980 1963 1183 2020 faciunt
1216 1964 1507 2021 Diodorum
1539 1984 1553 2019 :
1587 1980 1680 2020 eas
1703 1981 1849 2030 vero,
1881 1965 1988 2019 alio
2012 1963 2252 2029 nomine,
2276 1960 2490 2034 ὖγκους,
2520 1963 2622 2019 hoc
2666 1973 2749 2020 est
2794 1964 2956 2020 male:
2977 2005 2993 2032 ,
3041 1981 3138 2022 seu
3180 1968 3433 2037 pondera,
3454 1966 3765 2025 Heraclides

552 2060 794 2127 vocabat,
810 2060 949 2130 quod
984 2075 1178 2115 nomen
1202 2061 1271 2115 ab
1297 2076 1362 2117 eo
1384 2060 1727 2132 Asclepiades
1757 2060 1999 2117 medicus
2024 2059 2279 2129 suscepit.

1293 2154 1360 2211 II.

552 2267 743 2321 Rerum
779 2269 914 2323 inter
938 2268 1177 2343 homines
1200 2270 1791 2343 uulgariumexemplis,
1821 2272 2104 2343 Epicureo-

1002 2355 1117 2391 rum
1144 2338 1332 2409 dogm‘a
1361 2340 1636 2410 refellitur.

620 2452 725 2518 Qut
762 2453 974 2507 tandem
1025 2454 1274 2510 homines
1302 2457 1436 2511 istos
1464 2455 1733 2525 feramus,
1783 2458 1911 2525 dum
1940 2473 2102 2528 opera

514 2574 521 2581 ο
549 2544 827 2613 sapientiae
852 2545 1007 2613 plena
1031 2584 1047 2610 ,
1081 2560 1252 2614 eoque
1277 2547 1394 2616 ipso
1419 2548 1558 2602 bona
1582 2587 1597 2612 ,
1648 2563 1777 2604 casu
1812 2549 1952 2605 facta
1982 2563 2102 2604 esse

546 2636 776 2692 dicunt?
800 2653 923 2707 quae
945 2646 996 2692 et
1026 2638 1237 2709 singula
1270 2640 1522 2707 seorsim,
1552 2648 1606 2695 et
1632 2639 1793 2697 simul
1828 2642 2098 2706 universa,

544 2730 594 2780 ei
627 2727 784 2796 cujus
833 2729 1015 2782 omnia
1053 2728 1211 2798 jussu
1240 2731 1590 2795 exstiterant,
1624 2731 1764 2787 bona
1820 2729 1932 2786 sint
1958 2731 2093 2788 visa.

557 2818 701 2871 Vidit
727 2818 884 2883 enim,
904 2820 1100 2888 inquit,
1128 2818 1264 2873 Deus
1297 2830 1483 2875 cuncta
1504 2838 1621 2892 qua:
1645 2824 1837 2892 fecerat
1863 2838 1883 2877 :
1912 2833 1959 2876 et
1984 2838 2097 2877 ecce

549 2912 682 2964 bona
706 2912 854 2965 valde
882 2911 948 2968 ¹⁸.
1008 2910 1328 2983 Quanquam
1390 2929 1457 2969 ne
1500 2915 1694 2983 pusilla
1739 2913 1958 2984 quidem
2006 2914 2097 2967 illa

545 3002 785 3070 cogitant
832 3002 1136 3072 vulgarium
1186 3004 1429 3073 exempla
1476 3019 1681 3067 rerum,
1734 3019 1963 3073 quorum
1995 3004 2095 3074 ipsi

547 3094 758 3147 monitu
803 3094 985 3148 doceri
1036 3094 1273 3161 possint,
1322 3094 1581 3163 quidquid
1623 3094 1889 3162 ejusmodi
1931 3104 2015 3149 est
2042 3103 2101 3149 ut

546 3182 758 3237 fructus
804 3184 1007 3252 aliquid
1037 3191 1089 3238 et
1121 3185 1372 3237 utilitatis
1397 3184 1615 3249 aﬂ‘erat,
1665 3185 1715 3239 id
1761 3200 1870 3240 non
1899 3195 2100 3241 temere

544 3289 612 3327 ac
641 3274 757 3327 sine
783 3274 962 3328 studio
983 3273 1121 3337 ﬁeri,
1144 3274 1235 3327 sed
1270 3273 1448 3342 potius
1474 3273 1658 3329 solerti
1683 3290 1942 3329 manuum
1976 3290 2101 3344 ope-

548 3380 607 3418 ra
636 3380 794 3418 suum
826 3380 889 3419 ac
919 3364 1195 3434 proprium
1243 3364 1295 3417 in
1346 3380 1501 3419 usum
1533 3365 1801 3419 elaborari
1834 3384 1846 3420 :
1872 3374 1928 3419 at
1957 3366 2096 3421 idem

544 3456 709 3511 simul
753 3463 918 3525 atque
967 3455 1307 3511 fructuosum
1336 3464 1390 3510 et
1416 3455 1755 3511 commodum
1800 3471 1921 3512 esse
1963 3456 2099 3511 desi-

548 3549 646 3615 nit,
673 3548 811 3603 solvi
842 3547 1123 3611 continuo,
1155 3557 1210 3602 et
1233 3546 1457 3603 confuse
1478 3547 1765 3603 admodum
1791 3563 1857 3603 ac
1885 3557 2099 3617 pertur-

541 3641 668 3695 bate
690 3638 978 3708 dissipari,
1014 3647 1198 3708 utpote
1220 3639 1366 3708 quod
1396 3654 1456 3693 ea
1486 3654 1595 3694 non
1624 3639 1857 3710 amplius
1885 3641 2098 3710 sapien-

490 3727 497 3733 ’
540 3732 615 3787 tia
641 3730 798 3801 cujus
833 3731 1009 3801 ipsum
1040 3739 1163 3785 ante
1189 3746 1320 3786 cura
1340 3731 1714 3799 conservabat,
1751 3740 2010 3788 tractetur
2033 3749 2098 3788 ac

538 3832 775 3894 regatur.
815 3823 892 3877 lta
920 3823 1320 3890 vestimentum,
1347 3839 1445 3879 nec
1477 3825 1727 3889 stamine,
1747 3825 1951 3895 absque
1977 3834 2095 3881 tex-

541 3916 673 3969 toris
704 3930 890 3979 manu,
920 3930 977 3969 se
1010 3915 1128 3985 ipso
1158 3915 1511 3983 consistente,
1544 3931 1642 3971 nec
1671 3917 2008 3988 subtegmine
2037 3932 2097 3973 se

538 4007 716 4075 ipsum
750 4006 892 4061 ultro
920 4007 1095 4061 eidem
1121 4008 1427 4077 implicante
1460 4008 1787 4077 pertexitur;
1827 4010 1983 4079 cujus
2013 4018 2094 4065 ta-

538 4114 686 4163 men,
715 4099 808 4153 ubi
839 4098 1212 4168 disrumpitur,
1260 4099 1434 4153 lacera
1469 4099 1595 4154 hinc
1626 4099 1750 4154 inde
1779 4098 1946 4155 frusta
1982 4101 2093 4155 dis-

532 4190 626 4261 jici
670 4191 873 4246 videas.
933 4189 1007 4244 lta
1053 4206 1175 4246 cum
1223 4189 1417 4245 domus
1467 4197 1560 4243 aut
1601 4192 1731 4246 urbs
1777 4191 2090 4255 aediﬁcatur,

534 4297 643 4336 non
668 4282 868 4351 lapides
895 4281 1114 4351 excipit,
1133 4282 1267 4336 alios
1297 4281 1350 4334 in
1382 4281 1729 4336 fundamenta
1752 4292 1939 4351 sponte
1956 4284 2088 4339 sub-

531 4374 788 4441 sidentes,
832 4373 968 4429 alios
1019 4374 1264 4444 superius
1298 4374 1348 4426 in
1384 4382 1670 4428 structurae
1706 4374 1913 4429 corium
1946 4376 2087 4431 ultro
2119 4392 2163 4446 ι)

534 4467 915 4531 subvolantes;
969 4466 1062 4520 sed
1094 4466 1418 4520 architectus
1467 4468 1520 4518 ln
1551 4480 1706 4518 suum
1740 4480 1982 4536 quosque
2009 4468 2089 4523 lo-

535 4571 659 4610 cum
693 4554 900 4609 delatos
950 4562 1072 4624 apte
1119 4556 1487 4624 concinneque
1514 4554 1769 4623 disponit.
1826 4556 1893 4609 At
1935 4568 2087 4627 post-

533 4660 695 4714 quam
725 4645 948 4699 subruta
983 4655 1085 4711 est,
1110 4647 1295 4701 ubiubi
1336 4664 1495 4703 casus
1526 4646 1726 4709 tulerit,
1762 4646 1954 4718 singuli
1979 4651 2088 4707 dis-

526 4738 656 4806 jecti
687 4736 888 4805 passim
920 4746 1226 4807 temereque
1250 4739 1450 4809 jacent.
1492 4741 1564 4796 lta
1594 4742 1722 4798 dum
1750 4746 1902 4799 navis
1934 4760 2086 4799 como

530 4829 799 4899 pingitur,
833 4843 944 4881 non
970 4844 1027 4884 se
1060 4830 1230 4899 ipsam
1264 4833 1447 4887 carina
1474 4836 1775 4899 submittit,
1826 4851 1934 4891 non
1967 4852 2084 4890 ma-

528 4922 614 4978 lus
646 4922 702 4976 in
732 4921 908 4976 medio
937 4930 1142 4977 rectum
1174 4939 1293 4978 sese
1337 4927 1504 4993 tollit,
1557 4945 1663 4983 non
1708 4930 1851 4999 ligna
1895 4939 2085 4987 czetera

598 5057 642 5087 “
670 5055 802 5111 Gen.
841 5072 880 5120 ι,
911 5055 999 5110 51.

595 5189 707 5259 (9.8)
736 5192 1222 5260 Ἐκληρονὸμησε
1246 5191 1310 5245 τὸ
1338 5191 1540 5262 ὄνομα.
1579 5194 1671 5249 His
1699 5206 1876 5250 autem
1904 5199 2086 5255 relatis

524 5261 706 5335 subdit
728 5262 998 5335 Eusebius
1026 5279 1036 5312 :
1071 5261 1449 5335 Ταῦτ’-εἰπὼν,
1483 5264 1607 5335 ἑξῆς
1641 5268 1996 5331 ἁνασκευάζει
2025 5269 2084 5323 τὸ

523 5329 696 5407 δόγμα
723 5331 807 5407 διὰ
835 5332 1062 5407 πολλῶν,
1085 5332 1222 5407 ἀτάρ
1242 5332 1297 5384 δὲ
1319 5333 1403 5407 διᾲ
1430 5329 1650 5407 τούτων.
1680 5337 1804 5390 Haec
1832 5329 2083 5407 praifatus

528 5400 850 5469 (Dionysius)
885 5402 1073 5477 multis
1095 5400 1330 5477 deinceps
1366 5404 1458 5456 hoc
1487 5406 1671 5477 dogmq
1704 5400 1969 5477 confutat',
1998 5409 2086 5462 itt-

525 5477 701 5542 terque
731 5481 936 5542 caetera,
969 5473 1130 5525 verbis
1154 5490 1267 5542 qua:
1292 5473 1597 5542 sequuntur.
1634 5475 1794 5532 GALL.

734 5540 895 5593 Ἀλλ’
924 5542 1064 5623 οὐδὲ
1092 5539 1209 5623 ἀπε)
1240 5539 1625 5623 τῶκμικρῶν.
1653 5547 1849 5623 l_)_eesse
1885 5554 2084 5623 aliquid

525 5608 736 5678 videtur
775 5626 787 5660 :
831 5612 1067 5677 pendent
1108 5613 1250 5678 enim
1300 5608 1431 5678 ista,
1483 5608 1584 5670 nec
1629 5617 1736 5670 ullo
1774 5624 1937 5677 verbo
1972 5608 2081 5678 'l'ul-

523 5674 757 5730 ciuntur.
795 5674 934 5737 Ouid
977 5682 1020 5734 si
1061 5682 1116 5743 ἐξ
1146 5677 1219 5736 ὧν
1253 5686 1395 5751 quod
1420 5674 1557 5740 'ntox
1587 5674 2081 5747 sequiturit—oller—c-

2950 2155 3024 2209 B'.

2308 2298 2315 2306 ·
2390 2270 2520 2325 Ἀπὸ
2551 2268 2668 2324 τῶν
2697 2270 2765 2323 ὲν
2792 2267 3122 2336 ἀνθρώποις
3149 2266 3619 2339 ὑποδειγμάτων.

2278 2453 2403 2517 Πῶς
2431 2451 2606 2506 αὐτῶν
2655 2451 3031 2523 ἀνασχώμεθα,
3081 2452 3289 2524 τυχηρὰ
3316 2453 3589 2520 λεγόντων
3635 2452 3760 2509 εἶναι

2208 2543 2586 2615 συμπτώματα
2624 2542 2690 2595 τὰ
2740 2541 2897 2611 σοφὰ,
2958 2541 3050 2594 καὶ
3085 2542 3170 2594 διὰ
3216 2542 3373 2595 τοῦτο
3408 2544 3481 2595 τὰ
3512 2545 3655 2598 καλά
3678 2546 3760 2616 δη-

2209 2636 2627 2707 μιουργήματα;
2655 2628 2729 2687 ῶν
2756 2632 2982 2685 ἕκαστόν
3014 2649 3071 2685 τε
3114 2633 3235 2686 καθ’
3275 2635 3430 2688 ἑαυτὸ
3455 2638 3758 2708 γενόμενον,

2204 2726 2357 2798 ὤφθη
2386 2725 2463 2797 τῷ
2487 2723 2843 2797 προστάξαντι
2867 2723 3114 2792 γενέσθαι
3147 2725 3329 2789 καλὸν,
3348 2728 3443 2781 καὶ
3468 2729 3763 2802 συλλήϐδην

2203 2816 2400 2887 ὁμοίως
2436 2818 2667 2870 ἅπαντα.
2699 2810 2837 2868 Εἷδε
2867 2814 2997 2882 γὰρ,
3030 2816 3210 2885 φησὶν,
3236 2820 3269 2870 ό
3317 2818 3462 2884 Θεὸς
3482 2820 3557 2872 τὰ
3578 2821 3767 2874 πάντα

2203 2910 2320 2965 ὅσα
2345 2910 2621 2975 ἐποίησε,
2657 2906 2757 2962 καὶ
2791 2904 2917 2959 ἰδοὺ
2948 2907 3103 2960 καλὰ
3143 2909 3301 2963 λίαν.
3345 2909 3487 2962 Ἀλλ’
3520 2913 3644 2965 οὐδὲ
3667 2914 3767 2966 ἀπὸ

2202 3003 2305 3058 τιῖιν
2340 3002 2545 3074 μικρῶν
2575 3000 2683 3071 (29)
2723 3000 2829 3054 τῶν
2852 3001 3115 3070 συνήθων,
3142 3002 3235 3054 καὶ
3267 3002 3419 3074 παρὰ
3454 3005 3628 3068 πόδας
3653 3024 3766 3059 νου-

2202 3091 2493 3145 θετούντων
2544 3090 3016 3161 παραδειγμάτων,
3065 3089 3123 3155 ἐξ
3154 3084 3228 3143 ὧν
3256 3089 3516 3147 δύνανται
3561 3095 3766 3165 μανθά-

2202 3198 2333 3246 νειν,
2366 3182 2445 3233 ὅτι
2477 3178 2727 3250 χρειῶδες
2757 3179 2853 3248 μὲν
2886 3179 2982 3231 καὶ
3028 3181 3162 3251 πρὸς
3191 3181 3460 3250 ὠφέλειαν
3489 3184 3655 3254 ἔργον
3682 3187 3764 3238 οὐ-

2199 3272 2285 3325 δὲν
2329 3270 2778 3341 ἀνεπιτηδεύτως,
2840 3271 2961 3324 οὐδὲ
3005 3272 3764 3345 συμϐατικῶς-ἀπεργάζεται,

2200 3359 2335 3414 ἁλλά
2367 3357 2868 3431 χειρουργούμενον,
2889 3361 2969 3424 εἰς
2996 3360 3092 3431 τὴν
3117 3360 3432 3431 πρέπουσαν
3463 3364 3767 3438 ὑπηρεσίαν

2200 3450 2602 3524 καταρτίζεται.
2630 3453 2797 3504 Ὅταν
2826 3450 2883 3504 δὲ
2906 3452 2986 3515 εἰς
3012 3453 3280 3524 ἄχρηστον
3321 3455 3649 3530 μεταπίπτῃ
3679 3461 3768 3514 καὶ

2199 3543 2488 3612 ἀνωφελὲς,
2527 3543 2645 3595 τότε
2699 3541 3046 3613 διαλυόμενον
3103 3544 3369 3615 ἀορίστως
3419 3546 3537 3619 (50)
3573 3553 3670 3604 καὶ
3697 3551 3767 3614 ὡς

2198 3634 2262 3687 ἂν
2289 3632 2425 3703 τύχῃ
2466 3632 2851 3695 διασκίδναται,
2874 3633 2967 3687 ἅτε
3000 3635 3197 3705 μηκέτι
3223 3638 3764 3712 μεταχειριζομένης,

2200 3726 2334 3797 μηδὲ
2356 3724 2740 3796 διαταττούσης
2768 3725 2898 3778 αὐτὸ
2933 3727 3031 3796 τῆς
3065 3726 3275 3795 σοφίας,
3377 3728 3471 3783 τοῦ
3508 3736 3767 3789 συνεστά.

2197 3834 2283 3870 ναι
2316 3816 2472 3870 τοῦτο
2499 3815 2706 3887 ἔμελεν.
2754 3815 2981 3887 Ἰμάτιόν
3013 3834 3072 3871 τε
3109 3818 3237 3890 γὰρ,
3260 3820 3319 3872 οὐ
3346 3823 3521 3892 χωρὶς
3556 3822 3767 3897 ἱστουρ-

2196 3908 2315 3977 γοῦ,
2367 3905 2766 3977 συνισταμένων
2798 3906 2905 3960 τῶν
2928 3908 3228 3979 στημόνων,
3263 3911 3382 3964 οὐδὲ
3427 3914 3533 3985 τῆς
3561 3916 3766 3986 κρόκης

2195 4001 2512 4071 αὐτομάτως
2569 3998 3125 4072 παρεμπλεκομένης,
3165 4002 3552 4071 ἀνυφαίνεταιο
3612 4011 3664 4061 εί
3714 4010 3765 4061 δὲ

2194 4091 2567 4163 κατατριὸείη,
2597 4091 2664 4144 τὰ
2692 4090 3016 4145 λακισθέντα
3039 4093 3437 4166 διαρριπτεῖται
3481 4101 3653 4170 ῥάκη,
3681 4102 3764 4154 οἱ.

2194 4183 2284 4235 κία
2310 4200 2369 4234 τε
2397 4182 2823 4253 ἀνοικοδομεῖται
2881 4187 2977 4238 καὶ
3005 4186 3179 4249 πόλις,
3227 4187 3287 4238 οὐ
3320 4188 3449 4250 τούς
3480 4191 3585 4259 μέν
3615 4208 3760 4253 τινας

2191 4272 2454 4343 δεχομένη
2488 4272 2754 4342 θεμελίοις
2801 4274 3226 4345 αὐτομολοῦντας
3263 4275 3462 4339 λίθους,
3526 4283 3659 4344 τοὺς
3707 4280 3759 4334 δὲ

2192 4363 2575 4434 ἀναπηδῶντας
2616 4366 2695 4427 εἰς
2725 4364 2822 4426 τάς
2849 4366 3119 4430 ἐπιϐολάς,
3176 4367 3309 4420 ἀλλά
3345 4368 3493 4421 κατά
3517 4369 3707 4441 χώραν
3732 4373 3759 4423 6

2191 4452 2499 4524 τοιχοδόμος
2529 4455 2651 4517 τούς
2683 4453 2933 4516 εὐθέτους
2975 4456 3244 4527 ἐπιφέρει·
3289 4461 3757 4533 καταρριφθείσης

2191 4543 2271 4607 δὲ,
2293 4542 2368 4606 ὡς
2397 4542 2461 4596 ἂν
2483 4543 2737 4614 παρείκῃ,
2784 4543 3129 4613 κατενεχθεὶς
3186 4546 3411 4610 ἕκαστος
3441 4548 3753 4619 ἀπεσφάλη.

2191 4635 2302 4688 Καὶ
2329 4631 2874 4702 κατασκευαζομένης
2903 4630 3058 4695 νεὼς,
3094 4633 3192 4704 οὐχ
3217 4637 3250 4706 ἡ
3280 4633 3379 4705 μέν
3410 4654 3497 4700 τις
3523 4638 3756 4691 ὑπέϐαλε

2190 4725 2277 4779 λεν
2312 4726 2508 4797 ἑαυτὴν
2566 4724 2777 4796 τροπὶς,
2812 4724 2840 4774 ὁ
2894 4722 2951 4775 δὲ
2990 4724 3130 4777 κατὰ
3180 4726 3348 4797 μέσην
3384 4729 3583 4781 ἑαυτὸν
3617 4730 3756 4792 ίστὺς

2187 4815 2431 4886 ὤρθωσε,
2471 4816 2564 4868 καὶ
2597 4814 2705 4868 τῶν
2731 4815 2901 4868 ἄλλων
2953 4814 3180 4870 ἕκαστον
3227 4815 3417 4880 ξύλων,
3451 4818 3522 4887 ἣν
3567 4819 3753 4889 ἔτυχεν

2187 4905 2246 4971 ἐξ
2268 4906 2457 4960 ἑαυτοῦ
2483 4906 2628 4959 θέσιν
2660 4905 2977 4961 κατέλαϐεν.
3001 4906 3136 4961 Οὐδὲ
3162 4907 3230 4961 τὰ
3264 4907 3539 4979 λεγόμενα
3559 4911 3755 4965 ἑκατὸν

2186 5203 2472 5283 tur?~Quid
2520 5205 2565 5259 si
2596 5216 2719 5283 post
2751 5209 3231 5283 παραδειγμάτων,
3275 5209 3567 5267 adderetur
3598 5215 3752 5283 φιλο·

2185 5273 2452 5354 σρφοῦσιν,
2485 5273 3060 5354 οιῃειίιιυίἀεὶωἰιὶέἳ
3103 5273 3242 5354 Quid
3294 5283 3361 5345 si,
3397 5287 3544 5354 quod
3576 5273 3753 5354 magis

2219 5343 2376 5409 Iacet,
2439 5343 2824 5402 νουθετοῦντων
2874 5343 3177 5405 mutaretur
3229 5352 3282 5406 in
3336 5343 3755 5408 νουθετοῦντάιῖ

2230 5429 2372 5470 ιςεῐι.

2250 5484 2495 5558 (δοχεῖς
2540 5486 2653 5554 τὴν
2682 5490 3032 5556 πρέπουσαν
3168 5491 3483 5558 ἀορίστως.
3532 5490 3660 5546 Ηωε
3693 5492 3752 5546 in

2178 5553 2321 5634 edita
2341 5555 2527 5609 Colon.
2554 5553 2879 5634 _(_Lipsiepsi)
2913 5562 3108 5628 partim
3146 5553 3346 5617 temere
3371 5553 3604 5630 omissa,
3629 5579 3753 5634 pan-

2178 5622 2273 5680 tim
2308 5625 2488 5681 luxata
2518 5620 2716 5683 videas.
2749 5620 2913 5683 om.
